3982 6438
233 264 283 326 Gl
1230 266 1308 325 ΙΝ
1334 266 1492 325 CAN.
1523 264 1666 323 XIII
1699 263 1906 327 CONC.
1950 267 2323 326 CARTHAG.
3349 263 3424 325 63-

233 373 380 442 πρίων
408 373 711 442 ἐκκλησίας,
744 374 778 443 ἢ
807 373 916 428 κᾶν
939 376 1036 443 τὴν
1070 374 1302 434 πλείονα,
1331 371 1631 440 εὐχερείας,
1670 371 1760 422 καὶ

1874 371 2160 439 allegaruot
2181 384 2235 426 et
2257 389 2514 428 canonem
2538 373 2607 426 20
2635 373 2913 442 praesentis
2933 374 3120 443 synodi
3146 383 3200 427 et
3227 374 3322 438 ης
3343 384 3417 438 et,

233 464 380 515 ταῦτα
407 463 571 530 οὔσης
595 463 723 531 πρὸς
768 463 960 526 τοῦτο,
996 465 1087 516 καὶ
1117 463 1203 515 διὰ
1251 463 1310 514 τὸ
1359 462 1433 530 μὴ
1461 463 1550 512 τὸν
1578 462 1762 527 ἀρχιε-

234 552 482 602 πίσκοπον
516 553 769 604 ἐπέκεινα
795 548 940 604 εἶναι
968 553 1063 620 τῆς
1090 551 1384 612 δωδεκὰδος
1405 550 1512 601 τῶν
1538 548 1759 599 ἐπισκό-

233 656 351 702 πων,
379 640 510 692 ὀλλὰ
538 642 709 711 ταύτῃ
742 643 938 694 τοῦτον
963 640 1386 708 συνυπάγεσθαι.
1433 640 1766 707 Ἐχρήσαντο

1870 463 2117 526 quamvis
2138 465 2402 518 dixissent
2432 463 2669 516 nonnulli
2699 463 2799 517 hoc
2829 463 2896 516 de
2938 463 3067 518 solis
3091 463 3423 532 presbyteris

1870 558 1924 599 et
1971 550 2211 604 diaconis
2267 553 2468 606 dictqu
2525 567 2664 615 esse,
2727 561 2908 604 tamen
2940 566 3046 604 non
3099 560 3222 605 sunt
3261 564 3425 605 exau-

1870 637 1985 691 diti.

230 730 276 781 εέ
307 732 435 798 πρὸς
453 731 605 784 τοῦτο
633 735 727 785 καὶ
755 734 836 801 τῷ
872 739 920 784 κ’
950 732 1133 784 κανόνι
1163 733 1258 797 τῆς
1292 730 1572 796 παρούσης
1603 725 1844 784 συνόδου,
1881 729 1977 779 καὶ
2010 731 2084 797 τῷ
2120 733 2197 786 ιδ’.
2233 735 2348 786 Κᾶν
2379 751 2522 796 τινες
2584 735 2641 788 δέ
2703 730 2856 787 εἷπον
2920 735 3040 787 τότε
3089 734 3168 796 είς
3234 733 3427 802 μόνους

233 826 607 891 πρεσϐυτέρους
668 831 764 879 καὶ
826 828 1106 888 διακόνους
1159 825 1317 876 τοῦτο
1362 821 1762 890 ἐκφωνηθῆναε,
1802 817 2040 874 ἀλλὀὐκ
2071 828 2522 896 είσηκούσθησαν.

296 917 522 970 ΖΩΝΑΡ.
556 918 618 969 Οἱ
659 917 953 968 ἐπίσκοποι
989 915 1452 984 κατηγορούμενοι
1486 911 1634 977 παρὰ
1660 908 1768 957 τῶν

233 1010 425 1060 οίκείων
456 1010 689 1059 συνόδων
719 1008 1040 1076 ὡρίσθησαν
1068 1007 1365 1074 κρίνεσθαι.
1404 1005 1530 1054 Ἐὰν
1559 1003 1614 1053 δὲ
1649 1004 1770 1052 ἐπι-

235 1101 413 1151 σκόπου
443 1101 534 1150 ἐπὶ
560 1099 867 1165 ἐγκλήματι
895 1098 1372 1164 κατηγορουμένου
1396 1095 1648 1162 δυσχερὲς
1679 1091 1765 1158 εἴη

232 1191 358 1241 πάνυ
383 1189 508 1255 ὅλην
546 1190 646 1256 τὴν
680 1188 901 1240 σύνοδον
930 1187 1223 1249 συνελθεῖν,
1250 1187 1282 1256 ἢ
1314 1187 1438 1245 τοὺς
1491 1183 1764 1244 πλείονας,

228 1281 430 1339 δὼῖεκα,
462 1282 617 1347 φησὶ,
646 1281 1037 1348 συνερχόμενοι
1057 1280 1344 1330 ἐπίσκοποι
1368 1274 1766 1339 ἐξεταζέτωσαν

229 1371 314 1438 τὴν
344 1349 622 1432 ὕπόθέσιν,
685 1370 772 1422 ἵνα
825 1369 900 1439 μὴ
941 1371 968 1421 ό
1025 1368 1417 1438 κατηγορηθεὶς
1473 1365 1767 1425 ἐπίσκοπος

228 1461 480 1527 ἁπομείνῃ
515 1462 575 1510 ἐν
600 1459 677 1527 τῷ
725 1460 1058 1528 ἐγκλήματι,
1090 1459 1364 1510 τουτέστιν
1401 1459 1490 1509 ἵνα.
1527 1458 1622 1523 μὴ,
1656 1455 1766 1522 ἀμ-

227 1550 421 1613 φίϐολος
445 1549 544 1611 ὧν,
580 1551 980 1617 καταφρονοὶτο
1015 1550 1120 1602 ὑπὸ
1145 1549 1240 1602 τοῦ
1272 1549 1364 1600 ὑπ’
1397 1548 1559 1599 αὑτὸν
1609 1544 1763 1608 λαοῦ,

225 1639 287 1697 ὡς
310 1641 408 1690 ὑπὸ
439 1640 779 1706 κατηγορίαν
814 1637 913 1692 ὢν.
950 1639 1328 1707 Πρεσδυτέρου
1356 1637 1411 1688 δέ
1448 1650 1764 1702 κατηγορη-

1943 911 2194 968 ZONAIL
2231 917 2540 985 Episcopos,
2567 917 2656 984 qui
2685 926 3033 977 accusantur,
3059 931 3086 967 a
3123 931 3216 969 sua
3241 931 3427 983 quem-

1869 1017 1975 1070 q-ue
2036 1007 2235 1072 synodo
2261 1008 2488 1072 judiCari
2524 1008 2803 1060 decretum
2828 1016 2931 1059 est.
2975 1005 3124 1071 Quod
3161 1007 3204 1059 si
3252 1008 3427 1059 delato

1869 1095 2165 1160 cuiuspiam
2193 1099 2424 1163 episcopi
2469 1100 2706 1156 nomine.
2742 1107 2833 1149 aut
2866 1112 3052 1149 omnes
3075 1097 3139 1146 ad
3164 1097 3422 1163 synodum

1871 1195 1961 1235 aut
1990 1185 2168 1251 plures
2221 1198 2366 1241 certe
2423 1189 2714 1241 convenire
2747 1188 3033 1240 admodum
3093 1186 3302 1239 diﬂicile
3332 1188 3425 1248 sit,

1872 1275 2178 1340 duodecim,
2225 1279 2419 1344 inquit,
2456 1280 2688 1346 episcopi
2725 1289 2940 1344 coeant,
2973 1287 3027 1331 et
3058 1293 3273 1330 causam
3311 1268 3430 1342 qua".

1873 1365 1925 1418 in
1975 1367 2236 1433 judicium
2285 1369 2526 1422 defertur
2584 1370 2915 1431 examinem,
2977 1382 3046 1420 ne
3093 1368 3144 1420 in
3205 1367 3430 1419 crimine

1872 1467 2156 1510 accusatus
2179 1458 2463 1525 cpiscopus
2489 1461 2710 1520 haereat.
2735 1460 2784 1512 id
2814 1469 2914 1521 est,
2941 1473 3010 1511 ne
3025 1456 3150 1509 dum
3182 1456 3429 1522 ambigua

1871 1544 1986 1613 ejus
2021 1549 2329 1602 innocentia
2365 1557 2468 1614 est,
2504 1559 2760 1618 tanquam
2797 1547 3128 1602 accusationi
3161 1546 3426 1599 obnoxius

1871 1653 1900 1690 a
1934 1641 2130 1706 populo
2179 1643 2262 1693 cui
2311 1651 2503 1710 prmest
2539 1641 2893 1710 despiciatur.
2945 1639 3268 1708 Presbytero
3296 1649 3428 1688 vero

225 1728 368 1795 μένου
402 1727 457 1791 ἓξ
485 1730 778 1780 ἐπίσκοποι
806 1729 1027 1780 δικάσαι
1059 1729 1375 1796 ἀρκέσουσι.
1409 1723 1682 1776 Διακόνων
1707 1721 1764 1774 δὲ

1874 1731 1920 1783 in
1955 1731 2212 1798 judicium
2245 1744 2436 1786 vocato
2477 1749 2570 1787 sex
2595 1733 2834 1801 episcopi
2892 1729 3153 1797 judicium
3210 1726 3420 1781 satisfa-

222 1823 288 1880 είς
319 1821 564 1882 ἐξέτασιν
609 1821 803 1886 ὁμοίαν
827 1820 995 1888 τριῶν
1046 1818 1358 1870 ἐπισκόπων
1407 1814 1564 1880 ἱκανὴ
1609 1812 1763 1863 ἔσται

219 1911 515 1976 διάγνωσις.
557 1909 744 1962 Ἐοικε
775 1910 832 1965 δὲ
886 1913 913 1962 ό
943 1908 1122 1961 κανὼν
1177 1902 1327 1968 οὗτος
1387 1903 1766 1959 ἐναντιοῦσθαι

219 2003 285 2068 τῷ
313 2001 352 2052 δ’
374 2001 564 2052 κανόνι
593 1981 694 2067 τῆς
721 2001 780 2052 ἐν
819 1998 1121 2069 Ἀντιοχείᾳ
1143 1996 1359 2050 συνόδου
1384 2011 1397 2026 ·
1427 1996 1486 2056 ὃς
1508 1994 1633 2055 τοὺς
1667 1993 1765 2062 μὲν

219 2092 539 2152 ἐπισκόπους
569 2091 674 2143 ὑπδ
706 2090 943 2142 συνόδων
967 2089 1344 2155 καθαιρεῖσθαι
1378 2104 1533 2155 φησι,
1559 2087 1685 2147 τοὺς
1711 2084 1767 2138 δέ

220 2182 613 2248 πρεσϐυτέρους
644 2181 736 2233 καὶ
763 2179 1052 2240 διακόνους
1079 2179 1181 2230 ὑπὸ
1211 2178 1320 2229 τῶν
1358 2178 1502 2229 ἰδίων
1542 2175 1767 2227 ἐπισκό-

219 2289 342 2323 πων.
376 2273 538 2325 Εἴποι
571 2271 625 2323 δέ
657 2289 739 2332 τις
776 2271 1131 2337 συμσιόἀζων
1154 2270 1281 2330 τοὺς
1302 2269 1579 2328 τοιούτους
1605 2264 1768 2318 κανόε-

219 2379 302 2423 νας
334 2363 411 2414 δτι
441 2363 470 2413 6
502 2362 607 2430 μὲν
629 2362 732 2430 τῆς
761 2363 820 2412 ἐν
855 2361 1154 2430 Ἀντιοχείᾳ
1183 2359 1361 2413 κανὼν
1387 2359 1484 2420 τὰς
1513 2357 1768 2425 ζητήσεις

217 2450 312 2501 τῶν
339 2451 694 2518 κατηγοριῶν
728 2452 840 2502 τῶν
861 2451 1003 2503 κατὰ
1037 2438 1422 2518 πρεσϐυτέρων
1466 2449 1557 2499 καὶ
1582 2447 1766 2499 διακό-

218 2560 310 2593 νων
343 2543 396 2606 ἐξ
424 2542 607 2610 ἀρχῆς
635 2541 715 2610 τῷ
766 2541 1062 2610 ἐπισκόπῳ
1110 2539 1357 2603 ἀνέθετο,
1410 2537 1650 2605 κάκείνῳ
1683 2535 1768 2588 δέ-

216 2636 340 2683 δωκε
375 2631 720 2699 ψηφίζεσθαι
757 2631 890 2700 περὶ
944 2629 1121 2682 αὐτῶν
1145 2646 1158 2660 ·
1191 2633 1219 2682 ό
1245 2631 1302 2681 δέ
1338 2626 1525 2696 παρὼν
1563 2625 1766 2686 κανὼν,

219 2727 260 2772 εί
288 2726 312 2772 ὁ
340 2720 774 2782 καταδικασθεὶς
807 2721 914 2772 ὑπὸ
945 2721 1038 2772 τοῦ
1073 2721 1204 2772 ίδίου
1235 2720 1542 2771 ἐπισκόπου
1599 2719 1768 2769 οἴεται

218 2811 528 2873 ἀδικεῖσθαι,
563 2814 659 2864 ἐπὶ
695 2811 1071 2881 πρεσϐυτέρου
1119 2809 1302 2876 μένηέξ
1329 2808 1664 2867 ἐπισκόπους
1689 2805 1768 2856 δίη

215 2902 329 2954 ἔωσι
358 2902 761 2971 διαγνὼμονας,
786 2903 876 2954 ἐπὶ
898 2901 953 2953 δὲ
983 2901 1438 2978 διικόνουςτριῖς.

212 3077 417 3132 ᾹΡἸΣΤ.
481 3095 502 3129 ι
555 3077 893 3132 Ἑπίσκοπον
929 3075 1286 3143 ἐγκληθέντα,
1322 3073 1418 3127 ἐὰν
1471 3072 1546 3141 μὴ
1588 3070 1766 3125 τελεία

280 3191 297 3222 ι
336 3173 575 3234 σύνοδος,
604 3171 740 3231 τέως
781 3170 989 3222 δώδεκα
1039 3167 1394 3234 ἐπιτηροῦσιν
1434 3165 1726 3218 ἐπίσκοποι
1750 3182 1765 3197 ⁶

276 3281 293 3314 ι
331 3264 423 3314 καὶ
454 3260 834 3328 πρεσϐύτερον
867 3258 945 3320 ἐξ,
980 3259 1072 3309 καὶ
1101 3260 1126 3308 ό
1150 3257 1280 3316 ἴδιος
1307 3272 1322 3286 ο
1374 3255 1469 3306 καὶ
1518 3253 1766 3305 διάκονον

277 3371 294 3402 ι
335 3353 507 3413 τρεῖς.
557 3367 576 3399 ι

272 3443 370 3495 τὸν
420 3442 914 3508 κατηγορούμενον
959 3439 1254 3487 ἐπίσκοπον
1287 3434 1404 3486 δέον
1449 3437 1555 3485 οπο
1585 3432 1766 3499 πάσης

216 3532 478 3601 κρίνεσθαι
528 3532 636 3597 τῆς
675 3528 936 3580 συνόδου·
969 3529 1014 3577 εί
1045 3526 1099 3577 δέ
1133 3525 1340 3584 πάντας
1391 3525 1449 3575 οὐ
1497 3523 1768 3574 συνελθεῖν

213 3624 444 3682 δυνατὴν,
502 3619 663 3688 παρὰ
723 3617 932 3670 δώδεκα
983 3617 1043 3666 τὸ
1097 3614 1378 3681 ἐλάχιστον
1454 3615 1768 3665 ἐπισκόπων

212 3711 470 3778 κρίνεσθαι
499 3727 513 3739 ·
565 3711 665 3760 τὸν
717 3707 774 3760 δέ
817 3706 1190 3775 πρεσϐύτερον
1247 3704 1396 3771 παρά
1445 3703 1524 3767 ἓξ,
1552 3706 1769 3754 καὶτὸν

213 3805 432 3853 διάκονον
458 3797 622 3867 παρά
647 3795 812 3864 τριῶν
838 3810 855 3826 ⁸
887 3795 1196 3862 ὀφείλοντος
1245 3796 1500 3846 ἐπέκεινα
1533 3796 1628 3845 καὶ
1672 3793 1767 3844 τοῦ

213 3886 324 3940 ἰδίου
356 3889 464 3940 τῶν
494 3887 998 3954 κατηγορουμένων
1025 3885 1322 3937 ἐπισκόπου
1371 3886 1762 3954 συμπαρεῖναι,

208 3981 289 4029 καὶ
317 3976 704 4044 σηνεξετάζειν
725 3977 823 4036 τὰς
851 3973 973 4026 κατ’
1003 3974 1180 4026 αὐτῶν
1208 3975 1495 4036 αίτιάσεις.

748 4063 986 4118 ΚΑΝΩΝ
1037 4063 1135 4116 II”.

214 4175 229 4206 ι
272 4158 396 4223 Περὶ
420 4157 518 4210 τοῦ
557 4158 638 4226 μὴ
670 4156 871 4219 ἐξεῖναι
903 4158 1198 4207 ἐπίσκοπον
1231 4157 1277 4208 εί
1309 4157 1381 4224 μὴ
1411 4156 1515 4208 ὑπὸ
1553 4156 1767 4208 πολλῶν

267 4265 286 4297 ι
323 4249 760 4317 χειροτονεῖσθαι
783 4263 798 4277 ο
837 4248 884 4299 εί
913 4247 968 4299 δέ
1001 4247 1212 4315 ἀνάγκη
1249 4247 1497 4316 γένηται,
1529 4250 1622 4298 καὶ
1664 4246 1768 4299 ὑπὸ

271 4357 287 4387 ι
326 4339 490 4402 τριῶν
553 4341 582 4389 ό
644 4339 947 4398 ἐπίσκοπος
1014 4337 1443 4407 χειροτονηθείη.
1502 4337 1847 4420 Αὐρήλιοςι)

271 4447 288 4477 ι
333 4428 640 4488 ἐπίσκοπος
681 4423 842 4477 εἷπε·
889 4426 952 4476 Τί
993 4429 1129 4495 πρδς
1165 4426 1337 4478 ταῦτα
1381 4427 1529 4492 λέγει
1564 4427 1595 4492 ἡ
1630 4428 1767 4492 ὑμε-

273 4539 288 4565 ι
328 4519 461 4585 τέρα
499 4515 830 4584 ἁγιωσύνης
870 4516 1004 4568 Ἀπὸ
1057 4518 1272 4568 πάντων
1308 4518 1416 4568 τῶν
1457 4519 1771 4568 ἐπισκόπων

270 4628 285 4655 ι
323 4609 556 4675 ἐλέχθηο
594 4605 840 4671 Ὀξρείλει
885 4607 1015 4674 παρ’
1046 4605 1203 4673 ἡμῶν
1238 4607 1304 4657 τά
1334 4606 1622 4673 ὁρισθέντα
1668 4605 1772 4657 ὑπὸ

274 4717 289 4743 ι
330 4691 570 4765 τῶν⁹πρὸ
599 4695 764 4763 ἡμῶν
795 4695 1154 4763 φυλαχθῆναισ
1185 4687 1425 4747 ὧντινων
1473 4694 1548 4755 ὡς
1580 4696 1769 4762 ἔτυχεν

274 4806 289 4836 ι
328 4789 660 4855 ἀϐουλήτως
735 4785 784 4836 οἱ
829 4788 1216 4852 ’πρωτεύοντες
1275 4785 1374 4851 τῆς
1433 4785 1772 4853 οἱασδήτινος

268 4895 284 4924 ι
323 4877 599 4944 ἐπαρχίας
648 4873 715 4926 οὑ
762 4874 1141 4940 κατατολμῶσι
1168 4874 1415 4941 ἀμελεῖν.
1445 4875 1635 4926 Πολλοὶ
1679 4874 1771 4926 οὖν

273 4983 288 5014 ι
328 4967 625 5017 ἐπίσκοποι
697 4962 1060 5030 συναχθέντες
1111 4964 1411 5015 ἐπίσκοπον
1464 4965 1772 5032 χειροτονή-

273 5073 287 5100 ι
328 5073 512 5108 σουσιν
541 5071 554 5082 ·
593 5057 648 5107 si.
677 5053 735 5105 δὲ
767 5054 982 5119 ἀνάγκη
1013 5054 1422 5122 γένηται,τρείς
1459 5055 1769 5112 ἐπίσκοποι.

277 5165 292 5192 ι
329 5149 382 5196 ἐν
405 5147 720 5213 οῐῳδήποτε
750 5143 818 5195 ἂν
848 5143 996 5209 τόπῳ
1024 5138 1144 5206 ὦσι,
1173 5143 1251 5212 τῷ
1277 5144 1370 5195 τοῦ
1406 5145 1773 5211 πρωτεύοντος

273 5254 288 5281 ι
329 5237 764 5303 παραγγέλματι
798 5236 1270 5301 χειροτονήσουσιν
1304 5235 1397 5286 τὸν
1445 5237 1764 5287 ἐπίσκοπον.

269 5345 281 5370 ‹
321 5327 421 5376 Καὶ
450 5327 548 5378 ἐάν
573 5342 660 5383 τις
700 5323 758 5372 ἐν
786 5339 895 5373 τινι
925 5323 1214 5391 ἐναντιωθῇ
1243 5326 1306 5390 τῇ
1356 5323 1462 5392 ἰδίᾳ.
1507 5325 1769 5391 ὁμολογίᾳ

274 5435 283 5459 ι
321 5415 439 5482 ῆτῇ
476 5416 812 5480 ὑπογραφῇ,
841 5413 999 5474 αὐτὸς
1039 5415 1226 5466 ἑαυτὸν
1270 5416 1633 5484 ἀποστερήσει
1675 5415 1772 5481 τῆς

275 5519 288 5544 ι
327 5517 498 5567 τιμης.
534 5518 551 5548 ι

273 5587 451 5641 ΒᾹίιΣ.
486 5588 852 5658 Χειροτονίαν
913 5589 1138 5642 ἐνταῦθα
1193 5591 1266 5660 μὴ
1297 5591 1392 5660 τὴν
1425 5593 1766 5661 χειροθεσίαν

1870 1823 2035 1877 cient.
2072 1824 2259 1878 Trium
2296 1839 2458 1894 porro
2489 1827 2869 1894 episcoporum
2917 1821 3153 1889 cognitio
3195 1819 3423 1870 diacono

1869 1927 2085 1967 causam
2112 1915 2306 1968 dicenti
2341 1915 2584 1968 sufficiet.
2617 1914 2847 1966 Videtur
2888 1921 3062 1963 autem
3116 1909 3202 1960 hic
3250 1921 3420 1960 canon

1871 2014 2066 2070 quarto
2121 2005 2468 2056 Antiochena:
2500 2004 2690 2074 synodi
2728 2002 2920 2057 canoni
2979 2012 3298 2065 repugnare.
3331 1995 3423 2047 Ille

1870 2094 2138 2162 siquidem
2176 2095 2488 2160 episcopum
2537 2107 2566 2144 a
2617 2091 2861 2161 synodo,
2905 2087 3251 2157 presbyteros
3305 2095 3430 2133 vero

1870 2194 1924 2237 et
1952 2185 2202 2237 diacanos
2237 2198 2262 2234 a
2294 2198 2394 2236 suo
2422 2198 2688 2250 quemque
2716 2181 2968 2249 episcopo
3007 2174 3204 2244 deponi
3234 2173 3428 2226 debere

1871 2258 2123 2324 afﬁrmat.
2179 2269 2481 2338 Utrumque
2551 2279 2728 2323 tamen
2785 2269 2886 2321 hoc
2946 2276 3104 2334 pacto
3159 2263 3426 2330 quispiam

1870 2361 2180 2416 conciliabit
2206 2376 2222 2426 ;
2265 2361 2731 2414 utAntiocltenum
2756 2372 3018 2412 canonem
3052 2370 3170 2422 quae
3199 2352 3428 2406 crimina

1871 2453 2203 2523 presbyteris
2236 2462 2329 2506 aut
2363 2453 2604 2506 diaconis
2649 2450 2999 2520 objiciuntur,
3024 2462 3212 2501 eorum
3243 2443 3430 2496 crimi-

1873 2559 1998 2599 num
2032 2545 2360 2612 quaastiones
2411 2545 2587 2612 primo
2645 2542 2710 2594 ad
2765 2540 3073 2608 episc'Opum
3133 2535 3428 2604 pertinere,

1873 2635 2045 2702 deque
2076 2635 2142 2688 iis
2170 2633 2438 2687 statuendi
2466 2647 2629 2701 penes
2661 2632 2813 2685 illum
2839 2629 3152 2682 facultatem
3176 2639 3295 2679 esse
3335 2637 3430 2676 vo-

1874 2727 2086 2780 luisse:
2116 2725 2278 2793 hujus
2314 2739 2442 2778 vero
2483 2725 2704 2778 canonis
2746 2721 3156 2782 constitutione,
3206 2717 3247 2769 si
3310 2716 3430 2783 quis

1876 2813 2081 2880 injuste
2131 2828 2189 2866 se
2242 2815 2308 2865 ab
2365 2813 2622 2880 episcopo
2651 2827 2751 2865 suo
2783 2814 3095 2862 damnatum
3138 2815 3429 2874 quzcratur,

1875 2902 2188 2971 presbytero
2219 2901 2433 2968 quidem
2461 2917 2575 2963 sex,
2601 2902 2826 2954 diacono
2855 2915 2983 2953 vero
3017 2910 3126 2951 tres
3148 2897 3430 2964 episcopos

1877 3007 2051 3045 causae
2084 2993 2387 3056 cognitores
2417 2992 2708 3059 praefinitas
2738 3005 2854 3043 esse
2882 2988 3149 3041 defendat.

1872 3083 2031 3153 527
2066 3080 2287 3136 ARIST.
2324 3101 2341 3131 ι
2385 3082 2705 3147 Episcopum
2735 3083 2784 3132 in
2815 3096 2900 3143 ius
2939 3089 3210 3138 vocatum,
3250 3076 3294 3129 si
3324 3091 3426 3128 non

1951 3192 1968 3223 ι
1999 3174 2066 3226 sit
2100 3172 2332 3239 perfecta
2384 3171 2640 3240 synodus,
2673 3170 2950 3222 duodecim
2985 3167 3262 3220 minimum
3317 3167 3429 3232 epi-

1947 3283 1964 3315 ι
1999 3265 2142 3330 scopi
2173 3263 2493 3326 observant;
2544 3274 2596 3313 et
2638 3260 3024 3328 presbyterum,
3085 3272 3177 3310 sex
3215 3263 3264 3308 ct
3305 3271 3429 3323 pro-

1947 3373 1964 3405 ι
2006 3356 2186 3421 prius;
2220 3362 2270 3406 et
2305 3353 2612 3415 diaconum,
2646 3361 2775 3404 tres.
2801 3369 2818 3401 ›

1941 3443 2265 3511 Episcopum
2299 3445 2387 3509 qui
2420 3452 2703 3495 accusatur
2733 3456 2758 3491 a
2794 3450 2902 3493 tota
2951 3439 3179 3506 judicari
3226 3437 3427 3506 synodo

1871 3543 2128 3600 oportet:
2159 3536 2202 3587 si
2233 3548 2418 3587 omnes
2450 3542 2625 3585 autem
2667 3531 2959 3584 convenire
2987 3545 3089 3581 non
3117 3538 3195 3581 cst
3251 3527 3423 3595 possi-

1869 3621 1997 3682 bile,
2051 3634 2080 3671 a
2141 3619 2418 3672 duodecim
2495 3619 2774 3670 minimum
2835 3616 3102 3682 episcOpis
3148 3616 3428 3682 iudicari;

1870 3707 2241 3773 presbyterum
2275 3715 2450 3758 autem
2487 3719 2516 3756 a
2567 3721 2683 3766 sex,
2723 3715 2776 3757 et
2805 3705 3086 3757 diaconum
3130 3717 3157 3754 a
3209 3705 3379 3755 tribus
3415 3722 3427 3754 :

1870 3805 1923 3849 et
1957 3797 2202 3862 proprius
2233 3795 2452 3860 insuper
2476 3805 2850 3846 accusatorum
2897 3797 3180 3860 episcopus
3231 3793 3425 3845 ibidem

1873 3886 2061 3939 adesse
2089 3886 2265 3948 debet,
2295 3893 2347 3937 et
2400 3885 2768 3936 accusationes
2818 3893 3000 3935 contra
3037 3897 3129 3934 eos
3171 3884 3309 3934 latas
3351 3883 3428 3935 si-

1874 3974 1986 4026 mul
2013 3975 2344 4028 examinare.

2461 4154 2688 4210 CANON
2719 4155 2856 4209 XIII.

1878 4261 1896 4293 ι
1932 4243 2084 4308 Quod
2118 4259 2222 4298 non
2281 4244 2406 4298 licet
2460 4246 2766 4312 episcopum
2811 4247 2913 4298 nisi
2957 4261 2983 4298 a
3043 4247 3221 4298 multis
3258 4244 3429 4313 eligi:

1950 4354 1968 4386 ι
2007 4336 2089 4389 εἰη
2123 4346 2301 4389 autem
2347 4351 2566 4390 necesse
2601 4338 2692 4400 sit,
2755 4338 2918 4390 etiam
2960 4339 3040 4389 vel
3073 4353 3099 4388 a
3137 4338 3303 4388 tribus
3331 4336 3464 4387 eli-'

1955 4445 1973 4476 ι
2016 4435 2172 4494 gatur
2229 4427 2535 4492 episcopus.
2607 4429 2853 4482 Aurelius
2913 4428 3196 4495 episcopus
3257 4426 3427 4479 dixit:

1951 4534 1970 4565 ι
2008 4517 2143 4580 Quid
2172 4517 2237 4568 ad
2269 4517 2382 4570 haec
2412 4517 2540 4570 dicit
2577 4526 2752 4570 vestra
2795 4517 3103 4571 sanctitas?
3144 4519 3226 4570 Ab
3259 4517 3432 4568 omni-

1947 4625 1965 4656 ι
2005 4608 2102 4659 bus
2145 4606 2408 4673 episcopis
2467 4607 2668 4660 dictum
2719 4617 2802 4661 est
2851 4623 2864 4660 :
2910 4606 3165 4660 Veterum
3231 4615 3430 4660 statuta

1950 4717 1968 4747 ι
2003 4697 2201 4750 debent
2229 4713 2256 4748 a
2292 4697 2450 4750 ttobis
2505 4698 2705 4752 servari
2734 4716 2746 4750 :
2780 4712 2898 4766 quae
2947 4699 3160 4766 quidem
3224 4707 3425 4750 temere

1951 4805 1970 4837 ι
2008 4797 2061 4839 et
2117 4787 2434 4850 inconsulte,
2486 4789 2575 4854 qui
2625 4787 2676 4840 in
2709 4786 2897 4854 quavis
2926 4788 3196 4855 provincia
3232 4786 3430 4853 prima-

1951 4897 1969 4928 t
2004 4888 2110 4930 tum
2174 4878 2436 4938 obtinent,
2496 4893 2605 4930 non
2664 4877 2864 4931 audent
2926 4876 3428 4944 ncgligere.{Multi

1953 4987 1971 5018 ι
2006 4980 2134 5034 ergo
2188 4968 2491 5035 congregati
2570 4968 2804 5035 cpisc0pi
2853 4966 3161 5034 episc0pnm
3214 4967 3429 5032 eligeut.

1951 5079 1968 5109 ‹
2008 5059 2100 5111 Sin
2132 5057 2636 5111 atttem’necessitas
2699 5058 2996 5118 incumbat,
3032 5066 3142 5111 tres
3171 5057 3428 5124 episcOpi,

1951 5169 1970 5200 ι
2010 5150 2061 5200 in
2134 5163 2456 5216 quocunque
2529 5148 2646 5200 loco
2711 5148 2931 5209 fuerint,
2986 5149 3229 5216 primatis
3275 5148 3426 5215 jussu

1953 5257 1970 5288 ι
2011 5239 2208 5306 eligent
2251 5240 2584 5304 episcopum.
2607 5235 2673 5288 Et
2700 5237 2746 5290 si
2779 5237 2897 5304 quis
2939 5238 2988 5287 in
3025 5237 3203 5303 aliquo
3235 5248 3421 5288 contra

1951 5347 1970 5378 ι
2007 5329 2274 5395 prapriart
2316 5327 2710 5381 confessionem
2738 5328 2817 5381 vel
2853 5328 3300 5393 subscriptiOuem
3351 5329 3427 5380 fe-

1955 5440 1971 5468 ι
2009 5421 2160 5482 cet‘it,
2191 5417 2302 5486 ipse
2339 5417 2571 5486 seipsum
2606 5417 2810 5471 honore
2838 5418 3086 5485 privabit.

1948 5594 2136 5650 BALS.
2165 5595 2510 5662 Χειροτονεαν
2539 5609 2636 5648 uoc
2675 5611 2727 5649 ιιι
2763 5609 2901 5658 ιοςο,
2938 5610 3037 5648 non
3093 5606 3187 5661 pro
3242 5607 3423 5662 χειρο-
