3982 6438
554 284 621 343 δτι
1780 281 2048 341 TIIEOD.
2095 281 2490 341 DALSAMON
3195 305 3198 308 ι
3657 263 3735 323 64

552 390 726 460 θεσία,
755 394 807 444 id
844 403 941 450 cst.
992 408 1242 447 manuum
1272 394 1606 462 impositione
1641 402 1690 444 et
1729 394 2081 454 ordinatione,

2211 393 2274 443 ςαὶ
2313 392 2642 459 καθιέρωσιν
2691 388 2920 459 νοήσεις,
2961 385 3094 440 ἀλλὰ
3142 383 3237 455 τὴν
3271 383 3470 452 ψῆφον.
3502 378 3628 430 Ὀτι
3671 389 3741 427 τι

552 494 645 530 seu
699 485 1097 535 consecratione
1152 485 1500 545 intellexeris,
1538 485 1628 538 sed
1675 499 1769 552 pro
1799 485 2082 536 electione.

2211 481 2336 531 051:0
2367 480 2688 547 παρίσταται
2719 478 2824 530 ἀπὸ
2857 475 2948 528 τοῦ
2975 475 3153 535 τέλους
3178 474 3275 525 τοῦ
3306 471 3527 532 κανόνος
3556 469 3737 536 διορι-

553 566 679 618 Nam
719 579 769 621 et
796 571 892 622 hoc
932 586 994 623 ex
1027 572 1128 624 fine
1158 575 1374 628 canonis
1418 575 1732 637 ostenditur,
1776 587 1882 641 quo
1929 587 2086 626 cave-

2211 568 2432 638 ῖομένου,
2462 565 2835 634 καθαιρεῖσθαι
2892 563 2980 616 τὸν
3027 565 3092 630 τῇ
3128 560 3235 630 ἰδίᾳ
3290 558 3578 626 ὑπογραφῇ
3639 554 3742 641 καὶ

553 663 658 716 tur,
693 667 748 707 ut
779 658 1074 725 deponatur
1101 663 1408 732 episcopus,
1466 667 1554 730 qui
1597 640 2085 732 contraipropriam

2211 657 2441 725 ιμολογία
2471 654 2872 720 ἐναντιούμενον
2917 652 3228 709 ἐπίσκοπον,
3279 648 3400 716 ἥτις
3439 640 3743 732 ὑπογραφὴ

551 747 994 812 subscriptionem
1047 761 1099 804 et
1134 753 1519 807 confessionem
1576 755 1783 818 fecerit,
1818 770 1932 822 qute
1957 756 2087 808 sub-

2211 747 2247 797 ιύ
2282 747 2482 813 γίνεται
2536 746 2612 804 είς
2663 742 2990 812 χειροτονίαν
3021 741 3155 809 ’ήτοι
3197 738 3548 805 καθιέρωσιν,
3599 730 3746 822 ἀλλ-ὰ

554 838 771 905 scriptio
804 855 906 891 non
945 842 1000 896 fit
1047 842 1110 894 ad
1161 843 1547 897 ordinationem
1582 845 1692 898 sive
1734 847 2087 899 consecratio-

2221 837 2264 897 ίς
2289 836 2464 902 ψῆφον
2490 850 2503 862 ·
2543 833 2630 885 καὶ
2679 834 2758 884 ὅτι
2789 831 2881 882 τοῦ
2917 827 3271 881 ἀποστολικοῦ
3318 826 3538 893 πρώτου
3570 819 3742 898 κανό-

551 937 689 984 nem,
725 927 842 986 sed
894 929 955 979 ad
1003 931 1310 983 electionem
1368 949 1381 983 :
1443 945 1496 985 et
1531 935 1675 1001 quia,
1733 951 1854 988 cum
1883 938 2086 1003 primus

2211 942 2273 983 to;
2346 919 2711 989 διοριζομένου
2777 915 3195 986 χειροτονεῖσθαι
3258 914 3554 964 ἐπίσκοπον
3627 908 3781 960 ὑπὸ·

551 1028 722 1066 canon
757 1019 1077 1081 apostolicus
1117 1030 1308 1074 statuat
1338 1026 1645 1089 episeOpum
1679 1042 1705 1075 a
1740 1027 1944 1079 duobus
1969 1041 2086 1079 esse

2219 1013 2497 1066 πισκόπων
2527 1011 2640 1074 δύο,
2671 1010 2828 1076 εἴπερ
2877 1005 3228 1070 ἐκλαὸὠμεθα
3257 1005 3354 1070 τὴν
3385 999 3742 1069 χειροτονίαν

550 1103 809 1169 episcopis
858 1109 1228 1169 ordinandum,
1266 1112 1306 1163 si
1354 1114 1688 1179 χειροτονίαν
1743 1130 1837 1181 pro
1872 1116 2088 1169 ordina-

2211 1108 2265 1166 ,ξς
2297 1102 2647 1171 χειροθεσίαν.
2673 1100 2914 1164 δόξοιμεν
2936 1097 3114 1161 λέγειν
3146 1092 3364 1145 ἐναντία
3403 1090 3480 1159 τῷ
3513 1089 3750 1156 ῥηθέντι

553 1190 696 1241 tione
723 1191 823 1245 hoc
864 1195 911 1244 in
954 1195 1067 1248 loco
1098 1201 1477 1265 acceperimus,
1530 1203 1667 1255 dicto
1724 1206 1912 1257 canoni
1962 1219 2087 1257 eon-

2211 1193 2391 1244 ιανόνι.
2422 1189 2524 1242 Τοῦ
2573 1189 2627 1240 δὲ
2686 1188 2724 1238 δ’
2774 1186 2989 1246 κανόνος
3046 1185 3142 1250 τῆς
3175 1184 3231 1233 ἐν
3262 1183 3466 1248 Νικαίᾳ
3512 1179 3752 1248 πρώτης

553 1271 714 1329 traria
778 1282 953 1335 dicere
1002 1285 1364 1341 adtnlttemus.
1424 1290 1556 1343 Cum
1607 1303 1782 1345 autem
1831 1309 1999 1346 canon
2056 1295 2088 1346 4

2211 1281 2404 1332 ιυνόδου
2455 1276 2958 1345 παρακελευομένου
3008 1275 3112 1324 ὑπὸ
3164 1273 3380 1324 πάντων
3413 1270 3521 1322 τῶν
3557 1272 3744 1336 ἐπαρο

551 1366 738 1431 ρτὶηιω
794 1368 1014 1423 Nieaenze
1066 1377 1248 1441 synodi
1291 1378 1475 1443 jubeat
1525 1381 1810 1434 electiones
1857 1384 1923 1434 ab
1975 1399 2090 1436 om-

2211 1370 2396 1437 [ιωτῶν
2452 1367 2804 1421 καθίστασθαι
2861 1363 2956 1426 τας
3005 1363 3252 1429 ψήφουςο
3303 1361 3349 1412 εί
3385 1348 3442 1412 δὲ
3475 1357 3752 1426 δυσχερὲς

553 1456 706 1508 nibus
782 1460 1193 1524 provincialibus
1247 1467 1519 1532 constitui,
1591 1470 1670 1521 sin
1735 1479 1907 1522 autem
1989 1473 2092 1525 hoc

2211 1458 2343 1509 τοῦτό
2373 1459 2504 1519 ἐστι,
2532 1457 2679 1524 τρεῖς
2722 1457 2814 1507 ἐπὶ
2854 1453 2914 1505 τὸ
2963 1453 3095 1505 αὐτὸ
3141 1446 3760 1538 συνάγεσθαιίσυμψέή-

559 1546 628 1598 cit
658 1547 868 1600 diflleile
897 1559 1002 1604 tres
1043 1553 1196 1604 simul
1263 1560 1591 1624 congregari,
1624 1560 1844 1626 reliquis
1879 1577 2092 1628 quoque

2211 1564 2304 1613 ρων
2329 1546 2626 1613 γινομένων
2654 1536 3107 1616 διαγραμμᾴτων
3146 1541 3238 1590 καὶ
3271 1539 3378 1591 τῶν
3405 1537 3632 1598 λοιπῶν,
3660 1536 3755 1598 ὡς

561 1648 649 1698 per
696 1635 903 1688 litteras
959 1640 1265 1707 suffragium
1323 1643 1630 1707 ferentibus,
1701 1650 2088 1716 metropolitani

2211 1636 2356 1696 ἱοικε,
2399 1634 2541 1695 τινὲς
2595 1632 2982 1701 μητροπολῖται
3028 1629 3269 1699 (τούτους
3313 1632 3420 1696 γὰρ
3456 1629 3485 1678 ό
3538 1626 3746 1692 παρὼν

555 1722 788 1785 quidam.
816 1733 872 1776 ut
893 1738 973 1779 est
1014 1731 1297 1785 verisimile
1327 1735 1443 1800 (eos
1470 1737 1612 1788 enim
1645 1753 1879 1804 praesens
1922 1753 2092 1792 canon

2211 1723 2372 1777 ιανὼν
2400 1721 2772 1790 πρωτεύοντας
2811 1720 3074 1787 ἐπαρχίας
3099 1717 3271 1784 καλεῖ)
3310 1717 3409 1767 οὐκ
3440 1716 3760 1781 ἐφύλαττον

553 1810 806 1873 primates
827 1818 1107 1880 provincia:
1124 1824 1316 1887 vocat),
1337 1838 1437 1875 non
1463 1825 1818 1879 observabant
1841 1842 2095 1882 canones.

2211 1814 2259 1865 τὰ
2281 1813 2372 1864 τοῦ
2406 1811 2811 1872 κανόνος.”Οθεν
2828 1812 2918 1861 καὶ
2944 1808 3146 1876 ὡρίσθη
3167 1807 3311 1876 παρὰ
3331 1806 3438 1857 τῶν
3462 1806 3761 1884 Πατέρεον,

553 1897 704 1953 Unde
764 1913 814 1956 et
854 1921 882 1958 a
931 1905 1173 1962 Patribus
1231 1914 1504 1968 definitum
1565 1925 1671 1978 est,
1720 1927 1776 1969 ut
1832 1933 1859 1970 a
1916 1919 2096 1971 multis

2211 1900 2299 1953 51:0
2323 1899 2526 1952 πολλῶν
2557 1899 2872 1951 ἐπισκόπων
2905 1897 3147 1962 γίνεσθαι
3175 1895 3272 1954 τὰς
3299 1895 3516 1962 ψήφους
3544 1911 3557 1924 °
3594 1895 3642 1946 εί
3693 1894 3762 1946 δὲ

550 1991 812 2057 episcopis
841 1996 1024 2049 ﬂerent
1052 2000 1340 2056 electiones
1371 2021 1384 2056 :
1421 2007 1503 2058 sin
1547 2017 1721 2060 autem
1751 2009 1848 2061 hoc
1879 2025 1982 2061 non
2010 2011 2080 2064 sit

2211 1991 2293 2042 n'nt
2349 1989 2462 2040 ἐστι
2494 1988 2650 2040 τοῦτο
2705 1986 2946 2053 εὐχερὲς,
2997 1984 3055 2049 ἐξ
3109 1985 3350 2050 ἀνάγκης
3400 1983 3503 2034 ὑπὸ
3551 1981 3757 2049 τριῶν,

553 2077 693 2132 factu
736 2081 911 2146 facile,
970 2093 1269 2144 necessario
1307 2109 1332 2144 a
1384 2095 1570 2158 tribus,
1629 2099 1716 2165 qui
1755 2099 1944 2151 debent
1974 2114 2093 2153 cum

2211 2078 2515 2144 5φείλόντων
2551 2077 2687 2144 μετὰ
2722 2074 2977 2142 εῑδήσεως
3019 2073 3111 2124 καὶ
3141 2071 3440 2158 ἐπιτροπῆς
3469 2071 3564 2123 τοῦ
3593 2071 3762 2139 πρῶ-

555 2169 775 2224 κοὶεηιῑο
810 2183 859 2226 et
907 2179 1257 2240 permissione
1292 2185 1444 2246 primi
1495 2200 1586 2237 seu
1621 2190 2014 2256 metropolitani
2043 2191 2093 2241 in

2211 2187 2330 2232 του,
2379 2169 2543 2236 ήγουν
2622 2166 2715 2217 τοῦ
2785 2162 3215 2232 μητροπολίτου,
3274 2161 3634 2229 συνέρχεσθαι
3695 2161 3766 2211 ἐν

557 2276 871 2330 quocunque
925 2268 1041 2321 loco
1074 2275 1378 2328 convenire.
1431 2274 1484 2328 Si
1525 2279 1648 2345 quis
1702 2292 1878 2334 autem
1909 2297 2092 2336 eorum

2211 2254 2465 2329 ιξῳδήτινι
2514 2257 2684 2325 τόπῳ.
2736 2256 2866 2307 Ἐὰν
2923 2254 2980 2306 δέ
3031 2271 3116 2315 τις
3179 2252 3288 2304 τῶν
3347 2248 3765 2319 ψηφισαμένων

553 2352 641 2415 qui
662 2353 711 2404 in
744 2357 1000 2410 electione
1030 2361 1276 2430 suﬂragia
1307 2367 1563 2420 dederunt
1603 2379 1784 2422 contra
1829 2374 2095 2439 propriam

2211 2350 2491 2417 ἐναντιωθῇ
2525 2351 2587 2416 τῇ
2631 2347 2732 2415 ἰδίᾳ
2771 2345 3055 2413 ὑπογραφῇ
3084 2384 3100 2409 ,
3133 2343 3608 2409 καθαιρεθήσεται.
3641 2339 3768 2439 iiut

555 2440 997 2510 subscriptionem
1060 2429 1265 2514 fecerit,
1329 2456 1636 2520 deponetnr.
1681 2429 1841 2513 Acin'
1869 2429 1950 2515 his
1978 2462 2095 2528 qni-

2211 2445 2225 2494 5
2276 2441 2373 2508 μὲν
2423 2438 2599 2491 κανὼν
2651 2439 2706 2488 ἐν
2767 2436 2991 2497 τούτοις.
3032 2435 3184 2498 Τινδς
3246 2434 3301 2486 δὲ
3353 2429 3767 2501 μητροπολίτου

553 2531 674 2583 dem
711 2536 956 2588 consistit
1015 2555 1205 2596 canon.
1241 2543 1372 2596 Cum
1425 2558 1601 2601 autem
1634 2552 1846 2617 quidam
1898 2564 2097 2605 metro-

2211 2531 2531 2589 ιίτιαθέντος
2577 2528 2730 2590 ποτὲ,
2761 2529 2832 2590 ὡς
2885 2527 2958 2596 μὴ
3015 2524 3150 2593 μετὰ
3183 2522 3539 2592 ἐπαρχιωτῶν
3585 2521 3766 2573 αὑτοῦ

555 2622 820 2680 politauus
879 2623 1061 2679 fuiss'et
1108 2631 1396 2698 aliquando
1448 2612 1752 2701 aceusatus,
1800 2641 1940 2705 quod
1991 2655 2096 2694 non

2211 2619 2572 2688 Met-transiret)
2620 2620 2938 2680 ἐπίσκοπον,
2969 2615 3102 2668 ἀλλὰ
3149 2615 3288 2685 μετὰ
3339 2612 3767 2682 μητροπολιτῶν

553 2724 672 2761 cum
731 2715 840 2766 suis
887 2718 1299 2780 provincialibus
1349 2724 1649 2789 episcopum
1700 2727 1968 2796 elegisset,
2004 2732 2095 2783 sed

2211 2711 2490 2775 Βιαγόντων
2523 2711 2598 2772 είς
2643 2711 2741 2778 τὴν
2767 2711 2871 2761 τῶν
2909 2709 3115 2759 πόλεων
3149 2705 3563 2774 βασιλεύουσαν,
3592 2703 3773 2772 ἐχρή-

553 2814 674 2851 eum
715 2808 1133 2867 tnetmpolitanis
1162 2849 1176 2872 ,
1229 2813 1315 2877 qui
1355 2814 1402 2863 iu
1456 2814 1635 2880 regina
1671 2816 1881 2869 urbium
1923 2833 2098 2871 versa-

2211 2802 2360 2854 σαντό
2387 2819 2552 2865 τινες,
2587 2803 2724 2868 ὑπὲρ
2766 2799 2929 2854 αὒτοῦ
2975 2800 3223 2864 λέγοντες
3260 2798 3337 2865 τῷ
3381 2797 3612 2866 παρόντι
3655 2813 3775 2850 κα·-

556 2890 783 2955 Ιιαιιιιινς
819 2894 1029 2959 quidam
1075 2910 1388 2964 praesentem
1422 2917 1674 2958 canonem
1703 2922 1798 2973 pro
1841 2923 1907 2961 eo
1932 2909 2098 2961 addu-

2211 2895 2309 2945 νόνι
2335 2909 2348 2922 ·
2386 2893 2477 2944 καὶ
2507 2889 2658 2942 εὶπον
2687 2891 2783 2952 ὡς,
2817 2891 2867 2941 εἰ
2894 2891 2989 2941 καὶ
3026 2889 3132 2940 ἀπό
3163 2887 3256 2941 τοῦ
3304 2889 3345 2941 δ’
3393 2889 3616 2948 κανόνος
3659 2887 3774 2952 τῆς

552 2978 742 3030 (ebant
799 2998 811 3032 :
864 2992 916 3032 et
976 2985 1226 3038 dicebant
1281 2992 1445 3055 quod,
1500 2995 1703 3046 etiamsi
1755 3010 1816 3046 ex
1893 3012 2094 3049 canone

2211 2984 2258 3033 ἐν
2287 2981 2487 3049 Νικαίᾳ
2520 2980 2742 3046 πρώτης
2775 2979 2989 3029 συνόδου
3023 2977 3236 3043 ἀνάγκη
3265 2977 3412 3027 ἐστὶν
3445 2975 3549 3026 ὑπὸ
3581 2977 3768 3043 ἐπαρ-

2123 1684 2167 1741 Β

550 3068 584 3119 4
640 3070 824 3133 primm
883 3076 1065 3143 synodi
1121 3075 1348 3131 Nicmnte
1397 3096 1613 3135 necesse
1661 3094 1743 3136 est
1796 3101 1823 3138 a
1886 3089 2096 3152 provin—

551 3161 776 3215 cialibns
836 3165 899 3216 ad
943 3166 1218 3218 minimum
1268 3170 1437 3222 tribus
1487 3172 1800 3226 electionem
1854 3176 1994 3238 fleri,
2065 3193 2094 3230 a

555 3255 805 3314 praesenti
851 3263 1025 3306 tamen
1058 3271 1287 3319 canone,
1324 3261 1410 3324 qui
1465 3273 1545 3314 est
1591 3266 1756 3317 multo
1808 3268 2096 3333 posterior,

560 3342 966 3403 metropolitano
1019 3359 1335 3400 concessum
1389 3359 1468 3401 est
1501 3359 1607 3404 tres
1632 3354 1929 3420 episcopos,
1962 3374 2097 3424 quos

556 3433 786 3484 voluerit
833 3449 1143 3499 accersere,
1183 3446 1236 3491 et
1288 3453 1381 3504 per
1432 3455 1527 3494 eos
1570 3443 1880 3499 electionem
1924 3447 2100 3501 facere

561 3525 612 3601 in
639 3538 958 3591 quocunque
997 3526 1111 3579 loco
1145 3528 1391 3591 voluerit,
1428 3540 1480 3582 et
1533 3533 1780 3586 volebant
1832 3547 2102 3602 metropo-

558 3613 776 3665 litanum
850 3615 979 3666 nulli
1063 3619 1462 3683 reprehensioni
1529 3622 1816 3677 obnoxium
1880 3628 1946 3680 ab
2005 3628 2105 3681 hoc

556 3717 762 3756 canone
809 3706 1139 3758 conservari.
1189 3707 1488 3762 Audierunt
1537 3721 1709 3765 autem
1764 3717 1936 3782 quod,
1975 3733 2106 3783 quo-

559 3794 699 3844 niam
734 3809 969 3856 praesens
1003 3809 1170 3847 canon
1219 3796 1349 3847 nihil
1377 3799 1496 3849 novi
1554 3801 1815 3866 decernit,
1858 3804 1952 3856 sed
1985 3822 2103 3872 qua:

564 3899 591 3932 a
625 3881 872 3935 Patrilnts
903 3893 1058 3935 antea
1094 3885 1308 3937 definita
1370 3898 1488 3940 sunt
1517 3928 1531 3950 ,
1593 3891 1841 3958 deinceps
1885 3909 2096 3962 quoque

561 3971 821 4022 servanda
858 3973 1066 4032 statuit,
1092 3974 1284 4025 debent
1317 3979 1553 4039 omnino,
1586 3981 1785 4045 qtttede
1801 3984 2107 4035 convocatis

559 4064 824 4129 episcopis
859 4065 1125 4127 dicuntur,
1159 4069 1452 4119 secundum
1485 4068 1630 4120 illum
1664 4085 1919 4123 canonem
1957 4074 2109 4124 intel-

563 4153 674 4218 ligi,
718 4163 768 4206 et
803 4155 1417 4209 electiones-necessario
1451 4174 1477 4210 a
1518 4161 1934 4226 provincialilnts
1965 4164 2105 4218 ﬁeri.

560 4243 690 4295 Illud
727 4253 903 4295 autem
937 4244 987 4295 in
1044 4245 1236 4310 quovis
1281 4245 1397 4297 loco
1423 4250 1732 4313 procedere,
1790 4266 1891 4300 non
1956 4251 2108 4302 affert

2204 3075 2408 3143 χιωτῶν
2455 3074 2514 3123 τὸ
2559 3073 2837 3139 ἐλάχιστον
2869 3071 3035 3138 τριῶν
3080 3070 3178 3130 τὰς
3223 3069 3436 3138 ψήφους
3481 3069 3764 3133 γίνεσθαι,

2203 3163 2334 3215 ἀλλὰ
2388 3162 2494 3212 ἀπὸ
2543 3161 2634 3212 τοῦ
2687 3160 2948 3228 παρόντος
3008 3161 3233 3219 κανόνος
3291 3157 3769 3226 μεταγενεστέρου

2203 3251 2350 3310 ὖντος
2381 3249 2594 3314 ἐνεδόθη
2627 3247 2701 3315 τῷ
2750 3247 3116 3314 μητροπολίτῃ
3153 3246 3580 3314 μετακαλεῖσθαι
3611 3249 3777 3312 τρεῖς

2203 3342 2531 3400 ἐπισκόπους
2562 3341 2684 3399 τοὺς
2717 3337 2862 3404 αύτῷ
2917 3339 3260 3410 βου-λητέους,
3297 3339 3387 3388 καὶ
3437 3339 3614 3387 ποιεῖν
3661 3337 3773 3403 τὴν

2204 3431 2381 3497 ψῆφον
2418 3430 2483 3479 δι’
2519 3428 2697 3480 αὐτῶν
2741 3430 2798 3477 ἐν
2839 3427 2934 3494 οἴῳ
2963 3427 3028 3477 ἂν
3057 3427 3205 3493 τόπῳ
3236 3426 3436 3494 θελήσῃ
3462 3442 3476 3456 ·
3508 3427 3606 3476 καὶ
3638 3426 3777 3494 nos-

2203 3522 2292 3573 λον
2322 3521 2428 3572 ἀπὸ
2467 3521 2657 3568 τούτου
2697 3516 2790 3570 τοῦ
2832 3517 3056 3577 κανόνος
3095 3516 3481 3568 ἀκαταιτίατον
3520 3516 3612 3567 τὸν
3660 3533 3779 3583 μη-

2207 3610 2528 3677 τροπολίτην
2585 3606 3010 3673 συντηρηθῆναι.
3045 3607 3320 3657 Ἤκουσαν
3366 3607 3420 3658 δὲ
3462 3605 3557 3669 ὡς,
3584 3606 3711 3656 ἐπεὶ
3747 3609 3779 3658 ὁ

2209 3699 2393 3767 παρὼν
2426 3699 2604 3750 κανὼν
2646 3698 2705 3747 ού
2750 3697 2867 3747 νέον
2910 3713 2962 3746 τι
2994 3686 3326 3764 θεσμοθετεῖ,
3359 3696 3492 3747 ἀλλὰ
3522 3695 3591 3747 τὰ
3622 3713 3775 3761 προ-

2208 3790 2542 3857 διορισθέντα
2586 3786 2736 3853 παρὰ
2769 3787 2877 3837 τῶν
2914 3788 3170 3853 Πατέρων
3215 3790 3308 3838 καὶ
3358 3785 3555 3852 ἐφεξῆς
3593 3787 3779 3852 διορῖ-

2209 3881 2358 3943 ζεται
2385 3877 2767 3946 φυλάττεσθαι,
2798 3877 3073 3942 ὀφείλουσι
3103 3877 3315 3937 πάντως
3359 3876 3427 3926 τὰ
3476 3879 3607 3944 περὶ
3653 3877 3775 3926 τῶν

2211 3967 2663 4034 συγκα).ουμένων
2719 3965 3033 4016 ἐπισκόπων
3095 3964 3334 4017 νοεῖσθαι
3386 3965 3505 4015 κατ’
3558 3968 3779 4017 ἐκεῖνον

2209 4061 2298 4110 τὸν
2326 4059 2544 4117 κανόνα,
2587 4058 2676 4106 καὶ
2707 4057 2765 4119 ἐξ
2803 4056 3046 4122 ἀνάγκης
3083 4055 3218 4123 μετὰ
3262 4055 3629 4121 ἐπαρχιωτῶν
3671 4057 3781 4117 τὰς

2209 4150 2419 4217 ψήτους
2446 4147 2707 4212 γίνεσθαι.
2747 4146 2820 4196 Τὸ
2847 4147 2900 4196 δὲ
2932 4148 2990 4196 ἐν
3017 4146 3315 4213 οίῳδήποτε
3371 4146 3521 4207 τόπῳ
3556 4145 3782 4212 προεῆ-

2211 4257 2320 4300 ναι,
2349 4239 2407 4288 οὐ
2460 4236 2877 4304 προκριματίζει
2920 4236 3017 4300 τὴν
3069 4233 3268 4300 ψῆφον,
3329 4234 3489 4301 μόνον
3534 4235 3783 4296 γινέσθω

562 4332 926 4400 praeiudicium
979 4334 1248 4396 electioni,
1307 4339 1479 4387 solum
1521 4338 1608 4387 llat
1659 4354 1779 4390 eum
1835 4338 2006 4392 tribus
2041 4344 2104 4392 ad

2215 4330 2351 4396 μετὰ
2393 4329 2700 4380 ἐπισκόπων
2727 4329 2786 4377 τὸ
2817 4326 3095 4392 ἐλάχιστον
3125 4323 3289 4392 τριῶν
3334 4325 3472 4375 κατὰ
3502 4325 3592 4374 τὸν
3624 4341 3783 4394 παρ-

561 4421 838 4472 tninimum
911 4423 1224 4488 episcopis,
1292 4424 1443 4487 Juxta
1502 4426 1645 4477 hunc
1717 4442 1972 4480 eanonem
2027 4439 2100 4490 et,

559 4520 677 4569 qua;
712 4505 758 4556 ei
789 4517 1182 4574 consequenter
1208 4509 1432 4571 obtinet,
1483 4515 1941 4568 consuetudinem.
1973 4516 2106 4567 Cum

559 4602 733 4646 autem
769 4611 936 4648 canon
967 4599 1219 4650 decernat
1245 4598 1530 4652 electiones
1558 4602 1667 4652 fieri
1702 4617 1728 4652 a
1780 4603 1948 4655 tribus
2001 4604 2112 4669 epi—

563 4688 765 4751 scopis,
798 4692 839 4742 si
879 4691 948 4742 sit
984 4691 1176 4744 mullos
1229 4694 1514 4744 convenire
1546 4694 1771 4754 difficile,
1807 4697 2108 4761 interroga—

562 4781 701 4832 verit
753 4781 1055 4846 quispiam:
1090 4781 1143 4830 Si
1191 4781 1339 4831 multi
1386 4783 1587 4845 possint
1617 4781 1780 4834 facile
1804 4787 2106 4847 convenire,

562 4870 749 4922 electio
774 4869 1150 4933 inftrmabitttr,
1180 4886 1240 4920 an
1267 4872 1407 4922 non?
1429 4871 1647 4924 Salutio.
1676 4873 1802 4935 Qum
1821 4876 1882 4924 de
1907 4876 2112 4938 episco-

564 4960 614 5026 pi
649 4975 674 5010 a
699 4960 973 5012 duodecim
1001 4961 1135 5012 facta
1170 4961 1493 5025 depositione
1523 4978 1677 5029 supra
1712 4963 1871 5030 528
1918 4965 2110 5029 scripta

567 5057 707 5110 sunt,
742 5048 957 5115 quando
996 5049 1177 5114 plures
1227 5059 1468 5114 poterant
1509 5048 1660 5101 facile
1713 5053 2020 5111 convenire,
2051 5053 2112 5102 ad

565 5140 840 5207 praesentis
888 5139 1201 5206 quaestionis
1273 5140 1590 5196 solutionem
1639 5139 1927 5194 sufficiunt.
1985 5143 2112 5195 lllud

563 5238 765 5290 autem,
812 5229 862 5280 in
903 5228 1090 5296 quovis
1154 5231 1293 5290 loco,
1342 5231 1598 5294 scriptum
1639 5240 1742 5293 est,
1774 5240 1990 5298 propter
2022 5247 2113 5284 eos

563 5320 652 5386 qui
709 5319 891 5371 dicunt
945 5320 1140 5373 debere
1194 5320 1307 5372 fieri
1355 5321 1703 5381 ecclesiarum
1757 5323 2042 5374 electiones
2086 5337 2112 5372 τι

566 5409 972 5475 metropolitano
1033 5410 1081 5460 in
1146 5425 1234 5462 sua
1296 5411 1620 5477 metropoli,
1681 5411 1818 5478 quol
1899 5411 2112 5477 quidem

568 5511 673 5547 non
710 5507 980 5564 receptum
1015 5507 1114 5550 est.
1146 5498 1316 5552 Lucus
1359 5501 1498 5552 enim
1538 5516 1639 5552 non
1699 5501 1970 5553 constituit
2002 5503 2113 5567 epi-

564 5598 809 5650 scopum,
849 5589 940 5638 sed
980 5587 1284 5650 suffragium
1324 5599 1377 5640 et
1428 5591 1716 5643 antistitum
1743 5590 1948 5643 electio.
1985 5589 2116 5642 Nola

2209 4423 2334 4472 όντα
2377 4421 2594 4476 κανόναζ
2647 4421 2741 4470 κοιλ¹
2775 4418 2869 4486 τὴν
2902 4417 3208 4476 ἀκολούθοις
3236 4416 3423 4466 τούτου
3459 4414 3783 4482 κρατοῦσαν

2215 4509 2520 4577 συνήθειαν,
2552 4509 2657 4560 Τοῦ
2708 4509 2763 4558 δὲ
2792 4508 3012 4566 κανόνος
3048 4506 3418 4571 διοριζομένου
3465 4505 3572 4556 ὑπὸ
3601 4506 3782 4572 τριῶν

2211 4598 2526 4650 ἐπισκόπων
2552 4598 2649 4658 τὰς
2691 4597 2903 4662 ψήφους
2941 4595 3205 4660 γίνεσθαι,
3246 4594 3406 4661 εἴπερ
3433 4595 3551 4645 ἐστὶ
3582 4595 3781 4662 δυσχε-

2216 4673 2561 4754 ρὲςνπολλοὺς
2593 4685 2887 4743 συνελθεῖν,
2921 4685 3181 4752 ἐρωτήσει
3231 4701 3338 4744 τις,
3375 4687 3469 4735 ἐὰν
3514 4687 3782 4753 εύχέρειά

2213 4782 2326 4830 ἐστι
2359 4776 2581 4836 πολλοὺς
2636 4775 2929 4835 συνελθεῖν,
2967 4774 3385 4841 ἀκυρωθήσεται
3432 4776 3464 4840 ἡ
3510 4776 3710 4840 ψῆφος,
3741 4777 3778 4845 ἢ

2212 4867 2301 4930 οΰ;
2336 4868 2526 4929 Λύσις
2581 4865 2659 4916 Τὰ
2688 4863 2887 4914 ἄνωθεν
2917 4864 3192 4930 γραφέντα
3239 4863 3364 4926 περὶ
3395 4862 3780 4926 καθαιρέσεως

2215 4959 2508 5008 ἐπισκόπου
2590 4955 2896 5021 γενομένης
2962 4952 3110 5019 παρὰ
3165 4951 3365 5002 δώδεκα
3433 4954 3778 5017 ἐπισκόπων,

2216 5053 2340 5102 ὃταν
2383 5049 2626 5114 ὑπῆρχεν
2673 5046 2894 5113 εὐχερὲς
2929 5045 3024 5094 καὶ
3067 5043 3285 5102 πλείους
3330 5044 3624 5106 συνελθεῖν,
3670 5046 3780 5114 ἀρ.

2215 5141 2399 5193 κοῦσιν
2443 5141 2522 5199 εἰς
2567 5137 2858 5200 ἀπολογίαν
2902 5133 2995 5184 τοῦ
3027 5137 3289 5200 παρόντος
3321 5133 3659 5199 ζητήματος,
3716 5136 3780 5187 τὸ

2215 5233 2289 5290 δέ,
2328 5231 2384 5280 ἐν
2408 5227 2703 5296 οίῳδήποτε
2748 5225 2917 5290 τόπῳ,
2951 5223 3260 5291 γέγραπται
3318 5222 3406 5274 διὰ
3434 5223 3563 5283 τοὺς
3593 5223 3780 5291 λέγον·

2217 5338 2332 5379 τας,
2362 5319 2595 5386 ὀφείλειν
2640 5316 2738 5376 τὰς
2771 5315 2982 5382 ψήφους
3026 5313 3134 5363 τῶν
3172 5313 3484 5380 ἐκκλησιῶν
3531 5315 3780 5380 γίνεσθαι

2223 5409 2374 5476 παρὰ
2415 5406 2508 5457 τοῦ
2538 5403 2934 5473 μητροπολίτου
2970 5404 3050 5461 εἰς
3087 5401 3184 5466 τὴν
3214 5402 3334 5451 κατ’
3369 5401 3531 5452 αὐτὸν
3568 5406 3781 5470 μητρό-

2219 5501 2394 5560 πολιν,
2420 5498 2553 5562 ὅπερ
2581 5497 2680 5546 οὐκ
2716 5493 2924 5562 ἐδέχθη.
2957 5492 3089 5544 Οὐδὲ
3141 5492 3244 5562 γὰρ
3273 5495 3300 5543 ό
3333 5492 3498 5554 τόπος
3543 5495 3781 5565 καθιστᾷ

2222 5590 2313 5641 τὸν
2346 5588 2692 5643 -ἐπίσκοπον,
2747 5583 2881 5637 ἀλλὰ
2929 5585 2959 5644 ἡ
3002 5582 3177 5645 ιιῆιοος
3226 5581 3318 5634 καὶ
3347 5582 3378 5645 ή
3406 5583 3640 5647 ἐπιλογὴ
3671 5587 3782 5640 τῶν
