3982 6438
220 379 271 443 55
1190 369 1270 428 IN
1299 369 1464 428 CAN.
1505 365 1650 426 XIII
1689 367 1890 427 CONC.
1923 367 2297 424 CARTIIAG.
3297 364 3364 425 66

223 491 501 560 ἀρχιερέων.
552 487 868 556 Σημείωσαι
923 484 980 538 δὲ
1025 485 1118 536 καὶ
1173 482 1279 536 ἀπὸ
1312 480 1408 534 τοῦ
1457 479 1724 547 παρόντος

1829 490 1945 545 ergo
1973 484 2132 528 etiam
2165 490 2228 529 ex
2264 476 2364 528 hoc
2405 489 2631 540 canone,
2663 476 2804 543 quod
2839 475 3035 544 primas
3094 476 3206 529 sive
3254 492 3367 530 mc-

219 580 400 638 κανόνος
446 578 526 628 ὅτι
578 577 604 626 6
642 573 967 643 πρωτεύων,
1016 572 1176 639 ήγουν
1216 573 1243 621 ό
1299 566 1720 636 μητροπολίτης,

217 672 291 720 οὐκ
331 667 524 732 ὀφείλει
575 662 974 731 παρουσιάζειν
1022 662 1100 720 είς
1147 659 1245 719 τὰς
1294 657 1532 724 ψήφους,
1588 655 1724 706 ἀλλὰ

219 760 336 826 μόνοι
378 757 426 806 οί
473 754 781 805 ἐπίσκοποι.
812 751 883 808 Τί
906 752 981 812 δὲ,
1016 750 1110 800 ὲὰν
1161 765 1241 808 τις
1273 746 1381 798 τῶν
1411 743 1726 812 ψηφισαμέ-

216 865 295 896 νων
343 841 626 910 ἐναντιωθῇ
674 845 737 908 τῇ
789 841 968 908 οἰκείᾳ
1023 839 1333 905 ὐπογραςῇ,
1391 833 1724 886 ἀπεντεῦθεν

216 933 654 998 καθαιρεθήσεται,
684 935 717 997 ἢ
748 934 887 993 μετὰ
915 927 1238 998 δοκιμασίαν
1285 925 1378 974 καὶ
1426 921 1724 989 ἀποτυχίαν

214 1013 271 1067 ὧν
299 1016 624 1083 προστίθησιν
650 1031 664 1076 ;
697 1015 908 1076 Λύσις.
938 1014 997 1063 El
1027 997 1140 1079 μὲν
1170 1009 1476 1079 ἐκληφθῶσι
1515 1009 1583 1059 τὰ
1631 1009 1726 1076 ῥή-

218 1124 332 1172 ματα
356 1106 441 1156 τοῦ
471 1105 691 1164 κανόνος
722 1107 798 1164 είς
832 1103 892 1154 τὸ
939 1102 1318 1176 ἐπιγινώσκειν
1372 1099 1468 1168 μὲν
1504 1099 1593 1150 τὸν
1623 1101 1725 1164 ψη-

218 1198 475 1262 φισάμενον
509 1197 606 1262 τὴν
654 1193 862 1246 οἰκείαν
893 1192 1233 1262 ὑπογραφὴν,
1267 1190 1443 1256 λέγειν
1485 1189 1538 1240 δὲ
1589 1187 1726 1255 μετὰ

213 1286 350 1336 ταῦτα
394 1285 583 1350 μαθεῖν
613 1283 666 1334 τί
700 1283 910 1334 κωλύον
941 1283 1032 1332 τὸν
1082 1279 1420 1348 ψηφισθέντα
1476 1279 1554 1339 είς
1605 1280 1726 1327 ἑπι-

215 1375 434 1425 σκοπικὸν
478 1373 760 1440 προελθεῖν
792 1371 1028 1438 ἀξίωμα,
1061 1371 1232 1431 ἄλλως
1286 1370 1346 1420 οὑ
1396 1368 1727 1436 καθαιρεθή-

214 1479 352 1521 σεται,
381 1463 424 1511 εί
486 1459 564 1528 μὴ
595 1463 720 1526 περὶ
770 1462 868 1520 τὰς
918 1459 1232 1522 ἀποδείξεις
1267 1457 1544 1526 ἁτονήσει.
1577 1459 1634 1507 El
1667 1457 1722 1507 δὲ

211 1551 414 1617 tumea
445 1551 479 1617 ἠ
513 1549 824 1610 ἐναντίωσις
866 1549 964 1614 τῆς
998 1532 1319 1616 ὑπογραφῆς
1351 1548 1430 1609 είς
1475 1547 1724 1613 ἄρνησιν,

214 1642 372 1705 ταύτης
398 1640 752 1706 ὲλεγχομένου
774 1637 873 1701 ,τοῦ
904 1640 1223 1706 πράγματος
1263 1637 1348 1688 διὰ
1385 1637 1727 1704 συγκρίσεως

210 1732 292 1781 τῶν
312 1731 663 1798 γραμμάτων,
691 1731 724 1798 ἢ
770 1731 946 1790 ἄλλως
1000 1747 1133 1792 πως,
1167 1727 1496 1786 ἁπεντεῦοεν
1531 1727 1724 1778 καθαι-

1828 566 2173 631 tropolitanus
2205 579 2306 617 non
2341 567 2496 618 debet
2537 567 2796 619 interesse
2843 567 3110 626 electioui,
3139 568 3228 619 sed
3266 568 3367 619 soli
3410 578 3418 587 '

1825 653 2075 718 episcopi.
2109 651 2243 715 Quid
2279 667 2424 716 vero,
2476 654 2519 705 si
2551 653 2670 719 quis
2726 669 2907 706 eorum
2940 657 3048 722 qui-
3091 657 3366 723 elegerunt

1827 755 1933 794 smc
1971 741 2349 808 subscriptioni
2379 743 2782 804 contradixerit,
2821 757 2954 794 eone
2987 744 3101 807 ipso
3127 744 3368 809 depone-

1833 840 1937 891 tur,
1973 845 2038 881 an
2073 840 2192 896 post
2222 831 2669 884 examinationem
2704 872 2717 893 ,
2753 847 2871 883 cum
2921 847 2981 885 ea
3018 849 3135 899 quae
3179 850 3373 902 propo-

1787 963 1791 966 .
1829 922 1903 970 nit
1932 921 2156 986 probare
2177 935 2284 972 non
2311 920 2514 986 possit?
2547 920 2767 973 Solutio.
2807 921 2860 972 Si
2907 924 3125 973 canoms
3154 923 3370 984 quidem

1830 1013 1990 1067 verba
2024 1022 2239 1081 accepta
2265 1013 2461 1067 fuerim
2497 1017 2562 1068 ad
2597 1017 2717 1077 hoc,
2750 1025 2805 1066 ut
2837 1016 2880 1066 is
2921 1016 3008 1082 qui
3051 1017 3208 1084 elegit
3244 1031 3370 1083 pro-

1828 1105 1997 1170 priam
2033 1103 2488 1170 subscriptionem
2513 1117 2789 1172 agnoscat,
2809 1106 2951 1158 dicat
2977 1112 3152 1157 autem
3185 1115 3370 1171 postea

1827 1209 1884 1245 se
1919 1194 2192 1262 accepisse
2250 1195 2470 1260 aliquid,
2502 1195 2642 1262 quod
2677 1206 2819 1248 vetet
2870 1197 3158 1261 quoininus
3183 1194 3247 1255 is,
3280 1194 3370 1260 qui

1827 1283 2028 1337 electus
2049 1297 2152 1346 est,
2184 1285 2248 1337 ad
2301 1286 2610 1352 dignitatem
2660 1286 3007 1353 episcopalem
3052 1286 3371 1352 provehatur

1830 1391 1932 1427 non
1961 1376 2094 1427 alias
2128 1377 2440 1442 deponetur,
2475 1391 2632 1444 quam
2663 1378 2704 1430 si
2761 1377 2812 1428 in
2847 1375 3245 1444 probationibus
3282 1376 3374 1426 de-

1830 1464 2034 1517 fecerit.
2065 1463 2167 1516 Sed
2202 1465 2244 1515 si
2275 1464 2686 1532 subscriptionis
2737 1465 3088 1519 contradictio
3130 1479 3222 1530 pro
3257 1450 3373 1528 ejus

1831 1553 2109 1617 negatione
2142 1563 2359 1618 accepta
2387 1553 2567 1614 fuerit,
2602 1567 2660 1604 re
2696 1567 2791 1619 per
2842 1552 3139 1604 litterarum
3174 1551 3370 1617 proha-

1830 1639 2051 1703 tionem,
2110 1642 2188 1694 vel
2237 1643 2424 1708 aliquo
2473 1641 2579 1694 alio
2639 1642 2792 1694 modo
2841 1642 3112 1702 convicta,
3159 1655 3222 1693 eo
3260 1640 3371 1706 ipso

1832 1733 2148 1798 deponetur.
2183 1730 2315 1783 Nota
2348 1745 2472 1796 ergo
2516 1743 2834 1798 prasentcm
2878 1745 3156 1792 cntionem,
3192 1732 3279 1798 qui
3309 1733 3374 1783 de

211 1819 478 1886 ρεθήσεται.
514 1820 848 1887 ’Σημείωσαι
907 1818 998 1869 οὖν
1064 1820 1153 1868 τὸν
1224 1817 1466 1884 παρόντα
1527 1817 1724 1869 κανόνα

1829 1819 2243 1887 subscriptionis
2272 1820 2598 1873 inliciatioue
2629 1821 2882 1888 loquitur,
2916 1831 2970 1872 ut
3002 1820 3130 1872 mihi
3159 1821 3374 1888 quidem

207 1910 311 1975 περὶ
360 1910 638 1976 ἀρνήσεως
689 1907 1016 1974 ὑπογραφῆς
1056 1907 1456 1974 διαλεγόμενον,
1496 1908 1571 1968 ὡς
1605 1909 1726 1974 ἐμοὶ

205 1998 342 2049 δοκεῖ.
377 1997 673 2063 ’Δνάγνωθι
726 1997 820 2048 καὶ
865 1998 1158 2064 κεφάλαιον
1202 2005 1272 2050 σε’
1319 1999 1409 2050 τοῦ
1457 1990 1721 2052 α”’τίτλου

204 2087 278 2138 τοῦ
321 2087 394 2156 κβ¹
452 2087 660 2156 βιόλίου
709 2087 815 2139 τῶν
859 2088 1179 2150 Βασιλικῶν,
1214 2092 1307 2140 καὶ
1337 2106 1457 2155 κεφ.
1491 2086 1535 2141 α’
1559 2089 1652 2140 τοῦ
1677 2095 1723 2156 γ’

204 2177 352 2228 τίτλον
380 2177 468 2228 τοῦ
499 2177 666 2229 αὑτοῦ
699 2179 929 2246 βιϐλίον,
958 2179 1050 2229 καὶ
1076 2180 1163 2230 τὸν
1197 2180 1316 2230 ὅλον
1352 2180 1392 2230 δ’
1423 2179 1602 2230 τίτλον
1628 2179 1722 2230 τοῦ

204 2267 339 2318 αὐτοῦ
368 2267 572 2333 βιϐλίου
603 2281 616 2294 ·
656 2269 748 2320 καὶ
774 2268 833 2318 τὸ
866 2266 906 2329 ξ’
935 2284 1057 2334 κεφ.
1092 2267 1185 2318 τοῦ
1219 2267 1267 2320 α’
1302 2264 1480 2320 τίτλον
1510 2269 1609 2321 τοῦ
1641 2268 1725 2336 κγ’

203 2353 396 2419 βιδλίου,
427 2357 520 2406 καὶ
565 2356 743 2423 μάθῃς
771 2355 920 2417 ὅπως
951 2355 1078 2408 ποτὲ
1125 2357 1223 2423 μὲν
1247 2357 1333 2409 διὰ
1361 2356 1726 2426 ἀντισυγγρά-

204 2462 312 2510 grav,
342 2448 461 2497 ποτὲ
491 2442 669 2497 δὲδιὰ
709 2437 1003 2517 μαρτύρων
1038 2449 1347 2514 όμνυόντων
1391 2449 1671 2517 ἐλέγχεται
1696 2451 1724 2501 ό

201 2536 493 2602 ἀρνούμενος
545 2535 640 2604 τὴν
686 2536 896 2589 οίκείαν
947 2527 1290 2606 ὑπογραφῆν,
1322 2540 1415 2589 καὶ
1463 2539 1545 2589 ὅτι
1582 2538 1724 2604 μετὰ

202 2625 386 2693 ιλεγχον
407 2627 435 2678 6
464 2627 822 2695 κατακριθεὶς
867 2627 1238 2691 ἀναγκάζεται
1277 2628 1498 2694 ποιῆσαι
1525 2628 1601 2696 τῷ
1631 2629 1723 2679 ἁν-

201 2713 355 2781 τιδὲκῳ
388 2715 461 2782 μὴ
491 2717 655 2782 μόνον
695 2717 757 2767 τὸ
797 2715 980 2768 ἱκανὸν
1010 2717 1100 2767 τοῦ
1139 2701 1531 2786 περιεχομένου
1566 2720 1622 2768 ὲν
1646 2716 1725 2784 τῷ

201 2803 427 2870 ἐγγράφῳ
476 2803 670 2868 ποσοῦ,
701 2803 836 2856 ἀλλὰ
885 2807 978 2857 καὶ
1011 2805 1196 2874 ἕτερον
1246 2807 1520 2858 τοσοῦτον.
1561 2805 1625 2857 Ἠ
1668 2807 1725 2857 δὲ

201 2890 259 2958 οβ’
287 2892 459 2958 Νοαρὰ
485 2894 580 2944 τοῦ
619 2894 882 2962 βασιλέως
916 2894 1083 2962 κυροῦ
1115 2895 1465 2963 Λέοντοςτοῦ
1510 2895 1727 2946 Φιλοσό-

203 2999 283 3047 φου
307 2983 591 3053 διορίζεται
617 2987 730 3037 πᾶν
757 2985 1054 3051 ἔγγραφον,
1092 2987 1148 3036 ὲν
1192 2982 1235 3051 ᾧ
1268 2987 1671 3054 ἐπιγέγραπται
1696 2986 1724 3035 ό

199 3075 272 3124 τοῦ
315 3080 486 3143 τιμίου
522 3077 621 3128 καὶ
648 3076 915 3138 ζωοποιοῦ
963 3075 1194 3144 σταυροῦ
1223 3077 1394 3138 τύπος
1424 3077 1513 3128 διὰ
1545 3080 1724 3144 χειρὸς
1750 3103 1794 3158 c

207 3162 273 3214 ιοῦ
324 3164 650 3233 συνθεμένου
703 3166 857 3232 αὐτὸ,
904 3165 1046 3230 ἔχειν
1087 3165 1147 3216 τὸ
1193 3166 1413 3234 ἰσχυρὸν
1455 3167 1548 3216 καὶ
1592 3166 1725 3234 ἀμε-

204 3253 468 3315 τάπτωτον,
519 3255 626 3305 κᾶν
703 3256 802 3304 οὐκ
879 3253 995 3306 ἐστι
1064 3255 1569 3323 κατησφαλισμένον
1636 3255 1723 3306 διὰ

200 3341 483 3406 προστίμου.
530 3341 646 3392 Καὶ
699 3341 972 3406 ἀνάγνωθι
1028 3345 1128 3409 τὴν
1179 3344 1434 3410 τοιαύτην
1483 3344 1718 3411 Νεαρὰν.

200 3430 285 3480 Καὶ
311 3430 632 3496 συναγαγὼν
664 3432 781 3481 εἰπὲ
813 3432 895 3484 ὃτι
925 3431 982 3481 τὸ
1022 3432 1402 3500 καθαιρεῖσθαι
1451 3435 1575 3494 τοὺς
1623 3437 1721 3502 ἀρ·

201 3519 364 3583 ιιεριῖς
397 3518 768 3586 ἀρνουμένους
793 3520 891 3578 τὰς
921 3521 978 3569 ὲν
1018 3523 1137 3580 ταῖς
1163 3521 1364 3587 ψήφοις
1397 3521 1720 3588 ὑπογραφάς

199 3608 342 3660 αὐτῶν
393 3610 558 3662 ίδικόν
619 3609 737 3659 ἔστι
789 3609 885 3662 καὶ
940 3609 1392 3679 όρείλεικρατεῖν
1437 3615 1516 3673 είς
1562 3613 1719 3663 τοῦτο

199 3701 270 3746 ut
305 3699 458 3765 μόνον
496 3700 559 3749 τὸ
612 3699 838 3764 φάκτον.
889 3698 1016 3750 Ἐὰν
1057 3703 1168 3767 γὰρ
1208 3701 1395 3767 ἕτερον
1443 3703 1720 3769 ἔγγραφον

197 3785 332 3836 αὑτοῦ
370 3788 678 3855 ἀρνήσηται
729 3786 1027 3847 ἐπίσκοπος
1072 3787 1103 3853 ἢ
1153 3776 1433 3854 κ’ληρικὸς,
1477 3789 1548 3848 ὡς
1599 3790 1719 3857 ἐμοὶ

1829 1910 2058 1962 videtur.
2117 1910 2256 1978 Lege
2293 1919 2345 1962 et
2403 1920 2560 1977 caput
2610 1909 2695 1974 75,
2740 1911 2893 1978 primi
2929 1911 3086 1972 tituli,
3128 1909 3219 1962 lib.
3263 1921 3378 1960 χχιι

1834 1998 2073 2062 Basilic.,
2100 2011 2151 2051 et
2204 2015 2321 2066 cap.
2378 1999 2428 2055 1.
2459 2001 2536 2052 tit.
2570 2001 2623 2053 3.
2671 1998 2907 2067 ejusdem
2937 2000 3076 2061 libri,
3126 2010 3176 2051 et
3207 2009 3374 2051 tutum

1824 2091 1908 2140 tit.
1941 2089 1974 2139 4
2013 2089 2246 2154 ejusdem
2283 2080 2427 2152 libri,
2471 2099 2527 2143 et
2553 2105 2671 2158 cap.
2700 2089 2767 2142 60
2799 2089 2934 2142 tituli
2968 2091 3016 2141 1.
3062 2089 3178 2140 libri
3222 2103 3375 2148 xxnt,

1826 2189 1886 2231 et.
1910 2179 2056 2231 dices
2086 2183 2370 2245 quomodo,
2406 2179 2692 2246 aliquando
2715 2179 2923 2247 quidem
2953 2193 3045 2244 per
3079 2179 3375 2230 litterarum

1829 2268 2192 2332 collationem,
2219 2267 2506 2334 aliquando
2541 2279 2718 2322 autem
2772 2283 2864 2336 per
2895 2276 3058 2320 testcs
3109 2266 3371 2337 iurantes,

1827 2357 2168 2409 convincitur
2194 2357 2242 2408 is
2263 2358 2350 2422 qui
2385 2367 2543 2423 negat
2572 2358 2838 2423 pr0priam
2865 2355 3318 2422 subscriptionem
3357 2370 3371 2405 :

1825 2453 1879 2497 ct
1905 2447 2042 2511 quod
2069 2455 2184 2508 post
2207 2435 2596 2510 probationem,
2616 2447 2702 2512 qui
2723 2447 2998 2497 convictus
3018 2454 3120 2505 est,
3145 2445 3376 2512 cogitur,

1829 2552 1931 2588 non
1964 2536 2134 2588 solum
2168 2537 2474 2588 satisfacere
2499 2535 2812 2605 adversario
2835 2535 2900 2588 de
2932 2538 3227 2602 quantitate
3261 2549 3379 2601 qua:

1828 2627 1881 2678 in
1939 2627 2153 2693 scriptis
2208 2628 2532 2689 continetur,
2578 2627 2668 2682 sed
2695 2635 2748 2678 et
2781 2625 3007 2677 alterum
3043 2629 3377 2677 tantumdem

1827 2715 2054 2768 solvere.
2090 2715 2493 2783 Septuagesima
2536 2716 2766 2766 secunda
2800 2722 2976 2766 autem
3037 2715 3378 2780 imperatoris

1829 2805 2029 2856 domini
2059 2804 2253 2857 Leonis
2284 2803 2590 2870 Philosophi
2626 2804 2828 2856 novella
2875 2806 3084 2866 statuit,
3120 2813 3176 2856 ut
3205 2803 3380 2869 quod-

1828 2908 2037 2960 cunque
2090 2897 2372 2962 scriptum,
2440 2895 2492 2945 in
2553 2909 2658 2961 quo
2724 2894 3033 2947 venerandae
3071 2903 3126 2947 et
3154 2893 3381 2947 vivificae

1831 2983 2009 3035 crucis
2046 2983 2211 3050 figura
2253 2999 2348 3051 per
2370 2998 2585 3036 manum
2623 2984 2738 3051 ejus
2773 2985 2863 3050 qui
2890 2985 3059 3049 ipsum
3083 2984 3383 3048 composuit

1830 3073 2027 3140 scripta
2054 3065 2155 3135 esi,
2196 3072 2404 3124 firmum
2457 3083 2509 3124 et
2538 3073 2868 3126 immutabile
2902 3082 3131 3137 maneat,
3164 3072 3375 3125 etiamsi

1834 3183 1936 3221 non
1963 3169 2031 3222 sit
2074 3169 2370 3237 adjectione
2418 3183 2591 3235 paena:
2651 3172 2933 3220 munitum.
2992 3166 3132 3232 Lege
3170 3180 3380 3234 quoque

1829 3266 2069 3315 eamdem
2100 3262 2380 3314 novellam.
2408 3261 2472 3312 Et
2502 3260 2710 3312 tandem
2742 3259 3024 3318 conclude,
3049 3260 3187 3325 quod
3214 3259 3380 3325 depo-

1830 3353 1880 3403 ni
1913 3350 2180 3402 antistites
2236 3348 2325 3416 qui
2357 3354 2565 3416 {negant
2611 3362 2734 3399 suas
2789 3347 2838 3397 in
2869 3346 3219 3398 electionibus
3249 3347 3381 3398 sub-

1831 3441 2173 3508 scriptiones,
2196 3439 2428 3506 speciale
2454 3446 2560 3499 est,
2593 3447 2647 3489 et
2673 3437 2830 3488 debet
2865 3436 2913 3485 in
2954 3435 3054 3488 hoc
3085 3435 3198 3488 solo
3238 3434 3383 3489 faeto

1832 3527 2032 3581 valere.
2089 3527 2143 3579 Si
2194 3528 2334 3579 enim
2379 3527 2520 3578 aliud
2569 3541 2722 3578 suum
2787 3525 3040 3590 scriptum
3111 3513 3384 3592 negaverit

1829 3621 2111 3685 episc0pus
2134 3618 2215 3668 vel
2247 3618 2492 3676 clericus,
2545 3615 2758 3666 utimihi
2803 3616 3029 3679 videtur,
3082 3631 3184 3667 non
3218 3618 3384 3685 depo-

1830 3719 2005 3766 netur,
2030 3716 2085 3758 ut
2108 3707 2490 3773 dicuntaliqui,
2529 3705 2623 3758 sed
2658 3719 2722 3757 ex
2762 3704 2963 3773 legibus
3004 3721 3163 3774 supra
3197 3711 3384 3775 pbsitis

1829 3797 2100 3861 punietur.

198 3876 353 3968 Satist,
391 3880 452 3928 οὑ
521 3878 1029 3947 καθαιρεθήσεται,
1069 3878 1212 3933 καθά
1264 3897 1406 3943 τινες
1486 3882 1763 3949 λέγουσιν,
1837 3889 1971 3939 ἀλλὰ
2026 3891 2164 3942 κατά
2217 3895 2343 3956 τοὺς
2399 3896 2602 3948 ἄνωθεν
2655 3900 3137 3968 καταστρωθέντας
3189 3899 3386 3967 νόμους

197 3965 579 4036 κολασθήσεται.

248 4055 472 4109 ΖΩΝΑΡ.
509 4057 570 4107 Ὀ
604 4059 869 4124 τέταρτος
902 4058 1080 4109 κανὼν
1106 4059 1202 4126 τῆς
1234 4061 1291 4111 ὲν
1318 4061 1524 4130 Νικαία
1577 4061 1724 4130 πρώ-

197 4156 273 4209 της
316 4145 528 4196 συνόδου
567 4145 677 4196 ὑπὸ
728 4146 944 4196 πάντων
980 4147 1086 4197 τῶν
1117 4148 1172 4197 ὲν
1209 4151 1273 4215 τῇ
1323 4150 1560 4218 ἐπαρχία
1604 4153 1724 4200 ἑπι-

199 4234 380 4285 σκόπων
409 4230 778 4297 καθίστασθαι
799 4235 970 4302 ὁρίζει
1005 4237 1322 4288 ἐπίσκοπον.
1353 4238 1413 4288 El
1446 4241 1501 4288 δέ
1527 4257 1608 4300 τις
1638 4241 1721 4307 εἴη

195 4321 465 4394 δυσχέρεια,
495 4329 651 4395 τρεῖς
686 4327 975 4389 ὲπιτοαυτὸ
1007 4329 1361 4394 συνάγεσθαι,
1413 4331 1720 4397 συμψήφων

1899 4069 2146 4126 ΖΟΝᾹΒ.
2222 4070 2548 4137 Episcopum
2622 4083 2844 4138 quartus
2916 4074 3142 4128 Nica‘nm
3196 4077 3384 4143 prima:

1833 4163 2023 4231 synodi
2061 4176 2230 4214 canon
2260 4165 2498 4214 omnium
2537 4164 2825 4231 provincia:
2869 4166 3238 4231 episcOpou-um
3269 4166 3386 4220 suf—

1833 4252 2002 4317 fragio
2033 4253 2467 4307 constituendum
2494 4267 2621 4306 esse
2645 4257 2905 4308 decernit.
2937 4258 3005 4308 At
3032 4257 3074 4309 si
3102 4257 3388 4323 quouimus

1834 4341 1883 4392 id
1919 4343 2027 4393 licri
2055 4345 2240 4408 possit,
2265 4357 2422 4396 causa
2449 4343 2629 4410 aliqua
2674 4347 2889 4412 gravior
2933 4346 3236 4411 obstiterit,
3273 4355 3384 4399 tum
3458 4379 3461 4382 -

195 4412 265 4464 διὰ
308 4417 654 4483 γραμμάτων
707 4419 800 4467 καὶ
851 4418 956 4469 τῶν
1005 4417 1579 4486 λοιπῶν-γινομένων,
1633 4424 1725 4473 καὶ

1834 4446 1962 4482 vero
2000 4440 2107 4484 tres
2136 4433 2295 4484 simul
2325 4435 2638 4496 convenire,
2679 4451 2742 4487 ac
2795 4438 3000 4489 caeteris
3038 4452 3131 4502 per
3178 4438 3386 4490 litteras

196 4502 334 4566 οὕτως
361 4509 451 4575 τὴν
503 4509 848 4576 χειροτονίαν
889 4509 1148 4573 γίνεσθαι.
1199 4511 1265 4560 "A
1317 4513 1493 4561 τοίνυν
1521 4515 1546 4564 ὸ
1580 4515 1727 4580 εἰρη-

200 4596 329 4655 μένος
359 4597 532 4648 κανὼν
555 4599 925 4659 διατάττεται,
955 4599 1146 4660 ταῦτα,
1178 4601 1340 4665 φασὶν
1363 4601 1410 4650 oi
1441 4600 1540 4667 τῆς
1572 4603 1728 4652 συνό-

199 4684 269 4734 δου
289 4691 501 4758 ταύτης,
546 4690 665 4743 δεῖν
721 4688 1084 4755 φυιαχθῆναι,
1119 4690 1190 4750 ὡς
1235 4690 1521 4756 ὁρισθέντα
1574 4695 1725 4760 παρὰ

198 4773 282 4823 τῶν
326 4779 422 4842 πρὸ
471 4779 726 4830 ἐκείνων.
758 4778 1105 4846 Χειροτονίαν
1145 4779 1189 4829 δ’
1249 4779 1483 4831 ἐνταῦθα
1521 4780 1593 4848 μὴ
1634 4781 1728 4849 τὴν

199 4867 501 4932 χειροθεσίαν
533 4871 632 4918 καὶ
667 4867 1000 4936 καθιέρωσιν
1037 4885 1279 4937 νοητεον,
1310 4871 1443 4922 ἀλλὰ
1484 4874 1581 4938 τὴν
1628 4872 1729 4940 ψῆ-

203 4962 393 5020 whims
431 4961 505 5028 μὴ
538 4961 678 5026 δοκῇ
719 4960 1098 5012 ἐναντιοῦσθαι
1147 4962 1223 5028 τῷ
1290 4964 1487 5028 πρώτῳ
1544 4965 1728 5015 κανόνι

201 5049 282 5095 τὼν
319 5052 478 5112 ἁγίων
527 5051 881 5109 ἀποστόλων,
954 5051 1047 5101 καὶ
1103 5052 1206 5102 ὑπὸ
1259 5043 1354 5103 δύο
1409 5056 1727 5106 ἐπισκόπων

202 5141 398 5203 ίιρὶζο.τι
441 5143 872 5209 χειροτονεῖσθαι
927 5141 1244 5194 ἐπίσκοπον.
1278 5145 1463 5206 Ὅπως
1527 5145 1580 5195 δὲ
1629 5148 1728 5195 οὐκ

204 5233 520 5296 ἐναντιοῦται,
556 5219 780 5302 εἴρηται
814 5235 871 5283 ὲν
902 5234 967 5300 τῇ
1003 5233 1256 5302 ἐξηγήσει
1307 5234 1400 5284 τοῦ
1436 5234 1474 5284 δ’
1511 5235 1730 5294 κανόνος

204 5319 277 5382 τῆς
305 5323 352 5372 ὲν
376 5323 578 5392 Νικαξα
608 5323 840 5392 πρώτης
873 5323 1108 5386 συνόδου,
1145 5325 1179 5376 ἂ
1203 5329 1294 5377 καὶ
1325 5329 1724 5393 ἀναγνωστέον.

208 5409 550 5475 Πρωτεὺοντας
597 5413 644 5464 δ’
701 5411 938 5465 ἐνταῦθα
985 5414 1091 5466 τῶν
1128 5418 1409 5486 ἐπαρχιῶν
1455 5418 1580 5480 τοὺς
1637 5435 1733 5486 μη-

207 5507 489 5566 τροπολίτας
515 5507 708 5574 φησιν,
739 5501 813 5558 ὧν
849 5509 1288 5576 παραγγέλματι,
1321 5509 1486 5576 ἡγουν
1520 5513 1728 5577 ἐντολῇ,

209 5611 514 5665 χειροτονειν,
538 5600 798 5651 τουτέστι
847 5599 1198 5665 ψηφίζεσθαι,
1233 5601 1359 5662 τοὺς
1401 5602 1731 5662 ὲπισκὸπους

213 5688 470 5741 ἐπίσκοπον
501 5692 886 5743 διατάττεται.
913 5691 1035 5741 Ἐὰν
1070 5692 1122 5742 δέ
1153 5708 1258 5758 τις,
1305 5692 1458 5760 φησὶ,
1487 5693 1596 5743 τῶν
1623 5693 1696 5760 ψη

1831 4525 2247 4578 assentientibus
2285 4526 2593 4593 episcopum
2622 4529 2829 4580 illorqu
2860 4533 3175 4583 auctoritate
3195 4533 3375 4583 creari

1830 4616 2023 4682 placet.
2064 4616 2189 4681 Quae
2229 4619 2389 4684 igitur
2440 4619 2528 4673 illo
2581 4637 2782 4673 canone
2835 4623 3276 4688 pra‘scribuntur,
3314 4640 3380 4675 ea

1833 4705 2084 4757 nimirum
2117 4722 2145 4759 a
2175 4711 2464 4773 majoribus
2489 4719 2688 4762 statuta
2721 4713 2920 4763 servari
2949 4723 3196 4776 cportere
3229 4713 3387 4782 hujus

1830 4795 2018 4862 synodi
2061 4795 2251 4849 Patres
2287 4798 2571 4850 afﬁrmant.
2621 4798 2920 4851 Creationis
2955 4817 3114 4867 porro
3146 4805 3386 4862 nomine,

1832 4898 1934 4933 non
1998 4891 2248 4936 manuum
2301 4887 2570 4952 impositio
2598 4897 2648 4939 et
2679 4893 3034 4949 consecratio,
3070 4893 3161 4942 sed
3193 4890 3385 4943 electio

1833 4973 1932 5024 hoc
1964 4973 2078 5025 loco
2108 4976 2324 5043 intelligi
2378 4979 2564 5039 debet;
2590 4991 2667 5028 -ne
2713 4974 2887 5043 primo
2910 4993 3216 5032 sanctorum
3254 4994 3380 5046 apo.

1829 5065 2089 5114 stolorum
2135 5065 2346 5125 canoni,
2373 5066 2462 5131 qui
2510 5081 2536 5115 a
2569 5065 2773 5118 duobus
2802 5068 3064 5133 episcopis
3091 5069 3380 5120 creandum

1830 5169 1948 5207 esse
1980 5156 2284 5221 episcOpum
2315 5155 2578 5221 decernit,
2614 5157 2702 5210 hic
2733 5172 2906 5211 cannon
2930 5160 3232 5211 contrarius
3258 5173 3381 5213 esse

1830 5246 2187 5296 existimetur.
2217 5243 2348 5296 Nam
2379 5245 2452 5298 illi
2478 5235 2690 5313 quidem
2722 5248 2864 5299 nullo
2898 5249 3051 5300 modo
3085 5249 3379 5315 adversari,

1834 5334 1884 5384 in
1929 5334 2286 5400 explicatione
2337 5335 2561 5388 canonis
2613 5337 2648 5388 4
2705 5336 2924 5388 Nicaeum
2956 5336 3138 5405 primae
3191 5342 3374 5405 synodi

1834 5425 2364 5490 demonstravimus;
2404 5439 2457 5478 tu
2487 5443 2601 5480 eam
2651 5427 2789 5479 vide.
2847 5425 3109 5480 Priinates
3145 5442 3270 5480 vero
3295 5429 3380 5481 hic

1833 5514 2231 5581 provinciarqu
2270 5554 2282 5579 ,
2348 5517 2710 5585 metropolitas
2766 5517 3025 5580 nominat,
3061 5515 3380 5585 eorumque

1837 5605 2104 5667 mandato,
2161 5606 2258 5656 hoc
2307 5615 2406 5669 est,
2435 5606 2610 5671 jussu,
2651 5609 2716 5660 ab
2742 5608 3002 5676 episcopis
3068 5609 3377 5668 creandum,

1838 5695 1940 5746 hoc
1965 5706 2071 5756 εει,
2117 5693 2419 5760 eligendum
2450 5709 2568 5748 esse
2591 5697 2890 5763 episcopum
2921 5696 3179 5752 decet-nit.
3227 5695 3374 5759 Quod
