3982 6448
518 389 586 450 67
1763 385 2033 445 THEOD.
2069 385 2461 448 BALSAMON
3653 383 3730 443 68

513 498 560 551 si
599 498 744 566 quis,
798 480 996 564 inquit,
1035 495 1288 564 snn‘ragio
1334 495 1442 550 lato
1510 506 1693 564 postea
1746 494 2069 550 confessioni

2194 499 2489 576 ptoupévtov
2532 502 2627 554 καὶ
2663 501 2800 570 μετὰ
2841 497 2938 570 τὴν
2971 499 3149 567 ψῆφον
3179 497 3478 568 ἐναντιωθῇ
3507 499 3573 566 τῇ
3614 497 3730 564 [δίᾳ

513 603 626 641 sure
653 596 742 638 aut
789 586 1169 652 subscriptioni
1212 586 1528 638 adversatus
1580 585 1762 646 fuerit.
1819 586 1919 638 lioc
1964 594 2066 647 est,

515 694 674 745 quem
706 677 852 744 prius
882 674 1166 740 episc0pali
1201 674 1365 737 gradu
1398 675 1614 739 dignum
1663 673 1936 742 suffragio,
1983 675 2067 727 vel

520 771 683 821 etiam
717 765 1132 831 Subscriptione,
1158 763 1281 814 dum
1315 765 1379 814 de
1409 777 1473 814 eo
1518 763 1919 827 decerneretur,
1971 767 2068 816 de-

528 855 773 913 claravit,
802 867 931 904 mox
972 854 1191 918 dignum
1246 861 1423 918 negat,
1466 863 1624 918 atque
1651 867 1678 903 a
1713 867 1768 904 se
1801 853 1910 917 ipse
1955 852 2067 904 dis-

514 945 714 1008 sentit;
748 944 861 1006 ipse
903 956 961 994 se
1000 941 1192 994 summi
1245 941 1526 993 sacerdotii
1573 944 1773 994 honore
1803 941 2065 1008 prii-abit,

518 1037 571 1087 id
605 1043 707 1099 est,
737 1033 1095 1100 depositione,
1132 1032 1235 1084 nisi
1281 1032 1446 1093 illius.
1473 1046 1631 1099 (luem
1666 1041 1905 1095 accusat,
1933 1048 2068 1099 pro—

515 1126 640 1176 bato
671 1125 918 1183 crimine.
952 1121 1422 1175 condemnabilur.

515 1213 680 1282 529
705 1213 927 1266 ARIST.
962 1212 1224 1264 «Primate
1246 1212 1486 1279 jubente,
1512 1213 1672 1264 etiam
1702 1222 1807 1264 tres
1833 1213 2067 1278 episcopi

591 1323 609 1355 ι
647 1307 981 1360 constituunt
1005 1307 1338 1372 episc0pum.
1375 1303 1435 1356 Et
1485 1306 1577 1372 qui
1611 1319 1719 1358 sum
1742 1305 2066 1358 confessioni

590 1415 606 1445 ι
654 1396 734 1448 vel
799 1395 1179 1463 subscriptioni
1233 1395 1570 1460 adversatur,
1621 1405 1810 1464 suopte
1866 1395 2068 1462 judicio

588 1502 606 1534 ι
646 1484 852 1538 honore
889 1483 1210 1550 privabitur.
1246 1501 1265 1533 ι

583 1574 808 1638 Omnes,
848 1574 894 1627 si
930 1573 1043 1627 ﬁeri
1074 1583 1266 1639 potest,
1297 1572 1584 1641 provinciae
1619 1576 1850 1642 episcopi
1895 1576 2070 1628 adsint

514 1679 734 1717 necesse
758 1673 862 1725 est,
911 1664 1123 1731 quando
1193 1664 1245 1715 in
1295 1666 1610 1717 vacantibus
1675 1667 2068 1732 episcopalibus

515 1757 749 1826 episcopi
799 1765 925 1807 stitit
982 1756 1250 1823 eligendi;
1291 1757 1739 1824 quemadmodum
1773 1766 1824 1809 et
1877 1769 2068 1824 quarto

515 1847 704 1913 synodi
734 1845 969 1899 Nicaeum
999 1849 1190 1899 canoni
1227 1848 1398 1900 visum
1448 1859 1551 1907 est.
1583 1857 1637 1899 et
1670 1848 2067 1901 undevicesimo

516 1931 893 1987 Antioclienm.
959 1935 1013 1988 Si
1067 1935 1166 1986 hoc
1225 1946 1402 1987 autem
1472 1934 1683 1987 diliicile
1736 1933 1918 1995 fuerit,
1979 1946 2071 1984 aut.

515 2031 726 2088 prOpter
759 2023 854 2074 vite
904 2023 1311 2090 longitudinem,
1369 2033 1458 2075 aut
1509 2024 1662 2076 aliam
1695 2037 2068 2090 quamcunque

514 2113 915 2176 necessitatem,
967 2126 1074 2168 tres
1111 2116 1299 2168 saltem
1345 2116 1492 2183 jussu
1527 2127 1578 2169 et
1627 2116 1892 2168 sententia
1955 2131 2066 2167 me-

518 2204 824 2270 tropolitani
858 2207 936 2257 sui
970 2207 1284 2260 electionein
1311 2205 1526 2268 facient,
1560 2207 1874 2261 absentibus
1907 2209 2068 2258 etiam

515 2305 608 2356 per
657 2293 862 2346 litteras
896 2308 1218 2347 consensum
1264 2311 1416 2346 suum
1451 2294 1829 2360 praebentibus.
1862 2293 1915 2345 Si
1949 2295 2068 2359 quis

515 2393 694 2437 autem
756 2387 1044 2452 episcopus
1090 2385 1372 2438 confessus
1422 2385 1601 2445 fuerit.
1639 2395 1690 2436 et
1719 2383 2065 2436 aﬂirtnaverit

513 2476 813 2541 quempiam
850 2477 1188 2540 episcopatus
1227 2477 1392 2541 gradu
1419 2475 1635 2540 dignum
1665 2490 1820 2539 esse;
1879 2475 2069 2526 deinde

515 2573 695 2616 autem
734 2576 828 2629 per
863 2562 1166 2631 passiOnem
1203 2563 1438 2628 aliquam
1495 2578 1604 2616 sua:
1639 2563 1956 2615 confessioni
1989 2562 2070 2615 vel

516 2654 902 2720 subscriptioni
932 2655 1252 2706 adversatus
1280 2654 1462 2717 fuerit,
1497 2661 1552 2705 et
1582 2668 1702 2706 eum
1732 2653 1821 2721 qui
1857 2653 1922 2705 ab
1957 2651 2071 2719 ipso

515 2747 726 2798 electus
778 2745 900 2807 fuit,
944 2746 1218 2812 indignum
1251 2744 1586 2807 vocitaverit,
1619 2758 1742 2796 cum
1776 2758 1880 2795 non
1925 2743 2073 2808 igno-

515 2837 649 2890 ravit
703 2837 866 2888 etiam
941 2846 1085 2901 ante,
1151 2837 1323 2902 qualis
1377 2835 1498 2898 fuit,
1540 2851 1635 2888 suo
1661 2836 1864 2889 honore
1893 2836 2072 2902 priva—

517 2924 678 2979 bitnr.
709 2929 772 2979 Et
810 2929 894 2980 lex
921 2929 1061 2981 enim
1101 2943 1193 2982 eos
1215 2968 1228 2991 ,
1259 2931 1347 2996 qui
1395 2929 1722 2982 mendaciter
1754 2908 1820 2981 et.
1856 2928 2074 2979 sibimet

516 3017 789 3069 contrario
853 3019 1029 3069 testati
1065 3029 1209 3080 sunt,
1272 3034 1365 3084 per
1421 3021 1788 3085 magistratus,
1852 3017 1941 3084 qui
1988 3017 2074 3084 ju-

514 3109 881 3161 risdictionem
927 3111 1158 3174 habent,
1215 3113 1388 3179 poenis
1441 3112 1675 3178 subjicit,
1723 3119 1779 3162 ut
1808 3109 2072 3162 decimum

514 3206 763 3265 quartum
799 3199 958 3266 primi
1011 3201 1147 3253 tituli
1197 3201 1432 3254 vicesimi
1474 3201 1628 3254 primi
1660 3200 1778 3252 libri
1812 3207 1967 3265 caput
1995 3197 2080 3264 ju-

513 3290 620 3343 bet.

1090 3461 1318 3514 CANON
1353 3461 1492 3513 XIV.

521 3571 540 3603 ι
583 3551 654 3606 Ut
687 3568 823 3606 unus
868 3569 932 3606 ex
962 3552 1163 3622 Tripoli
1193 3554 1478 3619 episcopus
1527 3553 1580 3605 in
1631 3553 1951 3620 legationem
1984 3569 2076 3606 νος

597 3661 616 3691 ι
654 3645 766 3697 niat
799 3662 812 3697 :
840 3655 892 3697 et
945 3655 1001 3696 ut
1032 3646 1309 3711 presbyter
1340 3644 1446 3694 illic
1495 3658 1523 3694 a
1558 3647 1795 3711 quinque
1831 3646 2079 3696 audiatur

593 3751 609 3782 ι
651 3733 939 3801 episcopis.
975 3734 1234 3786 Similiter
1281 3733 1531 3801 placuita
1580 3733 1804 3799 Tripoli,
1866 3744 2080 3801 propter

596 3843 613 3872 ι
659 3825 891 3892 regionis
946 3825 1201 3890 inopiam,
1261 3839 1422 3875 unum
1473 3825 1782 3890 ερίεουνυιη
1847 3824 1896 3876 in
1934 3827 2080 3890 lega-

599 3933 617 3963 ι
655 3903 854 3966 tionem
891 3914 1093 3974 venire,
1125 3923 1179 3964 et
1230 3922 1288 3964 ut
1342 3913 1624 3982 presbyter
1659 3913 1764 3964 illic
1795 3927 1820 3963 a
1850 3915 2082 3980 quinque

600 4024 618 4054 ο
667 4005 933 4071 episcopis
973 4004 1239 4064 audiatur,
1293 4012 1348 4054 et
1401 4003 1657 4054 diaconus
1720 4015 1748 4052 a
1801 4001 1992 4060 tribus,
2029 4009 2084 4054 ut

601 4114 618 4144 ι
663 4094 911 4160 Superius
944 4093 1142 4142 dictum
1173 4101 1277 4153 est,
1332 4091 1547 4157 proprio
1587 4089 1792 4141 scilicet
1832 4089 2082 4156 episcopo

601 4202 618 4232 ι
652 4183 994 4249 praesidente.
1030 4197 1046 4228 ι

601 4362 796 4415 BALS.
827 4360 924 4414 Est
961 4362 1120 4414 etiam
1155 4360 1209 4413 in
1245 4359 1425 4414 Africa
1452 4358 1718 4427 Tripolis;
1743 4367 1796 4411 et
1828 4360 2080 4426 quoniam

2169 587 2427 657 ὁμολογία
2481 591 2511 658 ἢ
2549 594 2615 659 τῇ
2655 592 2969 658 ὑπογραφῇ,
3008 591 3172 657 ἧγουν
3227 589 3321 640 ἐὰν
3367 587 3732 655 ὡμολόγησεν

2168 677 2312 740 ἄξιον
2345 674 2482 728 εἶναι
2516 679 2760 744 γίνεσθαι
2786 677 3102 735 ἐπίσκοπον,
3137 675 3166 742 ἦ
3201 675 3522 742 ὑπέγραψεν
3549 675 3610 723 ἐν
3641 670 3728 738 τῷ

2171 769 2299 833 περὶ
2348 767 2556 818 ἐκείνου
2593 769 2931 835 ψηφίσματι,
2965 763 3157 816 τοῦτον
3205 764 3343 830 μετὰ
3373 762 3548 813 ταῦτα
3589 761 3736 829 λέγῃ

2172 857 2244 925 μὴ
2271 855 2408 910 εἶναι
2447 859 2614 921 ἄξιον,
2647 858 2741 908 καὶ
2767 856 3078 908 ἐναντιῶται
3104 854 3268 914 αὐτὸς
3309 853 3505 919 ἐαυτῷ,
3529 852 3734 902 ἐαυτὸν

2170 948 2528 1015 ἀποστερήσει
2555 950 2651 1014 τῆς
2696 944 3090 1014 ἀρχιερατικῆς
3118 943 3304 1010 τιμῆς,
3338 941 3592 992 τουτέστι
3628 956 3736 990 κα-

2169 1038 2564 1106 θαιρεθήσεται,
2603 1039 2677 1105 μὴ
2702 1036 3022 1094 ἀποδεικνὺς
3053 1034 3113 1084 τὸ
3140 1032 3278 1085 κατὰ
3307 1031 3400 1083 τοῦ
3431 1027 3734 1082 διαϐαλλο-

2173 1129 2332 1194 μένου
2364 1128 2638 1196 αἰτίαμα..

2169 1219 2388 1271 ΑΡΙΣΤ.
2482 1238 2499 1269 ι
2564 1217 2668 1268 Τοῦ
2728 1214 3100 1285 πρωτεύοντος
3161 1212 3561 1275 ἐπιτάττοντος,
3621 1212 3732 1262 καὶ

2241 1327 2259 1359 ι
2307 1312 2454 1376 τρεῖς
2488 1308 2775 1360 ἐπίσκοποι
2823 1303 3156 1357 καθιστῶσιν
3188 1302 3488 1354 ἐπίσκοπον
3515 1316 3530 1332 ο
3561 1298 3660 1350 καὶ
3711 1297 3746 1348 ὀ

2243 1416 2261 1448 ι
2305 1400 2368 1466 τῇ
2405 1397 2580 1465 οἰκεία
2621 1395 2879 1462 ὁμολογίᾳ
2915 1393 2946 1462 ἢ
2983 1393 3276 1460 ὑπογραφῇ
3309 1389 3745 1456 ἐναντιούμενος

2236 1509 2254 1540 ι
2300 1488 2507 1540 οἴκοθεν
2539 1488 2650 1550 ἐξει
2678 1488 2735 1537 τδ
2762 1486 2975 1553 ἄτιμον.
3022 1503 3040 1534 ι

2238 1581 2449 1640 Πάντας
2485 1579 2582 1646 μὲν
2608 1579 2712 1645 χρὴ
2737 1578 3015 1644 παρεῖναι,
3046 1575 3093 1626 εί
3125 1571 3369 1636 δυνατὸν,
3407 1570 3508 1636 τῆς
3548 1571 3747 1638 ἐπαρ-

2171 1673 2290 1742 χίας
2325 1671 2451 1730 τοὺς
2500 1669 2852 1729 ἐπισκόπους,
2890 1667 2978 1718 ὅτε
3011 1665 3197 1730 μέλλει
3235 1660 3495 1731 γενέσθαι
3542 1660 3748 1728 ψῆφος

2170 1762 2470 1813 ἐπισκόπου
2513 1761 2570 1809 ἐν
2599 1759 2718 1819 ταῖς
2752 1759 3111 1824 χηρευούσαις
3145 1754 3470 1813 ἐπισκονπαῖς
3491 1766 3505 1780 ⁸
3545 1748 3750 1810 καθὼς

2173 1856 2265 1904 καὶ
2300 1851 2375 1918 τῷ
2406 1849 2650 1916 τετάρτῳ
2692 1846 2878 1896 κανόνι
2915 1845 3010 1911 τῆς
3041 1846 3098 1894 ἐν
3130 1842 3334 1910 Νικαίᾳ
3378 1839 3599 1891 συνόδου
3643 1838 3750 1889 ὅο-

2171 1947 2274 2002 κεῖ,
2305 1944 2398 1994 καὶ
2444 1939 2518 2008 τῷ
2565 1937 3029 2003 ἐννεακαιδεκάτῳ
3079 1934 3176 2001 τῆς
3217 1934 3276 1984 ἐν
3311 1929 3649 1997 Ἀντιοχείαο
3690 1929 3750 1978 εἰ

2169 2036 2224 2086 δέ
2254 2034 2508 2102 δυσχερὲς
2557 2032 2735 2091 τοῦτο,
2769 2031 2799 2098 ἠ
2835 2029 2923 2081 διά
2979 2029 3150 2096 μῆκος
3200 2023 3343 2086 ὁδοῦ,
3371 2023 3401 2090 ἢ
3434 2022 3501 2074 δι’
3539 2019 3754 2088 ἑτέραν

2170 2125 2289 2176 τινὰ
2319 2125 2590 2192 ἀνάγκην,
2630 2123 2776 2190 τρεῖς
2803 2119 2904 2170 κᾶν
2939 2119 2998 2168 τι
3033 2117 3313 2183 ἐλάχιστον
3365 2113 3603 2178 ἐπιταγῇ
3640 2109 3758 2160 καὶ

2170 2215 2366 2284 γνώμη
2393 2213 2486 2265 τοῦ
2521 2210 2920 2281 μητροπολίτου
2945 2207 3122 2259 αὐτῶν
3145 2209 3243 2274 τὴν
3272 2205 3452 2272 ψῆφον
3483 2203 3759 2261 ποιήσουο

2177 2325 2250 2368 σι,
2311 2307 2616 2374 συμψήσων
2660 2301 2964 2368 γινομένων
3015 2300 3110 2348 καὶ
3169 2296 3280 2348 τῶν
3327 2295 3580 2346 ἀπόντων
3648 2287 3758 2340 διὰ

2175 2397 2542 2465 γραμμάτων.
2575 2393 2638 2444 Εἴ
2666 2410 2748 2452 τις
2781 2392 2835 2441 δέ
2885 2390 2991 2442 τῶν
3053 2386 3373 2439 ἐπισκόπων
3409 2380 3760 2450 ὁμολογήσει

2176 2489 2269 2539 καὶ
2317 2483 2770 2538 διαϐεϐαιὼσεταί
2825 2498 2950 2532 τινα
2996 2479 3143 2542 ἄξιον
3196 2475 3335 2529 εἶναι
3379 2474 3474 2525 τοῦ
3524 2468 3756 2540 βαθμοῦ

2173 2577 2272 2644 τῆς
2321 2575 2668 2642 ὲπισκοπῆς⁸
2713 2570 2832 2624 εἶτα
2888 2571 2976 2623 διά
3027 2587 3081 2620 τι
3141 2567 3311 2627 πάθος
3365 2563 3630 2620 ἐναντίως
3676 2561 3760 2628 τῇ

2175 2669 2435 2736 ὁμολογίᾳ
2473 2665 2640 2718 αὐτοῦ
2673 2665 2704 2733 ἦ
2742 2666 2807 2731 τῇ
2859 2662 3151 2730 ὑπογραφῇ
3179 2658 3439 2726 χωρήσει,
3483 2654 3578 2705 καὶ
3619 2651 3769 2704 ἀνά-

2178 2756 2287 2820 ξιον
2320 2757 2507 2807 τοῦτον
2539 2755 2629 2806 τὸν
2673 2755 2804 2818 παρ’
2856 2751 3019 2803 αὐτοῦ
3053 2748 3373 2814 ἐπιλεγέντα
3420 2742 3640 2809 καλοίη.
3672 2742 3767 2810 μὴ

2175 2846 2544 2915 ἀγνοούμενον
2583 2844 2713 2912 παρ’
2741 2841 2905 2894 αὑτοῦ
2939 2841 3031 2892 καὶ
3070 2839 3262 2908 πρώην
3300 2839 3484 2897 ὁποῖος
3515 2830 3604 2903 ἦν,
3644 2830 3766 2901 τῆς

2173 2939 2380 2999 οἰκείας
2433 2936 2597 3007 τιμῆς
2656 2933 3193 3003 ἀποστερηθήσεται.
3248 2932 3357 2981 Καὶ
3414 2929 3524 2995 γὰρ
3577 2925 3674 2977 καὶ
3729 2925 3766 2976 ὁ

2177 3029 2342 3096 νόμος
2382 3029 2508 3087 τοὺς
2562 3026 2774 3092 ψευδῶς
2826 3025 2856 3091 ἦ
2893 3023 3151 3082 ἐναντίως
3191 3021 3406 3080 ἐαυτοῖς
3463 3015 3766 3086 μαρτυρή-

2104 3135 2382 3196 οσαντας
2435 3117 2524 3168 διὰ
2592 3115 2699 3166 τῶν
2759 3113 3088 3181 προσφόρων
3153 3110 3429 3177 ἀρχόντων
3488 3109 3761 3174 τιμωρεῖ,

2183 3207 2366 3268 καθὼς
2414 3206 2474 3257 τὸ
2524 3203 3092 3273 τεσσαρακαιδέκατον
3125 3200 3423 3268 κεφάλαιον
3463 3198 3557 3249 τοῦ
3593 3197 3763 3262 πρώ-

2182 3316 2275 3351 του
2312 3298 2492 3349 τίτλου
2536 3295 2630 3347 τοῦ
2685 3293 2935 3347 εἰκοστοῦ
2994 3291 3214 3362 πρώτου
3264 3290 3472 3358 βιόλίου
3517 3285 3769 3354 διαλαμ-

2183 3387 2356 3440 6άνει.

2771 3472 3009 3526 ΚΑΝΩΝ
3051 3469 3147 3524 ῙΔ’.

2190 3586 2207 3617 ι
2251 3569 2412 3619 Ὥστε
2437 3568 2544 3619 ἀπὸ
2573 3566 2887 3632 Τριπόλεως
2923 3564 3020 3615 ἕνα
3055 3562 3351 3613 ἐπίσκοπον
3391 3576 3469 3623 ιις
3519 3578 3770 3630 τοποτη-

2873 3657 2966 3708 καὶ
3031 3655 3170 3706 ὥστε
3260 3654 3350 3706 τὸν
3407 3652 3768 3722 πρεσϐύτερα

3069 3743 3364 3796 ἀκούεσθαι
3416 3743 3766 3793 ἐπισκόπων.

2258 3679 2274 3709 ι
2325 3662 2518 3728 ρησίαν
2577 3658 2750 3709 ἐλθεῖν
2772 3675 2786 3723 ;

2262 3768 2277 3798 ι
2330 3753 2534 3800 νέκεῖσε
2624 3747 2728 3799 ὑπὸ
2817 3746 2979 3798 πέντε

2253 3858 2269 3888 ι
2328 3838 2558 3905 Ὁμοίως
2606 3838 2798 3906 ἤρεσεν
2852 3837 2956 3887 ἀπὸ
3008 3835 3324 3904 Τριπόλεως
3373 3832 3461 3884 διὰ
3500 3834 3600 3899 τὴν
3652 3832 3770 3900 τῆς

2260 3947 2276 3977 ι
2324 3928 2505 3996 χώρας
2539 3928 2745 3978 ἔνδειαν
2789 3928 2882 3977 ἕνα
2914 3927 3207 3977 ἐπίσκοπον
3242 3927 3320 3982 είς
3348 3925 3770 3992 τοποτηρησὶαν

2260 4033 2276 4064 ι
2323 4015 2513 4074 ἐλθεῖν,
2578 4013 2670 4064 καὶ
2753 4013 2838 4063 ἵνα
2893 4017 2920 4064 ό
2978 4012 3351 4081 πρεσϐύτερος
3405 4013 3589 4063 ἐκεῖσε
3647 4011 3770 4063 ὑπὸ

2264 4125 2280 4155 ι
2330 4105 2492 4156 πέντε
2532 4105 2796 4173 ἀκούηται
2855 4105 3189 4168 ἐπισκόπων,
3224 4105 3319 4156 καὶ
3366 4104 3611 4165 διάκονος
3647 4103 3771 4154 ὑπὸ

2261 4215 2276 4246 ι
2321 4196 2608 4264 τριῶν,ῶς
2658 4197 2914 4264 ἀνωτέρω
2967 4197 3205 4265 εἴρηται,
3259 4195 3354 4246 τοῦ
3402 4195 3534 4246 ἰδίου
3585 4193 3768 4247 αὑτοῦ

2258 4305 2276 4336 ι
2323 4285 2895 4354 ἐπισκόπουδηλονότι
2933 4285 3381 4353 προκαθημένου.
3424 4303 3443 4336 ›

2262 4377 2456 4427 ΒΑΛΣ.
2490 4376 2643 4427 Ἐστι
2700 4379 2794 4426 καὶ
2838 4379 2894 4427 ἐν
2943 4379 3008 4444 τῇ
3044 4379 3280 4446 Ἀιρρικῇ
3333 4378 3626 4445 Τρίπολις’
3659 4387 3772 4437 καὶ

525 4457 577 4504 iu
610 4471 669 4505 ea
703 4463 856 4506 erant
883 4455 1034 4520 pauci
1066 4456 1326 4521 episcopi,
1352 4452 1539 4504 statuit
1572 4451 1828 4519 synodus,
1859 4461 1916 4502 ut
1945 4465 2074 4504 unus

2194 4470 2310 4520 ἐπεὶ
2341 4473 2482 4538 ὴσαν
2535 4470 2589 4519 ἐν
2637 4469 2772 4537 αὐτῇ
2809 4468 2978 4533 ὀλίγοι
3013 4469 3331 4534 ἐπίσκοποι,
3365 4470 3564 4539 ῶρισεν
3596 4473 3629 4542 ή
3667 4475 3781 4524 σύ-

527 4545 740 4608 quidem
771 4543 915 4593 illinc
963 4544 1211 4594 mittatur
1255 4544 1457 4609 legatus
1485 4543 1549 4592 ad
1576 4543 1969 4594 anniversarias
2001 4556 2086 4608 sy-

532 4631 738 4680 nodos:
773 4642 802 4680 a
849 4629 1084 4694 quinque
1121 4639 1298 4679 autem
1349 4630 1636 4695 episcopis.
1691 4641 1906 4697 propter
1947 4631 2085 4682 anti-

531 4718 715 4770 stittim
750 4719 1095 4784 paucitatem,
1131 4719 1499 4769 examinentur
1528 4734 1702 4770 causa:
1749 4722 2086 4771 sacerdotum

532 4809 860 4872 criminales,
928 4818 981 4860 et
1051 4822 1079 4859 a
1146 4808 1314 4860 tribus
1379 4807 1725 4860 diaconorum
1783 4809 1914 4860 ultra
1971 4811 2088 4862 illos

533 4898 821 4964 episcopis,
859 4899 957 4949 sub
989 4898 1183 4964 quibus
1223 4908 1348 4951 sunt
1384 4897 1705 4964 litigatores,
1745 4901 2085 4963 prtesidenti~

532 4988 653 5040 bus.
713 4989 889 5051 Quare
948 5001 1071 5041 nota
1118 5004 1182 5041 ex
1247 4991 1348 5043 hoc
1404 5004 1616 5058 quoque
1673 5005 1897 5050 canone,
1951 4991 2090 5056 quod

532 5080 790 5145 episcopi,
848 5081 1042 5144 quibus
1101 5081 1329 5150 subjecti
1365 5089 1494 5133 sunt
1548 5081 1867 5147 litigatores,
1899 5081 2090 5133 debent

534 5184 655 5222 esse
706 5169 842 5222 ultra
901 5172 1203 5233 duodecim,
1263 5188 1355 5224 sex
1405 5183 1458 5224 et
1509 5182 1618 5224 tres
1669 5171 1997 5236 conjudices.
2029 5170 2093 5222 Et

535 5261 674 5324 quod
726 5261 769 5311 si
829 5275 940 5313 non
1011 5262 1080 5311 sit
1139 5261 1508 5328 episcoporum
1550 5263 1746 5327 inopia,
1804 5261 1983 5328 plures
2013 5262 2085 5313 bis

536 5351 770 5417 episcopi
829 5351 1028 5402 debent
1078 5365 1273 5403 causas
1335 5366 1540 5416 eorum,
1595 5352 1685 5419 qui
1719 5361 1843 5404 sunt
1875 5352 2068 5404 sacrati

533 5454 878 5505 cognoscere.

2188 4561 2352 4624 νοδος,
2383 4561 2479 4612 ἕνα
2524 4561 2620 4628 μὲν
2653 4560 2970 4627 πέμπεσθαι
3020 4562 3229 4612 ἐκεῖθεν
3262 4565 3653 4632 τοποτηρητὴν
3682 4572 3778 4629 εἰς

2187 4653 2284 4712 τάς
2329 4651 2576 4718 ἐτησίους
2618 4652 2904 4713 συνόδους·
2948 4651 3054 4702 ὑπὸ
3085 4653 3245 4704 πέντε
3306 4653 3361 4704 δὲ
3410 4655 3766 4719 ἐπισκόπων,

2187 4741 2274 4791 διὰ
2317 4741 2416 4808 τὴν
2474 4740 2765 4806 ὀλιγότητα
2814 4740 2922 4790 τῶν
2953 4740 3279 4808 ἀρχιερέων,
3321 4740 3608 4809 τηρεῖσθαι
3662 4743 3778 4803 τὰς

2190 4831 2599 4899 ἐγκληματικὰς
2633 4831 2740 4881 τῶν
2769 4831 2961 4899 ἱερέων
2996 4830 3305 4894 ὑποθέσεις,
3341 4833 3433 4883 καὶ
3455 4831 3560 4883 ὑπὸ
3590 4835 3774 4902 τριῶν

2193 4923 2290 4983 τὰς
2341 4923 2449 4972 τῶν
2498 4923 2796 4983 διακόνων,
2860 4923 3180 4987 ὀορειλόντων
3239 4927 3492 4976 ἐπέκεινα
3553 4926 3777 4977 τούτων

2195 5012 2574 5080 προκαθῆσθαι
2603 5015 2696 5063 καὶ
2741 5014 2848 5063 τῶν
2883 5014 3220 5076 ἐπισκόπων,
3261 5013 3351 5080 ὑφ’
3390 5013 3484 5075 οὒς
3522 5017 3572 5065 oi
3606 5016 3775 5068 δικα-

2199 5104 2416 5169 ζόμενοι
2446 5103 2750 5154 τάττονται.
2779 5103 2946 5154 Ὥστε
2975 5104 3282 5172 σημείωσαι
3312 5109 3403 5156 καὶ
3434 5103 3544 5155 ἀπὸ
3568 5106 3776 5160 τούτου

2194 5191 2276 5240 ὅτι
2305 5191 2352 5239 οἱ
2390 5190 2697 5252 ἐπίσκοποι,
2727 5192 2775 5241 οἱ
2820 5191 3035 5259 ἔχοντες
3074 5191 3162 5258 ὑφ’
3194 5194 3420 5255 ἑαυτοὺς
3451 5195 3576 5255 τοὺς
3610 5194 3777 5246 δικα-

2198 5280 2478 5347 ζομένους,
2506 5282 2762 5333 ἐπέκεινα
2793 5281 3102 5348 ὀφείλουσιν
3135 5278 3274 5336 εἶναι
3306 5288 3404 5353 τῆς
3435 5285 3772 5349 δωδεκάδος.

2197 5374 2291 5438 τῆς
2332 5374 2641 5436 ἐξάδοςκαὶ
2687 5376 2786 5441 τῆς
2828 5374 3047 5441 τριάδος
3074 5376 3182 5426 τῶν
3220 5375 3615 5430 συνδικαστῶν.
3651 5379 3776 5432 Καὶ

2200 5466 2300 5526 ὅτι,
2335 5464 2540 5524 ἐνδείας
2576 5465 2649 5532 μὴ
2696 5463 2860 5533 οὔσης
2893 5467 3229 5529 ἐπισκόπων,
3266 5467 3512 5524 πλείονες
3555 5470 3777 5523 τούτων

2205 5554 2492 5604 ἐπίσκοποι
2530 5554 2804 5619 όνρεὶλουσι
2839 5558 3024 5622 τηρεῖν
3059 5557 3154 5616 τάς
3184 5556 3469 5619 ὑποθέσεις
3518 5557 3626 5609 τῶν
3676 5561 3778 5610 ιε-

2203 5647 2476 5710 ρι-νμέ’.ιον.

619 5729 858 5788 ΖΟΝΛΒ.
900 5732 1156 5799 Tripolim
1195 5730 1334 5783 illam
1373 5745 1489 5798 qute
1526 5730 1577 5782 in
1607 5731 1786 5783 Africa
1821 5733 2064 5802 intelligit

2272 5734 2506 5785 ΖΩΝΑΡ.
2536 5733 2793 5797 Τρίπολιν
2818 5736 2913 5798 τὴν
2946 5735 3002 5790 ἐν
3051 5736 3280 5807 Ἀφρικῇ
3313 5737 3480 5806 λέγει.
3515 5735 3627 5790 Ἦν
3658 5740 3776 5811 γὰρ
