3982 6452
120 383 189 448 59
1219 396 1302 457 ΙΝ
1337 395 1498 456 CAN.
1539 397 1639 458 XV
1673 393 1879 456 CONC.
1923 394 2296 456 CARTHAG.
2356 451 2367 458 _
3284 397 3358 459 70

123 499 274 549 riu!
321 499 636 570 Τρίπολις,
677 502 804 555 ἔνθα
841 503 1024 570 ὀλίγοι
1067 501 1204 575 ἦσαν
1249 506 1564 559 ἐπίσκοποι.
1614 503 1703 556 Διδ

1812 501 1943 557 Erat
1994 503 2260 571 siquidem
2291 505 2342 557 in
2374 519 2434 559 ea
2469 519 2678 574 quoque
2741 506 2953 574 regione
3007 504 3257 574 Tripolis,
3295 510 3348 563 in

121 589 211 640 καὶ
259 590 366 642 ενα
417 594 815 664 τοποτηρητὴν
878 597 1086 665 ὥρισεν
1134 597 1166 664 ἡ
1219 595 1433 658 σύνοδος
1488 594 1702 649 ἐκεῖθεν

123 677 487 744 πιμπεσθαι·
538 683 626 734 διὰ
677 683 734 735 δέ
782 683 886 752 τὴν
931 684 1106 753 αὐτὴν
1159 686 1336 736 αίτίαν
1388 684 1486 736 καὶ
1541 685 1702 736 πέντε

121 769 470 832 ἐπισκόπους
531 775 722 840 ἀρκεῖν
793 773 1172 827 διετυπῶσατο
1226 775 1306 832 είς
1356 774 1418 826 τὸ
1483 774 1704 826 δικασαι

122 857 546 927 πρεσϐύτερον,
578 861 1005 929 προκαθημένου
1035 862 1129 914 τοῦ
1167 863 1487 924 ἐπισκόπου,
1515 861 1608 924 ὑφ’
1643 861 1703 914 ὃν

121 946 394 998 τέτακται
419 950 449 999 6
479 948 836 1017 δικαζόμενος
867 949 1257 1018 πρεσϐύτερος,
1276 949 1413 1003 ὥστε
1446 948 1513 1010 ἐξ
1542 950 1703 1004 πάλιν

120 1029 265 1088 εἶναι
290 1038 431 1098 τοὺς
459 1037 866 1107 διαγνώμονας.

122 1210 358 1264 ΔΡΙΣΤ.
429 1232 450 1263 ι
505 1212 606 1265 Διὰ
653 1213 754 1282 τὴν
801 1214 885 1277 είς
933 1215 1196 1283 Τρίπολιν
1237 1216 1346 1269 τῶν
1389 1216 1704 1270 ἐπισκόπων

197 1318 223 1352 σ
268 1302 490 1354 ἔνδειαν
541 1303 635 1354 καὶ
688 1299 770 1364 εἷς
823 1303 1120 1368 ἐπίσκοπος
1168 1307 1248 1368 είς
1295 1306 1705 1375 τοποτηρησίαν

193 1410 226 1442 r
259 1393 563 1462 ἐπάρκιος.
597 1409 618 1443 ι

190 1480 256 1533 οε
292 1483 402 1548 μὲν
434 1480 588 1533 ἄλλοι
634 1481 744 1532 τῶν
774 1481 1058 1549 ἐπαρχιῶν
1103 1482 1355 1551 πρόεδροι
1394 1481 1487 1534 δύο
1530 1482 1562 1549 ἢ
1611 1482 1705 1534 καὶ

126 1573 392 1633 πλείονας
469 1572 806 1633 ἐπισκόπους
890 1572 1268 1640 τοποτηρητὰς
1355 1572 1702 1638 ἐπιλέγεσθαι

127 1660 478 1728 ὡρίσθησαν,
539 1661 632 1710 καὶ
688 1660 1041 1712 ἀποστέλλειν
1096 1661 1294 1720 αὐτοὺς
1344 1661 1403 1711 ἐν
1459 1664 1523 1728 τῇ
1577 1660 1701 1713 κατ’

1810 604 1914 655 qua
1941 591 2309 657 episcoporum
2325 606 2580 644 numerus
2605 592 3095 658 saneexiguusfuit.
3121 592 3354 648 Proinde

1808 682 1860 725 et
1887 690 2050 726 unum
2098 689 2160 727 ex
2191 689 2253 728 eo
2285 676 2399 728 loco
2431 677 2658 742 legatum
2700 681 2904 745 synodo
2956 681 3207 731 destinari
3241 681 3355 746 pla-

1816 763 1946 825 cuit,
1987 773 2042 814 et
2099 766 2336 816 eamdem
2383 765 2453 817 ob
2500 780 2741 828 causam,
2803 781 2906 818 non
2943 769 3164 833 amphos
3195 783 3356 836 quam

1807 849 2047 915 quinque
2070 851 2367 917 episcopos,
2389 866 2474 916 eo,
2501 854 2583 906 cui
2615 853 2885 918 subjectus
2908 863 2988 906 est
3040 869 3178 919 reus,
3213 871 3359 922 qum-

1811 937 1968 990 slioni
2002 939 2274 1005 prterecto,
2305 955 2425 992 cum
2471 956 2577 1008 quo
2613 955 2706 993 sex
2758 941 3002 994 videlicet
3055 947 3357 1010 cognitores

1812 1029 2232 1094 constituantur,
2263 1029 2315 1081 in
2341 1029 2642 1082 sacerdotis
2677 1045 2839 1084 causa
2871 1030 3079 1096 judices
3111 1048 3361 1086 necessa-

1811 1116 1893 1167 rio
1922 1116 2255 1169 adhibendos
2283 1132 2404 1172 esse
2427 1119 2689 1171 decernit.

1811 1202 2035 1256 ARIST.
2086 1222 2104 1256 ι
2139 1204 2363 1271 Propter
2417 1206 2651 1274 inopiam
2707 1207 2910 1276 Tripoli
2963 1211 3356 1278 episcoporum,

1891 1311 1909 1342 ι
1947 1309 2084 1347 unus
2141 1298 2301 1348 etiam
2349 1297 2629 1365 episcopus
2679 1297 2744 1351 ad
2828 1297 3140 1366 legationem
3207 1300 3357 1354 sum-

1888 1400 1907 1434 t
1942 1384 2038 1439 cit.
2084 1402 2103 1435 ι

1878 1471 1979 1524 Alii
2001 1473 2212 1540 quidem
2243 1474 2636 1539 provinciarum
2660 1475 2911 1541 praesides
2937 1476 3065 1531 duos
3094 1477 3174 1530 vel
3196 1478 3355 1531 etiam

1811 1561 1987 1627 plures
2026 1565 2302 1630 episcopos
2332 1563 2537 1629 legatos
2559 1566 2755 1632 eligere
2779 1565 2828 1618 in
2855 1567 3119 1619 mandatis
3136 1580 3358 1633 accepe-

1814 1662 1961 1714 runt,
2001 1665 2198 1717 eosque
2256 1652 2319 1704 ad
2368 1652 2632 1718 synodum
2687 1652 3010 1717 Carthagine
3066 1654 3353 1721 quotannis

127 1749 388 1801 ἐνιαυτδν
419 1748 625 1818 συνόδῳ
659 1751 718 1801 ἐν
769 1751 1080 1819 Καρχηδόνι
1103 1766 1118 1781 °
1155 1750 1260 1802 ἀπὸ
1303 1752 1360 1802 δὲ
1391 1751 1703 1818 Τριπόλεως

1814 1742 2048 1796 habitam
2085 1742 2314 1794 mittere.
2356 1743 2399 1793 A
2431 1740 2627 1806 Tripoli
2659 1752 2836 1794 autem
2867 1751 2921 1795 et
2951 1759 3109 1795 unum
3146 1745 3358 1810 episco-

129 1839 224 1887 καὶ
256 1837 360 1886 ἕνα
400 1837 705 1888 ἐπίσκοπον
742 1839 1012 1904 ἐπαρκεῖν
1039 1840 1122 1899 είς
1161 1839 1567 1908 τοποτηρησίαν
1615 1839 1703 1893 διὰ
1731 1820 1780 1879 Β
1808 1844 1931 1897 Ρ¹¹η¹
1959 1829 2022 1881 3d
2058 1829 2373 1897 legationem
2424 1830 2664 1883 δυίῙίοθΓθ
2719 1841 2939 1898 ντοριετ
2985 1833 3357 1898 εμίεοοροτυω

129 1924 225 1993 τὴν
247 1925 364 1974 τῶν
393 1920 716 1975 ἐπισκόπων
749 1925 981 1978 ἔνδειαν.

733 2033 972 2086 ΚΔΝΩΝ
1025 2031 1123 2087 ιε’.

139 2139 155 2170 ι
201 2122 346 2192 Περὶ
395 2125 673 2194 διαφόρων
722 2122 932 2186 τάξεων
982 2125 1082 2189 τῆς
1127 2121 1458 2190 Ἐκκλησίας
1497 2120 1709 2172 δουλευ-

203 2232 227 2264 ί
270 2214 390 2265 τῶν
440 2214 593 2284 (15)ο
647 2211 828 2273 ὥστε,
881 2213 978 2263 ἐάν
1042 2227 1124 2273 τις
1176 2213 1254 2274 είς
1305 2210 1706 2279 ἐγκληματικὸν

199 2319 222 2350 ‹
269 2304 516 2370 πρᾶγμα
572 2301 869 2370 περιπέσῃ,
913 2301 1009 2351 καὶ
1059 2300 1468 2368 παραιτήσηται
1501 2298 1560 2350 τὸ
1613 2299 1705 2350 ἐκ-

209 2409 229 2441 ι
274 2392 675 2460 κλησιαστικδν
715 2375 1087 2458 δικαστήριον,
1118 2389 1354 2456 ὀφείλειν
1403 2388 1494 2440 τὸν
1525 2388 1705 2440 τοιοῦ-

207 2502 225 2528 ι
262 2497 361 2532 τον
394 2480 750 2544 κινδυνεύειν,
778 2481 873 2531 καὶ
902 2478 1042 2532 ὥστε
1078 2478 1150 2530 τὰ
1173 2478 1335 2531 τέκνα
1367 2479 1476 2530 τῶν
1508 2478 1704 2546 ἱερέων

207 2591 222 2619 ι
265 2572 567 2639 κωμικοῖς
637 2571 887 2638 θεωρίοις
957 2569 1032 2636 μὴ
1087 2570 1397 2637 προσιέναι.
1471 2567 1704 2635 Ὁμοίως

203 2681 220 2710 ι
263 2662 494 2730 ῆρεσεν,
526 2662 614 2712 ἶνα
669 2661 818 2721 ὅστις
880 2660 1082 2728 δήποτε
1129 2659 1238 2710 τῶν
1293 2657 1610 2709 ἐπισκόπων
1665 2658 1698 2727 ἦ

203 2768 220 2798 ι
270 2751 669 2820 πρεσϐυτέρων
693 2750 725 2818 ἢ
751 2750 1019 2802 διακόνων
1053 2749 1086 2817 ἢ
1118 2747 1414 2816 κληρικῶν,
1449 2747 1704 2816 πράγμα-

208 2858 223 2887 ι
264 2855 366 2900 τος
415 2838 568 2907 αὐτῷ
622 2837 1034 2906 ἐγκληματικοῦ
1103 2839 1134 2906 ἢ
1185 2835 1466 2888 πολιτικοῦ
1528 2840 1585 2886 ἐν
1633 2839 1699 2905 τῇ

204 2944 222 2974 ι
271 2927 552 2995 ἐκκλησίᾳ
599 2926 948 2994 κινουμένου,
997 2925 1091 2975 ἐὰν
1147 2925 1580 2993 παραιτούμενος
1638 2927 1702 2976 τὸ

203 3038 219 3068 ι
259 3019 733 3087 ἐκκλησιαστικὸν
781 3017 1138 3085 δικαστήριον
1178 3016 1461 3084 δημοσίοις
1497 3015 1700 3085 θελήσῃ

206 3129 223 3159 ι
266 3110 621 3179 καθαρθῆναι
667 3107 1064 3176 δικαστηρίοις,
1106 3106 1206 3159 κᾶν
1249 3107 1390 3173 ὑπὲρ
1449 3106 1614 3160 αὐτοῦ
1664 3110 1698 3176 ή
1729 3127 1772 3188 c

205 3217 222 3248 ι
264 3200 455 3266 ψῆφος
491 3197 803 3266 ἐκφωνηθῇ,
835 3201 992 3265 ὅμως
1041 3196 1132 3248 τὸν
1182 3196 1311 3248 ίδιον
1365 3196 1528 3248 τόπον
1567 3197 1701 3248 ἀπο-

204 3307 220 3338 ι
266 3290 430 3357 λέσῃ.
465 3288 576 3338 Καὶ
618 3286 773 3336 τοῦτο
825 3288 925 3353 μὲν
975 3287 1068 3336 ἐπὶ
1106 3284 1199 3335 τοῦ
1247 3285 1694 3353 ἐγκληματικοῦο

207 3398 225 3426 ι
274 3379 378 3428 ἐπὶ
418 3377 480 3428 δὲ
528 3375 828 3434 πολιτικοῦ,
863 3375 1108 3445 ἀπολέσῃ
1151 3376 1210 3426 τὸ
1242 3379 1323 3437 είς
1355 3376 1382 3427 δ
1426 3376 1697 3443 ἐνίκησεν,

203 3485 222 3516 ι
269 3468 376 3518 ἐὰν
401 3467 495 3516 τὸν
524 3466 651 3516 ῑδιον
676 3465 839 3516 τόπον
871 3463 1076 3533 Θελήσῃ
1105 3466 1374 3534 κατέχειν.
1403 3466 1510 3518 Καὶ
1543 3464 1701 3518 τοῦτό

203 3574 223 3603 ι
271 3571 344 3620 γε
410 3555 520 3622 μὴν
581 3553 796 3621 ἤρεσεν,
852 3552 1016 3614 ὥστε,
1074 3553 1168 3603 ἐὰν
1220 3555 1326 3605 ἀπὸ
1373 3553 1698 3620 οἰωνδήποτε

204 3663 224 3697 ι
272 3645 553 3697 δικαστῶν
582 3641 1052 3710 ἐκκλησιαστικῶν
1083 3644 1174 3694 ἐπὶ
1203 3643 1397 3703 ἄλλους
1430 3642 1696 3704 δικαστὰς

203 3753 222 3784 ι
267 3734 788 3801 ἐκκλησιαστικοὺς,
828 3734 1050 3800 ἔχοντας
1103 3730 1321 3797 μείζονα
1369 3735 1468 3799 τὴν
1507 3731 1699 3782 αὐθεν-

201 3840 220 3872 ι
265 3823 416 3881 τίαν,
438 3820 697 3886 ἐκκλητος
727 3822 972 3885 γένηται,
1000 3817 1167 3885 μηδὲν
1193 3818 1449 3885 βλάπτειν
1479 3819 1700 3880 τούτους

201 3931 219 3960 ι
269 3905 356 3963 ὗν
387 3912 421 3979 ἡ
452 3910 632 3976 ψῆφος
665 3909 870 3968 λύεται,
906 3907 1003 3958 ἐὰν
1036 3908 1361 3977 ἐλεγχθῆναι
1419 3910 1492 3978 μὴ
1538 3910 1698 3977 δυνη-

206 4018 223 4050 σ
269 4001 447 4053 θῶσιν
493 4001 523 4067 ἢ
566 3999 708 4050 κατὰ
771 3998 974 4068 ἔχθραν
1022 3998 1055 4067 ἢ
1109 4000 1249 4052 κατὰ
1319 4001 1697 4069 προσπάθειαν

200 4110 218 4139 ι
266 4090 637 4149 ἂδικακέναι,
669 4090 703 4157 ἦ
752 4106 856 4140 τινι
907 4090 1091 4156 χάριτι
1145 4090 1561 4160 ὑποφθαρῆναν
1600 4093 1696 4144 ἐὰν

199 4197 218 4228 σ
263 4177 328 4229 δὲ
360 4177 504 4228 κατὰ
527 4178 836 4227 συναίνεσιν
864 4177 974 4228 τῶν
1007 4179 1188 4245 μερῶν
1220 4181 1564 4245 ἐπιλεγέντες
1595 4177 1696 4236 ὦσι

199 4286 215 4318 ι
265 4270 552 4333 δικασταὶ,
614 4269 662 4319 εἰ
747 4270 843 4320 καὶ
909 4267 1223 4339 ὀλιγώτεροι
1297 4271 1510 4324 ἐσονται
1585 4275 1694 4326 τῶν

199 4379 215 4408 ι
261 4360 620 4428 ὁρισθέντων,
654 4358 728 4425 μὴ
763 4357 963 4419 ἐξεῖναι
995 4357 1370 4412 ἐκκαλεῖσθαι.
1402 4362 1513 4413 Καὶ
1546 4362 1690 4415 ὥστε

197 4469 215 4499 ι
257 4453 341 4500 τὰ
366 4449 533 4499 τέκνα
562 4447 674 4520 τῶν
701 4449 887 4518 ἱερέων
918 4446 1120 4514 Θεώρια
1167 4450 1406 4516 κοσμικὰ
1439 4452 1693 4520 μὴέκτεο
1729 4438 1768 4488 θ

196 4556 214 4588 ι
259 4538 379 4589 λιίν
432 4537 571 4604 μηδὲ
631 4517 874 4604 θεωρεῖν.
926 4536 1094 4588 Τοῦτο
1159 4538 1213 4590 δὲ
1264 4542 1357 4591 καὶ
1407 4517 1539 4592 πᾶσι
1584 4546 1694 4604 τοῖς

195 4649 212 4678 ι
256 4631 620 4699 Χριστισνοίς
688 4631 774 4680 ἀεὶ
850 4631 1209 4697 κεκήρυκται,
1272 4631 1415 4683 ὥστε
1487 4634 1693 4685 τούτων

196 4739 216 4771 ι
261 4721 591 4789 ἀπέχεσθαι,
619 4717 760 4770 ὥστε
786 4719 920 4770 ὅπου
938 4716 1274 4788 βλασφημίαι
1297 4721 1401 4773 εἰσὶ
1426 4721 1499 4791 μὴ
1530 4739 1698 4792 προσ-

195 4831 214 4858 σ
259 4812 422 4864 ιέναι.
462 4830 481 4861 ι

195 4905 388 4955 ιιΔΔΣ.
427 4902 532 4954 Καὶ
567 4901 678 4951 ἀπὸ
704 4899 815 4952 τῶν
843 4901 1025 4969 νόμων
1053 4916 1145 4952 και
1176 4903 1282 4953 ἀπὸ
1310 4903 1419 4954 τῶν
1449 4904 1691 4959 κανόνων

129 4993 354 5057 δέδοται,
388 4993 464 5060 μὴ
519 4990 668 5059 ἔχειν
726 4987 822 5041 ἐπ’
864 4987 1064 5065 -ἁδείας
1119 4990 1349 5044 ἕκαστον
1407 4993 1538 5063 παρ’
1596 4997 1692 5065 οἴῳ

135 5084 368 5144 μέλεται
386 5080 725 5151 δικαστηρίῳ
749 5063 1242 5148 ἀποκριματίστως
1264 5085 1498 5150 ἐνάγειν.
1525 5063 1690 5140 ’Δλλα

134 5174 234 5234 rei;
273 5177 369 5238 μὲν
398 5176 606 5235 λαῐκοίς
635 5169 1085 5238 ἁπενεμήθησαν
1133 5173 1199 5222 τὰ
1236 5174 1489 5226 πολιτικᾶ
1541 5176 1694 5228 δικα-

143 5265 466 5329 πήρωντοῐς
496 5264 551 5316 δὲ
610 5261 948 5332 ἱερωμένοις
1006 5259 1100 5310 καὶ
1152 5264 1265 5322 τοῖς
1319 5269 1571 5333 μοναχοίς
1619 5268 1685 5319 τὰ

129 5347 540 5426 ἱαληπαστωά.
602 5356 678 5410 Εἴ
718 5371 811 5416 τις
867 5346 966 5404 οὗν
999 5353 1306 5423 ἱερωμένος,
1342 5362 1505 5424 φησὶν
1532 5365 1559 5413 ὁ
1595 5383 1694 5418 κα-

1810 1919 2060 1985 inopiam.

2396 2028 2622 2085 CANON
2652 2029 2766 2085 XV.

1815 2135 1834 2169 ι
1874 2118 1945 2172 De
1977 2119 2200 2172 diversis
2230 2121 2501 2174 ordinibus
2528 2121 2776 2174 Ecclesia:
2807 2122 3180 2184 servientibus,
3220 2131 3277 2175 ut
3305 2122 3354 2178 si

1881 2227 1900 2259 ι
1939 2210 2059 2279 quis
2095 2211 2145 2262 in
2183 2210 2344 2280 530
2373 2211 2646 2262 criminale
2689 2210 2961 2276 negotium
3009 2210 3269 2271 inciderit,
3306 2219 3360 2262 et

1882 2315 1902 2348 ι
1937 2300 2181 2352 abnuerit
2235 2300 2494 2366 judicium
2565 2298 3008 2362 ecclesiasticum,
3064 2299 3252 2350 debeat
3305 2298 3358 2350 iu

1883 2405 1901 2437 ι
1938 2387 2232 2454 periculum
2274 2388 2475 2449 venire,
2511 2396 2563 2440 et
2618 2396 2673 2439 ut
2739 2389 2828 2438 tilii
2891 2389 3225 2440 sacerdotum
3288 2389 3357 2440 a.l

1883 2494 1902 2527 ι
1942 2478 2209 2528 mundana
2265 2477 2568 2542 Spectacula
2610 2491 2718 2528 non
2767 2477 3039 2528 accedant.
3102 2476 3362 2528 Similiter

1881 2584 1900 2617 ι
1940 2566 2157 2635 placuit.
2194 2576 2250 2617 ut
2291 2567 2593 2633 quicunque
2634 2566 2919 2632 episc0pus
2951 2565 3050 2624 vel,
3078 2567 3358 2632 presbyter

1883 2675 1901 2707 ι
1944 2657 2028 2710 vel
2063 2657 2318 2710 diaconus
2352 2656 2432 2708 vel
2482 2656 2737 2718 clericus,
2798 2655 3064 2707 criminali
3108 2655 3185 2707 vel
3217 2654 3360 2706 civili

1883 2762 1902 2794 ι
1948 2743 2315 2797 controversia
2347 2743 2396 2794 in
2432 2741 2666 2795 Ecclesia
2723 2742 2978 2795 adversus
3007 2755 3134 2793 eum
3195 2752 3359 2801 mota,

1881 2852 1898 2884 ι
1941 2837 1986 2887 si
2017 2847 2271 2885 recusans
2304 2833 2481 2884 rerum
2504 2832 2925 2884 ecclesiasticum
2954 2830 3080 2883 velit
3131 2830 3359 2896 publicis

1882 2942 1901 2974 ι
1933 2923 2150 2989 judiciis
2195 2922 2437 2990 purgari,
2491 2921 2698 2974 etiamsi
2734 2937 2830 2989 pro
2864 2936 2928 2974 eo
2959 2920 3220 2972 sententia
3253 2919 3359 2971 lata

1881 3030 1900 3063 ι
1937 3013 2027 3074 sit,
2061 3021 2240 3065 tamen
2275 3012 2552 3080 proprium
2583 3011 2755 3065 locum
2791 3011 3019 3064 amittat.
3050 3011 3114 3062 Et
3153 3011 3202 3062 id
3237 3010 3358 3077 qui-

1882 3121 1902 3155 (
1940 3107 2058 3157 dem
2111 3103 2165 3155 in
2195 3103 2498 3166 criminati;
2537 3102 2588 3155 in
2637 3102 2777 3155 civili
2827 3111 3028 3163 autem,
3064 3100 3252 3169 perdat
3307 3099 3361 3152 id

1880 3212 1899 3244 ι
1933 3209 2030 3262 pro
2060 3208 2165 3260 quo
2200 3193 2464 3246 actionem
2501 3192 2747 3253 intendit,
2775 3190 2819 3245 si
2876 3195 3146 3257 proprium
3184 3188 3359 3239 locum

1880 3300 1898 3332 ι
1937 3280 2180 3334 obtinere
2212 3279 2462 3333 voluerit.
2494 3279 2672 3346 Atque
2726 3279 2828 3330 hoc
2853 3279 3066 3345 quidem
3117 3276 3359 3343 placuit;

1881 3388 1901 3420 ι
1939 3379 1994 3422 ιιι
2043 3370 2089 3423 si
2126 3383 2156 3422 a
2191 3369 2604 3438 quibuscunque
2659 3352 3040 3421 ecclesiasticis
3091 3367 3362 3432 judicihus

1878 3479 1898 3511 ι
1935 3462 2001 3515 ad
2058 3459 2190 3512 alios
2241 3459 2452 3527 judices
2513 3457 2932 3519 ecclesiasticos,
2976 3457 3230 3524 majorem
3261 3468 3361 3522 po-

1877 3569 1895 3601 σ
1942 3558 2190 3603 testatem
2229 3540 2510 3612 habentes,
2552 3547 2970 3614 ﬁatappellatio,
3003 3545 3053 3597 id
3104 3543 3238 3595 nihil
3262 3557 3358 3594 eos

1877 3659 1894 3690 ι
1939 3640 2096 3692 laedat
2128 3640 2357 3690 duorum
2417 3637 2678 3689 sententia
2735 3635 2984 3697 solvitur,
3020 3635 3063 3688 si
3113 3633 3359 3686 convinci

1879 3747 1898 3779 ι
1941 3743 2046 3780 non
2083 3730 2293 3794 possint
2327 3725 2408 3778 vel
2464 3726 2590 3776 odio
2641 3723 2718 3776 vel
2768 3724 2940 3790 aliqua
3005 3724 3168 3775 animi
3228 3722 3360 3774 atie-

1878 3839 1896 3870 ι
1931 3820 2106 3872 ctione
2133 3819 2430 3886 judicasse,
2493 3815 2573 3868 vel
2618 3818 2782 3882 gratia
2847 3817 3025 3883 aliqua
3072 3823 3354 3879 corruptos

1879 3928 1898 3961 ι
1936 3923 2092 3974 esse;
2130 3909 2211 3961 sin
2253 3917 2430 3960 autent
2471 3919 2536 3959 ex
2591 3919 2860 3957 consensu
2922 3905 3152 3971 partium
3201 3900 3361 3954 electi

1876 4019 1895 4052 ι
1932 4000 2040 4053 sint
2066 3999 2294 4065 judices,
2321 3998 2530 4050 etiamsi
2582 3996 2694 4051 sint
2743 3995 3044 4062 pauciores,
3094 4007 3255 4060 quam
3290 3993 3361 4042 sit

1875 4105 1893 4137 ι
1933 4068 2227 4146 deﬁnitum,
2293 4101 2396 4137 non
2430 4085 2595 4138 licere
2659 4084 2950 4152 appellare.
2983 4082 3048 4133 Et
3084 4091 3138 4132 ut
3176 4096 3360 4132 sacer-

1875 4196 1895 4228 ‹
1939 4179 2120 4230 dolum
2158 4176 2271 4239 lilii,
2301 4176 2578 4229 sazcularia
2611 4175 2915 4240 spectacula
2969 4188 3064 4226 nec
3098 4182 3364 4241 peragant

1876 4284 1895 4316 ι
1946 4281 2044 4319 nec
2071 4273 2338 4334 Spectent.
2388 4264 2502 4316 Hoc
2530 4274 2706 4316 autem
2739 4271 2794 4314 et
2820 4263 3070 4316 omnibus
3098 4261 3364 4314 Christia-

1876 4377 1894 4408 ι
1926 4360 2009 4411 nis
2033 4372 2246 4425 semper
2271 4365 2351 4407 est
2378 4353 2746 4414 interdictum,
2777 4360 2832 4404 ut
2856 4352 2923 4404 ab
2950 4351 3014 4403 iis
3035 4351 3361 4409 abstineant,

1873 4467 1891 4498 ι
1927 4459 1982 4500 ut
2013 4447 2100 4500 ubi
2133 4453 2261 4500 sunt
2314 4443 2662 4512 blasphemia:
2696 4449 2749 4495 et
2801 4439 3083 4494 maledicta
3120 4455 3222 4490 non
3271 4455 3363 4489 ac—

1875 4556 1894 4590 ι
1931 4541 2142 4594 cedant.
2183 4556 2201 4590 ι

1872 4927 2064 4981 BALS.
2092 4928 2156 4982 Et
2192 4944 2220 4983 a
2257 4929 2462 5000 legibus
2488 4943 2540 4986 et
2564 4948 2595 4986 a
2626 4934 2924 4987 cauonibus
2962 4937 3212 4988 traditum
3243 4949 3352 4999 est,

1800 5035 1904 5072 nou
1931 5020 2093 5073 licere
2124 5021 2411 5090 unicuique
2439 5025 2578 5089 apud
2632 5027 2988 5092 quodcunque
3022 5029 3146 5079 velit
3177 5028 3349 5080 forum

1799 5112 1934 5162 citra
1976 5109 2346 5178 praijudicium
2379 5127 2558 5179 agere.
2593 5115 2695 5167 Sed
2733 5115 2884 5170 laicis
2909 5121 3126 5184 quidem
3159 5122 3360 5176 tributa

1797 5212 1920 5252 sunt
1952 5197 2068 5252 fora
2122 5201 2298 5253 civilia
2333 5219 2346 5254 :
2381 5204 2460 5257 eis
2510 5214 2714 5268 autem,
2750 5207 2840 5273 qui
2876 5217 3000 5260 sunt
3047 5212 3268 5274 sacrati,
3306 5224 3357 5264 et

1797 5289 2081 5342 monachis
2109 5292 2503 5346 ecclesiastica.
2542 5291 2596 5347 Si
2626 5299 2747 5363 qui.»
2773 5313 2924 5364 ergo,
2959 5297 3132 5366 inquit
3159 5316 3354 5359 canon.

1797 5388 2086 5444 sacratus,
2156 5381 2256 5434 hac
2284 5387 2668 5438 constitutione
2723 5397 3049 5457 contempta,
3100 5391 3150 5442 in
3214 5393 3357 5446 civili

1358 5501 1553 5565 Guill.
1581 5509 1903 5592 Beveregii
1935 5525 2124 5580 notae.

48 5609 58 5700 ,1)
115 5695 122 5701 ,
166 5623 253 5706 (I5)
281 5629 387 5713 Τῆς
411 5621 793 5690 ἐκκλησίας
831 5613 1196 5671 δουλευτῶν.
1241 5620 1300 5675 In
1334 5637 1466 5679 mss.
1502 5629 1699 5685 Amerh

1809 5638 1932 5692 iano
1957 5654 2009 5695 et
2039 5643 2345 5702 Eteniensi
2407 5652 2607 5704 rectius
2667 5652 2882 5719 legitur,
2948 5653 3024 5721 Τῇ
3085 5653 3352 5723 ἐκκλησίᾳ

109 5699 436 5758 ἱναὶενουσών.
