3982 6454
629 395 697 459 71
1877 378 2152 438 THEOD.
2202 373 2598 436 BALSAMON
3785 364 3846 421 7‘2

626 501 830 572 judicio
862 500 1118 552 adversus
1160 503 1432 548 sacratum
1468 490 1551 543 vel
1581 489 1901 543 monachum
1939 489 2192 542 crimina-

2321 485 2414 552 ὼν,
2486 483 2905 554 καταφρονήσας
2981 481 3076 551 τῆς
3147 478 3408 548 τοιαύτης
3476 475 3844 547 θεσμοθεσίας,

635 595 736 647 lem
769 593 1034 644 actionem
1068 585 1395 647 intenderit;
1425 580 1506 633 vel
1553 581 1598 634 si
1639 583 1760 650 quis
1786 580 1851 633 ad
1883 590 2190 646 competens

633 685 808 736 forum
869 677 1294 733 ecclesiasticum
1361 684 1587 737 tractus,
1651 673 1700 724 id
1760 670 2110 733 recusaverit,
2139 680 2193 724 et

634 774 905 844 publicum
967 785 1061 822 seu
1115 768 1270 822 civile
1322 766 1544 833 elegerit
1597 764 1672 831 (id
1729 763 1872 815 enim
1919 772 2004 815 est
2061 761 2193 814 velle

635 865 877 935 purgari,
939 877 1030 914 seu
1085 876 1111 910 a
1155 857 1380 911 crimine
1415 854 1550 908 velle
1583 853 1787 906 absolvi
1832 853 2195 917 iunocensque

633 953 899 1008 declarari
967 965 1060 1016 per
1115 949 1386 1016 publicum
1413 941 1720 1012 ju'dicium).
1763 943 1974 994 etiamsi
2006 942 2058 994 in
2106 941 2196 994 illo

639 1046 856 1113 publico
911 1043 1110 1108 judicio
1173 1036 1388 1098 vicerit,
1423 1035 1536 1086 sive
1569 1043 1736 1095 actor,
1785 1033 1898 1085 sive
1927 1048 2048 1085 reus
2076 1050 2088 1082 :
2121 1040 2199 1084 ta—

643 1153 763 1190 men
799 1134 1068 1204 pl'Opl'lUIIl
1112 1130 1312 1190 locum,
1374 1129 1485 1178 sive
1553 1125 1771 1194 gradum
1832 1131 1886 1175 et
1941 1122 2196 1176 honorem

639 1227 1032 1282 sacerdotalem
1089 1221 1331 1280 amittet;
1383 1227 1598 1284 propter
1661 1215 1759 1265 ltoc
1803 1213 1974 1279 ipsum
2027 1216 2197 1265 solum

642 1316 936 1384 depositus,
975 1312 1112 1378 quod
1155 1311 1356 1361 scilicet
1384 1303 2002 1360 lorumecelesiaSticum
2042 1317 2200 1355 recu-

649 1406 872 1466 saverit,
901 1412 952 1456 et
982 1401 1134 1452 civile
1170 1396 1415 1464 elegerit.
1447 1396 1512 1449 Et
1551 1396 1769 1462 quando
1797 1391 1961 1445 fuerit
1986 1392 2199 1458 quidem

646 1493 926 1549 criminale
990 1490 1273 1558 judicium,
1302 1488 1379 1539 sic
1433 1486 1574 1538 erit:
1639 1485 1852 1551 quando
1907 1493 2088 1534 autem
2121 1491 2203 1533 est

645 1587 806 1640 civile
835 1585 977 1651 quod
1004 1593 1265 1642 movetur,
1298 1592 1388 1629 seu
1433 1577 1826 1643 pecuaiarium,
1869 1574 2080 1627 etiamsi
2112 1587 2202 1626 sa-

647 1688 836 1730 cratus
869 1673 1189 1728 sententiam
1225 1668 1538 1730 obtinuerit,
1578 1672 1656 1719 sic
1687 1682 1899 1734 quoque
1927 1681 1952 1717 a
1985 1664 2206 1733 pr0prio

652 1768 816 1834 gradu
878 1765 1108 1826 excidet,
1151 1761 1250 1814 nisi
1312 1775 1421 1812 rem
1487 1760 1886 1825 contempserit,
1939 1771 2033 1823 pro
2098 1769 2202 1824 qua

652 1861 970 1911 sententiam
1018 1853 1264 1914 obtinuit,
1298 1860 1350 1903 ct
1397 1865 1458 1902 ea
1506 1849 1726 1901 cesserit
1776 1847 2084 1900 adversario
2106 1860 2204 1899 suo

652 1965 681 2000 a
711 1963 769 2000 se
803 1956 1077 2013 superato.
1116 1944 1376 1996 Praeterea
1427 1941 1779 1992 decreverunt
1825 1936 2033 2000 Patres,
2071 1947 2128 1988 ut
2159 1936 2202 1989 si

655 2039 777 2106 quis
807 2038 1063 2090 adversus
1096 2035 1467 2102 episcoporum
1506 2030 1586 2081 vel
1629 2029 1852 2081 aliorum
1880 2027 2207 2082 ecclesiasti-

655 2141 841 2181 corum
894 2125 1131 2192 jutlicum
1166 2122 1484 2176 sententiam
1544 2120 1910 2188 appellaverit,
1946 2127 1999 2172 et
2032 2117 2208 2185 appel-

657 2217 784 2271 latio
823 2216 888 2268 ad
923 2215 1176 2282 majorem
1201 2215 1456 2282 jmlicetn,
1486 2213 1913 2266 ecclesiasticum
1942 2213 2206 2275 videlicet,

666 2308 916 2369 redierit,
982 2304 1129 2372 juata
1186 2305 1538 2358 universalem
1589 2303 1727 2369 juris
1791 2304 2048 2368 regulam,
2090 2314 2210 2368 quae

662 2398 869 2458 statuit,
913 2396 1142 2464 jttdiccs,
1174 2395 1238 2447 ad
1269 2409 1401 2461 quos
1434 2394 1744 2462 appellatur.
1802 2403 2052 2458 oportere
2092 2407 2212 2444 esse

663 2484 895 2550 majores
921 2485 985 2535 iis
1017 2484 1106 2551 qui
1139 2483 1367 2549 primutn
1411 2481 1768 2551 judicavcrint
1797 2497 1811 2532 :
1847 2488 1900 2533 et
1928 2482 2213 2549 comigerit

661 2589 692 2625 a
716 2573 982 2642 jndicibus
1004 2573 1373 2640 appellationis
1405 2575 1628 2640 primam
1655 2574 1972 2626 sententiam
2005 2571 2170 2624 everti
2197 2588 2212 2637 ;

664 2641 808 2714 nulla
839 2661 890 2711 in
929 2641 986 2712 re
1018 2662 1278 2712 laedantur
1301 2658 1357 2722 ii,
1387 2660 1477 2726 qui
1510 2659 1737 2726 primam
1777 2663 2102 2713 sententiam
2136 2669 2216 2709 tu-

667 2751 861 2813 lerunt,
884 2751 998 2802 sive
1047 2751 1114 2800 sit
1169 2764 1330 2800 causa
1365 2750 1678 2812 criminalis,
1721 2752 1836 2802 sive
1867 2755 2215 2818 pecuniaria;

582 2858 586 2862 ·
667 2837 769 2890 nisi
806 2838 840 2890 ti
878 2836 1112 2889 convicti
1164 2836 1362 2888 iuerint
1392 2837 1714 2887 sententiam
1752 2837 1936 2889 tulisse
2003 2849 2218 2905 propter

663 2928 845 2980 odium
877 2927 994 2995 ejus
1025 2926 1117 2992 qui
1167 2925 1455 2978 damnatus
1483 2935 1584 2988 est,
1620 2927 1702 2980 vel
1735 2936 1951 2994 propter
1979 2926 2218 2980 all‘ectio-

665 3031 785 3070 nem
820 3019 872 3069 in
907 3032 1031 3068 eum
1085 3016 1176 3083 qui
1218 3025 1298 3068 est
1351 3015 1648 3079 absolutus,
1678 3016 1760 3068 vel
1805 3026 1860 3068 ut
1909 3017 2218 3069 muneribus

2293 577 2539 646 ἐναγάγῃ
2591 576 2744 636 παρὰ
2807 572 3068 636 πολιτικῷ
3123 568 3466 639 δικαστηρίῳ
3522 569 3667 622 κατὰ
3699 569 3845 635 ἱερω-

2299 670 2527 739 μένουῆ
2576 666 2810 738 μοναχοῦ
2864 665 2994 732 περὶ
3045 661 3464 731 ἐγκληματικῆς
3526 659 3848 722 ὑποθέσεως,

2297 763 2329 832 ἢ
2363 763 2520 824 εἴτις
2550 759 2752 820 αὐτῶν,
2787 759 2934 827 παρὰ
2964 755 3040 824 τῷ
3072 757 3369 822 προσφόρῳ
3408 751 3846 818 ἐκκλησιαστικῷ

2295 849 2630 916 δικαστηρίῳ
2685 844 3004 906 ἐλκυσθεὶς,
3061 843 3460 910 παραιτήσεται
3526 840 3703 902 τοῦτο,
3761 840 3847 889 καὶ

2298 938 2600 1002 ἐπιλέξεται
2642 935 2995 1002 δικαστήριον
3045 931 3344 998 δημοτικὸν
3393 930 3514 999 ήτοι
3579 929 3847 980 πολιτικὸν

2301 1028 2479 1100 (τοῦτο
2557 1027 2664 1095 γάρ
2725 1027 2837 1076 ἐστι
2909 1024 2971 1074 τὸ
3046 1022 3252 1074 ἐθέλειν
3323 1021 3672 1089 καθαρθῆναι
3742 1021 3851 1088 ήτοι

2300 1117 2624 1186 ἀθωωθῆναι
2662 1114 2758 1167 τοῦ
2789 1113 3114 1180 αἰτιάματος
3156 1112 3247 1165 διὰ
3286 1112 3548 1181 δημοσίου
3597 1110 3849 1178 δικαστηο

2304 1207 2464 1274 ρίου),
2511 1205 2612 1258 κάν
2655 1203 2851 1270 νικήσῃ
2897 1202 2954 1252 ἐν
3020 1202 3099 1268 τῷ
3155 1201 3498 1269 δικαστηρὲῳ
3544 1200 3740 1267 ἐκείνῳ
3785 1198 3856 1266 τῷ

2301 1297 2588 1366 πολιτικῷ,
2635 1297 2744 1348 εἴτε
2789 1293 2865 1355 ὡς
2909 1291 3154 1356 ἐνάγων,
3203 1293 3256 1343 εἴ
3299 1308 3358 1344 τε
3398 1293 3472 1355 ὼς
3514 1293 3859 1359 ἐναγόμενος,

2303 1388 2456 1454 ὅμως
2485 1390 2574 1437 τὸν
2612 1387 2742 1440 ῐδιον
2769 1389 2952 1452 τόπον,
2975 1391 3090 1458 ήτοι
3118 1387 3326 1456 βαθμὸν
3349 1387 3442 1438 καὶ
3470 1385 3566 1454 τὴν
3593 1383 3862 1454 ἱερατικὴν
3903 1455 3905 1460 1

2304 1474 2468 1540 τιμὴν
2496 1473 2756 1526 ἀπολέσει
2785 1491 2798 1504 ’
2827 1475 2915 1526 διὰ
2948 1476 3105 1527 τοῦτο
3155 1475 3286 1526 αὐτὸ
3317 1475 3413 1525 καὶ
3459 1474 3624 1542 μόνον
3675 1472 3862 1524 καθαι-

2311 1563 2588 1633 ρούμενος,
2625 1565 2710 1616 διὰ
2742 1566 2802 1616 τὸ
2835 1564 3276 1634 παραιτήσασθαι
3307 1564 3368 1614 τὸ
3399 1561 3859 1630 ἐκκλησιαστικὸν

2307 1653 2676 1724 δικαστήριον,
2705 1657 2799 1708 καὶ
2832 1655 3186 1719 ἐπιλέξασθαι
3215 1655 3275 1706 τὸ
3300 1654 3605 1706 πολιτικόν.
3637 1652 3762 1704 Καὶι
3781 1653 3864 1702 ὅτε

2266 1810 2271 1816 ἣ
2316 1747 2412 1813 μὲν
2461 1746 2863 1813 ἐγκληματικὸν
2915 1747 3002 1814 εἴη
3042 1747 3101 1798 τὸ
3154 1746 3528 1813 δικαστήριον,
3575 1744 3867 1810 γενήσεται

2309 1839 2508 1892 τοῦτο·
2559 1841 2646 1891 ὅτε
2695 1841 2753 1891 δὲ
2803 1839 3079 1890 πολιτικόν
3133 1840 3253 1890 ἐστι
3295 1837 3355 1888 τὸ
3407 1835 3725 1904 κινούμενον
3757 1835 3869 1904 ήτοι

2311 1931 2669 2003 χρηματικὸν,
2706 1931 2809 1983 κᾶν
2851 1929 3112 1998 δικαιωθῇ
3147 1931 3174 1981 6
3206 1929 3519 1997 ἱερωμένος,
3576 1931 3676 1979 καὶ
3703 1925 3869 1988 οὕτως

2313 2023 2625 2074 ἐκπεσεῖται
2653 2021 2746 2072 τοῦ
2778 2020 2979 2072 οἰκείου
3011 2017 3321 2088 βαθμοῦηεί
3357 2019 3432 2086 μὴ
3459 2016 3869 2084 καταφρονήσει

2311 2112 2404 2164 τοῦ
2432 2111 2755 2180 πράγματος
2783 2111 2872 2178 ἐφ’
2904 2104 2947 2177 ᾧ
2981 2108 3298 2176 ἐδικαιώθη,
3331 2110 3424 2160 καὶ
3469 2108 3868 2176 παραχωρήσει

2313 2199 2608 2254 εἷναιαὺτὸ
2642 2201 2889 2270 παρὰτῷ
2923 2201 3178 2269 ἀντιδίκῳ
3223 2198 3388 2251 αὑτοῦ
3431 2198 3507 2267 τῷ
3551 2198 3866 2266 ήττηθέντι.

2316 2293 2456 2363 Πρὸς
2490 2291 2700 2352 τούτοις
2731 2291 2940 2358 ὥρισαν
2968 2291 3016 2342 οί
3041 2290 3306 2360 Πατέρες,
3345 2287 3456 2351 ἵνα,
3489 2289 3588 2341 ἐὰν
3640 2289 3866 2342 ἐκκαλέ-

2319 2385 2476 2453 σηταί
2522 2401 2606 2444 τις
2660 2383 2803 2434 κατὰ
2845 2380 3174 2448 ἀποφάσεως
3219 2381 3541 2432 ἐπισκόπων
3589 2381 3623 2449 ἢ
3678 2381 3875 2448 ἐτέρων

2317 2475 2584 2528 δικαστῶν
2624 2473 3116 2542 ἐκκλησιαπικῶν,
3149 2471 3242 2523 καὶ
3296 2473 3330 2540 ή
3366 2471 3634 2540 ἐκκλητος
3671 2474 3874 2522 ἐπανα-

2317 2566 2499 2635 δράμῃ
2526 2566 2601 2624 el;
2627 2564 2843 2632 μείζονα
2866 2563 3145 2628 δικαστὴν,
3165 2562 3378 2621 πάντως
3400 2562 3873 2630 ἐκκλησιαστικὸν,

2318 2657 2457 2708 κατὰ
2500 2659 2596 2724 τήν
2638 2655 2868 2706 καθόλου
2901 2653 3130 2723 νομικὴν
3165 2651 3544 2714 διδασκαλίαν,
3571 2653 3674 2722 τὴν
3706 2654 3875 2721 διορι-

2323 2746 2557 2814 ζομένην
2600 2748 2725 2808 τοὺς
2787 2743 3078 2812 ἐκκλήτους
3126 2744 3391 2803 δικαστὰς
3437 2743 3679 2808 ὀφείλειν
3735 2738 3875 2795 εἶναι

2324 2840 2571 2907 μείζονας
2621 2837 2728 2888 τῶν
2793 2835 3023 2902 πρώτως
3098 2835 3472 2894 δικασάντων,
3533 2833 3630 2884 καὶ
3701 2834 3876 2902 συμϐῇ

2321 2927 2705 2994 ἀνατραπῆναι
2755 2925 2854 2994 τὴν
2924 2923 3147 2992 πρώτην
3217 2924 3496 2990 ἀπόφασιν
3561 2923 3718 2992 παρὰ
3779 2925 3880 2974 τῶν

2324 3015 2694 3084 ἐκκληταρίων
2743 3015 3051 3076 δικαστῶν,
3117 3013 3262 3066 κατὰ
3318 3015 3485 3084 μηδὲν
3545 3014 3880 3082 βλάπτεσθαι

664 3110 904 3176 corrupti
932 3125 946 3170 ;
993 3110 1043 3159 id
1075 3108 1218 3160 enim
1251 3117 1332 3159 est
1360 3107 1527 3174 gratia
1574 3115 1886 3174 corruptum
1923 3120 2080 3162 esse:
2124 3113 2217 3156 aut

2323 3107 2448 3166 τοὺς
2495 3105 2727 3173 πρώτως
2790 3103 3286 3172 ἀποφηναμένους,
3333 3105 3437 3154 xiv
3490 3105 3878 3172 ἐγκληματική

667 3200 978 3251 muneribus
1044 3198 1410 3263 corrumpitur
1456 3196 1768 3262 quispiam,
1828 3195 1910 3248 vel
1963 3197 2216 3261 pecunias

667 3289 999 3354 accipiendo,
1026 3287 1106 3336 vel
1135 3300 1198 3337 eo
1222 3286 1311 3351 qui
1335 3287 1506 3351 ipsum
1540 3286 1803 3350 corrupit,
1837 3285 2014 3350 aliqua
2042 3285 2215 3354 gratia

667 3378 754 3431 vel
784 3377 1043 3431 benelicio
1077 3378 1405 3427 demerente.
1449 3373 1583 3426 Nota
1617 3388 1743 3441 ergo
1769 3384 2087 3442 praesentem
2124 3390 2220 3426 ea.

669 3484 886 3533 nonem,
943 3467 1185 3520 homines
1218 3473 1460 3518 sacratos
1513 3467 1662 3521 valde
1721 3469 2074 3536 punientem,
2131 3466 2220 3530 qui

672 3562 1152 3627 quomodocunque
1207 3557 1258 3608 in
1317 3557 1548 3622 politicis
1600 3556 1817 3622 judiciis
1850 3557 2076 3624 litigant.
2111 3554 2220 3606 Nec

679 3649 774 3702 tibi
826 3649 1151 3700 contrarium
1200 3647 1437 3696 videatur
1485 3659 1602 3712 cap.
1646 3645 1734 3707 90,
1787 3647 1868 3699 tit.
1923 3647 1974 3708 1,
2031 3646 2120 3697 lib.
2174 3661 2222 3698 χι

675 3738 867 3790 Basilic
901 3776 914 3799 ,
949 3749 1002 3789 et
1033 3751 1155 3803 cap.
1190 3735 1243 3794 9,
1273 3736 1353 3787 tit.
1381 3733 1432 3796 3,
1463 3733 1555 3785 lib.
1587 3751 1664 3796 ιιι,
1697 3736 1835 3801 quod
1863 3735 2010 3796 dicit,
2045 3750 2226 3788 sacra—

678 3839 759 3880 tos
787 3829 1095 3878 renuntiare
1121 3841 1273 3894 posse
1303 3829 1588 3881 sacerdotii
1619 3825 2023 3894 pra-scriptioni.
2046 3824 2226 3888 Quan-

678 3927 787 3969 tum
846 3917 986 3969 enim
1044 3921 1108 3967 ad
1169 3921 1532 3971 adversarium
1565 3921 1777 3978 attinet,
1809 3917 1943 3967 valet
1997 3917 2097 3968 hoc
2130 3932 2216 3982 pa-

676 4019 842 4059 ctum.
907 4006 1000 4058 Est
1051 4016 1226 4057 autem
1281 4008 1384 4058 alia
1412 4009 1550 4060 ratio
1575 4008 1716 4072 quod
1747 4006 2041 4059 secundum
2092 4021 2225 4073 prae-

679 4107 884 4151 sentem
920 4113 1178 4150 canonem
1238 4098 1446 4150 lmditur
1510 4098 1598 4164 qui
1657 4113 1778 4150 eum
1846 4098 2229 4163 contempserit

680 4189 852 4240 sacris
934 4188 1194 4239 initiatus.
1256 4186 1394 4253 Lege
1455 4196 1506 4238 et
1567 4186 1924 4240 centesimum
1979 4195 2228 4248 quartum

680 4280 939 4329 c'annnem
1005 4275 1562 4347 .syttodiijprwsentis,
1612 4284 1666 4326 et
1712 4273 1968 4324 Chalced.
2042 4272 2228 4340 synodi

683 4381 939 4418 canonem
973 4363 1026 4416 9.
1050 4363 1181 4414 Cum
1217 4374 1392 4413 autem
1417 4376 1585 4413 canon
1605 4362 1848 4426 superius
1879 4363 2144 4416 Slatuerit.
2177 4366 2232 4408 nt

2323 3196 2574 3261 ἐστι,κᾶν
2604 3198 2917 3264 χρηματικῇ
2958 3195 3229 3256 ὑπόθεσις·
3267 3195 3314 3246 el
3347 3195 3513 3262 μήπω
3544 3195 3879 3264 ἐλεγχθῶσιν

2322 3283 2465 3341 οὗτοι
2500 3288 2906 3354 ἀποφηνάμενοι
2936 3289 3073 3338 κατὰ
3103 3287 3302 3354 ἐχθράν
3332 3285 3425 3337 τοῦ
3455 3288 3885 3340 καταδικασθέν-

2324 3393 2434 3439 τος,
2470 3379 2502 3444 ή
2531 3376 2670 3427 κατὰ
2730 3375 3105 3441 προσπάθειαν
3143 3375 3237 3426 τοῦ
3289 3375 3698 3438 δικαιωθέντος,
3742 3377 3774 3444 ἢ
3813 3375 3885 3434 ὡς

2325 3466 2780 3536 δωροδοκηθέντες
2803 3482 2815 3495 ·
2849 3466 3006 3517 τοῦτο
3045 3467 3152 3532 γάρ
3185 3467 3300 3516 ἐστι
3331 3467 3390 3516 τὸ
3423 3466 3609 3536 χάριτι
3644 3466 3881 3532 ὑποφθα-

2331 3558 2515 3626 ρῆναιο
2540 3559 2656 3627 ήτοι
2689 3557 3064 3626 δωροδοκείταί
3093 3573 3174 3615 τις
3202 3557 3234 3624 ἢ
3269 3557 3532 3625 χρήματα
3565 3555 3886 3625 λαμϐάνων,

2326 3647 2359 3715 ἢ
2411 3646 2575 3713 ἄλλην
2621 3647 2740 3698 τινὰ
2789 3647 2948 3714 χάριν
2993 3643 3141 3713 αὑτῷ
3191 3645 3526 3711 πληροῦντος
3573 3646 3672 3696 τοῦ
3729 3647 3889 3698 αὐτὸν

2329 3734 2772 3801 ὑποφθείραντος.
2799 3735 3108 3802 Σημείωσαι
3145 3733 3237 3785 οὖν
3271 3735 3361 3784 τὸν
3386 3735 3632 3803 παρόντα
3660 3738 3882 3796 κανόνα,

2333 3824 2578 3890 μεγάλως
2625 3823 2919 3886 κολάζοντα
2960 3823 3083 3884 τοὺς
3130 3824 3441 3892 ἱερατικοὺς
3487 3824 3886 3892 δικαζομένους

2330 3915 2682 3980 ὁπωσδήποτε
2747 3915 2825 3973 εἰς
2890 3913 3217 3981 δικαστήρια
3281 3917 3557 3967 πολιτικά.
3623 3917 3736 3967 Καὶ
3818 3920 3890 3982 μὴ

2331 4007 2620 4073 ἐναντιωθῇ
2649 4020 2728 4054 σοι
2748 4007 2806 4055 τὸ
2836 4021 2958 4071 κεφ.
2980 4009 3026 4070 ιιν
3053 4004 3147 4058 τοῦ
3177 4003 3225 4056 α’
3247 4005 3426 4056 τίτλου
3458 4005 3552 4056 τοῦ
3584 4012 3655 4058 ια’
3689 4009 3891 4074 βιϐλίου

2330 4097 2435 4147 τῶν
2466 4094 2786 4157 Βασιλικῶν,
2814 4098 2905 4146 καὶ
2953 4095 3011 4146 τὸ
3047 4095 3089 4145 θ’
3142 4111 3270 4159 κεφ.
3320 4094 3414 4146 τοῦ
3452 4095 3630 4160 γ’τίτ.
3685 4097 3892 4164 βιϐλίου

2330 4185 2422 4238 τοῦ
2461 4183 2508 4252 γ’
2541 4186 2790 4250 λέγοντος
2833 4185 3090 4235 δύνασθαι
3125 4184 3251 4246 τοὺς
3292 4184 3620 4253 ἱερωμένους
3660 4187 3895 4238 ἀπατάτ-

2331 4274 2517 4325 τεσθαι
2573 4277 2637 4342 τῇ
2687 4275 2784 4339 τῆς
2839 4274 3141 4342 ἱερωσύνης
3188 4279 3560 4344 παραγραφῇ·
3615 4277 3744 4328 ὅσον
3790 4279 3897 4345 γὰρ

2334 4364 2468 4427 πρὸς
2515 4366 2603 4415 τὸν
2658 4364 2928 4415 ἀντίδικον
2991 4364 3223 4434 ἔρρωται
3265 4365 3327 4415 τὸ
3377 4364 3671 4432 σύμφωνον
3715 4367 3896 4417 τοῦτο.

682 4458 914 4526 epist-Opi
938 4455 1092 4522 531
1123 4470 1146 4503 a
1173 4453 1449 4505 duodecim
1468 4451 2068 4518 episcopisjmlicentnr,
2094 4467 2118 4499 a
2141 4465 2217 4501 se)

2338 4455 2563 4522 Ἕτερον
2595 4453 2650 4504 δὲ
2679 4453 2836 4518 λόγου
2864 4455 2998 4516 ἐστὶ,
3024 4433 3111 4506 γὸτι
3143 4455 3438 4522 βλάπτεται
3465 4457 3604 4508 κατὰ
3629 4458 3724 4509 τὸν
3759 4475 3834 4508 πα
3847 4474 3898 4525 ρ-

686 4558 861 4598 autem
914 4546 1245 4604 sacerdotes,
1279 4553 1329 4594 et
1359 4543 1567 4595 diaconi
1607 4557 1632 4592 a
1688 4543 1858 4593 tribus
1892 4558 1904 4592 :
1942 4541 2234 4607 subjunxe-

690 4651 814 4690 rttttl
882 4637 1088 4695 Patres,
1142 4634 1281 4700 quod
1341 4648 1459 4700 qua;
1513 4635 1576 4683 de
1611 4632 2062 4699 appellationibus
2093 4633 2232 4681 dicta

688 4737 810 4778 sont
843 4737 895 4778 et
934 4727 1132 4790 reliqua
1179 4723 1350 4774 locum
1390 4725 1603 4784 habent,
1646 4724 1864 4788 quando
1911 4720 2113 4788 judicia
2143 4734 2233 4772 ec-

686 4817 985 4871 clesiastica
1042 4816 1176 4881 apud
1206 4826 1282 4868 tot
1308 4822 1674 4881 competentes
1722 4813 1932 4879 judice:
1980 4812 2231 4863 fuerint:

690 4921 792 4958 non
845 4915 1046 4966 autem,
1075 4907 1287 4970 quando
1319 4920 1378 4957 ex
1411 4903 1741 4956 accusatoris
1784 4912 1838 4954 et
1873 4900 1986 4967 ejus
2026 4901 2117 4967 qui
2149 4915 2238 4952 ac-

690 5003 906 5045 cusatur
934 4997 1229 5054 voluntate,
1270 4996 1408 5062 apud
1437 4994 1646 5060 aliquos
1679 4993 1876 5044 electos
1918 5006 2008 5043 seu
2039 5006 2102 5043 ex
2129 4990 2236 5041 ele—

607 5069 610 5073 ’
673 5068 868 5137 ’ριὶοηο
916 5085 1445 5151 susceptosjudices,
1480 5087 1569 5149 qui
1619 5097 1757 5146 saepe
1807 5081 2238 5148 sunt'pauciores

693 5189 850 5240 quam
908 5176 1204 5226 canouibus
1259 5177 1610 5227 constitutum
1676 5173 1766 5235 sit,
1827 5171 1991 5237 aliqui
2036 5170 2239 5237 judicio

687 5263 1078 5314 contenderim.
1131 5262 1282 5316 Tunc
1312 5264 1454 5316 enim
1488 5264 1540 5314 in
1594 5278 1778 5315 eorum
1816 5263 2138 5313 sententiam
2175 5277 2238 5313 ne

689 5349 970 5416 appellatio
1025 5352 1233 5418 quidem
1287 5351 1468 5413 cadit,
1503 5361 1558 5402 ut
1616 5352 1744 5402 dicit
1795 5351 1871 5401 lex
1932 5351 1980 5400 in
2018 5349 2106 5402 lib.
2145 5363 2238 5408 vrt,

692 5441 773 5492 tit.
810 5440 863 5505 2,
923 5456 1038 5510 cap.
1067 5441 1160 5504 27,
1196 5445 1355 5496 them.
1385 5444 1438 5504 5,
1494 5442 1634 5510 quod
1669 5444 1755 5493 hic
1789 5456 1845 5495 se
1878 5442 2078 5504 habet;
2114 5441 2241 5493 Sive

663 5530 833 5596 jusm
890 5532 1004 5584 sive
1060 5533 1255 5599 injusta
1290 5543 1370 5585 est
1402 5534 1556 5586 electi
1603 5533 1800 5599 judicis
1872 5537 2155 5594 sententia,
2191 5533 2237 5583 ei

686 5629 829 5671 stare
874 5631 1106 5687 oportet.
1148 5621 1209 5673 Et
1246 5637 1408 5691 caput
1453 5625 1668 5676 tertium
1727 5625 1965 5692 ejusdem
2019 5624 2141 5676 libri
2178 5639 2241 5676 ac

687 5708 824 5761 tituli
853 5723 866 5761 :
895 5707 1008 5763 Non
1039 5713 1277 5777 indigent
1312 5715 1686 5781 provocatione
1713 5714 1910 5775 iudicis
1939 5716 2092 5769 electi
2121 5728 2241 5768 sen-

2335 4546 2460 4597 όντα
2505 4547 2703 4596 κανόνα
2747 4547 2772 4595 6
2804 4547 3223 4614 καταφρονήσας
3266 4547 3458 4598 τούτου
3491 4551 3518 4598 6
3557 4548 3896 4617 ίερωμένος·

2337 4636 2428 4686 καὶ
2457 4634 2725 4699 ἀνάγνωθι
2761 4635 2851 4686 τὸν
2880 4633 2954 4704 ρδ¹
2992 4638 3191 4686 κανόνα
3220 4621 3320 4702 τῆς
3354 4640 3642 4704 παρούσης
3673 4641 3897 4689 συνόδου

2337 4726 2429 4773 καὶ
2477 4724 2575 4789 τῆς
2621 4725 2677 4773 ἐν
2721 4721 3027 4790 Χαλκηδόνι
3077 4727 3278 4775 κανόνα
3317 4723 3380 4778 0'.
3429 4726 3534 4776 Τοῦ
3577 4727 3634 4776 δέ
3675 4733 3901 4786 κανόνος

2338 4814 2542 4865 ἄνωθεν
2577 4812 2954 4879 διορισαμὲνου
2987 4815 3089 4864 ὑπὸ
3119 4815 3325 4866 δώδεκα
3360 4817 3682 4867 ἐπισκόπων
3713 4820 3901 4884 κρίνε-

2340 4903 2980 4964 09at166;émox6mu;.
3014 4906 3115 4954 ὑπὸ
3155 4903 3213 4965 ἓξ
3241 4907 3364 4965 τοὺς
3417 4906 3603 4973 ἱερεῖς,
3636 4909 3732 4956 καὶ
3774 4910 3903 4967 τοὺς

2337 4991 2618 5051 διακόνους
2664 4991 2766 5041 ὑπὸ
2807 4991 2993 5058 τριῶν,
3027 4993 3302 5059 ἐπήγαγον
3351 4995 3399 5042 οἱ
3450 4993 3693 5060 Πατέρες
3735 4995 3811 5054 ὡς
3841 4997 3906 5045 τὰ

2340 5079 2467 5147 περὶ
2508 5079 2614 5132 τῶν
2668 5079 2946 5146 ἐκκλήτων
2982 5083 3073 5131 καὶ
3107 5081 3174 5131 τά
3222 5081 3381 5132 λοιπὰ
3432 5082 3618 5150 χώραν
3662 5083 3906 5152 ἔχουσιν,

2339 5169 2424 5218 ὅτε
2465 5171 2532 5218 τὰ
2572 5169 2998 5234 ἐκκλησιαστικὲι
3046 5169 3374 5238 δικαστήρια
3423 5173 3576 5242 παρὰ
3628 5174 3908 5232 τοσούτοις

2341 5263 2668 5330 προσφόροις
2700 5262 2977 5324 δικασταῖς
3017 5266 3315 5327 γένωνται’
3356 5267 3417 5316 ού
3454 5269 3583 5334 μὴν.
3620 5269 3715 5319 ὅτε
3759 5271 3906 5319 κατα

2342 5353 2559 5417 θέλησιν
2624 5353 2719 5403 τοῦ
2787 5355 3094 5422 κατηγόρου
3143 5356 3370 5408 καὶτοῦ
3425 5361 3909 5427 κατηγορουμένου

2343 5444 2491 5512 παρά
2543 5460 2683 5494 τισιν
2749 5444 3100 5509 ἐπιλεγεῐσιν,
3158 5445 3231 5504 ὡς
3306 5447 3546 5514 αἱρετοίς
3619 5449 3910 5504 δικασταῖς

2343 5535 2596 5594 πολλάκις
2622 5533 2711 5584 καὶ
2739 5534 3081 5602 ὀλιγωτέροις
3107 5531 3224 5585 οὖσι
3257 5537 3364 5587 τῶν
3388 5537 3718 5604 όρισθέντων
3759 5538 3908 5604 παρὰ

2343 5626 2447 5676 τῶν
2495 5625 2762 5685 κανόνων,
2821 5623 3117 5677 δικααθώσί
3186 5645 3350 5688 τινες.
3409 5628 3727 5694 Ὶήνικαῦτα
3807 5643 3914 5692 γάρ

2346 5716 2465 5768 οὺδέ
2494 5715 2741 5783 ἐκκλήτῳ
2767 5714 3122 5768 ὑποπεσεῖται
3161 5721 3191 5786 ή
3235 5718 3433 5770 τούτων
3492 5719 3796 5779 ἀπόφασις,
3844 5721 3911 5775 ὡς
