3982 6442
163 285 219 347 73
1222 291 1304 353 IN
1341 295 1503 355 CAN.
1547 293 1644 356 XV
1671 295 1874 358 CONC.
1918 299 2288 362 CAIITHAG.

3279 298 3350 362 74

157 409 304 461 φησιν
346 394 376 448 6
438 395 607 464 νόμος
651 396 707 448 ιν
745 394 943 466 βιϐλίῳ
982 395 1048 462 ζ’,
1094 397 1256 468 τίτλῳ
1311 400 1377 469 β’,
1415 417 1542 468 κεφ.
1580 400 1680 464 κζ’,

1791 403 2116 459 tentia.Post
2152 406 2261 460 hate
2289 421 2462 460 canon
2510 407 2577 462 de
2619 405 2744 462 ﬁliis
2783 407 3148 474 sacerdotum,
3187 409 3342 464 dicit.

156 481 326 548 θέματι
377 486 453 546 γ’,
495 481 670 544 οὕτως
717 484 934 550 ἐχοντιο
966 485 1088 537 Ehe
1135 485 1320 538 δικαία
1363 489 1475 538 εἴτε
1509 488 1692 549 ἄδικός

152 570 276 618 ἐστιν
300 569 332 634 ή
371 569 472 619 τοῦ
499 568 716 637 αίρετοῦ
746 569 953 637 ψῆφος,
989 571 1245 639 ἐμμένειν
1273 571 1381 623 δεῖ·
1413 572 1505 623 καὶ
1551 572 1614 622 τὸ
1643 577 1691 637 γ’

153 673 258 720 ua.
300 657 397 708 τοῦ
469 657 634 710 αὑτοῦ
680 658 886 726 βιϐλίου
933 661 1028 711 καὶ
1085 661 1296 712 τίτλου·
1348 662 1438 730 Μή
1501 661 1689 730 χρείαν

149 748 296 813 ἐχέτω
321 749 594 815 ὲκκλήτου
637 751 670 816 ή
711 748 806 801 τοῦ
837 749 1055 818 αἱρετοῦ
1095 749 1347 804 δικαστοῦ
1393 752 1689 818 ἀπόφασις.

159 836 264 888 ἐπὶ
293 839 513 900 τούτοις
542 842 570 891 ὁ
592 839 772 892 κανὼν
800 842 927 904 περὶ
961 839 1070 891 τῶν
1100 840 1305 894 τέκνων
1347 842 1458 893 τῶν
1493 843 1686 911 ἱερέων

147 931 312 995 φησὶν,
362 931 452 989 ἵνα
487 917 658 999 ’μήτε
703 929 907 999 θεώρια
960 930 1246 994 ἐκτελῶσι,
1313 933 1451 1001 μήτε
1509 933 1689 986 ἄλλων

144 1019 382 1070 τοιούτων
417 1019 835 1087 παραγίνωνται
869 1021 961 1072 καὶ
992 1019 1270 1088 θεωρῶσιν
1290 1038 1308 1055 ο
1333 1022 1416 1074 ὅτι
1439 1023 1532 1073 καὶ
1554 1024 1688 1076 πᾶσι

142 1113 478 1178 Χριστιανοῖς
539 1111 877 1178 κεκήρυκται
923 1109 998 1178 μὴ
1036 1111 1316 1179 προσιέναι
1370 1112 1503 1165 ὅπου
1556 1111 1687 1180 βλα-

145 1201 362 1268 σφημίαι
391 1201 526 1254 εἰσί.
555 1199 768 1270 Θεώρια
807 1199 865 1251 δὲ
904 1201 1154 1266 λέγονται
1185 1203 1244 1253 οὐ
1283 1201 1444 1270 μόνον
1489 1204 1556 1253 τὰ
1594 1202 1686 1253 ιπ-

139 1292 420 1359 ποδρόμια,
441 1291 583 1342 ἀλλὰ
611 1293 704 1342 καὶ
746 1292 896 1344 πᾶσα
939 1291 1056 1354 θέα,
1088 1291 1421 1360 θηριομαχία
1462 1291 1682 1360 δηλαδὴ,

143 1383 354 1447 παίγνια
393 1381 606 1448 μίμων,
635 1381 882 1448 ὄρχησις,
930 1380 1023 1433 καὶ
1063 1381 1197 1434 ἄλλα
1237 1381 1462 1433 τοιαῦτα
1497 1381 1691 1447 δαιμο-

138 1471 279 1539 νιὼδη
315 1472 483 1540 ἔργα.
518 1471 702 1523 Ταῦτα
739 1470 833 1521 τοῦ
869 1472 1089 1531 κανόνος
1129 1470 1529 1538 διοριζομένου,
1563 1469 1686 1521 εἰπὲ

135 1564 203 1612 ὅτι
229 1563 308 1623 τὸ,
345 1565 458 1615 κᾶν
501 1565 534 1631 ή
571 1564 751 1630 ψῆφος
797 1563 938 1631 ὑπὲρ
983 1563 1146 1616 αὑτοῦ
1177 1562 1489 1630 ἑκφωνηθῇ,
1519 1576 1688 1631 προσ-

139 1654 280 1722 ετέθη
314 1655 404 1706 διὰ
438 1655 571 1716 τοὺς
614 1655 873 1721 λέγοντας
902 1653 1140 1720 ὀφείλειν
1171 1651 1554 1719 καθαιρεῖσθαι
1585 1651 1686 1719 μό-

135 1763 206 1796 νον
232 1747 319 1796 τὸν
339 1741 494 1796 οὕτω
535 1745 900 1812 δικασάμενον
947 1743 1238 1812 ἱερωμένον
1276 1743 1437 1812 χάριν
1483 1741 1682 1811 ἐγκλη-

137 1836 348 1902 ματικῆς
382 1836 702 1896 ὑποθέσεως
733 1839 828 1886 καὶ
859 1835 1184 1902 ἡττηθέντα,
1213 1835 1273 1884 οὐ
1320 1832 1428 1902 μὴν
1460 1834 1557 1885 καὶ
1590 1831 1683 1885 τὸν

134 1929 446 1991 ναήσαντα.
479 1924 553 1986 ὡς
581 1924 794 1978 δικαίαν
825 1923 1018 1992 ἔχοντα
1062 1922 1342 1976 ὑπόθεσιν.
1376 1923 1485 1974 Καὶ
1511 1924 1680 1990 ᾶμφω

133 2023 223 2081 γὰρ
246 2017 774 2084 καθαιρεθήσονται,
801 2015 878 2075 ὡς
910 2014 1164 2083 ὑϐρισταὶ
1191 2014 1290 2080 τῆς
1325 2014 1682 2080 Ἐκκλησίας,

135 2111 208 2158 καὶ
228 2109 317 2159 τοῦ
350 2104 891 2173 κανόνοςάθετηταί.
938 2105 997 2154 Ὀ
1039 2105 1221 2172 μέντοι
1266 2105 1356 2156 τὸν
1390 2105 1689 2171 ἐκκλησια-

135 2200 292 2250 στικὸν
328 2199 581 2259 ἑλκύσας
611 2197 911 2265 ίερωμένος
938 2197 1016 2257 εἰς
1048 2196 1312 2262 κοσμικὺν
1338 2195 1687 2265 δικαστήριον

134 2290 273 2361 χάριν
295 2287 659 2358 χρηματικῆς
680 2287 972 2346 αἰτιάσεως
998 2287 1092 2337 καὶ
1129 2287 1358 2355 νικήσας
1405 2286 1685 2352 καθαιρεϊο

135 2391 223 2437 ut,
248 2379 340 2429 ὲὰν
384 2380 580 2445 στοιχῇ
612 2379 677 2444 τῇ
703 2376 846 2443 ὑπὲρ
880 2374 1046 2427 αὑτοῦ
1092 2376 1386 2442 ἀποφάσει,
1424 2377 1518 2427 καὶ
1591 2374 1720 2444 θέλῃ

1793 490 1873 543 Ne
1902 493 2207 560 spectacula
2257 503 2533 562 peragant,
2570 508 2668 548 nec
2697 494 2820 549 aliis
2854 498 3227 567 peragentibus
3260 497 3344 550 in-

1795 583 1983 636 tersint
2029 591 2084 636 et
2131 590 2422 651 spectent:
2479 583 2601 649 quia
2643 591 2698 637 et
2731 586 2981 639 omnibus
3016 584 3344 641 Christianis

1793 671 2136 725 interdictum
2191 681 2293 735 est,
2326 685 2394 724 ne
2420 672 2678 726 accedant
2724 673 2812 726 ubi
2843 682 2968 728 sunt
2997 674 3345 740 blasphemia:

1791 769 1843 813 et
1867 761 2167 815 maledicta.
2201 759 2518 829 Spectacula
2543 770 2720 817 autem
2751 762 3023 828 dicuntur,
3049 779 3149 818 non
3172 765 3346 819 solutn

1791 865 2049 918 equorum
2107 865 2325 912 cursus,
2360 851 2454 905 sed
2503 859 2557 904 et
2583 851 2759 905 omnis
2804 853 3018 919 generis
3061 853 3348 919 spectatio.

1792 939 2090 992 helluarum
2142 939 2353 994 scilicet
2395 939 3068 1004 certamina,histrionum
3118 941 3345 1006 ludicra,

1791 1031 2130 1094 saltationes,
2183 1040 2239 1085 et
2293 1029 2601 1099 hujusmodl
2669 1030 2771 1085 alia
2835 1045 2998 1100 opera
3057 1031 3345 1086 diabolica.

1791 1119 1916 1173 Haec
1950 1129 2132 1174 autem
2192 1120 2518 1176 decernente
2567 1135 2795 1187 canone,
2857 1120 2944 1175 dic
3001 1122 3144 1189 quod
3198 1120 3345 1186 illud,

1790 1207 2001 1260 etiamsi
2041 1221 2135 1272 pro
2157 1221 2222 1261 eo
2248 1208 2515 1262 sententia
2551 1209 2655 1260 lata
2685 1210 2775 1274 sit,
2807 1210 3075 1274 adjectum
3107 1219 3190 1263 est
3219 1224 3348 1276 pro-

1789 1302 1911 1364 pter
1932 1310 2042 1358 eos,
2075 1296 2164 1363 qui
2190 1297 2402 1360 dicunt,
2437 1311 2558 1349 eum
2605 1296 2778 1349 solmn
2803 1295 2998 1350 debere
3030 1297 3223 1362 deponi
3261 1309 3349 1348 sa-

1788 1393 2018 1446 cratum,
2071 1387 2161 1452 qui
2212 1385 2292 1438 sic
2333 1383 2538 1452 judicio
2575 1383 2851 1437 contendit
2885 1383 2938 1436 in
2971 1397 3135 1436 causa
3161 1383 3349 1436 crimi-

1789 1476 1916 1538 nali,
1966 1485 2020 1529 et
2049 1475 2224 1529 victus
2251 1484 2332 1528 est
2365 1493 2376 1527 :
2409 1490 2516 1528 non
2567 1485 2747 1527 autem
2793 1489 2915 1527 eum
2959 1476 3048 1542 qui
3106 1475 3258 1540 vicit,
3293 1484 3352 1530 ut

1788 1565 1878 1632 qui
1903 1564 2105 1630 justam
2134 1579 2351 1618 causam
2382 1566 2591 1618 haheat.
2617 1565 2789 1618 Ambo
2813 1564 2958 1618 enim
2985 1565 3348 1633 deponentur,

1791 1661 1850 1707 ut
1887 1655 1977 1722 qui
2030 1639 2332 1710 Ecclesiam
2392 1654 2586 1723 injuria
2663 1654 2922 1721 alliciant,
2981 1663 3036 1710 et
3079 1670 3348 1711 canonem

1791 1754 2162 1800 contemnant.
2212 1743 2470 1799 Saeratus
2498 1746 2718 1814 quidem
2757 1748 2848 1814 qui
2890 1746 3054 1799 traxit
3087 1747 3350 1800 ecclesia-

1793 1836 1985 1890 sticum
2030 1836 2081 1888 in
2113 1835 2368 1888 saaculare
2402 1836 2660 1904 judicium
2693 1851 2788 1903 pro
2827 1852 2984 1889 causa
3016 1839 3349 1905 pecuniaria,

1797 1936 1851 1980 et
1885 1925 2032 1987 vicit,
2088 1925 2394 1994 deponitur,
2430 1927 2473 1977 si
2519 1927 2819 1990 sententiae,
2852 1942 2971 1996 quae
3004 1942 3099 1995 pto
3131 1943 3189 1982 se
3243 1928 3350 1980 lata

1795 2025 1900 2080 est,
1937 2016 2162 2077 steterit,
2194 2025 2248 2068 et
2279 2015 2504 2068 voluerit
2531 2031 2642 2069 rem
2705 2016 2904 2071 habere
2961 2033 3119 2085 quam
3168 2018 3297 2069 vicit
3331 2033 3346 2070 :

1795 2108 2247 2176 quemadmodum
2277 2116 2331 2158 et
2374 2121 2519 2170 reus,
2551 2108 2595 2160 si
2620 2107 2877 2172 judicium
2919 2108 3348 2162 ecl-lesiasticnm

1795 2195 2086 2255 recusavit,
2117 2202 2169 2246 et
2213 2193 2371 2246 civile
2405 2194 2614 2260 petivit,
2649 2204 2704 2247 et
2733 2194 2882 2245 vicit.
2929 2194 2984 2247 Si
3025 2200 3168 2248 enim
3201 2195 3349 2248 cedit

1793 2297 1990 2350 re,pro
2016 2296 2117 2348 qua
2149 2280 2397 2348 litigavit,
2436 2295 2587 2333 suum
2625 2281 2844 2334 honoris
2867 2283 3088 2348 gradum
3127 2284 3346 2338 retinet.

1797 2374 1938 2442 ἔχειν
1964 2373 2023 2423 τὸ
2051 2373 2281 2440 πρᾶγμα
2308 2370 2337 2423 ὃ
2360 2371 2631 2440 ἐνίκησεν,
2660 2369 2851 2440 ὥσπερ
2890 2372 2984 2425 καὶ
3017 2376 3044 2425 ὁ
3075 2373 3346 2444 ὲναχθεὶς,

136 2471 211 2518 'm
255 2473 625 2537 παρῃτήσατο
676 2467 736 2518 τὸ
797 2466 1245 2534 ἐκκλησιαστικὸν
1293 2466 1664 2535 δικαστήριον,
1723 2465 1820 2516 καὶ
1864 2464 2097 2531 ἐζήτησε
2143 2465 2206 2513 τὸ
2281 2461 2581 2528 πολιτικὸν,
2640 2464 2735 2515 καὶ
2809 2465 3086 2535 ἐνίκησεν.
3139 2465 3201 2516 Et
3241 2465 3349 2532 γὰρ

135 2560 410 2624 σςίσταται
440 2555 538 2608 τοῦ
578 2557 924 2626 πράγματος,
948 2556 1076 2624 περὶ
1102 2548 1162 2606 οὗ
1197 2555 1507 2618 ἐδικάσατο,
1530 2555 1681 2623 μένει
1721 2552 1860 2622 ἔχων
1890 2553 1987 2620 τὴν
2018 2555 2224 2606 οἰκείαν
2255 2553 2563 2620 ἐπιτιμίαν.

190 2651 288 2701 Καὶ
325 2647 515 2699 ταῦτα
548 2647 646 2713 μὲν
683 2647 710 2696 ὁ
735 2644 917 2696 κανὼν
960 2643 1274 2713 διορίζεται.
1329 2645 1574 2716 Σήμερον
1629 2643 1687 2695 δὲ

132 2738 474 2806 παρορῶν-ται
507 2735 682 2788 ταῦτα
719 2734 785 2785 δι’
815 2734 883 2802 ῆν
910 2734 1093 2787 αἰτίαν
1128 2735 1188 2786 οὑ
1238 2732 1514 2801 γινώσκω.
1548 2734 1688 2786 Πολ-

134 2827 198 2877 λεὶ
230 2829 358 2894 γάρ,
393 2825 462 2877 οὐ
491 2825 660 2893 μόνον
690 2822 893 2886 λαῖκοὶ,
941 2823 1077 2875 ἀλλὰ
1132 2824 1225 2875 καὶ
1266 2823 1574 2892 ίερωμένοι,
1600 2821 1689 2873 ελ-

135 2935 301 2970 κονσιν
335 2920 424 2978 εἰς
462 2915 720 2968 πολιτικὰ
743 2915 1078 2982 δικαστήρια
1104 2914 1458 2976 ἐπισκόπους,
1494 2913 1687 2982 κληρι-

133 3010 240 3071 ιοῂς
259 3026 317 3060 τε
358 3010 465 3059 καὶ
521 3005 815 3075 μοναχοὺς,
867 3004 1006 3072 μηδὲ
1062 3003 1358 3070 πρόσταξιν
1401 3003 1685 3072 βασιλικὴν

133 3101 237 3166 περὶ
273 3097 478 3150 τούτου
539 3093 924 3164 πορισάμενοι,
968 3092 1063 3144 καὶ
1101 3090 1222 3144 οὔτε
1259 3094 1292 3160 ή
1345 3091 1436 3143 τοῦ
1471 3093 1683 3159 ἀπροσ-

133 3191 272 3257 ᾷὸρου
301 3184 577 3241 δικαστοῦ
603 3182 949 3253 παραγραφὴ
974 3181 1246 3233 λυσιτελεῖ
1281 3184 1393 3244 τοῖς
1424 3182 1688 3249 ἐναγομέ-

131 3298 256 3340 υπς’
293 3275 791 3342 καταναγκάζουσι
825 3275 933 3340 γὰρ
961 3273 1183 3334 τούτους
1217 3274 1309 3324 καὶ
1341 3272 1573 3334 ἄκοντας
1600 3273 1682 3324 δι-

133 3373 376 3434 κάζεσθαι
409 3387 424 3400 ο
473 3369 601 3418 οὒτε
661 3367 713 3418 οἱ
763 3364 1094 3425 ἑλκύσαντες
1143 3363 1340 3425 αὐτοὺς
1397 3363 1682 3432 ἱερωμένοι

130 3463 306 3529 τελάεη
317 3479 421 3513 σαν
448 3459 830 3526 ὁπωσδήποτε,
859 3455 974 3508 ἀλλ’
1005 3454 1125 3506 οὐδὲ
1154 3454 1203 3506 οἱ
1235 3452 1554 3530 ξναγόμενοι
1588 3471 1684 3522 μο-

133 3554 319 3622 ηχοίἧ
360 3549 630 3619 κληρικοὶ
682 3548 762 3608 είς
798 3545 1156 3612 δικαστήριον
1203 3545 1678 3611 ἐκκλησιαστικὸν,

132 3646 206 3692 καὶ
239 3639 729 3709 παραιτησάμενοι
751 3634 934 3696 τοῦτο,
957 3633 1238 3702 πολιτικὴν
1267 3633 1322 3685 δὲ
1346 3634 1680 3703 ζητήσαντες

130 3734 496 3794 ιατεξέτασιν,
535 3726 680 3779 κατά
706 3743 758 3777 τι
813 3723 1272 3793 ὲτιμωρήθησανο
1321 3724 1510 3792 ὥσπερ
1556 3724 1679 3776 οὐδὲ

127 3826 163 3873 εἰ
220 3821 588 3879 ἑλκυσθέντες
643 3815 964 3886 κληρικοὶή
1015 3813 1239 3882 μοναχοὶ
1286 3816 1366 3876 εἰς
1412 3814 1678 3881 κοσμικὸν

126 3914 489 3980 ξιιαστήριον,
532 3908 631 3962 καὶ
682 3905 1112 3972 καταδεξάμενοι
1152 3907 1231 3967 είς
1262 3903 1420 3958 τοῦτο
1451 3904 1677 3956 δικάσα-

128 4006 245 4054 σθαι.
277 4003 390 4054 Τιιῦ
433 4001 494 4051 δὲ
527 3998 977 4068 χρηματίσαντος
1008 3995 1427 4064 καθηγουμένου
1456 3995 1556 4061 τῆς
1581 4011 1676 4062 μο-

127 4094 201 4158 νής
237 4093 331 4144 τοῦ
372 4091 772 4142 Παντεπόπτου
834 4085 1073 4154 μοναχοῦ
1129 4084 1339 4136 ἐκείνου
1387 4085 1673 4147 Μελετίου,

127 4183 465 4240 ἑλχυσθέντος
501 4181 583 4238 είς
613 4179 676 4228 τὸ
707 4175 982 4227 συνοδικὸν
1019 4174 1388 4242 δικαστήριον,
1424 4173 1518 4225 καὶ
1570 4190 1676 4224 πα-

128 4273 518 4343 ραιτησαμέωυ
547 4268 681 4319 αὐτὸ
711 4267 785 4328 ὡς
814 4265 1177 4334 καταθύμιον,
1208 4265 1304 4317 καὶ
1332 4266 1674 4334 μεταγαγόν-

1862 2642 1925 2695 Et
1963 2645 2073 2696 haec
2125 2644 2340 2711 quidem
2373 2659 2544 2696 canon
2588 2644 2889 2699 constituit.
2926 2645 3096 2702 Hodie
3160 2659 3341 2704 autem

1793 2733 1906 2785 litec
1963 2733 2326 2801 negliguntur,
2387 2744 2606 2799 propter
2661 2749 2824 2802 quam
2884 2751 3101 2791 causam
3139 2743 3345 2796 nescio.

1797 2821 1948 2874 Multi
1984 2825 2146 2884 enim,
2179 2839 2282 2873 non
2334 2823 2504 2874 solum
2560 2825 2720 2886 laici,
2751 2827 2844 2877 sed
2902 2828 3065 2880 etiam
3121 2835 3345 2894 sacrati,

1791 2914 2095 2981 epis-tripos,
2139 2913 2366 2967 clericos
2407 2922 2461 2966 et
2512 2915 2803 2969 monachos
2841 2919 2906 2970 ad
2942 2920 3116 2972 civilia
3144 2919 3346 2988 judicia

1791 3000 2032 3060 trahunt,
2092 3014 2192 3052 nec
2243 3002 2604 3069 imperatoris)
2633 3005 2845 3069 quidem
2913 3009 3222 3062 mandatum
3278 3013 3348 3063 de

1785 3103 1846 3140 ea
1885 3104 1944 3139 re
1987 3088 2285 3154 exhibent;
2335 3101 2389 3143 et
2447 3107 2620 3158 neque
2679 3094 3094 3160 incompetentis
3141 3099 3345 3166 judicia

1785 3181 2125 3247 prmscriptio
2180 3197 2271 3233 seu
2301 3185 2551 3248 exceptio
2585 3185 2802 3248 prodest
2833 3186 2919 3248 iis,
2945 3188 3032 3252 qni
3067 3189 3140 3240 rei
3175 3204 3343 3258 agun-

1787 3279 1913 3323 tur:
1958 3286 2052 3322 eos
2099 3274 2242 3323 enim
2288 3281 2488 3340 cogunt
2531 3275 2611 3326 vel
2655 3275 2852 3328 invitos
2881 3277 3086 3341 judicio
3117 3291 3345 3334 conten-

1785 3359 1934 3412 dere.
1969 3359 2078 3414 Nec
2109 3363 2326 3424 sacrati,
2360 3361 2453 3429 qui
2482 3378 2575 3415 eos
2612 3373 2914 3428 traxerunt,
2949 3367 3150 3430 aliquid
3183 3371 3338 3437 peni-

1783 3462 1869 3505 tus
1896 3455 2077 3506 damni
2129 3469 2390 3518 sensere;
2442 3456 2538 3509 sed
2571 3472 2672 3510 nec
2710 3460 2956 3511 monachi
2987 3461 3068 3512 vel
3128 3462 3338 3528 clerici,

1782 3546 2042 3598 adversus
2069 3560 2204 3612 quos
2261 3547 2312 3597 in
2377 3544 2492 3597 foro
2555 3547 2928 3601 ecclesiastico
2973 3550 3172 3617 agitur,
3207 3551 3248 3602 si
3287 3551 3340 3606 id

1780 3637 1994 3703 quidem
2029 3635 2413 3694 recusaverint,
2440 3634 2648 3687 civilem
2677 3650 2855 3689 autem
2887 3640 3339 3695 exanimationem

1779 3729 2092 3795 petiverint,
2127 3726 2231 3778 ulla
2262 3727 2313 3779 in
2370 3742 2429 3779 re
2462 3730 2629 3794 puniti
2658 3739 2779 3780 sunt
2814 3745 2831 3781 :
2885 3732 3339 3797 quemadmodum

1780 3835 1880 3871 nec
1917 3818 2098 3872 clerici
2134 3819 2216 3871 vel
2267 3819 2540 3877 monachi.
2573 3819 2662 3886 qui
2701 3821 2752 3872 in
2781 3823 3040 3875 sazcnlare
3074 3823 3340 3889 judicium

1779 3911 1931 3963 tracti
1969 3920 2112 3973 sunt,
2156 3920 2208 3962 et
2239 3911 2290 3961 in
2326 3924 2389 3961 eo
2416 3909 2629 3976 litigare
2673 3925 2778 3961 non
2827 3924 3164 3965 recusarunt.
3197 3912 3332 3967 Cum

1784 4009 1960 4051 autem
2015 3999 2310 4050 monachus
2364 3999 2448 4050 ille
2479 3998 2741 4063 Meletius,
2775 4001 2863 4066 qui
2898 4006 3214 4068 pra'positns
3240 4004 3341 4057 fuit

1787 4087 2098 4140 monasterii
2157 4085 2492 4153 Pantepopti,
2529 4086 2594 4138 ad
2647 4088 2904 4156 synodale
2929 4089 3188 4156 judicium
3225 4101 3338 4145 tra-

1777 4186 1916 4237 ctus,
1952 4177 2128 4240 ipsum
2161 4183 2218 4227 ut
2253 4175 2351 4227 sibi
2385 4189 2487 4226 non
2528 4184 2738 4241 gratum
2773 4191 3102 4242 recusasset,
3131 4190 3184 4231 et
3212 4195 3338 4233 cau-

1779 4281 1895 4320 sam
1929 4267 1993 4318 ad
2043 4266 2302 4318 saeculare
2363 4264 2593 4316 tribunal
2628 4268 2956 4319 traduxisset
2987 4283 3082 4334 per
3113 4269 3337 4321 manda-

123 4384 194 4429 τος
213 4370 306 4436 τὴν
332 4369 360 4417 -ζι
372 4364 598 4416 πάθεσιν
621 4362 701 4422 είς
727 4359 988 4426 κοσμικὸν
1016 4359 1362 4428 δικαστήριον
1386 4360 1473 4412 διὰ
1504 4360 1673 4428 πρὸσο

1784 4366 1888 4409 lunt
1927 4355 2235 4422 imperiale;
2279 4354 2660 4408 sanctissimus
2719 4357 3026 4424 patriarcha
3089 4359 3338 4413 dominus

128 4459 255 4521 τσξιν
289 4451 605 4523 βασιλικὴν,
651 4452 680 4501 ὁ
727 4449 1030 4513 ἁγιώτατος
1073 4450 1419 4517 πατριάρχης
1461 4449 1668 4509 ἐκεῖνος

125 4549 287 4615 κύριος
313 4544 538 4602 Λουκᾶς
572 4538 992 4608 ὑϐριοπαθήσας
1017 4539 1109 4590 ἐπὶ
1139 4539 1214 4606 τῷ
1235 4540 1506 4605 γεγονότι,
1543 4539 1675 4590 πολ-

125 4637 203 4702 ἰὴν
252 4638 414 4687 ἑθετο
467 4630 710 4699 σπουδήν
760 4627 1156 4696 διορθώσασθαι
1231 4630 1293 4682 τὸ
1359 4631 1670 4697 γενόμενον.

126 4728 343 4778 Ἤκουσε
379 4725 441 4775 δὲ
474 4724 586 4775 ἀπὸ
617 4717 1061 4795 τῶηπολιτικῶν
1089 4719 1359 4772 δικαστῶν
1390 4720 1464 4780 ὡς
1500 4721 1532 4788 ή
1574 4721 1672 4786 βα-

127 4817 282 4882 σιλικὴ
321 4812 552 4875 ὲξουσία
602 4811 782 4861 πάντα
808 4807 1029 4860 δύναται
1064 4811 1234 4859 ποιεῖν
1261 4822 1274 4836 ·
1341 4809 1435 4860 καὶ
1481 4810 1670 4878 ὥσπερ

124 4904 315 4955 tincto
351 4898 735 4970 πρωτοτύπως
755 4895 940 4948 δοῦναι
975 4896 1250 4948 πολιτικὸν
1295 4896 1552 4961 δικαστὴν
1575 4899 1674 4965 χά.

125 5009 190 5057 ριν
236 4993 329 5044 τοῦ
393 4991 621 5042 δικάσαι
670 4987 970 5038 ἐπίσκοπον
1034 4986 1066 5054 ἢ
1120 4986 1308 5055 ἕτερον
1371 4987 1670 5054 ἱερωμένον

123 5084 450 5149 ἐναγότιενονο
478 5077 628 5130 οὕτω
678 5077 774 5128 καὶ
799 5074 940 5126 κατὰ
967 5075 1256 5142 μετάθεσιν
1289 5075 1349 5126 τὸ
1373 5076 1668 5143 ἐκκλησια-

125 5176 278 5224 στικὸν
318 5171 682 5239 δικαστήριον
717 5166 1007 5235 μεταγάγῃ
1032 5166 1172 5217 κατὰ
1193 5165 1423 5233 νόμιμον
1463 5164 1668 5232 παραί-

123 5279 248 5329 τησιν
277 5267 361 5325 είς
392 5259 700 5314 πολιτικόν.
737 5256 884 5324 Πλὴν
910 5259 936 5308 ὁ
964 5257 1112 5317 me;
1135 5255 1462 5324 δηλούμενος
1493 5255 1668 5324 καθη-

124 5357 386 5420 γοῢμενος,
420 5352 527 5404 κᾶν
561 5346 902 5417 είσηκοὺσθη
921 5347 979 5397 τὸ
1011 5348 1289 5399 συνοδικὸν
1321 5347 1670 5416 παραιτησά-

129 5462 258 5507 μενος
285 5445 675 5512 δικαστήριον,
713 5440 814 5492 καὶ
849 5438 1144 5508 διετηρήθη
1177 5439 1664 5508 άποκριμάτιστος·

128 5538 233 5587 are
267 5539 376 5590 ἀπὸ
404 5535 501 5587 τοῦ
537 5533 617 5602 ρδ¹
645 5530 874 5588 κανόνος
897 5530 991 5597 τῆς
1025 5531 1305 5599 παρούσης
1335 5529 1576 5591 συνόδου,
1609 5529 1666 5579 ὃν

131 5626 518 5694 ηιάνάγνωθι,
568 5622 782 5692 ὤφειλε.
845 5620 1252 5689 καθαιρεθῆναι.
1308 5622 1380 5673 Τὸ
1443 5622 1546 5690 γὰρ
1603 5618 1664 5682 ιζ’

378 5719 644 5776 ΡΑτῐιοι..
679 5713 777 5770 Gn
859 5711 1243 5772 CXXXVIII.

1776 4448 1951 4501 Lucas
1975 4445 2028 4499 id
2056 4461 2197 4514 aegre
2260 4444 2464 4510 ferens,
2500 4445 2783 4512 pluritnum
2818 4448 3052 4500 studium
3088 4449 3338 4504 adhibuit

1779 4550 1836 4593 ut
1881 4540 2244 4628 corrigeretur
2284 4538 2425 4606 quod
2485 4537 2684 4591 factum
2725 4539 2924 4593 fuerat.
2961 4541 3183 4594 Audivit
3243 4559 3338 4593 au-

1779 4641 1882 4685 tem
1917 4646 1945 4682 a
1968 4629 2526 4696 civilibusjudicibus,
2553 4630 2695 4697 quod
2719 4630 3059 4696 imperatoris
3097 4641 3334 4699 potestas

1773 4722 1955 4773 omnia
1989 4720 2166 4773 facere
2201 4729 2374 4787 potest
2405 4737 2419 4772 :
2451 4729 2505 4772 et
2534 4723 2986 4785 quemadmodum
3020 4725 3194 4789 primo
3217 4724 3335 4779 loco

1773 4815 1948 4879 potuit
1984 4813 2281 4879 imperator
2329 4811 2540 4865 civilem
2583 4812 2821 4877 judicem
2878 4830 2974 4879 pro
3037 4815 3332 4882 judicando

1773 4901 2030 4969 episcopo
2067 4901 2149 4952 vel
2200 4900 2308 4953 alio
2365 4910 2599 4965 sacrato,
2635 4906 2899 4956 adversus
2944 4920 3104 4971 quem
3157 4898 3334 4972 agitur

1774 4993 2107 5046 constituere
2139 5005 2155 5043 :
2192 4992 2264 5044 ita
2293 5001 2346 5044 et
2397 5006 2491 5058 per
2526 4993 3022 5059 transpositionem,
3059 4995 3326 5060 judicium

1772 5083 2202 5137 ecclesiasticum
2232 5097 2297 5133 ex
2329 5082 2567 5146 legitima
2595 5085 2912 5150 exceptione
2946 5086 2995 5136 in
3036 5085 3192 5137 civile
3221 5096 3331 5136 tra—

1772 5175 2005 5226 duxerit.
2060 5171 2164 5224 Sed
2228 5172 2442 5225 etiamsi
2476 5173 2566 5240 qui
2632 5173 2719 5224 hic
2765 5175 2963 5226 dicitur
3011 5177 3328 5228 monasterii

1773 5261 2060 5329 praefectus
2103 5259 2386 5312 exauditus
2442 5269 2544 5318 est,
2571 5260 2834 5328 synodale
2876 5260 3136 5328 judicium
3171 5275 3329 5313 recn-

1773 5366 1918 5415 satis,
1948 5359 2001 5403 et
2030 5351 2149 5403 sine
2178 5349 2487 5418 praajudiCio
2507 5360 2861 5402 conservatus
2895 5361 2975 5402 est
3010 5368 3022 5402 :
3064 5358 3236 5402 tamen
3263 5363 3332 5402 ex

1770 5457 1974 5496 canone
2002 5441 2101 5493 104
2143 5441 2422 5508 praesentis
2469 5440 2659 5508 synodi
2701 5439 2896 5507 deponi
2934 5439 3135 5501 debuit,
3168 5453 3329 5507 quem

1775 5534 1885 5599 lege
1919 5548 1930 5583 :
1969 5532 2232 5582 decimum
2267 5531 2553 5596 septimum
2585 5533 2722 5581 enim
2771 5539 2932 5598 caput
2977 5530 3132 5597 primi
3193 5528 3327 5580 titttli

1774 5623 1914 5676 tertii
1949 5622 2094 5683 lihri,
2118 5621 2242 5673 licet
2269 5621 2524 5673 decernat
2557 5635 2675 5673 cum
2713 5621 3053 5687 itnpeiatnris
3082 5620 3330 5671 mandato

2953 5711 2988 5768 3
