3982 6444
641 301 712 361 75
1871 296 2131 356 THEOD.
2173 297 2558 355 BALSAMO‘N
3739 287 3818 352 75

644 424 800 480 posse
854 411 1111 466 adversus
1157 413 1437 476 episc0pos
1485 405 1587 474 agi,
1621 415 1675 457 et
1711 420 1802 458 eos
1831 406 1951 458 sisti
1998 417 2170 458 coram

2279 423 2405 473 κεφ.
2440 405 2533 456 τοῦ
2577 411 2623 455 a'
2678 403 2858 454 τίτλου
2890 401 2983 454 τοῦ
3026 400 3072 468 γ’
3103 399 3330 466 βιϐλίου,
3367 399 3466 452 κᾶν
3511 398 3819 468 διορίζητλι

643 498 886 552 civilibus
907 498 1168 565 judicibus
1191 510 1204 545 :
1232 497 1332 546 hoc
1357 503 1551 556 tamen,
1579 501 1636 544 ut
1661 492 1791 544 mihi
1817 493 2044 555 videtur,
2073 507 2176 545 non

645 587 866 653 quadrat
927 584 1198 636 canonica:
1237 582 1510 638 dcctrinzc.
1546 581 1700 650 532
1749 581 2008 634 Debemus
2037 583 2174 634 enim

647 673 845 735 dicere,
881 681 1008 724 tunc
1031 672 1166 724 trahi
1197 673 1502 738 episcopum
1534 685 1632 736 pro
1660 684 1736 733 re,
1779 685 1897 735 quae
1927 671 2173 738 privatim

641 761 706 813 ad
741 761 910 826 ipsum
975 759 1208 825 pertinet
1245 776 1258 811 :
1292 774 1400 811 non
1429 767 1600 810 autem
1636 772 1731 822 pro
1768 759 2058 824 quaestione
2078 773 2175 811 ec-

639 846 964 899 clesiastica.
1017 845 1094 896 Re
1118 846 1259 898 enim
1287 843 1544 911 ejusmodi
1597 845 1893 912 proposita,
1942 860 2048 897 non
2083 845 2176 897 de-

641 935 766 986 bent
795 933 976 986 civiles
999 928 1205 1000 jmtiees
1239 932 1400 984 ullam
1419 932 1534 999 ejus
1563 931 1765 985 habere
1794 934 2176 999 cognitionem.

635 1022 752 1074 Jam
786 1038 910 1074 vero
951 1035 1138 1088 magna
1180 1034 1388 1093 quoque
1442 1026 1525 1072 est
1571 1019 1687 1085 ejus
1732 1019 2052 1082 dim-rentia,
2084 1025 2173 1088 qui

638 1130 733 1167 sua
759 1122 946 1178 sponte
986 1110 1401 1165 ecclesiasticum
1449 1108 1705 1176 judicium
1741 1119 1948 1161 recusat
1991 1119 2042 1162 et
2077 1125 2175 1161 sae-

638 1203 819 1255 culare
840 1217 902 1252 ex
939 1200 1283 1265 imperatoris
1310 1197 1561 1250 mandato
1609 1197 1822 1263 quaerit,
1857 1205 1910 1249 et
1939 1195 2050 1260 ejus
2083 1197 2173 1263 qui

633 1292 784 1356 jussu
822 1289 1156 1354 imperatoris
1209 1288 1406 1339 invitus
1439 1294 1635 1340 tractus
1691 1295 1771 1338 est
1823 1287 1886 1337 ad
1923 1287 2176 1339 saeculare

632 1377 912 1443 judicium.
985 1371 1126 1439 Lege
1192 1376 1350 1425 etiam
1427 1386 1547 1438 cap.
1606 1375 1626 1424 1
1699 1372 1846 1426 tit.9
1900 1376 2178 1439 prmi-tntis

639 1465 839 1531 operis,
875 1473 927 1514 et
958 1476 1074 1528 qua:
1107 1461 1295 1527 inipso
1320 1477 1346 1511 a
1389 1463 1543 1513 uobis
1582 1462 1780 1529 scripta
1812 1473 1956 1514 sunt.
1993 1461 2178 1516 Petere

635 1562 813 1604 autem
845 1548 1174 1615 conjudicem
1199 1546 1410 1598 civilem
1445 1560 1538 1612 per
1559 1547 1863 1598 mamlatum
1902 1545 2175 1612 imperiale

635 1655 738 1693 non
764 1649 865 1702 est,
912 1648 967 1690 ut
1019 1637 1146 1690 mihi
1188 1635 1420 1692 videtur.
1464 1633 1789 1700 prohibitum
1843 1641 1896 1685 rt
1947 1635 2175 1685 maxinm

2283 496 2419 563 μετά
2457 491 2742 562 βασιλικῆς
2768 490 3063 553 κελεύσεως
3096 490 3372 556 διάγεσθαι
3419 489 3508 541 καὶ
3542 488 3822 554 παρίστα-

2276 585 2401 636 σθαι
2446 584 2571 642 τοὺς
2605 583 2934 643 ἐπισκόπους
2965 581 3114 648 παρὰ
3169 580 3463 640 πολιτικοῖς
3518 577 3812 644 ἄρχουσιν,

2275 672 2407 724 ἀλλά
2431 671 2586 723 τοῦτο
2620 671 2678 723 οὐ
2720 671 3098 740 προσίσταται,
3131 669 3205 730 ὡς
3233 671 3360 736 ἐμοὶ
3415 668 3580 730 δοκεῖ,
3613 669 3679 733 τῇ
3717 682 3822 716 κα-

2275 764 2459 826 νονικῇ
2481 759 2816 826 διδασκαλίᾳ.
2856 757 3172 824 Ὀφείλομεν
3208 755 3317 822 γὰρ
3357 755 3532 806 εἰπεῖν
3577 753 3665 803 τὶν
3694 752 3814 802 ἐπί-

2277 865 2480 901 σκοπον
2505 847 2804 915 τηνικαῦτα
2829 847 3083 900 ἕλκεσθαι
3121 847 3249 913 περὶ
3271 842 3594 912 πράγματος
3623 829 3817 900 ἰδικῶς

2276 937 2424 1005 αὑτῷ
2454 937 2824 1006 διαφέροντος,
2855 938 2915 988 οὐ
2943 935 3048 1004 μὴν
3075 936 3202 1004 περὶ
3235 931 3684 1000 ἐκκλησιαστικοῦ
3717 930 3820 995 ζη-

2273 1029 2516 1093 τήματος
2541 1040 2557 1056 °
2584 1027 2829 1076 τοιούτου
2861 1025 2967 1092 γὰρ
2994 1024 3353 1090 προκειμένου
3385 1021 3526 1081 τινὸς
3557 1023 3820 1087 ἀμέτοχοι

2277 1110 2419 1167 εἶναι
2450 1116 2759 1181 ὀφείλουσιν
2795 1115 2842 1164 oi
2876 1112 3140 1165 πολιτικοὶ
3161 1111 3431 1175 δικασταί.
3457 1111 3604 1170 Τέως
3632 1109 3688 1160 δὲ
3719 1109 3817 1158 καὶ

2279 1203 2488 1270 μεγάλη
2509 1204 2623 1254 ἐστὶ
2651 1202 2880 1270 διαφορὰ
2905 1200 3004 1253 τοῦ
3023 1198 3353 1266 αὐθαιρέτως
3379 1198 3819 1265 παραιτουμένου

2275 1290 2335 1341 τὸ
2379 1290 2822 1356 ἐκκλησιαστικὸν
2861 1287 3225 1356 δικαστήριον,
3271 1288 3360 1338 καὶ
3421 1285 3701 1354 ζητοῦντος
3753 1284 3820 1336 τὸ

2291 1375 2565 1427 πολιτικὸν
2611 1375 2955 1443 δικαστήριον
2999 1373 3083 1424 διὰ
3118 1373 3461 1440 προστάξεως
3509 1371 3817 1439 βασιλικῆς,

2279 1465 2490 1516 καὶτοῦ
2524 1465 2869 1525 ἐλκυσθέντος
2891 1461 3156 1521 ἀκουσίως
3206 1461 3342 1511 κατά
3372 1460 3613 1510 κέλευσιν
3666 1459 3823 1528 βασι-

2275 1553 2432 1620 λικὴν
2491 1556 2570 1614 είς
2618 1554 2880 1620 κοσμικόν
2937 1551 3298 1618 δικαστήριον.
3377 1548 3675 1610 ’Λνάγνωθι
3721 1547 3822 1597 καὶ

2279 1657 2404 1709 κεφ.
2443 1640 2491 1694 α’
2526 1643 2619 1693 τοῦ
2664 1644 2707 1695 θ’
2760 1643 2939 1693 τίτλου
2971 1640 3062 1692 τοῦ
3105 1639 3367 1707 παρόντος
3417 1637 3815 1705 συντάγματος,

640 1730 858 1798 quando
877 1737 1140 1781 estcausa
1179 1723 1511 1792 pecuniaria,
1551 1737 1668 1786 qua:
1721 1732 1805 1775 est
1849 1723 2170 1790 synodaliter

2280 1732 2375 1782 καὶ
2403 1731 2469 1783 τὰ
2500 1734 2558 1784 ἐν
2589 1731 2736 1798 αὐτῷ
2761 1730 2889 1799 παρ’
2926 1731 3080 1798 ἡμῶν
3128 1726 3502 1797 γεγραμμένα.
3532 1726 3604 1777 Τὸ
3631 1726 3821 1792 μέντοι

634 1820 881 1874 dicenda.

2285 1816 2515 1885 ζητῆσαι
2549 1818 2903 1886 συνδικαστὴν
2930 1817 3202 1869 πολιτικὸν
3225 1816 3314 1868 διά
3351 1815 3693 1882 προστάξεως
3727 1814 3828 1880 βα-

635 1908 863 1975 σιλικῆς,
894 1906 968 1968 ὡς
995 1903 1115 1971 ἐμοὶ
1147 1903 1312 1967 δοκεῖ,
1337 1902 1436 1954 οὐκ
1477 1900 1592 1978 ἐστι
1623 1899 2021 1967 κεκωλυμένον,
2062 1902 2157 1954 καὶ
2195 1907 2396 1973 μᾶλλον
2418 1909 2545 1962 ὅταν
2574 1910 2888 1977 χρηματική
2912 1911 3057 1958 ἐστιν
3107 1889 3377 1970 ὑπόθεσις,
3446 1909 3478 1974 ἡ
3553 1908 3825 1975 μέλλουσα

631 1996 930 2065 λαληθῆναι
965 1993 1276 2053 συνοδικῶς.

701 2071 1119 2150 Interrogaverit
1164 2091 1339 2136 autem
1396 2080 1681 2148 quispiam,
1711 2079 1841 2131 Cum
1894 2079 1976 2133 lex
2006 2080 2167 2142 dicat,

633 2192 752 2232 cum
785 2179 850 2231 ab
899 2177 1112 2227 actione
1148 2187 1239 2225 sua
1281 2171 1551 2232 excidere,
1589 2170 1677 2236 qui
1733 2183 1888 2221 suum
1921 2169 2173 2220 adversa-

635 2270 773 2320 rium
819 2265 882 2318 ad
934 2263 1200 2332 judicium
1250 2262 1615 2324 incompetens
1655 2258 1914 2318 traxerit,
1945 2257 2033 2323 qui
2085 2271 2175 2309 sa-

633 2369 837 2412 cratum
873 2355 938 2407 ad
973 2353 1127 2407 civile
1168 2350 1424 2419 judicium
1460 2347 1682 2400 traxerit
1714 2386 1726 2408 ,
1779 2361 1952 2398 annon
1978 2360 2041 2398 ex
2074 2347 2175 2398 hoc

632 2459 836 2499 canone
891 2457 986 2497 suo
1021 2443 1142 2508 jure
1175 2439 1387 2493 excidet
1419 2438 1441 2489 ?
1483 2435 1704 2490 Solutio.
1753 2435 2163 2502 lncompetentis

628 2534 826 2604 judicis
858 2531 1189 2598 pratscriptio
1222 2529 1272 2580 in
1304 2526 1561 2592 principio
1603 2525 1788 2590 judicii
1823 2524 1993 2577 solum
2043 2539 2164 2590 pro-

637 2622 877 2688 ponitur,
910 2633 1011 2670 non
1040 2627 1213 2667 autem
1246 2615 1404 2665 etiam
1428 2624 1633 2679 p05tea.
1659 2610 1822 2676 Finge
1847 2625 1997 2678 ergo,
2033 2611 2174 2677 quod

634 2723 694 2763 ea
726 2723 754 2760 a
795 2706 1051 2774 principio
1102 2719 1205 2756 non
1239 2711 1323 2755 est
1357 2701 1632 2768 proposita
1669 2715 1695 2750 a
1728 2713 1818 2751 reo
1853 2713 1867 2749 :
1918 2699 1995 2751 vel
2047 2714 2170 2766 pro-

637 2797 809 2865 posita
839 2810 865 2846 a
900 2793 1079 2861 judice
1107 2791 1339 2844 admissa
1391 2805 1491 2842 non
1522 2797 1622 2840 est.
1665 2786 1729 2839 Et
1767 2795 2045 2855 propterea
2077 2789 2169 2840 de-

636 2885 888 2938 ﬁnierunt
936 2882 1158 2940 l'atres,
1215 2877 1381 2945 quod,
1417 2877 1624 2928 etiamsi
1659 2884 1810 2928 actor
1857 2876 2075 2937 vicerit,
2107 2888 2171 2928 eo

2357 2081 2652 2149 Ἐρωτήσει
2693 2081 2748 2132 δέ
2779 2098 2884 2143 τις,
2918 2080 3005 2141 Ὠς
3035 2079 3129 2131 τοῦ
3163 2080 3325 2146 νόμου
3379 2079 3626 2146 λέγοντος
3659 2083 3823 2134 ἐκπί-

2279 2185 2430 2221 πτειν
2459 2173 2555 2236 τῆς
2583 2170 2785 2231 οἰκείας
2821 2168 3204 2239 ἐναγωγῆςτὸν
3237 2171 3315 2228 είς
3350 2170 3691 2237 ἀπρόσφορον
3735 2174 3822 2223 δι-

2277 2259 2570 2326 καστήριον
2598 2259 2898 2309 ἐλκύσαντα
2923 2258 3012 2307 τὸν
3032 2257 3163 2308 ῐδιον
3188 2257 3473 2319 ἀντίδικον,
3495 2258 3592 2308 οὑκ
3618 2259 3818 2324 ἔμελλε

2279 2346 2375 2396 καὶ
2398 2349 2503 2415 πρὸ
2532 2347 2623 2399 τοῦ
2666 2347 2887 2408 κανόνος
2919 2347 3110 2398 τούτου
3141 2349 3167 2396 ό
3203 2346 3294 2396 τὸν
3332 2346 3627 2414 ἱερωμένον
3658 2348 3826 2400 ἐλκύ-

2283 2453 2377 2497 σας
2411 2441 2488 2498 εἰς
2522 2436 2793 2488 πολιτικὸν
2823 2436 3168 2503 δικαστήριον
3198 2435 3452 2487 ἐκπεσεῖν
3479 2436 3570 2487 τοῦ
3602 2438 3822 2490 δικαίου

2278 2525 2439 2577 αὑτοῦ
2463 2543 2478 2591 ;
2507 2527 2715 2589 Λύσις.
2749 2526 2810 2576 'll
2838 2524 2928 2576 τοῦ
2955 2524 3299 2593 άπροσφόρου
3325 2528 3658 2595 παραγραφὴ
3675 2532 3823 2580 κατά

2273 2619 2368 2686 τὴν
2401 2618 2570 2686 ἀρχὴν
2606 2615 2699 2667 τοῦ
2737 2616 3082 2682 δικαστηρίου
3126 2599 3438 2682 προτίθεται
3482 2617 3575 2666 καὶ
3616 2617 3810 2683 μόνον,

2276 2706 2335 2755 οὐ
2391 2705 2496 2772 μὴν
2559 2705 2651 2755 καὶ
2703 2704 2838 2770 μετὰ
2889 2702 3077 2754 ταῦτα.
3122 2701 3423 2770 Θεμάτισον
3486 2699 3579 2755 οὖν
3618 2705 3697 2755 ὃτι
3750 2706 3818 2755 οὐ

2277 2792 2545 2858 προετέθη
2575 2791 2711 2857 αὕτη
2746 2789 2894 2857 παρά
2922 2789 3013 2841 τοῦ
3045 2790 3394 2857 ἐναγομένου,
3420 2791 3451 2859 ἢ
3485 2791 3820 2858 προτεθεῖσα

2274 2879 2374 2930 οὐκ
2403 2879 2592 2947 ἐδέχθη
2626 2880 2774 2946 παρά
2795 2877 2887 2929 τοῦ
2921 2877 3196 2931 δικαστοῦ.
3223 2878 3331 2930 Καὶ
3365 2878 3454 2930 διὰ
3483 2881 3640 2931 τοῦτο
3676 2879 3819 2948 ὥρι-

634 2974 777 3040 quod
833 2970 1242 3035 iucoutpclcttlis
1274 2967 1468 3033 judicis
1501 2967 1741 3032 exceptio
1775 2969 2170 3031 quomodocun-

2277 2990 2374 3023 σαν
2403 2974 2451 3023 οἱ
2495 2974 2730 3038 ΙΙατέρες
2763 2971 2858 3034 ὼς,
2895 2970 2996 3022 κᾶν
3023 2971 3220 3038 νικήσῃ
3247 2971 3276 3022 ό
3303 2971 3604 3037 ἐναγαγὼν,
3641 2972 3726 3024 διὰ
3751 2973 3818 3024 τὸ

634 3077 735 3127 que
785 3061 1028 3112 iuellicax
1095 3057 1246 3107 fuerit
1294 3072 1306 3106 :
1372 3057 1448 3106 sic
1489 3069 1700 3120 quoque
1753 3063 1927 3106 tamen
1958 3065 2173 3120 propter

637 3153 889 3203 honorem
923 3146 1169 3197 Ecclesiae
1199 3157 1380 3194 eorum
1411 3141 1632 3193 victoria
1672 3142 1800 3191 nihil
1825 3143 1869 3193 ei
1903 3143 2168 3206 proderit;

635 3241 726 3293 sed
757 3241 1072 3304 deponetur,
1118 3237 1159 3285 si
1202 3247 1319 3284 eam
1355 3231 1600 3282 retineat.
1640 3228 1898 3281 l’rmterea
1939 3230 2171 3281 interro-

637 3328 842 3397 gaverit
895 3326 1177 3392 quispiam,
1215 3337 1370 3390 quam
1432 3335 1639 3388 pmnam
1696 3319 2036 3371 sustinebunt
2089 3332 2176 3370 cc-

636 3411 930 3466 clesiastici
956 3409 1188 3475 judiees,
1227 3410 1269 3459 si
1299 3409 1524 3458 conviCti
1561 3407 1778 3467 ltlet'ittl,
1810 3419 1874 3456 ex
1911 3406 2055 3464 odio,
2091 3404 2173 3456 vel

636 3501 934 3562 aﬂectione,
967 3498 1050 3550 vel
1091 3506 1308 3563 propter
1343 3498 1568 3562 gratiam
1621 3496 1939 3548 sententiam
1970 3495 2172 3559 tulisse,

634 3602 752 3640 cum
782 3600 952 3638 canon
1013 3585 1076 3637 de
1125 3598 1190 3636 eo
1232 3583 1361 3635 nihil
1410 3583 1642 3650 jubeat?
1695 3582 1921 3634 Salutio.
1992 3581 2170 3634 Genus

635 3687 821 3735 ouante,
859 3671 957 3723 etsi
984 3684 1046 3722 ex
1080 3683 1286 3720 canone
1310 3684 1413 3721 non
1435 3677 1706 3734 appareat,
1740 3683 1803 3718 ex
1838 3667 2040 3733 legibus
2092 3677 2168 3718 ta-

632 3775 752 3813 men
803 3758 1130 3812 declaratur.
1194 3756 1309 3808 Jam
1344 3757 1486 3808 enim
1522 3757 1586 3807 de
1627 3755 1808 3824 judice
1858 3757 2169 3807 muneribus

603 3860 881 3916 «corrupto
911 3848 1038 3899 dicit
1067 3861 1184 3913 cap.
1215 3846 1268 3909 5,
1303 3846 1386 3897 tit.
1423 3845 1510 3906 25,
1543 3845 1632 3897 lib.
1689 3859 1737 3896 ix
1765 3885 1779 3908 ,
1811 3844 2168 3910 Magistratus,

632 3939 722 4007 qui
761 3937 1018 4005 pecunias
1050 3936 1244 4003 accipit
1295 3937 1358 3986 ad
1389 3934 1476 4000 jus
1535 3933 1838 3995 dicendum,
1870 3933 1948 3984 vel
1982 3934 2166 3984 decer-

635 4033 889 4091 nendum,
920 4027 999 4079 vel
1042 4028 1106 4079 ad
1141 4026 1259 4092 plus
1290 4026 1373 4077 vel
1422 4025 1594 4076 minus
1622 4038 1718 4074 suo
1761 4021 1937 4074 ofﬁcio
1966 4021 2167 4073 facien-

633 4121 793 4180 dum,
841 4127 892 4169 et
942 4118 1347 4183 magistratuum
1404 4126 1611 4182 quoque
1661 4127 1991 4177 assessores,
2055 4113 2167 4177 lege

639 4214 910 4258 tenentur.
962 4203 1025 4255 Et
1074 4203 1248 4256 thema
1280 4203 1333 4266 5,
1369 4218 1486 4268 cap.
1521 4203 1586 4254 8:
1615 4200 1774 4254 Poena
1816 4201 1946 4268 legis
1967 4207 2047 4252 est
2075 4214 2167 4252 ex-

2276 3063 2622 3130 ἀπρακτῆσαι
2664 3061 3011 3128 ὁπωσδήποτε
3041 3062 3137 3125 τὴν
3168 3059 3256 3112 τοῦ
3286 3063 3628 3130 ἀπροσφόρου
3661 3063 3818 3113 δικα-

2276 3150 2399 3202 στοῦ
2438 3153 2832 3218 παραγραφὴν,
2877 3150 3011 3202 ἀλλά
3051 3151 3142 3200 καὶ
3185 3150 3323 3201 οὕτω
3375 3151 3460 3202 διὰ
3499 3152 3595 3217 τὴν
3647 3151 3814 3220 τιμὴν

2271 3237 2370 3303 τῆς
2407 3238 2729 3304 Ἐκκλησίας
2764 3238 2840 3296 είς
2871 3237 3022 3288 οὐδὲν
3050 3237 3196 3302 αὐτῷ
3229 3239 3261 3304 ἠ
3293 3238 3414 3304 νίκη
3447 3239 3809 3308 λυσιτελήσει·

2271 3325 2405 3377 ἀλλά
2432 3326 2910 3393 καθαιρεθήσεται,
2947 3326 3103 3394 εἴπερ
3126 3327 3408 3394 ἀντέχεται
3434 3328 3653 3394 ταύτης.
3691 3331 3816 3382 ἸΞτι

2273 3415 2536 3482 ἐρωτήσει
2569 3431 2674 3475 τις,
2711 3414 2868 3464 ποίαν
2902 3413 3104 3481 βλάϐην
3127 3415 3516 3482 ὑποστήσονται
3543 3417 3589 3467 οἱ
3617 3418 3817 3486 ἐκκλη-

2273 3504 2542 3555 σιαστικοὶ
2571 3504 2842 3565 δικασταὶ,
2895 3503 3051 3571 εἴπερ
3089 3504 3384 3573 ἐλεγχθῶσι
3418 3507 3558 3558 κατὰ
3611 3508 3816 3575 ἔχθραν

2270 3591 2301 3658 ἢ
2333 3593 2475 3643 κατά
2507 3591 2880 3660 προσπάθειαν
2909 3593 3048 3660 asia
3069 3594 3224 3662 χάριν
3257 3595 3683 3662 ἀποφηνάμενοι,
3717 3600 3815 3649 τοῦ

2271 3682 2485 3741 κανόνος
2506 3681 2669 3749 μηδὲν
2692 3682 2814 3747 περὶ
2831 3680 3020 3732 τούτου
3038 3684 3539 3753 παρακελευομένου
3559 3703 3573 3751 ;
3599 3687 3810 3752 Λύσις.

2269 3770 2340 3820 Τὸ
2375 3767 2511 3830 εἶδος
2551 3769 2651 3838 τῆς
2720 3771 2940 3837 βλάϐης,
3002 3771 3101 3822 κᾶν
3136 3773 3243 3824 ἀπὸ
3306 3774 3400 3825 τοῦ
3457 3778 3679 3836 κανόνος
3711 3779 3816 3830 οὐκ

2268 3859 2649 3926 ἀναφαίνηται,
2677 3859 2810 3910 ἀλλὰ
2842 3861 2947 3911 ἀπὸ
2969 3861 3073 3912 τῶν
3100 3862 3277 3929 νόμων
3300 3862 3571 3931 δηλοῦται.
3602 3867 3814 3918 Λύτίκα

2269 3949 2376 4017 γὰρ
2406 3954 2533 4016 περὶ
2557 3947 2648 4000 τοῦ
2675 3948 3132 4018 δωροδοκηθέντος
3177 3951 3428 4004 δικαστοῦ
3467 3970 3596 4020 φησι
3635 3955 3695 4006 τὸ
3750 3958 3811 4023 γ’

2265 4054 2390 4103 κεφ.
2421 4037 2514 4088 τοῦ
2547 4033 2633 4103 μγ¹
2661 4037 2840 4087 τὶτλου
2877 4038 2970 4089 τοῦ
2995 4038 3036 4103 ξ’
3077 4038 3282 4106 βιϐλίου
3307 4057 3322 4072 ο
3367 4041 3424 4092 Ὀ
3463 4042 3643 4109 ἄρχων
3669 4046 3811 4116 λαμ-

2265 4123 2440 4175 ϐάνων
2471 4125 2726 4191 χρήματα
2765 4127 2855 4175 ἐπὶ
2881 4123 2958 4192 τῷ
2987 4125 3226 4190 δικάσαι,
3255 4128 3286 4196 ἢ
3317 4127 3678 4195 ψηφίσασθαι,
3712 4135 3810 4186 ἐπὶ

2267 4211 2343 4279 τῷ
2375 4213 2598 4278 ποιῆσαί
2629 4228 2680 4262 τι
2735 4211 2896 4264 πλέον
2934 4214 2964 4280 ἢ
3013 4204 3186 4282 ἥττον’
3217 4216 3311 4267 τοῦ
3363 4218 3493 4268 ίδίου
3525 4221 3812 4288 όφφικίου,

635 4294 1013 4354 traordinaria,
1043 4303 1093 4346 et
1151 4303 1207 4345 ut
1247 4293 1528 4360 plurimum
1577 4291 1766 4343 ets-ilio
1803 4295 2161 4349 condemnat,

2275 4301 2368 4352 καὶ
2399 4302 2446 4350 οἱ
2477 4300 2719 4369 σύνεδροι
2747 4301 2853 4353 τῶν
2888 4304 3164 4370 ἀρχόντων
3197 4305 3509 4360 ὑπόκεινται
3535 4309 3610 4376 τῷ
3636 4309 3811 4381 νόμῳ.

635 4398 1017 4449 nonnunquam
1075 4384 1236 4434 etiam
1284 4381 1516 4447 gravius.
1552 4380 1617 4432 Et
1665 4379 1913 4441 thema?"
1947 4393 2064 4446 Cap.
2094 4378 2125 4431 9
2156 4396 2168 4430 :

632 4474 730 4537 Qui
795 4475 895 4527 hac
958 4473 1070 4539 lege
1120 4474 1528 4534 condemnatur,
1577 4486 1674 4523 nec
1733 4483 1906 4537 potest
1964 4470 2173 4537 pnhlice

635 4562 999 4613 testimonium
1052 4561 1254 4620 dicere,
1301 4574 1397 4612 nec
1442 4561 1600 4625 judex
1651 4575 1788 4616 (35:8,
1846 4575 1943 4612 nec
1985 4573 2172 4612 iansas

630 4664 807 4716 agere.
867 4649 1004 4715 Lege
1051 4659 1101 4700 et
1138 4650 1308 4700 thema
1346 4647 1400 4710 2,
1461 4663 1579 4715 ων.
1643 4649 1706 4710 6,
1740 4649 1818 4700 tit.
1868 4647 1924 4706 4,
1951 4650 2040 4698 lib.
2071 4663 2163 4712 ut,

629 4740 768 4805 quod
806 4740 1016 4806 quidem
1049 4748 1130 4791 est
1173 4753 1293 4805 pars
1329 4736 1427 4789 124
1471 4734 1756 4790 Iustiniani
1796 4739 2026 4796 novelltu,
2056 4754 2170 4803 qua:

629 4829 709 4881 sic
732 4826 899 4881 dicit:
934 4827 989 4880 Si
1024 4840 1142 4894 quis
1173 4836 1346 4878 autem
1385 4841 1591 4888 eorum,
1621 4827 1708 4893 qui
1761 4827 1985 4892 litigant,
2016 4826 2168 4877 dixe-

631 4917 700 4969 rit
731 4931 789 4968 se
824 4916 1023 4982 aliquid
1048 4917 1276 4978 dedisse,
1307 4916 1387 4968 vel
1442 4931 1562 4969 esse
1621 4914 1936 4983 pollicitum,
1966 4924 2018 4967 et
2048 4930 2168 4981 per-

629 5021 815 5058 sonam
846 5006 1223 5069 nominaverit,
1252 5014 1304 5058 et
1344 5006 1442 5057 hoc
1471 5007 1796 5072 probaverit,
1824 5005 1933 5068 ipse
1953 5007 2165 5069 quidem

630 5095 682 5148 in
737 5095 843 5150 litis
895 5098 1039 5148 exitu
1078 5096 1226 5147 venia
1285 5096 1476 5163 dignus
1508 5096 1789 5147 habeatur.
1834 5096 1931 5156 Qui
1989 5103 2164 5144 autem

630 5187 826 5238 donum
857 5185 933 5237 vel
990 5187 1312 5251 promissum
1354 5185 1639 5236 admisisse
1685 5184 1957 5236 convictus
1983 5181 2164 5245 fuerit,

630 5278 673 5328 si
709 5276 1009 5342 sitquidcm
1071 5290 1229 5326 causa
1286 5276 1611 5339 pecuniaria,
1655 5274 1792 5340 quod
1844 5274 2026 5325 datum
2060 5281 2162 5334 est,

631 5365 868 5431 tt'ipluln,
907 5366 1047 5432 quod
1091 5381 1216 5415 vero
1247 5364 1589 5431 promissum,
1634 5364 1847 5429 duplum
1911 5379 1936 5413 a
1969 5363 2164 5414 comite

631 5453 953 5519 privatarum
1010 5463 1319 5504 nostrarum
1376 5453 1683 5501 facultatum
1715 5452 1973 5517 exigatur,
2002 5462 2053 5501 et
2083 5450 2162 5501 di-

628 5543 877 5606 gnitatem
903 5557 994 5594 seu
1026 5544 1413 5610 nmgistratum,
1452 5558 1604 5609 quem
1640 5543 1816 5607 halica5
1861 5543 1910 5592 in
1939 5552 2162 5608 utroque

2274 4393 2382 4444 Καὶ
2410 4393 2468 4442 τὸ
2493 4390 2540 4456 γ’
2578 4391 2716 4459 θέμα
2744 4392 2835 4444 τοῦ
2860 4393 2911 4462 η’
2954 4411 3078 4460 κεφ.
3113 4395 3211 4464 (Ἦ
3235 4396 3390 4464 ποινὴ
3418 4397 3509 4448 τοῦ
3535 4401 3693 4467 νόμου
3715 4403 3810 4454 ἐκ-

2274 4481 2693 4548 στραορδιναρία
2724 4483 2864 4544 ἐστὶ,
2895 4485 2987 4535 καὶ
3010 4484 3214 4537 ἐπίπαν
3241 4487 3318 4546 εἰς
3356 4485 3569 4554 ἐξορίαν
3591 4491 3809 4542 καταδι-

2270 4567 2446 4631 κάζει,
2479 4568 2590 4620 ἔσθ’
2637 4569 2725 4620 ὅτε
2758 4571 2815 4621 δὲ
2844 4573 2939 4623 καὶ
2980 4571 3353 4642 σφοδρότερον.
3376 4576 3482 4627 Καὶ
3510 4577 3568 4627 τὸ
3600 4577 3643 4643 β’
3666 4578 3812 4647 θέμα

2276 4658 2371 4710 τοῦ
2418 4657 2461 4707 θ’
2497 4659 2644 4723 κεφ.)
2691 4657 2750 4711 Ὀ
2786 4659 2865 4727 τῷ
2914 4661 3061 4728 νόμῳ
3115 4662 3286 4731 τούτῳ
3321 4664 3811 4733 καταδικαζόμενος

2271 4746 2392 4798 οὔτε
2435 4752 2735 4817 μαρτυρεῖν
2791 4749 3026 4818 δημοσίᾳ
3073 4751 3317 4816 δύναται,
3367 4753 3489 4804 οὔτε
3542 4755 3806 4820 δικάζειν,

2274 4833 2394 4884 οὔτε
2427 4839 2762 4902 συνηγορεῖν.
2821 4838 3115 4900 ’Λνάγνωθι
3167 4840 3255 4890 καὶ
3284 4840 3344 4890 τὸ
3384 4841 3426 4909 β’
3455 4842 3595 4908 θέμα
3623 4845 3713 4896 τοῦ
3755 4854 3808 4908 ς’

2271 4939 2394 4989 κεφ.
2428 4923 2520 4972 τοῦ
2555 4924 2594 4973 δ’
2619 4925 2798 4975 τίτλου
2825 4925 2913 4975 τοῦ
2957 4925 2996 4988 ξ’
3043 4926 3270 4993 βιϐλίου,
3320 4930 3455 4997 ὅπερ
3484 4933 3599 4982 ἐστὶ
3642 4934 3807 5000 μέρος

2267 5010 2364 5076 τῆς
2399 5009 2511 5075 ρκδ¹
2551 5010 2975 5063 Ίουστινιανείου
3023 5014 3242 5081 νεαρᾶς,
3299 5013 3470 5080 λέγων
3498 5017 3666 5080 οὕτως
3692 5034 3707 5048 ⁶
3742 5022 3804 5073 Et

2266 5097 2321 5148 δέ
2351 5113 2432 5155 τις
2463 5097 2524 5146 ἐκ
2584 5100 2690 5147 τῶν
2745 5098 3112 5165 δικαζομένων
3165 5101 3310 5150 εἴποι
3355 5102 3638 5154 δεδωκέναι
3682 5122 3734 5156 τι
3771 5109 3802 5175 ἢ

2269 5185 2615 5252 ὑποσχέσθαι,
2671 5187 2763 5236 καὶ
2806 5187 2866 5236 τὸ
2917 5188 3207 5256 πρόςωπον
3247 5188 3457 5261 ἐξείπῃ,
3520 5194 3611 5242 καὶ
3649 5194 3808 5245 τοῦτο

2268 5275 2558 5338 ἀποδείξει,
2588 5275 2747 5336 αὐτὸς
2774 5277 2871 5343 μὲν
2897 5277 2991 5328 ἐπὶ
3011 5281 3076 5346 τῇ
3119 5279 3214 5343 τῆς
3244 5278 3396 5346 δίκης
3425 5279 3644 5330 ἐκϐάσει
3674 5298 3806 5347 συγ-

2265 5363 2486 5430 γνώμης
2517 5365 2816 5427 άξιούσοω’
2843 5368 2870 5416 ό
2899 5367 2951 5416 δὲ
2987 5367 3133 5417 δόσιν
3173 5367 3204 5435 ἢ
3243 5369 3530 5436 ὑπόσχεσιν
3580 5370 3806 5422 καταδέ-

2267 5454 2454 5516 ξασθαι
2481 5453 2842 5520 δεικνύμενος,
2864 5457 2908 5504 εἰ
2935 5456 3031 5520 μὲν
3049 5457 3359 5524 χρηματικὴ
3375 5457 3459 5522 εἴη
3484 5459 3514 5524 ἡ
3535 5459 3808 5525 ὑπόθεσις,

2264 5544 2321 5591 τὸ
2352 5543 2448 5608 μὲν
2476 5541 2753 5608 δεδομένον
2785 5543 3061 5612 τριπλοῦν,
3088 5546 3144 5596 τὸ
3171 5546 3225 5595 δέ
3259 5546 3555 5613 ὑποσχεθέν
3584 5547 3808 5599 διπλοῦν
