3982 6438
233 291 294 352 ττ
1290 296 1372 358 IN
1425 297 1588 359 CAN.
1617 294 1716 355 xv
1748 289 1954 352 CONC.
1994 289 2364 351 CARTHAG.
3346 277 3415 337 78

231 399 368 465 παρά
407 399 501 450 τοῦ
527 399 768 470 κόμητος
796 402 894 472 τῆς
927 402 1100 474 ἰδικῆς
1122 404 1277 475 ήμῶν
1312 406 1626 475 περιουσίας
1656 407 1758 454 εἰσ-

1869 412 1993 452 casu
2021 400 2232 467 perdat.
2286 397 2381 450 Sin
2413 401 2595 449 autem
2652 393 2725 450 sit
2771 389 3073 448 criminatis
3115 388 3414 443 accusatio.

226 487 562 555 πραττέσθω,
601 491 693 542 καὶ
717 493 826 560 τὴν
862 492 1016 558 ἀξίαν
1059 495 1176 563 ήτοι
1215 496 1390 565 ἀρχὴν
1418 495 1485 566 ἢν
1524 494 1635 563 ἔχει
1676 493 1760 559 ἐφ’

221 576 474 645 ἑκατέρου
515 577 748 647 θίματος
799 581 1106 637 ἀπολλύτω.
1166 585 1229 638 Εἰ
1271 586 1330 638 δέ
1383 583 1762 656 ἐγκληματικὴ

223 666 357 735 ⁸(ηῆ
391 669 721 737 κατηγορία,
757 670 1024 740 δήμευσιν
1067 672 1167 741 τῆς
1206 674 1415 736 οἰκείας
1444 673 1762 744 ὑπομενέτω

221 759 551 826 περιουσίας,
579 761 672 811 καὶ
712 764 794 823 είς
850 763 1062 834 ἐξορίαν
1127 765 1452 834 πεμπὲσθω,
1500 768 1646 827 ὅστις
1675 765 1763 817 διὰ

221 847 374 915 λῆψιν
407 848 686 917 ἀλλότριον
721 852 976 922 ἔγκλημα
999 857 1076 917 είς
1109 857 1304 909 ἑαυτὸν
1329 857 1629 909 ἐσπούδακε
1665 873 1761 924 με-

216 940 508 1003 τενεγκείν.
549 940 612 990 El
650 941 709 993 δέ
748 943 848 1009 τὴν
876 943 1076 1015 δόσινή
1121 947 1222 1016 τὴν
1255 947 1548 1017 ὑπόσχεσιν
1588 947 1617 998 ὀ
1644 945 1758 1004 διά-

216 1027 357 1091 δικος
385 1029 459 1097 μὴ
485 1030 692 1102 δυνηθῇ
715 1033 906 1099 δείξαι,
933 1035 1155 1104 ὀμνύτω
1179 1038 1240 1088 τδ
1261 1037 1552 1106 πρόσωπον
1575 1037 1638 1088 τὸ
1663 1036 1761 1105 τὴν

217 1119 352 1171 δόσιν
386 1120 418 1188 ἦ
449 1121 550 1190 τὴν
582 1122 880 1192 ὑπόσχεσιν
904 1126 1200 1194 λεγόμενον
1225 1126 1645 1191 καταδέξασθαι,
1677 1127 1761 1179 ὅτι

214 1210 329 1261 οὐδὲ
359 1210 430 1262 δι’
469 1212 669 1265 ἑαυτοῦ
709 1214 834 1267 οὐδε
855 1216 923 1268 δι’
948 1217 1109 1270 ἀλλου
1132 1218 1432 1286 προσώπου
1452 1217 1486 1285 ἢ
1511 1217 1670 1269 ἔλαϐέ
1704 1233 1756 1267 τι

211 1298 242 1365 ή
272 1299 566 1369 ὑπόσχεσιν
607 1300 754 1372 ἔσχε.
786 1305 894 1356 Καὶ
921 1305 1014 1357 τοῦ
1049 1305 1296 1358 τοιούτου
1325 1306 1491 1376 ὅρκου
1523 1321 1762 1374 παρεχο-

215 1389 393 1454 μένου,
416 1389 583 1452 αύτδς
619 1391 720 1459 μὲν
755 1393 1041 1463 ἐλεύθερος
1071 1393 1217 1446 ἔστω
1241 1410 1254 1424 ·
1290 1397 1319 1447 ό
1364 1395 1422 1448 δέ
1469 1394 1707 1455 διάδικος
1732 1394 1762 1444 ό

212 1477 282 1544 μή
314 1477 572 1544 δυνηθεὶς
596 1480 770 1543 δεῖξαι
788 1481 881 1534 ἐπὶ
907 1483 1006 1550 μὲν
1027 1485 1148 1547 ταῖς
1165 1485 1534 1554 χρηματικαῐς
1559 1483 1760 1544 αἰτίαις

208 1566 300 1625 τὴν
325 1566 670 1636 ἀποτίμησιν
695 1571 794 1638 τῆς
822 1571 981 1640 δίκης
1005 1573 1111 1625 ὑπὸ
1140 1572 1232 1626 τοῦ
1261 1574 1500 1643 κόμητος
1529 1573 1627 1640 τῆς
1665 1573 1760 1624 ἰδι-

204 1655 301 1723 κῆς
329 1655 491 1724 ήμῶν
526 1659 846 1728 περιουσίας
879 1663 1311 1730 εἰσπραττέσθω,
1352 1663 1452 1732 τῆς
1482 1662 1639 1729 δίκης
1665 1662 1758 1730 δηο

205 1745 372 1798 λονότι
406 1749 512 1816 τὴν
547 1749 686 1802 ίδίαν
715 1749 941 1803 ἑκϐασιν
967 1753 1354 1820 ἀναμενούσης
1373 1770 1386 1785 ·
1429 1755 1521 1804 ἐπὶ
1547 1753 1601 1805 δὲ
1638 1755 1759 1816 ταῖς

200 1833 636 1904 ὶγκληματικατς
667 1837 934 1907 δήμευσιν
953 1842 1049 1909 τῆς
1097 1841 1234 1904 ἰδίας
1276 1844 1594 1912 περιουσίας
1619 1843 1756 1894 ὑπο-

206 1926 436 1992 μενέτω,
474 1928 572 1979 καὶ
609 1928 672 1980 τὸ
694 1929 928 1998 πρᾶγμα
961 1931 1110 1999 παρά
1139 1934 1255 1994 τοῖς
1282 1932 1561 2002 ἀρμοδίοις
1595 1934 1756 1984 δικα-

203 2017 348 2077 σταῖς
379 2017 527 2068 κατά
557 2018 657 2086 τὴν
683 2019 794 2072 τῶν
817 2020 1000 2088 νόμων
1023 2020 1175 2087 τάξιν
1202 2023 1569 2091 περαιούσθω.
1604 2024 1665 2074 Ei
1700 2024 1756 2075 δὲ

199 2104 254 2156 τὸ
288 2105 442 2175 παρὰ
475 2107 570 2158 τοῦ
611 2107 972 2178 δικαζομένου
1002 2112 1315 2180 φανερωθέν
1344 2114 1635 2182 πρόσωπον
1666 2115 1758 2166 τὸν

203 2195 651 2262 μνημονευθέντα
681 2200 1082 2269 παραιτήσεται
1107 2202 1291 2270 ὅρκον,
1333 2202 1490 2255 τοῦτο
1531 2205 1627 2272 μὲν
1659 2204 1755 2256 ἐπὶ

200 2287 311 2346 ταῖς
350 2285 820 2356 ἐγκληματικαϊς,
851 2289 1010 2341 τοῦτο
1031 2290 1087 2342 δὲ
1121 2293 1216 2343 ἐπὶ
1237 2294 1357 2354 ταῖς
1380 2311 1485 2362 χρη
1496 2295 1755 2361 ματικαίς

199 2377 415 2442 αἰτίαις,
445 2381 573 2440 ταῖς
616 2379 1109 2448 μνημονευθείσαις
1145 2381 1462 2434 ὑποκείσθω
1509 2387 1746 2445 ποιναῖς.

202 2467 255 2518 Εἰ
283 2467 338 2519 δέ
371 2483 456 2529 τις
485 2468 597 2520 τῶν
623 2467 998 2538 δικαζομένων
1023 2472 1217 2540 ὀμόσει
1270 2472 1346 2541 μὴ
1390 2474 1683 2525 δεδωκέναι
1717 2474 1748 2544 ἢ

198 2559 650 2626 ἐπαγγείλασθαι,
677 2561 828 2624 ἐντὸς
873 2563 930 2614 δὲ
956 2564 1238 2633 τεσσάρων
1271 2565 1455 2634 μηνῶν
1475 2606 1490 2626 ,
1525 2570 1662 2633 μετὰ
1691 2568 1751 2617 τὸ

203 2652 596 2720 προενεχθῆναι
621 2651 719 2722 τήν
736 2651 915 2721 ψῆφον
937 2654 1374 2723 ἀριθμουμένων,
1399 2655 1582 2725 δειχθῇ
1607 2655 1756 2708 δοθέν

201 2758 248 2794 τι
277 2743 308 2811 ἦ
341 2743 677 2812 ύποσχεθέν,
716 2745 774 2797 ai
803 2745 1091 2814 εἰρημέναι
1139 2747 1324 2799 ποιναί
1375 2749 1519 2802 κατά
1562 2765 1617 2799 τε
1649 2749 1757 2800 τῶν

199 2834 444 2887 διδόντων
476 2837 622 2887 κατά
651 2851 711 2886 τε
752 2835 860 2887 τῶν
915 2836 1298 2905 λαμϐανόντων
1329 2839 1510 2907 χώραν
1550 2840 1752 2904 ἓξιυσι.

202 2923 299 2974 Ka‘t
331 2924 508 2977 ταῦτα
561 2925 662 2994 μὲν
717 2927 813 2978 ἐὰν
858 2929 998 2979 κατά
1031 2929 1250 2996 χρῆσιν,
1274 2929 1442 2997 ήγουν
1472 2928 1561 2980 διὰ
1586 2928 1746 2997 λῆψιν

1868 486 2208 554 propriarum
2252 483 2567 540 facultatum
2603 481 3043 538 conﬁscationem
3072 477 3329 546 patiatur,
3361 483 3415 527 et

1867 578 1920 630 in
1953 577 2203 631 exsilium
2260 576 2526 638 mittatur,
2580 586 2639 627 ut
2668 575 2760 642 qui
2812 571 3126 641 accipiendo
3181 568 3413 620 alienum

1865 666 2068 719 crimen
2123 666 2174 719 in
2207 666 2442 734 seipsum
2486 662 2781 719 transferre
2817 661 3102 716 studuerit.
3134 659 3190 713 Si
3237 665 3415 710 autem

1865 755 2207 811 donationem
2260 755 2341 809 vel
2374 755 2787 824 promissionem
2843 752 3084 821 litigator
3131 749 3418 802 OSICIItlt'l‘d

1863 858 1970 902 non
2027 844 2283 912 potuerit,
2327 843 2474 911 juret
2513 857 2767 913 pet-sana,
2799 856 2917 910 quae
2961 840 3306 893 donationem
3336 833 3417 888 vel

1863 933 2277 1001 promissionem
2329 933 2632 999 suscepisse
2659 931 2874 993 dicitur,
2903 929 3045 996 quod
3087 939 3185 978 nec
3212 939 3306 991 per
3333 937 3414 980 se.

1863 1037 1966 1077 nec
2004 1036 2100 1090 per
2162 1022 2320 1074 aliam
2368 1037 2682 1091 personam.
2722 1021 2804 1074 vel
2834 1017 3035 1088 aliquid
3075 1015 3303 1080 accepit,
3333 1013 3414 1066 vel

1861 1113 2190 1182 promissum
2243 1110 2454 1166 habuit.
2488 1109 2553 1164 Et
2600 1110 2704 1164 hoc
2751 1110 2874 1162 dato
2899 1105 3273 1176 jurejurando,
3304 1103 3420 1169 ipse

1861 1204 2081 1271 quidem
2135 1203 2456 1258 liberabitur
2488 1218 2503 1256 :
2535 1201 2778 1272 litigator
2839 1213 2989 1262 vero,
3054 1196 3145 1265 qui
3185 1193 3418 1263 probare

1863 1308 1970 1348 non
2009 1294 2206 1363 potuit,
2239 1295 2293 1346 in
2322 1293 2501 1347 causis
2531 1293 2744 1359 quidem
2773 1287 3119 1358 pecuniariis,
3149 1285 3257 1340 litis
3273 1283 3419 1339 testi-

1862 1387 2156 1440 mationem
2215 1401 2243 1438 a
2283 1384 2483 1438 comite
2513 1380 2846 1452 privatarum
2884 1391 3189 1435 nostrarum
3243 1376 3418 1431 facul-

1860 1486 2029 1530 tatum
2060 1476 2330 1544 exigatur,
2387 1476 2592 1544 judicio
2628 1475 2841 1528 scilicet
2868 1487 3023 1526 suum
3047 1482 3298 1525 eventum
3326 1484 3419 1523 es-

1858 1577 2139 1636 spectante
2160 1585 2186 1621 -:
2219 1569 2272 1622 in
2305 1567 2677 1622 criminalibus
2698 1575 2875 1620 autem
2894 1565 3160 1619 bonorum
3195 1575 3415 1616 suorum

1861 1657 2278 1724 publicationem
2325 1657 2613 1719 sustineat,
2642 1666 2698 1708 et
2729 1669 2758 1707 a
2787 1652 3232 1708 convenientibus
3269 1648 3418 1718 judi-

1789 1731 1831 1785 Β
1860 1744 2012 1799 cibus
2067 1759 2134 1798 ex
2169 1744 2346 1814 legum
2382 1745 2573 1800 ordine
2617 1743 2889 1811 negotium
2945 1742 3288 1796 terminetur.
3321 1736 3416 1792 Sin

1859 1844 2038 1889 autem
2088 1848 2320 1903 persona
2369 1848 2398 1888 a
2451 1834 2725 1903 litigatore
2773 1832 3046 1886 declarata
3104 1829 3417 1898 praedictum

1856 1925 2239 1994 jusjurandum
2298 1926 2636 1979 recusaverit
2662 1964 2678 1989 ,
2719 1934 2842 1977 tam
2902 1922 2958 1976 in
3001 1919 3412 1980 criminalibus,

1861 2030 2023 2084 quam
2059 2016 2112 2069 in
2148 2016 2475 2083 pecuniatiis
2514 2013 2717 2077 causis,
2749 2011 3023 2082 praedictis
3050 2011 3229 2077 pinnis
3284 2008 3416 2063 sub-

1852 2107 2095 2177 jiciatur.
2136 2104 2192 2160 Si
2229 2106 2349 2172 quis
2380 2115 2560 2158 autem
2605 2119 2820 2167 eorum,
2863 2103 2952 2166 qui
3008 2101 3239 2169 litigant,
3269 2098 3418 2167 jura-

1860 2194 2002 2249 verit
2039 2208 2099 2248 se
2149 2193 2283 2247 nihil
2341 2193 2581 2258 dedisse,
2626 2193 2709 2248 vel
2769 2192 3068 2262 pollicitum
3095 2205 3237 2254 esse,
3272 2188 3410 2242 intra

1859 2295 2090 2354 quatuor
2113 2291 2290 2337 autem
2308 2298 2541 2347 menses,
2561 2292 2839 2350 postquam
2857 2280 3014 2350 533
3033 2280 3297 2335 sententia
3313 2278 3417 2331 lata

1859 2383 1946 2428 est
1999 2376 2388 2436 numerandos,
2440 2373 2622 2426 datum
2687 2372 2891 2438 aliquid
2942 2372 3026 2424 vel
3091 2370 3414 2437 promissum

1858 2473 2136 2520 ostensum
2185 2463 2378 2528 fuerit,
2439 2464 2707 2532 praedicta:
2763 2477 2934 2531 pinnat
2985 2473 3093 2515 tam
3159 2462 3416 2515 adversus

1860 2556 2052 2609 dantes
2076 2567 2241 2623 quam
2275 2554 2534 2607 adversus
2554 2553 2888 2621 accipientes
2910 2551 3083 2604 locum
3118 2550 3411 2602 habebunt.

1861 2645 1927 2698 Et
1954 2645 2065 2698 hinc
2100 2644 2341 2711 quidem,
2371 2643 2419 2695 si
2458 2653 2675 2710 prapter
2729 2643 2918 2695 sordes
2945 2655 3036 2694 seu
3068 2639 3413 2708 pecuniarum

1861 2734 2231 2804 acceptionem
2276 2732 2361 2786 vel
2392 2747 2629 2787 antorem
2666 2731 2748 2785 vel
2778 2732 2960 2785 odium
3000 2729 3265 2783 sententia
3308 2728 3415 2780 lata
3461 2775 3465 2779 .

1858 2825 1930 2878 sit
1964 2841 1978 2876 :
2016 2824 2253 2890 ejusdem
2295 2823 2438 2878 enim
2470 2821 2687 2876 virtutis
2735 2831 2863 2876 sunt
2908 2821 3023 2875 haec
3064 2821 3189 2874 tria.
3223 2817 3278 2872 Si
3310 2833 3415 2872 au-
3469 2877 3473 2880 ,

1863 2923 1968 2967 tem
2003 2929 2108 2968 non
2143 2924 2367 2982 propter
2399 2911 2661 2979 ejusmodi
2693 2911 2850 2965 ullam
2885 2925 3136 2974 causam,
3175 2911 3267 2963 sed
3321 2923 3416 2977 per

199 3021 554 3084 νομισμάτων
589 3019 620 3086 ἢ
654 3017 1032 3086 προσπὰθειαν
1085 3018 1114 3086 ἢ
1144 3017 1366 3087 ἔχθραν,
1392 3021 1424 3088 ὴ
1454 3017 1632 3087 ψῆφος
1669 3019 1756 3082 ἐξ·

1861 3005 2187 3073 intperitiam
2233 3005 2492 3058 adversus
2521 3003 2754 3071 aliquem
2786 3001 2893 3058 fert
2940 3001 3260 3055 sententiam
3301 3001 3413 3068 epi-

203 3108 387 3176 ενεχθῇ
411 3123 427 3138 ο
462 3107 570 3175 τῆς
607 3109 715 3177 γὰρ
752 3108 924 3176 αὐτῆς
954 3109 1236 3178 δυνάμεως
1265 3111 1373 3162 εἰσι
1399 3111 1466 3160 τὰ
1486 3110 1630 3179 τρίαο
1662 3110 1758 3161 ἐὰν

198 3198 246 3249 δὲ
273 3199 344 3268 μὴ
366 3199 455 3251 διὰ
493 3198 760 3268 τοιαύτην
783 3199 986 3258 αἰτίαν,
1007 3200 1142 3253 ἀλλά
1164 3200 1304 3252 κατά
1334 3202 1589 3269 ἀπειρίαν
1622 3200 1758 3252 ἀπο-

203 3291 431 3356 φήνηται
470 3289 782 3349 ἐπίσκοπος
820 3290 961 3342 κατά
989 3306 1156 3353 τινος,
1188 3292 1241 3341 τί
1286 3290 1579 3359 γενήσεται
1602 3304 1617 3355 ;
1643 3288 1757 3341 Λύ-

199 3392 311 3442 σις.
351 3379 414 3430 Οί
442 3377 736 3444 ἄρχοντες,
771 3377 890 3446 ήτοι
925 3379 972 3429 oi
1005 3379 1412 3448 προκαθήμενοι
1448 3379 1556 3430 τῶν
1599 3378 1754 3431 δικαο

203 3467 354 3528 στῶν,
380 3469 486 3518 οὐκ
525 3467 937 3532 ἀναγκάζονται
965 3468 1206 3536 ἀκριϐῶς
1249 3468 1447 3520 εἰδέναι
1495 3469 1618 3530 τοὺς
1670 3467 1760 3518 νό-

203 3571 345 3622 μους,
367 3556 456 3622 ἐφ’
482 3556 703 3622 ἑτέραις
726 3556 990 3623 μεγάλαις
1006 3557 1273 3618 δουλείαις
1287 3556 1754 3625 ὲνασχολούμενοι⁰

205 3647 289 3696 καὶ
316 3647 407 3698 διὰ
465 3646 636 3697 τοῦτο
678 3646 737 3712 ἐξ
771 3647 1032 3716 ἀπειρίας
1063 3648 1512 3716 ἀποφαινόμενοι,
1570 3663 1759 3713 συγγι⁶

203 3736 518 3790 νώσκσνται.
548 3739 614 3788 Οἱ
635 3738 692 3789 δὲ
725 3737 1214 3807 σύνεδροιτούτων,
1237 3739 1569 3807 παρανόμως
1590 3739 1760 3806 ψηφι-

201 3825 433 3892 ζόμενοι.
468 3826 822 3889 κολάζονται.
854 3828 992 3895 Φησὶ
1022 3829 1131 3896 γὰρ
1156 3831 1184 3880 ό
1217 3829 1378 3897 νόμος
1406 3829 1668 3896 ὲνβισλίῳ
1692 3827 1756 3891 ζ’.

199 3918 351 3988 τίτλῳ
383 3925 456 3986 γ’,
495 3919 783 3986 κεφαλαίῳ
826 3920 926 3971 κδ’σ
963 3920 1064 3971 Τὸν
1076 3919 1228 3982 ῥόλον
1271 3921 1636 3989 ἐπιζητοῦμεν
1665 3920 1758 3972 τοῦ

208 4009 487 4076 ἀρχοντος.
562 4010 693 4062 Ἐάν
743 4010 858 4078 γὰρ
902 4011 1128 4077 ἀπειρία
1158 4010 1254 4061 τοῦ
1289 4012 1545 4081 συνέδρου
1584 4013 1760 4074 ἄλλως

212 4098 472 4168 ψηφισθῇ,
508 4103 540 4151 ό
580 4102 766 4169 ἄρχων
798 4101 897 4154 οὐκ
927 4103 1212 4160 ἀδικεῖται,
1238 4103 1351 4154 ἀλλ’
1384 4106 1412 4154 ὁ
1450 4104 1759 4172 συμπονῶν.

208 4191 305 4240 Καὶ
342 4195 368 4242 ό
403 4191 679 4258 λογισμὸς
709 4190 953 4259 εὔλογος.
1005 4195 1067 4246 Οί
1101 4195 1201 4262 μὲν
1233 4195 1342 4264 γὰρ
1367 4197 1646 4264 ἄρχοντες,
1693 4196 1761 4246 δι’

205 4280 262 4345 ἣν
303 4284 524 4351 εἰρηται
564 4282 763 4341 αἰτίαν,
799 4283 898 4334 οὐκ
928 4283 1205 4335 αἰτιῶνται
1236 4301 1248 4313 ·
1284 4285 1334 4336 oi
1365 4287 1419 4337 δὲ
1455 4287 1664 4354 κριταὶ,
1699 4285 1758 4338 τὸ

203 4373 433 4436 δικάζειν
465 4376 566 4428 καὶ
608 4376 774 4443 μόνον
812 4374 970 4443 ἔργον
1003 4375 1237 4444 ἔχοντες,
1299 4377 1392 4428 ἐὰν
1437 4379 1753 4445 παρανομή-

210 4478 381 4527 σωσιν,
411 4468 704 4534 ἐνέχονται
745 4465 820 4527 ὡς
875 4464 1030 4517 δόλον
1084 4467 1433 4535 ποιήσαντες,
1492 4469 1631 4520 κατὰ
1664 4469 1755 4519 τὸν

209 4555 360 4620 νόμον
389 4558 484 4606 τὸν
513 4556 772 4621 λέγοντα·
816 4555 882 4607 Ἦ
912 4557 1142 4626 ἀπειρία
1201 4557 1349 4610 ἔοικε
1383 4561 1448 4627 τῇ
1490 4559 1720 4627 ἀμελείᾳ
1743 4576 1755 4588 ·

214 4645 512 4696 καίπάλιν·
552 4644 718 4697 Δόλον
779 4661 861 4706 τις
915 4647 1060 4699 ποιεί
1091 4646 1165 4716 μὴ
1223 4647 1378 4707 εἰδὼς
1436 4647 1680 4712 ἀκριϐῶς
1731 4649 1758 4698 ὃ

212 4736 605 4803 ἐπαγγέλλεται
635 4735 856 4788 εἰδέναι.

274 4827 376 4879 Καὶ
411 4826 579 4878 τοῦτο
627 4827 727 4894 μὲν
759 4825 1070 4896 ἐξεφωνήθη
1120 4830 1249 4897 περὶ
1294 4828 1400 4879 τῶν
1462 4828 1759 4880 πολιτικῶν

210 4914 492 4970 δικαστῶν.
543 4918 640 4978 Είς
689 4916 746 4968 δὲ
794 4918 918 4979 τοὺς
968 4917 1457 4986 ἐκκλησιαστικοὺς
1502 4919 1762 4978 δικαστὰς

213 5005 331 5072 ἀλλη
355 5023 438 5066 τις
466 5006 742 5074 κρατήσει
798 5006 1108 5066 ἀκολουθία,
1164 5007 1238 5068 ὡς
1287 5009 1408 5075 ἐμοὶ
1446 5008 1597 5058 δοκεῖ
1622 5021 1634 5034 ·
1669 5009 1761 5058 καὶ

216 5096 340 5166 αὕτη
371 5099 564 5165 μέντοι
617 5097 760 5149 κατά
807 5095 905 5165 τὴν
951 5095 1236 5165 παροῦσαν
1280 5096 1661 5165 θεσμοθεσίαν.
1703 5098 1762 5146 l-ll

218 5189 304 5253 μὲν
353 5192 460 5255 γὰρ
521 5187 781 5240 ἐναντίαν
814 5190 921 5247 τοῖς
955 5189 1174 5239 κανόσιν
1207 5188 1506 5248 ἐπίσκοπος
1563 5187 1762 5254 ἐνέγκῃ

217 5279 401 5344 ψῆφον,
452 5276 929 5345 τιμωρηθήσεται,
979 5277 1148 5344 ἤγουν
1176 5276 1652 5344 καθαιρεθήσεται,
1690 5276 1762 5346 μὴ

220 5365 497 5431 δυνάμενος
526 5364 772 5432 ἀμαθίαν
801 5364 833 5432 ἢ
866 5365 1123 5433 ἀπειρίαν
1152 5363 1539 5432 προὸαλέσθαι.
1561 5363 1634 5415 Οὺ
1657 5368 1762 5432 γὰρ

222 5458 582 5523 συγγνωστέος
615 5454 776 5506 ἔσται
829 5454 999 5522 λέγων
1031 5457 1104 5524 μὴ
1142 5456 1343 5508 εἰδέναι
1369 5455 1492 5517 τοὺς
1514 5455 1764 5516 κανόνας,

220 5549 299 5607 οὓς
332 5548 706 5615 ἀναγκάζεται
757 5547 844 5597 διὰ
872 5547 1118 5614 γλώττης
1164 5547 1310 5615 ἔχειν
1342 5547 1528 5615 σχεδὸν
1559 5547 1675 5597 disi.
1708 5546 1765 5597 ΕΞ

221 5636 269 5685 δὲ
301 5638 650 5704 ἀποφὴνηταί
690 5651 743 5686 τι
780 5636 961 5703 νόμοις
994 5635 1332 5700 ἀνένδεκτόν,
1376 5635 1408 5705 ἢ
1442 5632 1767 5702 δικαστικῆς

1859 3107 2082 3162 scopus,
2115 3094 2242 3163 quid
2295 3093 2426 3146 (iet?
2483 3090 2712 3146 Salutio.
2770 3090 3134 3161 Magistratus,
3189 3103 3283 3143 seu
3321 3091 3412 3159 qui

1859 3190 2101 3253 praesunt
2129 3183 2425 3252 judicibus,
2451 3197 2558 3236 non
2584 3189 2850 3251 coguntur
2879 3180 3022 3249 leges
3045 3188 3233 3234 exacte
3255 3193 3413 3242 scire,

1861 3281 1917 3327 ut
1950 3273 2044 3342 qui
2104 3273 2154 3327 in
2189 3273 2371 3327 multis
2402 3273 2521 3326 aliis
2563 3271 2771 3341 magnis
2817 3271 3265 3339 occupationibus
3291 3285 3416 3323 ver-

1857 3372 2082 3428 sentur;
2115 3371 2174 3416 et
2195 3372 2479 3430 propterea
2513 3363 2558 3416 si
2587 3376 2681 3430 per
2726 3359 3050 3428 imperitiam
3088 3363 3414 3414 sententiam

1858 3452 2062 3514 ferant,
2095 3452 2175 3505 eis
2231 3454 2389 3505 venia
2427 3452 2606 3505 datur.
2641 3450 2840 3504 Eorum
2879 3459 3057 3504 autem
3091 3464 3414 3512 assessores,

1860 3543 1904 3596 si
1941 3553 2131 3595 contra
2162 3541 2307 3609 leges
2333 3540 2514 3594 ferant
2536 3540 2886 3598 sententiam.
2934 3540 3250 3606 puniuntur.
3279 3535 3418 3590 Dicit

1860 3631 2006 3683 enim
2050 3631 2134 3683 lex
2167 3630 2219 3683 in
2273 3630 2376 3683 lib.
2405 3643 2498 3694 vit,
2531 3629 2612 3680 tit.
2638 3628 2692 3691 3,
2734 3643 2852 3695 cap.
2877 3627 2948 3682 24
2980 3639 2995 3679 :
3030 3626 3217 3679 Dolum
3254 3625 3419 3692 magi-

1860 3729 2064 3774 stratus
2096 3718 2442 3787 requirimus.
2476 3717 2532 3771 Si
2563 3718 2706 3770 enim
2752 3731 2847 3785 per
2884 3719 3212 3783 imperitiam
3241 3731 3419 3769 asses-

1859 3811 2002 3865 soris
2027 3809 2181 3862 aliter
2199 3808 2496 3875 judicatum
2524 3806 2704 3872 fuerit,
2725 3823 2828 3861 non
2858 3806 2988 3860 facit
3018 3808 3264 3875 injuriam
3283 3819 3420 3873 prae-

1861 3915 1947 3954 ses
1977 3915 2073 3955 seu
2129 3902 2478 3968 magistratus
2501 3937 2517 3963 ,
2547 3899 2640 3953 sed
2683 3898 2777 3965 qui
2809 3898 2857 3950 ei
2905 3896 3010 3950 fert
3044 3897 3322 3952 auxilium.
3355 3898 3419 3950 Et

1859 3999 1947 4046 est
2005 3991 2304 4059 probabilis
2367 3989 2584 4059 quidem
2637 3990 2794 4042 ratio.
2849 3987 3198 4056 Magistratus
3249 3989 3412 4052 enim,

1860 4089 2082 4151 propter
2106 4095 2226 4135 eam
2249 4094 2368 4148 quae
2402 4079 2543 4132 dicta
2576 4090 2660 4132 est
2690 4093 2933 4142 causam,
2964 4094 3073 4132 non
3103 4079 3419 4134 insimulan-

1864 4181 1952 4225 tur
1987 4187 2002 4224 :
2033 4170 2474 4240 jttdices’autem,
2506 4182 2732 4235 quorum
2779 4179 2864 4222 est
2914 4171 3188 4237 proprium
3227 4185 3418 4222 munus

1859 4261 2126 4330 judicare,
2181 4259 2228 4313 si
2280 4267 2466 4312 contra
2505 4258 2650 4325 leges
2692 4258 2939 4322 fecerint,
2984 4269 3236 4321 tenentur
3265 4277 3328 4312 ac
3371 4279 3418 4312 oi

1787 4342 1836 4399 Β
1862 4351 1981 4406 dolo
2013 4349 2290 4412 fecissent,
2314 4349 2608 4402 secundum
2648 4348 2819 4416 legem
2853 4364 2969 4416 quin
2999 4350 3166 4403 dicit:
3195 4349 3419 4419 Imperi-

1860 4445 1935 4495 tia
2003 4441 2339 4509 negligentiae
2393 4440 2793 4509 aequiparatur;
2852 4451 2907 4494 et
2962 4455 3195 4495 rursus:
3232 4441 3416 4495 υυίιιιιι

1861 4533 1982 4598 quis
2005 4532 2136 4586 facit
2164 4532 2256 4600 qui
2288 4528 2528 4600 perfecte
2552 4532 2725 4586 nescit
2758 4533 2900 4599 quod
2938 4547 2996 4585 se
3028 4531 3172 4586 scire
3198 4534 3418 4600 proﬁte-

1865 4632 1968 4672 ιιιτ.

1940 4813 2002 4866 Ει
2034 4814 2132 4867 lioc
2166 4813 2379 4881 quidem
2408 4813 2604 4868 dietum
2637 4823 2718 4867 est
2757 4816 2818 4867 de
2850 4817 3096 4870 civilibus
3122 4816 3413 4886 jttdiciltus.

1867 4905 1923 4956 lu
1951 4903 2162 4971 jttdices
2182 4913 2358 4958 autem
2390 4903 2792 4959 ecclesiasticos
2816 4905 2918 4958 alia
2939 4907 3184 4975 quaedam
3223 4908 3424 4962 valebit

1865 4995 2276 5061 consequentia,
2309 4995 2519 5048 utmilti
2549 4995 2758 5048 videtur
2796 5013 2810 5049 :
2858 5007 2910 5050 et
2955 5012 3018 5049 ea
3075 4998 3288 5066 quidem
3334 5014 3421 5052 80-

1867 5087 2103 5140 cundum
2140 5095 2456 5152 praisenlem
2503 5087 2966 5140 constitutionem.
3006 5087 3062 5142 Si
3108 5089 3250 5143 enim
3295 5104 3423 5143 Cilli-

1869 5177 2088 5230 trariam
2120 5177 2424 5231 canonibus
2451 5177 2780 5230 sententiam
2808 5179 3094 5247 episcopus
3118 5181 3421 5249 pratulerit,

1869 5267 2123 5334 punietur
2158 5265 2276 5319 sive
2307 5264 2610 5334 deponetur
2635 5306 2649 5329 ,
2683 5277 2738 5320 ut
2762 5268 2850 5335 qui
2897 5285 3000 5323 non
3051 5271 3222 5339 possit
3272 5271 3424 5341 igno-

1871 5358 2100 5411 rantiam
2131 5357 2213 5411 vel
2243 5357 2566 5424 imperitiam
2609 5360 2867 5428 allegare.
2901 5358 3082 5428 Neque
3121 5364 3262 5416 enim
3319 5367 3424 5417 erit

1868 5450 1916 5503 ei
1954 5451 2360 5519 ignoscendum,
2393 5448 2438 5501 si
2476 5449 2620 5502 dicat
2652 5464 2709 5503 se
2742 5450 2954 5505 nescire
2983 5467 3240 5519 canones,
3286 5471 3422 5524 quos

1868 5542 2080 5609 COgitur
2103 5539 2155 5592 in
2188 5539 2369 5606 lingua
2398 5554 2609 5606 semper
2641 5540 2859 5597 habere.
2897 5541 2991 5595 Sin
3023 5554 3197 5596 autem
3225 5545 3422 5614 aliquid

1872 5627 2331 5700 pronttntlaverit,
2361 5630 2500 5697 quod
2536 5644 2566 5683 a
2598 5630 2807 5698 legibus
2842 5646 2948 5686 non
2989 5633 3308 5695 admittitur,
3347 5638 3426 5689 ιεί
