3982 6452
505 302 573 362 79
1740 305 2014 365 THEOD.
2061 302 2454 363 BALSAMON
3640 290 3716 351 80

509 416 592 460 est
617 418 766 460 extra
801 407 1137 478 iudiciariam
1167 411 1631 478 consequentiam,
1655 412 1810 463 venia
1836 412 2052 464 dabitur

2166 407 2474 472 ἱκολουθίας
2507 409 2740 477 ἔξωθεν,
2777 406 3254 477 συγγνωσθήσιται
3280 404 3368 458 διὰ
3409 402 3510 472 τὴν
3543 405 3717 456 ἀπει-

513 506 729 564 propter
785 499 1107 568 imperitiam
1164 539 1176 563 ,
1230 508 1289 551 ut
1330 500 1424 567 qui
1481 514 1576 552 nec
1629 500 1863 568 perfecte
1913 502 2053 569 leges

511 584 648 637 scire
701 587 906 640 debeat.
955 587 1077 640 Haec
1124 595 1299 640 autem
1335 588 1787 651 observabuntur,
1839 590 2053 657 quando

511 674 841 726 criminalent
866 690 1079 730 causam
1109 677 1429 744 judicaverit
1461 678 1765 744 episcopus,
1791 680 1872 731 vel
1896 681 2052 734 aliam

512 763 932 818 ecclesiasticam
985 766 1374 834 quaestionem,
1420 781 1541 835 qua:
1591 768 1795 820 inducit
1839 770 2056 836 deposi-

514 852 732 903 tionem.
771 854 826 905 bi
851 855 994 906 enim
1022 854 1389 921 pecuniariam
1426 863 1613 908 contra
1662 855 1804 923 leges
1844 867 2057 910 senten-

513 939 638 990 tiam
671 943 959 1008 protulerit
989 955 1082 1010 per
1129 943 1474 1010 imperitiam,
1511 944 1560 996 id
1598 943 1646 996 ei
1695 945 2055 1011 prtejudicium

511 1044 614 1081 non
648 1030 856 1084 aﬂ‘eret.
888 1031 1156 1085 Praeterea
1205 1033 1557 1098 interrogabit
1610 1034 1898 1102 quispiam,
1933 1051 2055 1090 cum

511 1133 683 1171 canon
718 1121 992 1186 permittat
1039 1121 1211 1175 sacris
1259 1121 1497 1173 initiatos
1534 1121 1750 1189 vjudices
1793 1124 2058 1179 electitios

509 1210 728 1273 eligere,
758 1210 907 1262 eisne
939 1209 1119 1262 licebit
1156 1209 1341 1262 civiles
1371 1208 1609 1275 eligere?
1660 1208 1890 1265 Salutio.
1925 1214 2058 1278 Quia

510 1297 696 1349 statuit
723 1312 918 1364 canon,
956 1308 1013 1351 ιιι
1046 1299 1339 1352 electorum
1366 1298 1607 1366 judicum
1641 1300 1817 1353 valeat
1839 1310 2058 1354 senten-

510 1389 600 1448 tia,
657 1402 754 1440 nec
805 1388 1146 1456 appellationi
1205 1388 1274 1441 sit
1307 1388 1562 1450 obnoxia,
1596 1389 1807 1441 etiamsi
1866 1390 1899 1442 ii
1953 1391 2060 1445 sint

509 1479 785 1542 pauciores
835 1493 996 1546 quam
1051 1478 1354 1541 duodecim,
1412 1492 1573 1545 quam
1628 1492 1745 1543 sex,
1799 1489 1852 1532 et
1898 1495 2058 1547 quam

511 1579 637 1631 tres,
669 1569 948 1621 evidenter
967 1578 1187 1637 apparet
1213 1566 1453 1620 civilium
1481 1568 1721 1636 judicum
1744 1569 2059 1623 electionem

511 1673 614 1709 non
650 1660 862 1712 admitti
895 1675 922 1711 a
953 1658 1269 1712 canonibus.
1319 1657 1488 1721 Unde,
1547 1667 1604 1710 ut
1656 1659 1784 1712 mihi
1831 1661 2058 1725 videtur,

507 1751 799 1799 secundum
835 1758 1152 1816 praesentem
1204 1761 1466 1799 canonem
1502 1749 1796 1814 punientur
1839 1753 2056 1814 sacrati,

471 1889 477 1895 Α
509 1836 596 1900 qui
627 1850 655 1886 a
688 1837 934 1889 civilibus
957 1836 1229 1904 judicibus
1256 1835 1489 1904 judicari
1517 1837 1800 1905 elegerint.
1840 1838 2066 1895 Videtur

512 1933 690 1976 autem
741 1940 805 1978 ex
857 1926 1040 1979 verbis
1064 1926 1310 1989 canonis,
1349 1940 1468 1993 qua:
1503 1926 1690 1980 dicunt
1727 1928 1924 1996 deponi
1979 1945 2067 1984 sa-

510 2021 713 2074 cratos,
754 2013 843 2078 qui
892 2013 1224 2081 litigaverint
1277 2013 1326 2065 in
1385 2013 1506 2066 foro
1554 2015 1698 2067 civili
1756 2031 1852 2085 pro
1903 2033 2066 2073 causa

511 2101 814 2166 pecuniaria
848 2143 861 2165 ,
893 2111 945 2154 et
991 2104 1240 2166 vicerint,
1286 2105 1387 2159 nisi
1434 2121 1462 2159 a
1518 2123 1611 2160 sua
1655 2111 1916 2163 sententia
1969 2111 2065 2165 de-

512 2193 727 2254 sistant,
761 2192 1188 2260 quodjudicium
1226 2196 1441 2264 quidem
1490 2196 1692 2252 factum
1743 2201 1809 2253 ab
1861 2201 2066 2254 incom.

512 2283 708 2346 petenti
733 2281 936 2348 judice,
971 2297 1033 2334 ex
1071 2283 1345 2339 voluntate
1375 2285 1490 2351 ejus
1521 2290 1612 2355 qui
1657 2298 1742 2342 est
1793 2301 2065 2352 sacratus.

513 2369 799 2425 tenendum
843 2381 925 2425 est
973 2384 1026 2425 et
1081 2389 1186 2427 non
1232 2374 1684 2431 labefactandum.
1745 2378 1843 2442 Qui
1887 2391 2065 2435 autem

511 2458 937 2512 ecclesiasticum
973 2464 1239 2517 recusavit
1263 2463 1524 2530 judicium
1559 2474 1613 2520 et
1665 2466 1764 2521 fori
1817 2473 2060 2537 praescri-

511 2549 692 2614 ptione
723 2563 827 2601 non
858 2558 940 2602 est
974 2565 1127 2613 usus,
1164 2563 1406 2606 sacratus
1431 2556 1702 2622 punietur,
1736 2569 1796 2610 ut
1818 2562 2067 2626 superius

511 2640 707 2691 dictum
757 2651 859 2694 est.
896 2640 1172 2698 Electitios
1203 2656 1381 2698 autem
1419 2645 1624 2713 judiees
1653 2648 1738 2702 hic
1779 2665 1844 2703 ne
1870 2651 2070 2706 dixeris

509 2729 808 2796 enjusmodi
843 2733 930 2785 tit.
964 2732 998 2784 2
1034 2734 1156 2787 libri
1211 2749 1284 2788 vtt
1338 2736 1491 2798 dicit,
1542 2739 1633 2806 qui
1686 2739 1895 2793 scilicet
1944 2758 2068 2795 cum

514 2836 683 2886 poena:
772 2824 1114 2892 stipulatione
1178 2826 1465 2894 jndicant,
1520 2831 1613 2881 sed
1678 2830 2070 2886 ecclesiasticos

513 2913 838 2967 erdinarios.
878 2915 956 2967 Illi
984 2917 1126 2967 enim
1166 2931 1274 2968 non
1304 2926 1528 2984 possunt
1560 2933 1780 2973 causam
1809 2922 2072 2974 crimina-

511 3005 612 3054 iem
665 3005 1042 3072 judicarezhi
1107 3021 1252 3068 vero,
1318 3018 1375 3060 ut
1425 3023 1488 3061 ex
1544 3012 1797 3077 prmsenti
1861 3028 2137 3100 canonec

510 3093 833 3158 ostenditur,
872 3109 1084 3147 onmem
1112 3109 1327 3147 causam
1358 3096 1620 3163 judicant.
1650 3098 1723 3152 De
1745 3104 2067 3168 spectaculis

507 3189 706 3243 autem,
740 3191 793 3235 et
816 3197 1078 3252 equorum
1113 3185 1423 3249 curriculis,
1468 3194 1522 3239 et
1565 3190 1973 3254 venationibus,
2009 3202 2063 3245 et

509 3272 744 3325 scenicis
770 3274 1181 3336 saltationibus,
1216 3273 1351 3326 satis
1387 3276 1621 3328 diximus
1673 3277 1723 3329 in
1756 3293 1965 3334 canone
1995 3281 2064 3334 24

507 3363 696 3431 synodi
749 3365 797 3415 in
849 3364 1058 3427 Trullo,
1094 3374 1148 3416 et
1194 3366 1245 3416 in
1309 3364 1369 3417 51
1429 3367 1520 3419 ubi
1566 3367 1726 3419 etiam
1784 3371 2064 3437 praesentis

509 3454 733 3505 canonis
765 3454 1158 3510 meminimus:
1212 3462 1266 3506 et
1315 3454 1432 3522 lege
1482 3468 1606 3508 eos.‘
1656 3456 1846 3521 Quaere
1897 3460 2060 3512 etiam

506 3553 810 3596 sanctorum
845 3543 1206 3610 apostolorum
1269 3559 1529 3597 canonem
1582 3546 1670 3609 74,
1718 3549 1903 3616 synodi
1953 3552 2064 3602 An-

514 3633 775 3696 tiochena:
809 3646 1045 3684 canones
1080 3631 1143 3683 14
1174 3641 1225 3683 et
1252 3629 1340 3694 15,
1387 3633 1573 3701 synodi
1606 3633 2065 3692 Chalcedonensis

509 3735 743 3775 canones
780 3721 867 3783 10,
903 3721 992 3784 l7,
1042 3721 1228 3790 synodi
1260 3721 1595 3776 Sardiceusis
1627 3738 1867 3778 canones
1908 3727 1964 3790 3,
2008 3729 2063 3794 5,

510 3815 600 3877 Μ,
640 3826 690 3866 et
721 3812 876 3878 huius
905 3827 1138 3867 canones
1176 3813 1264 3872 28,
1318 3811 1419 3865 120
1460 3824 1514 3866 et
1547 3813 1670 3866 l2].
1700 3815 1850 3879 Quod
1886 3827 2060 3870 autem

509 3906 716 3973 possint
743 3905 940 3958 sacrati
977 3905 1287 3957 renuntiare
1313 3905 1700 3970 prmscriptioni
1727 3907 1847 3972 fori,
1881 3924 2061 3976 quaere

506 4011 624 4063 eap.
657 3996 688 4049 9
722 3997 804 4047 tit.
835 3995 868 4045 5
900 3995 989 4047 lib.
1016 4009 1070 4046 ιιι
1100 3993 1473 4045 Basilieorum.

2157 498 2298 562 ρίαν,
2350 499 2425 562 ὡς
2466 499 2602 568 μηδέ
2649 497 2882 566 ὀφείλων
2931 497 3131 549 εἱδέναι
3185 497 3383 564 νόμους
3435 491 3713 561 ἀκριϐῶς.

2153 588 2337 643 Ταῦτα
2359 589 2415 641 δὲ
2435 591 2822 659 κρατήσουσιν,
2841 589 2968 641 ὅταν
2997 585 3414 655 ἐγκληματικὴν
3445 582 3718 636 ὑπόθεσιν

2151 677 2347 748 δικάσῃ
2406 680 2724 741 ἐπίσκοπος,
2786 679 2953 746 ἄλλην
2984 675 3450 745 ἐκκλησιαστικὴν
3475 675 3716 742 ζήτησιν

2154 769 2464 834 ἐπάγουσαν
2494 769 2833 838 καθαίρεσιν.
2880 769 2944 820 El
2988 768 3096 835 γὰρ
3141 764 3494 835 χρηματικήν
3531 779 3718 830 παρα-

2157 858 2339 925 νόμως
2370 858 2635 928 ἐξενέγκῃ
2665 859 2941 924 ἀπόφασιν
2970 855 3032 919 ἐξ
3053 856 3333 924 ἀπειρίας,
3383 855 3444 905 οὐ
3478 868 3722 920 προκρι-

2162 949 2577 1018 ματισθήσεται.
2605 951 2726 1002 Ἔτι
2781 949 3049 1018 ἐρωτήσει
3101 962 3208 1010 τις,
3261 945 3335 1005 ὼς
3363 945 3457 996 τοῦ
3485 942 3719 1000 κανόνος

2159 1037 2448 1101 ἐνδιδόντος
2505 1041 2618 1101 τοῖς
2672 1040 2987 1108 ἱερωμένοις
3045 1034 3395 1103 ἐπιλέγεσθαι
3449 1030 3722 1092 δικαστὰς

2159 1129 2429 1196 αἱρετοὺς,
2463 1129 2680 1194 ἐξέσται
2713 1130 2899 1190 αὐτοῖς
2952 1126 3307 1193 ἐπιλέγεσθαι
3358 1122 3722 1186 πολιτικούς;

2161 1218 2368 1280 Λύσις.
2407 1215 2556 1268 Ἐπεὶ
2586 1219 2614 1269 ό
2638 1215 2814 1268 κανὼν
2838 1214 3130 1284 διορίζεται
3161 1214 3384 1281 κρατεῖν
3407 1212 3506 1281 τὴν
3533 1211 3728 1279 ψῆφον

2161 1305 2268 1354 τῶν
2323 1305 2614 1373 αἱρετικῶν
2663 1306 2957 1367 δικαστῶν,
3003 1304 3098 1357 καὶ
3145 1304 3220 1372 μὴ
3256 1301 3579 1355 ὑποκεῖσθαι
3617 1302 3728 1352 ἐκ-

2161 1395 2365 1464 κλήτῳ,
2402 1396 2506 1447 κᾶν
2531 1396 2754 1465 ἥττονες
2784 1389 2920 1447 ὦσιν
2948 1386 3097 1446 οὗτοι
3127 1394 3235 1445 τῶν
3259 1391 3494 1456 δώδεκα,
3524 1393 3636 1444 τῶν
3663 1390 3732 1454 ἒξ

2161 1485 2259 1534 καὶ
2286 1484 2394 1536 τῶν
2419 1483 2605 1552 τριῶν,
2651 1484 2904 1551 φαίνεται
2948 1482 3196 1552 ἐναργῶς
3228 1482 3549 1536 ἀνένδεκτον
3577 1476 3732 1532 εἶναι

2160 1576 2272 1633 τοῖς
2304 1575 2492 1626 κανόσι
2523 1575 2623 1644 τὴν
2648 1574 2908 1644 ἐπιλογην
2953 1575 3060 1625 τῶν
3092 1573 3387 1625 πολιτικῶν
3421 1572 3730 1624 δικαστῶν.

2168 1663 2354 1725 Ὅθεν,
2415 1665 2491 1725 ὠς
2546 1664 2669 1735 ἐμοὶ
2712 1662 2882 1726 δοκεῖ,
2946 1660 3376 1728 κολασθήσονται
3427 1660 3571 1712 κατὰ
3629 1660 3736 1710 τὸν

2167 1752 2411 1819 παρόντα
2445 1752 2649 1803 κανόνα
2682 1753 2732 1802 οἱ
2769 1750 2921 1820 παρά
2948 1749 3246 1811 πολιτικοῖς
3294 1748 3581 1809 δικασταῖς
3641 1748 3738 1799 αἱ·

2170 1840 2513 1908 ρετισάμενοι
2571 1839 2896 1907 δικασθῆναι
2941 1839 3263 1907 ἱερωμένον
3317 1837 3462 1890 ἔοικε
3508 1838 3565 1889 δὲ
3616 1837 3739 1889 ἀπὸ

2167 1931 2276 1982 τῶν
2303 1931 2565 2000 ῥημάτων
2592 1929 2684 1982 τοῦ
2711 1931 2953 1993 κανόνος,
3008 1926 3116 1980 τῶν
3145 1929 3414 1994 λεγόντων
3441 1927 3741 1996 καθαιρεῖ-

2169 2023 2292 2074 σθαι
2318 2023 2442 2084 τυὺς
2473 2023 2796 2091 ἱερωμένους
2844 2019 3243 2090 δικασαμένους
3278 2021 3431 2087 παρά
3456 2017 3736 2086 πολιτικῷ

2166 2111 2500 2180 δικαστηρίῳ
2529 2112 2692 2181 χάριν
2723 2111 3071 2180 χρηματικῆς
3100 2110 3414 2173 αίτιάσεως,
3445 2108 3540 2160 καὶ
3573 2109 3741 2182 νική-

2168 2218 2388 2272 σαντας,
2422 2203 2515 2253 ἐὰν
2545 2202 2619 2271 μὴ
2651 2200 2928 2254 ἀποστῶσι
2973 2201 3071 2268 τῆς
3099 2200 3239 2266 ὑπὲρ
3275 2200 3458 2252 αὐτῶν
3507 2200 3739 2266 ἀποφά-

2171 2308 2327 2355 σεως,
2353 2292 2427 2354 ὼς
2456 2293 2488 2362 η
2523 2293 2622 2360 μὲν
2651 2293 2918 2359 γενομένη
2941 2291 3124 2358 κρίσις
3171 2290 3322 2358 παρὰ
3365 2290 3730 2358 ἀπροσφόρου

2167 2381 2420 2432 δικαστοῦ
2478 2383 2619 2435 κατά
2671 2382 2890 2450 θέλησιν
2941 2381 3035 2432 τοῦ
3090 2379 3388 2450 ἱερωμένου
3453 2379 3738 2448 στερκτίσι

2167 2472 2322 2524 ἔσται
2379 2473 2474 2524 καὶ
2520 2474 2952 2533 ἀκατάσειστος·
3012 2473 3039 2523 ὁ
3071 2469 3214 2522 δὲτὸ
3266 2469 3736 2530 ἐκκλησιαστικὸν

2170 2563 2652 2630 παραιτησάμενος
2679 2562 3031 2628 δικαστήριον
3057 2562 3148 2610 καὶ
3187 2559 3261 2627 μὴ
3285 2560 3633 2626 χρησάμενος
3661 2563 3738 2627 τῇ

2167 2651 2260 2701 τοῦ
2312 2654 2478 2720 φόρου
2533 2655 2874 2720 παραγραφῇ
2941 2651 3239 2720 ἱερωμένος
3301 2651 3742 2714 κολασθήσεται,

2168 2740 2351 2803 καθὼς
2407 2741 2611 2793 ἄνωθεν
2668 2743 2904 2810 εἴρηται.
2937 2742 3199 2809 Αἱρετοὺς
3238 2741 3293 2792 δέ
3343 2742 3606 2801 δικαστὰς
3643 2744 3742 2792 ἐν-

2167 2831 2339 2884 ταῦθα
2368 2836 2441 2901 μὴ
2473 2833 2632 2902 εἴπῃς
2657 2833 2802 2894 οἴους
2831 2835 2857 2883 ό
2885 2831 2928 2900 β’
2951 2834 3088 2885 τίτλ.
3115 2833 3208 2884 τοῦ
3237 2830 3281 2896 ζ’
3312 2831 3518 2901 βιϐλίου
3570 2838 3741 2900 φησὶ,

2174 2920 2310 2988 μετά
2359 2922 2755 2988 ἐπερωτήσεως
2809 2919 3055 2988 δηλονότι
3118 2919 3310 2986 ποινῆς
3360 2917 3735 2981 δικάζοντας·

2170 3010 2305 3063 ἀλλά
2337 3011 2824 3079 ἐκκλησιαστικοὺς
2878 3010 3202 3078 ἐνορδίνους.
3245 3010 3474 3060 Ἐκεῖνοι
3503 3011 3609 3076 γὰρ
3639 3013 3746 3077 ἐγ-

2171 3101 2521 3171 κληματικὴν
2559 3101 2818 3152 ὑπόθεσιν
2848 3101 2905 3152 οὐ
2964 3100 3218 3152 δύνανται
3276 3098 3548 3161 δικάζειν·
3582 3094 3745 3153 οὗτοι

2168 3194 2245 3256 δὲ,
2275 3194 2349 3256 ὡς
2371 3192 2478 3246 ἀπὸ
2507 3192 2599 3244 τοῦ
2633 3192 2896 3262 παρόντος
2925 3192 3147 3252 κανόνος
3173 3191 3523 3258 παρίσταται,
3545 3193 3743 3243 πᾶσαν

2171 3282 2426 3335 ὑπόθεσιν
2488 3283 2754 3351 κρίνουσι.
2806 3282 2945 3349 Περὶ
2983 3281 3169 3353 μέντοι
3204 3281 3313 3331 τῶν
3346 3280 3594 3348 θεωρίων
3631 3283 3743 3335 καὶ

2170 3373 2276 3423 τῶν
2317 3373 2685 3440 ἱπποδρομίων
2713 3373 2806 3424 καὶ
2841 3373 2947 3424 τῶν
2998 3373 3344 3440 κυνηγεσίων
3377 3374 3468 3422 καὶ
3493 3363 3598 3424 τῶν
3636 3375 3747 3427 ἐπὶ

2173 3465 2396 3530 σκηναῖς
2425 3464 2702 3532 ὀρχήσεων
2751 3462 2953 3523 ἱκανῶς
2997 3463 3318 3530 ἐγράψαμεν
3345 3465 3400 3514 ἐν
3430 3463 3511 3530 τῷ
3539 3462 3747 3516 κδ’κα-

2173 3553 2284 3603 νόνι
2309 3553 2406 3620 τῆς
2431 3555 2488 3604 ἐν
2519 3553 2596 3622 τῷ
2627 3552 2884 3621 Τρούλλῳ
2927 3553 3171 3613 συνόδου,
3207 3553 3301 3603 καὶ
3354 3552 3432 3620 τῷ
3459 3551 3560 3616 να’,
3593 3554 3746 3604 ὅπου

2170 3643 2265 3692 καὶ
2314 3641 2408 3694 τοῦ
2455 3631 2722 3709 παρόντος
2756 3641 2982 3702 κανόνος
3041 3640 3400 3709 ἐμνήσθημεν
3425 3657 3438 3670 ’
3470 3643 3563 3692 καὶ
3595 3643 3747 3695 ἀνά-

2168 3748 2375 3797 γνωσον
2404 3730 2653 3791 τούτους.
2701 3730 2860 3799 Ζὴτει
2894 3731 2988 3780 καὶ
3019 3729 3128 3780 τῶν
3175 3730 3346 3796 ἁγίων
3410 3731 3745 3783 ἀποστόλων

2167 3825 2366 3875 κανόνα
2389 3823 2482 3883 οδ’,
2518 3821 2616 3887 τῆς
2646 3823 2702 3870 ἐν
2727 3819 3030 3889 Ἀντιοχείᾳ
3063 3820 3279 3870 συνόδου
3316 3821 3514 3870 κανόνα
3546 3817 3605 3870 ιδ’
3633 3823 3742 3873 καὶ

2171 3919 2252 3973 ιε’,
2287 3913 2386 3978 τῆς
2447 3912 2504 3960 ἐν
2554 3907 2860 3975 Χαλκηδόνι
2887 3924 3007 3958 καν.
3069 3912 3122 3969 ι’,
3155 3907 3242 3970 ιζ’,
3270 3908 3366 3974 τῆς
3395 3908 3452 3958 ἐν
3487 3907 3597 3976 Σαρ
3637 3912 3739 3978 ικῇ

2169 4004 2370 4055 κανόνα
2414 4006 2484 4066 γ’,
2518 4007 2583 4064 ε’,
2631 3999 2715 4062 ιδ’,
2749 4002 2843 4051 καὶ
2878 3999 3080 4068 ταύτης
3111 4000 3314 4050 κανόνα
3346 3998 3451 4068 κη’,
3488 4002 3579 4051 καὶ⁵
3619 4008 3738 4068 ρκ’,

509 4085 600 4134 καὶ
669 4082 807 4152 ρκα’-
845 4083 979 4151 Περὶ
1061 4080 1117 4131 δὲ
1162 4079 1254 4132 τοῦ
1306 4079 1563 4132 δύνασθαι
1617 4083 1742 4143 τοὺς
1796 4086 2127 4155 ἱερωμένους
2194 4090 2590 4160 ἀποτάττεσθαι
2648 4091 2714 4157 τῇ
2777 4087 2870 4140 τοῦ
2944 4090 3110 4157 φόρου
3175 4094 3509 4160 παραγραφῇ
3575 4091 3742 4161 ζήτει

507 4188 630 4238 κεφ.
662 4170 704 4221 θ’
732 4172 825 4220 τοῦ
861 4168 906 4236 γ’
928 4169 1106 4221 τίτλου
1136 4167 1229 4220 τοῦ
1270 4174 1317 4234 γ’
1353 4168 1561 4237 βιϐλίου
1589 4172 1696 4223 τῶν
1723 4173 2045 4232 Βασιλικῶν.

578 4259 739 4329 534
756 4259 1002 4311 ZONAli.
1025 4261 1079 4310 ln
1109 4260 1471 4327 omniutn,qui
1497 4263 1666 4314 sacris
1705 4264 1897 4318 initiati
1924 4278 2074 4333 sunt,

2254 4270 2498 4323 ΖΩΝΑΡ.
2553 4269 2677 4329 Τοῖς
2734 4269 3053 4337 ἱερωμένοις
3083 4267 3310 4330 ἅπασιν,
3373 4265 3508 4319 ἀλλά
3543 4271 3741 4337 μέντοι

507 4354 634 4418 quin
685 4362 739 4402 et
778 4351 829 4400 in
885 4350 1277 4401 monachorum
1337 4352 1748 4418 controversiis,
1808 4357 1926 4423 ejus
1977 4361 2062 4412 cui

2170 4361 2264 4411 καὶ
2316 4362 2568 4427 μοναχοῖς
2608 4359 2896 4427 πρόσφορά
2953 4361 3058 4408 εἰσι
3122 4357 3452 4425 δικαστήρια
3503 4360 3570 4410 τὰ
3620 4361 3744 4413 τῶν

507 4440 732 4506 subjecti
762 4448 885 4490 sunt
921 4438 1156 4504 episcopi
1197 4440 1414 4505 propria
1463 4454 1638 4493 causa:
1673 4447 1913 4511 cognitio
1955 4460 2058 4502 est.

509 4534 630 4584 Sive
659 4529 819 4598 igitur
864 4526 1057 4592 aliquis
1113 4527 1306 4579 horum
1343 4527 1632 4594 deferatur,
1669 4535 1802 4586 ,sive
1853 4535 2062 4590 deferat

508 4619 891 4681 eonclericmn,
931 4632 1110 4669 coram
1144 4618 1310 4683 ipsius
1337 4621 1612 4688 episcopo,
1648 4621 1761 4676 sive
1804 4627 1882 4677 rei
1910 4630 2060 4695 capi-

511 4709 648 4768 talis,
682 4722 772 4759 sen
802 4705 1000 4766 civilis,
1031 4713 1121 4756 aut
1159 4707 1485 4770 pecuniaria:
1529 4709 1760 4775 quaestio
1802 4711 1892 4772 sit,
1944 4728 2057 4765 rem

509 4797 728 4863 transigi
784 4805 1016 4860 Oportet.
1068 4792 1222 4856 Quod
1262 4794 1305 4846 si
1338 4810 1403 4847 ex
1459 4794 1522 4848 iis
1563 4799 1852 4866 quispiam,
1901 4815 1958 4854 se
1996 4803 2062 4856 ab

507 4886 870 4939 ecclesiastica
893 4884 1273 4952 jurisdietione
1300 4886 1645 4952 subtrahens,
1683 4890 2063 4958 publieojudi-

507 4979 610 5037 cio,
643 4981 779 5043 apud
811 4977 1149 5041 magistratus
1187 4975 1435 5028 nimirum
1469 4981 1779 5045 populares,
1816 4984 1917 5035 Itoc
1975 4993 2058 5036 est

508 5068 719 5127 civiles,
753 5066 993 5132 purgari,
1038 5066 1086 5116 id
1123 5072 1222 5128 est,
1257 5080 1316 5117 se
1345 5079 1374 5116 a
1406 5068 1556 5134 culpa
1597 5069 1884 5123 immunem
1935 5088 2061 5139 pro-

509 5161 634 5210 bare
678 5157 1001 5220 contendat;
1055 5157 1401 5224 quamvian
1452 5173 1515 5210 eo
1563 5157 1767 5224 judicio
1816 5165 2064 5229 superior

507 5250 759 5309 evaserit,
794 5261 1020 5312 eumque
1051 5250 1116 5298 ab
1151 5246 1348 5315 objecti
1380 5247 1633 5302 facinoris
1655 5251 1811 5319 culpa
1841 5256 2062 5306 omnino

509 5340 691 5406 procul
717 5337 1179 5401 abfuissejudices
1213 5340 1643 5406 pronuntiarint;
1675 5343 1850 5394 locum
1884 5354 2058 5398 tamen

507 5431 804 5498 proprium,
845 5430 1065 5496 gradum
1118 5430 1389 5494 videlicet,
1427 5446 1488 5483 ac
1547 5433 1836 5486 sacerdotii
1888 5437 2063 5502 digni-

510 5530 667 5572 Inlettt
725 5521 952 5578 amittet,
1019 5529 1177 5585 atque
1214 5520 1299 5572 vel
1349 5525 1417 5572 ob
1479 5524 1527 5573 id
1582 5523 1779 5589 ipsum,
1826 5525 1964 5589 quod
1997 5525 2062 5577 ab

505 5611 840 5662 celesiastica
887 5609 1267 5676 jnrisdictione
1317 5626 1374 5663 se
1432 5612 1776 5676 subduxerit,
1816 5615 2047 5677 deposi-

2169 4452 2503 4513 ἐπισκόπων,
2530 4443 2610 4509 οἷς
2635 4449 2976 4500 ὑπόκεινται.
3028 4447 3160 4498 -Είτε
3192 4442 3284 4498 οὖν
3331 4447 3588 4512 ἐνὰγεταί
3647 4468 3740 4514 τις

2167 4541 2394 4603 τούτων,
2441 4540 2552 4592 εἴτε
2604 4541 2790 4605 ἐνάγει
2824 4539 2962 4591 κατά
3013 4538 3409 4606 συγκληρικοῦ,
3464 4543 3615 4607 παρά
3651 4545 3742 4612 τῷ

2169 4632 2448 4698 ἐπισκόπῳ
2471 4630 2634 4682 αὑτοῦ
2671 4632 2764 4681 καὶ
2799 4630 3089 4695 ἐνάγεσθαι
3129 4632 3222 4680 καὶ
3253 4627 3469 4693 ἐνάγειν
3499 4631 3735 4697 ὀφείλει,

2170 4722 2272 4772 κᾶν
2306 4720 2704 4788 ἐγκληματικὸν
2737 4719 2822 4786 εἴη
2850 4719 2910 4769 τὸ
2940 4719 3421 4784 δικαστήριον,καὶ⁵
3451 4720 3741 4773 πολιτικὸν

2171 4814 2292 4880 ἦτοι
2352 4812 2710 4880 χρηματικόν.
2775 4811 2897 4861 Ἐὰν
2928 4809 2984 4859 δὲ
3015 4809 3421 4876 παραιτήσηταί
3481 4827 3566 4869 τις
3622 4813 3741 4863 τῶν

2168 4905 2426 4953 τοιούτων
2450 4902 2509 4952 τὸ
2540 4901 2994 4969 ἐκκλησιαστικὸν
3023 4900 3399 4968 δικαστήριον,
3434 4901 3530 4950 καὶ
3551 4901 3738 4969 δημο-

2171 4994 2304 5053 σίοις
2344 4991 2745 5059 δικαστηρίοις,
2815 4990 2983 5057 ἤγουν
3046 4989 3361 5058 δημοτικῶν
3421 4991 3733 5058 ἀρχόντων,

2168 5084 2413 5133 τουτέστι
2447 5081 2760 5142 πολιτικῶν,
2820 5080 3026 5149 θελήσῃ
3080 5079 3444 5147 καθαρθῆναι,
3479 5082 3600 5131 ἀντὶ
3634 5084 3738 5133 τοῦ

2169 5168 2404 5235 καθαρὸς
2441 5167 2671 5234 φανῆναι
2733 5165 2825 5216 τοῦ
2859 5167 3210 5232 αἰτιάματος,
3251 5166 3354 5217 κᾶν
3411 5167 3612 5236 νικήσῃ
3673 5173 3737 5221 ὲν

2168 5259 2245 5325 τῷ
2275 5259 2612 5326 δικαστηρίῳ
2649 5259 2863 5325 ἐκείνῳ,
2895 5259 2986 5307 καὶ
3045 5258 3180 5325 ὑπὲρ
3212 5257 3376 5308 αὑτοῦ
3429 5258 3658 5325 γένηται
3695 5262 3732 5328 ἠ

2169 5351 2460 5417 ἀπόφασις,
2496 5348 2671 5400 ἀθῶον
2720 5348 2880 5399 αὐτὸν
2934 5349 3346 5416 ἀποφαινομένη
3398 5347 3494 5399 τοῦ
3525 5348 3742 5416 ἐγκλή-

2173 5456 2358 5508 ματος,
2389 5438 2468 5504 ἐφ’
2495 5429 2538 5502 ᾧ
2573 5439 2950 5505 κατηγορεῖτο,
2985 5437 3132 5503 ὅμως
3156 5436 3248 5487 τὸν
3281 5435 3412 5487 ἴδιον
3435 5437 3740 5496 τόπον,τὸν

2172 5529 2372 5597 βαθμὸν
2398 5527 2618 5594 δηλαδὴ,
2648 5528 2741 5577 καὶ
2775 5526 2870 5594 τὴν
2917 5526 3198 5594 ἱερατικὴν
3245 5526 3413 5594 τιμὴν
3447 5524 3731 5589 ἀπολέσει,

2169 5617 2253 5668 διὰ
2285 5615 2439 5666 τοῦτο
2469 5615 2599 5666 αὐτὸ
2632 5612 3083 5683 καθαιρούμενος,
3109 5614 3241 5666 διότι
3277 5614 3635 5683 παρῃτήσατο
3668 5613 3734 5666 τὸ
