3982 6436
205 359 256 425 81
1238 366 1311 426 ιιι
1358 368 1518 426 CAN.
1558 367 1655 423 xv
1685 362 1889 423 CONC.
1935 364 2301 424 caurum.
3292 347 3358 409 82

207 475 630 541 ίκκλησιαοτικὸν
656 479 1029 548 δικαστήριον.
1063 481 1190 533 Ὀτε
1230 475 1346 542 οὖν,
1400 478 1582 547 φησὶν,
1633 477 1716 540 ἐγ-

1845 473 1964 528 ioue
2022 476 2289 542 punietur.
2353 474 2527 538 Atque
2583 470 2696 522 hmc
2749 471 2983 535 quidem,
3045 477 3363 532 quocunque

204 567 370 632 κλημα
396 568 474 633 εῖη
499 569 556 618 τὸ
584 567 805 633 κινηθὲν
837 568 974 619 κατά
1005 567 1097 619 τοῦ
1130 567 1442 634 ἱερωμένου,
1475 566 1541 617 τὰ
1571 568 1725 634 εἰρη-

203 653 327 720 μινα
355 656 700 722 γενήσονται·
730 657 818 707 ὅτε
853 656 908 706 δὲ
941 655 1214 707 πολιτικόν
1248 658 1363 707 ἐστι
1394 655 1454 706 τὸ
1480 654 1727 720 κινούμε-

198 761 298 805 νον,
327 743 446 811 ἦτοι
478 745 834 810 χρηματικὸν,
883 744 982 795 κᾶν
1012 744 1268 811 δικαιωθῇ
1327 746 1354 795 6
1413 743 1723 810 ἱερωμένος,

199 831 283 878 καὶ
334 827 500 886 οὕτως
563 832 872 881 ἐκπεσεῖται
912 829 1003 881 τοῦ
1047 830 1245 881 οίκείου
1297 829 1540 897 βαθμοῦ,
1576 833 1622 880 εί
1653 831 1725 899 μὴ

199 920 583 986 καταφρονήσει
611 919 707 971 τοῦ
741 920 1083 986 πράγματος,
1119 919 1201 986 ἐφ’
1230 915 1274 987 ᾧ
1302 922 1614 987 ἐδικαιώθη,
1635 921 1728 972 καὶ

195 1008 284 1073 τῆς
308 1007 614 1078 δικαιούσης
645 1012 811 1061 αὐτὸν
845 1011 1189 1076 ἀποφάσεως.
1233 1011 1357 1064 Ἐὰν
1385 1010 1440 1064 δέ
1469 1011 1728 1078 ἔκκλητος

199 1095 430 1163 γένηται,
479 1098 512 1167 ἢ
559 1098 874 1151 ἐπισκόπων
901 1099 1232 1152 δικασάντων
1260 1100 1292 1168 ἦ
1319 1101 1585 1153 δικαστῶν
1616 1102 1730 1154 ἐτέ-

197 1200 315 1251 ρων,
376 1187 468 1238 ἐπὶ
508 1188 698 1249 ἄλλους
729 1190 1208 1258 ἐκκλησιαστικοὺς
1236 1192 1518 1253 δικαστὰς,
1561 1193 1727 1262 ἤγουν

193 1265 277 1318 ἐπὶ
304 1270 699 1338 μητροπολίτας
731 1273 764 1341 ἢ
787 1277 1144 1343 πατριάρχας,
1173 1278 1264 1328 καὶ
1288 1277 1642 1346 ἐξεταζομένη
1669 1281 1726 1331 ἐν

193 1359 252 1425 τῇ
297 1357 543 1428 ἐκκλήτῳ
589 1364 619 1429 ἠ
657 1364 929 1428 ἀπόφασις
971 1365 1122 1434 λυθῇ,
1154 1365 1272 1417 ἀντὶ
1301 1366 1392 1417 τοῦ
1423 1368 1727 1436 ἀνατραπῇ,

196 1449 370 1515 μηδὲν,
403 1451 562 1520 φησὶ,
591 1453 1015 1522 βλαπτέσθωσαν
1046 1455 1096 1506 οἱ
1140 1455 1330 1524 πρώην
1374 1458 1729 1525 ἀποφηνάμε-

192 1554 296 1590 νοιο
332 1541 381 1591 εί
411 1543 484 1608 μή
515 1560 617 1595 που
654 1544 984 1612 ἐλεγχθῶσιν
1015 1544 1046 1613 ἢ
1107 1546 1248 1598 κατὰ
1274 1545 1468 1615 ἔχθραν
1494 1547 1728 1610 δικάσαι,

191 1629 258 1689 ὡς
284 1631 572 1699 ἐχθρωδῶς
598 1633 816 1703 ἔχοντες
846 1635 987 1686 κατά
1029 1635 1123 1687 τοῦ
1158 1635 1665 1697 καταδικασθέντος,
1697 1635 1728 1704 ἢ

193 1717 323 1768 κατὰ
355 1721 754 1787 προσπάθειαν,
790 1722 866 1785 ὡς
893 1723 1081 1788 φιλίως
1114 1724 1449 1792 διακείμενοι
1474 1726 1610 1794 πρὸς
1641 1726 1731 1776 τὸν

191 1807 560 1869 δικαιωθέντα.
595 1813 628 1882 ἢ
673 1813 1134 1882 δωροδοκηθέντες
1155 1832 1168 1845 ·
1205 1813 1360 1866 τοῦτο
1387 1814 1497 1884 γάρ
1527 1816 1642 1866 ἐστι
1669 1816 1729 1867 τὸ

193 1899 358 1966 χάριτι
393 1901 806 1970 ὑποφθαρῆναι.
839 1905 1225 1973 Δωροδοκεῖται
1281 1904 1338 1956 δέ
1379 1921 1481 1967 τις,
1534 1904 1566 1973 ἦ
1604 1906 1731 1974 χρή-

193 2005 328 2052 ματα
359 1991 678 2058 λαμϐάνων,
739 1993 769 2061 ἢ
820 1993 986 2062 άλλην
1010 1995 1134 2047 τινά
1181 1994 1338 2063 χάριν
1389 1993 1537 2057 αὐτῷ
1592 1995 1730 2064 πλη-

195 2079 403 2146 ροῦντος
423 2081 518 2134 τοῦ
549 2082 710 2135 αὑτὸν
739 2083 1176 2152 ύποφθείροντος.
1205 2083 1269 2136 Ei
1301 2084 1411 2154 γὰρ
1443 2083 1513 2138 δι’
1535 2085 1736 2156 ἔχθραν

193 2168 222 2236 ἧ
275 2172 653 2235 προσπάθειαν
709 2173 1096 2241 ἢδωροδοκίαν
1157 2177 1374 2242 φανεῖεν
1431 2175 1505 2244 μὴ
1559 2176 1738 2238 καλῶς

193 2258 574 2326 Ἃφισάμενοι,
637 2262 998 2331 βλαϐήσονται
1028 2265 1155 2333 περὶ
1179 2264 1280 2333 τὴν
1305 2265 1512 2317 οἰκείαν
1565 2267 1738 2318 ἐπιτισ-

196 2349 334 2414 μίαν.
355 2351 480 2404 Ἐὰν
507 2351 565 2404 δὲ
594 2353 972 2421 αἱρετίσωνται
1001 2354 1048 2404 οἱ
1079 2353 1177 2421 τὴν
1211 2353 1470 2405 ὑπόθεσιν
1495 2353 1733 2422 ἔχοντες,

193 2438 219 2489 6
240 2456 290 2490 τε
318 2443 629 2510 κατήγορος
671 2443 769 2494 καὶ
798 2445 826 2494 6
853 2443 1347 2512 κατηγορούμενος,
1381 2444 1659 2509 δικαστὰς,
1692 2449 1738 2500 εί

196 2531 279 2581 καὶ
319 2531 669 2599 ὀλιγώτεροι,
727 2533 910 2602 φησὶν,
947 2530 1059 2586 εἷεν
1087 2536 1196 2588 τῶν
1240 2536 1586 2604 δρισθέντων,
1633 2538 1740 2592 τῶν

197 2618 256 2687 ιβ’
283 2621 375 2672 ἐπὶ
420 2623 765 2686 ἐπισκόπων,
816 2624 1050 2677 καὶτῶν
1102 2626 1161 2691 ἓξ
1208 2627 1298 2678 ἐπὶ
1331 2628 1738 2696 πρεσϐυτέρων,

196 2710 410 2763 καὶτῶν
439 2712 611 2783 τριῶν
673 2712 765 2764 ἐπὶ
814 2713 1096 2778 διακόνων,
1127 2717 1154 2767 6
1207 2715 1619 2777 καταδικασθεὶς
1652 2716 1741 2768 ὑπ’

198 2797 408 2850 ἐκείνων
442 2799 505 2850 ού
528 2798 820 2866 δυνήσεται
853 2800 1034 2870 ζητεῖν
1064 2802 1350 2870 ἔκκλητον.
1371 2805 1540 2858 Τοῦτο
1564 2804 1620 2857 δὲ
1651 2807 1743 2857 καὶ

197 2890 335 2956 νόμοι
369 2890 641 2943 πολιτικοὶ
667 2891 1063 2956 διατάττονται,
1096 2895 1189 2946 καὶ
1216 2894 1367 2964 ζήτει
1401 2896 1606 2964 βιϐλίον
1637 2896 1743 2948 τῶν

197 2978 491 3031 Βασιλικῶν
524 2987 595 3047 γ’,
629 2981 771 3034 τίτλ.
805 2981 875 3045 α’,
903 2983 1196 3048 κεφάλαιον
1223 2985 1328 3053 μδ⁹,
1375 2987 1467 3038 καὶ
1502 2986 1642 3054 eis}.
1674 2989 1738 3040 0'.

1825 562 2037 616 demum
2090 563 2314 615 crimine
2372 570 2617 613 sacratus
2666 567 2983 620 accusetur,
3043 555 3114 605 ita
3163 552 3363 603 servari

1825 650 2001 716 placet
2034 666 2047 702 :
2084 658 2137 700 at
2167 648 2211 700 si
2244 647 2418 700 civilis
2455 647 2566 698 sive
2599 643 2921 710 pecuniaria:
2944 639 3018 692 rei
3054 637 3123 690 sit
3148 644 3364 688 contro—

1825 739 2018 799 versia,
2048 738 2290 806 quamvis
2319 735 2609 790 secundum
2641 746 2784 794 eum,
2813 731 2902 797 qui
2927 726 3097 783 sacris
3122 725 3362 778 initiatus

1825 839 1930 889 est,
1959 827 2025 880 lis
2058 829 2176 880 data
2234 827 2428 889 fuerit;
2467 823 2565 877 nisi
2602 831 2780 874 tamen
2822 820 2936 885 ipse
2971 834 3080 871 rem
3115 826 3276 869 letam
3312 825 3363 866 et

1825 933 1978 982 eam,
2016 933 2132 985 qua:
2171 917 2460 971 secundum
2509 916 2676 980 ipsum
2709 906 3046 980 pronuntiata
3090 906 3208 969 fuit,
3244 919 3364 957 sen-

1830 1008 2053 1061 tentiam
2087 1015 2420 1065 contemnat,
2446 1001 2608 1071 gradu
2639 1015 2736 1054 suo
2763 995 3109 1051 nihilominus
3136 993 3362 1045 excidet.

1828 1095 1979 1160 Quod
2014 1095 2058 1147 si
2094 1095 2161 1147 ab
2189 1092 2480 1160 episcopis,
2513 1089 2698 1142 aliisve
2727 1085 3110 1155 cognitoribus,
3145 1083 3206 1133 ad
3233 1080 3366 1131 alios

1828 1186 2221 1241 ecclesiasticos
2243 1183 2475 1254 iudices,
2511 1178 2951 1248 metropolitanos
2982 1171 3251 1229 videlicet,
3278 1177 3367 1221 aut

1832 1275 2196 1344 patriarchas,
2233 1267 2501 1342 quispiam
2532 1276 2806 1336 provocet,
2844 1266 3027 1333 illique
3050 1275 3211 1316 causa
3240 1273 3370 1310 exa-

1831 1367 2052 1429 minata,
2081 1365 2375 1434 iudicatum
2422 1361 2586 1425 solvi,
2623 1361 2722 1412 hoc
2750 1367 2853 1420 est,
2903 1351 3136 1407 rescindi
3161 1351 3371 1418 placere

1833 1455 2214 1520 decreverint;
2249 1453 2381 1506 nihil
2413 1455 2464 1504 in
2498 1465 2611 1512 eos,
2660 1448 2851 1515 inquit,
2899 1445 2988 1512 qui
3041 1441 3188 1510 prius
3238 1437 3371 1504 iudi-

1832 1541 1972 1593 cium
2031 1555 2344 1604 exercuere,
2408 1553 2569 1608 grave
2615 1536 2974 1590 constituatur
3027 1547 3041 1582 :
3099 1527 3200 1580 nisi
3240 1526 3378 1578 forte

1832 1631 1977 1693 illos,
2019 1640 2111 1683 aut
2143 1631 2266 1683 odio
2303 1630 2580 1697 impulsos,
2630 1625 2770 1694 quod
2821 1619 3071 1676 videlicet
3119 1617 3188 1677 ei,
3221 1629 3376 1682 quen-

1833 1716 2288 1778 condemnarunt,
2330 1713 2522 1767 infensi
2571 1711 2786 1771 forent;
2835 1717 2924 1758 aut
2975 1701 3175 1760 studio.
3237 1700 3378 1767 quod

1837 1809 2142 1874 quempiam
2177 1802 2552 1860 benevolentia
2582 1814 2709 1867 erga
2742 1798 2888 1850 illum
2939 1792 3155 1847 adducti
3195 1789 3375 1842 absol-

1841 1896 2014 1950 verint
2041 1913 2056 1961 ;
2087 1904 2176 1949 aut
2202 1894 2453 1948 mercede
2479 1899 2711 1958 emptos,
2745 1887 2796 1940 id
2826 1895 3053 1950 namque
3081 1891 3181 1942 est,
3210 1877 3380 1944 gratia

1839 1992 2166 2051 corruptos,
2227 1982 2502 2052 iudicasse
2559 1978 2840 2046 probatum
2908 1971 3089 2025 fuerit.
3145 1967 3383 2020 Mercede

1838 2089 2073 2140 namque
2104 2082 2313 2141 emptus
2343 2073 2390 2125 is
2427 2070 2646 2130 dicitur,
2678 2065 2768 2133 qui
2829 2062 3109 2132 pecuniam
3165 2055 3379 2122 accipit,

1838 2173 1931 2216 aut
1981 2163 2124 2216 aliud
2173 2163 2532 2228 quodcunque
2564 2155 2902 2217 beneficium,
2951 2151 3019 2204 ab
3065 2161 3128 2202 eo
3201 2160 3228 2198 a
3277 2157 3381 2210 quo

1838 2264 2121 2320 corruptus
2153 2266 2273 2306 esse
2301 2251 2516 2304 dicitur.
2571 2245 2702 2299 Nam
2763 2243 3068 2313 quicunque
3121 2244 3210 2288 aut
3259 2232 3381 2320 odio

1838 2353 1930 2396 aut
1959 2319 2145 2396 amore
2175 2340 2414 2402 adducti,
2469 2346 2561 2389 aut
2605 2334 2888 2402 largitione
2941 2324 3205 2392 corrupti,
3237 2319 3380 2388 iudi-

1840 2433 1980 2486 cium
2009 2434 2189 2484 minus
2224 2429 2451 2482 fideliter
2478 2426 2786 2479 exercuisse
2815 2416 3127 2485 deprehensi
3163 2411 3378 2470 fuerint,

1839 2522 2050 2591 propria
2088 2520 2205 2573 illos
2239 2519 2499 2586 dignitate
2532 2512 2746 2567 multari
2777 2510 3049 2564 decretum
3091 2512 3191 2558 est.
3227 2500 3378 2565 Quod

1841 2613 1883 2666 si
1914 2612 2126 2680 iudices
2153 2610 2224 2662 illi
2259 2608 2380 2678 ipsi,
2406 2607 2497 2675 qui
2523 2606 2664 2660 inter
2689 2617 2745 2656 se
2768 2599 2967 2670 iudicio
2993 2593 3385 2651 conflictantur,

1843 2708 2124 2755 accusator
2175 2699 2425 2753 nimirum
2477 2705 2533 2750 et
2587 2708 2728 2758 reus,
2782 2688 3057 2759 elegerint,
3118 2681 3382 2753 quamvis,

1843 2793 2036 2861 inquit,
2065 2790 2366 2859 pauciores.
2400 2802 2557 2857 quam
2595 2783 2915 2854 praefinitum
2955 2786 3054 2839 est,
3109 2774 3387 2840 designen—

1843 2890 1952 2946 tur,
1987 2895 2176 2949 nempe
2208 2881 2260 2933 in
2289 2880 2660 2947 episcoporum
2684 2886 2847 2928 causa
2870 2866 3147 2928 duodenis,
3174 2861 3391 2931 presby-

1845 2981 2078 3023 terorum
2124 2986 2243 3035 ses,
2296 2970 2644 3023 diaconorum
2700 2965 2911 3016 tribus:
2961 2967 3137 3011 tamen
3189 2954 3255 3005 ab
3307 2949 3391 3002 his

207 3067 320 3118 Ἐπὶ
347 3043 564 3132 τούτοις
594 3072 623 3122 6
664 3070 841 3122 κανὼν
862 3043 1000 3139 -περλ
1030 3043 1235 3124 τέκνων
1267 3043 1374 3136 τῶν
1405 3043 1592 3142 ίερέων
1639 3075 1740 3140 ’φη-

1845 3061 2118 3126 iudicibus
2149 3062 2403 3113 damnato
2448 3054 2778 3126 provocandi
2826 3049 3049 3103 facultas
3104 3060 3207 3098 non
3265 3043 3387 3095 erit.

200 3161 299 3221 civ,
327 3160 414 3210 ῖνα
449 3161 596 3228 μήτε
627 3159 833 3227 θεώρια
865 3160 1157 3213 ἐκτελῶσιν
1195 3162 1368 3226 αὐτοὶ,
1399 3164 1534 3230 μήτε
1568 3165 1741 3217 ἄλλων

198 3251 484 3303 ποιούντων
509 3252 922 3320 παραγίνωνται
951 3253 1044 3304 καὶ
1071 3253 1336 3320 θεωρῶσι.
1359 3253 1432 3304 Τὸ
1450 3253 1507 3305 δὲ
1540 3255 1744 3323 θεώρια

198 3342 426 3392 ἐκτελεῖν
462 3342 709 3395 τοιοῦτόν
739 3343 918 3395 ἐστιν’
960 3343 1045 3394 Ἐν
1078 3345 1195 3406 ταῖς
1227 3344 1514 3412 μεγίσταις
1558 3345 1742 3396 πόλεσι

199 3429 392 3498 θέατρα
422 3427 516 3497 ἦν,
548 3431 642 3483 καὶ
679 3432 836 3483 ἵπποι
889 3432 1177 3499 ἐτρέφοντο
1226 3431 1628 3501 ἁμιλλητήριοι,
1657 3434 1744 3485 καὶ

200 3519 349 3586 Θηρία
379 3521 461 3580 είς
491 3519 878 3589 θηριομαχίαν,
904 3519 995 3570 καὶ
1023 3519 1296 3571 ἀνετίθετο
1324 3522 1357 3587 ἡ
1393 3520 1742 3588 ίπποτροιρία,

200 3611 281 3660 καὶ
309 3611 340 3678 ὴ
372 3609 483 3662 τῶν
521 3609 706 3679 θηρῶν
745 3608 1051 3676 ἐπιμέλεια,
1080 3608 1172 3660 καὶ
1199 3609 1232 3677 ή
1265 3611 1488 3676 φροντὶς
1521 3611 1614 3663 τοῦ
1649 3611 1746 3674 τὰς

201 3699 420 3768 θεωρίας
469 3701 530 3752 ἐν
581 3701 695 3761 τοῖς
729 3698 976 3767 θεάτροις
1006 3699 1398 3763 ἐπιτελεῖσθαι,
1441 3701 1604 3762 ἐνίοις
1636 3703 1746 3754 τῶν

205 3789 504 3853 πολιτικῶν,
541 3789 816 3850 κάκείνοις
865 3787 1023 3855 ἔμελε
1054 3789 1180 3857 περί
1207 3807 1267 3841 τε
1296 3790 1393 3858 τῆς
1429 3790 1541 3844 τῶν
1564 3792 1745 3846 ἵππων

205 3879 424 3949 ἁμίλλης
475 3881 575 3932 καὶ
604 3878 706 3946 τῆς
736 3877 1100 3945 θηριομαχίας
1141 3877 1236 3929 καὶ
1286 3879 1393 3931 τῶν
1422 3879 1617 3942 ἄλλων,
1648 3882 1749 3933 ὅσα

202 3969 251 4018 ἐν
280 3971 385 4030 τοῖς
417 3967 678 4038 θεάτροις
702 3966 857 4018 εῖωθε
886 3965 1151 4032 γίνεσθαι.
1176 3966 1362 4020 Ταῦτα
1387 3964 1477 4021 οὖν
1503 3969 1748 4035 γίνεσθαι

203 4061 338 4128 παρὰ
372 4061 588 4112 παίδων
610 4057 720 4110 τῶν
743 4058 932 4126 ἱερέων
960 4058 1228 4110 ἐκώλυσεν
1254 4061 1281 4110 6
1307 4059 1506 4113 κανών.
1531 4062 1622 4112 Δεῖ
1641 4060 1748 4130 γάρ

203 4150 312 4209 τοὺς
345 4151 510 4218 ἱερεῖς
538 4149 612 4200 τά
645 4148 821 4200 οίκεῐα
845 4148 1010 4200 τέκνα
1036 4149 1093 4199 ἐν
1121 4148 1340 4217 παιδείᾳ
1373 4149 1466 4201 καὶ
1495 4149 1748 4220 νουθεσίᾳ

207 4239 396 4305 κυρίου
455 4239 712 4303 ἀνάγειν,
746 4237 890 4289 κατὰ
921 4237 1008 4288 τὸν
1041 4236 1212 4303 μέγαν
1247 4236 1476 4300 Παῦλον,
1542 4238 1601 4300 ὃς
1657 4239 1750 4291 καὶ

207 4327 328 4391 πρὸς
372 4325 533 4378 Τῖτον
558 4325 792 4394 γράφων
818 4322 962 4384 οἴους
1012 4324 1093 4374 δεῖ
1125 4321 1388 4392 καθιστᾷν
1446 4325 1752 4392 πρεσΰυτέ-

207 4431 341 4480 ρους,
376 4416 517 4483 πρὸς
541 4416 656 4474 τοῖς
685 4412 866 4474 άλλοις
925 4414 1019 4465 καὶ
1047 4411 1210 4464 τοῦτο
1245 4411 1514 4482 ἔγραψεν
1547 4415 1621 4468 El
1657 4417 1750 4481 τίς

206 4503 320 4556 ἐστι
341 4503 524 4556 τέκνα
545 4504 704 4570 ἔχων
720 4501 924 4564 πιστὰ,
941 4503 1028 4568 μὴ
1046 4501 1114 4553 ἐν
1129 4501 1447 4569 κατηγορίᾳ
1463 4503 1745 4567 ἀσωτίας,

207 4594 239 4657 ἢ
262 4595 664 4647 ἀνυπότακτα.
701 4591 812 4644 Καὶ
841 4591 1091 4660 Τιμοθέῳ
1120 4591 1469 4653 ἐπιστέλλων,
1520 4586 1629 4644 οἷον
1673 4594 1754 4646 δεῖ

207 4684 286 4734 τὸν
332 4685 646 4751 ἐπισκοπῆς
701 4681 1028 4750 ὀρεγόμενον
1077 4675 1236 4743 εἶναι,
1269 4682 1383 4742 τοῖς
1417 4680 1624 4744 λοιποῖς
1657 4682 1752 4734 καὶ

209 4772 348 4825 τοῦτο
375 4774 677 4843 προσέθετο
694 4785 710 4801 ⁸
736 4771 808 4823 τά
830 4771 996 4822 τέκνα
1027 4768 1220 4838 ἔχοντα
1246 4769 1303 4821 ἐν
1337 4770 1584 4841 ὑποταγῇ
1613 4773 1752 4839 μετά

211 4866 376 4934 πάσης
430 4863 788 4932 σεμνότητος.
835 4859 914 4913 Τὰ
948 4859 1203 4930 θεωρίαις
1250 4860 1308 4912 δὲ
1358 4861 1538 4929 μίμων
1581 4879 1753 4930 προσ-

212 4953 385 5019 έχοντα
417 4955 513 5006 καὶ
547 4950 934 5019 ἱπποδρομίαις
968 4951 1297 5020 σχολάζοντα
1318 4990 1332 5013 ,
1367 4950 1460 5004 καὶ
1486 4950 1751 5014 τοιούτοις

214 5043 397 5104 ἄλλοις,
450 5041 577 5094 οὔτε
630 5041 866 5103 ἀσωτίας
891 5041 1158 5110 ὑπόληψιν
1208 5040 1580 5107 ἐκφεύξονται,
1633 5041 1752 5094 οὔτε

217 5135 462 5199 σεμνότης
489 5133 678 5192 αὐτοῖς
709 5129 1360 5200 προσμαρτυρηθήσεται.
1391 5130 1502 5182 Καὶ
1527 5129 1586 5180 ού
1619 5129 1753 5182 θαυ-

218 5225 407 5285 μαστὸν
442 5226 490 5274 εί
527 5225 594 5274 τὰ
620 5221 730 5271 τῶν
762 5220 951 5289 ἱερέων
978 5219 1142 5270 τέκνα
1170 5218 1430 5286 τοιαύτην
1481 5219 1753 5287 διαγωγὴν

219 5314 549 5366 ἀπαιτοῦνται
572 5328 586 5343 ⁶
621 5311 748 5364 ἐπεὶ
774 5309 867 5361 καὶ
893 5310 1026 5360 πᾶσι
1045 5309 1390 5377 Χριστιανοῖς
1413 5309 1750 5377 κεκήρυκται

222 5402 286 5468 μὴ
315 5402 614 5469 προσιέναι,
645 5401 782 5452 ὅπου
816 5397 1158 5465 βλασφημίαι
1210 5395 1337 5448 εἰσί.
1396 5395 1751 5462 Βλασφημίας

220 5491 265 5540 δὲ
298 5498 357 5544 τά
391 5493 642 5560 άσέμνως
683 5489 944 5558 γινόμενα
978 5487 1256 5554 ἐκάλεσεν,
1307 5484 1379 5549 ὡς
1416 5485 1755 5557 βλασφημεῖ-

273 5671 311 5701 ¹⁹
338 5670 438 5722 Tit.
473 5687 510 5724 ι,
543 5670 596 5721 6.

1847 3149 1997 3214 Quod
2027 3151 2214 3204 civiles
2267 3163 2479 3218 quoque
2525 3148 2665 3215 leges
2701 3143 2886 3198 eodem
2938 3139 3094 3193 modo
3140 3149 3388 3196 sanxere,

1846 3252 1902 3294 ut
1933 3242 2093 3294 tertio
2125 3240 2279 3303 libro,
2329 3238 2481 3293 titulo
2524 3237 2721 3304 primo,
2756 3231 2931 3300 capite
2979 3224 3389 3296 quadragesimo

1844 3343 2058 3402 quarto,
2095 3341 2148 3386 et
2180 3331 2318 3384 libro
2369 3343 2509 3383 nono
2553 3323 2904 3379 Basilicorum
2931 3319 3111 3371 videre
3151 3324 3254 3369 εει.
3293 3310 3390 3364 llis

1847 3421 2132 3484 absolutis,
2165 3421 2229 3474 de
2267 3419 2389 3471 filiis
2423 3417 2886 3487 presbyterorum,
2921 3422 2988 3462 ne
3047 3414 3139 3458 aut
3181 3410 3390 3471 specta-

1848 3512 1970 3564 cula
1999 3510 2133 3579 ipsis
2181 3508 2443 3562 exhibere
2488 3515 2581 3559 aut
2629 3519 2749 3573 qua:
2798 3502 2863 3554 ab
2914 3499 3033 3552 aliis
3077 3493 3395 3548 exhibentur

1847 3611 2098 3670 spectare
2124 3602 2306 3662 liceat,
2334 3613 2508 3652 canon
2539 3595 2801 3651 decernil.
2834 3590 2926 3644 Est
2960 3603 3085 3641 vero
3112 3587 3212 3640 hoc
3251 3582 3390 3650 quod

1849 3692 2045 3745 dicitur
2073 3692 2138 3745 de
2172 3689 2495 3758 spectaculis
2544 3683 2860 3739 exhibendis
2890 3675 3151 3747 ejusmodi
3183 3690 3197 3727 :
3250 3673 3395 3725 fuere

1848 3785 2108 3854 siquidem
2163 3782 2216 3834 in
2271 3781 2480 3849 magnis
2534 3776 2757 3831 urbibus
2810 3772 3047 3832 theatra,
3099 3777 3208 3819 tum
3270 3763 3392 3829 equi

1849 3887 2059 3942 quoque
2085 3873 2149 3926 ad
2177 3871 2473 3926 certamina
2506 3865 2798 3933 bestiaeque
2825 3862 2890 3916 ad
2918 3871 3148 3929 pugnam
3180 3856 3393 3908 aleban-

1852 3974 1957 4026 tur,
1993 3977 2184 4030 eaque,
2217 3971 2329 4014 tum
2360 3973 2622 4028 equorum
2675 3969 2738 4009 ac
2767 3952 3085 4012 bestiarum,
3125 3955 3234 4000 tum
3273 3943 3398 3996 reli-

1851 4067 2077 4122 quorum
2112 4048 2568 4119 spectaculorum,
2603 4058 2723 4111 quae
2758 4043 2811 4095 in
2844 4038 3068 4094 theatris
3103 4033 3398 4089 exhibenda

1853 4146 2046 4208 forent,
2084 4144 2293 4197 curatio
2321 4139 2591 4192 nonnullis
2619 4152 2683 4190 ex
2731 4134 2927 4187 civium
2978 4141 3204 4183 numero
3249 4141 3397 4179 com-

1852 4236 2180 4297 mittebatur,
2206 4233 2422 4301 quibus,
2449 4239 2502 4284 et
2532 4236 2782 4295 equestre
2813 4231 3103 4283 certamen,
3121 4227 3173 4272 et
3197 4218 3365 4270 bestia
3383 4246 3398 4256 -

1854 4342 1970 4380 rum
2026 4330 2305 4395 pugna,et
2349 4331 2681 4390 quaecunque
2735 4313 2837 4367 alia
2859 4313 2913 4365 in
2937 4310 3157 4364 theatris
3178 4306 3408 4375 praaberi-

1777 4394 1825 4449 ι)
1853 4417 2034 4481 solita,
2064 4394 2208 4470 curae
2237 4413 2411 4467 fuere.
2457 4409 2656 4463 Rerum
2688 4405 2848 4473 igitur
2890 4398 3194 4468 huiusmodi
3239 4404 3399 4450 cura-

1854 4516 1999 4559 tores
2069 4519 2187 4558 esse
2244 4500 2583 4556 sacerdotum
2654 4496 2790 4549 filios
2854 4493 2939 4547 hic
3002 4503 3174 4542 canon
3231 4497 3397 4538 vetat.

1855 4595 2180 4651 Sacerdotes
2232 4593 2376 4646 enim
2429 4589 2568 4643 filios
2615 4600 2743 4641 suos
2797 4584 2850 4637 in
2908 4581 3145 4635 doctrina
3197 4592 3259 4630 ac
3289 4577 3401 4643 lege

1853 4683 2064 4739 Domini
2093 4681 2378 4735 instituere
2407 4677 2622 4742 debent,
2654 4682 2711 4728 ut
2743 4682 2828 4726 est
2873 4671 3009 4737 apud
3054 4669 3232 4719 divum
3263 4663 3400 4716 Pau-

1855 4775 1986 4839 lum,
2040 4773 2132 4841 qui
2178 4770 2337 4826 etiam
2389 4767 2628 4835 Epistola
2664 4764 2729 4818 ad
2779 4761 2981 4823 Titum,
3035 4759 3158 4811 dum
3193 4769 3400 4812 eorum,

1854 4865 1942 4933 qui
1976 4860 2283 4916 sacerdotes
2308 4858 2525 4913 creandi
2547 4863 2691 4916 sunt,
2712 4851 3044 4907 conditiones
3071 4845 3398 4912 exsequitur,

1854 4956 1922 5009 ad
1956 4954 2059 5007 alia
2085 4954 2190 5007 hoc
2243 4963 2453 5018 quoque
2503 4946 2740 5000 addidit:
2778 4941 2837 4996 Si
2893 4941 3008 5007 quis
3066 4938 3202 5003 ﬁlios
3252 4935 3400 4986 habet

1855 5045 2057 5111 ﬁdeles,
2104 5041 2291 5095 nonin
2343 5039 2670 5092 accusatione
2730 5031 2974 5092 luxuriae,
3024 5037 3114 5079 aut
3169 5025 3400 5076 immori-

1861 5149 2010 5202 ρει-οε
2030 5134 2095 5185 ⁸⁷.
2129 5132 2194 5184 Et
2222 5129 2467 5198 Epistola
2498 5126 2564 5179 ad
2596 5121 2960 5180 Timotheum,
2994 5117 3115 5169 dum
3146 5129 3290 5175 eum,
3313 5112 3402 5180 qui

1856 5219 2222 5286 episcopatum
2276 5213 2560 5272 desiderat,
2604 5209 2817 5278 qualem
2866 5212 3108 5272 oporteat
3147 5214 3266 5255 esse
3309 5202 3401 5286 de—

1859 5285 2066 5368 scribit,
2119 5311 2312 5372 przeter
2364 5307 2556 5353 caetera
2612 5297 2663 5349 id
2726 5294 2884 5345 etiam
2927 5288 3210 5356 apposuit,
3269 5285 3403 5336 iilios

1860 5396 2144 5450 habentem
2176 5389 2417 5444 subditos
2442 5400 2565 5440 cum
2610 5383 2756 5437 omni
2805 5379 3075 5433 castitate.
3126 5375 3226 5437 Qui
3277 5389 3402 5425 vero

1862 5485 2147 5540 mimorum
2191 5490 2560 5546 equorumque
2614 5469 2964 5543 spectaculis,
3009 5465 3234 5533 aliisque
3287 5465 3401 5516 hu~
