3982 6442
535 362 607 424 83
1775 371 2048 430 TIIEOD.
2097 370 2495 431 BALSAMON
3663 361 3740 422 84

525 468 761 538 jusmodl
796 473 1038 539 ludicris,
1067 486 1420 548 occupantur,
1452 493 1624 550 neque
1654 481 2064 550 intemperantia

2183 482 2306 535 σθαι
2334 485 2588 536 ποιοῦντα
2642 484 2767 544 τοὺς
2794 483 3014 542 πιστοὺς
3043 481 3189 549 παρά
3218 479 3323 532 τῶν
3349 478 3614 542 ἀπίστων,
3639 470 3739 528 οἷα

532 561 734 614 crimen
762 563 1035 634 ell‘ugient,
1063 583 1241 636 neque
1281 569 1604 638 integritatis
1654 579 1706 625 et
1751 572 2064 625 castimonia

2188 572 2263 640 μὴ
2290 575 2346 625 ἐν
2378 573 2699 643 σωφροσύνῃ
2723 572 2929 634 ζῶντας
2955 572 2987 639 ἢ
3013 572 3298 638 σεμνότητι

527 655 837 708 testimonio
865 660 1400 717 commendabuntur.
1439 660 1548 716 Nec
1596 679 1725 718 vero
1781 664 1975 716 mirum
2029 663 2071 715 si
2110 661 2225 715 haec
2250 666 2371 714 vitae
2403 664 2653 730 degenda:
2679 663 2816 715 ratio
2856 678 2884 715 ο
2933 662 3057 716 tiliis
3129 662 3470 714 sacerdotum
3537 657 3734 725 exiga-

528 754 656 801 tur:
693 759 814 798 nam
846 753 899 798 et
927 747 1249 805 Christianis
1312 751 1585 816 omnibus,
1643 768 1708 804 ne
1753 753 1818 805 ad
1904 766 1964 806 ea
2018 752 2132 805 loca
2186 752 2276 804 ubi
2305 751 2651 820 blasphemiae
2685 760 2810 805 sunt
2857 750 3113 804 accedere
3148 749 3324 809 liceat,
3384 747 3731 799 interdictum

526 834 649 888 fuit.
686 834 1037 901 Blasphcmize
1065 854 1194 894 vero
1227 844 1442 896 nomine
1471 859 1552 906 ea,
1585 859 1704 910 quae
1751 844 1976 898 licenter
2006 857 2069 896 ac
2108 841 2467 897 inverecunde
2540 843 2694 906 fiunt,
2735 841 3079 911 signiﬁcavit.
3129 838 3208 892 Ob
3278 839 3368 891 illa
3419 838 3616 907 quippe
3671 837 3737 889 Ii-

524 928 690 990 atcles,
732 944 880 996 quasi
930 935 1297 997 temperantia:
1348 936 1780 1004 integritatisque
1829 943 2248 1003 contemptores,
2274 936 2342 987 ab
2371 934 2675 988 inﬁdelibus
2708 933 3145 998 blaspltemantur

523 1016 682 1086 535
709 1017 934 1072 ARIST.
963 1038 982 1071 ι
1028 1019 1320 1091 Episc0pns
1348 1024 1424 1078 vel
1444 1026 1690 1089 clericus,
1712 1041 1875 1080 causa
1893 1027 2073 1080 crimi-

599 1124 619 1156 ι
663 1106 768 1160 nali
793 1109 839 1160 ei
873 1109 1139 1171 instituta,
1173 1113 1242 1176 si,
1279 1113 1464 1167 relicta
1501 1115 1750 1180 ecclesia,
1784 1116 1847 1167 atl
1874 1114 2070 1180 judicia

590 1213 612 1249 ι
651 1197 858 1263 publica
873 1209 1138 1263 recurrat,
1154 1203 1314 1255 etiam
1337 1204 1521 1269 injuria
1536 1203 1779 1267 affectus,
1797 1203 2068 1272 proprium

601 1305 621 1337 ι
663 1289 870 1342 amittet
898 1290 1141 1358 gradum.
1183 1291 1236 1345 Si
1264 1307 1389 1347 vero
1423 1302 1476 1348 et
1524 1294 1706 1348 vicerit
1741 1295 1791 1346 in
1845 1293 2070 1362 negotiis

597 1393 618 1428 ι
662 1377 916 1446 politicis,
952 1380 996 1432 si
1028 1380 1130 1433 ltoc
1167 1392 1446 1449 sequatur,
1512 1383 1787 1451 preprium
1844 1383 2066 1451 gradum

591 1484 609 1516 ‹
648 1467 878 1520 amittet.
925 1468 1330 1526 Ecclesiasticos
1359 1481 1535 1526 autem
1562 1473 1786 1541 judices,
1817 1472 1917 1526 nisi
1950 1486 2071 1539 gra-

593 1574 612 1606 ι
657 1558 727 1609 tia
752 1567 845 1611 aut
867 1561 990 1612 odio
1012 1571 1166 1614 antea
1185 1561 1453 1630 jndicasse
1468 1561 2072 1629 convincantur,appel-

594 1660 615 1696 ι
665 1645 792 1700 latio
822 1646 1064 1702 instituta
1096 1665 1197 1702 non
1231 1652 1494 1720 propellit.
1525 1649 1580 1705 Si
1617 1661 1795 1720 partes
1825 1666 1951 1706 vero
1979 1649 2069 1717 ju-

596 1752 614 1786 ι
652 1734 798 1790 dices
825 1736 1107 1807 elegerint.
1135 1739 1203 1794 ab
1232 1741 1299 1795 iis
1321 1755 1389 1795 ne
1418 1741 1718 1796 discedant.
1755 1759 1774 1792 ι

588 1905 707 1960 Non
737 1917 948 1977 oportet
974 1910 1280 1981 episcopum
1311 1923 1404 1967 aut
1427 1915 1679 1969 clericum
1708 1915 1964 1985 judicium
1985 1930 2071 1969 ec-

519 1995 878 2051 clesiasticum
918 2015 1184 2057 recusare.
1219 2003 1553 2074 Quapropter
1571 2007 1613 2061 si
1644 2007 1765 2074 quis
1794 2021 1857 2059 ex
1885 2007 1950 2060 iis
1975 2008 2073 2060 cri-

522 2085 788 2139 tninaliter
806 2098 1106 2153 accusatus,
1138 2093 1555 2147 ecclesiasticum
1582 2096 1909 2151 recusaverit
1928 2096 2070 2165 judi-

518 2175 684 2238 cium,
713 2183 766 2230 et
790 2177 855 2231 ad
877 2178 1060 2232 civiles
1085 2180 1294 2248 judices
1321 2186 1626 2249 accesserit,
1661 2195 1715 2240 et
1750 2201 1928 2240 coram
1983 2186 2069 2249 iis,

517 2278 640 2332 quae
661 2265 726 2318 ad
752 2269 1149 2323 accusationem
1194 2286 1344 2325 suam
1397 2283 1662 2341 spectant,
1697 2275 2066 2337 denudaverit,

517 2356 762 2421 quamvis
809 2357 1066 2414 innocens
1085 2372 1358 2429 appareat,
1385 2372 1439 2417 et
1462 2378 1556 2431 pro
1580 2378 1646 2417 eo
1690 2365 1792 2417 lata
1838 2365 1907 2417 sit
1944 2379 2068 2418 sen-

523 2444 709 2505 tentia,
741 2446 1013 2512 proprium
1067 2449 1288 2515 gradum
1327 2452 1554 2507 amittet.
1610 2451 1664 2504 Si
1722 2463 1899 2505 autem
1959 2468 2066 2505 non

512 2531 806 2586 criminalis
835 2533 903 2586 sit
931 2541 1114 2587 contra
1147 2549 1239 2589 eos
1273 2537 1567 2600 accusatio,
1598 2539 1690 2591 sed
1735 2539 2066 2605 pecuniaria,

513 2631 569 2675 et
594 2624 802 2677 accidat
828 2625 894 2678 de
922 2629 1022 2679 ista
1052 2629 1280 2682 evadere
1301 2628 1692 2696 eos,judicium
1720 2631 1848 2699 ipsis
1873 2645 2069 2684 conve-

513 2713 664 2766 niens
695 2724 1018 2775 reCusantes.
1038 2724 1093 2770 et
1116 2717 1181 2770 ad
1202 2720 1486 2773 saeculares
1506 2721 1712 2788 judices
1735 2722 2066 2784 accedentes,

514 2811 568 2854 et
598 2800 664 2854 ab
695 2802 758 2855 iis
794 2801 1061 2870 judicatos
1088 2819 1102 2868 ;
1134 2803 1176 2856 si
1209 2807 1423 2872 quidem
1454 2807 1728 2859 sententiae
1756 2807 1822 2859 ab
1847 2805 1912 2860 iis
1947 2805 2069 2858 latae

513 2892 854 2957 acquiescere
879 2891 1092 2956 vellent,
1117 2901 1170 2945 et
1191 2893 1241 2946 id
1261 2908 1356 2961 pro
1387 2908 1491 2960 quo
1515 2894 1928 2957 contendebant,
1957 2894 2071 2948 exi-

514 2995 660 3048 gere,
701 2983 973 3049 proprium
1017 2982 1241 3048 gradum
1315 2984 1577 3037 amittent.
1632 2984 1688 3038 Si
1749 2996 1924 3038 autem
1979 2985 2067 3037 de-

2177 1023 2398 1076 ΑΡΙΣΤ.
2461 1041 2478 1072 ι
2511 1021 2898 1089 Ἐπίσκοποςῆ
2930 1021 3187 1088 κληρικδς
3222 1014 3626 1085 ἐγκληματικοῦ
3650 1030 3744 1066 κι-

2257 1132 2276 1164 ‹
2317 1112 2578 1180 νουμένου
2629 1113 2973 1180 πράγματος.
3019 1112 3067 1162 εἰ
3098 1109 3195 1178 τὴν
3215 1107 3510 1165 ἐκκλησίαν
3551 1105 3739 1172 ἀφεὶς,

2252 1220 2270 1252 ι
2307 1205 2418 1264 τοῖς
2481 1202 2759 1269 δημοσίοις
2810 1201 3173 1269 προσδράμοι,
3229 1201 3321 1250 καὶ
3355 1197 3736 1261 ἀδικούμενος,

2248 1310 2267 1342 ι
2305 1291 2396 1342 τὸν
2429 1291 2557 1342 ίδιον
2582 1291 2842 1342 ἀπολέσει
2877 1290 3100 1358 βαθμόν.
3152 1290 3214 1340 Εἰ
3251 1287 3501 1355 ὑπερέξει
3536 1285 3592 1336 δέ
3639 1283 3738 1336 καὶ

2251 1400 2269 1432 ι
2309 1382 2400 1433 ἐπὶ⁵
2432 1381 2738 1442 πολιτικαῖς
2772 1381 3058 1445 κεφαλαῖς,
3091 1383 3138 1432 εἰ
3163 1379 3336 1446 τούτῳ
3363 1372 3739 1445 στοιχείη,τδν

2252 1490 2270 1521 ι
2311 1472 2440 1523 ῐδιον
2466 1471 2718 1522 ἀπολέσει
2741 1469 2967 1538 βαθμόν.
2999 1472 3270 1531 Δικαστάς
3297 1485 3360 1534 γε
3400 1469 3503 1536 μὴν
3532 1464 3741 1530 ἐκκλη-

2252 1579 2270 1611 ι
2311 1559 2644 1621 σιαστικοὺς.
2673 1561 2719 1610 εἰ
2751 1559 2823 1627 μὴ
2857 1559 3163 1627 ἐλέγχοιντο
3183 1558 3322 1610 κατά
3354 1554 3741 1624 προσπάθειαν

2252 1669 2269 1700 ι
2309 1649 2341 1718 ἦ
2378 1648 2731 1701 ἀντιπάθειαν
2771 1649 3295 1716 προδεδιῳκηκότες,
3338 1648 3600 1714 ἐκκλητος
3635 1661 3740 1710 γε-

2251 1761 2269 1793 ι
2306 1741 2504 1810 νομένη
2535 1741 2632 1791 οὐκ
2671 1740 2955 1807 ἀμύνεται.
3001 1740 3124 1792 Ἐὰν
3179 1741 3236 1792 δέ
3276 1741 3344 1793 τά
3376 1741 3514 1807 μέρη
3551 1737 3742 1789 ἐπιλέ·

2253 1854 2271 1885 ι
2305 1834 2498 1897 ξωνται
2527 1831 2806 1893 δικαστὰς,
2834 1830 3036 1882 τούτων
3070 1831 3142 1899 μὴ
3194 1828 3638 1897 ἀφιστάσθωσαν.
3671 1843 3692 1876 a

2244 1923 2318 1975 Οὐ
2350 1920 2430 1972 δεῖ
2457 1920 2841 1988 παραιτεῖσθαι
2877 1920 3175 1972 ἐπίσκοπον
3205 1920 3237 1987 ἢ
3261 1917 3522 1986 κληρικὸν
3551 1916 3612 1967 τὸ
3637 1915 3738 1966 ἐκ·

2175 2011 2560 2078 κλησιαστικδν
2589 2009 2958 2080 δικαστήριον.
3033 2011 3196 2061 Ὅθεν
3257 2009 3351 2060 ἐάν
3400 2025 3482 2068 τις
3525 2007 3739 2058 τούτων

2175 2100 2644 2173 κατηγορούμενος
2665 2100 3109 2168 ἐγκληματικῶς,
3140 2101 3237 2165 τὴν
3271 2095 3738 2165 ἐκκλησιαστικὴν

2176 2193 2581 2263 παραιτήσηται
2603 2190 2806 2259 κρίσινς
2833 2189 2927 2242 καὶ
2951 2189 3247 2250 πολιτικοῖς
3266 2188 3547 2246 δικασταῖς
3566 2201 3740 2251 προσ-

2177 2281 2323 2352 έλθῃ,
2356 2281 2449 2333 καὶ
2474 2280 2602 2350 παρ’
2637 2281 2864 2340 ἐκείνοις
2899 2279 3153 2349 γυμνάσῃ
3190 2280 3258 2330 τὰ
3287 2279 3383 2345 τῆς
3417 2277 3736 2335 αἰτιάσεως*

2175 2374 2278 2425 κᾶν
2311 2370 2598 2432 ἀνεύθυνος
2648 2374 2812 2440 φανῇ,
2858 2371 2954 2424 καὶ
3009 2370 3148 2438 ὑπὲρ
3199 2368 3361 2422 αὑτοῦ
3393 2369 3426 2436 ὴ
3457 2366 3739 2430 ἀπόφασις

2176 2462 2449 2530 ἐξενεχθῇ,
2475 2461 2565 2512 τὸν
2597 2461 2727 2512 ίδιον
2755 2461 3010 2512 ἀπολέσει
3045 2459 3272 2528 βαθμόν.
3320 2460 3383 2511 Εἰ
3425 2459 3481 2509 δέ
3511 2458 3611 2508 οὐκ
3639 2457 3740 2522 ἐγ-

2175 2553 2488 2621 κληματικὴ
2521 2556 2668 2604 ἐστιν
2705 2554 2736 2618 ἠ
2769 2553 2890 2603 κατ’
2925 2551 3102 2602 αὐτῶν
3132 2549 3390 2611 αἰτίασις,
3428 2548 3562 2599 ἀλλά
3589 2561 3738 2614 χρη-

2179 2647 2404 2712 ματικὴ,
2436 2644 2528 2695 καὶ
2557 2641 2737 2711 συμϐῇ
2762 2642 2857 2694 καὶ
2887 2642 2979 2692 ἐπὶ
3007 2639 3213 2706 ταύτην
3258 2637 3477 2705 νικῆσαι
3510 2633 3736 2699 αὐτοὺς,

2174 2733 2234 2785 τὸ
2261 2733 2565 2801 πρόσφορον
2593 2731 2776 2792 αὐτοῖς
2811 2731 3330 2799 παραιτησαμένους
3357 2726 3735 2793 δικαστήριον.

2175 2822 2271 2874 καὶ
2319 2825 2607 2888 κοσμικοῖς
2673 2821 2952 2881 δικασταῖς
3004 2818 3418 2888 προσελθόντας,
3479 2817 3572 2870 καὶ
3601 2815 3738 2881 παρ’

2175 2912 2402 2964 ἐκείνοιν
2425 2911 2712 2980 κριθέντας
2737 2925 2748 2937 ·
2782 2912 2828 2960 εἰ
2863 2910 2960 2976 μὲν
2985 2907 3264 2978 αἱροῦνται
3295 2909 3360 2975 τῇ
3388 2905 3527 2972 ὑπὲρ
3550 2903 3736 2957 αὐτῶν

2179 3004 2343 3072 ψήφῳ
2374 3003 2630 3069 στοιχεῖν,
2654 3001 2749 3053 καὶ¹
2772 3000 2832 3050 τὸ
2861 3000 3089 3066 πρᾶγμα
3120 3001 3200 3059 εἰς
3224 2998 3252 3049 ὃ
3283 2999 3539 3065 ἐνίκησαν
3560 2998 3737 3047 ἀπαι-

513 3069 716 3139 speetui
755 3072 1041 3125 habuerint
1074 3086 1250 3127 causae
1277 3087 1386 3127 suae
1431 3074 1806 3142 prolationem,
1841 3077 2064 3139 illudque

2175 3065 2357 3158 έῆᾉαὶ,
2390 3065 2643 3141 τὸν-ἰδιον
2705 3065 2916 3155 βαθμὸν
2943 3086 3322 3139 ἀπολέσουσιν.
3378 3087 3439 3136 Εἰ
3470 3085 3525 3136 δέ
3562 3101 3738 3134 κατα-

515 3177 611 3230 pro
676 3176 782 3230 quo
825 3162 1217 3216 contendebant
1269 3163 1515 3216 amittere
1591 3163 1834 3227 mallent,
1892 3163 2066 3216 locum

516 3268 670 3308 suum
703 3254 1026 3308 retinebunt.
1055 3251 1110 3306 Si
1135 3253 1253 3320 quis
1276 3263 1452 3306 autem
1475 3253 1540 3306 ab
1559 3253 1825 3321 episcopis
1850 3267 2069 3305 accusa-

515 3354 600 3397 tus
624 3352 676 3397 ct
701 3343 1109 3406 condemnatus,
1135 3343 1199 3395 ad
1225 3343 1453 3410 majores
1490 3341 1881 3396 ecclesiasticos
1925 3341 2070 3408 judi-

512 3447 603 3485 ces
643 3431 1026 3499 appellaverit,
1093 3445 1388 3499 eorumque
1448 3432 1769 3486 sententiam
1826 3440 2070 3484 evertere

513 3519 764 3585 potuerit,
824 3520 1024 3573 nullam
1081 3521 1179 3574 hoc
1217 3521 1322 3573 illis
1355 3520 1625 3590 judicibus
1680 3519 2068 3572 ecclesiasticis

509 3622 735 3674 quorum
788 3608 1053 3661 sententia
1105 3609 1382 3672 evertitur,
1439 3623 1629 3662 noxam
1679 3605 1915 3672 aﬂ'erret,
1965 3606 2066 3660 nisi

511 3697 736 3753 forsitan
766 3708 984 3767 propter
1012 3699 1214 3762 odium,
1251 3707 1343 3752 aut
1374 3700 1695 3766 passionem,
1725 3701 1805 3751 vel
1836 3697 2064 3767 gratiam

511 3790 742 3858 aliquam
777 3804 897 3844 cum
933 3790 1125 3843 affectu
1161 3791 1481 3844 sententiam
1523 3791 1707 3844 tulisse
1735 3791 2065 3842 conviuean-

509 3888 615 3930 tur.
659 3879 976 3947 Quicunque
1013 3889 1198 3932 autem
1235 3893 1301 3933 ex
1350 3881 1616 3933 accusatis
1666 3878 1934 3945 episcopis
1975 3885 2067 3930 aut

506 3969 743 4034 clericis,
771 3969 1165 4024 ecclesiasticos
1185 3967 1393 4035 judices
1419 3969 1697 4037 elegerint,
1720 3976 1773 4020 et
1799 3968 1864 4020 ab
1889 3966 1952 4019 iis
1977 3966 2066 4033 ju-

508 4058 675 4113 dicari
702 4058 986 4122 voluerint,
1004 4059 1250 4126 quamvis
1271 4068 1456 4113 contra
1481 4059 1758 4126 episcOpos
1785 4067 2065 4112 accusatos

507 4147 782 4202 duodecim
813 4147 1075 4215 episcopis
1109 4149 1213 4200 sint
1250 4148 1550 4214 pauciores,
1603 4156 1791 4202 contra
1828 4147 2058 4217 presby-

505 4248 653 4293 teros
674 4246 848 4292 autem
881 4247 934 4291 et
960 4238 1218 4291 diaconos
1256 4250 1455 4304 septem
1491 4240 1573 4292 vel
1610 4240 1770 4292 etiam
1805 4248 2057 4306 quatuor,

505 4327 953 4395 quemadmodum
988 4335 1043 4380 et
1085 4327 1136 4380 in
1190 4327 1507 4382 duodecimo
1540 4329 1821 4395 praesentis
1870 4327 2056 4397 synodi

503 4431 713 4469 canone
745 4416 1082 4484 scripsimus,
1123 4412 1470 4471 condemnati
1500 4432 1601 4470 non
1637 4419 1832 4471 debent
1866 4426 2054 4472 contra

503 4506 761 4574 judicium
797 4521 980 4561 eorum
1026 4506 1333 4575 appellare:
1371 4508 1660 4575 appellatio
1688 4508 1829 4562 enim
1861 4507 2060 4577 judicis

507 4595 767 4649 inscitiam
804 4597 889 4649 vel
923 4595 1237 4663 injustitiam
1286 4598 1528 4665 corrigit.
1550 4595 1830 4662 Quomodo
1856 4598 2059 4664 itaque,

505 4684 596 4751 qui
622 4684 830 4752 judices
857 4684 1248 4739 ecclesiasticos
1273 4686 1454 4752 elegit,
1479 4701 1613 4755 quos
1637 4696 1691 4739 et
1720 4701 1968 4740 sermone
2004 4696 2060 4740 et

505 4774 613 4827 vita
662 4774 962 4844 ineulpatos
996 4789 1115 4830 esse
1136 4773 1418 4844 judicavit,
1450 4777 1633 4831 dicens
1660 4793 1717 4832 se
1744 4777 2061 4845 insipienter

506 4872 561 4917 et
591 4862 787 4931 injuste
810 4864 876 4918 ab
899 4863 966 4918 iis
988 4863 1237 4932 judicari,
1270 4876 1326 4920 et
1363 4867 1834 4934 reprehensionem
1867 4883 2060 4936 quam-

505 4949 628 5004 dam
683 4949 986 5003 hominibus
1039 4953 1464 5011 sacerdotalibus
1515 4954 1582 5008 ab
1636 4955 1751 5024 ipso
1804 4955 2059 5024 judicatis

508 5040 704 5096 aﬂ‘erre
732 5040 1088 5096 admittatur?

1080 5324 1314 5381 CANON
1342 5326 1484 5382 XVI.

520 5435 537 5468 ι
577 5416 836 5471 Similiter
856 5414 1075 5486 placuit,
1096 5424 1153 5470 ut
1176 5416 1432 5484 episcopi,
1457 5418 1755 5488 presbyteri
1780 5425 1833 5470 et
1852 5417 2061 5470 diaconi

589 5525 607 5557 ι
657 5508 1012 5561 conductores
1049 5506 1133 5561 vel
1177 5517 1552 5574 procuratores
1595 5523 1700 5562 non
1733 5508 1910 5574 ﬁant;
1963 5521 2061 5561 nec

589 5615 606 5646 ι
650 5611 714 5650 ex
746 5598 883 5665 turpi
907 5597 1084 5665 aliquo
1106 5598 1187 5651 vel
1209 5597 1297 5651 vili
1323 5598 1534 5668 negotio
1562 5599 1757 5652 victum
1785 5600 1883 5654 sibi
1912 5613 2056 5667 quat-

588 5707 604 5738 ι
661 5695 817 5748 rant;
861 5689 1215 5742 dcbentcnim
1246 5692 1308 5743 ad
1334 5689 1385 5744 id
1409 5690 1550 5757 quod
1592 5691 1847 5758 scriptum
1871 5701 1953 5745 cst
1974 5705 2059 5744 re-

2085 4375 2139 4434 D

2175 3179 2431 3250 φρονοῦσι
2480 3178 2580 3246 τῆς
2611 3177 2972 3238 δικαιώσεως,
3005 3177 3098 3227 καὶ
3150 3175 3415 3227 ἀπολέσαι
3447 3173 3736 3242 αἱροῦνται

2170 3271 2232 3323 τὸ
2271 3272 2347 3331 εἰς,
2388 3269 2416 3320 ὃ
2469 3268 2750 3337 ἐνίκησαν,
2811 3267 2904 3319 τὸν
2941 3267 3140 3318 οἰκεῖον
3191 3265 3354 3316 τόπον
3385 3265 3732 3328 καθέξουσιν.

2169 3362 2232 3415 Εἰ
2269 3361 2326 3414 δέ
2351 3377 2434 3421 τις
2466 3359 2617 3425 παρᾶ
2651 3358 2962 3410 ἐπισκόπων
3019 3355 3251 3425 κριθεὶς,
3309 3357 3402 3408 καὶ
3437 3357 3739 3408 καταδικα-

2171 3451 2340 3512 σθεὶς,
2386 3449 2519 3518 πρὸς
2556 3449 2806 3517 μείζονας
2839 3447 3325 3513 ἐκκλησιαστικοὺς
3351 3447 3607 3505 δικαστὰς
3632 3448 3736 3496 ἐκ-

2169 3541 2487 3605 καλέσηται,
2513 3539 2607 3589 καὶ
2642 3537 2944 3604 ἀνατρέψαι
3009 3536 3216 3604 ἰσχύσει
3247 3537 3345 3603 τὴν
3399 3535 3577 3602 ψῆφον
3632 3536 3739 3587 αύ-

2167 3632 2273 3682 τῶν
2293 3647 2305 3660 ·
2341 3628 2595 3696 οὐδεμίαν
2626 3625 2829 3695 βλάόην
2883 3625 3042 3677 τοῦτο
3074 3626 3266 3689 ἐπάξει
3293 3626 3406 3678 τοῖς
3431 3623 3736 3690 ἐκκλησια-

2171 3719 2370 3778 στικοῖς
2397 3716 2678 3776 δικασταῖς
2716 3713 2966 3775 ἐκείνοις,
3001 3705 3075 3765 ὧν
3108 3715 3140 3776 ὴ
3184 3712 3460 3778 ἀπόφασις
3490 3709 3734 3775 ἀνατρέ-

2168 3823 2326 3858 πεται
2351 3821 2363 3835 ·
2389 3805 2437 3856 εἰ
2461 3805 2532 3872 τιή
2554 3819 2654 3855 που
2677 3804 2818 3854 κατὰ
2857 3801 3078 3870 ἔχθραν,
3101 3802 3132 3870 ἢ
3153 3801 3294 3854 κατὰ
3323 3799 3731 3870 προσπάθειαν,

2167 3899 2199 3968 ἢ
2231 3898 2371 3948 κατά
2395 3912 2517 3946 τινα
2543 3894 2701 3963 χάριν
2729 3892 3138 3960 ἀπελεγχθῶσιν
3171 3891 3435 3955 ἐμπαθῶς
3475 3891 3570 3957 τὴν
3597 3888 3730 3958 κρί-

2167 4003 2250 4038 σιν
2269 3985 2618 4053 ποιήσασθαι.
2641 3985 2794 4035 Ὅσοι
2815 3982 2871 4033 δέ
2895 3981 3004 4034 τῶν
3025 3981 3364 4049 αἰτιωμένων
3385 3981 3728 4039 ἐπισκόπων.

2165 4077 2198 4146 ἢ
2233 4074 2532 4144 κληρικῶν,
2557 4071 2897 4134 ἐπιλέξονται
2926 4072 3417 4134 ἐκκλησιαστικοὺς
3442 4071 3731 4132 δικαστὰς,

2165 4170 2258 4220 καὶ
2290 4167 2416 4234 παρ’
2468 4165 2654 4225 αὐτοῖς
2695 4161 2950 4232 κριθῆναι
2999 4161 3312 4227 θελήσουσι,
3370 4161 3472 4212 κᾶν
3503 4162 3733 4228 ἥττονες

2163 4259 2254 4310 ἐπὶ
2282 4258 2379 4325 μέν
2425 4255 2736 4307 ἐπισκόπων
2792 4253 3324 4321 κατηγορουμένων,
3376 4251 3486 4302 τῶν
3520 4251 3730 4304 δώδεκα

2165 4348 2478 4400 ἐπισκόπων
2508 4339 2660 4405 ὦσιν,
2682 4344 2774 4395 ἐπὶ
2801 4343 2858 4394 δέ
2888 4343 3296 4412 πρεσϐυτέρων,
3320 4343 3414 4393 καὶ
3436 4340 3724 4405 διακόνων,

2165 4439 2272 4491 τῶν
2297 4437 2454 4498 emat,
2487 4437 2518 4505 ἢ
2544 4436 2637 4488 καὶ
2666 4434 2970 4501 τεσσάρων,
3005 4433 3185 4494 καθὼς
3218 4434 3274 4483 ἐν
3323 4432 3400 4498 τῷ
3430 4432 3731 4499 δωδεκάτῳ

2167 4530 2351 4582 κανόνι
2379 4529 2475 4596 τῆς
2498 4525 2784 4595 παρούσης
2827 4525 3045 4578 συνόδου
3074 4523 3414 4592 ἐγράψαμεν,
3454 4524 3553 4574 οὐκ
3579 4523 3732 4590 ὀφεί-

2167 4621 2318 4673 λουσι
2349 4617 2857 4679 καταδικασθέντες·
2903 4614 3251 4666 ἐκκαλεῖσθαι
3306 4613 3446 4665 κατά
3473 4616 3569 4680 τῆς
3603 4612 3731 4681 κρί-

2169 4727 2306 4771 σεως
2332 4707 2530 4762 αὐτῶν.
2583 4706 2648 4758 Ἦ
2679 4706 2786 4773 γάρ
2833 4703 3095 4771 ἔκκλητος
3151 4701 3406 4770 ἀπειρίαν
3436 4702 3469 4770 ἢ
3511 4701 3729 4753 ἀδικίαν

2171 4796 2565 4866 ἐπανορθοῦται
2593 4795 2686 4846 τοῦ
2724 4791 3004 4846 δικαστοῦ.
3035 4793 3160 4854 Πῶς
3182 4791 3313 4857 γοῦν
3344 4792 3372 4843 ὁ
3410 4791 3732 4858 ἐπιλεξάμε-

2170 4903 2257 4946 νος
2280 4883 2763 4952 ἐκκλησιαστικοὺς
2789 4882 3072 4943 δικαστὰς,
3104 4879 3197 4943 οὒς
3228 4881 3320 4933 καὶ
3348 4880 3489 4932 κατὰ
3544 4880 3724 4947 λόγον,

2169 4977 2260 5028 καὶ
2308 4973 2450 5027 κατὰ
2478 4972 2598 5040 βίαν
2627 4971 3025 5038 ἀνεπιλήπτους
3055 4971 3271 5039 ἔκρινεν
3303 4965 3462 5033 εἶναι,
3489 4971 3726 5038 παραδε-

2167 5060 2452 5129 χθήεεται,
2489 5058 2684 5124 λέγων,
2720 5058 2959 5126 ἀπείρως
2987 5057 3018 5126 ἢ
3043 5057 3240 5118 ἀδίκως
3276 5056 3367 5107 ὑπ’
3402 5055 3583 5108 αὐτῶν
3607 5073 3720 5125 κρι-

2168 5151 2342 5218 θῆναι,
2373 5150 2466 5201 καί
2498 5150 2655 5200 οἱονεί
2685 5165 2806 5201 τινα
2849 5148 3054 5214 μέμψιν
3083 5148 3194 5207 τοῖς
3227 5148 3360 5214 παρ’
3387 5146 3551 5199 αὐτοῦ
3579 5147 3722 5198 οίον-

2167 5243 2215 5293 εὶ
2245 5240 2511 5310 κριθεῖσιν
2543 5240 2836 5307 ἱερατικοῖς
2861 5239 3085 5301 ἐπάγειν
3108 5236 3385 5304 ἀνδράσιν.

2754 5325 2987 5378 ΚΑΝΩΝ
3017 5326 3134 5391 ις’.

2174 5439 2192 5470 ι
2243 5421 2474 5489 Ὁμοίως
2497 5421 2710 5488 ἤρεσεν,
2750 5419 2838 5469 ἴνα
2871 5418 3162 5469 ἐπεσκοποι
3219 5419 3313 5469 καὶ
3359 5418 3720 5489 πρεσϐύτεροι

2247 5531 2262 5560 ι
2302 5513 2394 5564 καὶ
2425 5512 2658 5564 διάκονοι
2689 5507 3020 5576 ἐκλήπτορες
3050 5509 3121 5574 μὴ
3150 5509 3406 5573 γίνωνται
3430 5511 3462 5577 ἡ
3489 5526 3726 5577 προκου-

2243 5622 2257 5650 ι
2303 5600 2544 5669 ράτορες,
2574 5598 2706 5666 μηδέ
2752 5596 2815 5647 ἔκ
2847 5615 2986 5657 τινος
3016 5598 3240 5665 αἰσχροῦ
3272 5598 3304 5666 ἢ
3336 5597 3534 5666 ἀτίμου
3576 5597 3722 5665 πρά·-

2246 5712 2262 5741 ι
2302 5707 2508 5759 γματος
2539 5686 2743 5759 τροφὴν
2777 5687 3134 5756 πορίζωννται·
3156 5687 3423 5754 ὀφείλουσι
3457 5687 3560 5756 γὰρ
3583 5687 3721 5741 ἀπο-
