3982 6440
159 349 226 412 85
1221 362 1304 422 ΙΝ
1336 360 1496 421 CAN.
1541 360 1670 418 XVI
1714 359 1916 422 Ct'lNC.
1960 367 2330 428 CAll'l'llM}.
3308 369 3375 429 86

226 483 244 514 ι
286 466 485 534 ϐλέψαι
512 470 590 530 είς
624 469 682 520 οδ
715 473 1128 540 γεγραμμένων
1173 471 1379 534 Οὐδείς
1399 472 1710 538 στροτευό-
1744 471 1786 526 Α

227 575 244 603 σ
274 573 464 623 μενος
507 559 588 621 τῷ
621 558 745 623 Θεῷ
771 562 1132 628 ἐμπλέκεται
1168 563 1386 614 ἐιιυτεν
1414 562 1716 627 πράγμασι

228 665 244 692 ι
283 647 615 713 χθαμαλοῖς·
659 650 750 701 καὶ
776 650 921 701 ὥστε
965 653 1090 713 τοὺς
1118 651 1476 718 ἀναγνώστας
1509 653 1588 711 είς
1624 654 1716 700 τὸν

229 753 246 782 ι
287 737 487 802 καιρὸν
534 739 628 806 τῆς
677 739 822 807 ἥϐης
874 741 1202 809 ἐρχομένους
1250 741 1712 808 ἀναγκάζεσθατῆ

231 841 250 868 α
293 825 564 891 συμῦίους
600 829 925 896 ἀγαγέσθαι.
963 831 996 899 ἢ
1039 833 1365 900 ἐγκράτειαν
1410 830 1713 898 ὁμολογεῖν.

231 933 245 960 ι
299 913 538 979 Ὁμοίως
558 918 775 986 ἧρεσεν,
811 920 898 971 ἵνα
922 920 1202 990 κληρικὺς,
1228 921 1323 973 ἐὰν
1355 920 1614 990 χρήματα
1643 918 1717 986 δῷ

230 1020 248 1049 ι
289 1003 604 1073 ἐν.χρήσει,
636 1008 704 1058 τά
738 1010 1002 1077 χρήματα
1035 1011 1173 1082 λάϐῃ
1194 1028 1209 1043 ·
1267 1013 1361 1064 ἐὰν
1402 1006 1565 1074 εἶδος,
1595 1012 1722 1064 ὅσον

232 1111 252 1142 ι
294 1094 492 1147 δέδωκε
531 1097 688 1167 λάῦῃ.
743 1101 851 1153 Καὶ
902 1101 990 1154 ἵνα
1033 1102 1141 1173 πρὸ
1193 1103 1301 1156 τῶν
1373 1103 1716 1156 εἰκοσιπέντε

227 1202 248 1232 c
287 1186 550 1238 ἐνιαυτῶν
597 1190 730 1257 μήτε
769 1191 1006 1244 διάκονοι
1047 1195 1485 1262 χειροτονῶνται.
1559 1194 1719 1247 Ἀλλά

225 1297 256 1322 ι
293 1277 389 1326 καὶ
415 1279 460 1327 οἱ
495 1279 842 1345 ἀναγνώσεται
869 1283 960 1334 τὸν
989 1283 1159 1352 δῆμον
1186 1285 1260 1353 μὴ
1279 1286 1714 1354 προσκυνῶσιν.)

221 1365 409 1418 ΒΑΛΣ
451 1368 586 1436 Περὶ
615 1371 710 1437 μὲν
735 1372 844 1424 τῶν
874 1372 1152 1443 κληρικῶν
1177 1375 1284 1427 τῶν
1309 1375 1724 1442 παρεμὸαλλόν-

151 1473 260 1506 των
297 1459 529 1519 ἑαυτοὺς
551 1461 629 1520 είς
653 1462 929 1527 κοσμικὰς
983 1465 1263 1534 ἐνεργείας
1293 1465 1614 1534 ἐγράψαμεν
1642 1467 1722 1528 είς

152 1546 208 1596 τὺ
238 1553 308 1610 ιγ’
336 1562 464 1610 κεφ.
496 1547 589 1598 τοῦ
618 1548 665 1616 η’
696 1551 876 1602 τίτλου
901 1551 996 1604 τοῦ
1019 1553 1282 1622 παρόντος
1319 1553 1718 1622 συντάγματος,

153 1635 231 1692 εἰς
257 1636 352 1687 τὸν
390 1638 443 1701 ς’
471 1642 564 1690 καὶ
599 1639 690 1706 «cf
723 1643 1078 1696 άποστολικδν
1108 1645 1327 1706 κανόνα,
1359 1645 1451 1696 καὶ
1505 1645 1587 1705 είς
1633 1643 1723 1695 τὸν

154 1723 200 1790 γ’
230 1727 440 1779 κανόνα
455 1729 553 1797 τῆς
584 1730 626 1781 δ’
646 1733 865 1784 συνόδου
886 1748 900 1763 ³
930 1735 1022 1785 καὶ
1044 1735 1316 1800 ἀνάγνωθι
1343 1735 1583 1797 τούτους.
1604 1737 1720 1788 Καε-

155 1817 607 1885 ταστρωθήσεται
640 1821 696 1874 δὲ
718 1824 799 1884 είς
823 1823 922 1892 τὴν
944 1823 1219 1892 παροῦσαν
1243 1825 1539 1892 ἑρμηνείαν
1574 1826 1668 1877 καὶ
1689 1827 1721 1894 ή

154 1907 298 1958 κατά
326 1910 427 1976 τὴν
449 1908 499 1977 η’
520 1911 613 1962 τοῦ
636 1914 972 1981 Δεκεμϐρίου
998 1915 1164 1981 μηνὸς
1194 1915 1292 1981 τῆς
1320 1914 1371 1979 ς’
1397 1915 1724 1977 ίνδικτιῶνος

155 2004 428 2071 γενομένη
465 2005 712 2073 συνοδικὴ
735 2009 1035 2076 σημείωσις
1061 2010 1140 2070 είς
1173 2009 1270 2076 τὴν
1297 2009 1605 2077 ἐφημερίαν
1629 2007 1723 2060 τοῦ

153 2095 468 2157 άγιωτάτου
497 2097 703 2150 ἐκείνου
727 2099 1067 2169 πατριάρχου
1103 2101 1292 2171 κυρίου
1327 2101 1586 2168 Λουκᾶ,ἡ
1633 2103 1725 2151 καὶ

154 2184 323 2250 τόμου
355 2185 516 2249 τάξιν
548 2188 839 2256 ἐπέχουσα.
904 2189 1172 2252 Ὡσαύτως
1222 2193 1315 2243 καὶ
1357 2192 1388 2258 ἡ
1424 2191 1726 2258 σημείωσις

154 2273 245 2324 τοῦ
271 2275 582 2340 άγιωτάτου
604 2277 813 2329 ἐκείνου
850 2279 1191 2348 πατριάρχου
1233 2279 1403 2349 κυροῦ
1446 2280 1720 2345 Ἰωάννου,

156 2360 186 2426 ἡ
223 2362 501 2429 γενομένη
549 2365 710 2432 χάριν
738 2363 834 2416 τοῦ
869 2370 942 2433 μὴ
971 2369 1285 2436 συνηγορεῖν
1333 2368 1458 2430 τοὺς
1494 2369 1726 2438 ιερωμέ-

154 2467 299 2511 νους.
332 2452 442 2503 Καὶ
468 2454 502 2521 ἡ
525 2452 754 2521 δύναμις
781 2453 876 2506 τοῦ
903 2440 1283 2525 σημειώματος
1303 2456 1397 2510 τοῦ
1421 2458 1726 2524 ἁγιωτάτου

160 2544 507 2611 πατριάρχου
538 2546 711 2615 κυροῦ
747 2545 966 2617 Μιχαὴλ
997 2546 1090 2598 τοῦ
1147 2547 1356 2600 ὑπάτου
1384 2547 1490 2598 τῶν
1522 2546 1730 2614 φιλοσό-

158 2652 292 2700 φων,
318 2639 353 2704 ἠ
384 2637 633 2703 προόᾶσα
658 2640 819 2707 χάριν
843 2640 938 2691 τοῦ
961 2640 1152 2704 ἐπίσης
1174 2639 1249 2708 τῷ
1271 2639 1502 2705 διακόνῳ
1537 2638 1631 2690 καὶ
1653 2638 1728 2706 τῷ

160 2730 297 2796 lapsi
329 2728 638 2781 κωλύεσθαι
692 2733 788 2782 καὶ
843 2731 938 2784 τὸν
969 2728 1318 2798 ἀναγνώστην
1364 2731 1428 2782 ἐκ
1458 2731 1558 2797 τῆς
1582 2731 1731 2794 ἐνερ-

160 2818 310 2884 γείας
344 2819 456 2869 τῶν
483 2818 763 2887 κοσμικῶν
811 2820 1100 2887 ὸφφικίων.
1167 2819 1317 2872 Ἐπεὶ
1354 2819 1411 2870 δὲ
1468 2820 1496 2869 ὁ
1541 2816 1731 2883 παρὼν

159 2909 335 2960 κανὼν
357 2909 674 2976 διορίζεται,
707 2909 784 2978 μὴ
810 2909 1128 2979 πορίζεσθαι
1159 2911 1285 2970 τοὺς
1310 2908 1639 2977 ἱερωμένους
1662 2906 1729 2957 τά

159 3001 290 3068 κρδς
323 3000 534 3068 τροφὴν
558 2999 668 3052 άπὸ
699 2999 1044 3067 πραγμάτων
1082 2997 1322 3067 αἰσχρῶν
1365 2999 1460 3049 καὶ
1488 2996 1727 3062 ἀτίμων,

1892 493 1910 525 ¢
1959 477 2187 545 spicere,
2219 479 2376 532 Nemo
2430 480 2532 532 Deo
2563 479 2799 533 militum;
2853 483 3081 548 scipsum
3137 481 3369 548 implicat

1898 584 1916 615 ι
1957 567 2294 621 secutoribus
2361 572 2579 639 negotiis
2625 572 2709 634 "',
2766 582 2840 634 et,
2897 581 2954 622 ut
3021 571 3248 624 lectores
3307 572 3370 619 ad

1902 673 1922 705 ι
1966 657 2259 724 pubertatis
2287 667 2492 726 tempus
2519 661 2794 713 venientes
2813 670 3092 728 cogantur.
3127 661 3206 710 vel
3239 674 3373 712 uxo-

1898 763 1915 793 ι
1959 760 2051 798 res
2102 747 2319 809 ducere,
2353 748 2432 802 vel
2466 748 2852 802 continentiam
2878 748 3140 814 proliteri.
3170 746 3373 798 Simili-

1889 853 1908 884 ‹
1956 844 2040 889 ter
2067 836 2284 904 placuit,
2334 847 2390 891 ut
2420 840 2464 890 si
2490 838 2722 892 clericus
2758 846 2970 890 mutuas
2995 836 3249 902 pecunias
3287 835 3376 887 de-

1900 946 1918 977 ι
1959 927 2132 992 derit,
2177 930 2432 997 pecunias
2488 928 2752 996 accipiat:
2782 927 2866 982 sin
2914 937 3088 980 autem
3119 925 3373 994 speciem,

1893 1038 1910 1069 ι
1957 1028 2215 1087 quantum
2263 1021 2466 1075 dederit
2521 1019 2768 1088 accipiat.
2796 1019 2860 1070 Et
2894 1027 2950 1072 ut
2977 1026 3104 1071 ante
3139 1017 3376 1083 quinque

1898 1127 1916 1160 ‹
1954 1118 2008 1163 et
2061 1108 2249 1177 viginti
2284 1125 2452 1165 annos
2497 1109 2706 1164 diaconi
2738 1123 2844 1162 non
2893 1108 3230 1160 ordinentur.
3270 1104 3376 1157 Sed

1901 1217 1916 1249 ι
1955 1205 2008 1252 et
2064 1196 2291 1254 lectores
2330 1199 2583 1268 populum
2616 1212 2721 1252 non
2750 1197 3001 1251 salutent.
3047 1213 3064 1245 ι

1893 1372 2086 1428 BALS.
2120 1373 2197 1428 De
2244 1375 2456 1428 clericis
2487 1373 2728 1442 quidem.
2771 1370 2859 1439 qui
2899 1384 2957 1424 se
3015 1369 3242 1439 negotiis
3274 1381 3375 1419 sa:-

1821 1465 2091 1519 cnlaribus
2117 1467 2388 1531 ingerunt,
2417 1464 2732 1532 scripsimus
2764 1463 2817 1515 in
2851 1461 3058 1515 decimo
3091 1458 3248 1511 tertio
3283 1471 3377 1508 ca-

1823 1557 1932 1625 pite
1951 1557 2125 1611 octavi
2161 1556 2296 1610 tituli
2324 1556 2603 1624 praesentis
2632 1553 2810 1621 operis
2836 1569 2851 1617 ;
2883 1553 2934 1603 in
2957 1559 3110 1604 sexto
3139 1558 3193 1604 et
3229 1557 3381 1601 octo-

1823 1648 2030 1717 gesimo
2059 1647 2216 1700 tertio
2243 1660 2448 1700 canone
2489 1645 2806 1712 apostolico,
2835 1650 2888 1695 et
2913 1644 2963 1695 in
2993 1641 3153 1695 tertio
3179 1652 3384 1693 c:mone

1826 1750 2035 1807 quartae
2064 1739 2275 1808 synodi,
2295 1747 2348 1791 ct
2382 1738 2497 1805 lege
2526 1752 2640 1790 eos.
2679 1739 2734 1788 ln
2801 1734 3049 1800 praesenti
3085 1740 3262 1784 autem
3304 1729 3384 1780 in-

1830 1829 2211 1896 terpretatione
2233 1837 2456 1896 ponetur
2487 1835 2543 1881 et
2567 1841 2685 1895 quze
2708 1837 2896 1878 octavo
2927 1823 3126 1876 mensis
3165 1819 3387 1872 Decem-

1828 1922 1937 1974 bris
1970 1933 2120 1973 seXta
2156 1918 2447 1973 indictione
2475 1918 2614 1971 facta
2655 1924 2737 1970 est
2765 1912 3036 1984 synodalia
3069 1909 3385 1966 declaratio.

1830 2019 2069 2076 tempore
2101 2007 2428 2062 sanctissimi
2464 2006 2788 2076 patriarchae
2817 2001 3019 2055 domini
3052 1998 3232 2060 Lucae,
3266 2010 3386 2065 qum

1827 2099 1988 2153 etiam
2014 2097 2301 2152 decisionis
2323 2097 2495 2150 locum
2523 2095 2750 2150 obtinet.
2779 2091 3044 2146 Similiter
3076 2096 3128 2141 et
3153 2087 3390 2156 promul—

1827 2189 1966 2256 gatio
1985 2189 2300 2256 patriarchae
2324 2188 2465 2242 illius
2485 2185 2682 2240 domini
2703 2182 2950 2246 Joannis,
2983 2195 3100 2248 qua:
3120 2179 3262 2231 facta
3285 2189 3389 2240 esu,

1829 2280 1990 2350 536
2016 2295 2080 2332 ne
2109 2293 2302 2332 causas
2329 2286 2549 2348 agerent
2580 2275 2670 2345 qui
2705 2273 2878 2329 sacris
2906 2272 3102 2326 initiati
3133 2278 3280 2322 sunt.
3320 2267 3383 2319 Et

1822 2372 1909 2436 jus
1937 2367 2098 2421 edicti
2131 2364 2816 2433 sanctissimi'patriarchae
2855 2359 3058 2414 domini
3104 2355 3385 2411 Michaelis

1829 2459 2270 2528 philosophorum
2321 2456 2538 2520 summi,
2580 2454 2721 2524 quod
2759 2451 2979 2521 prodiit,
3021 2457 3077 2500 nt
3104 2461 3274 2514 atque,
3327 2460 3394 2497 ac

1829 2552 2087 2604 diaconus
2125 2559 2176 2603 et
2201 2548 2471 2612 sacerdos,
2532 2546 2696 2600 lector
2757 2556 2967 2610 quoque
3018 2537 3395 2608 prohiberetur

1829 2643 1896 2696 ab
1927 2640 2243 2696 exercendis
2269 2637 2616 2693 saecularibus
2643 2633 2851 2688 olllciis.
2899 2630 3160 2696 Quoniam
3214 2635 3389 2678 antem

1831 2747 2067 2802 praesens
2105 2745 2277 2785 canon
2307 2729 2515 2791 statuit,
2571 2743 2635 2781 ne
2666 2727 2756 2794 qui
2801 2734 2927 2778 sunt
2959 2720 3154 2775 sacrati
3191 2719 3389 2770 victum

1831 2831 2068 2890 quaerant
2105 2835 2172 2874 ex
2196 2821 2353 2874 rebus
2393 2818 2636 2886 turpibus
2667 2825 2718 2868 et
2743 2814 2968 2877 vilibus,
3011 2825 3154 2877 saepe
3187 2806 3390 2876 qnzesi-

1834 2927 1945 2969 tum
1977 2923 2078 2978 est,
2103 2927 2347 2981 quamam
2386 2911 2490 2964 sint
2511 2923 2605 2962 eae.
2640 2907 2704 2960 Et
2731 2904 2966 2958 nonnulli
2997 2902 3210 2970 quidem
3244 2897 3396 2950 dixe-

1835 3015 1960 3058 runt
1987 3019 2082 3058 eas
2115 3017 2260 3063 esse.
2303 3001 2554 3054 lenonem
2600 3011 2719 3051 esse
2747 3010 2810 3047 ac
2860 2991 3174 3045 meretrices
3228 2986 3392 3048 alere,

161 3088 396 3157 ἐζητήθη
438 3088 700 3150 πολλάκις
737 3091 867 3140 ποῖα
911 3087 1085 3140 ταῦτά
1109 3091 1237 3140 εἰσι.
1293 3086 1402 3139 Καί
1451 3101 1599 3145 τινες
1633 3083 1726 3152 μὲν

1831 3097 2230 3167 cauponatorite
2253 3095 2488 3148 tabernae
2512 3105 2764 3160 praeesse,
2800 3097 2856 3142 et
2890 3086 3107 3140 similia.
3143 3081 3386 3137 Sanctis-

159 3176 308 3232 εἷπον
333 3177 681 3232 εἷναιταῦτα
726 3179 789 3230 τὸ
838 3178 1241 3247 πορνοϐοσκεῖν,
1301 3179 1360 3229 τὸ
1415 3173 1724 3244 καπηλικοῦ

161 3269 524 3339 ἐργαστηρίου
555 3268 947 3338 προΐστασθαι,
987 3268 1082 3322 καὶ
1106 3269 1174 3320 τὰ
1198 3271 1360 3336 ὃμοια
1384 3283 1396 3298 ·
1425 3269 1450 3318 ό
1475 3267 1529 3318 δὲ
1555 3265 1724 3331 άγιώ-

161 3378 314 3422 τατος
344 3362 694 3430 πατριάρχης
743 3358 907 3425 κυρὺς
936 3359 1147 3418 Λουκᾶς
1183 3358 1276 3410 καὶ
1321 3356 1388 3408 τά
1447 3355 1724 3422 μυρεψικά

163 3450 498 3518 ἐργαστήρια
557 3451 651 3502 καὶ
703 3449 773 3500 τά
842 3447 1096 3516 βαλανεῖα
1170 3444 1531 3514 αίσχροκερδῆ
1584 3438 1724 3495 εἶναι

163 3541 366 3605 ἐλεγεν,
404 3540 483 3600 ὡς
504 3539 599 3591 καὶ
617 3539 851 3607 ψεύδους
893 3538 1178 3605 παραίτια.
1211 3535 1353 3587 Ἀλλ’
1385 3533 1505 3586 οὐδὲ
1532 3534 1725 3601 ὀιρχιοι⁴

162 3631 318 3696 τροὺς
363 3628 677 3698 παρεχώρει
728 3628 970 3697 γίνεσθαι
1003 3629 1127 3689 τοὺς
1171 3627 1451 3688 διακόνους
1507 3625 1540 3692 ἢ
1595 3625 1724 3686 τοὺς

169 3722 346 3788 ἱερεῖς,
381 3721 558 3784 λέγων
588 3721 906 3773 άνένδεκτον
950 3713 1089 3772 εἶναι
1116 3719 1240 3778 τοὺς
1268 3717 1404 3786 μετὰ
1435 3715 1726 3784 φαινολίων

167 3815 254 3864 καὶ
275 3813 572 3881 στιχαρίων
591 3814 662 3864 τά
683 3814 815 3879 ἅγια
868 3810 1421 3880 μεταχειριζομένους
1450 3807 1724 3874 κοσμικὰς

167 3903 351 3961 στολάς
383 3900 810 3962 ἐνδιδύσκεσθαι,
837 3901 929 3950 καὶ
963 3897 1100 3966 μετὰ
1131 3897 1337 3948 λαῖκῶν
1372 3895 1599 3961 ἀνδρῶν,
1620 3894 1727 3945 τῶν

168 3992 360 4059 ἰατρῶν
387 3991 617 4060 δηλαδὴ,
642 3988 1078 4060 προπομπεύειν.
1119 3987 1242 4039 Ἐπὶ
1268 3987 1481 4046 τούτοις
1503 4000 1727 4052 νενομο-

167 4083 381 4148 υὲτηται
413 4082 568 4147 παρᾶ
595 4079 706 4129 τῶν
735 4078 905 4137 ἁγίων
932 4077 1194 4146 Πατέρων
1221 4076 1344 4136 τοὺς
1375 4072 1725 4139 ἀναγνώστας

169 4175 220 4224 ἐν
241 4173 318 4239 τῷ
350 4171 529 4240 καιρῷ
557 4172 656 4238 τῆς
683 4168 826 4237 ἥϐης
852 4169 990 4235 μετὰ
1013 4169 1105 4220 τὸν
1139 4166 1197 4219 ιδ’
1220 4165 1465 4218 ἐνιαυτὸν
1487 4163 1728 4230 ἀναγκά-

169 4263 349 4324 ζεσθαι
401 4262 436 4331 ἢ
497 4261 660 4329 γάμῳ
693 4259 948 4328 ὁμιλῆσαι
994 4257 1026 4328 ἢ
1078 4256 1322 4325 ἀγαμίαν
1370 4251 1723 4322 ὑποσχέσθαι.

168 4353 326 4404 Τοῦτο
347 4354 404 4404 δὲ
437 4355 485 4403 εί
516 4352 666 4419 παρὰ
693 4352 803 4409 τοῖς
831 4351 887 4400 ἐν
915 4350 981 4418 τῇ
1025 4348 1256 4416 Ἀφρικῇ
1280 4347 1605 4414 ἐκράτησεν,
1625 4343 1724 4394 οὐκ

1836 3189 2004 3242 simus
2038 3196 2215 3240 autem
2237 3184 2554 3252 patriarcha
2589 3179 2836 3233 dominus
2878 3175 3050 3229 Lucas
3089 3178 3393 3242 unguenta-

1835 3278 1944 3329 rias
1977 3288 2192 3341 quoque
2221 3271 2462 3325 ollicinas
2489 3279 2543 3320 et
2577 3267 2768 3319 balnea
2805 3265 2976 3333 turpis
3009 3277 3126 3316 esse
3149 3270 3390 3329 quaisms

1834 3365 2064 3426 dicebat,
2094 3371 2149 3413 ut
2182 3375 2301 3429 quae
2336 3357 2597 3413 mendacii
2623 3369 2834 3423 quoque
2860 3367 3037 3406 causae
3054 3358 3256 3405 essent.
3286 3345 3389 3400 Sed

1834 3470 1934 3508 nec
1960 3453 2262 3508 archiatros
2294 3450 2408 3504 fieri
2441 3449 2650 3501 sinebat
2675 3447 2934 3499 diaconos
2950 3443 3032 3497 vel
3060 3440 3391 3501 sacerdotes,

1834 3546 2020 3598 dicens
2052 3556 2156 3595 non
2192 3555 2313 3595 esse
2351 3538 2654 3599 ferendum,
2689 3546 2744 3588 ut
2802 3535 2893 3604 qui
2933 3549 3055 3586 cum
3109 3529 3301 3584 infulis
3338 3537 3391 3581 et

1833 3632 2034 3687 casulis
2065 3638 2248 3684 sancta
2314 3636 2575 3692 tractant,
2616 3625 2970 3679 saecularibus
3021 3621 3259 3676 vestibus
3313 3618 3379 3671 in-

1835 3725 2086 3782 duantur,
2111 3728 2166 3773 et
2195 3735 2315 3773 cum
2343 3719 2512 3778 laicis,
2535 3717 2668 3772 viris
2698 3716 2904 3770 scilicet
2949 3713 3194 3777 medicis,
3238 3712 3378 3764 ince-

1836 3815 1980 3868 dant.
2015 3814 2208 3867 Postea
2242 3821 2417 3864 autem
2449 3818 2665 3862 cantum
2699 3817 2781 3861 est
2816 3823 2844 3859 a
2882 3806 3084 3860 sanctis
3117 3802 3388 3863 Patribus.

1837 3917 1894 3956 ut
1924 3904 2157 3956 lectores
2187 3903 2238 3954 in
2267 3911 2510 3968 tempore
2541 3897 2838 3967 pubertatis
2869 3906 2989 3965 post
3009 3908 3208 3948 annum
3229 3907 3394 3960 quar-

1839 4003 1945 4045 tum
1974 3992 2240 4045 decimum
2267 3999 2529 4057 cogantur
2551 3988 2632 4042 vel
2660 3986 3006 4040 matrimonio
3036 3983 3282 4049 conjungi
3314 3983 3393 4035 vel

1834 4083 2141 4137 ccelibatum
2177 4080 2437 4148 proﬁteri.
2471 4081 2550 4132 An
2587 4080 2688 4132 hoc
2717 4087 2895 4131 autem
2934 4077 3070 4143 apud
3103 4074 3394 4128 Africanos

1835 4173 2174 4227 observatum
2210 4169 2301 4234 sit,
2349 4170 2578 4223 nescio:
2621 4168 2714 4221 sed
2769 4168 2905 4235 apud
2957 4166 3088 4218 alias
3125 4164 3397 4218 Ecclesias

1835 4275 1939 4315 non
1970 4269 2234 4313 servatur.
2263 4258 2523 4313 Existimo
2553 4267 2755 4316 autem,
2781 4254 2920 4324 quod
2952 4269 3050 4307 nec
3083 4254 3134 4305 in
3164 4253 3267 4305 ulla
3300 4267 3399 4303 nn-

1833 4362 1990 4416 quam
2031 4347 2248 4414 regione
2281 4348 2381 4400 hoc
2414 4353 2685 4400 servatum
2716 4346 2782 4398 sit
2807 4361 2821 4409 ;
2845 4353 2904 4396 nt
2935 4343 3074 4412 quod
3098 4341 3392 4408 apostolico

167 4439 293 4504 οἴδα,
348 4443 504 4511 παρά
533 4443 590 4494 δὲ
640 4444 760 4502 ταῖς
793 4441 982 4501 ἄλλαις
1034 4437 1354 4506 ἐκκλησίαις
1387 4436 1447 4487 οὐ
1503 4434 1722 4503 κρατεῖ,

1833 4447 1985 4492 sexto
2011 4435 2208 4490 canoni
2238 4436 2574 4500 adversetur,
2605 4434 2696 4501 qni
2754 4431 3017 4494 decernit,
3060 4441 3117 4481 ttt
3162 4430 3395 4482 lectores

168 4532 383 4602 Νομίζω
414 4533 473 4584 δέ
496 4533 579 4583 ὅτι
609 4531 731 4583 οὐδὲ
763 4530 818 4581 ἔν
860 4546 967 4581 τινι
1023 4527 1176 4597 χώρᾳ
1226 4527 1386 4579 τοῦτο
1447 4523 1722 4595 ἐκράτησέ

169 4640 313 4683 ποτε,
343 4623 420 4683 ὡς
470 4620 882 4688 ἐναντιούμενον
928 4618 1005 4687 τῷ
1035 4616 1372 4686 ἁποστολικῷ
1427 4622 1479 4679 ς’
1512 4616 1719 4678 κανόνι,

166 4712 235 4780 τῷ
258 4714 499 4780 ὁρίζοντι
556 4710 907 4778 ἀναγνώστας
959 4707 1052 4760 καὶ
1079 4707 1308 4775 ψάλτας,
1360 4707 1453 4757 καὶ
1490 4706 1628 4766 μετὰ
1662 4705 1721 4757 τὸ

167 4804 238 4864 είς
267 4804 474 4870 κλῆρον
506 4801 811 4869 προελθεῖν,
834 4802 1049 4866 γαμεῖν,
1083 4799 1174 4850 καὶ
1211 4799 1286 4865 μὴ
1322 4797 1513 4864 καιρὸν
1537 4798 1721 4858 αὐτοῖς

166 4895 339 4960 γάμου
399 4891 660 4958 ὁρίζοντι,
712 4891 850 4957 μήτε
901 4890 1230 4958 ἐγκράτειαν
1291 4885 1722 4953 ἐπαγγέλλεσθαι

166 4983 505 5036 ἀπαιτοῦντι.
529 4981 602 5032 Τὸ
631 4980 688 5031 δὲ
720 4973 986 5042 δανείζειν
1031 4979 1156 5040 τοὺς
1186 4978 1482 5046 κληρικοὺς
1524 4977 1616 5026 ἐπὶ
1641 4977 1726 5028 τό-

167 5093 276 5136 κοις
309 5073 498 5125 πολλοὶ
525 5071 748 5131 κανόνες
781 5069 1214 5138 ἀπαγορεύουσι.
1245 5069 1355 5120 Καὶ
1380 5071 1408 5120 ὁ
1452 5069 1644 5138 παρὼν
1672 5069 1726 5120 δὲ

171 5162 341 5214 κανὼν
373 5163 434 5214 οὐ
461 5162 624 5228 μόνον
651 5161 777 5220 τοὺς
807 5158 899 5210 τοῦ
934 5158 1197 5227 βήματος,
1233 5157 1369 5209 ἀλλὰ
1397 5159 1491 5210 καὶ
1521 5157 1728 5218 πάντας

170 5257 286 5317 τοὺς
307 5256 604 5321 κληρικοὺς
638 5253 878 5315 τοκίζειν
925 5251 1221 5322 ἐμποδίζει.
1260 5252 1384 5302 Ὀτι
1413 5251 1468 5303 δὲ
1496 5251 1602 5302 τῶν
1634 5251 1727 5301 τό-

173 5364 275 5397 κων
321 5349 413 5398 ἐπὶ
462 5345 661 5414 δανείῳ
713 5344 1060 5411 νομισμάτων
1113 5343 1412 5411 δεδομένων
1453 5342 1599 5403 εἰκὸς
1654 5337 1724 5409 ἦν

175 5437 339 5488 εἰπεῖν
358 5452 513 5497 τινας
542 5433 705 5485 τοῦτο
737 5433 835 5501 μὲν
867 5429 1005 5484 εἷναι
1032 5432 1431 5499 κεκωλυμένον,
1477 5432 1537 5481 τὸ
1567 5431 1622 5481 δὲ
1653 5429 1727 5480 δι-

177 5523 311 5575 rio-tat
333 5526 478 5577 σῖτον
518 5526 550 5592 ἦ
574 5524 767 5591 ἓτερον
790 5519 944 5585 εἶδος,
985 5523 1073 5575 καὶ
1100 5520 1396 5590 λαμϐάνειν
1430 5519 1609 5573 πλεῖον
1633 5521 1724 5571 τοῦ

248 5699 286 5727 ³³
315 5697 449 5751 Tim.
489 5715 548 5762 ιι,
597 5700 648 5752 ιι.

1831 4537 1886 4580 et
1940 4535 2208 4587 cantores,
2270 4525 2432 4576 etiam
2485 4534 2766 4592 postquam
2821 4521 2872 4574 in
2915 4520 3114 4573 clerum
3155 4517 3393 4587 provecti

1833 4618 2056 4681 fuerint,
2092 4630 2292 4670 uxores
2318 4616 2537 4676 ducant,
2566 4624 2619 4667 et
2646 4627 2744 4667 nec
2765 4626 2986 4666 uxorem
3006 4610 3232 4664 ducendi
3258 4620 3394 4661 tem-

1831 4724 1930 4777 pus
1959 4707 2164 4768 deﬁnit,
2205 4719 2323 4769 nec,
2350 4714 2409 4758 ut
2442 4704 2832 4757 continentiam
2865 4701 3242 4770 proﬁteantur,
3275 4699 3391 4752 exi-

1833 4801 1931 4867 git.
1963 4799 2103 4852 Dare
2126 4807 2302 4851 autem
2325 4797 2606 4864 pecuniam
2627 4804 2868 4848 mutuam
2894 4794 2956 4845 ad
2982 4806 3201 4843 usuram
3236 4789 3387 4841 mnlti

1827 4903 2065 4944 canones
2094 4885 2305 4940 clericis
2335 4886 2643 4954 prohibent.
2673 4885 2920 4939 Praesens
2942 4894 3156 4948 quoque
3190 4893 3388 4937 canon,

1829 4994 1934 5033 non
1966 4978 2138 5032 solum
2166 4991 2262 5031 eos
2293 4978 2382 5043 qui
2435 4983 2563 5028 sunt
2601 4988 2632 5026 e
2668 4972 2942 5035 tribunali,
2969 4971 3061 5024 sed
3098 4981 3149 5022 et
3201 4981 3392 5020 omnes

1829 5070 2055 5122 clericos
2089 5065 2326 5120 fenerari
2359 5065 2629 5134 prohibet.
2660 5062 2794 5128 Quia
2829 5071 3030 5121 autem,
3060 5073 3181 5113 cum
3212 5071 3389 5109 usura:

1829 5159 2094 5212 dabantur
2122 5157 2193 5209 ob
2229 5155 2482 5224 pecunias
2512 5162 2698 5206 mutuo
2726 5152 2898 5214 datas,
2932 5147 3225 5202 verisimile
3271 5153 3390 5197 erat

1832 5248 2012 5302 dicere
2048 5248 2256 5315 aliquos
2288 5248 2390 5300 hoc
2422 5245 2635 5314 quidem
2694 5257 2814 5295 esse
2847 5238 3209 5306 prohibitum;
3252 5235 3382 5286 dare

1835 5346 2012 5390 autem
2046 5336 2378 5390 frumentum
2423 5336 2506 5390 vel
2557 5335 2789 5402 aliquam
2823 5331 2984 5383 aliam
3037 5328 3296 5395 speciem,
3333 5335 3388 5379 et

1844 5427 1962 5495 plus
1992 5427 2235 5494 accipere
2268 5441 2427 5493 quam
2460 5426 2641 5478 datum
2712 5424 2800 5485 sit,
2833 5435 2936 5473 non
2967 5434 3088 5474 esse
3142 5419 3384 5486 prohibi-

1838 5511 1947 5571 lunt
1991 5534 2004 5570 :
2039 5515 2227 5571 Patres
2269 5519 2367 5571 hoc
2407 5531 2621 5585 quoque
2667 5526 2917 5580 expresse
2969 5510 3383 5578 prohibuerunt.
