3982 6464
619 342 693 406 8⁵1
1859 365 2130 424 THEOD.

2236 368 2264 424 Α
2275 370 2570 437 LSAMON
3730 383 3815 446 88

620 452 724 506 Sed
757 466 807 507 et
841 455 993 522 illud,
1049 470 1173 515 ante
1229 467 1522 533 completos
1583 471 1814 538 quinque
1861 480 1912 523 et
1965 473 2129 538 \iginl

2255 479 2518 544 δοθέντος,
2549 486 2621 553 μὴ
2656 487 3114 560 ἁπαγορευθῆναι,
3162 494 3441 550 ἐκώλυσαν
3466 499 3512 550 οἱ
3557 495 3817 567 Πατέρις

616 555 788 596 annos
818 559 922 598 non
957 550 1191 602 ordinari
1221 553 1527 620 diaconum,
1577 559 1624 610 in
1681 561 1903 612 diversis
1937 559 2157 612 canoni-

613 630 713 684 bus
737 635 1008 689 decretum
1042 649 1142 692 est.
1173 641 1501 698 Prohibitum
1529 660 1612 700 est
1639 656 1816 702 autem
1842 651 2152 713 lectoribus,

2258 567 2435 655 ῥητῶς
2464 571 2554 622 καὶ
2589 575 2763 628 τοῦτο.
2805 578 2962 632 Ἀλλὰ
2989 584 3081 634 καὶ
3107 583 3168 635 τὸ
3199 585 3307 654 πρὸ
3357 586 3816 655 συμπληρώσεως

2257 653 2333 706 κε’
2358 658 2616 744 ἐνιαυτῶν
2639 665 2711 734 μὴ
2737 673 3155 736 χειροτονεῖσθαι
3185 653 3510 728 διάκονον-ὲν
3525 653 3814 744 διαφόροις

611 737 678 774 ne
710 728 923 791 expleto
976 731 1274 785 ministerio
1320 739 1384 788 ad
1426 739 1675 804 populum
1737 741 1982 792 conversi
2032 755 2130 793 cun

613 811 773 830 --.μη
825 823 837 830 .
967 827 976 830 -
1090 819 1101 830 .
1225 821 1235 830 .
1542 824 1553 830 -
1593 824 1605 830 _
1921 826 1932 830 _

2254 743 2473 830 κανόσιν
2493 728 3156 824 ὥρισταιίζΔπηγόρευται
3183 761 3238 813 δὲ
3262 767 3372 823 τοῖς
3397 728 3811 830 ἀναγνώστας,

609 811 841 864 salutent
881 831 892 865 :
926 827 980 868 ιιι
1013 819 1101 886 qui
1160 821 1302 874 solos
1343 834 1471 876 tunc
1523 824 1717 876 debent
1750 826 2054 878 sacerdotes
2101 840 2130 876 e

2254 829 2310 882 ὲν
2338 832 2415 899 τῷ
2446 811 2681 904 πληροῦν
2705 842 2801 909 τὴν
2821 811 3642 919 διᾶζιοξιίαναὺτιδνᾷξςξέῷὲᾏὸᾷξ

606 901 878 956 antistites
912 905 1158 969 adorare,
1209 917 1261 961 et
1312 924 1418 962 non
1451 911 1614 964 laicos
1667 915 1756 979 qui
1817 912 1868 963 in
1926 910 2130 964 ecclesi:

2251 919 2340 970 τὸν
2361 901 2652 989 δῆμον-καὶ
2686 901 3029 998 προσκυνεῖν,
3062 938 3137 997 ὼς
3165 901 3435 1005 ὀφείλουσι
3625 901 3814 1008 suppa-'-

603 1005 1018 1061 congregantur.
1053 1000 1156 1065 lpsi
1187 1002 1328 1055 enim
1356 1012 1481 1056 sunt
1511 1007 1705 1056 sacrati
1738 1021 1751 1057 :
1778 1004 2002 1072 populus
2023 1017 2130 1056 vert

2252 1010 2432 1060 κυνεῖν
2467 1011 2658 1077 μόνους
2706 1020 2830 1080 τοὺς
2865 1024 3029 1091 ἱερεῖς
3065 1025 3156 1078 καὶ
3185 1000 3307 1089 τοὺς
3356 1027 3654 1096 ἀρχιερεῖς,
3671 1000 3810 1078 ἶ’καὶ

602 1085 793 1151 procul
841 1097 921 1142 est
951 1104 978 1139 a
1018 1091 1319 1145 sacerdOtio
1367 1101 1422 1145 et
1458 1096 1882 1148 consecratione.
1920 1095 1998 1146 Ac
2037 1095 2130 1159 ipsc

2249 1096 2370 1166 οὺχὶ
2395 1100 2515 1160 τοὺς
2542 1102 2763 1170 λαῖκοὺς
2791 1085 2995 1175 τοὺςὲν
3025 1119 3090 1185 τῇ
3134 1085 3814 1187 Ἐκκλνησίαῄσυναθροιζο-

600 1177 778 1240 potius
810 1177 1036 1236 lectores
1065 1181 1290 1236 adorare
1316 1183 1532 1237 deberet
1553 1194 1770 1252 propter
1791 1185 2148 1237 ministerium

599 1280 807 1318 eorum.
845 1267 983 1336 Lege
1009 1282 1315 1324 sanctorum
1349 1274 1712 1340 apostolorum
1771 1289 2008 1328 canones
2056 1274 2145 1335 l7,

599 1354 687 1416 l8,
717 1355 802 1417 l9,
826 1357 914 1418 25.
942 1359 1032 1421 26.
1065 1363 1253 1429 synodi
1279 1363 1480 1433 Ancyr.
1501 1379 1761 1416 canonem
1796 1364 1882 1425 lt),
1901 1373 1956 1416 et
1987 1363 2148 1416 Chal-

597 1446 918 1500 cedonensis
973 1463 1205 1506 canones
1241 1452 1328 1514 M,
1364 1453 1450 1517 15,
1498 1463 1661 1506 sextae
1705 1468 1962 1507 canonem
1997 1456 2049 1518 5,
2086 1455 2140 1519 ι,

594 1534 646 1594 6.
682 1535 766 1595 l2,
803 1536 888 1601 l3,
917 1536 1006 1604 t8,
1056 1539 1149 1606 58,
1199 1550 1254 1596 et
1301 1543 1470 1596 sancti
1503 1542 1686 1598 Basilii
1738 1559 1972 1599 canones
1998 1545 2051 1609 ‘5,
2087 1545 2142 1612 6,

591 1624 682 1688 ιθ,
723 1627 807 1682 το.

659 1918 727 1972 Ει
749 1920 984 1976 edictum
1010 1923 1222 1992 quidem
1248 1928 1571 1984 sanctissimi
1597 1929 1917 1998 patriarcha!
1937 1928 2141 1982 domini

585 2005 743 2064 Lucae
771 2011 850 2066 sic
901 2025 959 2067 se
1005 2014 1164 2070 habet
1201 2015 1421 2072 :Mense
1480 2017 1757 2073 Decembri
1797 2019 1881 2073 die
1937 2019 1989 2083 8,
2060 2019 2143 2072 in-

589 2104 718 2157 dict.
751 2104 805 2159 6.
843 2105 937 2159 Sin
971 2119 1146 2161 autem
1183 2111 1341 2162 etiam
1365 2111 1451 2166 ille
1479 2111 1644 2175 Ozan,
1676 2113 1764 2179 qui
1795 2111 2027 2165 divinam
2054 2125 2140 2162 ar-

584 2209 728 2257 cam,
751 2212 872 2264 qum
899 2199 1268 2260 evertebatur,
1302 2201 1497 2268 attigit,
1535 2218 1639 2254 non
1669 2217 1832 2270 parvo
1877 2201 2138 2270 supplicio

584 2285 811 2341 affectus
844 2296 926 2342 est
943 2289 1109 2356 (atqui
1134 2287 1248 2355 ejus
1274 2301 1388 2344 erat
1412 2291 1716 2344 institutum
1741 2294 1882 2345 illam
1908 2296 2136 2359 erigere,

581 2389 690 2426 non
716 2375 972 2445 diruere),
1000 2377 1124 2443 quis
1151 2387 1232 2431 est
1261 2378 1394 2432 adeo
1421 2379 1618 2444 audax,
1650 2390 1704 2433 et
1752 2381 1816 2434 ad
1843 2389 2135 2432 extremam

581 2480 750 2534 usque
804 2466 1190 2534 impudentiam
1247 2470 1721 2538 arrogantiamque
1769 2468 1962 2533 elatus,
1997 2470 2136 2524 malo

578 2559 800 2612 omnino
847 2561 1039 2628 spiritu
1081 2562 1294 2627 ductus,
1351 2563 1441 2631 qui
1480 2577 1586 2616 non
1632 2565 1802 2616 solum
1859 2564 2035 2616 divina
2082 2572 2138 2618 et

578 2648 874 2716 spiritualia
899 2651 1152 2704 mandata
1187 2652 1239 2704 in
1274 2653 1539 2722 integrum
1562 2669 1666 2707 non
1695 2654 1828 2719 vnit,
1855 2655 1948 2709 sed
1970 2655 2132 2708 etiam

579 2739 630 2792 in
661 2741 994 2793 contrarium
1045 2741 1396 2810 detorquens,
1461 2759 1524 2798 ea
1571 2745 1899 2798 labefactare
1940 2760 2002 2799 ac
2045 2745 2135 2799 de-

575 2840 786 2884 struere
821 2832 1164 2901 impudenter
1192 2834 1429 2900 molitur,
1483 2850 1656 2902 eaque
1685 2835 1979 2889 dissolvere
2011 2850 2130 2904 qua:

574 2919 728 2975 ﬁrme
757 2937 818 2976 ac
843 2922 1107 2976 stabiliter
1142 2924 1317 2978 locata
1375 2935 1520 2991 sunt,
1561 2935 1614 2978 et
1669 2941 1730 2980 ea
1789 2940 2129 2980 commovere

574 3026 694 3075 qua:
720 3012 1074 3079 conquassari
1107 3027 1212 3065 non
1259 3023 1504 3081 possunt,
1540 3025 1600 3068 ut
1637 3030 1759 3085 quae
1804 3017 1914 3068 sint
1964 3015 2132 3069 aedifi-

2251 1195 2444 1261 μένους
2468 1214 2482 1228 ·
2517 1202 2565 1252 ot
2599 1203 2696 1264 μὲν
2719 1204 2826 1271 γὰρ
2853 1207 3124 1274 ίέρωνται,
3148 1210 3194 1260 οἱ
3216 1209 3271 1259 δὲ
3289 1207 3381 1259 τοῦ
3408 1208 3577 1275 δήμου
3606 1208 3808 1274 πόρῤω

2245 1291 2343 1359 τῆς
2375 1291 2670 1362 ἱερωσύνης
2701 1296 2828 1347 είσί.
2865 1298 2974 1348 Καὶ
3005 1291 3150 1349 οὗτοι
3178 1297 3378 1363 μᾶλλον
3399 1298 3522 1358 τοὺς
3552 1295 3812 1363 ἀναγνώ-

2247 1400 2377 1444 στας
2401 1387 2723 1452 προσκυνεῖν
2753 1387 3049 1452 ὀφείλουσι,
3109 1387 3197 1439 διὰ
3225 1387 3323 1452 τὴν
3355 1387 3655 1454 ὑπουργίαν
3692 1387 3801 1438 αύ-

2243 1473 2373 1526 τῶν.
2410 1473 2706 1539 ’Δνάγνωθι
2767 1475 2876 1526 τῶν
2909 1475 3079 1542 ἁγίων
3107 1476 3419 1529 ἀποστόλων
3470 1474 3672 1527 κανόνα
3707 1473 3809 1538 ιζ’,

2247 1567 2335 1628 ιη’,
2371 1560 2455 1624 ιθ⁹,
2490 1568 2587 1624 κε’,
2617 1569 2730 1626 κς¹,
2757 1563 2976 1615 συνόδου
3000 1563 3277 1632 Ἀγκύρας
3299 1563 3500 1616 κανόνα
3523 1569 3574 1622 ι’.
3606 1565 3703 1631 τῆς
3741 1567 3811 1615 ὲν

2242 1650 2547 1718 Χαλκηδόνι
2574 1653 2774 1706 κανόνα
2808 1652 2889 1717 ιδ’,
2919 1661 2980 1706 ιε’
3005 1671 3032 1692 ·-
3054 1653 3154 1720 τῆς
3191 1660 3242 1718 ς’
3276 1654 3474 1706 κανόνα
3501 1652 3572 1719 γ’,
3615 1654 3680 1716 δ’,
3723 1662 3811 1718 ς’,

2248 1737 2333 1808 ιβἰ
2374 1737 2462 1806 νίν
2494 1745 2606 1809 μη’.
2640 1747 2742 1810 νη’,
2769 1743 2860 1795 καὶ
2890 1741 2984 1795 τοῦ
3015 1744 3171 1811 ἁγίου
3196 1745 3479 1797 Βασιλείου
3505 1745 3701 1798 κανόνα
3727 1751 3810 1811 γ’,

2250 1830 2324 1892 ς’,
2359 1829 2435 1893 ἔθ’
2456 1830 2550 1883 καὶ
2579 1837 2642 1885 0'.

2319 1916 2391 1968 Τδ
2428 1919 2609 1986 μέντοι
2641 1921 2936 1989 σημείωμα
2992 1923 3086 1975 τοῦ
3125 1924 3427 1991 ἀγιωτάτου
3461 1926 3810 1994 πατριάρχου

2245 2007 2433 2075 κυρίου
2454 2008 2634 2061 Λουκᾶ
2655 2010 2764 2079 ἔχει
2788 2011 2978 2075 οὕτως·
3011 2004 3156 2083 Μηνὶ
3177 2015 3491 2084 Δεκεμϐρίῳ
3527 2015 3594 2085 η’,
3616 2017 3811 2087 ἡμέρᾳ

2245 2101 2292 2146 α’
2330 2096 2654 2161 ίνδικτιῶνος
2690 2116 2727 2161 ς
2749 2137 2764 2154 .
2798 2101 2859 2154 Εἰ
2888 2103 2944 2154 δὲ
2976 2105 3068 2156 καὶ
3109 2103 3270 2166 Ὀζὰν
3297 2107 3502 2164 ἐκεῖνος
3529 2108 3626 2174 τῆς
3648 2107 3810 2170 θείας

2245 2185 2475 2238 κιϐωτοῦ
2509 2193 2960 2262 παρατραπείσης
2984 2195 3260 2265 ἁψάμενος
3310 2199 3370 2250 ού
3424 2199 3642 2269 μικρὸν]
3669 2217 3781 2252 κατ
3800 2231 3816 2243 -

2243 2276 2437 2345 εκρίθη
2475 2278 2535 2330 τὸ
2565 2280 2839 2350 ἐπιτίμιον
2890 2284 3099 2350 (καίτοι
3152 2287 3351 2349 σκοπὸς
3402 2289 3459 2340 ὲν
3488 2289 3632 2352 αὐτῷ
3663 2288 3813 2356 πρὸς

2243 2368 2540 2437 ἀνόρθωσιν
2562 2371 2784 2440 ταύτης,
2824 2373 2884 2425 ού
2929 2375 3066 2444 πρὸς
3115 2376 3488 2447 καθαίρεσιν),
3514 2377 3598 2440 τίς
3654 2377 3811 2430 οὕτω

2239 2458 2504 2528 τολμηρὸς
2527 2461 2619 2512 καὶ
2640 2463 2717 2524 είς
2744 2463 2979 2534 ἐσχάτην
3002 2468 3274 2520 ἀναίδειαν
3298 2469 3389 2521 καὶ
3416 2470 3809 2538 ὑπερηφανίαν

2237 2549 2558 2617 δεενεχθεὶς,
2588 2553 2859 2621 πνεύματι
2893 2556 3110 2618 πάντως
3138 2559 3403 2625 ἀγόμενος
3450 2559 3692 2628 πονηρῷ,
3741 2559 3811 2619 ὃς

2241 2637 2314 2706 μὴ
2375 2639 2534 2706 μόνον
2594 2643 2693 2694 ούκ
2752 2644 3084 2713 ἐπανορθοῦν
3128 2650 3362 2716 αἱρεῖται
3416 2652 3484 2702 τὰ
3552 2649 3669 2702 θεῖα
3702 2651 3808 2702 καὶ

2236 2731 2583 2798 πνευματικὰ
2603 2733 2973 2802 διατάγματα,
3001 2738 3137 2791 ἀλλὰ
3166 2740 3258 2790 καὶ
3277 2740 3375 2806 τὴν
3403 2739 3648 2790 ἐναντίαν
3675 2756 3810 2807 τρε-

2235 2819 2491 2885 πόμενος,
2519 2825 2920 2888 παρασαλεύειν
2966 2826 3136 2879 ταῦτα
3167 2829 3262 2880 καὶ
3319 2829 3600 2896 καθαιρεῖν
3636 2829 3805 2880 ἀναι-

2233 2908 2480 2970 δεύεται,
2511 2911 2606 2963 κα)⁵
2636 2914 2934 2981 παραλύειν
2964 2917 3031 2968 τὰ
3067 2918 3280 2984 παγίως
3318 2917 3652 2987 ἡδρασμένα,
3698 2920 3806 2971 καὶ

2234 3010 2556 3074 παρακινεῖν
2586 3010 2654 3061 τὰ
2681 3009 2972 3072 ἀσάλευτα,
3006 3009 3420 3079 ᾠκοδομημένα,
3459 3008 3639 3071 καθώς
3691 3026 3806 3078 φη-

572 3108 710 3161 cata,
745 3109 801 3150 ut
827 3099 1000 3159 aiunt,
1033 3114 1191 3166 supra
1234 3100 1641 3156 fundamentum
1681 3103 2046 3172 apostolorum
2075 3115 2129 3156 et

2236 3115 2338 3161 σιν,
2380 3101 2470 3150 ἐπὶ
2499 3099 2574 3168 τῷ
2600 3101 2834 3169 θεμελίῳ
2867 3101 2975 3152 τῶν
2997 3102 3310 3154 ἀποστόλων
3344 3101 3438 3153 καὶ
3469 3101 3801 3168 προφητῶνς

575 3187 1000 3258 prophetarum?
1025 3191 1316 3259 Propterea
1353 3205 1535 3247 nostra
1574 3209 1790 3263 quoque
1826 3197 2126 3249 moderatio

574 3296 676 3332 non
731 3279 1007 3334 ferendum
1069 3297 1190 3336 esse
1249 3292 1362 3337 rata
1422 3285 1616 3338 malam
1685 3289 2125 3341 consuetudinem

571 3371 745 3424 adhuc
777 3374 1001 3433 servari,
1034 3388 1153 3440 quae
1194 3375 1371 3428 divina
1432 3386 1485 3429 et
1533 3376 1768 3429 humana
1825 3377 2125 3439 confundit,

570 3471 623 3513 et
661 3461 933 3531 Ecclesize,
959 3479 1076 3530 quae
1117 3474 1200 3518 est
1233 3467 1299 3518 ab
1333 3467 1476 3519 omni
1511 3466 1926 3533 reprehensione
1957 3466 2126 3519 aliena

573 3552 661 3606 Dei
697 3567 914 3618 sponsa,
943 3556 1313 3609 constitutioni
1345 3571 1448 3608 non
1477 3556 1722 3623 vulgares
1753 3555 1987 3608 maculas
2013 3556 2129 3608 inu-

570 3643 656 3705 rit,
691 3657 915 3718 qumque
939 3644 1186 3710 superbia
1212 3654 1265 3697 et
1290 3660 1425 3697 vana
1460 3647 1844 3713 negotiatione,
1866 3655 1919 3699 et
1950 3648 2000 3698 in
2035 3647 2122 3709 iis,

569 3747 692 3800 qua:
723 3743 849 3784 sunt
881 3733 1086 3801 abjecta
1126 3734 1191 3786 ab
1229 3749 1400 3803 eaque
1436 3736 1807 3796 abhorrentia.
1855 3737 2031 3789 studio
2073 3746 2129 3789 et

570 3823 773 3884 labore,
803 3831 857 3876 et
883 3824 1132 3891 turpibus
1153 3834 1407 3891 praeterea
1441 3825 1623 3887 lucris,
1651 3827 1767 3893 ejus
1793 3827 2125 3880 honestatem

567 3913 1016 3983 splendoremque
1036 3914 1254 3982 polluit;
1283 3915 1457 3968 visum
1483 3924 1564 3969 est
1586 3931 1702 3970 eam
1727 3931 1843 3969 esse
1871 3916 2127 3969 radicitus

568 4005 919 4072 evellendam,
945 4015 1003 4059 ut
1033 4021 1138 4060 non
1171 4007 1400 4075 amplius
1433 4019 1720 4061 enascatur
1743 4009 1891 4060 radix
1928 4009 2128 4060 amari-

570 4095 791 4158 tudinis,
827 4097 1120 4149 secundum
1179 4098 1418 4149 divinum
1460 4097 1787 4163 apostolum,
1849 4111 1942 4163 per
1985 4111 2125 4164 pra:-

566 4191 774 4235 sentetn
807 4195 1044 4237 nostram
1082 4186 1413 4251 spiritualetn
1447 4196 1500 4240 et
1528 4186 1686 4254 537
1717 4195 1995 4254 paternam
2029 4187 2126 4240 do-

567 4274 817 4337 ctrinam,
841 4290 956 4341 qua:
981 4289 1200 4343 scopum
1234 4276 1447 4343 quidem
1471 4287 1652 4342 aperte
1680 4274 1922 4328 declarat
1950 4288 2128 4328 causa:

569 4365 853 4432 propositae
885 4367 948 4418 de
1000 4365 1084 4428 iis,
1122 4365 1215 4433 qui
1259 4380 1468 4419 sacram
1517 4365 1888 4418 auctoritatem
1946 4365 2122 4418 sortiti

568 4467 714 4521 sunt,
746 4464 800 4509 et
832 4457 1183 4513 saecularibus
1198 4458 1407 4525 seipsos
1435 4457 1840 4525 magistratibus
1867 4468 1920 4511 et
1952 4459 2126 4527 digni-

571 4548 772 4601 tatibus
798 4548 1051 4615 cnrisqne
1087 4563 1150 4600 ac
1179 4549 1406 4616 negotiis
1447 4549 1740 4615 implicant.
1779 4550 1856 4601 Ad
1899 4551 2121 4602 verbum

567 4647 743 4690 autem
770 4637 847 4692 sic
887 4651 945 4690 se
982 4639 1179 4692 habet:
1207 4641 1298 4700 iis,
1319 4641 1408 4708 qui
1439 4640 1848 4702 sacerdotalem,
1879 4641 2128 4708 inquiunt

568 4727 774 4785 Patres,
801 4728 1119 4796 dignitatem
1162 4731 1336 4783 sortiti
1375 4741 1521 4792 sunt,
1550 4730 1855 4783 testimonia
1899 4739 1951 4783 et
1989 4745 2127 4797 prae-

567 4818 709 4873 clara
757 4817 896 4871 facta
955 4829 1080 4872 sunt
1117 4822 1501 4875 canonicarum
1549 4823 1995 4874 constitutionum
2047 4823 2126 4874 in-

567 4907 942 4970 t'ormationes,
988 4922 1123 4974 quas
1178 4909 1339 4962 etiam
1383 4910 1627 4963 lubenter
1661 4913 2026 4972 adndttentes,
2062 4912 2125 4962 ad

568 4998 853 5049 Dominum
886 4997 1053 5051 Deutn
1074 5014 1200 5052 cum
1226 4999 1423 5052 Davitle
1453 5000 1542 5053 Dei
1574 5015 1817 5062 przecone
1840 5000 2120 5052 canimus:

569 5087 636 5141 In
672 5091 756 5142 via
809 5092 1219 5143 testimoniorum
1249 5101 1458 5142 tuorum
1489 5091 1776 5143 delectatus
1831 5106 1966 5150 sum,
2006 5100 2124 5140 tan-

565 5195 722 5246 quam
754 5181 809 5231 in
840 5181 1072 5233 omnibus
1111 5182 1307 5233 divitiis
1341 5182 1401 5233 ".
1445 5182 1508 5234 Et
1553 5195 1737 5232 rursus
1775 5196 1789 5232 :
1848 5179 2123 5232 Mandasti

566 5270 824 5330 iustitiam
847 5287 864 5334 ;
897 5272 1188 5326 testimonia
1214 5282 1302 5324 tua
1340 5273 1394 5323 in
1419 5282 1670 5323 ceternum
1698 5275 1821 5323 doce
1845 5287 1945 5333 me,
1973 5279 2021 5321 et
2048 5272 2123 5322 vi-

567 5378 681 5411 th
713 5361 779 5414 ³⁰.
810 5363 961 5428 Quod
993 5363 1036 5414 si
1073 5378 1171 5416 vox
1207 5364 1516 5430 prOphetica
1562 5379 1656 5415 nos
1684 5363 1837 5429 jubet
1868 5365 1919 5415 in
1961 5373 2121 5416 aeter-

569 5467 695 5501 nnm
737 5449 825 5502 Dei
866 5453 1170 5505 testimonia
1227 5455 1518 5516 custodire,
1570 5465 1623 5505 et
1664 5455 1715 5505 in
1759 5456 1887 5522 ipsis
1921 5457 2121 5515 vivere,

571 5543 909 5596 manifestum
947 5556 1025 5596 est
1065 5559 1126 5598 ea
1165 5546 1482 5600 inconcussa
1516 5556 1567 5600 et
1618 5546 1761 5600 nulla
1800 5549 2010 5599 ratione
2042 5547 2120 5598 la-

631 5714 674 5763 ζ’
704 5712 843 5779 Ρδειι.
900 5731 1082 5774 Ctvnt.
1140 5717 1218 5767 l1.
1307 5717 1349 5750 ³⁸
1388 5718 1524 5785 ibitl._
1567 5719 1666 5773 158

2232 3189 2329 3241 Διὰ
2377 3189 2535 3242 τοῦτο
2601 3193 2694 3243 καὶ
2753 3193 3110 3260 ήμετριότης
3165 3193 3318 3261 ἡμῶν
3370 3195 3469 3244 οὐκ
3499 3194 3806 3258 ἀνασχετὸν

2231 3279 2553 3348 ἡγησαμένη
2586 3282 2827 3349 πονηρὰν
2858 3283 3143 3350 συνήθειαν
3173 3283 3267 3336 καὶ
3303 3283 3384 3335 ἔτι
3421 3287 3664 3348 κρατεῖν,
3701 3301 3800 3351 μι-

2231 3369 2500 3434 γνύουσαν
2527 3371 2644 3422 θεῖά
2674 3387 2730 3422 τε
2766 3371 2859 3423 καὶ
2892 3373 3229 3441 ἀνθριῖιπινα,
3269 3374 3362 3425 καὶ
3419 3377 3486 3442 τῇ
3542 3374 3637 3441 τῆς
3671 3373 3808 3425 Ἐκ-

2230 3463 2458 3527 κλησίας
2489 3463 2846 3528 καταστάσει,
2886 3466 2983 3531 τῆς
3025 3465 3329 3532 ἀμωμήτου
3391 3465 3608 3532 νύμφης
3660 3465 3803 3533 Χρι-

2231 3552 2378 3613 στοῦ,
2429 3553 2649 3614 σπίλους
2678 3555 2737 3606 ού
2771 3557 2899 3615 τοὺς
2933 3555 3188 3622 τυχόντας
3238 3554 3804 3623 προσεπιτρίὸουσαν,

2229 3646 2322 3696 καὶ
2351 3646 2504 3714 τύφῳ
2535 3648 2626 3698 καὶ
2649 3647 2874 3716 ἀσχολίᾳ
2901 3647 3124 3717 ματαίᾳ.
3155 3649 3244 3699 καὶ
3271 3649 3335 3713 τῇ
3363 3647 3490 3716 περὶ
3515 3645 3582 3697 τὰ
3609 3645 3804 3697 εἰκαῖα

2230 3737 2523 3805 καὶταύτῃ
2560 3739 2834 3806 ἀπᾴδοντα
2854 3739 3167 3807 δια-πονήσει
3207 3753 3266 3789 τε
3316 3737 3406 3788 καὶ
3455 3737 3683 3803 σπουδῇ,
3711 3736 3804 3788 ἔτι

2229 3843 2290 3894 γε
2325 3826 2428 3895 μὴν
2452 3827 2544 3877 καὶ
2576 3828 2826 3896 ἀκερδέσι
2860 3829 2919 3879 τὺ
2949 3829 3142 3895 σεμνὸν
3175 3827 3380 3895 ταύτης
3414 3829 3806 3896 καταρρυπαί-

2229 3933 2448 3978 νουσαν,
2481 3917 2750 3985 ηύδόκησε
2778 3916 2990 3985 ῥιζόθεν
3018 3917 3219 3986 ταύτην
3252 3918 3568 3983 ἀποτεμεῖν,
3599 3916 3684 3966 ἵνα
3721 3918 3806 3985 μὴ

2232 4007 2356 4075 ῥίζα
2393 4009 2615 4075 πικρίας
2645 4008 2737 4059 καὶ
2771 4007 2848 4058 ἔτι
2891 4011 3021 4076 φυῇ,
3069 4010 3211 4061 κατὰ
3241 4008 3330 4060 τὸν
3383 4011 3522 4058 θεῖον
3558 4007 3806 4058 ἀπόστο-

2229 4097 2342 4157 λον,
2367 4098 2455 4149 διὰ
2485 4099 2582 4165 τῆς
2615 4099 2896 4166 παρούσης
2949 4099 3219 4167 ἡμετέρας
3273 4097 3652 4165 πνευματικῆς
3703 4099 3807 4148 καὶ

2231 4188 2506 4256 πατρικῆς
2534 4189 2834 4252 διαλαλιᾶς,
2875 4190 2972 4257 τῆς
3009 4188 3276 4256 δηλούσης
3337 4190 3434 4256 μὲν
3460 4188 3549 4239 τὸν
3587 4187 3801 4239 σκοπὸν

2231 4280 2479 4348 φανερῶς
2501 4279 2601 4346 τῆς
2627 4281 2986 4349 προτεθείσης
3012 4281 3325 4342 ὑποθέσεως
3345 4280 3473 4347 περὶ
3501 4279 3608 4330 τῶν
3642 4280 3804 4347 ἱερὰν

2232 4364 2388 4428 ἀξίαν
2424 4365 2718 4432 λαχόντων,
2749 4368 2844 4418 καὶ
2878 4370 3172 4435 κοσμικαῖς
3204 4369 3430 4428 ἑαυτοὺς
3495 4367 3804 4434 ὲμπλεκόν-

2229 4475 2338 4508 των
2366 4458 2558 4526 ἀρχαῖς
2589 4460 2679 4507 καὶ
2704 4457 2879 4519 ἀξίαις
2933 4459 3026 4509 καὶ
3055 4458 3301 4526 φροντίσι
3331 4459 3424 4509 καὶ
3458 4460 3748 4525 πράγμασι
3786 4501 3800 4521 ,

2227 4546 2368 4598 οὖτιυ
2399 4546 2456 4598 δὲ
2494 4547 2635 4597 κατὰ
2670 4546 2823 4614 ῥῆμα
2848 4547 3099 4613 ἐχούσης,
3155 4548 3279 4607 Τοῖς
3333 4549 3431 4614 τὴν
3490 4547 3805 4614 ἱερατικὴν,

2232 4637 2396 4703 φασὶν
2421 4637 2469 4687 οἱ
2508 4636 2768 4704 Πατὲρες,
2800 4637 3056 4704 λαχοῦσιν
3081 4636 3258 4699 ἀξίαν,
3300 4635 3575 4704 μαρτύριά
3609 4653 3668 4686 τε
3699 4640 3808 4690 καὶ

2230 4727 2632 4795 κατορθώματα
2667 4730 2720 4778 αί
2773 4728 2878 4778 τῶν
2926 4727 3226 4778 κανονικῶν
3260 4727 3555 4790 διατάξεων
3588 4727 3805 4778 ὑποτυ-

2231 4818 2434 4876 πώσεις
2468 4818 2624 4873 είσὶν,
2654 4816 2718 4877 ἃς
2749 4817 2842 4868 καὶ
2877 4817 3129 4884 ἀσμένως
3180 4816 3484 4883 δεχόμενοι,
3518 4815 3649 4882 πρὸς
3704 4819 3805 4869 τὸν

2233 4909 2509 4975 Δεσπότην
2533 4909 2663 4959 Θεὸν
2702 4907 2836 4974 μετὰ
2861 4907 3022 4957 Δαϐὶδ
3056 4907 3147 4957 τοῦ
3180 4906 3543 4972 θεοφάντορος
3568 4905 3802 4974 ᾀδόμενα

2245 4997 2344 5049 Ἐν
2381 4997 2452 5063 τῇ
2491 4998 2609 5060 ὀδῷ
2640 4997 2754 5048 τῶν
2787 4997 3126 5064 μαρτυρίων
3182 5009 3297 5047 σου
3337 4994 3650 5062 ἐτέρφθην.
3713 4999 3806 5062 ὡς

2229 5089 2324 5141 ἐπὶ
2350 5091 2526 5140 παντὶ
2552 5091 2790 5152 πλούτῳ
2811 5105 2822 5116 ·
2856 5089 2951 5139 καὶ
2986 5086 3143 5148 αὖθις
3169 5103 3181 5116 ο
3227 5088 3535 5140 Ἐνετείλω
3564 5086 3802 5142 δικαιο-

2229 5183 2447 5246 σύνην-⁸
2478 5181 2549 5233 τὰ
2567 5180 2860 5247 μαρτύριά
2892 5195 3008 5232 σου
3055 5183 3141 5243 εἰς
3171 5180 3276 5230 τὸν
3313 5177 3499 5231 αιῶνα
3555 5178 3806 5232 συνέτι-

2229 5273 2344 5323 σόν
2372 5291 2463 5338 με,
2503 5272 2598 5324 καὶ
2633 5272 2904 5338 ζήσομαι.
2942 5272 3048 5322 Καὶ
3078 5271 3234 5338 εἴπερ
3259 5272 3336 5330 είς
3368 5269 3458 5320 τὸν
3487 5269 3659 5320 αίῶνα
3691 5287 3804 5336 φυ-

2226 5363 2442 5414 λάττειν
2467 5364 2599 5430 ἡμῖν
2630 5361 2936 5413 ἐντέλλεται
2965 5362 2995 5430 ἠ
3030 5360 3342 5430 προφητικὴ
3376 5358 3526 5426 φωνὴ
3553 5357 3620 5408 τὰ
3647 5376 3800 5427 μαρο

2225 5457 2386 5525 τύρια
2414 5457 2508 5507 τοῦ
2535 5455 2693 5516 Θεοῦ,
2728 5457 2819 5506 καὶ
2868 5455 2966 5522 ζῇν
2992 5457 3048 5505 ὲν
3080 5455 3284 5514 αὐτοῖς,
3316 5452 3473 5517 δῆλον
3502 5451 3573 5512 ὼς
3606 5451 3759 5520 ἁκρὰ
3779 5480 3793 5492 ο

2225 5546 2392 5598 arma
2428 5546 2519 5597 ttat
2555 5545 2826 5598 άσὰλευτα
2875 5543 3244 5612 διαμένουσιν,
3313 5542 3433 5595 Ὅτι
3485 5540 3627 5593 οὕτω
3651 5546 3796 5607 φηςι)⁸
