3982 6436
226 357 286 419 89
1249 357 1325 416 1N
1364 359 1520 416 CAN.
1568 359 1698 419 xv1
1736 359 1934 418 conc.
1982 358 2352 418 CARTHAG.
3334 343 3405 406 90

227 469 308 520 καὶ
329 469 355 519 ό
376 466 602 537 θεόπτης
631 469 845 536 Μωσῆς
865 483 878 498 ·
922 469 1022 521 Ἐν
1041 470 1242 533 αὐτοῖς
1265 473 1377 522 οὐκ
1420 472 1549 524 ἔστι
1573 486 1757 540 προσ-

1879 467 2173 523 ieiactanda
2209 473 2544 532 permanere.
2573 460 2708 513 Nam
2743 457 2954 511 divinus
2983 464 3192 521 quoque
3234 448 3404 502 Moses

221 557 413 619 θεῖναι,
445 559 541 610 καί
568 558 666 611 ἀπ’
703 557 907 611 αὐτῶν
930 561 1037 612 οὐκ
1063 559 1230 612 ἔστι-ν
1257 562 1521 627 ἀφελεῖν.
1544 563 1756 616 Τούτων

221 649 388 698 τοίνυν
410 649 580 709 οὓτως
620 647 791 700 ὄντων
849 650 941 701 καὶ
992 649 1544 720 διαμαρτυρουμένων
1604 655 1755 721 ἡμῖν,

223 737 602 802 ἀγαλλιώμενοι
657 738 746 789 ἐπ’
801 740 1002 801 αὐτοῖς,
1053 741 1146 801 ὡς,
1200 740 1252 792 εἴ
1300 758 1385 804 τις
1418 740 1553 811 ε’ύρῃ
1589 742 1758 795 σκῦλα

223 828 405 891 πολλὰ,
439 831 562 889 τοὺς
593 829 770 890 θείους
824 830 1101 893 ἀσπασίως
1148 832 1377 892 κανόνας
1430 832 1761 900 ενστερνιζό-

225 918 376 985 μεθα,
410 921 502 971 καὶ
526 920 622 988 τὴν
641 921 827 971 αὐτῶν
857 922 1111 987 διαταγὴν
1158 923 1452 990 ὁλόκληρον
1501 925 1593 974 καὶ
1628 923 1762 974 ἀσά-

221 1009 396 1060 λευτον
420 1011 599 1078 μένειν
628 1009 906 1077 όλοψύχως
936 1010 1254 1079 αἱρούμεθα.
1294 1013 1403 1064 Καὶ
1430 1013 1612 1078 ἐπειδὴ
1645 1012 1757 1064 τῶν

223 1099 275 1149 ιν
298 1100 479 1168 κλήρῳ
501 1099 850 1167 τεταγμένων
881 1101 1028 1162 τινὰς
1082 1100 1326 1170 ἔγνωμεν
1357 1103 1642 1170 πράγμασι
1668 1119 1760 1154 κο-

226 1191 426 1252 σμικοῖς
456 1189 830 1255 ὲμπλέκοντας
854 1190 1218 1252 ἀκανονίστως
1251 1191 1499 1251 ἑαυτοὺς,
1531 1190 1625 1250 οὒς
1661 1190 1759 1258 μὲν

223 1279 617 1344 κουρατωρείας
674 1279 771 1363 καὶ
806 1279 1124 1346 προνοήσεις
1161 1279 1324 1331 οίκων
1367 1279 1758 1349 ἀρχοντικῶνῆ

223 1365 506 1430 κτημάτων
549 1367 1062 1432 ἀναλαμϐάνοντας,
1105 1367 1200 1430 οὓς
1246 1369 1302 1420 δὲ
1344 1369 1439 1420 καὶ
1487 1367 1762 1435 δημοσίων

220 1450 381 1502 τελῶν
421 1454 738 1520 εἰσπράξεις
763 1455 795 1525 ἢ
824 1456 1130 1522 κεφαλαίων
1163 1457 1384 1524 ἑτέρων,
1432 1457 1464 1524 ἢ
1491 1457 1762 1520 ἐξελάσεις

220 1538 493 1606 πλωῖμων,
537 1542 568 1610 ἢ
599 1543 660 1610 δὴ
684 1543 777 1594 καὶ
823 1543 1138 1612 ἀναγραφὰς
1183 1543 1216 1613 ῆ
1247 1543 1574 1610 λογοποιίας,
1607 1545 1638 1614 ἢ
1667 1547 1762 1596 καὶ

219 1630 402 1698 ἑτέραν
423 1632 616 1698 όμοίαν
641 1633 942 1701 ἐνέργειαν,
968 1634 1076 1689 οὐκ,
1094 1633 1184 1686 ἐπὶ
1211 1634 1531 1703 πράγμασιν
1565 1634 1763 1702 ἐκκλη-

219 1722 529 1784 σιαστικοῖς,
576 1721 708 1773 ἀλλὰ
732 1724 1032 1789 κοσμικοῖς,
1082 1723 1252 1784 ένίους
1285 1725 1356 1776 ’δὲ
1403 1727 1494 1777 καὶ
1525 1724 1674 1790 ἀξίας
1705 1742 1762 1776 τε

218 1810 305 1860 καὶ
329 1809 506 1877 ἀρχὰς
535 1810 632 1872 τὰς
655 1814 753 1877 τῆς
787 1812 1060 1873 πολιτείας
1093 1816 1598 1882 ἁπονενεμημένας,
1650 1817 1761 1875 τοῖς

216 1898 470 1959 τοιούτοις
501 1899 949 1969 παρεγγυώμεθα
985 1903 1294 1956 παύσασθαι
1322 1904 1413 1956 τοῦ
1446 1904 1635 1956 λοιποῦ
1660 1904 1766 1955 τῶν

209 1988 511 2056 εἰρημένων
537 1991 815 2044 ἁπάντων·
840 1994 956 2053 ταῖς
973 1993 1459 2060 ἐκκλησιαστικαῖς
1483 1994 1537 2045 δὲ
1555 1994 1766 2062 χρείαις

218 2084 662 2150 προσευκαιρεῖν,
700 2083 750 2132 εί
784 2082 857 2150 μὴ
888 2082 1162 2150 βούλοιντο
1219 2086 1284 2152 τῇ
1329 2083 1620 2152 δεδογμένῃ
1658 2086 1770 2144 τοῖς

215 2165 368 2230 θείοις
399 2171 498 2220 καὶ
529 2171 696 2238 ἱεροῖς
724 2173 916 2224 κανόσι
972 2172 1291 2241 καθαιρέσει
1346 2173 1439 2224 τοῦ
1474 2173 1770 2240 προσόντος

215 2259 391 2321 αὐτοῖς
424 2261 890 2331 ὲκκλησιαστικοῦ
919 2263 1012 2315 τού
1060 2262 1270 2332 βαθμοῦ
1306 2264 1606 2330 ὑπαγαγεῖν
1647 2264 1773 2315 ἑαυο

215 2349 355 2410 τούς.
397 2351 460 2403 Εἰ
497 2353 607 2421 γὰρ
639 2353 736 2405 καὶ
765 2355 953 2422 μακρᾷ
981 2353 1240 2422 συνηθείᾳ
1273 2353 1595 2420 έδρόιζεσθαί
1625 2370 1772 2414 τινες

215 2437 406 2492 οἴονται
428 2441 528 2492 τοῦ
551 2442 779 2494 τοιαῦτα
805 2442 1049 2510 μετιέναι
1073 2442 1171 2494 καὶ
1191 2444 1297 2512 πρὸ
1330 2443 1509 2495 αὐτῶν
1536 2443 1637 2495 οὐκ
1666 2443 1774 2494 6M-

214 2544 358 2594 γους,
394 2531 533 2598 πρὸς
553 2530 610 2582 δὲ
645 2531 743 2582 καὶ
777 2530 1065 2599 βασιλικάς
1086 2533 1217 2600 φασί
1248 2549 1309 2584 τε
1335 2533 1608 2602 προϐῆναι
1632 2535 1776 2585 οίκοο

218 2622 400 2689 νομίας
430 2621 785 2685 ἀνατιθείσας
819 2624 1140 2690 ίερωμένοις
1175 2623 1333 2688 ἀξίας
1362 2641 1422 2675 τε
1463 2625 1555 2676 καὶ
1585 2641 1777 2692 κοσμι-

218 2714 311 2772 κὰς
361 2714 457 2765 καὶ
513 2712 747 2780 ὀφφίκια
802 2713 836 2776 ἢ
867 2713 1146 2780 ἐνεργείας
1179 2713 1373 2780 ὁμοίας
1401 2716 1510 2765 εἴτε
1567 2714 1771 2781 ἀρχάς·

217 2799 324 2851 ἀλλ’
349 2800 448 2870 οὐχ
475 2801 879 2869 ἑλκυσθήσεται
907 2803 1040 2868 πρὸς
1067 2801 1391 2869 ὑπόδειγμα.
1432 2803 1648 2871 Ἐπειδὴ
1669 2804 1777 2871 γὰρ

217 2891 325 2942 οὗθ’
358 2894 451 2944 ὑπ’
487 2893 831 2960 ἁμφιὸολίαν
869 2894 916 2944 oi
945 2893 1077 2962 περὶ
1106 2892 1311 2944 τούτων
1349 2895 1483 2959 ἱεροὶ
1524 2895 1618 2945 καὶ
1644 2893 1777 2945 Θεῖοι

217 2981 427 3042 κανόνες
472 2982 696 3044 ἔπεσον,
747 2981 872 3034 οὔτε
915 2982 1210 3050 δοκιμασία
1235 2999 1318 3044 τις
1351 2985 1443 3034 καὶ
1489 2984 1779 3049 διάγνωσις

1862 559 1938 612 sic
1963 556 2159 624 inquit:
2181 553 2302 606 Non
2329 555 2448 605 licet
2465 552 2536 605 eis
2565 549 2756 602 addere
2779 561 2867 598 nec
2888 542 3156 596 detrahere
3181 540 3244 592 ³¹.
3272 537 3404 592 Cum

1861 646 1974 700 haec
2001 645 2177 711 itaque
2209 643 2282 695 ita
2311 647 2439 705 sint,
2466 649 2520 693 et
2544 638 2697 693 nobis
2729 632 3088 689 testimonium
3123 629 3317 690 ferant,
3353 627 3404 678 in

1861 737 1940 790 eis
1969 735 2327 795 exsultantes,
2361 741 2614 798 tanquam
2638 727 2681 781 si
2714 726 2833 792 quis
2864 723 3025 776 multa
3050 719 3218 786 spolia
3251 718 3402 769 inve-

1864 827 2022 888 nerit,
2064 825 2270 878 divinos
2331 823 2580 875 lubenter
2637 829 2871 872 canones
2925 809 3317 879 amplectimur,
3356 817 3410 859 et

1860 933 2049 971 eorum
2074 913 2508 971 constitutionem
2540 910 2800 977 integram
2824 913 2877 958 et
2908 904 3275 956 inconcussam
3300 913 3411 949 ma-

1863 1023 1988 1061 nere
2018 1015 2128 1061 toto
2159 1002 2632 1071 animo-eligimus.
2669 997 2929 1063 Quoniam
2965 1001 3141 1046 autem
3176 988 3409 1041 nounnl-

1862 1100 1939 1153 los
1967 1112 2153 1150 eorum
2188 1095 2277 1164 qui
2313 1100 2439 1148 sunt
2474 1093 2525 1145 in
2555 1089 2699 1144 clero
2752 1082 3024 1139 constituti
3078 1079 3321 1132 novimus
3355 1091 3412 1128 se

1861 1185 2206 1241 saecularibus
2235 1183 2461 1250 negotiis
2489 1188 2673 1234 contra
2699 1188 2931 1229 canones
2961 1170 3234 1238 implicare
3269 1185 3281 1218 :
3317 1168 3410 1217 hos

1863 1277 2073 1343 quidem
2103 1274 2379 1327 domorum
2436 1269 2838 1337 magistratuum
2891 1263 2974 1315 vel
3021 1258 3413 1327 possessionum

1863 1367 2165 1420 Curationes
2199 1361 2795 1423 administrationesque
2851 1352 3241 1419 suscipientes;
3301 1345 3415 1399 illus

1868 1470 1994 1508 vero
2027 1455 2186 1508 etiam
2214 1452 2546 1519 publicorum
2580 1443 2922 1513 vectigalium
2976 1443 3305 1499 exactiones,
3333 1436 3416 1486 vel

1863 1544 2092 1597 aliorum
2124 1543 2376 1610 capitum,
2411 1540 2492 1592 vel
2524 1551 2706 1592 eorum
2739 1548 2857 1602 quae
2885 1532 3112 1585 navibus
3139 1536 3418 1595 portantur

1865 1633 2176 1703 pensionum
2205 1631 2507 1698 petitiones,
2529 1627 2611 1682 vel
2631 1623 3046 1693 colligendarum
3073 1618 3416 1683 pecuniarum

1867 1723 2236 1786 rationumque
2254 1718 2641 1774 reddendarum
2671 1726 2909 1774 munera,
2933 1709 3012 1762 vel
3037 1707 3250 1774 aliquod
3278 1705 3420 1768 ejus-

1869 1812 2008 1864 modi
2061 1811 2328 1874 oilicium;
2365 1824 2470 1862 non
2525 1808 2574 1858 in
2618 1801 3028 1860 ecclesiasticis.
3063 1799 3154 1851 sed
3201 1795 3418 1850 secula-

1869 1899 2017 1951 rihus
2045 1899 2308 1967 negotiis;
2368 1893 2743 1958 nonnullisque
2796 1902 2982 1941 eorum
3036 1885 3221 1938 civiles
3256 1883 3418 1935 etiam

1869 1989 2219 2055 magistratus
2285 1985 2679 2054 dignitatesque
2740 1992 2861 2032 esse
2919 1976 3202 2029 attributas
3261 1991 3275 2026 :
3341 1973 3420 2024 eis

1871 2078 2210 2147 praecipimus
2241 2084 2297 2128 ut
2342 2075 2593 2140 deinceps
2625 2085 2655 2122 a
2693 2066 2960 2137 praedictis
3006 2065 3256 2119 omnibus
3311 2077 3428 2114 ces-

1872 2180 2011 2235 sent,
2049 2171 2101 2224 in
2125 2167 2507 2223 ecclesiasticis
2529 2176 2704 2218 autem
2735 2161 2962 2232 negotiis
2989 2158 3283 2219 oﬂiciisque
3307 2172 3428 2207 ver—

1873 2268 2096 2322 sentur;
2127 2257 2226 2311 nisi
2257 2255 2426 2309 velint
2455 2254 2528 2316 ei,
2564 2267 2682 2321 quae
2721 2250 2890 2305 sacris
2917 2247 3223 2314 divinisque
3258 2257 3424 2297 cauo-

1875 2349 2032 2402 nibus
2086 2348 2306 2415 placuit,
2359 2347 2557 2414 gradus
2611 2358 2768 2410 quem
2829 2340 3023 2393 habent
3079 2332 3428 2389 ecclesiastici

1877 2440 2199 2508 depositioni
2236 2438 2447 2502 subjici.
2483 2434 2595 2488 Etsi
2639 2432 2783 2485 enim
2831 2429 2987 2498 longa
3044 2423 3431 2479 consuetudine

1877 2531 2188 2583 conﬁrmari
2245 2527 2583 2593 stabilirique
2617 2523 2833 2592 quidam
2891 2519 3223 2575 existimant,
3289 2513 3431 2582 quod

1878 2638 1981 2675 non
2017 2620 2170 2689 pauci
2207 2628 2331 2671 ante
2361 2633 2455 2671 eos
2485 2617 2573 2669 illa
2622 2611 2985 2680 susceperint;
3025 2618 3288 2675 praeterea
3335 2619 3433 2656 au-

1876 2724 1982 2766 tem
2005 2713 2186 2766 dicunt
2217 2710 2526 2776 imperiales
2557 2700 3075 2760 administrationes,
3104 2712 3222 2765 quae
3268 2711 3438 2750 sacu-

1877 2805 2019 2858 lares
2051 2803 2339 2872 dignitates
2367 2809 2421 2852 et
2465 2797 2660 2868 cilicia,
2710 2799 2801 2846 aut
2839 2790 3031 2846 similia
3061 2801 3280 2841 munera
3336 2799 3430 2838 seu

1877 2895 2250 2962 magistratus,
2286 2889 2519 2945 sacratis
2567 2884 2876 2940 hominibus
2933 2879 3276 2935 committunt
3308 2890 3434 2942 pro-

1881 2988 2112 3044 cessisse
2148 3006 2162 3039 :
2195 2985 2286 3039 sed
2320 2995 2498 3037 tamen
2545 2994 2647 3032 non
2698 2978 2945 3029 trahetur
3009 2970 3073 3022 ad
3110 2965 3433 3031 exemplum.

218 3071 488 3139 ἔγγραφος
522 3073 857 3141 προδεδήκει
898 3075 1050 3141 παρά
1079 3091 1140 3124 τε
1178 3073 1272 3125 τοῦ
1303 3075 1442 3125 κατὰ
1489 3073 1682 3142 καιρὸν
1705 3074 1772 3134 τὰ

1882 3081 2014 3146 Quia
2041 3078 2182 3131 enim
2215 3082 2296 3128 est
2326 3075 2457 3127 citra
2506 3066 2955 3124 controversiam,
3010 3074 3111 3112 nec
3154 3071 3339 3111 sacros
3377 3070 3442 3108 ac

215 3162 305 3226 τῆς
338 3161 622 3229 βασιλείας
650 3163 908 3232 σκῆπτρα
935 3163 1230 3225 διέποντος,
1261 3164 1342 3214 ἔτι
1388 3163 1446 3216 δὲ
1475 3165 1568 3215 καὶ
1605 3164 1774 3230 ἁγιω-

217 3251 384 3302 τάτων
414 3253 783 3321 πατριαρχῶν
813 3253 905 3304 καὶ
939 3254 1172 3305 συνόδων
1198 3254 1420 3314 τούτους
1449 3254 1646 3313 αὐτοὺς
1673 3271 1776 3306 πα-

223 3341 591 3411 ραθραύουσα,
624 3345 684 3395 ού
720 3344 847 3406 τοὺς
881 3345 1302 3414 γεγραμμένους
1325 3346 1555 3406 κανόνας
1575 3345 1634 3396 αἱ
1663 3361 1778 3395 τοι·

219 3434 368 3488 αὗται
402 3437 738 3504 οἰκονομίαι,
785 3438 885 3489 καὶ
911 3439 944 3506 ἡ
993 3439 1066 3508 μὴ
1099 3439 1493 3507 δοκιμασθεῖσα
1519 3437 1778 3505 συνήθεια

219 3525 345 3586 ὅλως
364 3545 439 3578 πα
449 3527 849 3596 ρασαλεύουσιν
871 3543 887 3558 ·
933 3523 1094 3580 αὗται
1121 3528 1177 3578 δὲ
1211 3529 1411 3596 μᾶλλον
1441 3527 1547 3577 ὑπὸ
1569 3527 1777 3578 τούτων

221 3617 533 3669 τούναντίον
561 3620 744 3670 τέλεον
781 3621 1255 3688 συντριϐήσονται,
1307 3621 1382 3682 ὡς
1433 3617 1610 3688 χύτρα
1642 3620 1780 3672 κατὰ

223 3707 308 3758 τὸν
335 3708 667 3775 Σολομῶντα
717 3711 1142 3778 προσκρούσασα
1190 3710 1395 3776 λέϐητι.
1435 3711 1627 3761 Πύαίαι
1649 3710 1777 3778 γὰρ,

226 3799 396 3862 φησὶν,
425 3798 579 3864 ᾅδου
608 3796 718 3864 τῆς
759 3800 1123 3865 Ἐιικλησίας
1150 3802 1220 3852 οὺ
1260 3801 1779 3868 κατισχύσουσιν,

224 3889 675 3959 οίκοδομηθείσης
704 3891 856 3959 παρὰ
885 3892 1090 3960 Κυρίου
1125 3890 1218 3941 ἐπὶ
1241 3891 1318 3958 τῷ
1350 3891 1643 3957 θεοκήρυκι
1677 3888 1783 3941 Πέ-

225 3994 353 4046 τρῳ,
380 3980 458 4048 τῷ
502 3982 604 4031 σὺν
630 3982 741 4041 τοῖς
773 3981 979 4042 λοιποῖς
1003 3981 1175 4047 ἁγίοις
1205 3981 1526 4040 ἀποστόλοις
1560 3981 1784 4046 νομοθεο

227 4069 442 4134 τήσαντι
476 4069 658 4132 οὕτως
677 4071 737 4122 ὲν
769 4068 822 4133 ς’
855 4072 1038 4122 κανόνι
1079 4071 1282 4122 αὐτῶν·
1351 4071 1721 4129 Ἐπίσκοπος
1745 4068 1783 4136 ἢ

227 4161 625 4226 πρεσϐύτερος
661 4161 700 4225 ἢ
739 4160 1018 4225 διάκονος
1045 4159 1340 4227 κοσμικὰς
1363 4161 1684 4226 φροντίδας
1699 4159 1784 4226 μὴ

227 4245 692 4315 ἀναλαμϐανέτω
718 4264 731 4277 ·
753 4251 808 4299 εὶ
835 4247 1026 4316 δὲμὴ,
1067 4249 1478 4312 καθαιρείσθω.
1513 4250 1788 4312 Ὡσαύτως

231 4338 318 4389 καὶ
347 4339 406 4391 ιν
437 4337 532 4392 πα¹
560 4337 789 4406 εἴπομεν
817 4340 900 4391 ὅτι
942 4341 1016 4407 μὴ
1047 4341 1150 4408 χρὴ
1175 4340 1526 4408 ἐπίσκοπονῆ
1552 4342 1790 4409 πρεσϐύ-

1877 3169 2082 3222 divinos
2110 3168 2174 3221 de
2225 3164 2290 3218 iis
2317 3176 2551 3217 canones
2581 3155 2956 3217 intercidisse;
2991 3165 3088 3204 nec
3116 3149 3220 3201 ulla
3257 3146 3441 3213 cogni-

1877 3261 1950 3315 tio
1984 3269 2077 3312 aut
2108 3254 2436 3312 examinatio
2471 3249 2667 3304 litteris
2720 3247 2970 3300 mandata
3007 3241 3074 3295 ab
3109 3254 3174 3293 eo
3223 3237 3310 3306 qui
3352 3235 3442 3288 illo

1882 3360 2122 3418 tempore
2151 3345 2446 3414 imperialia
2493 3349 2703 3409 sceptra
2748 3336 2982 3394 tenebat,
3020 3346 3116 3384 nec
3152 3345 3178 3381 a
3213 3327 3441 3381 sanctis-

1880 3443 2032 3496 simis
2069 3435 2394 3507 patriarchis
2443 3441 2498 3486 et
2545 3428 2764 3500 synodis
2815 3439 2907 3478 eos
2966 3424 3111 3490 ipsos
3164 3426 3435 3475 evertens,

1880 3527 2142 3600 processit
2179 3546 2190 3578 :
2238 3523 2465 3586 scriptos
2508 3530 2745 3571 canones
2777 3510 3036 3581 ejusmodi
3081 3504 3438 3576 dispensatio-

1885 3636 1978 3674 nes
2013 3625 2066 3672 et
2093 3629 2194 3669 non
2223 3612 2446 3682 probata
2473 3605 2801 3662 consuetudo
2836 3600 3054 3656 omnino
3085 3615 3189 3652 non
3241 3593 3446 3648 labefa-

1886 3709 2135 3768 ctabuut;
2171 3704 2262 3758 sed
2291 3702 2418 3769 ipsae
2449 3697 2630 3767 potius
2651 3695 2716 3747 ab
2736 3695 2813 3748 eis
2841 3691 3053 3759 penitus
3075 3695 3445 3744 conterentur,

1884 3799 2021 3851 sicut
2060 3796 2198 3858 olla,
2242 3791 2416 3858 inquit
2468 3785 2752 3848 Solomon,
2784 3797 2903 3850 quae
2949 3780 3106 3832 lebcti
3155 3777 3305 3829 allisa
3338 3785 3436 3827 est.

1888 3884 2063 3936 Porta:
2084 3883 2242 3943 enim,
2276 3878 2464 3946 inquit,
2518 3876 2676 3943 inferi
2733 3875 2983 3925 adversus
3034 3867 3447 3920 Ecclesiamnon

1883 3972 2237 4039 praevalebunt
2268 3970 2332 4031 ³⁸,
2365 3981 2530 4035 quaen
2567 3963 2792 4018 Domino
2825 3977 2982 4029 supra
3021 3960 3110 4012 Dei
3145 3969 3448 4022 praeconem

1887 4065 2102 4118 Petrum
2135 4060 2390 4113 aedificata
2422 4067 2523 4122 est,
2551 4056 2640 4123 qui
2670 4069 2788 4108 cum
2820 4050 3036 4118 reliquis
3070 4047 3274 4122 sanctis
3325 4058 3452 4111 apo-

1888 4154 2040 4209 stolis
2070 4153 2120 4204 iu
2156 4161 2307 4204 sexto
2336 4161 2520 4200 eorum
2573 4157 2775 4198 canone
2805 4143 2882 4195 sic
2906 4138 3160 4202 decrevitf
3189 4152 3204 4189 ι
3233 4135 3451 4202 Episco-

1892 4261 2011 4314 pus,
2046 4243 2124 4297 vel
2151 4241 2450 4308 presbyter,
2502 4236 2586 4289 vel
2624 4237 2884 4287 diaconus
2919 4229 3194 4284 saecularia
3241 4225 3451 4292 negotia

1894 4313 2001 4382 non
2036 4328 2257 4393 recipiat
2289 4341 2302 4377 :
2333 4325 2416 4376 sin
2453 4321 2649 4384 minus,
2677 4321 2996 4386 deponatur.
3027 4315 3287 4369 Similiter
3320 4323 3371 4365 et
3400 4313 3454 4362 iu

229 4441 378 4494 τερον
404 4429 660 4481 καθιέναι
693 4405 906 4480 Ϋὲαυτδν
1047 4405 1407 4496 ’δημοσιακάς
1469 4405 1775 4498 δι-οικὴσειςη

1892 4419 2216 4487 octogesimo
2250 4416 2422 4482 primo
2456 4412 2711 4473 diximus,
2745 4409 2884 4476 quod
2913 4422 3017 4460 non
3074 4411 3286 4471 oportet
3335 4405 3450 4468 epi-

231 4513 362 4568 ἀλλὰ
393 4519 824 4586 προσευκαιρεῖν
851 4517 972 4577 ταῖς
1021 4517 1508 4583 ἐκκλησιαστικαῖς
1539 4517 1746 4585 χρείαις
1774 4534 1788 4550 ·

231 4603 568 4670 ἢπειθέσθω
624 4603 718 4656 οὖν
768 4603 928 4656 τοῦτο
982 4605 1056 4672 μὴ
1107 4606 1302 4666 ποιεῖν,
1333 4604 1364 4673 ἢ
1400 4603 1788 4666 καθαιρείσθω.

235 4694 436 4760 οὐδεὶς
460 4696 574 4764 γὰρ
608 4694 859 4747 δύναται
881 4693 1024 4746 δυσί
1043 4695 1267 4760 κυρίοις
1289 4693 1629 4754 δουλεύειν,
1651 4693 1791 4744 κατά

232 4787 324 4852 τὴν
355 4785 646 4853 Κυριακὴν
672 4783 1092 4852 παρακέλευσιν.
1134 4783 1253 4835 Ἔτι
1295 4783 1388 4834 καὶ
1416 4785 1443 4833 ὁ
1478 4789 1565 4850 πγ¹
1593 4783 1754 4851 φησίν
1775 4798 1790 4814 ⁸

244 4873 567 4932 Ἐπίσκοπος
603 4874 633 4942 ἢ
667 4873 1030 4942 πρεσὸύτερος
1058 4873 1089 4941 ἢ
1122 4873 1366 4934 διάκονος
1392 4873 1648 4940 στρατείᾳ
1675 4889 1790 4939 σχοσ

234 4963 420 5029 λάζων,
448 4965 898 5034 καὶαβουλόμενος
928 4965 1211 5033 ἀμφότερα
1245 4965 1515 5031 κατέχειν,
1556 4963 1792 5029 Ῥωμαῖ-

240 5055 331 5121 κὴν
355 5056 533 5124 ἀρχὴν
561 5055 654 5106 καὶ
679 5052 959 5122 ίερατικὴν
981 5053 1264 5121 διοίκησιν,
1299 5051 1684 5120 καθαιρείσθω.
1720 5051 1794 5104 Τὰ

240 5145 338 5210 τὰρ
365 5146 687 5209 Καίσαρος,
715 5143 988 5208 Καίσαρι,
1008 5142 1106 5194 καὶ
1133 5143 1202 5194 τὰ
1233 5141 1336 5194 τοῦ
1359 5139 1525 5204 Θεοῦ,
1553 5141 1628 5203 τῷ
1647 5140 1790 5202 Θεῷ.

241 5234 387 5286 Ἀλλὰ
422 5238 534 5302 μὴν
566 5236 660 5286 καὶ
708 5235 736 5284 ὁ
766 5233 864 5300 τῆς
905 5235 960 5284 ὲν
1011 5233 1339 5301 Καρθαγένῃ
1381 5231 1456 5295 ις’
1511 5231 1683 5290 οὕτως
1730 5231 1788 5280 ὲν

245 5325 391 5391 μέρει
424 5323 774 5394 διαγορεύει·
825 5323 1057 5392 Ὁμοίως
1088 5325 1304 5392 ήρεσεν,
1360 5324 1447 5375 ἵνα
1506 5322 1794 5373 ἐπίσκοποι

242 5416 324 5465 καὶ
347 5415 712 5484 πρεσϐύτεροι
748 5414 844 5466 καὶ
865 5413 1099 5466 διάκονοι
1128 5411 1464 5480 ἐκλήπτορες
1497 5410 1570 5479 μὴ
1606 5409 1799 5476 γίνων-

243 5522 322 5557 ται
359 5508 389 5576 ῆ
428 5507 896 5578 προκουράτορεῖ.
927 5505 1036 5556 Καὶ
1067 5504 1185 5569 μετ’
1219 5503 1397 5567 ὀλίγον
1421 5518 1433 5532 ·
1471 5503 1660 5562 Οὐδεὶς
1691 5502 1796 5569 γὰρ

373 5697 409 5725 ³⁸
455 5695 607 5746 l‘cut.
647 5707 713 5746 ιν.
745 5690 798 5740 ‘2.
867 5689 1116 5743 “Matth.
1182 5705 1286 5749 ιιι,
1337 5688 1417 5742 18.

1503 5687 1544 5718 ³³
1572 5686 1764 5740 Matth.
1806 5700 1872 5747 vt,
1923 5683 2011 5734 ‘2i.

1894 4523 2114 4576 scopum
2147 4505 2232 4558 vel
2260 4505 2628 4572 presbyterum
2657 4500 2721 4552 ad
2746 4497 2986 4566 publicas
3038 4492 3458 4548 administratio-

1896 4615 1992 4653 nes
2024 4596 2377 4656 descemlere,
2414 4593 2506 4646 sed
2555 4592 2610 4643 in
2662 4585 3046 4643 ecclesiasticis
3081 4583 3310 4651 negotiis
3342 4580 3460 4632 oili-

1894 4689 2098 4753 ciisque
2128 4683 2329 4738 versari
2369 4699 2381 4734 :
2414 4680 2498 4734 vel
2529 4693 2657 4746 ergo
2686 4679 2785 4731 hoc
2810 4692 2913 4729 non
2936 4673 3108 4727 facere
3134 4669 3460 4738 persuadea-

1894 4789 1999 4841 tur,
2025 4775 2439 4839 veldeponatttr.
2469 4769 2636 4822 Nemo
2666 4770 2802 4821 enim
2831 4776 2992 4832 potest
3016 4763 3215 4816 duobus
3236 4762 3458 4813 dominis

1895 4870 2088 4922 servire
2124 4867 2190 4929 ³³,
2225 4873 2283 4917 ut
2308 4873 2391 4918 est
2415 4871 2739 4931 praeceptum
2798 4857 3026 4910 Domini.
3088 4853 3354 4906 Praxterea
3408 4862 3463 4904 et

1895 4975 2064 5015 eanon
2097 4958 2166 5011 85
2223 4955 2394 5020 inquit
2430 4969 2443 5003 :
2478 4951 2770 5018 Episcopus
2803 4947 2884 5000 vel
2918 4945 3199 5013 presbyter
3234 4942 3314 4994 vel
3353 4942 3462 4993 dia-

1896 5065 2066 5104 conus
2098 5046 2298 5100 militiae
2333 5058 2550 5102 vacans,
2578 5051 2632 5093 et
2666 5039 2846 5091 volens
2879 5045 3166 5101 utrumque
3193 5033 3456 5090 obtinere,

1899 5140 2196 5192 Romanum
2261 5133 2632 5200 magistratum
2677 5136 2729 5183 et
2789 5125 3174 5180 sacerdotalem
3240 5120 3462 5173 admini-

1899 5230 2236 5286 strationem,
2256 5223 2576 5291 deponatur.
2609 5219 2737 5281 Quae
2763 5218 2895 5268 enim
2923 5225 3040 5266 sunt
3067 5211 3315 5271 Ccesaris,
3345 5207 3460 5260 ϐων

1899 5320 2028 5380 cari,
2057 5323 2107 5370 et
2128 5331 2242 5384 quae
2267 5324 2385 5366 sunt
2417 5310 2535 5373 Dei,
2572 5308 2676 5360 Deo
2700 5308 2763 5360 ⁸⁵.
2798 5305 2914 5357 Jam
2943 5317 3068 5356 vero
3100 5311 3152 5354 ct
3183 5295 3462 5361 Carthagi-

1905 5410 2084 5464 tteltsis
2118 5407 2358 5460 decimus
2387 5409 2568 5455 sextus
2596 5400 2674 5451 sic
2706 5397 2926 5465 praecise
2959 5394 3090 5448 dicit
3129 5409 3141 5445 :
3201 5387 3460 5443 Similiter

1904 5501 2121 5571 placuit,
2153 5508 2210 5550 ut
2234 5493 2466 5563 episcopi
2489 5499 2542 5544 ct
2573 5485 2874 5557 presbyteri
2903 5494 2954 5538 ct
2989 5481 3196 5537 diaconi
3229 5493 3331 5532 non
3356 5475 3464 5529 sint

2097 5679 2141 5711 ³⁸
2166 5679 2290 5733 an.
2337 5693 2428 5739 xx,
2464 5673 2554 5728 τιὸ.
