3982 6466
483 357 544 424 91
1715 364 1982 423 ἸἩΕο0.
2023 365 2041 420 l

2145 367 2249 422 .SA
2261 366 2416 423 ΜοΝ
3605 355 3685 417 92

487 472 945 528 administratores
977 475 1058 526 vel
1111 480 1504 538 procuratores.
1544 474 1611 525 Et
1646 476 1805 540 paulo
1857 483 1978 539 pusl
2013 490 2024 524 :

2145 476 2561 543 στρατευόμενος
2587 477 2666 542 τῷ
2684 476 2800 543 Θεῴ
2819 474 3145 544 ἐμπλέκεται
3173 472 3364 524 ἑαυτὸν
3388 470 3680 538 πράγμασι

485 561 670 614 Nullus
700 563 841 615 enim
872 561 978 616 Deo
1015 561 1250 613 militans
1301 563 1534 629 implicat
1587 577 1644 614 se
1687 563 2030 614 saecularibus

488 650 736 716 negotiis.
765 650 895 704 Cum
934 649 1017 701 his
1049 663 1259 715 quoque
1293 665 1461 702 canon
1498 650 1564 701 77
1587 648 2032 702 Chalcedonensis

488 738 650 807 538
685 737 914 806 synodi:
947 736 1073 798 Eos,
1106 737 1193 805 qui
1253 738 1412 790 semel
1463 738 1516 790 in
1567 739 1710 790 clero
1761 737 2032 790 constituti

487 844 633 886 sunt,
667 828 747 880 vel
778 827 1090 887 monachos,
1138 827 1420 879 statuimus
1469 841 1638 894 neque
1684 827 1750 880 ad
1782 827 2028 879 militiam

493 930 663 982 neque
691 916 757 968 ad
815 916 1121 970 saecularem
1176 916 1484 979 dignitatem
1538 918 1831 969 accedere:
1864 917 1945 968 vel
1987 915 2032 967 si

491 1008 589 1058 hoc
623 1006 876 1067 audeant,
908 1013 960 1057 et
990 1019 1093 1057 non
1121 1005 1431 1071 poenitentia
1458 1006 1603 1058 ducti
1650 1005 1716 1056 ad
1768 1005 1817 1057 id
1854 1019 2033 1059 rever-

492 1101 692 1155 tantur,
746 1094 888 1161 quod
915 1104 1129 1163 propter
1173 1094 1340 1148 Deum
1392 1095 1685 1164 elegerunt,
1725 1097 2032 1149 anathema-

490 1184 664 1237 tizari.
699 1183 765 1236 Et
795 1184 1370 1252 Constantinopolitani
1407 1188 1562 1253 primi
1596 1195 1647 1239 et
1684 1187 1904 1241 secundi
1935 1203 2032 1241 un-

489 1274 746 1336 decimus,
777 1273 889 1326 bazc
921 1274 990 1326 ita
1026 1277 1091 1327 ad
1124 1276 1338 1328 verbum
1361 1278 1725 1343 persequitur:
1753 1277 2034 1345 Presbyte-

493 1376 582 1414 ros
607 1361 690 1414 vel
719 1362 971 1415 diaconos
1013 1362 1298 1416 saecularcs
1351 1365 1692 1431 magistratus
1741 1364 1826 1416 vel
1879 1379 2033 1417 curas

492 1450 868 1516 suscipientes,
898 1451 976 1502 vel
1011 1466 1130 1519 qu:e
1169 1452 1220 1504 in
1277 1453 1680 1518 magistratuum
1711 1454 1918 1507 adibus
1948 1455 2031 1507 di-

498 1547 695 1591 cuntur
729 1540 1053 1601 curationes,
1084 1539 1250 1593 divini
1281 1550 1332 1594 et
1375 1543 1514 1595 sacri
1559 1557 1791 1598 canones
1823 1545 2033 1611 deposi-

490 1627 620 1680 tioni
670 1628 978 1695 subjiciunt.
1008 1628 1119 1682 Hoc
1157 1645 1285 1698 ergo
1327 1645 1424 1684 nos
1456 1647 1667 1700 quoque
1705 1634 2030 1688 conﬁrman-

491 1726 593 1782 tes,
622 1719 784 1770 etiam
814 1719 880 1772 de
935 1719 1176 1786 reliquis,
1213 1720 1302 1787 qui
1344 1721 1396 1774 in
1449 1723 1648 1776 elerum
1693 1724 1842 1777 relati
1888 1733 2030 1787 sunt,

2139 568 2438 632 κοσμικοῖς.
2493 566 2596 617 Σὺν
2622 566 2831 628 τούτοις
2857 566 2949 617 καὶ
2980 568 3006 617 ό
3057 563 3129 626 οζ⁰
3165 564 3262 630 τῆς
3288 563 3343 612 ἐν
3379 561 3682 627 Χαλκηδόνι

2139 657 2379 717 συνόδου,
2408 659 2532 714 τοὺς
2558 657 2699 720 ἅπαξ
2757 658 2811 706 ὲν
2838 655 3025 721 κλήρῳ
3081 651 3449 717 τεταγμένους
3491 647 3522 716 ἦ
3583 648 3682 696 καὶ

2141 746 2406 811 μοναστάς
2438 746 2716 812 ὼρίσαμεν
2767 745 2898 811 μήτε
2942 743 3031 793 ἐπὶ
3079 740 3366 807 στρατείαν
3401 739 3535 804 μήτε
3589 736 3685 785 ἐπὶ

2141 834 2291 896 ἀξίαν
2323 834 2588 901 κοσμικὴν
2619 833 2906 902 ἔρχεσθαι·
2939 831 2970 898 ἢ
3007 829 3162 880 τοῦτο
3211 827 3545 894 τολμῶντας,
3587 825 3686 873 καὶ

2142 923 2216 991 μὴ
2255 923 2739 990 μεταμελομένους,
2771 921 2910 973 ὥστε
2964 918 3282 985 ἐπιστρέψαι
3343 917 3435 967 ἐπὶ
3467 915 3624 966 τοῦτο
3655 911 3687 962 ὃ

2139 1013 2224 1064 διὰ
2254 1012 2386 1065 Θεὸν
2420 1012 2648 1070 εἴλοντο.
2676 1008 3192 1076 ἀναθεματίζεσθαι.
3246 1007 3354 1057 Καὶ
3391 1007 3419 1055 ό
3471 1003 3570 1068 τῆς
3626 1005 3690 1050 ὲν

2139 1101 2699 1154 Κωνσταντινουπόλει
2728 1099 2773 1151 α’
2826 1101 2916 1150 καὶ
2944 1098 2985 1166 β’
3022 1097 3236 1148 συνόδου
3289 1092 3356 1146 ια’
3386 1093 3508 1144 τάδε
3540 1089 3689 1140 κατὰ

2140 1193 2289 1259 ρἧα
2315 1191 2565 1255 διέξεισι·
2596 1192 2731 1251 Τοὺς
2768 1188 3177 1256 πρεσδυτέρους
3219 1186 3250 1253 ἢ
3283 1182 3562 1238 διακόνους
3587 1196 3687 1230 κο-

2139 1282 2340 1350 σμικάς
2368 1281 2538 1350 ἀρχὰς
2567 1280 2598 1348 ἢ
2627 1279 2911 1348 φροντίδας
2941 1277 3387 1342 ἀναδεχομένους,
3423 1275 3455 1340 ἢ
3495 1272 3591 1330 τὰς
3625 1272 3690 1320 ὲν

2136 1373 2249 1431 τοῖς
2274 1373 2442 1429 οἴκοις
2470 1370 2576 1421 τῶν
2606 1369 2879 1437 ἀρχόντων
2925 1365 3224 1432 λεγομένας
3255 1359 3694 1430 κουρατωρείας,

2138 1465 2187 1513 οί
2225 1462 2357 1513 θεῖοι
2388 1461 2480 1512 καὶ
2532 1461 2662 1527 ἱεροὶ
2715 1459 2938 1516 κανόνες
2977 1456 3292 1522 καθαιρέσει
3343 1450 3696 1506 καθυποσάλο

2136 1551 2306 1602 λουσι.
2345 1551 2517 1601 Τοῦτο
2555 1547 2646 1600 οὖν
2676 1549 2770 1600 καὶ
2797 1549 2956 1614 ἡμεῖς
2989 1543 3401 1612 ὲπικυροῦντες,
3431 1542 3524 1593 καὶ
3555 1539 3695 1605 περὶ

2137 1640 2244 1692 τῶν
2272 1639 2474 1690 λοιπῶν
2508 1639 2614 1689 τῶν
2663 1639 2719 1688 ὲν
2759 1636 2942 1706 κλήρῳ
2997 1633 3427 1698 κατειλεγμένων
3460 1629 3698 1695 διοριζό-

2143 1729 2301 1796 μεθα,
2331 1728 2426 1790 ὡς,
2457 1728 2509 1778 εῐ
2537 1744 2618 1786 τις
2650 1727 2828 1776 αὑτῶν
2850 1725 3120 1791 κοσμικὰς
3165 1723 3339 1790 ἀρχὰς
3375 1718 3696 1786 μεταχειρίο

490 1807 798 1872 statuimus,
834 1816 928 1870 ut,
960 1809 1004 1862 si
1033 1810 1152 1875 quis
1177 1824 1358 1862 eorum
1385 1814 1656 1866 saacularia
1695 1813 1900 1883 negotia
1945 1829 2035 1882 ag-

2145 1818 2364 1884 ζοιτο,ἢ
2422 1818 2517 1876 τὰς
2548 1817 2605 1866 ὲν
2635 1818 2744 1874 τοῖς
2775 1815 2881 1866 τῶν
2930 1814 3202 1882 ἀρχόντων
3251 1811 3416 1870 οἴκοις
3473 1809 3503 1875 ἢ
3554 1824 3697 1871 προ-

490 1897 783 1965 grediatur,
809 1896 1044 1964 ve|,'qu:e
1070 1898 1119 1951 in
1143 1900 1544 1967 magistratuum
1574 1902 1774 1956 aedibus
1801 1903 1884 1955 vel
1905 1904 2036 1958 sub-

489 1985 706 2039 urbanis
736 1987 1037 2040 curationes
1097 1988 1347 2040 dicuntur
1373 2031 1388 2053 ,
1422 1991 1693 2057 suscipiat,
1730 1992 1771 2046 is
1797 2008 1859 2046 ex
1894 1993 2036 2046 clero

488 2075 800 2139 expellatur.
833 2074 999 2127 Nemo
1040 2079 1180 2129 enim
1229 2088 1413 2143 potest,
1471 2083 1760 2133 secundum
1823 2081 2024 2135 Christi

490 2164 601 2216 veri
633 2162 723 2215 Dei
754 2163 920 2216 nostri
949 2165 1148 2217 dictum
1185 2175 1241 2219 et
1287 2168 1622 2222 verissimam
1661 2185 1871 2234 vocem,
1902 2173 2036 2223 duo-

490 2253 584 2305 bus
627 2252 852 2306 dominis
882 2255 1090 2307 servire.
1125 2255 1189 2307 Et
1238 2256 1456 2308 omnino
1515 2258 1782 2311 manifesti
1836 2269 1959 2312 sunt
1987 2269 2040 2312 et

488 2343 660 2410 aperti
689 2342 738 2395 hi
769 2343 932 2395 divini
960 2357 1192 2397 canones
1230 2361 1242 2396 :
1274 2353 1328 2397 et
1363 2345 1479 2397 ideo
1512 2360 1614 2398 non
1672 2357 1798 2400 sunt
1863 2357 2037 2401 trans-

491 2431 754 2486 formandi
814 2433 895 2485 vel
946 2434 1101 2485 aliter
1166 2435 1482 2502 accipiendi.
1543 2435 1596 2487 Si
1649 2446 1823 2490 autem
1876 2440 2036 2492 etiam

491 2533 667 2572 causae
705 2531 1102 2586 procuratorem
1132 2536 1249 2590 qua:
1299 2523 1364 2576 ad
1411 2524 1714 2587 ecclesiam,
1767 2527 1917 2592 cujus
1955 2536 2040 2580 est

493 2606 745 2671 clericus,
775 2623 877 2660 non
916 2610 1170 2676 pertinet,
1208 2609 1322 2662 ﬁeri
1358 2613 1556 2666 clerico
1579 2613 1904 2681 prohibitum
1935 2626 2036 2679 est,

491 2711 578 2754 ne,
605 2696 798 2764 inquit,
828 2697 1003 2748 divina
1048 2698 1343 2751 ministeria
1399 2701 1780 2767 impediantur,
1838 2714 2039 2770 quanto

493 2786 662 2848 magis
702 2785 1025 2853 prohibitum
1059 2797 1138 2840 est
1169 2788 1462 2854 majoribus
1495 2791 1844 2844 saecularibus
1876 2808 2040 2855 nego-

492 2875 580 2928 tiis
613 2876 891 2942 implicari,
921 2892 1039 2942 qua:
1075 2879 1386 2946 impediunt,
1425 2895 1488 2932 ne
1523 2881 1687 2948 possit
1717 2883 2041 2934 ecclesiasti-

493 2965 572 3018 cis
605 2966 830 3030 negotiis
881 2981 1090 3019 vacare.
1135 2968 1389 3019 Omnibus
1447 2984 1574 3035 ergo
1629 2971 2041 3040 religiosissimis

2134 1907 2366 1966 αστείοις
2389 1904 2681 1970 λεγομένας
2709 1901 3106 1967 κουρατωρείας
3141 1899 3470 1965 ἀναδέχοιτο,
3499 1896 3694 1947 τοῦτον

2133 1994 2225 2047 τοῦ
2250 1994 2445 2046 οἰκείου
2470 1993 2670 2058 κλήρου
2705 1990 3119 2041 ἀποδιώκεσθαι.
3144 1987 3352 2049 Οὐδείς
3423 1985 3529 2052 γάρ
3590 1983 3694 2034 δύο

2133 2101 2323 2147 ναται,
2366 2082 2504 2134 κατὰ
2553 2083 2648 2147 τὴν
2702 2081 2796 2132 τοῦ
2846 2080 3081 2147 Χριστοῦ
3120 2079 3211 2130 τοῦ
3250 2075 3503 2144 ἀληθινοῦ
3551 2075 3695 2125 Θεοῦ

2135 2172 2287 2240 ἡμῶν
2319 2170 2636 2223 αὑτόλεκτον
2671 2171 2761 2220 καὶ
2805 2168 3210 2235 ἀψευδεστάτην
3272 2165 3490 2233 φωνὴν.
3538 2163 3690 2215 δυσὶ

2137 2263 2362 2326 κυρίοις
2395 2260 2727 2312 δουλεύειν.
2762 2258 2867 2310 Καὶ
2902 2259 3093 2321 σαφεῖς
3117 2257 3328 2317 πάντως
3354 2257 3402 2306 οί
3422 2255 3554 2306 θεῖοι
3583 2269 3654 2303 κα
3678 2281 3695 2290 -

2138 2351 2283 2409 νόνες
2305 2342 2449 2401 οὗτοι
2487 2350 2579 2400 καὶ
2610 2347 2899 2415 πρόδηλοι·
2934 2350 3026 2396 καὶ
3065 2344 3150 2395 διὰ
3179 2344 3336 2396 τοῦτο
3367 2342 3686 2410 μεταποιεῖν-

2141 2439 2264 2490 σθαι
2292 2438 2508 2499 τούτους
2537 2439 2594 2489 οὑ
2629 2437 2755 2504 χρή.
2784 2437 2841 2486 Εἰ
2871 2435 2924 2486 δὲ
2949 2436 3040 2485 καὶ
3081 2434 3296 2485 ἐντολέα
3341 2434 3495 2499 δίκης
3536 2430 3684 2492 γίνε-

2140 2529 2262 2579 σθαι
2285 2529 2372 2578 τὸν
2396 2526 2806 2593 κεκληρωμένον
2837 2523 3137 2574 κεκώλυται
3177 2523 3248 2589 μὴ
3292 2519 3598 2587 ἀνηκούσης
3626 2520 3696 2585 τῇ

2141 2619 2399 2686 ἐκκλησίᾳ
2423 2611 2490 2686 ἧς
2538 2619 2649 2667 ὲστι
2704 2615 2980 2682 κληρικδς,
3018 2615 3122 2674 ἵνα,
3181 2612 3331 2679 φησὶ,
3371 2610 3442 2678 μὴ
3468 2611 3521 2661 αί
3553 2609 3697 2660 Θεῖαι

2141 2708 2432 2774 ὑπηρεσίαι
2466 2705 2975 2772 παρεμποδίζοιντο.
3024 2701 3172 2767 πόσῳ
3196 2700 3355 2750 πλέον
3390 2697 3700 2749 κεκώλυται

2145 2799 2350 2862 μείζοσι
2378 2799 2662 2863 κοσμικαῖς
2686 2794 2964 2862 φροντίσιν
2987 2788 3374 2855 ὲςιπλέκεσθαι,
3407 2803 3702 2855 παρεμπο-

2139 2887 2405 2950 διζούσαις
2443 2886 2589 2950 αὑτῴ
2622 2887 2737 2944 ταῖς
2783 2881 3256 2947 ἐκκλησιαστικαῖς
3287 2881 3499 2946 χρείαις
3529 2893 3703 2939 προσ-

2142 2980 2437 3046 ευκαιρεῖν.
2490 2977 2630 3027 Πᾶσι
2685 2975 2862 3024 τοίνυν
2890 2973 3303 3032 εὑλαϐεστάτοις
3328 2970 3606 3037 κληρικοῖς
3641 2971 3704 3018 ἐν

493 3055 956 3120 sanctissimisque
987 3057 1198 3109 clericis
1225 3059 1275 3110 in
1311 3071 1497 3111 sancto
1545 3059 1745 3125 Spiritu
1801 3063 2037 3127 praecipi-

2147 3069 2282 3135 ἁγίῳ
2316 3064 2746 3131 παρεγγυιὺμεθα
2775 3062 3046 3127 Πνεύματι
3095 3061 3201 3110 τῶν
3259 3060 3558 3126 εἰρημένων
3592 3059 3702 3108 ἀπ-

496 3159 633 3206 mns,
670 3153 723 3196 ut
754 3158 783 3195 a
808 3145 962 3197 dictis
999 3147 1345 3200 abstineant:
1384 3148 1466 3200 vel
1495 3149 1664 3200 sciant
1695 3187 1711 3211 ,
1741 3165 1797 3202 se
1827 3152 2042 3216 quidem

494 3235 881 3303 segregationis
920 3251 1091 3307 pmnre
1137 3237 1406 3305 subjectos
1451 3238 1596 3300 fore;
1643 3242 1768 3304 quin
1810 3251 1862 3292 et
1899 3245 2042 3308 quod

495 3323 753 3387 majorem
809 3340 1016 3392 quoque
1069 3336 1119 3378 el
1177 3327 1484 3378 canonicam
1539 3326 1884 3378 acerbitatem
1943 3343 2045 3380 non

497 3415 778 3483 eﬂugient,
834 3415 1091 3481 ejusmodi
1155 3417 1498 3468 saecularibus
1563 3416 1790 3482 negotiis
1845 3417 2048 3483 seipsos

497 3507 851 3572 implicantes.
878 3506 954 3559 Ad
1000 3507 1102 3560 hoc
1147 3507 1287 3559 enim
1314 3520 1548 3571 praesens
1601 3520 1812 3573 quoque
1860 3515 2050 3558 nostrre

499 3597 881 3648 mediocritatis
939 3597 1210 3648 decretum
1289 3595 1668 3647 sacratissimis
1721 3595 2047 3648 antistitilms

499 3683 711 3748 scriptis
739 3683 871 3733 tradi
894 3684 1097 3748 jnssnm
1128 3691 1228 3745 est,
1257 3682 1496 3734 utetiam
1521 3681 1758 3743 clericis,
1800 3682 1890 3748 qui
1926 3693 2051 3736 sttnt

504 3773 826 3838 ubicunque,
859 3772 928 3823 sit
960 3770 1323 3824 manifestum.

573 3860 812 3912 Edictum
842 3860 1160 3926 patriarcha:
1188 3861 1388 3913 domini
1413 3861 1633 3915 Joannis
1659 3864 1736 3917 sic
1767 3879 1823 3917 se
1852 3863 2046 3916 habet:

506 3949 684 4001 Mense
733 3950 1022 4002 Februario
1072 3951 1158 4002 die
1218 3951 1423 4003 decimo
1454 3961 1644 4010 sexto.
1682 3952 1813 4004 feria
1873 3955 2050 4016 tertia,

505 4039 793 4090 indictione
819 4049 1021 4091 octava.
1113 4040 1243 4092 Cum
1299 4040 1490 4093 multos
1563 4041 1953 4096 ecclesiasticos
1999 4051 2054 4094 et

506 4125 795 4179 monachos
823 4130 1120 4180 videremus
1176 4129 1376 4182 alienas
1423 4145 1612 4182 causas
1662 4132 1972 4191 subeuntes,
1999 4140 2054 4183 et

509 4233 605 4283 pro
637 4218 699 4268 iis
729 4218 1089 4280 decertantes,
1124 4219 1209 4283 qui
1247 4219 1295 4270 in
1321 4219 1564 4272 civilibus
1593 4229 1643 4272 et
1665 4220 2045 4273 ecclesiasticis

497 4306 718 4370 jttdiciis
749 4305 974 4371 litigant,
1041 4308 1108 4358 ab
1150 4307 1510 4360 ecclesiastica
1566 4309 1950 4361 consuetudine
1993 4320 2047 4360 et

2148 3155 2434 3223 έχεσθαι·ἢ
2471 3153 2573 3220 μὴν
2602 3153 2798 3202 εἰδέναι
2823 3151 2895 3211 ὡς
2921 3150 3133 3200 ἔσονται
3160 3150 3257 3214 μὲν
3282 3149 3539 3215 ἐπιτιμίῳ
3562 3149 3701 3210 ἀφο-

2149 3244 2343 3311 ρισμοῦ
2379 3241 2826 3307 ὑποϐεϐλημένοι,
2861 3242 2951 3290 καὶ
2981 3238 3078 3306 τὴν
3113 3239 3282 3305 μείζω
3324 3238 3379 3289 δὲ
3412 3237 3704 3304 κανονικὴν

2147 3332 2445 3397 αὐστηρίαν
2497 3330 2555 3379 οὑ
2613 3326 3010 3392 διαφεύξονται,
3074 3325 3359 3392 πράγμασι
3411 3329 3703 3389 κοσμικοῖς

2144 3421 2402 3480 τοιούτοις
2429 3418 2789 3486 ἐμπλέκοντες
2814 3416 3060 3475 ἑαυτούς.
3101 3416 3224 3466 Ἐπὶ
3255 3414 3428 3481 τούτῳ
3468 3417 3574 3482 γὰρ
3607 3417 3704 3465 καὶ

2147 3511 2174 3560 ὁ
2198 3507 2381 3575 παρὼν
2409 3506 2679 3572 ἔγγραφος
2706 3505 2928 3570 ὁρισμὸς
2981 3507 3077 3571 τῆς
3129 3504 3282 3571 ἡμῶν
3351 3504 3704 3569 μετριότητος

2149 3597 2379 3656 καὶτοῖς
2416 3596 2728 3662 ἱερωτάτοις
2767 3592 3113 3661 ἀρχιερεῦσιν
3180 3591 3494 3657 ἐπιδοθῆναι
3548 3591 3704 3641 τετύ-

2149 3705 2344 3747 πωται,
2370 3685 2458 3736 ῖνα
2481 3686 2571 3736 καὶ
2606 3687 2713 3744 τοῖς
2747 3682 3057 3749 ἁπανταχοῦ
3089 3683 3366 3748 κληρικοῖς
3398 3679 3706 3746 κατάδηλος

2150 3779 2375 3845 γένηται

2221 3866 2291 3916 Τὸ
2319 3865 2605 3932 σημείωμα
2652 3861 2741 3914 τοῦ
2792 3860 3377 3928 πατριάρχουικυρίου
3458 3858 3707 3911 Ἰωάννου

2151 3957 2262 4024 ἔχει
2296 3955 2466 4015 οὑτως
2493 3971 2504 3984 ·
2527 3956 2673 4018 Μηνὶ
2727 3952 3075 4020 Φεϐρουαρίῳ
3107 3949 3202 4013 ις’,
3235 3951 3415 4019 ἡμέρᾳ
3464 3949 3533 4013 γ’,
3573 3951 3706 4001 ενδι-

2152 4043 2374 4101 κτιῶνος
2407 4040 2476 4108 η’,
2519 4031 2742 4100 πολλοὺς
2777 4039 2883 4090 τῶν
2915 4037 3380 4104 ἑκκλησιαστικῶν
3413 4037 3505 4088 καὶ
3542 4054 3708 4103 μονα-

2152 4132 2259 4201 χῶν
2290 4130 2623 4197 καθορῶντες
2651 4129 2932 4186 ὑποθέσεις
2959 4127 3243 4192 ἀλλοτρίας
3279 4126 3704 4192 ὑποδυομένους,

2152 4221 2243 4270 καὶ
2274 4216 2846 4284 ὑπεραγωνιζομένους
2873 4215 2977 4264 τῶν
3004 4213 3373 4281 δικαζομένων
3409 4217 3463 4264 ὲν
3493 4215 3710 4266 πολιτι-

2153 4309 2270 4367 κοῖς
2328 4308 2418 4358 καὶ
2455 4306 2925 4371 ὲκκλησιαστικοῖς
2979 4303 3368 4369 δικαστηρίοις,
3421 4303 3706 4371 ἀλλότριον

503 4395 678 4461 legum
712 4393 993 4460 gravitate,
1020 4397 1158 4459 quod
1194 4396 1370 4460 liebat,
1408 4397 1680 4462 indignum
1721 4398 2041 4464 jttdicanles,

2151 4397 2244 4462 τῆς
2273 4396 2720 4462 ἐκκλησιαστικῆς
2769 4393 3045 4461 συνηθείοι.ι
3114 4393 3205 4443 καὶ
3240 4392 3331 4458 τῆς
3377 4391 3484 4442 τῶν
3519 4393 3707 4459 νόμων

503 4484 805 4546 statuimus,
849 4493 905 4534 ut
957 4498 1113 4536 nemo
1148 4485 1418 4551 deinceps,
1462 4501 1556 4537 nec
1606 4489 1916 4549 monachus,
1954 4501 2049 4539 nec

504 4571 643 4624 ullus
692 4572 1112 4634 ecclesiasticus,
1146 4574 1346 4627 alienas
1403 4590 1593 4628 causas
1646 4577 1940 4641 suscipiens
1997 4577 2047 4628 in

500 4659 703 4726 judicio
751 4661 1019 4714 defendat.
1073 4663 1129 4713 ld
1160 4662 1300 4714 enim
1345 4671 1427 4715 est
1469 4674 1649 4730 aperte
1719 4665 2047 4717 mercenaria

505 4765 690 4814 opera.
731 4751 793 4802 Et
825 4765 982 4802 nemo
1015 4753 1115 4803 tale
1145 4753 1268 4818 quid
1306 4767 1466 4822 agens
1493 4764 1683 4807 nostra:
1733 4755 2053 4806 rnoderatio-

505 4842 590 4894 nis
625 4841 940 4908 supplicium
976 4840 1227 4909 effugiet:
1262 4853 1636 4909 praeterquam,
1683 4844 1725 4896 si
1768 4843 1901 4896 forte
1929 4858 2047 4896 cum

505 4930 579 4984 sit
621 4945 780 4982 causa
818 4931 1207 4996 ecclesiastica,
1241 4948 1266 4982 a
1302 4933 1452 4985 nobis
1475 4932 2050 4998 juhcatnralter-utrius

506 5018 828 5085 litigantium
889 5019 1056 5084 partis
1115 5020 1475 5073 defensionem
1544 5021 1833 5085 suscipere.
1901 5021 2052 5074 Tunc

505 5113 647 5162 enirn
680 5119 1033 5179 praeterquam
1065 5112 1202 5178 quod
1234 5129 1261 5163 a
1307 5114 1726 5180 reprehensione
1775 5115 1876 5166 erit
1919 5113 2051 5164 alie-

507 5214 628 5260 nus,
662 5201 712 5250 in
743 5214 952 5266 poenam
988 5217 1198 5268 quoque
1231 5217 1330 5254 non
1371 5204 1546 5254 cadet.
1584 5200 1827 5254 Praesens
1876 5212 2049 5254 autem

511 5286 739 5338 edictum
793 5289 1043 5341 omnibus
1097 5304 1307 5356 quoque
1360 5290 1604 5343 civilibus
1653 5290 1922 5356 judicihns
1956 5290 2051 5358 legi

509 5377 715 5441 jussutn
753 5385 854 5437 est,
889 5389 973 5440 ttt,
1005 5392 1124 5430 cum
1166 5380 1329 5430 nostri
1362 5379 1557 5431 decreti
1625 5380 1901 5431 scientiam
1958 5380 2056 5432 ha-

513 5467 752 5527 buerint,
777 5482 867 5519 eos
903 5468 1118 5520 omnino
1145 5482 1250 5519 non
1280 5469 1565 5520 admittant
1595 5472 1658 5521 ad
1683 5470 1905 5520 ullurum
1931 5485 2056 5521 catt-

515 5570 603 5607 sas
635 5557 884 5622 agendas.
916 5555 1008 5611 Vis
1033 5567 1208 5610 autem
1251 5558 1411 5610 edicti
1451 5559 1648 5611 domini
1691 5559 1911 5610 Michael
1945 5561 2053 5612 hazc

516 5650 597 5694 est
630 5661 640 5693 :
675 5643 1118 5697 Mcnstanuat‘io
1147 5645 1451 5698 diedccitno
1485 5649 1656 5708 tertio,
1691 5647 1818 5699 t'cria
1845 5657 2052 5709 quarta,

2150 4485 2432 4552 ἀκριϐείας
2487 4488 2543 4533 τὸ
2593 4482 2960 4550 πραττόμενον
3016 4481 3322 4548 κρίναντες,
3352 4480 3709 4548 διοριζόμεθα

2154 4573 2348 4643 μηκέτι
2387 4573 2479 4624 τοῦ
2521 4572 2705 4623 λοιποῦ
2751 4572 2885 4638 μήτε
2952 4570 3181 4638 μοναχὸν
3250 4571 3387 4638 μήτε
3445 4570 3552 4621 τῶν
3581 4587 3710 4620 τινα

2151 4663 2613 4732 ὲκκλησιαστικῶν
2656 4659 2941 4726 ἀλλοτρίας
2979 4661 3200 4725 ἀγωγὰς
3238 4661 3705 4727 ὑπεισερχόμενον

2151 4756 2207 4805 ὲν
2227 4753 2559 4821 δικαστηρίῳ
2585 4751 2923 4818 συνηγορεῖν.
2958 4749 3278 4817 Ἐργολαϐία
3309 4749 3415 4815 γὰρ
3442 4750 3708 4816 ἄντικρυς

2151 4842 2324 4893 τοῦτο.
2377 4842 2483 4892 Καὶ
2517 4841 2615 4890 οὑκ
2660 4839 2725 4890 ἄν
2760 4854 2842 4898 τις
2876 4835 3114 4887 τοιοῦτόν
3164 4853 3214 4886 τι
3238 4837 3708 4904 διαπραττόμενος

2151 4913 2247 4999 την
2271 4931 2375 4981 ἀπὸ
2396 4931 2493 4993 τῆς
2521 4930 2673 4995 ἡμῶν
2703 4928 3046 4996 μετριότητος
3077 4927 3390 4994 ἐπιτίμησιν
3415 4928 3708 4995 διαφεύξη-

2151 5041 2259 5081 ται,
2290 5022 2426 5088 πλὴν
2452 5022 2498 5070 εί
2533 5020 2697 5087 μήπω
2728 5018 3184 5084 ἐκκλησιαστικῆς
3212 5019 3514 5078 ὑποθέσεως
3539 5018 3707 5087 οὑσης

2153 5110 2463 5176 κελευσθείη
2519 5113 2646 5174 παρ’
2699 5106 2854 5174 ἡμῶν
2908 5107 3416 5174 ὑπεραγωνίζεσθαι
3474 5108 3711 5174 θατέρου

2157 5199 2356 5266 μέρους
2387 5197 2491 5246 τῶν
2518 5193 2900 5260 δικαζομένων.
2963 5192 3277 5260 Τηνικαῦτα
3332 5194 3440 5260 γάρ
3473 5194 3582 5256 ἕξει
3615 5199 3712 5246 σὺν

2153 5287 2229 5354 τῷ
2273 5288 2540 5354 ἀμέμπτῳ
2570 5286 2662 5334 καὶ
2687 5285 2745 5334 τὸ
2778 5285 3188 5350 ἀνεπιτίμητον.
3219 5285 3292 5335 Τὸ
3321 5286 3380 5334 δὲ
3404 5285 3576 5352 παρὸν
3607 5287 3708 5352 στη-

2160 5379 2371 5445 μείωμα
2405 5372 2893 5439 ὑπαναγνωσθῆναι
2919 5371 3125 5440 ὡρίσθη
3157 5374 3250 5425 καὶ
3293 5375 3426 5424 πᾶσι
3458 5376 3564 5433 τοῖς
3598 5390 3668 5424 πο
3694 5406 3704 5411 -

2156 5467 2377 5525 λιτικοῖς
2409 5464 2708 5522 δικασταῖς,
2755 5461 2841 5523 ἵν’,
2879 5462 3126 5512 ἐντεῦθεν
3183 5463 3390 5531 εἴδησιν
3454 5462 3712 5523 λαϐόντες

2157 5555 2249 5606 τοῦ
2275 5554 2541 5620 ἡμετέρου
2572 5550 2875 5616 διορισμοῦ,
2913 5553 2985 5618 μὴ
3011 5551 3407 5619 προσδέχωνται
3448 5552 3569 5611 τοὺς
3591 5568 3708 5601 τοι-

2161 5646 2344 5701 ούτους
2380 5645 2455 5701 εἰς
2483 5640 2542 5689 τὸ
2607 5640 2732 5689 εισίν
2764 5638 2893 5697 ὅλως
2930 5641 3231 5700 συντηρεῖν.
3285 5640 3346 5689 'll
3381 5638 3433 5688 δὲ
3481 5638 3710 5705 δύναμις
