3982 6448
178 348 243 412 93
1277 352 1361 414 IN
1402 353 1564 414 CAN.
1621 354 1751 412 xv1
1788 353 1996 416 conc.
2035 354 2408 415 manus.
3327 339 3396 400 9t

178 455 267 509 τοῦ
308 450 692 528 σημειώματος
748 460 847 513 τοῦ
904 460 1074 529 κυροῦ
1124 461 1342 532 Μιχαὴλ
1376 462 1523 513 ἔστιν
1554 458 1730 527 αὕτη·

1851 456 2146 512 χηόίοιίοιιίε
2169 469 2393 527 quarta},
2424 467 2478 510 et
2507 457 2783 522 deinceps,
2809 451 3083 506 constituit
3137 463 3204 500 ne
3230 445 3397 500 lecto-

184 551 328 616 Μηνῖ
375 550 689 618 Ἰανουαρίῳ
714 549 807 617 ιγ’,
840 550 1026 622 ἡμέρᾳ
1060 550 1123 614 δ’,
1168 550 1496 611 ίνδικτιῶνος
1546 546 1609 611 δ’,
1644 549 1737 601 καὶ

183 639 401 705 ἑφεξῆς,
455 639 794 692 διατάττεται
826 645 924 693 καὶ
966 642 1094 702 τοὺς
1146 640 1499 707 ἀναγνώστας
1549 639 1742 708 ἐπίσης

183 731 291 789 τοῖς
316 729 581 789 διακόνοις
610 729 705 783 καὶ
739 731 853 791 τοῖς
904 730 1106 800 ίερεῦσι
1144 730 1217 800 μὴ
1268 730 1619 799 ἀναδέχεσθαι
1650 748 1739 781 κο-

190 818 359 885 σμικὰ
383 818 611 884 όφφίκια
643 818 677 886 ἢ
698 822 1090 887 πρακτωρικάς
1108 821 1385 887 ἐνεργείας
1408 822 1441 889 ἢ
1466 837 1741 890 κουρατω-

190 907 361 976 ρείας.
378 909 468 959 διὰ
494 909 585 960 τὸν
612 908 680 960 ια’
711 909 914 962 κανόνα
939 909 1040 977 τῆς
1068 911 1126 962 ιν
1173 911 1741 963 Κωνσταντινουπόλει

186 1002 233 1047 α’
257 998 353 1048 καὶ
384 996 433 1065 β’
450 998 691 1051 συνόδου.
724 998 862 1065 Περὶ
885 998 941 1050 δὲ
969 998 1279 1068 ἱερωμένων
1299 999 1741 1067 συνηγορούντων

186 1087 390 1147 ίκανῶς
415 1087 734 1156 ἐγράψαμεν
763 1088 843 1150 είς
872 1088 935 1139 τδ
960 1086 1028 1155 ιγ’
1062 1105 1188 1154 κεφ.
1235 1088 1330 1140 τοῦ
1366 1087 1415 1159 η’
1440 1088 1619 1141 τίτλου
1645 1088 1740 1141 τοῦ

185 1176 455 1244 παρόντος
498 1178 879 1244 συντάγματος
904 1193 920 1209 ’
966 1178 1064 1230 καὶ
1094 1178 1366 1245 ἀνάγνωθι
1412 1177 1604 1231 ταῦτα.
1633 1179 1745 1230 Καὶ

181 1266 252 1317 τὰ
282 1263 382 1330 μὲν
415 1264 523 1317 τῶν
543 1266 785 1317 κανόνων
819 1267 912 1319 καὶ
951 1266 1060 1319 τῶν
1099 1267 1389 1319 συνοδικῶν
1417 1269 1744 1336 σημειωμά-

182 1371 296 1405 των
320 1357 382 1407 ὲν
400 1358 631 1417 τούτοις.
658 1357 893 1423 Λέγουσι
921 1356 978 1409 δέ
1009 1374 1153 1420 τινες
1180 1357 1358 1426 χώραν
1383 1356 1558 1410 ταῦτα
1578 1357 1743 1425 ἔχειν,

180 1444 314 1496 ὅταν
334 1445 461 1512 δίχα
487 1444 839 1514 προστάξεως
866 1443 1151 1514 βασιλικῆς
1175 1448 1368 1516 ἐνεργῇ
1401 1464 1484 1508 τις
1513 1446 1746 1515 ἱερωμέ-

181 1550 274 1594 νος
311 1533 561 1587 δουλείαν
607 1535 983 1605 δημοσιακήν·
1026 1536 1075 1587 εί
1107 1536 1213 1606 γὰρ
1264 1538 1385 1589 κατ’
1435 1536 1746 1603 οἰκονομίαν

186 1622 479 1691 βασιλικὴν
530 1627 783 1692 τοιαύτην
824 1626 948 1680 τινὰ
998 1626 1243 1680 δουλείαν
1294 1625 1612 1689 ἅναδέξεταί
1638 1643 1743 1690 τις,

183 1713 293 1765 ὑπὸ
314 1714 429 1765 τῶν
455 1712 728 1783 ῥηθέντων
776 1716 1016 1769 κανόνων
1059 1715 1119 1768 ού
1168 1714 1566 1784 κωλυθήσεται.
1615 1714 1746 1767 οὐδὲ

182 1801 541 1871 βλαϐήσεται.
571 1803 682 1857 Καὶ
712 1806 1099 1874 προστιθέασιν
1144 1806 1216 1869 ὠς
1258 1807 1286 1857 ό
1317 1805 1567 1875 βασιλεὺς
1620 1803 1745 1858 οὔτε

180 1892 376 1960 νόμοις
422 1891 548 1945 οὔτε
601 1892 824 1946 κανόσιν
852 1894 1134 1947 ὑπόκειται
1155 1910 1169 1926 ο
1225 1894 1303 1946 διὸ
1334 1895 1428 1948 καὶ
1454 1894 1538 1946 ἐπ’
1563 1893 1750 1956 ἀδείας

181 1980 300 2049 ἔχει
334 1981 641 2052 επισκοπὴν
670 1984 749 2045 είς
774 1983 1106 2051 μητρόπολιν
1152 1983 1338 2050 ἄγειν,
1396 1982 1493 2035 καὶ
1550 1968 1749 2045 ἀποξε-

183 2070 311 2123 νοῦν
339 2074 407 2125 ὲκ
460 2072 570 2124 τῶν
618 2073 832 2127 οἰκείων
893 2073 1296 2144 μητροπόλεων,
1346 2073 1607 2134 ὡσαύτως
1654 2072 1748 2124 καὶ

181 2162 404 2229 δνορίας
426 2163 730 2232 ἀρχιερέων
766 2164 1015 2233 διαιρεῖν,
1037 2163 1132 2217 καὶ
1158 2164 1224 2217 ὲκ
1263 2164 1384 2215 νέου
1414 2162 1748 2223 ἐπισκόπους

178 2252 279 2304 καὶ
313 2247 723 2321 μητροπολίτας
777 2253 1058 2322 καθιστᾷν,
1115 2252 1210 2306 καὶ
1259 2249 1589 2321 διορίζεσθαι
1625 2251 1747 2301 επι-

178 2340 412 2400 σκόποις
451 2342 761 2410 ἱερουργεῖν
815 2340 1298 2409 ἀπόκριματίστως
1352 2340 1433 2401 είς
1464 2336 1749 2407 ἀλλοτρίας

176 2430 399 2499 ὲνορίας
459 2429 610 2495 παρὰ
664 2429 890 2497 γνώμην
942 2430 1050 2482 τῶν
1103 2429 1384 2498 ἐγχωρίων
1410 2427 1746 2489 ἐπισκόπων,

180 2520 278 2571 καὶ
302 2518 445 2573 ἄλλα
472 2519 596 2572 τινὰ
629 2521 874 2587 ἐνεργεῖν
925 2518 1289 2589 ἀρχιερατικὰ
1316 2518 1523 2570 δίκαια.
1554 2516 1600 2569 Χ
1610 2515 1748 2581 ρῶν-

177 2608 355 2671 ταιιδὶ
406 2611 503 2661 καὶ
532 2608 611 2676 τῷ
635 2608 701 2678 ιβ’
743 2610 839 2661 καὶ
865 2608 934 2673 ιζ’
980 2610 1164 2661 κανόνι
1213 2608 1315 2676 τῆς
1341 2609 1400 2659 ὲν
1444 2606 1747 2676 Χαλκηδόνι

180 2696 431 2760 συνόδου,
473 2698 669 2767 καὶτῷ
695 2696 778 2769 λη’
810 2699 992 2751 κανόνι
1020 2698 1119 2767 τῆς
1146 2699 1203 2751 ὲν
1236 2697 1313 2766 τῷ
1343 2696 1597 2767 Τρούλλῳ
1626 2713 1750 2749 συν-

176 2786 323 2851 όδου,
357 2789 425 2841 τὰ
454 2790 592 2842 αὐτὰ
620 2789 1173 2858 παρακελευομένοις.
1236 2790 1392 2857 ΊΞμολ⁵
1420 2789 1476 2841 δὲ
1497 2788 1648 2840 δοκεῖ
1673 2788 1749 2851 ὼς

175 2878 289 2928 ἀπὸ
323 2878 421 2929 τοῦ
448 2877 492 2930 δ’
511 2880 735 2939 κανόνος
790 2880 885 2948 τῆς
942 2881 1000 2931 ὲν
1054 2879 1359 2947 Χαλκηδόνι
1399 2877 1616 2931 συνόδου
1653 2878 1750 2930 καὶ

181 2967 426 3031 μάλιστα
452 2969 669 3036 ἐνεδόθη
719 2969 798 3036 τῷ
844 2968 1053 3038 βασιλεῖ
1108 2968 1421 3022 ἀνατιθέναι
1470 2968 1749 3037 κοσμικῶν

1849 561 1935 600 res
1963 562 2113 614 atque
2141 563 2204 600 ac
2237 547 2448 598 diaconi
2480 554 2535 598 et
2561 543 2874 598 sacerdOtcs
2907 537 3183 593 saecularia
3216 533 3393 587 ofﬁcia

1845 636 2257 702 suscipiant,ch
2290 644 2599 688 exactorutn
2644 646 2892 691 munera,
2933 628 3014 680 vel
3064 626 3392 684 curatiooes,

1844 735 2063 792 propter
2107 725 2445 778 undecimum
2492 736 2752 777 cauouem
2814 720 2999 785 prima:
3046 725 3101 767 et
3152 711 3396 765 secundat

1844 815 2308 882 Constantinopol.
2338 812 2547 882 synodi.
2583 813 2654 864 De
2681 807 2909 862 sacratis
2933 814 3108 856 autem
3157 801 3394 855 homini-

1846 907 1945 959 bus
1978 919 2167 957 cau<as
2211 904 2491 969 agentibus
2527 900 2657 954 satis
2694 897 3006 966 scripsimus
3050 893 3100 944 iu
3150 906 3266 955 cap.
3304 889 3389 951 l5,

1848 997 1928 1050 tit.
1980 995 2014 1048 8
2045 994 2324 1061 [musculis
2370 992 2549 1060 operis
2606 998 2705 1044 τοι
2749 988 2864 1055 lege
2912 1000 2996 1039 ea.
3033 983 3109 1035 Ac
3162 992 3397 1033 canones

1847 1086 2060 1153 quidem
2096 1094 2151 1137 et
2181 1083 2452 1154 synodalia
2488 1081 2664 1135 edicta
2701 1078 2752 1129 in
2800 1076 2885 1130 his
2940 1073 3265 1127 consistunt.
3307 1065 3396 1120 Di-

1846 1184 1973 1228 ettnt
2001 1184 2177 1228 autem
2228 1173 2467 1241 quidam,
2529 1173 2641 1224 hate
2696 1169 2871 1220 locum
2928 1163 3151 1225 habere,
3185 1159 3399 1228 quando

1847 1267 1965 1320 sine
1989 1265 2140 1332 jussu
2177 1263 2515 1332 imperatoris
2538 1267 2780 1312 sacratus
2822 1254 3087 1324 quispiam
3139 1249 3399 1305 saeculare

1850 1355 2199 1409 ministerium
2233 1351 2534 1406 exercuerit
2562 1367 2575 1401 ι
2609 1349 2653 1403 si
2686 1346 2829 1401 enim
2879 1359 2944 1397 ex
3000 1339 3399 1407 dispensatione

1849 1444 2187 1514 imperatoris
2216 1444 2336 1511 quis
2368 1442 2471 1495 hoc
2498 1436 2851 1492 ministerium
2887 1429 3212 1496 susceperit,
3252 1441 3279 1480 a
3314 1426 3397 1477 tli-

1848 1513 1950 1589 ctis
1986 1532 2281 1587 canonibus
2339 1543 2442 1584 non
2496 1524 2888 1594 prohibebitur,
2917 1533 3015 1573 nec
3060 1517 3303 1571 lredetur.
3333 1513 3400 1566 Et

1848 1623 2123 1691 adjiciunt,
2150 1620 2291 1689 quod
2326 1619 2623 1687 imperator
2648 1628 2743 1667 nec
2786 1608 3084 1665 canonibus
3137 1620 3233 1658 nec
3270 1602 3400 1669 legi-

1849 1710 1948 1762 hus
1976 1708 2258 1777 subjicitur
2280 1722 2294 1759 :
2319 1713 2374 1759 et
2395 1706 2515 1759 ideo
2539 1703 2696 1756 estin
2730 1699 2846 1767 ejus
2878 1703 3141 1765 potestate
3184 1692 3395 1761 episco—

1851 1809 2007 1871 patus
2039 1800 2088 1851 in
2127 1796 2447 1865 metropoles
2480 1795 2704 1862 erigere,
2735 1798 2790 1844 et
2812 1803 2841 1841 a
2868 1786 2979 1840 suis
3016 1782 3402 1848 metropolibus

1851 1892 2109 1951 alienare,
2134 1888 2382 1943 similiter
2418 1887 2578 1940 etiam
2626 1881 2930 1937 antistitum
2974 1876 3231 1932 terminos
3261 1871 3400 1925 divi-

1848 1982 1972 2035 dere
2002 1978 2163 2049 539
2191 1988 2244 2032 et
2271 1978 2337 2031 de
2378 1992 2515 2031 novo
2539 1974 2820 2044 episcopos
2875 1978 2930 2023 et
2959 1964 3401 2033 metropolitauos

1848 2073 2176 2126 constituere
2194 2082 2217 2133 ;'
2241 2069 2503 2136 etjubere
2534 2064 2803 2132 episcopis
2834 2061 2887 2114 in
2920 2059 3108 2113 alienis
3138 2053 3400 2109 diteccsi-

1848 2162 1948 2217 bus
1982 2162 2186 2228 absque
2210 2159 2318 2212 ullo
2345 2155 2655 2226 praeiudicio
2684 2150 2998 2209 sacriﬁcare
3049 2154 3242 2216 praeter
3278 2157 3404 2195 sen-

1851 2254 2068 2307 tentiam
2091 2253 2467 2320 episcoporum
2493 2248 2632 2301 illius
2661 2242 2922 2311 regionis,
2938 2247 2994 2293 et
3014 2239 3114 2291 alia
3137 2233 3401 2304 eiusmodi

1848 2342 2175 2410 episropalia
2218 2339 2339 2406 jura
2387 2351 2663 2391 exercere.
2718 2332 2955 2387 Utuntur
3009 2337 3183 2382 autem
3243 2324 3404 2378 etiam

1848 2429 2161 2482 duodecimo
2193 2434 2245 2479 et
2278 2426 2486 2479 decimo
2506 2431 2659 2478 sexto
2680 2433 2884 2475 canone
2903 2415 3153 2472 Chalced.
3183 2427 3329 2481 syu.,
3352 2419 3405 2460 et

1849 2520 2125 2575 tricesimo
2148 2519 2375 2584 septimo
2403 2528 2608 2568 canone
2631 2511 2819 2583 synodi
2860 2510 2914 2564 in
2950 2505 3161 2569 Trulla,
3190 2503 3278 2571 qui
3314 2516 3406 2553 ca-

1849 2612 1967 2667 dem
1990 2609 2324 2678 praecipiunt.
2350 2606 2475 2660 Mihi
2507 2614 2683 2659 autem
2706 2603 2936 2662 videtur,
2968 2596 3109 2666 quod
3132 2611 3194 2649 ex
3212 2599 3405 2663 quarto

1849 2716 2054 2756 canone
2128 2696 2579 2754 Chalcedonensis
2673 2692 2859 2763 synodi
2928 2686 3241 2756 imperatori
3322 2683 3405 2737 vel

1854 2792 2088 2845 maxime
2114 2802 2428 2843 concessum
2464 2795 2547 2838 est
2588 2782 2921 2836 sacularium
2960 2789 3237 2830 munerum
3287 2774 3406 2825 iuu-

1851 2882 2056 2931 ctiones
2088 2875 2316 2930 sacratis
2345 2882 2398 2926 et
2453 2870 2747 2933 monachis,
2779 2882 2846 2921 ex
2882 2866 3093 2919 ratione
3130 2864 3409 2926 dispensa-

1853 2966 2013 3019 tionis
2042 2979 2162 3033 qure
2194 2964 2265 3017 illi
2306 2964 2511 3017 videtur
2564 2961 2817 3013 tribucre.
2849 2956 2903 3009 Si
2935 2955 3077 3008 enim
3104 2953 3202 3005 hoc
3234 2961 3408 3019 potest

175 3057 437 3112 δουλειῶν
486 3061 770 3127 ἐνεργείας
819 3061 1136 3130 ῖερωμένοις
1164 3059 1260 3113 καὶ
1300 3061 1569 3129 μοναχοῖς,
1612 3059 1747 3113 κατά

1854 3054 2083 3121 regionis
2114 3052 2415 3121 episcopus,
2440 3049 2607 3103 multo
2632 3049 2799 3116 magis
2828 3047 3142 3112 imperator,
3175 3042 3266 3110 qui
3300 3054 3406 3091 non

177 3145 343 3215 λόγον
407 3150 723 3219 οίκονομίας
778 3150 1042 3218 δοκούσης
1095 3148 1262 3218 αὐτῷ.
1327 3149 1746 3217 Είγάρόκατά

178 3236 369 3306 χώραν
394 3239 690 3301 ἐπεσκοπος
712 3241 939 3293 δύναται
969 3239 1127 3292 τοῦτο
1149 3242 1344 3313 ποιεῖν,
1371 3238 1553 3305 πολλῷ
1583 3237 1745 3290 πλέον

178 3325 209 3375 ὁ
236 3323 519 3391 βασιλεὺς.
569 3328 597 3377 ό
642 3327 718 3395 μὴ
782 3326 1226 3393 ἀναγκαζόμενος
1268 3325 1585 3377 ἀκολουθεῖν
1635 3327 1747 3384 τοῖς

182 3413 401 3474 κανόσι.
436 3415 550 3475 τοῖς
575 3414 970 3483 διοριζομένοις
1002 3415 1102 3477 τὰς
1122 3414 1337 3483 ψήφους
1392 3412 1500 3464 τῶν
1530 3413 1752 3464 ἐπισκό-

181 3518 303 3555 πων
323 3506 431 3557 ὑπὸ
478 3506 840 3575 ἑπαρχιωτῶν
884 3507 1193 3558 ἐπισκόπων
1237 3505 1504 3570 γίνεσθαι,
1546 3502 1749 3571 καὶμὴ

182 3595 334 3663 πιρά
364 3595 640 3664 ἀρχόντων
661 3613 676 3627 ⁸
704 3594 997 3649 κάντεῦθεν
1027 3595 1119 3647 καὶ
1137 3594 1320 3664 ψήφου
1350 3593 1424 3663 μὴ
1445 3592 1747 3661 γενομένης

1853 3145 2064 3213 cogitur
2101 3144 2255 3211 sequi
2311 3155 2563 3204 canones,
2623 3140 2996 3196 decernentes,
3033 3134 3405 3200 episcoporum

1851 3234 2141 3289 electiones
2174 3248 2201 3284 a
2242 3229 2657 3294 provincialibus
2681 3225 2946 3295 episcopis
2978 3224 3113 3285 lieri,
3162 3236 3263 3272 nou
3311 3232 3407 3269 au-

1853 3330 1959 3373 tem
1992 3336 2020 3370 a
2047 3318 2446 3388 magistratibus
2472 3331 2485 3367 :
2508 3324 2560 3369 et
2581 3315 2673 3383 qui
2706 3313 2919 3377 exinde,
2950 3309 3091 3363 nulla
3131 3307 3266 3359 facta
3295 3305 3408 3357 ele-

1853 3409 2051 3471 ctione,
2087 3407 2422 3475 patriarchas
2448 3414 2503 3459 et
2554 3392 2832 3474 episcopos
2884 3398 3151 3471 provehit.
3184 3397 3248 3450 Et
3290 3395 3411 3461 lege

1854 3514 1969 3566 quae
1993 3498 2044 3550 in
2064 3500 2250 3551 eodem
2281 3505 2472 3564 quarto
2495 3509 2704 3551 canone
2747 3487 3199 3546 Chalcedonensis
3220 3482 3407 3555 synodi

1854 3588 2051 3655 scripta
2091 3597 2214 3642 sunt

182 3690 531 3757 πατριάρχας
592 3688 689 3742 καὶ
745 3689 1079 3753 ἐπισκόπους
1122 3689 1577 3761 προδαλλόμενος.
1629 3688 1741 3740 Kal.
1779 3683 2089 3751 ἀνάγνωσον
2131 3683 2202 3735 τὰ
2240 3682 2298 3733 ὲν
2334 3679 2483 3750 αύτῷ
2508 3681 2548 3734 δ’
2580 3678 2765 3733 κανόνι
2831 3676 2932 3742 τῆς
2972 3674 3031 3726 ὲν
3104 3673 3409 3742 Χαλκηδόνι

185 3776 406 3831 συνόδου
428 3778 734 3846 γραφέντα.

249 3872 499 3926 ΖΩΝΑΡ.
525 3872 662 3942 Περὶ
685 3870 777 3925 τοῦ
810 3871 884 3943 μὴ
906 3873 1149 3940 γίνεσθαί
1193 3890 1346 3935 τινας
1368 3873 1477 3926 τῶν
1509 3873 1751 3942 ἱερωμέ-

186 3979 291 4014 νων
345 3961 643 4032 ἀλλοτρίων
699 3964 999 4032 κτημάτων
1030 3963 1399 4034 ἐκλήπτορας.
1435 3965 1603 4034 ἧγουν
1658 3980 1750 4031 μι-

188 4051 424 4115 coma;
463 4052 598 4122 μηδὲ
624 4056 1118 4123 προκουράτωρας,
1154 4054 1407 4107 τουτέστι
1441 4052 1744 4121 διοικητὰς,

186 4143 538 4211 φροντιστὰς,
564 4142 904 4211 πλατύτερον
947 4143 1187 4213 περιέχει
1217 4143 1400 4212 τρίτος
1432 4142 1614 4195 κανὼν
1648 4142 1749 4208 τῆς

185 4232 225 4284 δ’
250 4232 494 4288 συνόδου.
550 4233 661 4285 Καὶ
687 4234 715 4286 ό
741 4238 833 4287 πα¹
867 4233 923 4285 δὲ
951 4231 1128 4286 κανὼν
1157 4233 1265 4285 τῶν
1290 4232 1464 4300 ἀγίων
1517 4232 1749 4284 ἀποστόο

188 4322 295 4376 λων
318 4325 413 4377 τὸν
436 4323 777 4392 ἐμϐάλλοντα
810 4325 1001 4377 ἑαυτὸν
1029 4326 1108 4386 είς
1133 4324 1397 4392 δημοσίας
1448 4322 1747 4390 διοικήσεις

1926 3861 2175 3918 ZONAR.
2207 3858 2322 3913 Non
2381 3858 2546 3913 licere
2588 3856 2842 3926 cuiquam
2893 3869 2961 3910 ex
3009 3868 3163 3908 sacro
3216 3854 3405 3907 ordine

1852 3954 2045 4009 alienre
2077 3947 2444 4021 possessionis
2475 3945 2883 4009 conductorem,
2909 3942 3305 3997 mercenarium
3329 3943 3412 3995 vi-

1849 4044 2069 4105 delicet,
2104 4054 2278 4108 neque
2308 4047 2720 4107 procuratorem
2771 4033 2885 4087 sive
2934 4032 3275 4100 publicanum
3330 4031 3415 4083 vel

1852 4132 2352 4188 administratorem
2390 4128 2525 4193 ﬁeri,
2561 4125 2719 4179 tertio
2749 4132 2954 4195 quartae
2983 4122 3173 4193 synodi
3207 4137 3413 4177 canone

1848 4224 2025 4278 fusius
2054 4221 2380 4291 explicatum
2420 4225 2523 4271 est.
2557 4217 2657 4283 Qui
2688 4230 2814 4270 vero
2855 4229 2913 4269 se
2958 4214 3189 4284 publica:
3238 4215 3415 4267 admi-

1854 4312 2159 4367 uistratioui
2197 4308 2570 4368 immiscuerit,
2598 4321 2718 4359 eum
2743 4306 2947 4374 primus
2975 4313 3029 4357 et
3052 4305 3415 4372 octogesimus

187 4391 576 4484 καθαιρεῖσθαι
607 4415 960 4483 προστάττει·
984 4414 1116 4485 μηδὲ
1143 4391 1370 4476 ἔκῗτινος
1396 4413 1621 4482 αίσχροῦ
1647 4414 1740 4466 καὶ

1854 4413 2163 4458 sanctorum
2196 4398 2561 4466 apostolorum
2593 4410 2766 4449 canon
2802 4395 2994 4461 deponi
3040 4391 3196 4461 jubet
3227 4410 3241 4446 :
3291 4408 3413 4447 eos-

191 4505 388 4573 ἀτίμου
421 4505 749 4573 πράγματος
780 4503 985 4573 τροφὴν
1013 4502 1332 4571 πορίζεσθαι
1376 4501 1748 4570 παρακελεύε-

188 4610 275 4647 ται
300 4594 332 4645 ό
360 4594 564 4648 κανῶν.
602 4594 836 4663 Αίσχρδν
880 4592 980 4663 μὲν
1036 4588 1128 4646 οὖν
1186 4592 1254 4645 ἂν
1305 4592 1392 4662 εῐη
1427 4593 1662 4659 πρᾶγμα
1692 4591 1753 4645 τὸ

190 4684 607 4751 πορνοϐοσκεῖν,
634 4686 803 4753 ἡγουν
827 4683 888 4735 τὸ
933 4682 1135 4751 πόρνας
1173 4682 1418 4751 τρέφειν,
1448 4679 1590 4733 ὥστε
1621 4697 1753 4747 κερ-

185 4773 395 4827 δαίνειν
429 4775 494 4826 ικ
534 4774 628 4826 τοῦ
661 4773 1012 4844 μισθώματος
1043 4772 1293 4836 ἐκείνων,
1326 4771 1420 4823 καὶ
1448 4772 1519 4823 τὰ
1548 4772 1713 4838 ὅμοια
1734 4784 1748 4800 ο

186 4864 391 4935 ἄτιμον
419 4864 469 4916 δ’
498 4866 618 4917 ἐστὶ
663 4865 723 4917 τὸ
777 4862 1139 4933 προΐστασθαι
1175 4861 1496 4931 καπηλείου,
1556 4861 1652 4914 καὶ
1685 4858 1754 4912 τά

186 4954 577 5025 παραπλήσια.
623 4954 718 5006 Ἐκ
745 4953 1003 5007 τοιούτων
1050 4953 1145 5007 οὖν
1189 4953 1394 5024 τροφὴν
1428 4951 1753 5023 πορίζεσθαι

184 5046 213 5095 ό
239 5044 428 5098 κανὼν
449 5043 790 5114 ἀπαγορεύει
818 5046 929 5105 τοῖς
960 5043 1276 5112 ίερωμένοις
1294 5058 1311 5075 ⁸
1369 5044 1463 5096 καὶ
1496 5043 1598 5095 οὐκ
1626 5038 1747 5096 εἷπε

190 5135 402 5205 κέρδος,
434 5134 572 5187 ἀλλά
596 5132 826 5205 τρυφήν.
854 5132 975 5186 Κᾶν
1002 5133 1109 5201 γὰρ
1136 5135 1214 5195 εἰς
1234 5134 1392 5185 τοῦτο
1425 5133 1753 5203 περιιστῶσι

194 5226 408 5288 πενίας,
444 5224 588 5278 ὥστε
621 5223 759 5292 μηδὲ
788 5220 996 5299 τροςρῆς
1026 5222 1298 5290 εὐπορεῖν,
1333 5222 1445 5274 οὐδ’
1469 5221 1612 5276 οὕτω
1646 5222 1751 5292 χρὴ

196 5313 391 5376 αὐτοὺς
418 5314 483 5365 ὲκ
508 5313 838 5382 πράγματος
868 5308 1094 5379 αἰσχροῦ
1118 5307 1150 5378 ἢ
1181 5308 1377 5376 ἀτίμου
1428 5309 1751 5379 πορίζεσθαι

194 5406 419 5474 τροςρήν.
462 5401 774 5471 Ὀφείλουσι
802 5400 930 5470 γὰρ,
964 5400 1119 5470 φησὶ,
1172 5401 1234 5451 τὸ
1260 5399 1617 5451 ἀποστολικὸν
1665 5401 1756 5450 ὲν-

190 5497 376 5563 νοῆσαι
405 5490 804 5564 παράγγελμα,
838 5488 898 5541 τὸ
937 5488 1094 5557 λέγον
1115 5505 1130 5520 ο
1193 5487 1403 5553 οὐδεὶς
1430 5488 1755 5555 στρατευό-

190 5603 365 5653 μενος
392 5584 769 5654 ἐμπλέκεται
799 5578 928 5644 ταῖς
958 5578 1063 5634 τοῦ
1117 5580 1263 5643 ,ϐίου
1311 5580 1756 5649 πραγματείαιρ,

193 5678 286 5739 ira
322 5677 398 5741 τῷ
424 5670 1001 5747 στρατολογήσαντι
1026 5672 1234 5739 ἀρέσῃ.
1254 5672 1313 5725 Εἰ
1339 5671 1394 5724 δὲ
1430 5674 1537 5734 τοῖς
1563 5687 1757 5732 κοσμι-

1852 4495 1972 4547 dem
2007 4506 2073 4545 ex
2110 4491 2290 4560 aliquo
2327 4488 2466 4555 turpi
2504 4502 2568 4542 ac
2592 4485 2811 4541 sordido
2839 4482 3051 4550 negotio
3078 4482 3279 4535 victum
3308 4482 3409 4536 sibi

1852 4597 2044 4650 parare
2070 4580 2159 4635 hic
2204 4594 2374 4632 canon
2409 4586 2574 4630 vetat.
2627 4576 2705 4629 Ac
2749 4583 2902 4641 turpe
2952 4570 3168 4641 quidem
3225 4570 3411 4633 fuerit,

1851 4673 2080 4740 exempli
2113 4686 2296 4732 causa,
2332 4669 2376 4723 si
2411 4669 2530 4737 quis
2558 4667 2825 4720 lenoniam
2852 4673 3125 4726 exerceat,
3155 4664 3254 4716 hoc
3291 4671 3410 4725 est,

1853 4763 1964 4816 alat
1998 4756 2332 4822 meretrices,
2357 4768 2416 4811 ut
2445 4772 2511 4812 ex
2541 4770 2725 4809 earum
2777 4754 3027 4807 mercede
3075 4752 3188 4816 ipse
3240 4751 3417 4803 lucre-

1856 4861 1965 4915 tur,
2018 4860 2182 4918 atque
2236 4849 2400 4918 hujus
2472 4846 2686 4917 generis
2746 4844 2872 4897 alia.
2939 4841 3224 4896 Sordidum
3286 4856 3415 4893 vero

1852 4944 2166 5011 cauponari,
2196 4952 2248 4995 et
2273 4940 2494 4995 similia.
2526 4936 2739 4990 Victum
2778 4935 2939 5003 igitur
2989 4934 3092 4988 sibi
3143 4932 3408 5000 ejusmodi

1854 5034 2060 5087 artibus
2092 5046 2339 5102 quaerere
2364 5031 2465 5084 hoc
2490 5041 2698 5083 canone
2726 5025 2901 5080 sacris
2932 5023 3129 5077 initiati
3160 5021 3411 5074 homines

1853 5120 2209 5191 prohibentur
2240 5136 2254 5173 :
2287 5132 2463 5184 neque
2494 5130 2618 5172 vero
2649 5116 2855 5169 lucrum
2880 5113 3036 5177 dixit,
3065 5111 3157 5165 sed
3183 5111 3410 5163 victum.

1857 5208 2123 5276 Quamvis.
2150 5209 2293 5263 enim
2323 5222 2389 5263 eo
2421 5206 2612 5275 inopia:
2663 5204 2994 5271 redigantur,
3053 5208 3112 5252 ut
3161 5197 3413 5251 alimenta

1857 5316 2073 5371 quoque
2120 5300 2404 5366 deﬁciant;
2440 5312 2505 5352 ne
2545 5311 2672 5350 tunc
2713 5295 2927 5363 quidem
2984 5304 3080 5346 eos
3135 5289 3275 5356 turpi
3324 5295 3417 5340 aut

1863 5392 2084 5447 sordido
2113 5391 2329 5445 artiﬁcii
2387 5403 2583 5458 genere
2628 5387 2753 5441 vitat
2804 5382 3041 5440 subsidia
3097 5393 3412 5447 comparare

1859 5493 2093 5553 oportet.
2126 5482 2234 5536 Eos
2259 5480 2427 5541 enim,
2452 5479 2649 5548 inquit,
2678 5477 2825 5530 illius
2854 5471 3129 5541 apostolici
3158 5468 3413 5538 ριιαευοιιιί

1863 5589 2127 5629 memores
2178 5586 2297 5627 esse
2330 5573 2504 5636 decet,
2566 5567 2710 5639 quos!
2770 5567 2845 5620 ait
2900 5562 3116 5617 :Nemo
3181 5558 3414 5611 militans

1862 5667 2091 5734 implicat
2129 5679 2181 5718 se
2224 5662 2445 5731 negotiis
2492 5658 2858 5720 saecularibus,
2907 5664 2961 5709 ut
3008 5653 3057 5710 ei
3086 5650 3289 5720 placeat
3325 5646 3414 5709 qui
