3982 6470
593 347 659 408 95
1816 357 2078 418 1ΓΗΕΟῙ).

2229 354 2514 415 LSAMON

3691 342 3774 405 96

589 455 775 509 milites
804 461 950 528 elegit
978 463 1043 515 ³⁸.
1076 463 1220 527 Quod
1247 466 1289 516 si
1339 468 1401 516 de
1445 469 1658 533 profana
1706 467 1885 517 militia
1931 478 2110 515 vermn

2229 461 2313 528 ιὴν
2343 463 2787 530 στρατευομένοις
2825 459 3109 528 στρατείαν
3137 458 3291 510 τοῦτο
3322 457 3560 525 εἴρηται,
3583 450 3777 520 πολλῷ

588 554 667 595 est
690 585 702 605 ,
738 558 881 600 certe
914 551 963 601 in
1003 567 1113 612 eos,
1161 553 1249 620 qui
1275 555 1466 606 divinae
1499 556 1700 607 militiae
1755 556 1804 605 in
1837 567 1990 605 sacro
2021 567 2111 602 or-

584 629 706 683 dine
741 636 1024 699 mancipati
1075 647 1216 700 sunt,
1274 642 1426 708 longe
1475 643 1928 695 accouunodatius
1981 655 2112 706 qua-

583 717 780 772 drabit.
810 721 884 773 De
916 723 1200 779 lectoribus
1252 744 1374 780 vero
1410 732 1546 796 quod
1593 730 1850 797 sequitur,
1908 739 1965 781 ut
2010 745 2107 794 pu-

585 808 806 863 bertatis
863 821 1136 880 tempore,
1190 829 1378 884 quarto
1440 821 1646 873 decimo
1710 822 1912 873 scilicet
1973 835 2110 871 anno

579 899 809 962 expleto,
843 903 920 953 vel
949 906 1282 959 matrimonio
1302 907 1470 976 jungi,
1504 911 1580 961 vel
1606 911 1904 963 cmlibatum
1949 910 2112 976 proﬁ-

584 987 682 1037 teri
709 1000 968 1055 cogantur
1003 1008 1014 1043 :
1049 1008 1114 1044 an
1152 997 1290 1048 eain
1326 997 1575 1050 Africana
1610 1000 1844 1052 Ecclesia
1886 1013 2110 1050 consue-

579 1076 705 1128 tudo
739 1076 1021 1132 inoleverit
1055 1083 1190 1135 haud
1242 1083 1396 1139 facile
1427 1087 1675 1140 dixerim.
1723 1087 1780 1140 ln
1824 1088 1940 1140 aliis
1970 1097 2114 1140 certe

579 1159 834 1215 Ecclesiis
860 1166 998 1218 haud
1025 1169 1192 1234 viget;
1229 1170 1332 1223 imo
1359 1187 1454 1225 nec
1484 1174 1591 1227 ullo
1615 1190 1843 1242 unquam
1878 1184 2112 1240 tempore

579 1247 810 1313 viguisse
841 1266 941 1318 ego
988 1256 1200 1320 quidem
1247 1261 1868 1326 existimo;adversatur
1919 1266 2112 1331 quippe

577 1347 880 1390 sanctorum
946 1345 1304 1408 apostolorum
1355 1348 1609 1401 vicesimo
1663 1361 1813 1402 sexto
1879 1352 2108 1412 canoni,

577 1427 666 1492 qui
694 1428 984 1483 lectoribus
1027 1443 1080 1484 et
1115 1437 1441 1501 cantoribus,
1495 1449 1772 1506 postquam
1822 1440 1872 1491 in
1909 1440 2109 1491 clerum

576 1518 791 1584 ascripti
845 1519 1079 1586 fuerint,
1141 1540 1332 1580 uxores
1402 1529 1669 1581 ducendas
1720 1541 1840 1580 esse
1885 1527 2110 1589 statuit,

575 1619 748 1672 neque
780 1618 980 1661 certum
1009 1611 1220 1679 aliquod
1243 1624 1447 1682 tempus
1473 1617 1773 1682 nuptiarum
1797 1615 2108 1681 prmscribit,

575 1704 666 1747 aut
699 1696 878 1764 aliqua
909 1715 1000 1753 eos
1042 1705 1384 1758 continentiae
1426 1705 1761 1772 professione
1802 1707 2112 1775 obligandos

573 1798 692 1840 esse
723 1791 986 1843 decernit.
1029 1792 1100 1844 De
1129 1792 1308 1848 fenore
1346 1811 1506 1864 porro
1534 1812 1560 1847 a
1593 1797 1802 1850 clericis
1828 1812 1928 1850 non
1959 1811 2115 1849 exer-

573 1877 742 1930 cendo
774 1880 925 1932 multi
952 1896 1188 1936 canones
1208 1893 1418 1938 exstant
1450 1903 1463 1938 :
1508 1888 1754 1953 idemque
1781 1886 1878 1938 hoc
1903 1898 2116 1952 quoque

574 1978 782 2017 canone
813 1981 877 2019 ne
904 1967 1055 2020 liceat
1088 1972 1464 2036 constitutum;
1490 1988 1552 2025 ac
1582 1974 1626 2026 si
1657 1973 1891 2040 quidem,
1924 1973 2114 2039 inquit,

574 2055 853 2120 pecuniam
906 2068 994 2108 aut
1049 2073 1295 2115 nummos
1344 2063 1567 2115 utendos
1613 2063 1841 2128 cuipiam
1890 2061 2115 2115 clericus

573 2142 922 2209 concesserit,
969 2149 1067 2200 hoc
1095 2159 1194 2212 est,
1234 2161 1448 2203 mutuos
1471 2153 1700 2214 dederit,
1749 2153 1964 2205 totidem
2017 2152 2113 2204 sibi

575 2234 831 2296 vicissim,
864 2251 959 2288 nec
990 2237 1166 2302 plures
1203 2239 1307 2294 ullo
1357 2242 1536 2305 modo,
1588 2252 1738 2296 curet
1779 2241 2072 2294 reddendos
2104 2260 2116 2294 :

575 2322 618 2374 si
652 2336 778 2374 vero
811 2325 885 2377 rei
920 2327 1175 2392 speciem,
1223 2327 1545 2382 frumentum
1587 2332 1778 2398 quippe
1803 2341 1895 2384 aut
1919 2332 2117 2392 vinum,

576 2420 669 2461 aut
700 2410 962 2475 ejusmodi
1003 2417 1270 2482 quidpiam
1309 2418 1530 2482 dederit,
1569 2421 1920 2483 tantumdem,
1952 2436 2123 2486 quan-

579 2509 693 2552 tum
730 2501 895 2564 dedit,
935 2518 1031 2555 nec
1056 2505 1174 2571 plus
1201 2506 1399 2572 aliquid
1433 2508 1668 2560 vicissim
1699 2510 1948 2576 accipiat.
1988 2509 2119 2563 lllud

576 2606 808 2659 quoque,
867 2611 931 2647 ne
999 2597 1228 2651 minores
1300 2599 1537 2666 quinque
1593 2609 1645 2650 et
1705 2599 1887 2666 viginti
1960 2598 2113 2650 annis

579 2677 788 2731 diaconi
825 2682 1110 2748 eligantur,
1148 2689 1451 2751 complures
1485 2687 1608 2738 item
1659 2701 1894 2738 canones
1934 2687 2119 2738 decre-

579 2784 725 2825 vere.
760 2771 961 2825 Deinde
989 2774 1302 2837 loetoribns,
1359 2792 1426 2829 ne
1468 2778 1679 2842 expleto
1724 2776 2025 2828 ministerio
2063 2790 2119 2828 se

579 2859 642 2909 ad
699 2864 950 2929 populum
1007 2864 1270 2917 salutandi
1338 2869 1505 2934 gratia
1563 2875 1908 2928 convertant,
1956 2866 2122 2916 inter-

2217 551 2412 616 μᾶλλον
2439 553 2666 618 ἁρμόσει
2695 553 2804 611 τοῖς
2833 550 2909 618 τῷ
2933 550 3050 616 Θεῷ
3076 547 3526 616 στρατευομένοις
3547 543 3638 595 διὰ
3663 543 3775 608 τῆς

2219 640 2534 708 ἱερωσύνης.
2569 642 2641 692 Τὸ
2694 641 2748 692 δὲ
2784 641 2906 701 τοὺς
2941 637 3292 702 ἀναγνώστας
3343 637 3400 686 ἐν
3455 633 3529 700 τῷ
3580 631 3772 697 καιρῷ

2213 729 2306 792 τῆς
2340 729 2496 796 ἥϐης,
2517 731 2680 797 1ὶίλγουν
2703 729 2836 793 μετὰ
2857 729 2946 779 τὸν
2979 729 3037 779 ιδ’
3072 725 3319 778 ἐνιαυτὸν
3351 721 3771 788 ἀναγκάζεσθαι

2214 816 2244 882 ἢ
2292 819 2450 885 γάμῳ
2479 817 2756 883 ὁμιλῆσαι,
2791 819 2822 885 ἢ
2855 818 3093 882 ἀγαμίαν
3128 814 3476 882 ὑποσχέσθαι,
3513 813 3612 863 οὐκ
3643 807 3772 862 οῖδα

2213 906 2260 954 εί
2290 907 2433 969 παρὰ
2466 910 2574 964 τοῖς
2625 907 2681 955 ἐν
2712 907 2942 971 Ἀφρικῇ
3003 904 3294 969 ἐκράτησε.
3343 899 3500 966 Παρὰ
3532 899 3587 949 δὲ
3637 899 3767 955 ταῖς

2213 991 2394 1050 ἄλλαις
2435 992 2775 1059 Ἐκκλησίαις
2829 992 2885 1041 οὐ
2922 993 3147 1053 κρατεῖ·
3209 984 3359 1053 οἶμαι
3414 986 3470 1036 δὲ
3527 987 3608 1036 ὅτι
3641 983 3770 1034 οὐδὲ

2214 1080 2429 1131 πώποτε
2480 1082 2800 1148 ἐκράτησεν,
2854 1078 3266 1141 ἐναντιούμενον
3297 1075 3374 1141 τῷ
3405 1073 3496 1136 κς¹
3526 1075 3770 1123 ἀποστο-

2213 1167 2345 1234 λικῷ
2375 1169 2577 1228 κανόνι,
2610 1169 2841 1236 ὁρίζοντι
2869 1166 3216 1232 ἀναγνώστας
3249 1165 3342 1216 καὶ
3368 1164 3595 1228 ψάλτας,
3623 1161 3772 1226 μετά

2212 1255 2273 1304 τὸ
2328 1257 2406 1314 εἰς
2459 1255 2651 1322 κλῆρον
2689 1255 3010 1320 προελθεῖν,
3050 1254 3264 1318 γαμεῖν,
3300 1251 3392 1302 καὶ
3451 1249 3526 1316 μὴ
3558 1246 3768 1314 καιρὸν

2213 1345 2392 1403 αὐτοῖς
2424 1343 2516 1394 τοῦ
2562 1346 2737 1410 γάμου
2794 1344 3049 1412 ὁρίζοντι,
3088 1344 3224 1410 μήτε
3284 1339 3612 1406 ἐγκράτειαν
3663 1339 3772 1386 ἐπ-

2213 1433 2570 1500 αγγέλλεσθαι
2609 1435 2942 1486 ἀπαιτοῦντι.
2977 1435 3048 1483 Τδ
3079 1433 3132 1483 δὲ
3162 1430 3426 1494 δανείζειν
3467 1431 3594 1488 τοὺς
3633 1427 3780 1491 κλη-

2217 1526 2395 1592 ρικοὺς
2449 1525 2539 1574 ἐπὶ
2597 1523 2772 1583 τόκοις
2823 1524 3035 1585 πολλοῖς
3095 1523 3464 1589 ἀπηγόρευται
3533 1518 3779 1568 κανόσιο

2213 1614 2305 1664 καὶ¹
2336 1607 2488 1674 οὗτος
2523 1613 2578 1664 δὲ
2607 1613 2665 1664 τὸ
2699 1614 2829 1664 αὐτὸ
2857 1612 3094 1664 κελεύει’
3150 1611 3242 1662 καί
3277 1625 3460 1677 φησιν,
3495 1607 3590 1660 ἐὰν
3632 1605 3789 1671 χρή-

2219 1719 2360 1768 ματα
2394 1703 2511 1770 ἦτοι
2548 1702 2856 1770 νομίσματα
2889 1701 2962 1768 δῷ
2991 1700 3248 1768 κληρικὸς
3278 1701 3334 1749 tv
3359 1698 3574 1765 χρήσει,
3601 1695 3786 1762 ἤγουν

2149 1767 2186 1818 Β
2219 1767 2434 1860 δανείση
2466 1791 2532 1842 τά
2562 1767 2838 1860 χρήματα,
2872 1767 3117 1842 τουτέστι
3146 1789 3379 1840 τοσαῦτα
3406 1787 3638 1854 λήψεται
3679 1784 3792 1835 καὶ

2221 1883 2279 1933 οὺ
2309 1881 2527 1933 πλείονα
2549 1897 2562 1910 '
2605 1882 2698 1931 ἐὰν
2743 1882 2795 1932 δὲ
2825 1878 2964 1941 εἶδος
2991 1882 3089 1946 δῷ,
3122 1884 3266 1932 σῖτον
3293 1879 3455 1946 τυχδν
3481 1877 3512 1946 ἢ
3541 1872 3709 1937 οἶνον,
3750 1877 3789 1942 ἦ

2220 1972 2404 2040 ἕτερόν
2437 1989 2487 2020 τι
2521 1971 2780 2031 τοιοῦτον,
2832 1972 2955 2022 ὅσον
3011 1970 3196 2034 ἔδωκε,
3254 1969 3506 2036 λήψεται,
3559 1967 3657 2020 καὶ
3717 1965 3792 2016 οὗ

2222 2060 2399 2111 πλέον.
2433 2062 2540 2111 Καὶ
2585 2061 2642 2110 τὸ
2679 2061 2781 2127 πρὸ
2817 2061 3264 2128 συμπληρώσεως
3294 2065 3368 2108 κε’
3400 2057 3665 2108 ἐνιαυτῶν
3700 2056 3788 2122 μὴ

2221 2149 2639 2217 χειροτονεῖσθαι
2673 2151 2938 2203 διάκονον.
2964 2150 3242 2215 διαφόροις
3271 2149 3489 2200 κανόσιν
3511 2146 3783 2214 ὥρισται.

2234 2239 2628 2307 ’Δπηγόρευται
2683 2240 2736 2291 δὲ
2768 2242 2876 2300 τοῖς
2928 2239 3303 2304 ἁναγνώσταις
3333 2240 3389 2288 tv
3422 2236 3498 2304 τῷ
3529 2234 3788 2302 πληροῦν

2223 2329 2318 2396 τὴν
2355 2327 2630 2381 διακονίαν
2672 2330 2848 2380 αὐτῶν
2885 2331 3211 2399 στρέφεσθαι
3249 2329 3384 2396 πρὸς
3433 2329 3523 2381 τὸν
3581 2329 3794 2396 δῆμον,

2223 2418 2317 2468 καὶ
2345 2423 2694 2484 προσκυνεῖν.
2745 2420 2943 2478 Μόνοις
2973 2421 3079 2486 γὰρ
3113 2424 3223 2479 τοῖς
3280 2419 3600 2486 ἀρχιερεῦσι
3660 2417 3796 2467 τότε

2226 2508 2448 2569 καὶτοῖς
2489 2509 2726 2576 ἱερεῦσιν
2756 2510 3025 2574 ὀφείλουσι
3053 2511 3397 2576 προσκυνεῖν,
3437 2511 3526 2559 καὶ
3550 2509 3674 2575 οὐχὶ
3709 2509 3798 2573 τῷ

2228 2597 2418 2665 πλήθει
2460 2600 2567 2648 τῶν
2599 2601 2656 2649 ἐν
2684 2603 2749 2666 τῇ
2796 2599 3090 2667 Ἐκκλησία
3151 2599 3671 2668 συναθροιζομένων.
3724 2601 3799 2650 Οί

2229 2689 2326 2754 μὲν
2351 2689 2458 2754 γὰρ
2488 2688 2757 2756 ἱέρωνται,
2787 2691 2835 2739 οἱ
2866 2691 2921 2740 δέ
2947 2691 3039 2741 τοῦ
3072 2691 3240 2759 δήμου
3279 2691 3466 2758 πόρῤω
3497 2692 3595 2758 τῆς
3628 2693 3799 2756 ίερω-

2233 2775 2397 2842 σύνης
2425 2778 2555 2840 είσὶ,
2593 2783 2684 2830 καὶ
2720 2781 2919 2845 μᾶλλον
2950 2781 3212 2848 τιμᾶσθαι
3243 2780 3379 2846 δέον,
3414 2780 3503 2832 καὶ
3526 2778 3704 2831 ταῦτα
3732 2779 3800 2830 ἐν

2229 2864 2403 2934 καιρῷ
2429 2869 2525 2935 τῆς
2550 2867 2851 2935 ὑπουργίας
2879 2871 3075 2922 αὐτῶν.

580 2952 802 3004 dictum.
839 2955 992 3008 Solos
1020 2973 1246 3025 namque
1273 2975 1335 3012 eo
1367 2970 1604 3028 tempore
1628 2963 1897 3012 antistites
1921 2964 1987 3024 ζει
2029 2956 2359 3022 sacerdotes,
2380 2975 2489 3014 non
2541 2978 2916 3034 congregatam
2981 2968 3030 3018 in
3089 2967 3312 3020 ecclesia
3367 2966 3797 3024 multitudinem.

580 3042 646 3092 ab
698 3043 763 3094 iis
817 3047 1037 3097 salutari
1080 3044 1160 3098 fas
1206 3055 1306 3099 est.
1359 3047 1460 3114 Ipsi
1516 3050 1654 3100 enim
1707 3048 1901 3099 sacrati
1955 3053 2113 3103 sunt,
2157 3045 2438 3100 multitudo
2470 3065 2596 3104 vero
2628 3069 2656 3104 a
2690 3055 2863 3107 sacris
2916 3055 3194 3107 ordinibus
3273 3059 3430 3122 longo
3510 3056 3806 3112 intervallo

580 3131 843 3197 disjuncta
875 3150 888 3185 :
920 3143 974 3186 ut
1005 3135 1224 3199 proinde
1253 3137 1316 3188 iis
1343 3137 1518 3202 petius
1554 3152 1580 3188 a
1629 3137 1818 3204 p0pulo
1853 3136 2108 3188 honorem
2141 3129 2407 3198 exhiberi,
2445 3141 2740 3202 praesertim
2781 3142 2904 3193 dum
2965 3143 3016 3194 in
3083 3142 3162 3194 sui
3228 3142 3509 3195 ministerii
3557 3142 3806 3194 functio-

583 3223 738 3276 uibns
770 3233 1065 3284 versantur,
1092 3236 1332 3291 oporteat

582 3312 805 3365 ARIST.
858 3333 874 3362 ι
907 3315 1222 3381 Episc0pus,
1274 3316 1574 3383 presbyter,
1619 3327 1667 3366 et
1716 3316 1974 3370 diaconus
2030 3335 2115 3372 nor

2238 3318 2458 3371 ΑΡιΣΤ.
2501 3335 2518 3366 t
2558 3315 2904 3376 Ἐπίσκοπος,
2949 3314 3335 3382 πρεσϐύτερος,
3398 3317 3489 3367 καὶ
3522 3315 3801 3377 διάκονος,

660 3420 676 3450 ι
717 3402 848 3452 fiunt
884 3404 1256 3467 conductores,
1287 3421 1460 3470 neque
1512 3417 1907 3472 procuratores.
1941 3407 2132 3460 Lector

663 3513 679 3542 ι
722 3495 890 3558 pubes
937 3492 1109 3546 factus
1144 3495 1224 3546 vel
1283 3499 1683 3548 matrimonium
1737 3499 2021 3551 contrahat
2055 3500 2133 3552 vel

664 3600 681 3632 ι
724 3583 1105 3636 continentiam
1137 3585 1470 3650 profiteatur.
1510 3605 1526 3636 ι

660 3671 970 3736 Episcopos,
1017 3682 1069 3724 et
1112 3673 1468 3742 presbyteros,
1520 3684 1572 3726 et
1621 3675 1874 3731 diaconos
1921 3677 2135 3732 fenera-

587 3770 752 3822 tores,
783 3760 942 3828 540
969 3772 1059 3813 aut
1094 3763 1485 3827 possessionum
1515 3765 1810 3831 aliquarum
1843 3769 2136 3822 conducto-

594 3864 710 3909 res,
749 3855 828 3900 vel
865 3851 1023 3900 etiam
1062 3851 1369 3915 provisores
1399 3852 1532 3916 fieri,
1583 3863 1634 3906 et
1679 3869 1919 3922 praesens
1964 3872 2134 3911 canon

592 3937 836 4002 prohibet
867 3949 918 3989 et
959 3939 1154 3991 diversi
1190 3940 1302 3993 alii.
1335 3941 1530 3995 Lector
1573 3953 1771 4006 autem,
1821 3947 1910 4012 qui
1961 3946 2136 4014 impu-

593 4025 771 4076 berem
803 4036 1013 4078 mtatem
1074 4029 1407 4094 transilierit,
1457 4043 1510 4084 et
1562 4034 1748 4100 viginti
1805 4034 1918 4087 fere
1968 4051 2138 4090 annos

595 4116 851 4181 attigerit,
886 4128 939 4168 et
976 4119 1380 4185 hypodiaconus
1417 4123 1527 4175 lieri
1563 4124 1705 4189 cupit
1751 4124 1894 4191 (nam
1949 4127 2136 4194 viginti

597 4205 750 4256 annis
786 4206 1392 4278 juniorhypodiaconus
1427 4227 1529 4264 non
1582 4212 1883 4276 ordinatur,
1933 4225 1991 4266 ut
2042 4216 2139 4268 de-

594 4293 766 4346 cimus
787 4295 1004 4360 quintus
1027 4307 1187 4350 sexta:
1212 4300 1261 4350 in
1279 4300 1458 4352 Trullo
1481 4301 1664 4368 synodi
1695 4316 1866 4354 canon
1900 4303 2134 4371 statuit),

599 4386 678 4436 vel
713 4402 928 4440 uxorem
961 4400 1082 4443 ante
1108 4391 1499 4444 ordinationem
1551 4395 1747 4456 ducat,
1784 4395 1866 4445 vel
1901 4395 2136 4447 caelibem

595 4489 753 4541 agere
807 4477 1142 4542 profiteatur.
1210 4480 1344 4532 Nam
1415 4495 1529 4547 post
1587 4484 1979 4536 ordinationem
2044 4500 2140 4537 nec

596 4565 926 4631 presbytero,
963 4581 1062 4619 nec
1097 4567 1344 4633 diacono,
1393 4586 1489 4622 nec
1531 4572 1900 4639 hypodiacono
1949 4575 2138 4625 matri-

602 4654 830 4706 moniale
878 4655 1060 4722 jugum
1119 4659 1171 4710 in
1222 4674 1280 4711 se
1333 4661 1604 4726 suscipere
1636 4662 1920 4716 licetzsed
1973 4665 2136 4717 lecto-

599 4743 744 4794 ribus
778 4744 906 4797 solis
942 4755 994 4798 et
1044 4749 1354 4802 cantoribus
1377 4750 1502 4802 illud
1549 4755 1890 4819 permittitur,
1949 4770 2139 4821 quem-

597 4831 880 4883 admodum
935 4843 1117 4889 sextus
1181 4849 1343 4892 sextze
1393 4840 1443 4892 in
1494 4837 1673 4894 Trullo
1725 4842 1912 4909 synodi
1969 4857 2137 4895 canon

596 4922 805 4972 statuit.

1122 5105 1346 5158 CANON
1387 5106 1545 5166 XVII.

607 5208 622 5238 ι
669 5190 890 5256 Placuit,
941 5203 1000 5248 ut
1044 5193 1358 5251 Mauritania
1411 5201 1768 5267 Sitiphensis,
1825 5213 1881 5254 ut
1934 5203 2143 5268 petivit,

706 5324 751 5354 ”
781 5328 820 5378 ll
862 5326 998 5380 Tim.
1046 5346 1104 5391 tt,
1161 5332 1210 5382 4.

2172 4631 2217 4686 0

2314 3427 2331 3458 ι
2369 3408 2699 3473 ἐκλήπτορες
2749 3405 2808 3455 οὐ
2864 3404 3128 3469 γίνονται,
3164 3404 3284 3454 οὐδὲ
3321 3406 3802 3474 προκουράτορες.

2313 3519 2330 3550 ε
2381 3499 2438 3548 ὐ
2472 3497 2669 3564 ἄνηϐος
2726 3493 3077 3562 ἀναγνώστης
3129 3493 3160 3559 ἢ
3219 3494 3395 3561 γάμον
3444 3497 3731 3563 αἱρείσθω,
3765 3499 3802 3567 ἢ

2312 3605 2329 3637 t
2368 3586 2692 3651 ἐγκράτειαν
2723 3581 3068 3648 όμολογείτω.
3097 3598 3115 3631 ι

2307 3675 2379 3726 Τὸ
2411 3671 2845 3738 πακτωναρίους,
2877 3669 2910 3737 ἢ
2955 3669 3228 3737 μισθωτὰς
3262 3671 3562 3739 κτημάτων
3604 3675 3802 3734 τινῶν,

2238 3766 2270 3835 ἦ
2302 3764 2397 3816 καὶ
2433 3759 2737 3830 προνοητὰς
2766 3758 3007 3826 γίνεσθαι
3039 3762 3388 3824 ἐπισκόπους,
3425 3763 3519 3813 καὶ
3548 3765 3806 3831 πρεσϐυ-

2237 3856 2448 3922 τέρους,
2474 3853 2565 3904 καὶ
2591 3851 2896 3913 διακόνους,
2932 3849 3023 3900 καὶ
3051 3851 3078 3900 ό
3106 3850 3294 3917 παρὼν
3352 3852 3547 3903 κωλύει
3584 3854 3802 3917 κανὼν,

2239 3945 2334 3998 καὶ
2387 3944 2562 4010 ἐτεροι
2594 3941 2864 4008 διάφοροι.
2907 3938 3287 4008 Ἀναγνώστης
3334 3941 3389 3993 δὲ
3436 3943 3538 4012 τὴν
3594 3943 3810 4013 άνηδον

2240 4031 2589 4101 ὑπεραναὸὰς
2653 4029 2888 4097 ἡλικίαν,
2942 4029 3036 4080 καὶ
3090 4029 3254 4094 ἐγγύς
3307 4049 3409 4082 που
3454 4033 3559 4097 τῶν
3614 4034 3806 4087 εἴκοσι

2241 4125 2444 4192 χρόνων
2475 4120 2783 4187 γενόμενος,
2821 4118 2912 4169 καὶ
2964 4116 3244 4186 βουληθεὶς
3277 4120 3528 4186 γενέσθαι
3574 4123 3810 4176 ὖποδιά-

2241 4229 2391 4272 κονος
2423 4210 2560 4273 (οὐδέ
2586 4208 2693 4276 γὰρ
2724 4207 2900 4275 ἥττων
2941 4206 3048 4259 τῶν
3093 4209 3260 4257 εἴκοσι
3303 4209 3512 4276 χρόνων
3545 4229 3810 4278 χειροτο-

2243 4305 2410 4352 νεῖται
2435 4284 2807 4359 ὐποδιάκονος,
2840 4295 3017 4356 καθὼς
3040 4297 3067 4347 ὁ
3095 4298 3576 4360 πεντεκαιδέκατος
3609 4303 3804 4354 κανὼν

2243 4393 2340 4458 τῆς
2372 4392 2426 4440 ἐν
2459 4389 2537 4456 τῷ
2567 4385 2819 4454 Τρούλλῳ
2887 4385 3052 4452 ἕκτης
3090 4385 3306 4436 συνόδου
3351 4385 3733 4453 διαλαμϐάνει)
3771 4394 3808 4460 ἢ

2243 4485 2473 4550 γυναῖκα
2504 4481 2608 4546 πρὸ
2637 4480 2733 4545 τῆς
2774 4477 3108 4546 χειροτονίας
3139 4475 3486 4542 λαμϐανέτω,
3520 4479 3551 4547 ἢ
3591 4481 3808 4548 παρθε-

2244 4575 2418 4625 νεύειν
2445 4570 2798 4638 ὁμολογείτω.
2828 4567 2980 4619 Μετὰ
3016 4568 3124 4632 γὰρ
3154 4569 3250 4634 τὴν
3309 4573 3643 4636 χειροτονίαν
3671 4574 3808 4627 οὔτε

2246 4662 2636 4732 πρεσϐύτερος,
2669 4658 2791 4709 οὗτε
2828 4658 3094 4717 διάκονος,
3122 4655 3245 4708 οὒτε
3299 4657 3668 4722 ὑποδιάκονος,
3697 4679 3810 4728 γα-

2253 4755 2408 4821 μικὸν
2439 4751 2616 4818 ἑαυτῷ
2655 4750 2905 4816 συνιστᾷν
2942 4746 3278 4797 συνοικέσιον
3315 4746 3402 4797 ἐπ’
3429 4747 3614 4811 ἀδείας
3646 4749 3765 4818 ἔχει
3789 4769 3806 4784 ο

2249 4841 2382 4893 ἀλλὰ
2439 4839 2616 4905 μόνοις
2673 4838 2784 4896 τοῖς
2836 4833 3212 4899 ἀναγνώσταις
3237 4837 3330 4887 καὶ
3380 4835 3612 4902 ψάλταις
3643 4838 3815 4893 τοῦτο

2250 4933 2492 4996 ἐφεῖται,
2526 4925 2708 4986 καθὼς
2738 4927 2764 4976 ό
2797 4924 2948 4984 ἐκτος
2980 4922 3157 4976 κανὼν
3211 4926 3308 4991 τῆς
3339 4929 3396 4978 ἐν
3427 4927 3504 4992 τῷ
3547 4926 3814 4998 Τρούλλῳ

2250 5021 2413 5086 ἕκτης
2444 5015 2657 5066 συνόδου
2687 5013 2985 5080 παρίστησι

2845 5101 3077 5153 ΚΑΝΩΝ
3105 5100 3200 5153 ΙΖ’.

2262 5217 2278 5247 ι
2325 5195 2680 5263 ’Ίίρεσεν,ἱ’να
2722 5195 2755 5261 ἠ
2808 5191 3150 5260 Μαιιριτανία
3193 5192 3508 5262 Σιτιφένσης
3547 5197 3660 5265 (Ιῦ)
3689 5237 3701 5257 ,
3733 5199 3817 5261 ὡς

1766 5467 1957 5526 Guill.
1991 5465 2314 5542 Bevcregii
2361 5472 2542 5524 notae.

672 5561 782 5628 (l6)
811 5563 940 5614 "Ira
969 5565 1003 5627 ἢ
1046 5566 1405 5630 Μαυριτανια
1433 5565 1806 5630 Σιτιφένσης.
1852 5568 1945 5619 llic
1970 5583 2140 5620 canon

607 5635 664 5680 ut
709 5640 853 5684 recte
907 5632 1256 5700 intelligatur,
1292 5634 1465 5701 primo
1508 5638 1797 5687 tenendum
1858 5646 1958 5698 est,
2001 5636 2139 5689 Μνᾶ-

2252 5581 2368 5617 eam
2427 5566 2643 5632 proprie
2705 5566 2782 5619 sic
2815 5567 3034 5632 dictaui,
3094 5571 3206 5621 sive
3267 5577 3496 5620 tractum
3557 5569 3724 5620 istum
3787 5585 3816 5622 η

2249 5637 2382 5688 freto
2428 5634 2695 5688 Gaditana
2743 5637 2805 5688 ad
2856 5637 3214 5704 Cyrenaicam
3282 5640 3560 5703 regionem
3626 5653 3820 5704 porre-
