3982 6460
504 310 608 374 103

1745 309 2020 368 THEOD.
2066 309 2460 370 BALSAMON

3603 301 3705 366 104

495 429 588 472 aut
615 417 797 472 clerici
840 417 1179 483 ordinantur,
1215 418 1282 472 ab
1327 416 1517 470 eodem
1552 415 1603 468 in
1643 414 1708 468 iis
1740 429 1858 483 quae
1887 428 2047 482 syno-

2174 430 2246 467 ιον
2278 420 2376 480 δεῖ,
2412 417 2574 485 φησὶν
2619 421 2647 471 ό
2689 416 2889 480 κανὼν,
2925 416 3102 484 λέγειν
3150 415 3264 478 τοῖς
3297 418 3708 484 χειροτονουμέ-

496 510 682 563 dorum
712 509 926 562 decreto
965 509 1028 561 de
1062 509 1183 574 ﬁde,
1213 517 1266 560 et
1298 508 1420 560 vita:
1447 504 1786 558 instituendze
1817 506 2049 569 ratione,

497 600 669 664 deque
711 600 1075 652 ecclesiastica
1125 598 1588 651 :ulministratione
1642 597 1848 649 sancita
1899 605 2050 659 sunt,

498 689 697 740 erudiri
752 692 965 750 debent,
1013 699 1068 740 ut
1117 688 1340 756 proinde
1392 688 1461 739 illi
1500 687 1908 740 constitutiones
1955 684 2054 736 Pa-

497 786 637 826 trum
702 779 948 844 c03nitas
1006 787 1246 840 servent,
1306 792 1404 829 nec
1454 791 1548 828 eos
1601 776 1792 828 iisdem
1842 774 2054 826 violatis

499 867 808 933 pmuitentia
859 868 982 919 facti
1040 868 1373 934 postmodum
1426 874 1807 931 consequatur.
1859 865 2057 916 Conse-

496 968 692 1021 quetnr
739 971 801 1009 ea
851 974 1104 1024 namque,
1142 973 1261 1010 cum
1319 958 1536 1009 admissi
1575 956 1836 1016 criminis,
1889 955 1969 1006 vel
2005 955 2086 1014 in,

495 1045 595 1095 hac
625 1060 835 1113 quoque
883 1046 1012 1109 vita,
1048 1046 1129 1098 vel
1161 1047 1213 1099 in
1260 1045 1438 1098 futura
1468 1055 1613 1098 certe
1645 1059 1829 1108 poenas
1854 1042 2056 1110 judicio

497 1131 814 1184 inexorabili
846 1135 1148 1198 expendent

497 1220 723 1273 ARIST.
784 1241 800 1271 ‹
844 1222 1179 1292 Synodorum
1227 1222 1421 1291 placita
1480 1222 1697 1274 auribus
1766 1220 1905 1289 ejus,
1966 1219 2056 1288 qui

751 1330 768 1361 ι
802 1314 1126 1366 ordinandus
1170 1323 1271 1377 est,
1307 1314 1731 1365 inculcabuntur.
1785 1330 1803 1360 ι

576 1401 673 1466 Qui
732 1404 1012 1471 episcopus
1068 1404 1150 1456 vel
1211 1405 1436 1457 clericus
1496 1408 1796 1467 ordinatur,
1856 1420 1973 1472 quae
2029 1420 2056 1456 τι

497 1493 717 1561 synodis
763 1495 974 1545 decreta
1027 1504 1151 1548 sunt
1182 1495 1234 1546 in
1269 1509 1429 1546 aures
1473 1494 1607 1559 ejus,
1655 1496 1722 1546 ab
1761 1510 1823 1547 eo
1858 1496 1946 1562 qui
1983 1496 2059 1561 ip-

497 1589 616 1634 sum
664 1581 895 1643 ordinat,
951 1583 1146 1635 tradita
1184 1583 1334 1635 debet
1368 1584 1623 1650 recipere,
1660 1592 1730 1648 e‘t,
1783 1583 2056 1638 admoneri

497 1683 558 1720 ea
589 1670 816 1721 observa
827 1685 898 1723 re.

1076 1758 1303 1814 CANON
1349 1759 1464 1812 ΧΧ.

506 1867 522 1898 ι
597 1839 862 1904 Similiter
935 1853 1154 1920 placuit,
1217 1866 1270 1906 ut
1334 1855 1682 1906 morientium
1741 1853 2059 1921 corporibus

573 1961 591 1992 ι
638 1945 963 1997 eucltaristia
1015 1961 1117 1998 non
1173 1947 1350 1998 detur.
1414 1948 1686 2015 Scriptum
1741 1949 2055 2017 estlenim,

576 2049 594 2080 ι
638 2033 900 2096 Accipite,
952 2035 1267 2085 manducate
1317 2034 1360 2063 ³⁷
1417 2051 1430 2086 :
1500 2034 1827 2085 Mortuorum
1878 2043 2056 2083 autent

577 2141 596 2172 ι
647 2138 874 2188 corpora
921 2119 1016 2175 nec
1054 2125 1299 2190 accipere
1345 2135 1586 2191 possunt,
1623 2138 1721 2175 nec
1752 2124 2055 2175 comedere.

575 2231 593 2262 ι
631 2214 691 2264 Et
723 2229 788 2266 ne
817 2228 933 2276 eos,
961 2214 1048 2281 qui
1073 2213 1183 2281 jam
1215 2224 1342 2266 sunt
1371 2214 1588 2277 mortui,
1626 2212 1883 2279 baptizari
1919 2214 2059 2266 lece-

572 2322 590 2353 ι
631 2304 1144 2372 τὶιρτεειιγιενοτιιιιι
1185 2305 1505 2370 ignorantia.
1541 2320 1560 2352 ι

572 2391 768 2444 BALS.
823 2393 1030 2446 Rursus
1084 2395 1172 2447 hic
1219 2409 1390 2444 canon
1439 2394 1591 2460 jubet
1640 2407 1743 2445 non
1799 2394 2056 2459 baptizari

499 2493 766 2548 mortuos,
820 2498 919 2536 nec
966 2494 1425 2536 sacramentorum
1464 2486 1837 2536 communione
1869 2487 2060 2553 dignos

502 2579 713 2630 haberi.
777 2576 1075 2629 Morientes
1135 2586 1311 2627 autem
1368 2576 1604 2642 appellat
1659 2590 1773 2640 eos,
1829 2581 1915 2643 qui
1947 2578 2059 2643 jam

499 2669 695 2720 mortui
745 2678 893 2731 sunt,
945 2684 1049 2721 non
1082 2670 1170 2736 qui
1227 2668 1552 2720 moribundi.
1591 2667 1652 2720 lli
1706 2669 1846 2721 enim
1890 2671 2062 2734 magis

503 2759 702 2811 debent
754 2771 1066 2812 sanctorum
1118 2759 1496 2829 mysteriorum
1541 2759 1789 2812 viaticum
1825 2774 2060 2824 stnnere,

501 2860 554 2902 et
589 2864 799 2901 sacrum
833 2849 1158 2918 baptismum
1197 2852 1466 2919 accipere,
1518 2851 1562 2904 si
1598 2865 1700 2903 non
1737 2851 1842 2903 sint
1883 2852 2058 2919 bapti-

504 2940 629 2989 zati.

570 3028 817 3084 ZONAR.
877 3029 1106 3083 Rursum
1162 3031 1226 3083 de
1283 3031 1606 3085 eueharistia
1667 3034 1893 3086 mortuis
1955 3044 2130 3099 nonc

503 3121 856 3188 impertienda
911 3121 1022 3175 haec
1061 3122 1300 3191 synodus
1328 3125 1455 3190 agit.
1506 3123 1761 3188 Quamvis
1791 3127 1931 3177 enim
1969 3127 2058 3177 illa

502 3214 685 3277 dictio,
739 3213 1102 3277 Morientium,
1158 3231 1261 3267 non
1306 3229 1398 3274 eos
1431 3216 1520 3282 qui
1557 3228 1661 3268 vtta
1700 3217 1868 3270 functi
1914 3225 2056 3278 sunt,

501 3304 546 3357 si
596 3305 868 3370 propriam
929 3304 1045 3372 ejus
1077 3305 1520 3373 signiﬁcationem
1572 3316 1803 3372 Spectes,
1835 3308 1926 3359 sed
1969 3307 2059 3373 qui

497 3394 608 3459 jam
644 3395 972 3455 moriuntur,
1009 3394 1313 3461 signiﬁcet;
1363 3404 1542 3446 tamen
1590 3412 1708 3462 qua:
1739 3409 2059 3463 sequuntur,

501 3485 568 3535 de
618 3482 843 3535 mortuis
895 3497 1197 3548 sermonem
1248 3499 1367 3536 esse
1404 3484 1536 3537 satis
1567 3495 1750 3551 aperte
1795 3485 2059 3547 indicant,

500 3573 626 3640 quia
657 3573 832 3640 inquit
853 3586 1184 3626 mortuorum
1209 3589 1431 3641 corpora
1457 3589 1552 3626 nec
1572 3575 1814 3643 accipere
1845 3587 2066 3641 possunt

504 3677 602 3714 nec
653 3663 956 3717 comedere.
1009 3663 1108 3728 Qui
1140 3680 1265 3717 vero
1296 3667 1471 3720 adhuc
1504 3669 1643 3720 inter
1693 3671 1842 3719 vivos
1875 3677 2060 3735 agunt,

502 3754 749 3819 quamvis
803 3756 1142 3808 conclamata
1195 3757 1366 3812 salute
1418 3761 1643 3826 exiguus
1692 3759 2062 3814 deﬁcientibus

505 3845 732 3910 spiritus
766 3844 1127 3910 relinquatur,
1166 3859 1475 3901 sanctorum
1509 3852 1883 3917 mysteriorum
1911 3866 2063 3902 com-

507 3938 758 3988 munione
793 3952 898 3988 non
960 3947 1083 3990 sunt
1112 3939 1374 4006 privandi.
1406 3940 1543 4003 Quin
1576 3941 1893 4006 baptismum
1925 3956 2061 4007 quo-

503 4042 608 4094 que
668 4027 894 4079 mortuis
954 4043 1018 4080 ex
1066 4030 1402 4081 sacerdotum
1445 4030 1707 4096 imperitia
1761 4032 1845 4082 hic
1893 4046 2061 4084 canon

510 4119 738 4170 cunlerri
771 4128 933 4170 velat.
963 4117 1060 4171 Ubi
1091 4120 1250 4171 etiam
1277 4121 1516 4183 verbum,
1536 4119 1844 4182 Morientes,
1876 4123 2063 4174 eodem
2103 4177 2105 4180 ,

509 4209 686 4269 modo,
740 4224 847 4275 quo
887 4208 1157 4272 diximus,
1197 4209 1415 4275 intelligi
1470 4221 1698 4275 oportet.
1741 4209 1874 4260 Dum
1922 4212 2064 4261 enim

508 4298 678 4364 spirat
729 4299 869 4366 quis,
924 4298 1133 4349 divinus
1174 4298 1470 4367 baptisnms
1517 4299 1562 4350 ei
1608 4298 1842 4352 conferri
1885 4298 2060 4351 debet.

510 4387 734 4440 ARIST.
771 4407 788 4438 ι
845 4387 1066 4456 Corpori
1115 4390 1222 4440 vita
1291 4389 1530 4441 defuncti
1580 4390 1905 4442 encliaristia
1961 4406 2065 4442 non

590 4497 608 4528 ‹
667 4479 827 4530 datur
878 4495 893 4531 :
945 4495 1046 4532 non
1103 4481 1244 4532 enim
1292 4482 1402 4532 edit
1430 4482 1512 4533 vel
1556 4481 1711 4535 bibit.
1761 4481 2066 4547 Ignorantia

589 4588 607 4620 ι
641 4570 804 4620 etiam
837 4571 1132 4637 presbyteri
1173 4586 1277 4622 non
1309 4572 1598 4637 baptizabit
1626 4582 1910 4625 mortumn.
1948 4591 1964 4621 ι

584 4659 811 4713 Domino
860 4661 1090 4725 dicente,
1139 4662 1387 4729 Accipite,
1439 4664 1594 4720 edite.
1643 4665 1910 4731 quomodo
1953 4663 2071 4729 quis

514 4763 726 4805 mortuo
772 4752 838 4806 de
885 4767 1108 4821 corpore
1155 4754 1335 4806 divino
1387 4756 1602 4807 tradat?
1637 4763 1878 4807 mortuus
1927 4756 2068 4806 enim

512 4860 608 4896 nec
642 4845 884 4911 accipere
933 4853 1125 4911 potest,
1177 4859 1274 4896 nec
1320 4848 1499 4898 edere.
1557 4846 1658 4899 Sed
1711 4862 1805 4899 nec
1837 4846 2066 4913 haptizét

511 4936 777 5001 quispiam
809 4937 915 4988 vita
958 4935 1218 4988 functum.
1270 4937 1704 5005 Presltyterorum
1735 4937 1873 4988 enim
1898 4937 2070 5002 igno-

2152 518 2260 563 νοις
2305 504 2373 554 τὰ
2409 504 2633 566 δόξαντα
2663 507 2781 565 ταῖς
2812 504 3049 564 συνόδοις
3084 502 3211 571 περί
3239 518 3300 554 τε
3348 501 3582 561 πίστεως
3613 498 3708 550 καὶ

2156 596 2282 660 περὶ
2316 593 2407 644 τοῦ
2458 595 2572 657 πῶς
2606 596 2708 664 χρὴ
2746 594 2913 662 βιοῦν,
2944 593 3034 644 καὶ
3064 593 3131 644 τὰ
3156 590 3585 660 ἐκκλησιαστικὰ
3631 589 3708 638 ol-

2155 681 2421 750 κοὸομεῖν,
2472 685 2555 736 ἵνα
2606 686 2804 747 ειδότες
2847 688 2940 745 τὰς
2990 683 3255 744 διατάξεις
3287 681 3393 733 τῶν
3446 679 3708 747 Πατέρων

2155 773 2272 823 κατ’
2305 775 2472 835 αύτάς
2505 775 2718 837 ποιῶσι,
2752 777 2843 827 καὶ
2875 774 2948 843 μὴ
2987 772 3404 842 μεταμεληθῶσι
3430 768 3710 837 παρ’ἐκεί-

2156 878 2250 922 νας
2286 862 2584 924 ποιοῦντες.
2619 864 3167 932 Μεταμεληθήσονται
3196 861 3250 913 δὲ
3295 861 3639 925 εύθυνόμενοι
3674 856 3708 923 ἢ

2159 953 2250 1002 καὶ
2280 955 2335 1002 ὲν
2365 956 2429 1022 τῇ
2462 954 2710 1027 παρούσῃ
2744 956 2876 1025 ζωῇ,
2910 956 2941 1023 ἢ
2976 955 3110 1015 τέως
3140 953 3528 1020 ἀπαραιτήτως
3567 945 3713 999 κατὰ

2157 1042 2252 1109 τὴν
2283 1043 2602 1110 μέλλουσαν.

2157 1216 2377 1266 ΑΡΙΣΤ.
2416 1233 2433 1264 ι
2474 1216 2554 1267 Τὰ
2598 1217 2716 1278 ταῖς
2761 1217 2994 1278 συνόδοις
3030 1217 3254 1279 δόξαντα
3283 1217 3309 1267 ὁ
3341 1213 3718 1282 χειροτονηθη-

2515 1326 2532 1356 ι
2585 1309 2804 1374 σόμενος
2868 1308 3302 1375 ὲνωτισθήσεται.
3343 1326 3359 1355 ι

2239 1401 2299 1452 Ὀ
2328 1400 2792 1468 χειροτονούμενος
2828 1399 3117 1458 ἐπίσκοπος
3147 1400 3179 1468 ἦ
3213 1396 3470 1465 κληρικὺς
3507 1394 3717 1461 ὀφείλει

2157 1493 2226 1544 τὰ
2268 1492 2564 1560 δεδογμένα
2598 1495 2716 1553 ταῖς
2773 1492 3007 1552 συνόδοις
3037 1492 3114 1552 είς
3142 1489 3311 1551 ἀκοὰς
3341 1487 3506 1540 αὑτοῦ
3539 1502 3720 1554 παρα-

2160 1583 2406 1652 δέχεσθαι
2437 1584 2584 1650 παρΞι
2614 1583 2706 1635 τοῦ
2734 1583 3162 1651 χειροτονοῦντος
3190 1582 3371 1644 αὑτὸν,
3399 1582 3490 1632 καὶ
3519 1580 3722 1646 ὑπομι-

2165 1674 2501 1742 μνήσκεσθαι
2535 1669 2706 1726 ταῦτα
2737 1673 3042 1740 φυλάττειν.

2758 1766 2995 1818 ΚΑΝΩΝ
3023 1766 3085 1817 Κ⁹

2167 1877 2185 1908 ι
2243 1856 2472 1924 Ὁμοίως
2499 1858 2721 1925 ἤρεσεν,
2752 1857 2838 1908 ἵνα
2869 1859 2977 1917 τοῖς
3014 1856 3229 1923 σώμασι
3258 1856 3364 1906 τῶν
3420 1851 3719 1907 τελευτών-

2236 1968 2253 1997 ι
2299 1965 2406 1999 των
2472 1947 2790 2016 εὐχαριστία
2880 1947 2955 2015 μὴ
3007 1946 3156 2013 δοθῇ.
3212 1945 3524 2011 Γέγραπται
3585 1941 3718 2008 γὰρ,

2235 2057 2254 2090 ι
2296 2038 2536 2100 Λάϐετε,
2589 2036 2844 2105 φάγετε·
2893 2036 2960 2088 τὰ
3003 2037 3057 2086 δὲ
3087 2036 3192 2088 τῶν
3242 2037 3447 2101 νεκρῶν
3490 2033 3721 2100 σώματα

2236 2149 2253 2180 ι
2300 2131 2419 2182 οὐδὲ
2463 2131 2649 2182 λαϐεῖν
2683 2130 2924 2189 δύναται,
2956 2128 3076 2179 οὐδὲ
3125 2129 3336 2193 φαγεῖν.
3375 2127 3479 2177 Καὶ
3516 2126 3600 2177 ἵνα
3640 2126 3717 2194 μὴ

2236 2242 2253 2272 ι
2299 2225 2421 2283 τοὺς
2459 2224 2558 2290 ἤδη
2600 2221 2965 2278 τελευτῶντας
3019 2216 3375 2285 βαπτισθῆναι
3427 2216 3631 2286 ποιήσῃ
3684 2217 3717 2285 ἠ

2236 2331 2256 2364 ι
2301 2314 2409 2364 τῶν
2444 2312 2829 2381 πρεσϐυτέρων
2864 2311 3078 2377 ἄγνοια.
3111 2327 3128 2358 ι

2232 2405 2426 2456 ΒΑΛΣ.
2481 2402 2588 2453 Καὶ
2633 2401 2786 2461 αὖθις
2838 2402 2865 2451 ό
2914 2399 3090 2450 κανὼν
3121 2396 3551 2465 παρακελεύεται
3595 2395 3726 2454 τοὺς

2161 2497 2386 2564 νεκροὺς
2421 2495 2554 2562 μήτε
2583 2491 2964 2560 βαπτίζεσθαι,
3000 2493 3136 2557 μήτε
3173 2489 3271 2553 τῆς
3299 2489 3406 2537 τῶν
3440 2486 3723 2552 ἀγιασμὰ·

2159 2603 2268 2636 των
2313 2583 2664 2652 μεταλήψεως
2705 2579 3003 2644 ἀξιοῦσθαι.
3051 2577 3429 2636 Τελευτῶντας
3477 2576 3531 2626 δὲ
3567 2575 3732 2628 καλεῖ

2159 2675 2288 2735 τοὺς
2333 2675 2432 2741 ἤδη
2468 2673 2915 2740 τελευτήσαντας,
2949 2667 3070 2736 οὐχὶ
3113 2668 3238 2726 τοὺς
3261 2666 3330 2715 τὰ
3362 2664 3564 2731 ἔσχατα
3597 2665 3729 2716 πνέ-

2163 2783 2341 2826 οντας.
2367 2757 2522 2816 Οὗτοι
2554 2764 2658 2829 γὰρ
2691 2762 2886 2826 μᾶλλον
2921 2758 3298 2824 ὲφοδιάζεσθαι
3329 2755 3602 2820 ὀφείλουσι
3635 2755 3726 2806 διὰ

2160 2856 2256 2922 τῆς
2287 2853 2393 2904 τῶν
2421 2853 2592 2918 ἁγίων
2627 2850 2942 2919 μυστηρίων
2973 2847 3351 2914 μεταλῆψεως,
3385 2846 3478 2896 καὶ
3507 2843 3598 2896 διὰ
3625 2845 3724 2896 τοῦ

2163 2945 2306 2996 θείου
2341 2945 2734 3011 βαπτίσματος,
2763 2942 2858 2993 ὲὰν
2888 2936 3020 2992 ὦσιν
3051 2940 3371 2992 ἀϐἀπτιστοι

2235 3035 2480 3086 ΖΩΝΑΡ.
2517 3035 2627 3086 Καὶ
2677 3034 2837 3084 πάλιν
2890 3031 3018 3098 περὶ
3068 3029 3164 3080 τοῦ
3211 3030 3283 3096 μὴ
3327 3030 3451 3086 τοὺς
3495 3027 3726 3094 νεκροὺς

2164 3127 2261 3191 τῆς
2309 3126 2414 3178 τῶν
2459 3125 2618 3175 θείων
2675 3123 2989 3190 μυστηρίων
3039 3120 3392 3186 μεταλήψεως
3437 3118 3620 3181 ἀξτοῦν
3687 3120 3722 3186 ἡ

2167 3219 2383 3277 σύνοδος
2415 3215 2746 3281 διαλέγεται.
2779 3214 2840 3264 Ei
2876 3213 2982 3278 γὰρ
3012 3212 3104 3261 καὶ
3137 3212 3169 3278 ἡ
3203 3209 3344 3271 λέξις
3390 3209 3495 3260 τῶν
3532 3209 3726 3260 τελευ-

2165 3308 2384 3360 τώντων
2435 3307 2559 3368 τοὺς
2620 3307 2786 3374 μήπω
2849 3304 3107 3363 θανόντας
3163 3302 3416 3370 ἐμφαίνει
3474 3302 3614 3353 κατά
3666 3301 3730 3351 τὸ

2166 3399 2414 3467 ἀκριϐὲς,
2444 3399 2566 3459 τοὺς
2615 3398 2670 3448 δὲ
2699 3399 2778 3448 ἔτι
2813 3396 3166 3460 θνήσκοντας,
3197 3393 3331 3446 ἀλλά
3371 3392 3439 3442 τὰ
3473 3391 3597 3457 ἑξῆς
3635 3408 3734 3442 σα-

2167 3491 2281 3557 φῶς
2309 3489 2560 3556 δηλοῦσιν
2604 3490 2686 3538 ὅτι
2725 3487 2852 3553 περὶ
2881 3485 3151 3537 θανόντων
3179 3485 3279 3551 ἤδη
3309 3486 3336 3534 ό
3370 3483 3525 3547 λόγος
3580 3482 3731 3545 ἐστὶ,

2165 3581 2226 3632 τὸ
2254 3584 2426 3631 εἰπεῖν
2468 3581 2714 3646 δηλονότι
2738 3579 2817 3629 ὃτι
2844 3577 2910 3628 τὰ
2937 3577 3045 3628 τῶν
3086 3576 3292 3639 νεκρῶν
3323 3572 3548 3640 σώματα
3603 3570 3730 3623 οὔτε

2168 3671 2354 3722 λαϐεῖν
2406 3670 2628 3721 δύναται
2683 3667 2805 3719 οὒτε
2842 3670 3056 3733 φαγεῖν.
3100 3665 3238 3725 Τοὺς
3271 3664 3325 3714 δὲ
3363 3663 3441 3713 ἔτι
3498 3661 3732 3723 ζῶντας,

2165 3751 2666 3827 κᾶν”ἀπέγνωσται
2701 3757 2898 3818 αὐτοὺς
2941 3759 2973 3826 ἡ
3025 3755 3159 3825 ζωὴ,
3207 3754 3307 3806 κᾶν
3362 3752 3498 3820 μετά
3552 3749 3729 3819 βραχὺ

2171 3834 2436 3922 μέλλωσιν
2463 3853 2703 3913 ἐκπνεῖν,
2733 3850 2840 3900 τῶν
2869 3849 3041 3915 ἀγίων
3079 3844 3393 3914 μυστηρίων
3447 3840 3732 3905 ἀξιοῦσθαι

2168 3945 2366 4013 χρεών.
2413 3944 2574 3994 Ἀλλά
2623 3943 2755 4010 μηδὲ
2801 3938 3156 4008 βαπτίζεσθαι
3202 3937 3327 3996 τοὺς
3356 3935 3584 4002 νεκροὺς
3637 3931 3734 3984 καὶ

2166 4031 2320 4096 οὗτος
2352 4037 2378 4086 ό
2407 4035 2585 4086 κανὼν
2637 4032 2981 4083 διατάττεται
3014 4029 3070 4093 ἐξ
3101 4027 3321 4093 ἀγνοίας
3351 4025 3458 4075 τῶν
3491 4023 3736 4091 πρεσϐυ-

2167 4127 2362 4195 τέρων.
2423 4123 2709 4176 Κάνταῦθα
2755 4122 2811 4172 δὲ
2867 4123 2965 4189 τὴν
3021 4121 3165 4182 λέξιν
3207 4117 3314 4167 τῶν
3355 4114 3732 4166 τελευτώντων

2170 4216 2343 4277 οὕτως
2380 4216 2618 4283 νοητέον,
2654 4214 2728 4274 ὡς
2759 4212 2857 4280 ἤδη
2907 4211 3144 4279 εἴρηται.
3185 4209 3324 4268 Ἕως
3376 4207 3483 4273 γὰρ
3529 4204 3594 4255 ἂν
3643 4207 3738 4270 ἒμ-

2173 4307 2313 4376 πνέῃ
2339 4323 2443 4369 τις,
2479 4306 2570 4356 τοῦ
2609 4304 2752 4354 θείου
2793 4300 3169 4368 βαπτίσματος
3201 4296 3585 4362 ἀξιωθήσεται.

2170 4397 2387 4450 ΛΡΙΣΤ.
2429 4413 2445 4444 ι
2476 4395 2564 4463 Τῷ
2586 4393 2677 4445 τοῦ
2700 4390 3144 4458 τετελευτηκότος
3173 4388 3383 4454 σώματι
3417 4387 3736 4454 εὐχαριστία

2250 4508 2267 4539 ι
2317 4487 2607 4555 οὑζδίδοται
2634 4500 2648 4514 ·
2687 4483 2745 4535 οῦ
2779 4482 2884 4549 γὰρ
2913 4480 3104 4541 ἐσθίει,
3138 4480 3167 4546 ἢ
3203 4478 3345 4529 πίνει
3374 4492 3387 4504 ’
3427 4476 3520 4526 καὶ
3543 4476 3739 4540 ἄγνοια

2249 4599 2264 4629 ι
2310 4576 2682 4648 πρεσϐυτέρου
2725 4574 2783 4625 οὐ
2837 4573 3085 4640 βαπτίσει
3117 4569 3209 4620 τὸν
3254 4566 3673 4632 τελευτήσαντα.
3713 4581 3732 4611 ι

2245 4670 2350 4720 Τοῦ
2409 4667 2613 4733 Κυρίου
2672 4663 2937 4722 εἰπόντος,
2975 4658 3216 4717 Λάϐετε,
3253 4654 3486 4721 φάγετε,
3525 4653 3641 4710 πῶς
3672 4651 3739 4702 ἄν

2172 4776 2255 4820 τις
2285 4756 2360 4824 τῷ
2400 4753 2785 4817 τελευτήσαντι
2811 4747 2905 4798 τοῦ
2940 4746 3082 4796 θείου
3117 4742 3364 4808 σώματος
3395 4739 3736 4809 μεταδώσεις

2176 4848 2300 4902 οὒτε
2355 4846 2462 4911 γὰρ
2521 4843 2705 4893 λαϐεῖν
2754 4838 2875 4890 οὔτε
2932 4837 3126 4903 φαγεῖν
3167 4837 3194 4885 ό
3245 4834 3435 4902 νεκρὸς
3487 4830 3739 4884 δύναται.

2193 4939 2329 4990 Ἀλλ’
2359 4935 2478 4987 οὐδὲ
2515 4932 2767 4999 βαπτίσει
2801 4945 2882 4989 τις
2919 4927 3009 4977 τὸν
3062 4925 3484 4991 τελευτήσαντα.
3534 4920 3596 4972 Ἣ
3634 4920 3744 4986 γὰρ

2179 5027 2288 5078 τῶν
2317 5022 2703 5092 πρεσϐυτέρων
2734 5020 2922 5085 ἄγνοια
2949 5016 3051 5066 οῦκ
3079 5013 3352 5080 ὠφελήσει
3386 5011 3511 5071 τοὺς
3554 5008 3748 5059 τελευ-

2181 5118 2477 5184 τήσαντας,
2508 5111 2648 5163 ὥστε
2685 5107 3154 5179 βεϐαπτισμένους
3186 5101 3514 5167 λογίζεσθαι.

2751 5194 2990 5251 ΚΑΝΩΝ
3035 5192 3167 5245 KA'.

2186 5322 2203 5353 ι
2250 5308 2338 5352 Διὸ
2374 5295 2695 5370 βεϐαιωτέον
2752 5290 2899 5342 ἐστὶν
2948 5288 3004 5336 ὲν
3055 5282 3224 5350 ταύτῃ
3256 5284 3320 5349 τῇ
3353 5279 3485 5348 ἁγίᾳ.
3517 5277 3747 5345 συνόδῳ,

2257 5413 2274 5446 ι
2321 5392 2460 5443 ὥστε
2515 5386 2657 5438 κατὰ
2706 5383 2829 5441 τοὺς
2868 5380 2926 5428 ὲν
2977 5373 3182 5442 Νικαίᾳ
3215 5375 3370 5442 ὅρους
3408 5370 3496 5421 διὰ
3529 5369 3625 5429 τὰς
3658 5370 3757 5420 ὲκ-

2261 5504 2279 5537 (
2325 5475 2718 5550 κλησιαστικάς
2779 5471 2979 5531 αἰτίας,
3039 5467 3240 5525 αἵτινες
3288 5463 3550 5522 πολλάκις
3609 5461 3753 5527 πρὸς

2263 5595 2280 5625 ε
2329 5574 2547 5628 ὄλεθρον
2594 5568 2687 5620 τοῦ
2740 5563 2865 5616 λαοῦ
2916 5559 3295 5618 παλαιοῦνται,
3347 5554 3470 5606 καθ’
3517 5554 3758 5607 ’ἑκαστίν

471 5024 692 5077 ιτεηιιίιι
746 5026 970 5079 mortuis
1024 5041 1127 5080 non
1184 5028 1287 5078 erit
1333 5027 1661 5094 adiumento,
1715 5034 1771 5077 ut
1819 5025 2071 5092 baptizati

516 5123 912 5182 reputarentur.

1088 5226 1314 5280 CANON
1355 5225 1493 5277 XXI.

515 5328 531 5358 ι
569 5309 632 5361 Ει
665 5310 784 5360 ideo
819 5307 873 5358 in
910 5307 1012 5357 hac
1043 5317 1228 5358 s;.ncta
1262 5304 1470 5373 synodo
1507 5301 1946 5357 conﬁrmandum
1986 5309 2087 5359 est.

592 5422 612 5453 ι
647 5411 704 5454 ut
730 5403 1028 5454 secundum
1087 5399 1288 5452 Nicaeui
1316 5398 1530 5451 concilii
1586 5398 1826 5455 decreta,
1870 5404 2093 5464 propter

588 5514 604 5544 ι
639 5511 831 5548 causas
864 5495 1282 5554 ecclesiasticas,
1328 5507 1448 5558 quae
1479 5506 1618 5557 saepe
1649 5491 1712 5542 ad
1754 5491 1932 5556 pupuli
1972 5504 2090 5554 per-

585 5607 602 5637 ι
634 5588 826 5638 niciem
851 5589 1224 5654 antiquantnr,
1258 5586 1488 5652 singulis
1515 5569 1673 5636 annis
1711 5587 1798 5636 ﬁat
1825 5586 2086 5650 synodus.

584 5699 624 5728 ”
649 5698 838 5751 Matth.
879 5717 1020 5766 xxvi,
1057 5700 1144 5754 ‘26.
