3982 6452
226 391 312 453 105

283 517 298 548 ι
339 476 578 551 ἐνιαυτὸν
627 502 840 555 σύνοδον
889 505 1154 570 γίνεσθαι,
1205 507 1339 575 πρὸς
1371 509 1438 575 ἢν
1471 507 1664 566 πάντες
1695 507 1742 555 oi
1771 506 1818 562 Α

310 590 413 641 τῶν
443 592 720 660 ἐπαρχιῶν
756 595 853 654 τὰς
884 597 1110 663 πρώτας
1143 596 1418 664 καθέδρας
1455 595 1737 664 ἐπέχοντες

280 699 296 727 ο
339 683 402 732 ἐκ
448 681 553 732 τῶν
583 683 801 732 οἰκείων
847 683 1101 746 συνόδων,
1147 683 1321 750 δύο,ἢ
1371 682 1526 744 ὅσους
1561 680 1736 732 ἐπιλέ-

275 789 290 818 ι
335 771 548 834 ξωνται,
568 772 898 833 ἐπισκόπους
923 773 1299 842 τοποτηρητάς
1319 773 1731 825 ἀποστείλωσιν·

276 878 294 908 ι
337 861 424 913 ῐνα
463 863 517 911 ὲν
548 864 612 929 τῇ
647 861 974 934 συναχθείσῃ
1006 863 1311 914 συν-ελεύσει
1343 861 1552 931 πλήρης
1598 855 1735 911 ε’ίναι

275 970 290 999 ι
331 950 579 1018 δυνηθείη
609 952 641 1018 ἠ
673 952 950 1003 αὐθεντία.
992 969 1009 1001 ι

273 1041 459 1093 ΒΑΛΣ.
490 1043 620 1110 Περὶ
645 1043 754 1093 τῶν
780 1043 1004 1110 ἐτησίων
1033 1045 1261 1096 συνόδων
1292 1046 1348 1095 ἐν
1377 1044 1450 1110 τῷ
1485 1051 1522 1095 ε’
1555 1045 1735 1095 κανόνι

209 1134 295 1198 τῆς
320 1133 372 1181 ὲν
395 1130 598 1199 Νικαίᾳ
636 1131 858 1198 πρώτης
891 1133 1127 1195 συνόδου,
1162 1135 1252 1184 καὶ
1283 1136 1337 1184 ὲν
1368 1135 1570 1201 ἑτέροις
1599 1135 1738 1185 πλα-

205 1222 412 1289 τύτερον
457 1221 738 1289 διελήφθη.
785 1222 841 1273 Ὀ
896 1223 953 1273 δὲ
1007 1221 1190 1291 παρὼν
1240 1223 1416 1273 κανών
1473 1239 1599 1290 φησι
1641 1224 1737 1283 τὰς

210 1313 440 1370 συνόδους
475 1311 721 1377 γίνεσθαι
750 1312 1002 1379 ὲτησίως,
1037 1313 1120 1364 ἵνα
1155 1313 1226 1382 μὴ
1273 1312 1632 1365 σεεννύωντσιι
1663 1312 1738 1381 τῷ

204 1403 359 1469 χρόνῳ
383 1402 447 1452 τΞι
472 1400 625 1470 παρά
653 1401 760 1452 τῶν
782 1403 952 1467 ἁγίων
979 1403 1232 1470 Πατέρων
1256 1402 1562 1470 ὁρισθέντα.
1580 1402 1738 1453 Ἀλλά

205 1490 331 1541 κατὰ
354 1489 448 1558 τὴν
465 1491 673 1542 τούτων
698 1491 986 1559 περίληψιν
1011 1492 1240 1544 λύωνται
1262 1494 1331 1544 τὰ
1360 1495 1736 1544 ἀνακύπτοντα

204 1579 616 1645 ικκλησιαστικά
652 1578 964 1646 ζητήματα.
1015 1578 1393 1646 Γογγυξόντων
1447 1578 1500 1629 δέ
1555 1594 1735 1634 τινων.

202 1670 267 1728 ὡς
292 1670 561 1726 ἕοικε,διά
586 1670 683 1738 τὴν
711 1671 1118 1738 τοιουτότροπον
1151 1669 1371 1738 ὲτησίαν
1406 1668 1733 1730 συνέλευσιν,

204 1761 318 1819 ίσως
348 1755 514 1810 οὖσαν
540 1760 775 1843 δυσχερῆ
811 1759 900 1811 διά
928 1761 985 1810 τὸ
1020 1760 1191 1829 μῆκος
1226 1759 1322 1828 τῆς
1353 1759 1494 1820 ὀδοῦ,
1530 1759 1736 1828 ὥρισαν

1231 403 1310 462 ιΝ
1347 403 1512 463 CAN.
1553 403 1684 462 XXI
1723 401 1927 461 CONC.
1970 403 2331 463 CARTIIAG.

1919 525 1936 556 ι
1971 510 2212 576 adquam
2249 523 2451 568 omnes,
2501 508 2587 574 qni
2631 493 3017 573 pt'ti\'itttizit'tttti
3056 507 3252 572 primas
3283 526 3372 556 ca-

1912 616 1928 646 ι
1965 599 2180 650 tlzedras
2210 596 2474 658 obtinent,
2504 613 2564 647 cx
2608 598 2834 662 prapriis
2861 598 3074 663 synodis
3100 597 3255 656 duos,
3292 597 3374 646 vel

1913 705 1929 735 ι
1968 695 2306 753 quotcunque
2354 685 2634 753 elegerint,
2679 685 2958 752 episeopis
3012 687 3209 752 legatos
3256 685 3377 736 mit-

1911 795 1927 826 ι
1965 786 2094 838 tant,
2120 785 2178 828 ιιι
2197 776 2248 828 in
2277 785 2596 844 congregato
2623 785 2878 828 conventu
2904 775 3055 843 plena
3078 775 3240 842 possit
3265 789 3379 827 ess:

1914 885 1930 914 ι
1970 868 2274 920 auctoritas.
2312 886 2328 915 ι

1909 1041 2092 1094 ll:\LS.
2131 1042 2200 1093 De
2247 1042 2438 1092 annuis
2469 1042 2687 1109 synolis
2724 1042 2771 1091 in
2809 1043 2994 1107 quinto
3038 1056 3240 1093 ratione
3273 1041 3383 1105 pri-

1842 1147 1938 1182 mae
1971 1133 2156 1200 synodi
2198 1131 2422 1183 Nica‘na‘
2453 1141 2504 1183 (ιι
2536 1133 2586 1182 in
2615 1131 2734 1183 aliis
2766 1129 2936 1184 fusius
2968 1137 3250 1182 tractaturo
3282 1139 3380 1183 est.

1841 1222 2083 1274 Remens
2116 1233 2292 1272 autem
2329 1236 2501 1272 canon
2537 1221 2665 1273 dicit
2709 1219 2935 1290 synodos
2977 1222 3261 1288 quo’annis
3297 1221 3388 1272 de-

1841 1313 1965 1365 bere
1999 1313 2134 1374 ﬁeri,
2169 1327 2237 1365 ne
2267 1321 2505 1379 tempore
2535 1299 2947 1379 exstinguuntur
2983 1326 3101 1379 qua:
3129 1326 3156 1361 a
3192 1311 3388 1364 sanctis

1840 1401 2087 1455 Panibus
2122 1402 2408 1454 constituta
2461 1411 2605 1462 sunt,
2667 1402 2760 1453 sed
2795 1413 2888 1467 per
2929 1415 3113 1453 eorum
3147 1413 3389 1468 con-pre-

1841 1490 2145 1544 lieuslonem
2186 1490 2463 1542 solvantur
2491 1490 2870 1544 ecclesiastica:
2899 1491 3223 1558 qurcstioncs
3274 1503 3390 1554 qua!

1837 1586 2138 1645 emergunt.
2182 1578 2310 1631 Cum
2360 1589 2537 1631 autem
2574 1581 2812 1647 quidam,
2849 1589 2906 1631 ut
2947 1587 3027 1632 est
3075 1579 3388 1632 verisimile.

1842 1678 2241 1722 murmurarent
2298 1669 2366 1722 ob
2423 1685 2655 1721 annuum
2717 1669 2974 1734 ejusmodi
3039 1679 3386 1728 conventum,

1839 1774 1893 1812 ut
1921 1760 2011 1828 qui
2040 1771 2181 1812 esset
2209 1758 2433 1814 difﬁcilis
2462 1769 2677 1827 propter
2710 1759 2808 1813 vice
2836 1759 3241 1828 longitudinem,
3278 1769 3390 1812 sta—

202 1850 246 1898 οἱ
292 1851 528 1918 Πατέρες
563 1851 712 1919 παρά
761 1851 870 1901 τῶν
901 1851 1284 1918 πρωτευόντων
1317 1852 1373 1902 ὲν
1402 1851 1523 1910 ταῖς
1561 1851 1730 1917 ὲπαρ-

1843 1859 2054 1903 tuerunt
2090 1850 2292 1915 Patres,
2341 1861 2453 1904 uta
2488 1850 2876 1917 provinciarum
2932 1849 3250 1916 primatibus
3293 1863 3387 1902 seu

200 1939 354 2006 χίαις.
388 1941 557 2008 ἤγουν
585 1942 692 1993 τῶν
725 1941 1154 2010 μητροπολιτῶν,
1186 1939 1609 1992 ἀποστέλλεσθαι
1655 1955 1741 1990 τοο

201 2032 521 2098 ποτηρητάς,
557 2032 644 2082 ὅτε
688 2031 892 2098 δεήσει,
932 2031 1099 2103 ήγουν
1145 2031 1233 2082 ὅτε
1285 2029 1614 2098 μετάκλησις
1643 2027 1737 2093 γέο

202 2137 365 2187 νηται,
420 2123 480 2186 ἐξ
529 2122 775 2189 ἀνάγκης
803 2121 897 2172 δύο
929 2120 1281 2183 ἐπισκόπους,
1326 2120 1358 2190 ἢ
1393 2118 1486 2171 καὶ
1524 2118 1739 2178 πλείους

199 2213 342 2273 ὅσους
386 2211 767 2276 ὲπιλέξωνται,
800 2214 886 2266 ἵνα
937 2215 1002 2266 δι’
1036 2212 1212 2264 αὐτῶν
1243 2213 1336 2264 καὶ
1369 2203 1514 2260 οὗτοι
1548 2207 1740 2273 δόξωσι

201 2302 602 2369 παρουσιὰζειν,
639 2303 732 2354 καὶ
767 2295 868 2354 ὧσι
898 2301 1072 2354 τέλεια
1104 2302 1170 2354 τὰ
1199 2299 1616 2370 ὁρισθησόμενα,
1667 2298 1740 2358 ὡς

199 2389 281 2438 καὶ
324 2388 587 2439 δοκοῦντα
618 2390 767 2457 παρά
813 2390 1029 2441 πάντων
1071 2390 1333 2456 γίνεσθαι.
1361 2387 1741 2456 Τοποτηρηταὶ

197 2484 244 2534 δὲ
287 2478 430 2534 οὗτοι
480 2483 754 2550 λέγονται,
802 2483 890 2536 διὰ
923 2483 980 2535 τὸ
1027 2482 1116 2535 τὸν
1144 2484 1305 2536 τόπον
1335 2484 1541 2552 τηρεῖν,
1575 2481 1738 2550 ἧγουν

196 2573 395 2638 ἐπέχειν
422 2575 518 2622 καὶ
548 2571 892 2639 ἀναπληροῦν
921 2572 1027 2624 τῶν
1062 2572 1493 2624 ἀποστειλάντων
1521 2571 1736 2631 αύτούς.

200 2661 368 2714 Ταῦτα
403 2661 498 2713 τοῦ
552 2663 776 2722 κανόνος
827 2664 1214 2732 διοριζομένου,
1264 2665 1384 2714 ἐπεὶ
1416 2661 1560 2722 εἰκός
1594 2662 1738 2712 ἐστιν

194 2753 349 2803 εἰπεῖν
376 2770 536 2815 τινας
569 2753 664 2813 ὡς,
699 2754 790 2805 ἐὰν
812 2756 857 2806 οἱ
893 2755 1302 2823 μητροπολίται,
1329 2753 1524 2814 οἵτινες
1563 2753 1740 2818 λέγον-

194 2859 269 2893 τλι
296 2844 386 2894 καὶ
419 2843 631 2912 πρῶτοι
665 2843 775 2896 τῶν
809 2845 1105 2912 ἐπαρχιῶν,
1155 2842 1552 2909 ἀναγκάζονται
1587 2839 1739 2910 παρὰ

193 2934 288 2992 τοῖς
316 2931 686 3000 πατριάρχαις
720 2931 949 2997 ἑτησίως
997 2931 1371 2999 συνέρχεσθαι,
1405 2931 1496 2981 καὶ
1527 2931 1574 2980 οἱ
1615 2929 1734 2978 ἐπί-

192 3037 362 3072 σκοποι
413 3021 578 3073 πάλιν
629 3020 778 3088 παρά
811 3023 922 3081 τοῖς
954 3019 1397 3088 μητροπολίταις,
1433 3017 1724 3085 συμϐαίνει

189 3111 237 3160 ἓν
265 3113 315 3173 ἐξ
344 3112 529 3162 αὐτῶν
563 3111 639 3180 μὴ
671 3110 937 3175 γίνεσθαι,
965 3111 1050 3161 διά
1076 3109 1134 3160 τὸ
1168 3109 1427 3161 ἀδύνατον
1457 3103 1592 3158 εἶναι
1643 3107 1734 3156 τὸν

191 3199 600 3269 μητροπολίτην.
643 3201 948 3270 Δυρῤαχίου
986 3202 1165 3267 τυχὸν,
1192 3200 1338 3267 παρά
1370 3197 1444 3265 τῷ
1471 3197 1733 3266 πατριάρ-

187 3304 247 3358 χῃ
275 3289 566 3349 συνελθεῖν,
596 3292 691 3340 καὶ
727 3289 850 3340 κατ’
878 3288 1037 3340 αὑτὸν
1074 3289 1293 3357 ποιῆσαι
1326 3289 1416 3340 τὸν
1447 3289 1605 3339 αὑτὸν
1639 3289 1732 3338 καὶ

187 3381 253 3440 εἰς
297 3380 392 3448 τὴν
425 3379 640 3431 οἰκείαν
689 3378 960 3446 ἐπαρχίαν
990 3378 1221 3440 σύνοδον,
1256 3377 1372 3428 εἰπὲ
1401 3376 1481 3428 ὅτι
1509 3373 1731 3443 εὐχερές

187 3471 283 3520 ἔστι
328 3472 418 3520 καὶ
452 3469 627 3537 ἄμφω
675 3469 942 3533 γενέσθαι.
978 3469 1038 3518 Oi
1091 3467 1189 3536 μὲν
1241 3466 1348 3534 γὰρ
1395 3465 1727 3535 ὲπαρχιῶται

187 3560 318 3626 παρά
350 3559 427 3628 τῷ
475 3559 681 3627 πρώτῳ
729 3559 910 3610 αὐτῶν
963 3557 1384 3627 συναχθήσονται
1416 3573 1428 3587 ’
1479 3557 1637 3617 αύτος
1669 3556 1726 3606 δὲ

185 3651 317 3716 παρὰ
347 3650 421 3716 τῷ
454 3651 772 3716 πατριάρχῃ
811 3647 1038 3716 συνέλθῃ
1081 3647 1168 3698 διὰ
1199 3647 1452 3716 ὲντολέιιιν
1482 3647 1599 3715 ἦτοι
1637 3662 1724 3697 το-

186 3741 509 3806 ποτηρητῶν,
545 3737 732 3798 καθὼς
768 3738 859 3787 καὶ
907 3739 934 3788 ό
981 3736 1169 3804 παρὼν
1207 3735 1382 3786 κανὼν
1411 3734 1721 3804 διορίζεται,

183 3827 481 3896 θεραπεύων
514 3828 617 3894 τὴν
647 3827 962 3894 δυσχέρειαν
995 3826 1090 3893 τῆς
1117 3827 1197 3885 εἰς
1226 3825 1322 3885 τὰς
1351 3824 1442 3874 δύο
1475 3822 1722 3882 συνόδους

183 3919 463 3983 παρουσίας
499 3917 616 3967 τῶν
669 3914 1099 3984 μητροπολιτῶν.
1146 3914 1217 3965 Τὸ
1262 3913 1315 3964 δὲ
1352 3911 1723 3980 τοποτηρητάς

181 4007 592 4060 ἀποστέλλεσθαι
624 4007 708 4057 διὰ
746 4007 1058 4058 ἐπισκόπων
1083 4005 1265 4073 οἴομαι
1293 4007 1366 4072 μὴ
1397 3999 1531 4055 εἶναι
1557 4005 1721 4068 ἀναγ-

182 4100 336 4148 καῖον.
374 4099 477 4149 Καὶ
528 4099 699 4165 ἱερεῖς
731 4097 860 4164 γὰρ,
902 4096 1033 4147 ἀλλά
1067 4097 1173 4164 μὴν
1203 4098 1292 4147 καὶ
1325 4095 1558 4147 διάκονοι
1590 4110 1718 4146 στα-

181 4186 431 4254 λῆσονται,
489 4189 567 4248 ῶς
621 4186 1007 4254 τοποτηρηταί.
1058 4186 1145 4238 'Ev
1180 4189 1298 4247 ταῖς
1352 4185 1563 4236 πλείοσι
1610 4185 1717 4252 γὰρ

179 4278 269 4328 τῶν
316 4277 716 4342 οΞκουμενικῶν
752 4277 980 4328 συνόδων
1030 4276 1126 4326 καὶ
1159 4276 1443 4327 ἐπίσκοποι
1490 4291 1717 4341 τοποτη-

181 4368 318 4433 ρηταὶ
375 4369 757 4434 παρέστησαν,
804 4366 899 4416 καὶ
943 4367 1122 4433 ἱερεῖς,
1157 4367 1250 4415 καὶ
1279 4363 1533 4422 διάκονοι,
1565 4362 1625 4414 ἐκ
1659 4379 1714 4412 τε

177 4444 266 4506 τῶν
310 4459 481 4511 ἀλλων
529 4457 834 4524 ἐπαρχιῶν,
872 4454 1005 4507 ἀλλὰ
1052 4456 1158 4524 μὴν
1206 4456 1297 4506 καὶ
1329 4455 1386 4517 ἐξ
1419 4454 1588 4520 αὐτῆς
1617 4453 1714 4521 τῆς
1747 4485 1798 4542 D

187 4547 348 4616 Ῥώμη
358 4567 399 4602 :.

235 4640 467 4693 ΖΩΝᾹΡ.
502 4636 797 4692 Κάνταῦοα
827 4637 986 4689 πάλιν
1014 4637 1144 4706 περὶ
1194 4638 1532 4700 ἐνιαυσιαίας
1564 4639 1718 4691 συνό-

178 4725 252 4776 ὅου
273 4731 426 4793 φασὶν
476 4728 526 4778 οι
568 4726 830 4794 Πατέρες,
857 4725 992 4776 ὥστε
1027 4725 1270 4792 γίνεσθαι
1302 4728 1714 4795 ἀπαραιτήτως.

177 4812 252 4859 Δεῖ
279 4812 384 4874 οὖν,
422 4813 671 4879 λέγουσι,
733 4810 1043 4878 βεϐαιῶσαι,
1099 4813 1182 4864 ἵνα
1233 4815 1369 4865 κατά
1426 4814 1490 4864 τὰ
1529 4815 1585 4863 ἐν
1616 4813 1712 4864 Νι-

179 4901 288 4966 ni;
342 4901 630 4968 ὁρισθέντα
667 4902 883 4968 γίνηται
930 4904 1048 4953 κατ’
1099 4904 1344 4954 ὲνιαυτδν
1381 4903 1593 4963 σύνοδος
1630 4903 1716 4954 διὰ

176 4992 255 5050 τὰς
288 4993 748 5060 ἐκκλησιαστικάς
779 4991 975 5053 αἰτίας.
1036 4995 1190 5045 Μετά
1235 4995 1343 5062 γὰρ
1378 4994 1500 5055 τοὺς
1527 4994 1716 5060 ἁγίους

179 5081 484 5143 οποσῖόλους
517 5082 554 5150 ἡ
593 5084 652 5132 ὲν
705 5079 908 5148 Νισαίᾳ
967 5081 1177 5143 σύνοδος
1211 5082 1412 5151 ὥρισεν
1458 5084 1516 5133 ὲν
1551 5090 1590 5133 ε’
1620 5100 1718 5134 κα-

181 5173 272 5221 νόνι
311 5171 424 5222 κατ’
475 5171 726 5222 ἐνιαυτὸν
779 5170 1024 5236 γίνεσθαι
1083 5172 1353 5232 συνόδους.
1398 5171 1716 5240 Ἐκκλησια-

181 5264 336 5313 sttui.
382 5263 434 5313 δὲ
492 5263 668 5312 αἰτίαι
730 5261 869 5312 εἰσὶν
920 5262 971 5312 αἱ
1002 5261 1402 5313 ἀνακόπτουσαι
1433 5263 1716 5324 ὑποθέσεις

182 5354 292 5414 πρὶς
341 5352 656 5419 οἰκονομίαν
691 5352 1166 5419 ὲκκλησιαστικὴν,
1202 5353 1404 5412 αἵτινες
1438 5353 1602 5404 αἰτίαι
1640 5352 1713 5420 μὴ

180 5439 594 5509 ἀνακοπτόμεναι
647 5439 998 5492 παλαιοῦνται
1028 5480 1042 5502 ,
1097 5443 1217 5493 ἀντὶ
1268 5441 1361 5493 τού
1410 5440 1485 5508 τῷ
1541 5443 1714 5510 χρόνῳ

182 5530 492 5594 βεόαιούνται
530 5531 666 5599 πρὸς
697 5530 819 5578 δλετ)
832 5545 919 5595 ρον
943 5531 1034 5582 τοῦ
1060 5531 1185 5582 λαοῦ
1245 5532 1382 5600 Πρὸς
1411 5536 1474 5599 ἢν
1500 5531 1716 5582 σύνοδον

180 5620 218 5666 οἱ
244 5623 354 5680 τοὺς
385 5619 638 5686 πρώτους
665 5618 890 5685 θρόνους
943 5619 1048 5670 τῶν
1113 5621 1387 5688 ἐπαρχιῶν
1429 5621 1714 5687 ἐπέχοντες

186 5710 446 5768 στεῖιοῦσιν,
497 5708 593 5767 οὓς
631 5709 696 5759 ἂν
750 5706 1123 5773 ὲπιλέξωνται,
1185 5713 1514 5775 ἐπισκόπους
1549 5717 1638 5768 δύο
1680 5726 1710 5791 ἢ

430 5804 706 5860 PnnoL.
750 5801 860 5860 Gtt.
903 5806 1271 5869 CXXXVI”.

1843 1941 2262 2008 metropolitanis
2297 1943 2581 1996 mittantur
2629 1941 2809 2008 legati,
2841 1940 3058 2010 quando
3100 1941 3388 2009 oportebit.

1840 2028 2050 2081 scilicet
2080 2030 2289 2096 quando
2336 2031 2371 2081 ii
2422 2029 2666 2081 accersiti
2701 2029 2919 2093 fuerint,
2950 2031 3055 2083 duo
3088 2031 3390 2083 necessario

1839 2117 2100 2185 episcopi,
2137 2117 2218 2170 vel
2265 2118 2424 2171 etiam
2468 2117 2648 2186 plures
2681 2126 2944 2186 quotquot
2990 2121 3287 2185 elegerint:
3331 2129 3388 2171 ιιι

1840 2219 1934 2271 per
1963 2219 2057 2258 eos
2089 2205 2186 2272 ipsi
2221 2220 2432 2273 quoque
2458 2207 2714 2260 interesse
2735 2207 3038 2268 videantur,
3067 2219 3118 2261 et
3152 2207 3386 2274 perfeCta

1839 2294 1945 2347 sint
1989 2303 2212 2356 statuta,
2253 2307 2458 2363 tit-qna:
2503 2297 2568 2348 ab
2614 2298 2862 2350 omnibus
2913 2297 3026 2352 ﬁeri
3079 2298 3382 2350 videantur.

1841 2381 1903 2434 lli
1946 2392 2119 2436 autem
2152 2384 2308 2450 legati
2339 2385 2585 2437 dicuntur
2633 2386 2994 2453 τοποτηρηταὶ
3027 2385 3101 2454 (id
3151 2393 3233 2438 est
3283 2385 3385 2437 loci

1840 2475 2308 2539 conservatores),
2345 2489 2408 2528 eo
2462 2475 2600 2541 quod
2667 2476 2840 2528 locum
2898 2485 3238 2542 conservent,
3294 2493 3385 2530 seu

1839 2564 2120 2618 obtineant
2155 2578 2217 2616 ac
2262 2563 2518 2632 impleant
2562 2580 2746 2618 eorum
2784 2567 2872 2634 qui
2923 2568 3068 2634 ipsos
3105 2571 3384 2620 miserunt.

1837 2655 1969 2706 Cum
2005 2655 2115 2707 haec
2142 2668 2318 2706 canon
2347 2654 2624 2718 decernat,
2651 2658 2774 2723 quia
2805 2655 3090 2709 verisimile
3119 2655 3276 2726 543
3304 2668 3387 2707 est

1839 2744 2038 2797 dixisse
2102 2743 2330 2810 aliquos,
2393 2745 2534 2812 quod
2592 2746 2636 2798 si
2695 2745 3113 2813 metr0politani,
3167 2747 3255 2813 qui
3305 2747 3385 2798 di-

1836 2842 2032 2884 euntur
2073 2847 2190 2885 esse
2238 2834 2392 2898 primi
2441 2837 2861 2902 provinciarum,
2906 2847 3170 2905 coguntur
3199 2853 3227 2890 a
3288 2853 3386 2905 pa-

1838 2922 2088 2974 triarcliis
2145 2923 2432 2990 quotannis
2493 2926 2799 2992 convenire,
2857 2935 2910 2980 et.
2974 2928 3206 2997 episcopi
3269 2944 3386 2980 rur-

1836 3026 1926 3064 sus
1982 3028 2010 3064 a
2065 3013 2512 3080 metropolitanis,
2563 3017 2738 3068 evenit
2786 3024 2842 3068 ut
2874 3031 3034 3068 unum
3071 3032 3132 3070 ex
3183 3017 3244 3070 iis
3281 3034 3382 3069 non

1839 3104 1946 3164 ﬁat.
2001 3104 2142 3171 quod
2176 3103 2286 3157 ﬁeri
2313 3119 2414 3156 non
2463 3105 2647 3172 possit,
2689 3115 2743 3158 ut
2779 3105 3054 3174 Dyrrachii
3104 3108 3237 3160 forte
3271 3123 3385 3160 me-

1837 3192 2189 3261 tropolitanus
2239 3193 2303 3245 ad
2339 3195 2695 3260 patriarcham
2756 3197 3057 3260 conveniat,
3088 3206 3140 3248 et
3195 3198 3380 3249 eodem

1834 3293 2074 3352 tempore
2118 3283 2347 3335 faciebat
2397 3291 2450 3336 et
2500 3284 2610 3352 ipse
2655 3288 2914 3353 synodum
2945 3286 2996 3337 in
3046 3300 3138 3338 sua
3168 3283 3406 3355 provisi?

1829 3377 1910 3428 cia
1948 3393 1961 3428 :
1997 3376 2102 3436 dic,
2153 3375 2291 3443 quod
2347 3374 2500 3428 facile
2529 3385 2608 3428 est
2657 3387 2943 3444 utrumque
2983 3376 3114 3430 ﬁeri.
3161 3378 3382 3432 Provin-

1835 3467 1994 3518 ciales
2056 3467 2198 3518 enim
2259 3469 2395 3534 apud
2455 3470 2690 3534 ipsorum
2753 3469 3034 3534 primatem
3094 3485 3383 3539 congrega-

1831 3555 2064 3621 buntur;
2117 3555 2230 3623 ipse
2289 3571 2413 3609 vero
2473 3559 2610 3624 apud
2679 3559 3034 3625 patriarcham
3104 3563 3384 3614 conveniet

1832 3663 1926 3716 per
1982 3658 2354 3715 procuraIOres
2407 3662 2498 3699 seu
2557 3649 2794 3716 legatos,
2849 3650 2988 3702 sicut
3035 3660 3086 3702 et
3146 3667 3252 3718 prae
3285 3666 3382 3702 cus

1828 3752 1997 3790 canon
2099 3738 2359 3800 decernit,
2432 3737 2725 3790 diﬂicultati
2800 3739 3094 3792 remedium
3157 3741 3385 3794 aﬂ'ercns

1833 3828 2369 3895 metrotiolitanorum
2423 3830 2724 3896 prasentim
2781 3829 2831 3880 iu
2886 3829 3093 3884 duabus
3141 3833 3379 3899 synodis.

1825 3916 2049 3986 Legatos
2106 3929 2282 3972 autem
2332 3917 2470 3971 mitti
2515 3919 2797 3986 episcopos
2834 3920 3087 3973 existimo
3123 3937 3227 3975 non
3260 3937 3384 3975 esse

1823 4009 2212 4063 necessarium.
2256 4007 2384 4060 Nam
2430 4018 2482 4061 et
2521 4009 2844 4069 sacerdotes,
2877 4010 3004 4076 quin
3046 4009 3204 4063 etiam
3262 4011 3379 4064 dia-

1821 4099 1964 4161 coni,
2020 4098 2296 4150 mittentur
2343 4107 2402 4149 ut
2455 4098 2635 4165 legati.
2694 4098 2748 4151 In
2804 4099 3042 4165 pluribus
3073 4101 3213 4152 enim
3263 4103 3380 4153 uni-

1824 4187 2121 4240 versalibus
2152 4187 2369 4256 synodis
2396 4186 2554 4239 etiam
2604 4189 2836 4256 episcopi
2869 4189 3025 4256 legati
3070 4191 3378 4256 adfuerunt,

1819 4289 1871 4331 et
1936 4279 2264 4339 sacerdotes,
2297 4287 2349 4330 et
2382 4278 2612 4341 diaconi,
2655 4290 2854 4331 tmch
2908 4281 3028 4334 aliis
3068 4285 3380 4348 provinciis-

1821 4383 1930 4422 tum
1985 4371 2144 4421 etiam
2195 4384 2258 4422 ex
2315 4371 2425 4435 ipsa
2478 4367 2668 4422 Roma.

1892 4658 2138 4712 ZONAR.
2183 4659 2252 4711 De
2283 4675 2454 4711 annua
2482 4661 2683 4728 synolo
2730 4659 2932 4713 sublata
2978 4659 3119 4711 omni
3164 4660 3376 4726 penitus

1823 4751 2280 4817 tergiversatione,
2344 4751 2658 4802 celebranda
2720 4765 2932 4802 rursum
3010 4749 3094 4802 hic
3161 4764 3374 4816 quoque

1821 4839 2000 4893 Patres
2033 4841 2348 4892 decernunt.
2402 4838 2553 4903 Quod
2599 4839 2757 4906 igitur
2804 4841 2872 4891 in'
2903 4838 3111 4893 Nicaeus
3173 4845 3374 4908 synodo

1823 4930 2162 4983 constitutum
2182 4912 2284 4990 est,
2311 4939 2362 4979 ul
2386 4929 2667 4996 quotannis
2691 4931 2756 4981 oh
2775 4928 3164 4983 ecclesiasticas
3184 4945 3376 4982 Causas

1824 5017 2011 5085 synodi
2044 5017 2357 5078 habeantur,
2381 5018 2429 5068 id
2459 5031 2602 5079 vero,
2637 5017 2909 5084 inquiunt,
2939 5034 2966 5070 a
3001 5021 3149 5073 nobis
3175 5021 3373 5072 contir-

1824 5108 1954 5160 mari
2006 5115 2233 5171 oportet.
2266 5101 2398 5158 Nam
2438 5118 2552 5173 post
2603 5106 3043 5162 Constitutionem
3099 5125 3124 5160 a
3181 5111 3379 5162 sanctis

1823 5195 2078 5262 apostolis
2133 5196 2351 5257 editam,
2392 5197 2660 5248 decretum
2714 5198 2778 5250 de
2835 5197 3038 5264 synodo
3088 5199 3376 5262 quotannis

1824 5281 2084 5341 habenda,
2145 5279 2371 5334 Nicanore
2428 5282 2593 5348 prima
2642 5286 2873 5353 synodus
2927 5283 3112 5351 quinto
3169 5299 3375 5337 eanono

1822 5371 2194 5438 promulgavit.
2251 5372 2636 5426 Ecclesiasticze
2683 5389 2807 5426 vero
2855 5388 3024 5426 causa:
3073 5386 3198 5427 sunt
3251 5392 3372 5444 qut.-

1823 5463 1874 5513 in
1903 5460 2276 5520 Iecclesiastiea
2321 5463 2780 5516 administratione
2820 5464 2870 5516 in
2919 5463 3030 5518 dies
3073 5479 3371 5534 emergunt.

1822 5565 1939 5615 quae
1972 5550 2204 5617 quidem,
2252 5551 2350 5603 nisi
2384 5553 2734 5615 extriceutur,
2768 5553 3088 5617 inveteraut,
3125 5556 3220 5608 hoc
3269 5569 3371 5614 cst,

1822 5640 1884 5689 ad
1931 5638 2105 5705 populi
2139 5640 2428 5707 perniciem
2487 5642 2738 5708 temporis
2775 5643 3122 5698 diuturnitate
3170 5646 3370 5698 invale‘

1825 5737 2000 5779 scunt.
2033 5731 2108 5779 Ad
2144 5744 2258 5781 eam
2299 5745 2454 5797 porro
2486 5731 2765 5798 synodum,
2807 5734 2892 5800 qui
2921 5736 3144 5802 primum
3183 5738 3230 5788 in
3257 5751 3378 5803 pro-

2952 5828 2985 5885 4
