3982 6462
579 424 677 489 107

577 536 765 587 vittciis
814 532 988 585 Sedem
1038 530 1293 583 obtinent.
1341 527 1471 577 tltlos
1516 524 1774 589 pluresve,
1826 536 1957 586 quos
2012 520 2105 586 ipsi
2138 527 2180 581 Α

571 626 848 691 elegerint,
896 625 1170 691 episcOpos
1215 604 1424 684 legatos
1479 614 1705 674 mittant,
1760 619 1814 662 ut
1874 611 2104 677 perfecta

573 714 861 766 auctoritas
882 727 971 764 seu
1003 720 1232 779 potestas
1262 709 1313 759 in
1335 713 1594 758 conventu
1627 715 1728 752 non
1754 700 2102 763 desideretur,

572 805 670 853 hoc
698 811 798 863 est,
830 810 885 851 ιιι
927 803 990 850 ad
1026 814 1094 850 ea
1128 811 1244 865 qua:
1303 794 1352 845 in
1395 790 1598 860 synodo
1630 789 1839 839 decreta
1885 785 2105 847 fuerint.

527 905 530 908 λ
571 892 761 958 quippe
818 889 1134 946 antistitum,
1180 898 1402 953 quorum
1453 883 1502 931 itt
1554 876 1772 944 singulis
1820 875 2107 942 provinciis

572 979 828 1046 praecipua
859 977 1088 1041 dignitas
1133 985 1234 1035 cst,
1269 987 1358 1039 per
1404 972 1602 1036 legatos
1645 965 1927 1017 accedente
1967 977 2066 1015 con
2093 992 2108 1003 -

571 1081 752 1124 sensu,
791 1063 1023 1130 perfecta
1055 1062 1341 1115 auctoritas
1374 1059 1703 1124 adjungatnr.
1737 1049 1914 1117 Legati
1947 1064 2106 1113 porro

565 1155 928 1221 τοποτςρηταὶ
977 1154 1048 1222 (id
1089 1160 1188 1213 est,
1232 1149 1332 1202 loci
1379 1141 1796 1205 conservatores)
1838 1138 2104 1201 dicuntur,

569 1246 705 1309 quod
736 1257 916 1296 eorum
952 1258 977 1292 a
1011 1243 1202 1306 quibus
1234 1237 1377 1290 missi
1413 1243 1536 1288 sunt
1585 1234 1759 1285 locum
1788 1239 2022 1289 servent,
2057 1227 2108 1280 id

567 1341 669 1396 cal,
701 1340 984 1397 occupent,
1019 1327 1291 1391 impleant.

565 1419 786 1473 AlllST.
831 1437 848 1468 t
885 1416 1041 1470 Juxta
1076 1414 1288 1467 Patrum
1321 1412 1650 1465 Niccenorum
1684 1410 1916 1470 decreta,
1949 1418 2108 1474 syno-

643 1527 659 1558 ι
691 1510 786 1561 dus
814 1505 1099 1572 quOtaunis
1121 1512 1441 1557 convocetur
1467 1519 1479 1554 :
1506 1508 1560 1553 et
1582 1500 1703 1562 duo,
1737 1497 1815 1550 vel
1849 1501 2109 1562 quotquot

643 1615 660 1647 ι
716 1596 992 1664 elegerint,
1041 1595 1248 1663 legatia
1303 1589 1615 1660 primatibus
1670 1588 1722 1639 itt
1795 1595 2110 1651 unaquaque

655 1704 672 1736 t
710 1684 976 1752 provincia
1008 1684 1302 1736 mittantur.
1351 1700 1368 1731 ι

637 1772 702 1824 lli
746 1772 948 1832 Patres,
994 1769 1182 1824 Niczea:
1233 1771 1463 1822 habitam
1507 1774 1784 1834 sequentes
1826 1761 2106 1832 synodum,

568 1863 852 1932 quotannis
877 1861 1197 1929 Carthagine
1226 1859 1479 1914 celebrari
1537 1855 1793 1924 synoduzn
1842 1853 2115 1912 tnaudant,
2149 1869 2191 1924 Β

566 1950 903 2019 ctesingulis
954 1950 1236 2018 provinciis
1265 1965 1292 2000 a
1341 1948 1726 2016 provinciarum
1774 1940 2119 2008 metropolitis

567 2041 700 2094 mitti
732 2041 878 2101 duos,
911 2039 989 2090 vel
1019 2039 1175 2092 etiam
1211 2048 1548 2106 quotcunque
1573 2034 1827 2101 elegerint
1867 2030 1986 2098 ipsi,
2045 2028 2119 2080 le-

566 2139 732 2198 gatos.

1134 2218 1357 2275 CANON
1391 2217 1554 2270 XXII.

572 2337 590 2370 ι
658 2320 712 2374 Si
764 2321 882 2387 quis
927 2318 1203 2385 episeotius
1273 2319 1568 2369 accusetur,
1600 2307 1663 2358 ad
1715 2306 1830 2373 ejus
1887 2303 2115 2370 regionis

645 2430 661 2461 ι
692 2412 946 2480 primates
976 2414 1253 2462 accusator
1287 2416 1393 2454 rem
1431 2398 1633 2452 deferat
1666 2414 1680 2448 :
1727 2411 1819 2448 nec
1867 2409 2114 2450 commu-

643 2520 660 2550 ι
691 2501 847 2555 ttioue
875 2507 1120 2550 arceatur
1161 2495 1206 2547 is
1234 2493 1314 2545 cui
1351 2491 1550 2543 crimen
1583 2488 1897 2548 intenditur,
1924 2485 2024 2538 nisi
2050 2485 2114 2538 ad

658 2608 675 2640 ι
717 2604 775 2643 se
819 2589 869 2641 in
894 2584 1093 2654 judicio
1125 2579 1507 2636 defendendum
1555 2590 1762 2636 eormn,
1800 2575 1886 2640 qui
1921 2573 1983 2624 ad
2026 2556 2113 2640 ju-

648 2700 663 2727 σ
694 2677 974 2732 dicandum
1010 2673 1160 2725 electi
1206 2679 1347 2732 sunt,
1383 2666 1570 2718 litteris
1599 2672 1847 2715 evocatus
1879 2661 1962 2714 die
1991 2674 2115 2727 prac-

657 2787 675 2818 ι
711 2768 892 2821 stituto
917 2775 1243 2830 nequaquam
1277 2755 1492 2818 stiterit,
1522 2754 1569 2806 id
1593 2764 1693 2815 est,
1725 2752 1859 2803 intra
1882 2749 2111 2816 spatium

653 2880 668 2908 ι
709 2856 922 2914 tuensis,
969 2867 1032 2906 ex
1084 2865 1188 2918 quo
1211 2864 1330 2902 eum
1379 2845 1680 2913 apparuerit
1703 2842 1904 2893 litteras
1962 2852 2113 2890 acce-

657 2966 672 2997 ι
715 2947 873 3014 pisse.
908 2943 961 2996 Si
1013 2947 1188 2994 autem
1235 2950 1390 2991 veras
1441 2935 1642 3002 aliquas
1683 2939 1735 2984 et
1784 2928 2115 2982 necessarias

658 3057 671 3084 ι
711 3046 898 3088 causas
947 3028 1259 3090 ostenderit,
1307 3039 1424 3091 qua:
1475 3023 1850 3087 impedimento
1899 3017 2113 3078 fuerint,

653 3142 669 3174 ς
706 3121 984 3190 quominus
1023 3131 1080 3171 se
1109 3114 1311 3168 sisterit
1357 3111 1421 3164 ad
1449 3108 1866 3175 respondendum
1905 3105 1968 3155 iis
2000 3119 2116 3170 quin

661 3234 675 3262 ι
714 3212 994 3266 adversum
1022 3221 1142 3260 eum
1187 3203 1456 3272 proposita
1491 3200 1661 3258 fuere,
1711 3197 1847 3248 intt’a
1891 3195 2111 3246 alterum
2145 3217 2186 3275 α

666 3322 680 3350 ι
719 3311 950 3353 mensem
985 3295 1244 3362 integram
1279 3290 1472 3343 habeat
1501 3286 1806 3340 facultatem
1844 3283 1972 3336 :sed
2003 3290 2118 3347 post

659 3411 676 3441 ι
733 3387 1019 3444 secundum
1062 3397 1296 3436 mensem
1322 3395 1425 3432 non
1470 3375 1907 3435 communicabit,
1955 3373 2121 3425 denec

657 3502 672 3531 ι
711 3494 877 3550 purus
908 3483 1153 3530 ostensus
1181 3471 1358 3524 fuerit.
1391 3467 1445 3520 Si
1502 3476 1677 3518 autem
1737 3465 1786 3514 itt
1835 3457 2118 3512 universali

662 3588 680 3619 ι
713 3544 932 3636 ’δγιιοὸο
969 3558 1334 3615 anniversaria
1373 3569 1429 3608 se
1460 3554 1645 3605 sistere
1687 3549 1932 3610 noluerit,
1964 3555 2018 3598 nt
2043 3544 2122 3597 vel

667 3679 682 3708 ι
720 3658 828 3710 illic
869 3666 1026 3708 causa
1065 3650 1179 3718 ejus
1217 3646 1550 3703 tertninetur,
1606 3642 1718 3706 ipse
1771 3639 2022 3690 adversus
2068 3650 2124 3687 se

661 3768 678 3797 ε
714 3739 1170 3807 condemnationis
1201 3734 1516 3790 sententiam
1543 3730 1823 3800 protulisse
1859 3725 2121 3794 indicabi—

669 3855 684 3886 ι
718 3847 820 3890 tur.
857 3833 972 3897 Quo
1006 3845 1129 3883 vero
1157 3835 1387 3892 tempore
1419 3813 1924 3879 noncommunicat,
1967 3812 2126 3882 544

674 3946 691 3976 ι
731 3939 830 3978 nec
863 3924 914 3975 in
945 3935 1036 3974 sua
1067 3917 1311 3976 ecclesia,
1339 3929 1434 3966 nec
1465 3913 1522 3964 in
1554 3911 1798 3977 parochia
1831 3904 2125 3958 communi-

668 4038 684 4068 ι
721 4015 882 4071 cabit.
923 4013 1046 4080 Ejus
1089 4018 1263 4060 autem
1296 4014 1593 4062 accusator,
1631 4001 1673 4052 si
1721 4010 1986 4063 nunquam
2034 3994 2125 4045 ah-

663 4125 678 4156 t
724 4101 1008 4167 fuerit,‘iis
1061 4098 1268 4159 diebus,
1323 4094 1517 4160 quibus
1563 4089 1828 4157 negotium
1875 4086 2105 4150 agitatur

666 4212 682 4242 ι
721 4188 1094 4245 communione
1127 4196 1461 4249 nequaquam
1495 4187 1739 4230 arceatur
1767 4190 1781 4230 ξ
1813 4177 1854 4227 si
1885 4186 2005 4224 vero
2037 4171 2127 4221 ali-

665 4300 679 4329 ι
719 4279 928 4350 quando
972 4273 1197 4327 abfuerit
1242 4270 1472 4337 seipsuut
1518 4263 1839 4323 suhdttcens,
1885 4262 2130 4312 restituto

669 4391 685 4422 ι
733 4362 1197 4424 communicatioui
1250 4361 1517 4428 episcopo,
1580 4356 1690 4423 ipse
1744 4359 2021 4404 accusator
2065 4362 2128 4399 ex

677 4478 694 4509 ι
729 4456 1100 4511 communione
1145 4451 1430 4520 ejiciatur,
1480 4444 1550 4499 ita
1603 4453 1776 4497 tamen
1829 4451 1884 4494 ut
1931 4453 2026 4493 nec
2081 4437 2128 4490 ei

668 4566 684 4596 ι
734 4544 1089 4598 accusationis
1119 4539 1338 4592 facultas
1376 4535 1668 4595 auferatur,
1699 4535 1741 4584 si
1786 4531 2015 4599 potuerit
2046 4542 2130 4580 οε·
2161 4523 2206 4578 ο

675 4653 690 4684 ι
737 4634 953 4686 tendere
982 4630 1063 4682 die
1097 4628 1393 4696 prastituto
1433 4637 1533 4675 non
1579 4621 1834 4681 noluisse.
1877 4619 1968 4671 scd
2027 4631 2129 4670 non

677 4745 692 4775 ι
751 4722 986 4793 potuisse
1039 4719 1252 4780 sistere;
1286 4714 1376 4767 illo
1412 4713 1621 4780 quidem
1673 4709 1956 4763 manifesto
1991 4709 2134 4761 exsi-

674 4833 690 4862 ‹
731 4819 921 4873 stente,
961 4808 1099 4876 quod
1128 4808 1192 4868 si,
1225 4807 1344 4857 dum
1391 4818 1473 4856 res
1507 4809 1749 4853 moretur
1780 4800 1830 4851 in
1862 4799 2135 4865 episcopo-

675 4921 690 4949 ι
732 4896 1116 4964 rum'jndicio,
1171 4892 1457 4950 infametur
1511 4887 1837 4941 accusatoris
1887 4899 2133 4953 persona,

671 5007 688 5036 ι
741 4987 803 5039 ad
876 4984 1264 5037 accusationem
1331 4994 1432 5033 non
1506 4979 1850 5038 admittatur,
1915 4977 2013 5028 nisi
2073 4976 2136 5026 de

679 5098 694 5128 ι
738 5075 951 5147 proprio
993 5075 1222 5141 urgotio,
1259 5087 1359 5124 non
1410 5080 1580 5122 tamen
1603 5066 1981 5133 ecclesiastico,
2007 5065 2133 5118 velit

673 5195 687 5224 ι
727 5174 826 5242 agi.
856 5190 874 5221 ι

674 5557 864 5611 BALS.
917 5555 1046 5620 Quia
1089 5554 1350 5622 epiSCOpis
1380 5560 1460 5605 est
1494 5560 1800 5618 competens
1842 5550 2144 5620 metropoli-

601 5649 712 5703 τοιιὶ
737 5648 1016 5717 judicium,
1057 5643 1184 5696 dicit
1229 5657 1396 5695 cauea
1448 5641 1608 5709 quod,
1669 5641 1711 5692 si
1756 5640 2030 5707 episc0pus
2078 5639 2144 5691 ab

603 5742 781 5810 aliquo
811 5749 1109 5801 accusetur,
1145 5735 1299 5789 debet
1326 5750 1354 5787 a
1386 5749 1480 5788 suo
1515 5733 1738 5800 primate
1764 5746 1853 5785 seu
1879 5740 2143 5798 metropo-

1800 413 1903 470 -TH
1914 412 2076 474 EOD.
2123 412 2347 472 BALSA
2360 416 2513 476 ΜΟΝ

3651 395 3760 458 108

2210 526 2303 574 καὶ
2330 525 2542 584 πλείους
2570 522 2962 592 τοπλτηρητὰς,
2988 522 3071 572 ἴνα
3094 506 3270 570 τελεία
3305 516 3388 582 εἴη
3417 515 3447 582 ή
3477 512 3758 567 αὖθεντία,

2208 613 2371 682 ἦγουν
2409 615 2440 680 ἡ
2490 612 2703 676 ἐξουσία
2736 613 2792 662 ἐν
2826 613 2888 679 τῇ
2941 607 3268 665 συνελεύσει,
3327 607 3624 661 τουτέστιν,
3663 601 3760 650 ἴνα

2206 703 2493 770 δριζόμενα
2541 704 2632 755 καὶ
2653 700 2962 768 τυπούμενα
2989 701 3045 750 ἐν
3073 699 3137 764 τῇ
3170 695 3367 760 συνόδῳ
3396 692 3530 759 μετὰ
3555 690 3762 743 αὐθεν-

2206 792 2324 852 τίας
2343 793 2550 852 τελείας
2575 789 2884 860 ἐρρίζωνται,
2923 787 2994 848 ὡς
3019 787 3108 846 καὶ
3141 784 3246 835 τῶν
3280 783 3664 847 πρωτευόντων
3697 780 3762 827 ἐν

2207 884 2324 943 ταῖς
2356 883 2642 951 ἐπαρχίαις
2667 879 2965 949 ἀρχιερέων
2996 877 3298 944 συμψήφων
3351 871 3646 938 γινομένων
3669 867 3765 918 διὰ

2207 975 2310 1022 τῶν
2343 972 2469 1040 παρ’
2501 972 2680 1023 αὐτῶν
2720 968 3080 1035 στελλομένων
3129 961 3538 1030 τοποτηρητῶν.
3576 959 3760 1010 Torto-

2208 1061 2435 1127 τηρηταὶ
2459 1059 2514 1110 δὲ
2544 1057 2809 1123 λέγονται,
2843 1056 2928 1107 διὰ
2974 1056 3034 1105 τὸ
3063 1053 3149 1105 τὸν
3173 1053 3333 1104 τόπον
3358 1049 3564 1117 τηρεῖν,
3592 1047 3765 1114 ἡγοδν

2208 1148 2444 1217 ἐπέχειν,
2474 1145 2835 1215 ἀναπληροῦν,
2870 1145 2978 1196 τῶν
3009 1141 3332 1194 στειλάντων
3358 1136 3576 1194 αὐτούς.

2207 1408 2428 1463 ΛΡΙΣΤ.
2463 1410 2668 1475 ι,Κατὰ
2697 1410 2819 1471 τοὺς
2846 1410 3001 1478 ὄρους
3034 1409 3140 1458 τῶν
3184 1423 3241 1457 εν
3287 1402 3510 1469 Νικαίᾳ,
3545 1398 3769 1454 σύνοδος

2283 1517 2301 1550 ι
2337 1501 2452 1551 κατ’
2503 1501 2741 1551 ἐνιαυτὸν
2767 1496 3166 1565 συγκαλείσθω·
3209 1494 3302 1546 καὶ
3354 1489 3767 1557 πεμπέσθωσαν

2284 1606 2300 1637 ι
2342 1587 2442 1638 om
2498 1587 2604 1638 τῶν
2652 1587 3034 1653 πρωτευόντων
3070 1586 3127 1635 ἐν
3178 1587 3242 1652 τῇ
3285 1580 3520 1647 ἐπαρχία
3578 1574 3690 1640 δύο,
3730 1573 3765 1642 ἢ

2280 1693 2303 1725 ι
2345 1677 2438 1728 καὶ
2463 1677 2572 1728 ὅσοι
2596 1676 2924 1744 ἐπιλεχθείεν
2954 1672 3337 1741 τοποτηρηταί.
3389 1689 3406 1720 ι

2279 1763 2341 1813 Ol
2366 1765 2603 1833 Πατέρες
2633 1757 2797 1825 οὗτοι,
2853 1767 2919 1830 τῇ
2954 1764 3009 1814 ἐν
3061 1762 3262 1831 Νικαίᾳ
3306 1756 3774 1812 κατακολουθοῦν-

2219 1870 2305 1912 τες
2344 1854 2564 1922 συνόδῳ,
2617 1854 2733 1905 κατ’
2763 1853 3003 1904 ἐνιαυτὸν
3037 1855 3094 1904 ἐν
3130 1849 3430 1919 Καρχηδόνι
3487 1849 3768 1918 προστάτ-

2217 1960 2372 1995 τουσι
2397 1944 2608 1995 σύνοδον
2651 1944 2912 2011 γίνεσθαι,
2947 1946 3037 1996 καὶ
3065 1942 3377 2010 πέμπεσθαι
3417 1941 3768 2008 ἀφ’ἐκάττης

2218 2033 2485 2101 ἐπαρχίας
2534 2034 2636 2085 ὑπὸ
2683 2034 2790 2085 τῶν
2850 2034 3260 2102 μητροπολιτῶν
3314 2033 3420 2083 τῶν
3486 2029 3769 2097 ἐπαρχιῶν

2215 2124 2326 2190 δύο,
2357 2126 2389 2193 ἢ
2427 2127 2516 2178 καὶ
2548 2127 2701 2188 ὅσους
2744 2126 3074 2188 ἐπιλέξονται
3105 2119 3266 2182 οὗτοι,
3290 2120 3688 2189 τοποτηρητάς.

2787 2217 3019 2269 ΚΑΝΩΝ
3053 2214 3174 2268 KB'.

2219 2321 2238 2355 ι
2284 2305 2406 2362 Ἐάν
2434 2323 2516 2369 τις
2561 2307 2667 2359 τῶν
2691 2308 3002 2360 ἐπισκόπων
3049 2307 3440 2375 κατηγορῆται,
3471 2301 3620 2369 παρὰ
3650 2301 3768 2360 τοῖς

2283 2416 2301 2448 ι
2341 2400 2436 2465 τῆς
2456 2398 2617 2450 αὑτοῦ
2644 2399 2822 2466 χώρας
2853 2397 3220 2466 πρωτεύουσιν
3249 2398 3275 2447 ό
3302 2396 3602 2463 κατήγορος
3638 2393 3772 2442 ἁνα-

2293 2506 2308 2536 ι
2348 2489 2491 2556 γάγῃ
2513 2489 2571 2539 τὸ
2602 2490 2830 2557 πρᾶγμα
2853 2504 2866 2517 υ
2921 2489 3014 2538 καὶ
3047 2488 3178 2555 μηδὲ
3212 2486 3317 2537 ἀπὸ
3350 2485 3446 2548 τῆς
3483 2479 3773 2538 κοινωνίας

2291 2597 2308 2629 ι
2349 2578 2562 2646 κωλυθῇ
2623 2579 2649 2628 ό
2697 2577 3185 2646 κατηγορούμενος,
3236 2577 3282 2624 εἰ
3344 2572 3466 2641 μηδ’
3520 2572 3584 2623 ἂν
3632 2571 3774 2638 πρὸς

2293 2689 2310 2719 ι
2343 2668 2630 2734 ἀπολογίαν
2679 2668 2734 2719 ἐν
2785 2667 2860 2735 τῷ
2890 2666 3219 2732 δικαστηρίῳ
3257 2663 3362 2715 τῶν
3411 2661 3772 2727 ἐπιλεγέντων

2287 2779 2302 2810 ι
2338 2761 2572 2821 δικάζειν
2602 2759 2918 2825 γράμμασιν
2975 2757 3354 2823 προσκληθεὶς,
3395 2756 3459 2823 τῇ
3489 2751 3772 2820 ὡρισμένῃ

2285 2869 2302 2902 ι
2341 2852 2522 2920 ἡμέρα
2573 2851 2819 2918 οὐδαμῶς
2850 2850 3157 2918 ἀπαντήσῃ,
3215 2845 3360 2898 τοῦτ’
3412 2846 3558 2896 ἔστιν
3615 2842 3772 2899 ἐντὸς

2293 2961 2307 2990 ι
2349 2942 2680 3010 προθεσμίας
2742 2953 2904 3009 μηνος
2961 2941 3053 3005 ἀφ’
3097 2934 3164 3007 ἧς
3203 2937 3413 3004 ἡμέρας
3459 2934 3654 3000 φανείη
3701 2933 3774 2982 τὰ

2294 3050 2311 3081 ι
2348 3033 2645 3100 γράμματα
2671 3032 2976 3096 δεξάμενος.
3021 3030 3143 3080 Ἐὰν
3166 3029 3220 3079 δέ
3251 3026 3468 3094 ἀληθεῖς
3502 3041 3651 3084 τινας
3677 3023 3777 3072 καὶ

2284 3141 2301 3172 ι
2340 3123 2738 3188 ἀναγκαστικᾶς
2771 3123 2949 3182 αἰτίας
2995 3120 3269 3186 ἀποδείξῃ,
3328 3119 3425 3175 τὰς
3470 3117 3630 3168 αὐτὶν
3657 3130 3777 3164 κω-

2294 3229 2312 3261 ι
2347 3210 2576 3270 λυούσας
2638 3213 2945 3278 ἀπαντῆσαι
2985 3209 3114 3277 πρὸς
3145 3207 3437 3274 ἀπολογίαν
3495 3207 3602 3257 τῶν
3651 3204 3781 3256 κατ’

2300 3318 2318 3350 ι
2353 3301 2512 3352 αὑτοῦ
2551 3303 2935 3367 προτεθέντων,
2980 3300 3128 3360 ἐντὸς
3182 3300 3366 3366 ἑτέρου
3416 3297 3580 3365 μηνὸς
3646 3297 3781 3347 ἁκε-

2296 3408 2315 3441 ι
2353 3393 2508 3459 ραίαν
2563 3393 2726 3459 ὲχέτω
2757 3393 3035 3461 εὐχέρειαν
3060 3408 3073 3422 ο
3111 3391 3247 3458 μετά
3294 3390 3348 3441 δὲ
3401 3390 3490 3440 τὸν
3520 3388 3779 3455 δεύτερον

2296 3497 2315 3530 ι
2356 3482 2494 3548 μῆνα
2548 3484 2620 3549 μὴ
2667 3484 2990 3549 κοινωνήσῃ,
3043 3481 3144 3540 ἕως
3195 3473 3255 3531 οὗ
3289 3479 3524 3546 καθαρὸς
3560 3479 3784 3530 ἀποδει-

2297 3588 2315 3620 ι
2356 3571 2529 3639 χθείη.
2561 3573 2621 3624 Εἰ
2669 3573 2723 3623 δὲ
2754 3572 2884 3640 πρὸς
2919 3573 3208 3639 σύμπασαν
3237 3571 3333 3638 τὴν
3371 3570 3590 3638 ἐτησίαν
3622 3569 3784 3620 σύνοέ

2301 3680 2318 3711 ι
2350 3663 2436 3713 δον
2470 3661 2776 3728 ἀπαντῆσαι
2820 3661 2892 3728 μὴ
2927 3660 3233 3728 βουληθείη,
3278 3660 3362 3710 ἴνα
3409 3659 3512 3709 κᾶν
3569 3660 3681 3707 ἐκεῖ
3717 3658 3784 3707 τὸ

2302 3772 2318 3804 ι
2360 3755 2588 3820 πρᾶγμα
2648 3751 2810 3803 αὑτοῦ
2853 3751 3151 3820 περαιωθῇ,
3208 3750 3366 3810 αὑτός
3430 3747 3548 3800 καθ’
3581 3745 3784 3798 ἑαυτοῦ

2303 3863 2320 3895 ι
2357 3844 2455 3911 τῆς
2501 3843 2792 3908 καταδίκης
2821 3842 2918 3907 τὴν
2969 3841 3146 3908 ψῆφον
3189 3841 3631 3907 ἑκπειρωνηκέναι
3659 3855 3784 3906 κριο

2305 3953 2322 3984 ι
2361 3933 2602 4002 θήτεται.
2641 3932 2728 3984 Ἐν
2753 3933 2806 3983 δὲ
2843 3931 2918 3999 τῷ
2966 3931 3140 3998 καιρῴ
3171 3925 3211 3995 ᾧ
3241 3931 3299 3980 οὑ
3343 3930 3590 3980 κοινωνεῖ
3645 3929 3786 3994 μηδὲ

2302 4043 2319 4076 ι
2357 4025 2412 4075 ἐν
2452 4027 2515 4092 τῇ
2553 4024 2655 4090 ἰδίᾳ¹
2704 4023 2991 4090 ἐκκλησία,
3034 4021 3165 4088 μηδὲ
3199 4022 3255 4071 ἐν
3296 4021 3556 4087 παροικίᾳ
3589 4036 3786 4069 κοινω-

2303 4133 2319 4165 ι
2359 4117 2513 4185 νήσῃ.
2568 4115 2624 4165 '0
2676 4114 2730 4164 δὲ
2764 4114 2949 4164 τούτου
2996 4115 3317 4180 κατήγορος,
3369 4112 3462 4162 ἐὰν
3529 4111 3784 4179 μηδαμοῦ

2306 4221 2324 4254 ι
2363 4204 2728 4272 ἀπολειφθείη,
2763 4207 2819 4256 ἐν
2846 4199 2928 4263 αἷς
2960 4204 3192 4271 ἡμέραις
3235 4203 3570 4269 γυμνάζεται
3601 4201 3666 4252 τὰ
3688 4201 3785 4251 τοῦ

2307 4312 2324 4343 ι
2365 4295 2705 4362 πράγματος,
2756 4291 3014 4359 μηδαμῶς
3054 4291 3266 4357 κωλυθῇ
3320 4292 3424 4340 ἀπὸ
3453 4290 3549 4353 τῆς
3586 4303 3784 4338 κοινω-

2309 4403 2328 4436 ι
2363 4385 2476 4444 νίας
2507 4399 2521 4414 ο
2575 4384 2668 4433 ἐὰν
2719 4380 2775 4433 δέ
2821 4396 2949 4432 ποτε
2999 4379 3423 4448 ἐλλείψῃὲαυτίιν
3479 4378 3779 4442 ὑποσύρας,

2309 4471 2861 4538 ιάποκαθισταμένου
2943 4466 3005 4539 τῇ
3074 4473 3324 4537 κομνωνίξι
3391 4469 3484 4522 τοῦ
3563 4470 3790 4520 ἐπισκό-

2309 4584 2326 4615 ι
2365 4581 2514 4624 που,
2572 4563 2728 4623 αὐτὸς
2808 4560 2913 4613 ἀπὸ
2975 4564 3070 4630 τῆς
3117 4562 3395 4621 κοινωνίας
3457 4560 3694 4628 ἐκϐληθῇ
3756 4564 3785 4612 ὁ

2302 4671 2320 4701 ι
2353 4653 2649 4718 κατήγορος
2679 4664 2692 4679 ⁸
2730 4649 2897 4710 οὕτως
2943 4650 3143 4716 μέντοι,
3180 4648 3254 4708 ὡς
3310 4648 3442 4716 μηδὲ
3478 4649 3574 4716 τὴν
3620 4647 3752 4716 εῠχέ
3777 4679 3788 4691 ·

2310 4756 2326 4787 ι
2367 4754 2513 4804 ρειαν
2572 4735 2716 4803 αὑτῷ
2759 4737 3103 4803 ἀφαιρεῖσθαι
3148 4736 3244 4802 τῆς
3297 4736 3629 4804 κατηγορίας
3687 4739 3790 4789 τοῦ

2311 4845 2328 4876 ι
2369 4828 2704 4894 πράγματος,
2739 4826 2833 4876 ἐὰν
2862 4825 3057 4893 δυνηθῇ
3077 4826 3351 4888 ἀποδεῖξαι
3377 4829 3513 4879 κατὰ
3539 4830 3637 4893 τὴν
3657 4847 3795 4895 προ-

2312 4935 2328 4966 ι
2368 4915 2591 4983 θεσμίαν
2614 4916 2730 4983 οὐχὶ
2772 4916 2844 4985 μὴ
2870 4916 3236 4986 τεθεληκέναι,
3271 4919 3403 4971 ἀλλὰ
3442 4919 3515 4987 μή
3561 4921 3790 4989 δεδυνῆ-

2311 5026 2329 5058 t
2372 5007 2491 5059 σθαι
2528 5009 2828 5077 ἀπαντῆσαι
2852 5021 2866 5036 ⁸
2899 5008 3105 5060 ἐκείνου
3129 5010 3287 5075 δήλου
3314 5010 3486 5072 ὄντος,
3525 5011 3597 5070 ὠς
3628 5013 3686 5063 ἐν
3710 5013 3792 5080 τῷ

2311 5117 2327 5148 ι
2367 5097 2626 5149 κινεῖσθαι
2677 5098 2740 5148 τὰ
2779 5098 3075 5165 πράγματα
3126 5099 3182 5149 ὲν
3217 5098 3292 5166 τῷ
3329 5100 3434 5150 τὼν
3467 5100 3792 5153 ἐπισκόπων

2316 5208 2331 5239 ι
2365 5189 2709 5256 δικαστηρῖῳ,
2762 5188 2855 5238 ἐὰν
2886 5187 3234 5257 διαϐέϐληται
3265 5189 3323 5240 τὸ
3359 5191 3648 5257 πρόσωπον
3697 5195 3795 5245 τοῦ

2325 5299 2338 5330 ι
2378 5282 2697 5349 κατηγόρου,
2727 5281 2799 5347 μὴ
2829 5280 2983 5349 δεχθῇ
3014 5282 3089 5342 είς
3120 5283 3473 5349 κατηγορίαν,
3502 5287 3547 5334 εἰ
3576 5285 3701 5353 μηδ’
3726 5286 3797 5337 ἂν

2316 5389 2330 5419 ι
2371 5371 2504 5439 ὑπὲρ
2539 5369 2664 5420 ἰδίου
2694 5369 3036 5437 πράγματος,
3068 5369 3143 5439 μή
3189 5372 3368 5439 μέντοι
3416 5374 3545 5442 περὶ
3593 5375 3800 5445 ἐκκλη-

2319 5479 2335 5509 ι
2371 5457 2665 5519 σιαστικοῦ,
2705 5458 2903 5528 θελήσῃ
2935 5460 3304 5512 ἐπιϐαλέσθαι.
3346 5479 3363 5511 ι

2316 5549 2506 5601 ΒΑΛΣ.
2566 5548 2714 5599 Ἐπεὶ
2765 5549 3066 5618 πρόσφορόν
3105 5552 3216 5602 ἐστι
3271 5551 3623 5620 δικαστήριτν
3678 5560 3798 5619 τοῖς

2245 5640 2553 5698 ἐπισκόποις
2591 5636 2760 5688 τὸτοῦ
2830 5640 3248 5708 μητροπολίτου,
3305 5642 3468 5709 φησιν
3523 5645 3550 5694 ὁ
3609 5645 3798 5697 κανὼν

2245 5729 2345 5792 ὅτι,
2373 5727 2464 5778 ἐὰν
2500 5726 2868 5796 κατηγορῆται
2909 5728 3203 5790 ἐπίσκοπος
3243 5731 3393 5799 παρά
3442 5747 3608 5793 τινος,
3644 5732 3800 5798 ὀξιςεί-
