3982 6454
593 404 686 465 lli

1824 423 2090 483 TllEOD.
2123 424 2348 481 BALSA
2360 426 2512 484 ΜοΝ

3673 422 3784 487 112

590 514 801 579 quidem
832 517 896 570 ab
925 532 988 571 eo
1020 526 1256 587 tempore
1292 523 1553 591 designari
1584 528 1870 592 oportebit,
1912 543 2014 597 quo
2041 531 2126 582 lit-

2235 549 2319 583 του
2351 533 2416 584 τὰ
2437 533 2697 585 καλοῦντα
2749 533 2908 586 αὑτὸν
2965 533 3042 593 εἰς
3085 532 3144 584 τὸ
3179 534 3522 600 δικαστήριον
3555 533 3785 596 ἐδέξατο

593 613 729 657 teras
762 608 952 672 quibus
993 609 1057 660 ad
1086 599 1342 675 judicium
1379 624 1630 666 evocatur
1667 619 1952 684 acceperit.
1995 616 2124 670 Nam

591 702 713 745 tunc
747 696 958 761 quidem
1002 699 1305 764 pertinacia‘
1333 701 1539 767 culpam
1577 707 1970 760 communionis
2012 709 2124 775 pri-

591 783 816 846 ratione,
847 786 943 838 hoc
968 795 1066 849 est,
1091 791 1456 856 segregatione
1487 793 1613 845 luet.
1652 795 1801 858 Quod
1831 797 1875 849 si
1927 797 2128 863 aliqua-

589 886 702 923 rum
752 887 1030 925 causarum
1073 885 1392 938 tutcrventu,
1429 895 1562 944 quas
1617 896 1791 945 veras,
1834 897 1940 936 non
1987 897 2128 936 com-

587 961 851 1013 mentitias
883 976 999 1014 esse
1034 951 1265 1029 constet,
1299 969 1598 1020 necessario
1642 971 1909 1022 hominem
1959 971 2116 1038 impe-

585 1048 751 1100 ditum
791 1047 954 1104 fuisse
992 1050 1260 1119 appareat,
1294 1057 1578 1122 quominus
1611 1058 1659 1108 in
1681 1058 1887 1126 judicio
1921 1059 2121 1114 stiterit

583 1146 636 1190 ct
691 1141 1037 1206 responderit,
1095 1144 1144 1194 in
1196 1145 1417 1197 alterum
1479 1161 1714 1200 mensem
1768 1164 1978 1200 rursum
2027 1149 2124 1217 ipsi

586 1229 895 1293 praefinitam
926 1232 1152 1285 adeundi
1192 1236 1377 1300 jndicii
1426 1237 1560 1289 diem
1615 1240 1887 1306 prorogari
1931 1240 2122 1306 placet.

585 1315 651 1367 At
685 1317 750 1381 si,
780 1317 868 1371 illo
896 1334 1151 1386 nusquam
1191 1335 1500 1390 apparentc,
1537 1326 1718 1379 irritus
1759 1328 1889 1380 alter
1916 1342 2126 1395 quoque

582 1407 784 1459 mensis
819 1408 1027 1472 abierit,
1056 1411 1121 1462 ab
1155 1427 1217 1464 eo
1266 1423 1516 1480 tempore,
1551 1418 1898 1484 quoadusque
1941 1432 2021 1482 se,
2072 1419 2124 1472 in

581 1510 684 1562 quo
702 1507 998 1561 accusatur,
1021 1501 1174 1568 culpa
1206 1518 1395 1556 vacare
1420 1507 1729 1570 ostenderit,
1753 1509 2126 1562 communione

581 1583 841 1651 privatum
889 1601 1006 1640 esse
1043 1604 1212 1642 canon
1257 1590 1515 1644 decernit.
1549 1591 1700 1656 Quod
1743 1595 1791 1649 si
1844 1610 2016 1663 neque
2059 1597 2122 1649 ad

581 1672 856 1738 primatem
897 1677 1203 1742 provinciw,
1258 1693 1429 1746 neque
1460 1680 1523 1732 ad
1559 1682 1931 1749 episcoporum
1962 1697 2124 1752 syno-

527 1815 531 1821 ,
581 1765 703 1813 dum
736 1765 1016 1830 quotannis
1051 1766 1232 1819 haberi
1263 1768 1494 1830 solitam,
1534 1778 1589 1820 ut
1625 1771 1675 1821 in
1709 1784 1769 1822 ea
1793 1771 1856 1823 de
1885 1772 2123 1824 crimini-

581 1853 679 1903 bus
718 1853 814 1919 ipsi
871 1853 1088 1918 objectis
1122 1866 1407 1922 quaeratur,
1442 1857 1763 1925 qumstioque
1801 1868 1906 1912 tota
1948 1859 2118 1912 absol-
2157 1842 2196 1894 Β

583 1951 756 2006 vatur,
783 1945 1086 2007 accesserit,
1119 1945 1226 2013 jam
1260 1947 1368 2013 ipse
1390 1957 1572 2000 contra
1601 1963 1657 2000 se
1684 1946 1991 2016 suffragium
2042 1959 2122 2001 ιλ.-

583 2029 728 2094 lisse,
774 2032 871 2084 hoc
920 2043 1021 2094 est,
1075 2035 1185 2100 ipse
1221 2050 1278 2087 se
1322 2035 1702 2090 condemnasse
1739 2037 2123 2091 existimandus

582 2127 682 2172 est.
737 2117 902 2172 Porro
951 2121 1038 2172 illo
1088 2125 1467 2192 segregationis
1504 2136 1759 2194 tempore,
1825 2143 1994 2195 neque
2068 2131 2119 2180 in

584 2207 749 2272 ipsius
781 2208 1024 2273 ecclesia,
1063 2226 1231 2276 neque
1272 2213 1415 2272 alibi,
1469 2216 1610 2267 velut
1654 2216 1703 2267 in
1748 2217 1979 2281 subjecta
2025 2217 2120 2283 ipSi

583 2299 836 2363 parnasia,
902 2314 1023 2351 cum
1086 2313 1151 2352 c0
1221 2305 1642 2357 connnunieandi
1715 2307 1934 2359 {aeultas
1999 2310 2120 2359 erit.

581 2389 871 2442 Accusator
902 2404 1046 2453 vero,
1080 2392 1123 2443 si
1151 2392 1360 2458 quidem
1401 2394 1672 2460 injudicio
1719 2408 1907 2462 pra-stu
1943 2397 2121 2461 fuerit,

583 2494 609 2528 a
642 2480 1009 2534 communione
1036 2497 1367 2550 nequaquam
1420 2487 1684 2539 arccbitur
1726 2503 1739 2539 :
1780 2497 1832 2538 at
1874 2489 1915 2540 si
1959 2503 2017 2541 se
2061 2506 2122 2541 eo

581 2575 790 2623 deserto
813 2573 1145 2635 subduxerit,
1192 2574 1292 2628 hoc
1333 2585 1416 2628 est
1448 2585 1634 2643 sponte
1688 2593 1765 2640 se,
1805 2591 1974 2643 neque
2021 2578 2123 2629 ulla

581 2666 880 2714 necessaria
909 2678 1066 2716 causa
1094 2676 1332 2729 coactus,
1367 2668 1648 2734 proripuit,
1685 2682 1745 2718 ae
1776 2669 2023 2733 latebras,
2058 2683 2124 2720 ne

580 2752 923 2816 inveniretur,
953 2756 1217 2820 quzesivit;
1253 2758 1558 2823 episcopum
1587 2759 1820 2824 quidem,
1864 2760 1948 2812 cui
1984 2760 2123 2812 dicta

580 2841 691 2894 dies
716 2840 902 2907 fuerat,
930 2861 954 2893 ιι
985 2843 1141 2894 multa
1173 2845 1526 2898 communioni
1561 2847 1877 2898 restitutum.
1901 2847 2122 2909 absolvi,

581 2943 941 2986 accusatorem
996 2949 1119 2988 vero
1160 2934 1328 3001 ipsum
1394 2935 1628 2988 vicissim
1687 2936 1926 3001 imposita
1970 2950 2124 3002 poena

582 3021 753 3089 puniri
785 3021 932 3087 jubet
1003 3024 1179 3076 Actori
1214 3033 1384 3078 tamen
1441 3023 1829 3076 accusationem
1878 3024 2125 3091 persequi

580 3127 643 3164 ac
671 3112 873 3179 judicio
895 3115 1120 3180 experiri
1148 3115 1317 3167 adhuc
1339 3114 1516 3167 licebit
1536 3155 1550 3178 ,
1581 3115 1622 3167 si
1653 3115 1806 3166 modo
1833 3127 1934 3166 non
1963 3115 2126 3181 ipsius

579 3201 847 3255 voluntate
870 3217 982 3253 retu
1012 3205 1414 3270 contempsisse,
1462 3205 1552 3257 sed
1578 3204 1736 3271 justa:
1788 3219 1850 3257 ac
1881 3219 2127 3259 necessa-

581 3293 673 3344 ria:
714 3306 885 3344 causae
915 3292 1236 3355 interventu,
1271 3295 1557 3360 quominus
1591 3294 1655 3346 ad
1687 3296 2000 3362 prmlinitam
2035 3297 2130 3347 ad-

580 3390 739 3446 esset,
767 3380 962 3434 factum
989 3381 1152 3436 fuisse
1171 3381 1656 3450 ,ostenderitJtlud
1699 3393 1898 3446 autem,
1937 3384 2129 3450 inquit,

580 3484 765 3522 onines
796 3472 990 3534 norint,
1018 3481 1142 3522 tunc
1165 3471 1394 3538 episcopi
1419 3471 1639 3523 delatori
1688 3471 1863 3524 locum
1912 3472 2023 3524 fore
2077 3473 2126 3523 in

576 3562 802 3630 judicio,
833 3561 876 3614 si
907 3562 1047 3612 nulla
1099 3562 1212 3628 ipse
1249 3561 1487 3612 criminis
1518 3558 1732 3612 infamia
1783 3570 1996 3614 notatus
2039 3560 2126 3612 sit.

584 3652 744 3718 Cujus
783 3666 1010 3717 namque
1051 3651 1277 3702 delatum
1323 3663 1516 3701 nomen
1558 3651 1621 3701 ad
1661 3649 1884 3717 judices,
1928 3659 2019 3703 aut
2061 3652 2128 3705 de

586 3758 688 3809 quo
711 3742 870 3793 etiam
900 3740 1055 3792 dubia
1084 3739 1408 3791 existimatio
1448 3738 1626 3800 fuerit,
1679 3741 1777 3792 nisi
1824 3743 1888 3793 de
1935 3757 2027 3794 sua
2070 3756 2125 3794 re

584 3832 808 3899 privata,
871 3829 1172 3897 pecuniaria
1231 3830 1501 3891 nimirum,
1563 3829 1824 3882 aetionem
1879 3831 2126 3899 episcopo

584 3918 840 3981 intendat,
877 3917 1251 3969 ecclesiasticae
1287 3929 1411 3966 vero
1449 3915 1840 3977 controversiae,
1879 3916 1975 3967 hoc
2024 3925 2127 3976 ett,

584 4007 694 4073 ejus
725 4021 786 4059 ex
815 4020 916 4072 qua
941 4005 1188 4072 episcopo
1217 4003 1508 4070 periculum
1538 4001 1837 4053 amittendae
1861 4002 2131 4069 dignitatis

587 4105 815 4155 creetur,
873 4105 1072 4161 partem
1133 4093 1327 4145 nullam
1392 4092 1641 4158 attingat,
1690 4092 1857 4143 audiri
1914 4094 2129 4145 omnino

589 4195 749 4238 vetat.
783 4186 854 4238 De
876 4187 1058 4238 eadem
1103 4198 1157 4235 re
1180 4191 1359 4235 sextus
1383 4195 1592 4248 quoque
1622 4180 1862 4233 secunda:
1899 4193 2131 4233 aecum--

585 4278 718 4330 nica:
747 4277 930 4345 synodi
972 4291 1138 4329 canon
1195 4275 1450 4327 decernit.
1492 4272 1618 4335 Quae
1667 4272 1718 4323 in
1764 4285 1884 4324 cum
1936 4269 2132 4336 scripta

585 4374 706 4420 Sttttl
749 4368 884 4419 vide.
909 4364 1138 4428 Qum'tus
1164 4378 1286 4414 Vero
1311 4371 1362 4414 et
1388 4360 1800 4428 septuagesiutus
1831 4366 2134 4412 sanctorum

586 4469 753 4527 apost.
801 4473 915 4510 can.
968 4465 1274 4508 accusatum
1309 4454 1612 4520 episwpum
1660 4465 1736 4504 ter
1793 4451 1983 4515 citari;
2037 4467 2118 4516 ac,
2162 4450 2258 4503 nisi
2295 4448 2324 4499 d

587 4552 671 4619 gio
711 4548 1046 4601 condemnari
1070 4546 1238 4613 jubet.

2227 623 2542 688 γράμματα.
2580 623 2708 673 Τότε
2745 622 2849 689 γὰρ
2881 624 2957 683 εἰς
2988 622 3172 690 ποινὴν
3187 622 3288 687 τῆς
3320 622 3597 683 ἀπειθείας
3620 623 3786 673 ἀκοι-

2227 711 2460 778 νώνητος
2489 715 2712 779 γίνεται,
2745 713 3016 764 τουτέστιν
3066 714 3405 782 ἀφορίζεται.
3451 711 3575 764 Ἐὰν
3605 712 3663 764 δὲ
3714 710 3789 762 ἐκ

2226 821 2387 856 τινων
2442 806 2858 876 συμϐεϐηκυιῶν
2881 807 3087 867 αἰτιῶν,
3121 808 3212 860 καὶ
3259 807 3318 858 ού
3352 805 3788 872 πεπλασμένων,

2227 895 2319 945 καὶ
2354 895 2411 957 ἐξ
2441 896 2680 963 ἀνάγκης
2705 896 2865 948 αὑτὸν
2895 896 3210 947 κωλυουσῶν
3234 898 3375 963 φανῇ
3412 894 3676 954 κωλυθεὶς
3702 891 3791 960 μὴ

2225 969 2532 1052 ἀπαντῆσαι
2573 987 2649 1045 είς
2679 984 2738 1036 τὸ
2767 986 3133 1053 δικαστήριον,
3162 985 3254 1036 καὶ
3307 981 3790 1051 ἀπολογήσασθαι,

2226 1079 2408 1144 ἕτερος
2435 1072 2587 1138 αὖθις
2623 1076 2769 1144 αὐτῷ
2794 1077 2991 1128 δίδοται
3051 1077 3155 1144 μὴν
3185 1079 3261 1136 εἰς
3291 1074 3629 1142 προθεσμίαν
3681 1067 3790 1122 τοῦ

2229 1167 2540 1234 προσελθεῖν
2564 1166 2640 1234 τῷ
2665 1165 3016 1235 δικαστηρίῳ.
3065 1166 3188 1218 Ἐὰν
3239 1166 3295 1217 δὲ
3331 1167 3423 1216 καὶ
3457 1165 3484 1215 6
3529 1161 3794 1230 δεύτερος

2229 1259 2332 1326 μὴν
2356 1257 2598 1328 παρέλθῃ
2641 1258 2732 1308 ἐπὶ
2767 1260 2959 1321 κενοῖς,
2993 1257 3200 1307 ἐκείνου
3229 1257 3304 1323 μὴ
3337 1252 3790 1321 ἀπαντήσαντος,

2224 1350 2405 1401 ἔκτοτε
2431 1350 2786 1416 ἀκοινώνητον
2812 1346 2951 1400 εἶναι
2983 1348 3143 1398 αὑτὸν
3169 1347 3196 1397 ὁ
3216 1345 3393 1398 κανὼν
3412 1343 3790 1401 διατάττεται,

2224 1442 2326 1502 ἕως
2354 1441 2654 1509 διαγνωσθῇ
2687 1442 2768 1493 ὅτι
2789 1438 3023 1505 καθαρός
3063 1439 3177 1488 ἐστι
3207 1437 3304 1503 τῆς
3335 1434 3456 1487 κατ’
3483 1431 3649 1485 αὐτοῦ
3685 1448 3794 1497 γε-

2224 1534 2454 1599 νομένης
2480 1533 2832 1601 κατηγορίας.
2854 1531 2975 1582 Ἐὰν
3007 1530 3062 1581 δέ
3095 1528 3219 1580 οὔτε
3252 1527 3384 1594 πρὸς
3414 1526 3502 1576 τὸν
3526 1522 3792 1593 πρωτεύ-

2223 1643 2348 1677 οντα
2375 1625 2475 1692 τῆς
2503 1624 2770 1692 ἐπαρχίας
2793 1623 3190 1690 παραγένηται,
3221 1618 3345 1670 οὕτε
3375 1618 3510 1684 πρὸς
3536 1616 3636 1684 τὴν
3665 1614 3793 1665 τῶν

2223 1715 2534 1767 ἐπισκόπων
2566 1711 2781 1764 σύνοδον
2813 1711 2910 1779 τὴν
2941 1710 3167 1777 ἐτησίαις
3199 1706 3487 1774 γινομένην
3509 1741 3525 1766 ,
3555 1703 3640 1754 ἵνα
3665 1701 3798 1750 ἐκεῖ

2225 1805 2482 1872 ἐξετασθῇ
2507 1804 2571 1855 τὰ
2591 1805 2712 1853 κατ’
2737 1801 2900 1853 αὑτοῦ
2925 1800 3185 1866 λεγόμενα
3211 1799 3301 1849 καί
3326 1794 3499 1862 πέρας
3537 1791 3791 1859 δέξηται,

2228 1895 2387 1955 αὐτὸς
2420 1891 2539 1945 καθ’
2567 1887 2758 1941 ἐαυτοῦ
2818 1888 3136 1955 ἐψηφίσατο,
3189 1886 3355 1954 ἤγουν
3393 1880 3552 1942 αύτδς
3587 1878 3794 1931 ἑαυτὸν

2227 1983 2600 2034 κατεδίκασεν.
2669 1977 2754 2028 Ἑν
2805 1975 2860 2026 δὲ
2894 1975 2968 2042 τῷ
3001 1973 3174 2041 καιρῷ
3205 1971 3298 2022 τοῦ
3350 1969 3626 2036 ἐπιτιμίου
3677 1966 3792 2034 τῆς

2227 2071 2614 2139 ἀκοινωνησίας
2638 2067 2759 2119 οὔτε
2792 2068 2845 2117 ἐν
2877 2067 2938 2134 τῇ
2968 2060 3228 2130 ἐκκλησίᾳ
3256 2058 3420 2113 αὑτοῦ
3450 2057 3655 2120 ἔξεστιν
3680 2054 3794 2142 αὑ-

2227 2162 2301 2230 τῷ
2336 2161 2677 2226 κοινωνῆσαι,
2708 2155 2827 2207 οὗτε
2855 2151 3105 2220 ἀλλαχοῦ,
3131 2146 3241 2203 οἷον
3271 2145 3531 2217 παροικίᾳ
3553 2146 3785 2196 ὑποκει-

2232 2248 2570 2319 μένῃαύτῴ.
2609 2247 2667 2300 ὐ
2716 2245 2770 2296 δὲ
2806 2244 3127 2311 κατήγορος,
3169 2241 3262 2291 ἐὰν
3316 2236 3658 2306 προσεδρεύῃ
3700 2233 3787 2303 τῷ

2228 2341 2575 2407 δικαστηρίῳ,
2611 2337 2670 2387 ού
2699 2333 3067 2400 κωλυθήσεται
3099 2329 3370 2381 κοινωνεῖν
3395 2344 3407 2357 ·
3439 2325 3607 2376 ἐὰνδὲ
3641 2325 3786 2375 ἀπο-

2228 2430 2415 2500 λειφθῇ
2468 2427 2654 2479 ἐαυτὸν
2693 2425 2984 2491 ὖποσύρας,
3034 2422 3197 2490 ἤγουν
3249 2417 3530 2481 ἑκουσίως,
3588 2415 3689 2465 οὒκ
3722 2413 3790 2477 ἐξ

2229 2525 2474 2589 ἀνάγκης
2502 2518 2666 2581 τινὸς,
2696 2515 2886 2568 ἑαυτὸν
2921 2513 3248 2578 ὑποκλέψας,
3301 2511 3392 2560 καὶ
3426 2504 3782 2573 ἀποκρύψας,

2229 2613 2366 2664 ὥστε
2399 2612 2471 2680 μὴ
2504 2607 2870 2678 εὑρίσκεσθαι,
2890 2609 2915 2657 6
2948 2607 3044 2672 μὲν
3071 2602 3362 2661 ἐπίσκοπος
3385 2600 3411 2650 6
3439 2592 3789 2663 κατηγορού-

2233 2719 2391 2772 μενος
2419 2701 2705 2768 λυθήσεται
2720 2697 2810 2749 τοῦ
2839 2695 3135 2760 ἐπιτιμίου,
3159 2686 3664 2753 ἀποκαθιστάμενος
3691 2682 3783 2743 είς

2230 2770 2324 2863 τὴν
2354 2791 2632 2846 κοινωνίαν
2653 2805 2665 2818 ·
2696 2790 2722 2839 6
2755 2787 2809 2839 δὲ
2848 2785 3145 2852 κατήγορος
3178 2776 3655 2863 ἐπιτιμηθήσεται.
3699 2770 3784 2863 Ού

2236 2859 2414 2953 μέντοι
2446 2879 2815 2948 κωλυθήσεται
2846 2873 3139 2943 γυμνάζειν
3165 2869 3262 2937 τὴν
3297 2862 3652 2932 κατηγορίαν,
3683 2859 3788 2909 καὶ

2231 2975 2541 3038 δικάζεσθαι
2571 2974 2664 3022 ἐὰν
2697 2971 2836 3037 φανῇ
2880 2968 2953 3036 μὴ
2991 2965 3049 3028 ἐξ
3092 2959 3293 3013 οἰκείου
3344 2954 3796 3038 θελήματος-κα-

2231 3067 2564 3135 ταφρονῆσαι
2597 3099 2610 3124 ,
2669 3058 2807 3111 ὥστε
2865 3057 2938 3124 μὴ
2995 3049 3392 3120 ἐμπροθέσμως
3449 3037 3792 3104 ἀπαντῆσαι,

2153 3165 2196 3221 C
2228 3134 2362 3210 ἀλλά
2398 3157 2472 3223 μὴ
2521 3151 2812 3220 δυνηθῆναι
2843 3145 2900 3209 ἐξ
2933 3143 3107 3203 αἰτίας
3137 3139 3354 3204 εὐλόγου
3389 3134 3481 3186 καὶ
3539 3134 3795 3223 ἀπαραι-

2225 3221 2409 3315 τήτουξ
2447 3221 2623 3294 Ἔστω
2674 3240 2751 3301 δὲ,
2781 3237 2934 3305 φησί,
2974 3232 3127 3300 δῆλον
3158 3230 3241 3281 ὅτι
3289 3227 3407 3278 τότε
3460 3221 3792 3315 aquomst

2225 3339 2253 3388 6
2279 3310 2588 3402 κατήγορος
2617 3331 2708 3382 τοῦ
2739 3327 3059 3385 ἐπισκόπου,
3084 3322 3176 3372 ἐὰν
3211 3319 3283 3387 μὴ
3313 3315 3686 3402 διαϐέϐληται,
3715 3310 3788 3359 Εἰ

2227 3430 2332 3497 γὰρ
2361 3401 2783 3489 διαϐεϐλημένος
2812 3418 2918 3484 εἴη,
2950 3416 2980 3483 ἢ
3007 3411 3304 3480 ἀμφίϐολός
3336 3411 3482 3458 ἐστιν
3515 3407 3547 3474 ἡ
3574 3401 3789 3497 ὑπόλη-

2229 3494 2318 3590 ιίιις
2343 3518 2524 3582 αὐτοῦ,
2575 3512 2933 3582 ἀπρόσδεκτος
2969 3508 3140 3567 ἔσται,
3172 3504 3218 3554 εἰ
3251 3501 3325 3571 μὴ
3357 3499 3562 3551 οἰκείαν
3591 3494 3792 3597 προτί-

2233 3614 2386 3681 θησιν
2420 3609 2672 3659 ὑπόθεσιν
2722 3601 2864 3653 κατὰ
2896 3597 2988 3650 τοῦ
3045 3593 3370 3654 ἐπισκόπου,
3429 3593 3792 3656 χρηματικήν

2230 3675 2465 3771 δηλαδὴ,
2521 3698 2579 3748 ού
2614 3695 2792 3762 μέντοι
2835 3681 3304 3755 ἐκκλησιαστικὴν,
3365 3677 3642 3730 τουτέστιν
3702 3675 3792 3734 εἰς

2227 3766 2495 3844 ἔκπτωσιν
2521 3787 2616 3854 τῆς
2646 3782 2945 3846 ἐπισκοπῆς
2985 3771 3445 3833 καταδικάζουσαν
3501 3766 3589 3818 τὸν
3619 3780 3799 3830 κατη-

2224 3883 2575 3951 γορούμενον.
2622 3875 2753 3941 Περὶ
2815 3868 3004 3920 τούτου
3047 3866 3102 3916 δὲ
3159 3864 3249 3913 καί
3280 3862 3306 3912 6
3354 3856 3407 3921 ς’
3459 3855 3638 3908 κανὼν
3686 3853 3794 3920 τῆς

2223 3941 2474 4040 δευτέρας
2502 3963 2880 4032 οἰκουμενικῆς
2906 3956 3118 4008 συνόδου
3164 3953 3529 4010 διατάττεται,
3565 3943 3660 3996 καὶ
3681 3941 3752 4009 ζη
3771 3970 3790 3980 -

2226 4033 2415 4131 τητέον
2441 4060 2506 4110 τά
2537 4057 2649 4107 ἐκεῖ
2678 4049 3052 4120 γεγραμμένα.
3075 4044 3130 4095 '0
3155 4043 3208 4094 δέ
3239 4038 3305 4093 οδ⁹
3333 4039 3438 4090 τῶν
3472 4033 3795 4131 ἀποστόλων

2233 4151 2409 4205 κανὼν
2447 4149 2534 4199 τὸν
2569 4145 2859 4197 ἐπίσκοπον
2895 4133 3341 4206 κατηγορηθέντα
3371 4125 3655 4196 τρισσάκις
3689 4140 3797 4175 κα-

2234 4239 2440 4292 λεῖσθαι
2495 4233 2721 4294 κελεύει,
2767 4230 2858 4281 καὶ
2904 4231 2950 4279 εἰ
3002 4227 3074 4294 μὴ
3138 4221 3460 4288 ἀπαντήσει,
3513 4215 3632 4266 τότε
3660 4212 3796 4276 τοὺς

2240 4330 2564 4384 ἐπισκόπους
2601 4316 2928 4389 ψηφίζεσθαι
2968 4313 3083 4367 κατ’
3112 4309 3297 4364 αὑτοῦ.

2331 4445 2517 4511 eniqnc
2548 4439 2596 4490 in
2622 4438 2707 4505 jus
2727 4445 2832 4496 cat,
2875 4432 3096 4484 aliorum
3163 4427 3530 4492 t'piSCOpOl‘tttlt
3593 4420 3793 4475 suifra-

586 4613 806 4701 AltlST.
842 4661 857 4692 ι
900 4641 1193 4707 Episc0pus
1237 4646 1514 4690 acrusatus
1545 4642 1595 4687 ct
1637 4636 1685 4686 in
1728 4633 1986 4701 judicium
2031 4633 2127 4685 du-

2246 4649 2262 4681 ς
2299 4626 2514 4682 ΑΡΙΣΤ.
2556 4621 3035 4689 Κατηγορούμενος
3076 4615 3371 4672 ἐπίσκοπος
3405 4615 3497 4663 καὶ
3528 4613 3800 4681 ἀγόμενος

662 4756 678 4785 ι
711 4747 847 4798 ctus,
875 4735 1094 4786 duorUm
1130 4729 1389 4782 mensium
1422 4727 1646 4794 spatium
1681 4725 1870 4777 habeat
1903 4740 1916 4786 ;
1945 4725 1987 4775 si
2015 4724 2130 4790 qui-

661 4844 677 4873 ι
713 4828 829 4876 dem
864 4838 926 4874 cx
970 4821 1132 4871 altera
1182 4829 1329 4884 parte
1365 4815 1564 4867 tardius
1606 4814 1782 4867 veniat
1831 4813 2082 4864 auxilium
2118 4828 2129 4863 :

664 4935 678 4963 ι
719 4922 898 4980 postea
930 4919 1104 4961 autem
1138 4902 1710 4966 excommunicabitur,
1738 4902 1778 4954 si
1808 4916 1909 4954 non
1946 4915 2135 4952 occur-

665 5024 680 5053 ι
725 5003 874 5055 rer-it.
909 5001 961 5066 Si
1006 5010 1204 5060 autent,
1240 4996 1510 5065 Iprresente
1545 5002 1812 5054 accusato,
1858 5001 2136 5045 accusator

664 5112 683 5144 ‹
728 5093 998 5159 aufugiat,
1047 5091 1416 5141 communione
1473 5084 1784 5151 privabitur.
1842 5081 2134 5134 Accusatur

673 5204 687 5231 ι
729 5190 900 5234 autem
934 5178 1146 5231 infamia
1180 5177 1445 5237 laborans,
1493 5182 1706 5225 nonest
1757 5182 2055 5224 accusator.
2106 5189 2121 5218 ι

660 5272 947 5340 Episcopus
995 5285 1021 5321 a
1058 5268 1305 5334 quopiam
1370 5275 1668 5324 accusatus,
1721 5276 1750 5313 a
1802 5259 2004 5328 synodo
2047 5263 2130 5311 cui

590 5364 849 5428 subjaeet,
900 5374 991 5423 per
1042 5357 1245 5409 litteras
1292 5355 1354 5406 ad
1407 5369 1465 5406 se
1514 5352 1898 5405 defendendum
1957 5350 2134 5401 venire

591 5460 858 5506 evocetur.
884 5450 935 5502 Si
987 5457 1181 5506 autem,
1215 5455 1491 5513 postquam
1529 5442 1732 5494 litteras
1757 5439 2047 5507 acceperit,
2078 5453 2135 5491 se

589 5545 786 5611 judicio
831 5557 931 5592 nun
984 5536 1195 5598 stiterit,
1250 5548 1418 5599 usque
1494 5534 1558 5584 ad
1607 5547 1765 5583 unum
1815 5530 2132 5595 completum

597 5647 851 5693 mensem,
888 5646 912 5680 a
945 5627 1262 5682 ncces-ariis
1287 5626 1603 5688 quibusdam
1633 5621 1914 5688 impeditus
1936 5621 2132 5681 causis,

597 5728 661 5776 ad
699 5722 1003 5774 dilationem
1038 5722 1226 5771 habeat
1257 5727 1308 5770 et
1344 5716 1560 5768 alterius
1593 5715 1747 5766 unius
1779 5713 1974 5766 mensis
2013 5725 2139 5763 cono

2302 4737 2318 4768 ι
2359 4718 2526 4784 ἐχέτω
2555 4713 2663 4763 δύο
2723 4710 2904 4777 μηνῶν
2938 4706 3156 4767 ἔνδοσιν,
3191 4704 3347 4768 εἴπερ
3379 4703 3643 4770 ἐτέρωθέν
3677 4705 3800 4755 ἐστι

2307 4827 2323 4856 ι
2362 4809 2457 4873 τῆς
2488 4803 2812 4872 βραδυτῆτος
2843 4796 3059 4865 βοήθεια
3085 4812 3096 4823 ·
3153 4795 3275 4861 ἐξῆ;
3311 4793 3365 4842 δὲ
3400 4793 3458 4842 τὸ
3498 4791 3804 4862 ἀκοινώνη-

2307 4917 2322 4946 .
2364 4914 2453 4948 τον
2485 4895 2615 4956 ἕξει,
2659 4892 2731 4959 μὴ
2762 4889 3093 4955 ὑπαντήσας.
3135 4885 3257 4935 Ἑάν
3315 4883 3368 4934 δὲ
3398 4884 3801 4949 παρουσιάζον-

2311 5009 2326 5037 ι
2365 5005 2450 5048 τος
2483 4984 2573 5036 τοῦ
2611 4979 3106 5049 κατηγορουμένου,
3158 4981 3184 5027 6
3219 4976 3521 5043 κατήγορος
3554 4975 3805 5040 ἀποφεύ-

2311 5097 2329 5126 ι
2361 5092 2452 5145 γῃ,
2486 5074 2593 5137 ἕξει
2622 5073 2681 5122 τὸ
2731 5069 3088 5135 ἀκοινώνητον
3109 5079 3123 5094 ⁶
3166 5064 3586 5132 διαϐαλλόμενος
3612 5064 3669 5115 δὲ
3698 5081 3804 5117 κα-

2314 5188 2329 5216 ι
2368 5167 2592 5232 τὴγορος
2621 5161 2679 5210 οὐ
2709 5161 3022 5225 κατήγορος.
3072 5175 3088 5204 ι

2322 5255 2640 5310 Ἐπίσκοπος
2669 5250 2771 5300 ὑπό
2803 5264 2943 5308 τινος
2986 5244 3477 5313 κατηγορούμενος,
3525 5243 3678 5311 παρὰ
3728 5250 3797 5314 τῇ

2241 5348 2458 5415 συνόδῳ,
2490 5341 2840 5415 ᾖύπόκειται,
2877 5339 2962 5390 διὰ
3012 5338 3352 5406 γραμμάτων
3379 5338 3802 5405 προσκαλείσθω

2242 5441 2375 5508 πρδς
2425 5434 2714 5499 ἀπολογίαν
2765 5431 2972 5483 ἐλθεῖν·
3013 5428 3159 5486 εεδὲ.
3200 5428 3332 5494 μεθὸ
3367 5427 3434 5477 τὰ
3491 5428 3802 5494 γράμματα

2241 5524 2592 5588 ὃέξεται,οὑκ
2623 5521 2922 5586 ἀπαντήσει
2960 5520 3039 5577 εἰς
3092 5515 3150 5566 τὸ
3197 5516 3544 5583 δικαστήριον
3602 5519 3801 5583 μέχρις

2243 5619 2362 5668 ὅλου
2402 5615 2562 5684 μηνὸς
2598 5613 2733 5674 ἐνὸς,
2775 5611 3032 5669 κωλυθεὶς
3070 5610 3193 5667 ἴσως
3223 5608 3326 5658 ὑπό
3366 5625 3525 5658 τινων
3555 5608 3803 5673 ἀναγκα-

2247 5707 2444 5758 στικὼν
2493 5705 2698 5765 αἰτιῶν,
2743 5703 2908 5763 ἐγέτω
2938 5700 3013 5752 είς
3046 5698 3331 5759 ὑπέρθεσιν
3365 5699 3450 5749 καὶ
3482 5699 3668 5763 ἐτέρου
3695 5716 3799 5768 μη-
