3982 6438
151 314 233 381 ll3
1090 328 1171 387 ΙΝ
1209 325 1376 389 CAN.
1415 326 1619 389 XXIII
1657 325 1868 387 CONC.
1908 327 1989 388 IN
2023 325 2397 387 CARTIIAG.

3248 319 3348 386 1ιᾷ

143 427 217 488 νδς
246 426 359 489 ἐνὸς
381 425 714 499 προθεσμίαν
735 447 749 462 ο
775 431 825 485 εἰ
844 430 901 485 δέ
938 431 1028 485 καὶ
1056 436 1084 487 6
1112 434 1361 506 δεύτερος
1391 435 1498 507 μὴν
1543 452 1680 505 παρ-

1825 436 2134 490 .itulionem.
2164 434 2220 490 Si
2264 443 2442 487 autem
2469 442 2523 487 et
2570 433 2840 487 secundus
2889 432 3087 485 frustra
3132 433 3349 502 elapsus

146 518 267 572 ίλθοι
285 520 555 592 διακενῆς,
586 526 678 578 καὶ
706 527 787 587 είς
817 526 877 578 τὸ
902 527 1250 597 δικαστήριον
1290 528 1350 582 ού
1377 528 1677 596 παρουσιά-

147 628 231 673 σει,
252 614 625 683 ἀφωρισμένος
649 616 814 682 ἔστω,
850 619 1042 689 μέχρις
1079 620 1145 674 ἂν
1193 620 1484 683 ἀνεύθυνος
1513 626 1675 692 φανῇ.

156 700 264 755 Ἐάν
283 703 337 756 δέ
362 706 673 760 τούναντίον
702 708 731 759 6
756 708 855 774 μὲν
892 710 1367 780 κατηγορούμενος
1383 712 1678 774 ἐπίσκοπος

149 792 383 862 πάρεστι,
415 796 507 849 καὶ
534 796 636 865 τὴν
657 798 1002 863 ἐπεξέλευσιν
1030 800 1129 869 τῆς
1168 802 1289 856 κατ’
1319 802 1485 856 αὑτοῦ
1517 820 1683 871 κατη-

145 885 316 953 γορίας
356 886 607 953 γενέσθαι
652 888 885 961 ἐπιζητῇ
944 892 972 945 6
1000 892 1057 945 δέ
1102 894 1407 965 κατήγορος
1449 894 1682 963 οὐδαμοῦ

148 973 389 1042 φαίνηται
414 1015 429 1037 .
473 976 611 1031 ἀλλὰ
637 981 949 1053 ἀποφεύγῃ.
973 982 1135 1045 αὐτὸς
1164 984 1273 1049 ἔξει
1304 984 1365 1037 τὸ
1393 984 1690 1054 ἀκοινώνη-

146 1080 226 1115 τον
252 1067 279 1118 6
306 1068 632 1137 κατήγορος.
660 1071 759 1123 Διὰ
778 1070 935 1125 τοῦτο
959 1075 1086 1142 γοῦν
1110 1069 1412 1143 ὀφείλουσιν
1438 1078 1487 1128 οί
1516 1092 1688 1143 κατη-

147 1156 420 1226 γοροῦντες
455 1159 831 1226 ἐξετάζεσθαι,
863 1166 957 1218 καὶ
991 1165 1091 1235 τὴν
1119 1166 1436 1236 θρησκείαν,
1472 1169 1563 1218 καὶ
1591 1168 1690 1235 τὴν

148 1247 403 1317 ὑπόληψιν
422 1263 440 1279 ⁶
478 1250 571 1303 καὶ
592 1252 688 1305 ἐὰν
715 1253 1124 1326 διαὸεσλημένοι
1154 1257 1312 1319 εἰσὶν,
1349 1258 1429 1318 είς
1458 1272 1693 1323 κατηγο-

153 1336 261 1404 ρίαν
285 1338 737 1408 ἐκκλησιαστικοῦ
768 1345 1088 1413 πράγματος
1114 1348 1175 1401 οὐ
1209 1346 1614 1419 παραδέχονται.

731 1457 972 1513 ΚΔΝΩΝ
1006 1460 1130 1514 ΚΓ.

157 1580 171 1608 ι
217 1562 416 1617 ἐὰνδέ
470 1567 834 1639 πρεσϐύτεροι
875 1570 907 1639 ἦ
946 1570 1177 1628 διάκονοι
1225 1576 1694 1646 κατηγορηθῶσιν.

217 1672 234 1702 ι
266 1654 783 1725 προσξευγνυμένου
817 1659 911 1714 τοῦ
940 1662 1169 1731 νομίμου
1211 1663 1445 1733 ἀριθμοῦ
1475 1663 1584 1716 τῶν
1636 1666 1699 1716 ἐκ

214 1760 232 1790 ι
267 1742 362 1811 τῆς
402 1743 811 1817 πλησιαζούσης
864 1748 1183 1812 τοποθεσίας
1234 1751 1526 1820 αἱρετικῶν
1579 1755 1699 1805 ἐπι·
1729 1776 1775 1834 Β

220 1851 238 1882 ε
274 1835 493 1886 σκόπων
522 1877 538 1899 ,
600 1836 692 1900 οὓς
740 1837 790 1889 οί
853 1840 1313 1910 κατηγορούμενοι
1359 1844 1694 1910 αίτήσονται.

220 1941 237 1971 ι
274 1922 420 1975 τοῦτ’
440 1923 592 1977 εστιν
612 1926 701 1979 ἐπ’
730 1927 1068 1995 ὀνόματιτοῦ
1106 1932 1473 2000 πρεσϐυτέρου
1503 1933 1581 1997 ἐξ,
1608 1934 1702 1985 καὶ

221 2030 238 2054 ι
272 2011 364 2063 τοῦ
396 2011 649 2067 διακόνου
672 2015 840 2083 τριῶν
860 2033 873 2047 ’
929 2018 1025 2070 σὺν
1066 2018 1278 2082 τούτοις
1327 2020 1489 2081 αὐτὸς
1518 2021 1547 2072 6
1573 2020 1702 2083 ἴδιος

222 2121 240 2152 ι
270 2103 377 2155 τῶν
416 2107 913 2175 κατηγορουμένων
948 2110 1245 2171 ἐπίσκοπος
1271 2110 1369 2169 τὰς
1399 2111 1579 2169 αίτίας
1604 2112 1705 2163 αὑ-

225 2213 242 2242 ε
274 2195 381 2247 τῶν
414 2195 685 2261 ἐξετάσει,
709 2197 802 2251 τοῦ
833 2199 996 2252 αὐτοῦ
1022 2199 1129 2252 τῶν
1150 2201 1372 2272 ἡμερῶν
1422 2203 1515 2254 καὶ
1537 2202 1707 2271 ὑπερ-

226 2304 242 2332 ε
280 2286 481 2338 θέσεων
542 2288 638 2340 καὶ
691 2288 987 2353 ἐξετάσεων
1024 2292 1117 2343 καὶ
1148 2294 1455 2360 προσώπων
1505 2292 1705 2361 μεταξῦ

224 2395 241 2427 ι
275 2377 382 2430 τῶν
410 2380 868 2448 κατηγορούντων
922 2384 1015 2435 καὶ
1047 2382 1539 2451 κατηγορουμένων
1586 2384 1708 2453 τρό-

230 2488 247 2518 ι
284 2488 384 2522 που
427 2472 867 2539 φυλαττομένου.
927 2473 1046 2525 Τῶν
1096 2473 1151 2525 δέ
1186 2472 1390 2526 λοιπῶν
1434 2474 1710 2545 κληρικῶν

228 2579 245 2611 ι
278 2562 372 2624 τὰς
402 2562 586 2624 αἰτίας
611 2563 705 2623 καὶ
737 2563 896 2631 μόνος
935 2565 964 2616 6
988 2563 1230 2626 ἐντόπιος
1262 2566 1556 2627 ἐπίσκοπος
1591 2566 1709 2619 δια-

232 2670 248 2700 ι
284 2651 393 2720 γνῷ
420 2653 521 2705 καὶ
549 2652 880 2721 περατὼσει.
907 2673 924 2705 ι

226 2763 417 2819 ΒΑΛΣ.
439 2768 554 2818 Καὶ
582 2765 738 2830 οὗτος
761 2770 788 2821 6
815 2769 1011 2831 κανὼν,
1037 2772 1347 2840 παρομοίιυς
1379 2773 1457 2841 τῷ
1489 2774 1592 2842 προ
1618 2773 1713 2826 αὖ·

165 2854 456 2924 τοῦ,ῆγουν
517 2857 661 2909 κατά
706 2858 805 2919 τὰς
857 2859 1020 2922 αὐτὰς
1077 2861 1390 2926 διαστῖξεις,
1422 2863 1713 2930 διορίζεται

165 2944 465 3008 δικάζεσθαι
524 2950 618 3002 καὶ
649 2949 772 3010 τοὺς
799 2951 1197 3019 πρεσϐυτέρους
1231 2954 1323 3006 καὶ
1365 2953 1490 3013 τοὺς
1538 2953 1715 3005 διακό-

168 3052 297 3099 νους.
322 3038 431 3091 Τοῦ
454 3039 514 3092 δέ
552 3038 622 3093 ια’
674 3042 898 3104 κανόνος
925 3043 1291 3111 διοριζομένου
1350 3043 1497 3112 παρὰ
1528 3045 1714 3101 πόσοις

1786 524 1965 584 fuerit.
1983 535 2038 579 et
2053 525 2257 593 judicio
2279 541 2337 581 se
2356 540 2459 578 non
2494 525 2709 586 stiterit,
2732 534 3046 593 segregatus
3064 523 3154 585 sit,
3179 540 3351 592 usque

1788 618 1911 671 dum
1961 620 2218 672 innocens
2275 617 2604 687 apparuerit.
2664 617 2720 670 Si
2785 627 2963 670 autem
3005 631 3035 670 e
3080 618 3353 670 contrario

1787 708 2067 776 episcOpus
2086 721 2369 763 accusatus
2399 708 2652 773 adfuerit,
2675 717 2729 762 et
2759 707 3124 762 accusatioitis
3155 718 3346 761 contra

1791 813 1849 851 se
1877 797 1996 852 lata!
2033 799 2231 852 exitum
2270 799 2597 867 qumsiverit,
2632 809 2913 853 accusator
2945 809 3122 852 autem
3154 813 3353 866 nequa-

1791 904 1952 958 quam
1981 891 2365 960 appareat,sed
2398 889 2657 960 aufugiat.
2691 891 2803 958 ipse
2828 900 3110 945 accusator
3138 905 3356 945 excom-

1797 981 2143 1034 municationi
2182 981 2519 1050 subjicietur.
2547 981 2750 1036 Idcirco
2789 983 2970 1051 itaque
3018 990 3361 1035 accusatores

1796 1071 2089 1124 examinari
2132 1072 2325 1127 debent
2362 1080 2415 1126 et
2445 1070 2617 1139 quoad
2661 1073 2914 1141 pietatem
2949 1083 3003 1126 ct
3037 1073 3214 1140 quoad
3245 1071 3364 1138 opi-

1799 1164 2043 1225 nionem;
2084 1174 2138 1218 et
2176 1165 2221 1218 si
2267 1166 2422 1235 ejecti
2477 1165 2607 1228 sint,
2638 1166 2703 1217 ad
2753 1165 3111 1221 ecclesiastici
3162 1164 3362 1234 negotii

1800 1257 2195 1309 accusationem
2237 1271 2338 1309 non
2370 1257 2725 1310 admittuntur

2258 1462 2419 1533 546
2446 1462 2672 1517 ΟΑΝΟΝ
2700 1461 2887 1515 XXIII.

1812 1594 1831 1626 ε
1871 1576 1927 1629 Si
1965 1577 2259 1647 presbyteri
2300 1588 2476 1629 autem
2510 1577 2591 1628 vel
2632 1577 2841 1629 diaconi
2870 1574 3110 1629 accusati
3146 1574 3371 1628 fuerint.

1880 1687 1898 1717 ε
1936 1668 2191 1735 adjuncto
2226 1667 2462 1736 legitimo
2503 1682 2727 1720 numero
2764 1667 3127 1721 electitiorum
3156 1666 3369 1732 episco-

1881 1779 1899 1809 ε
1954 1774 2141 1827 porum
2180 1775 2242 1813 ex
2290 1759 2610 1828 prepinquis
2655 1758 2986 1826 regionibus,
3022 1771 3159 1823 quos
3192 1756 3249 1816 ii.
3281 1756 3369 1823 qui

1874 1871 1891 1901 ε
1926 1863 2267 1914 accusantur,
2298 1831 2604 1917 petiverint,
2637 1850 2687 1901 id
2722 1860 2825 1912 est,
2867 1850 2918 1900 in
2963 1849 3220 1902 dilatione
3275 1862 3371 1900 no-

1875 1962 1891 1991 ε
1934 1943 2092 1996 minis
2142 1942 2439 2011 presbyteri
2493 1956 2611 1999 sex.
2651 1951 2704 1993 et
2734 1940 2943 1993 diaconi
2991 1940 3166 1992 tribus
3202 1954 3216 1990 :
3246 1952 3369 1991 eum

1878 2051 1896 2082 ε
1940 2033 2025 2087 his
2068 2035 2318 2102 proprius
2378 2041 2752 2085 accusatorum
2828 2030 3117 2096 episc0pns
3184 2041 3371 2079 eorum

1876 2145 1893 2176 ι
1925 2140 2114 2180 causas
2142 2124 2492 2185 exatninabit,
2529 2122 2713 2176 eadem
2743 2120 2946 2173 diermu
2975 2128 3027 2172 et
3057 2118 3372 2171 dilationum

1894 2234 1911 2265 ι
1953 2224 2007 2270 et
2027 2215 2485 2270 examinationum
2518 2222 2568 2266 et
2600 2226 2977 2278 personarum,
3032 2218 3378 2264 accusatores

1881 2328 1899 2359 ι
1939 2309 2079 2361 inter
2111 2317 2165 2361 et
2230 2321 2323 2361 eos
2373 2307 2463 2373 qui
2522 2312 2868 2365 accusantur,
2911 2302 3083 2355 forma
3138 2310 3371 2352 servata.

1882 2421 1898 2451 ε
1937 2401 2287 2467 Reliquorum
2327 2408 2504 2452 autem
2538 2397 2856 2451 clericorum
2886 2408 3082 2448 causas
3112 2392 3195 2446 vel
3226 2390 3376 2446 solus

1882 2513 1899 2544 ε
1936 2492 2219 2562 episcopus
2255 2490 2353 2545 loci
2386 2498 2643 2558 agnoscat
2671 2495 2722 2538 et
2753 2485 2921 2540 ﬁniet.
2964 2510 2981 2533 ν

1874 2779 2065 2834 Βιιιε.
2107 2778 2204 2831 llic
2239 2791 2453 2844 quoque
2504 2789 2696 2834 canon,
2750 2772 3004 2826 similiter
3061 2785 3123 2823 ac
3177 2781 3376 2836 prmcc-

1812 2870 1965 2930 deus,
2024 2865 2277 2919 videlicet
2329 2862 2625 2918 secundum
2693 2861 2910 2914 easdem
2978 2858 3378 2917 distinctiones.

1815 2958 2000 3012 statuit
2030 2966 2085 3009 ut
2114 2957 2425 3026 jndicentur
2470 2964 2524 3008 et
2569 2953 2866 3022 presbyteri
2902 2960 2954 3005 et
2979 2949 3213 3003 diaconi.
3248 2948 3382 3002 Cum

1816 3058 1991 3102 autem
2019 3046 2335 3100 undecimus
2376 3060 2548 3097 canon
2596 3044 2834 3105 definiat,
2873 3057 2903 3095 a
2933 3051 3063 3109 quot
3114 3038 3385 3105 episcopis

168 3127 472 3191 ἐπισκόποις
526 3130 802 3197 ὀφείλουσι
848 3132 1160 3196 δικάζεσθαι
1217 3134 1267 3185 οί
1315 3134 1619 3191 ἐπίσκοποι,
1661 3136 1706 3186 o!

1825 3140 2047 3193 debeant
2097 3136 2326 3206 judicari
2375 3136 2631 3201 episcopi,
2687 3132 2985 3202 presbyteri
3034 3138 3089 3183 et
3145 3129 3383 3190 diaconi,

168 3219 512 3287 πρεσϐύτεροι
564 3221 662 3273 καὶ
691 3223 742 3273 cI
786 3222 1039 3286 διάκονοι,
1073 3224 1197 3291 ἄρτι
1245 3224 1712 3292 παρακελεύονται

168 3309 208 3358 οἱ
246 3310 509 3376 Πατέρες,
543 3310 805 3363 ἐπέκεινα
841 3312 937 3379 τῆς
966 3314 1261 3375 δωδεκάδος
1288 3314 1387 3381 τῆς
1417 3314 1598 3377 ἑξάδος
1622 3314 1715 3365 καὶ

168 3397 254 3464 τῆς
284 3400 503 3467 τριάδος
535 3398 679 3465 εἶναι
710 3402 803 3455 τὸν
845 3404 1155 3473 πρόσφορον
1199 3404 1461 3475 ἐγχώριον
1492 3406 1714 3458 ἐπίσκο-

169 3507 257 3541 πον
276 3510 288 3523 ·
318 3496 445 3557 τοὺς
470 3495 530 3547 δέ
559 3500 709 3563 παρὰ
743 3496 983 3560 τούτους,
1016 3499 1182 3566 ἤγουν
1212 3490 1337 3561 τοὺς
1369 3499 1720 3566 ἀναγνώστας

172 3582 252 3633 καὶ
280 3583 401 3645 τοὺς
423 3583 673 3645 λοιποὺς,
710 3584 862 3651 παρὰ
909 3586 1025 3648 ἐνὸς
1060 3589 1153 3638 καὶ
1187 3588 1351 3653 μόνου
1401 3586 1494 3638 τοῦ
1548 3604 1719 3655 προσ-

172 3674 320 3741 φόρου
342 3676 647 3727 ἐπισκόπου
676 3675 1014 3737 δικάζεσθαι.
1066 3678 1346 3744 Αίρετικοὶ
1380 3676 1437 3728 δέ
1467 3677 1718 3741 λέγονται

172 3764 439 3819 ἐπίσκοποι
463 3766 590 3834 οὐχὶ
634 3767 681 3817 οί
721 3767 1099 3837 περιεχόμενοι
1150 3770 1207 3821 ἐν
1252 3769 1331 3834 τῷ
1366 3768 1409 3837 β’
1436 3766 1600 3835 τίτλῳ
1628 3765 1719 3818 τοῦ

173 3854 209 3915 ζ’
235 3852 431 3921 βιϐλίου
467 3858 581 3909 τῶν
604 3856 929 3915 Βασιλικῶν.
983 3859 1028 3910 οἱ
1064 3859 1200 3924 μετὰ
1250 3859 1445 3920 δόσεως
1496 3857 1718 3923 προστί-

176 3967 261 4015 μου
287 3951 608 4016 δικάζοντες
626 3995 641 4017 ,
672 3952 809 4006 ἀλλὰ

174 4043 482 4102 ἑπισιοόπων.

231 4157 463 4210 ZONAP.
524 4155 590 4208 '0
616 4156 716 4225 μὲν
754 4156 1009 4225 ἀνωτέρω
1034 4155 1215 4209 κανὼν
1247 4156 1372 4224 περὶ
1401 4157 1719 4210 ἐπισκόπων

173 4245 430 4313 διετάξατο
464 4248 964 4320 κατηγορουμένων
984 4266 997 4280 ·
1031 4240 1187 4310 οὗτος
1232 4248 1287 4301 δέ
1324 4249 1451 4317 περὶ
1482 4248 1719 4319 πρεσϐυ-

172 4338 323 4407 τέρων
350 4343 445 4394 καὶ
479 4342 748 4394 διακόνων
795 4341 1004 4407 ὁρίζει,
1054 4340 1149 4392 καί
1195 4357 1380 4408 φησιν,
1419 4340 1545 4394 Ἐάν
1589 4357 1714 4411 πρε-

1812 3243 1957 3281 nunc
1984 3228 2174 3295 jnbent
2221 3225 2430 3287 Patres,
2458 3236 2517 3277 ut
2549 3224 2689 3277 ultra
2721 3223 2999 3276 duodecim
3032 3235 3124 3274 sex
3149 3229 3201 3274 et
3252 3230 3383 3279 tres.

1815 3320 2108 3387 sitqnoque
2126 3317 2223 3370 loci
2243 3316 2695 3385 epise0pusju'lex
2720 3324 3062 3381 competens;
3086 3312 3177 3380 qui
3206 3321 3383 3364 autem

1818 3419 1941 3465 sunt
1979 3419 2173 3479 prazter
2195 3424 2310 3470 eos.
2346 3409 2574 3463 lectores
2619 3407 2827 3461 scilicet
2854 3417 2906 3459 et
2938 3405 3155 3473 reliqui,
3186 3405 3252 3457 ait
3279 3419 3384 3455 uno

1821 3499 1936 3553 solo
1962 3498 2286 3566 competenti
2310 3497 2560 3564 episcOpo
2581 3494 2911 3564 judicentur.
2946 3493 3174 3546 Electitii
3200 3503 3381 3545 autem

1818 3586 2072 3639 dicuntur
2105 3585 2368 3654 episcopi,
2422 3599 2524 3636 non
2569 3583 2659 3651 qui
2695 3584 2745 3634 iu
2783 3583 3020 3635 secundo
3055 3582 3137 3637 tit.
3166 3582 3257 3636 lib.
3314 3596 3387 3633 vn

1817 3674 2169 3728 Basilicarum
2197 3675 2560 3735 continentur,
2587 3673 2677 3741 qni
2703 3674 2911 3726 scilicet
2941 3687 3061 3725 cum
3090 3686 3263 3740 pmure
3296 3672 3390 3724 da-

1819 3769 1968 3822 timte
1994 3768 2269 3837 iudicant;
2302 3767 2391 3822 sed
2414 3781 2549 3836 quos
2579 3767 2737 3835 eliget
2768 3768 2812 3820 is
2847 3766 2938 3835 qui
2972 3775 3285 3823 accusatur,
3318 3779 3382 3816 ex

1825 3859 2170 3912 ﬁnitimarum
2212 3860 2489 3925 regionum
2515 3858 2802 3925 episcopis.

884 3951 975 4016 οὓς
1031 3953 1389 4024 αίρετίσεται,
1448 3955 1615 4023 ἧγουν
1686 3953 2013 4019 musam,
2074 3955 2103 4006 6
2176 3953 2651 4023 κατηγορούμενος
2713 3955 2774 4005 ἐκ
2829 3952 2938 4005 τῶν
2991 3951 3383 4021 πλησιοχώων

1898 4156 2145 4212 ZONAR.
2186 4156 2458 4225 Superiori
2498 4158 2713 4225 quidem
2757 4158 2822 4213 de
2856 4160 3139 4227 episcopis,
3170 4176 3258 4228 qm
3303 4176 3391 4212 ae-

1829 4256 2121 4308 cnsantur;
2169 4246 2269 4299 hoc
2294 4261 2423 4299 vero
2457 4262 2663 4301 canone
2708 4249 2772 4300 de
2815 4248 3141 4315 presbyteris
3184 4258 3239 4301 et
3275 4250 3391 4301 dia-

1826 4337 1978 4391 couis
2007 4336 2284 4390 deﬁnitum
2314 4356 2328 4391 :
2366 4338 2451 4401 Et,
2498 4337 2543 4390 si
2576 4337 2718 4403 quis,
2747 4338 2942 4402 inquit,
2991 4338 3268 4408 presbyter
3301 4350 3386 4393 aut

175 4430 407 4495 σόύτερος
438 4432 470 4501 ἢ
506 4431 757 4492 διάκονος
787 4431 1220 4499 κατηγορῶνται,
1254 4433 1281 4484 6
1309 4430 1602 4493 ἐπίσκοπος
1624 4431 1706 4482 αὑ-

1828 4427 2085 4479 diaconns
2119 4427 2169 4479 in
2210 4427 2470 4494 judicium
2502 4436 2720 4481 vocetur
2750 4426 2818 4480 ab
2876 4425 3118 4495 ipsorum
3180 4430 3387 4497 episco-

173 4521 284 4585 τῶν,
317 4522 732 4592 συνερχομένων
775 4520 923 4589 αὺτῷ
952 4522 1041 4573 καὶ
1075 4522 1279 4590 ἐτέρων
1306 4522 1618 4575 ἐπισκόπων
1657 4523 1706 4574 ἐι

1826 4534 1914 4585 po,
1976 4518 2093 4573 aliis
2135 4535 2198 4573 ex
2250 4520 2435 4572 eadem
2498 4519 2766 4586 provincia
2817 4518 3082 4585 episcopis
3107 4522 3157 4572 in
3208 4520 3386 4572 consi-

178 4610 257 4676 τῆς
290 4612 455 4679 αὐτῆς
477 4612 768 4682 ἐπαρχίας,
800 4610 861 4674 ἐξ
884 4610 979 4678 μὲν
1008 4611 1100 4664 ἐπὶ
1129 4611 1532 4681 πρεσϐυτέρων,
1553 4612 1706 4681 τριῶι

1825 4611 1950 4663 lium
2008 4610 2305 4673 advocatis,
2359 4625 2454 4663 sex
2504 4612 2555 4664 in
2605 4611 2926 4674 sacerdotis,
2974 4613 3144 4664 tribus
3182 4613 3231 4664 in
3282 4612 3385 4665 dia-

176 4698 222 4750 δέ
253 4703 338 4754 ἐπὶ
365 4703 658 4764 διακόνων,
718 4700 961 4766 ἐξετάσει
1007 4701 1106 4770 τὴν
1162 4702 1518 4771 κατηγορίαν.
1554 4704 1617 4755 Oi
1665 4701 1706 4754 δί

1825 4700 1943 4753 coni
1986 4698 2209 4766 judicio,
2250 4698 2528 4754 accusatio
2558 4700 2973 4753 examinabitur.
3013 4700 3260 4770 EpiscOpi
3292 4717 3386 4753 au-

178 4790 438 4843 ἑπίσκοποι
486 4786 602 4843 εἷεν
628 4790 716 4849 ἂν,
770 4789 865 4852 οὓς
894 4790 1255 4858 αἱρετίσονται
1290 4792 1339 4844 οἱ
1388 4792 1706 4862 κατηγορούε

1825 4799 1929 4844 tem
1965 4791 2081 4859 ejus
2106 4791 2195 4858 qui
2225 4800 2509 4845 accusatur
2533 4792 2757 4845 arbitrio
2787 4792 3087 4859 eligentur;
3115 4807 3207 4845 eos
3240 4808 3390 4844 nam-

181 4896 344 4944 μενοι⁸
384 4886 513 4944 τους
546 4882 658 4949 γάρ
703 4879 975 4942 τοιούτους
1009 4880 1174 4947 φησὶν
1206 4882 1231 4932 6
1277 4881 1455 4934 κανὼν
1510 4882 1706 4953 αἱρετι-

1825 4896 1924 4947 que
1959 4890 2235 4948 propterea
2288 4883 2622 4950 αίρετικοὺς.
2654 4882 2705 4934 id
2746 4892 2852 4947 est,
2892 4882 3153 4936 electitios
3212 4897 3387 4935 canon

179 4968 308 5031 κους,
339 4970 586 5023 τουτέστι
636 4969 766 5029 τοὺς
802 4969 1069 5037 αἱρετούς.
1096 4970 1176 5022 Τά
1204 4972 1248 5021 δ’
1280 4971 1433 5029 ἄλλα.
1462 4972 1557 5033 τὰς
1592 4989 1706 5041 προ

1825 4970 2077 5039 appellat.
2125 4968 2347 5037 Reliqua
2380 4985 2528 5035 vero,
2560 4973 2626 5023 de
2656 4971 3001 5039 praelinienda
3035 4970 3243 5023 scilicet
3279 4973 3386 5034 die,

180 5055 384 5125 θεσμίας
428 5060 581 5128 φημὶ
633 5058 730 5111 καὶ
775 5058 875 5121 τὰς
919 5060 1265 5129 ἐπιτιμήσεις
1298 5064 1389 5113 καὶ
1439 5062 1536 5115 ὅσα
1566 5064 1626 5115 ἐν
1654 5066 1706 5131 τῇ

1825 5060 1888 5113 de
1929 5062 2101 5127 poenis
2136 5061 2429 5123 solvendis.
2462 5072 2516 5114 et
2540 5076 2872 5130 quaecunque
2912 5062 2977 5115 de
3007 5062 3379 5130 episcoporum

183 5152 301 5202 κατά
323 5149 411 5202 τοῦ
443 5149 753 5203 ἐπισκόπου
793 5150 1018 5218 ζητήσει
1062 5151 1297 5217 είρηται,
1349 5152 1694 5221 φυλαχθησον

1825 5151 2119 5217 quaestione
2152 5149 2363 5205 decreta
2406 5159 2553 5214 sunt,
2594 5162 2895 5214 serventur,
2930 5151 3082 5203 utibi
3119 5152 3387 5206 constitu«

182 5253 285 5302 ται,
322 5240 498 5301 mea;
552 5240 672 5291 ἐκεί
726 5238 1096 5292 διατέτακται.
1159 5240 1239 5291 Τὰ
1286 5239 1342 5291 δέ
1374 5240 1482 5291 τῶν
1516 5242 1706 5293 λοιπῶι

1825 5250 1935 5293 tum
1971 5248 2073 5293 est.
2102 5238 2336 5293 Aliorum
2368 5255 2495 5295 vero
2522 5240 2842 5294 clericorum
2875 5253 3069 5293 causas
3111 5243 3192 5296 vel
3219 5242 3386 5295 solius

184 5329 433 5396 κληρικῶν
462 5330 769 5398 αἰτιάματα
808 5330 898 5379 καὶ
932 5329 1093 5395 μόνος
1140 5330 1167 5381 ό
1214 5330 1513 5393 ἐπίσκοπος
1542 5331 1706 5384 αύτῶι

1825 5331 2056 5400 cpiscOpi
2090 5331 2292 5399 proprii
2334 5332 2637 5401 cognitione
2678 5330 2991 5399 indicioque
3020 5331 3225 5385 deliniri
3275 5330 3387 5398 pla—

184 5419 358 5472 10:1:th
386 5420 670 5491 κληρικῶν
700 5419 997 5486 αἰτιάματα
1030 5422 1123 5474 καὶ
1150 5423 1309 5491 μόνος
1340 5422 1367 5472 6
1422 5422 1722 5491 ἐπίσκοπος
1824 5434 1925 5478 cet.

188 5510 337 5563 αὐτῶν
374 5513 617 5577 ἐξετάσει
648 5512 739 5564 καὶ
772 5512 1091 5577 περατώσει.

189 5601 376 5654 ΔΡΙΣΤ.
413 5622 430 5653 ι
453 5603 836 5673 Πρεσόυτέρου
870 5612 1361 5676 κατηγορουμένου,
1398 5607 1458 5669 ἒξ
1488 5608 1594 5660 τῶν
1622 5609 1717 5668 ἐγ-

1823 5602 2045 5659 AltlS'l‘.
2077 5622 2094 5654 ι
2128 5602 2443 5672 Presbytero
2476 5612 2755 5669 accusato,
2781 5616 2869 5656 sex
2894 5617 2923 5656 e
2949 5602 3138 5657 vicinis
3175 5601 3387 5670 cpisco‘

252 5710 268 5742 ι
300 5694 531 5765 γυτὲρων
564 5694 877 5746 ἐπισκόπων
906 5692 981 5763 τῷ
1016 5696 1265 5767 ἐγχωρίῳ
1296 5697 1716 5765 συνδιαγνώσον-

1901 5717 1915 5746 ε
1956 5696 2057 5764 pis,
2080 5710 2183 5748 una
2216 5710 2334 5749 cum
2356 5694 2525 5763 ipsius
2556 5694 2789 5764 regionis
2813 5694 3086 5764 episcopo,
3113 5709 3223 5749 rem
3248 5693 3387 5761 diju-
