3982 6464
577 345 678 412 115

1807 340 2084 401 THEOD.
2125 333 2522 399 BALSAMON

3680 323 3787 388 116

641 473 662 506 ε
703 455 952 511 dicabunt
982 473 998 511 :
1033 458 1260 512 diacono
1290 464 1488 518 autem.
1529 463 1658 510 tres.
1691 456 1821 521 Qua
1869 455 1935 510 ad
1983 452 2113 508 reii-

2292 465 2312 499 t
2345 461 2466 498 ταιο
2496 443 2742 497 διακόνου
2768 442 2846 505 δι,
2896 443 3062 510 τρεῖς.
3100 441 3180 495 Τά
3207 442 3264 496 δι
3303 457 3365 509 γε
3411 440 3516 494 τῶν
3569 439 3784 493 λοιπῶν

637 561 657 596 ι
691 559 824 613 quos
858 561 982 600 vero
1009 557 1253 614 spectant
1275 546 1515 610 clericos,
1542 545 1623 600 vel
1653 559 1790 600 unus
1829 545 2115 614 episcopus

652 654 671 687 ε
709 637 1054 691 examinabit.
1085 655 1104 688 ι

648 725 756 781 Ποο
790 736 842 780 et
871 728 921 780 in
963 726 1278 782 duodecimo
1323 742 1530 782 canone
1566 728 1781 790 dicitur,
1812 734 1871 780 ut
1907 722 2124 794 presby-

572 825 685 870 tero
732 828 998 877 accusata.
1024 833 1113 873 sex
1145 817 1378 887 episcopi
1406 834 1526 874 eum
1543 817 1878 884 iudicabunt,
1909 825 1962 868 et
1985 815 2125 867 inter

569 919 662 958 ens
720 905 880 956 etiam
930 906 1180 973 proprius
1249 907 1414 974 ipsius
1456 907 1740 972 episcopus
1800 916 2121 958 consensum

571 1007 723 1046 suum
760 992 1036 1058 praebebit.
1089 995 1321 1049 Diacono
1371 1004 1549 1050 autem
1600 1003 1872 1057 accusata,
1922 1000 2024 1043 tres
2072 996 2124 1042 et

570 1098 722 1136 suns.
751 1085 817 1136 At
847 1086 1035 1151 reliqui
1078 1102 1263 1140 omnes
1293 1087 1498 1148 clerici,
1531 1087 1624 1153 qui
1659 1093 1784 1138 sunt
1826 1083 1964 1136 infra
2005 1078 2124 1133 dia-

572 1187 758 1235 conos,
788 1183 839 1228 et
868 1190 896 1228 a
925 1175 1036 1228 solo
1069 1191 1167 1230 suo
1185 1178 1418 1250 ipsorum
1446 1175 1696 1243 episcopo
1717 1172 2117 1232 iudicabuntur,

572 1264 979 1332 quibuscunque
1002 1265 1316 1320 criminibus
1344 1271 1685 1319 accusentur.

1125 1435 1349 1493 CANON
1384 1438 1568 1494 XXIV.

586 1543 605 1576 ε
641 1525 898 1582 Similiter
921 1529 1141 1596 placuit,
1171 1540 1226 1583 ut
1269 1530 1360 1584 lilii
1388 1530 1702 1584 clericorum
1735 1529 2020 1597 gentilibus
2045 1527 2125 1580 \‘cl

644 1633 661 1667 t
694 1617 959 1671 btereticis
987 1619 1324 1672 matrimonio
1354 1633 1458 1672 non
1493 1618 1904 1688 conjungantur.
1951 1634 1963 1668 :

651 1702 845 1758 BALS.
872 1705 1108 1760 Gentiles
1133 1705 1217 1760 hic
1241 1717 1450 1776 oportet
1478 1709 1719 1763 infideles
1767 1707 2067 1776 intelligere
2105 1722 2119 1759 :

2299 555 2318 587 ι
2353 532 2626 604 κληρικῶν
2653 530 2748 585 καὶ
2787 531 2948 602 μόνος
2985 530 3224 595 ὶξετάσιι
3249 533 3278 584 ό
3305 530 3623 593 ιπίσκοπος.
3663 547 3682 580 ι

2294 713 2460 766 Τοῦτο
2491 711 2699 782 εῖρηται
2747 710 2841 764 καὶ
2887 715 2946 764 ιν
2993 708 3070 778 τῷ
3127 708 3410 779 δωδεκατῳ
3461 710 3663 774 κανόνι,
3700 710 3788 773 ὡς

2225 801 2590 872 πρεσϐυτέρου
2625 801 2723 870 μὲν
2751 800 3247 869 κατηγορουμένου,
3277 799 3335 865 ιε
3387 801 3674 853 ἐπίσκοποι
3704 801 3791 852 δι·-

2224 896 2478 946 κάσουσιν
2508 892 2687 955 αὐτὸν,
2723 893 2814 944 καὶ
2845 892 3098 944 inﬁxam
3125 890 3329 943 τούτων
3356 893 3448 943 καὶ
3476 893 3503 943 ὁ
3530 892 3662 954 ίδιος
3682 893 3789 944 αὖ·

2222 984 2318 1036 τοῦ
2350 984 2766 1050 συνδιαγνώμων
2817 983 2968 1034 ἔσται
3019 984 3353 1043 επίσκοπος·
3413 980 3659 1034 διακόνου
3700 981 3786 1043 δὲ,

2224 1075 2372 1141 τρεῖς
2419 1075 2508 1124 καὶ
2547 1075 2574 1121 ὁ
2627 1073 2776 1134 ίδιος.
2802 1072 2864 1124 Οί
2894 1072 2950 1124 δὲ
2996 1070 3170 1123 λοιποὶ
3201 1071 3398 1133 πάντες
3428 1071 3680 1140 κληρικοὶ
3736 1072 3786 1123 oi

2226 1163 2469 1216 κάτωθεν
2514 1162 2664 1222 ὅντες
2717 1162 2822 1214 τῶν
2872 1161 3138 1214 διακόνων
3173 1163 3442 1231 καὶπαρά
3488 1164 3652 1230 μόνου
3685 1163 3792 1216 τοῦ

2229 1252 2355 1304 ἰδίου
2385 1252 2559 1305 αὐτῶν
2591 1253 2887 1306 ἑπισκόπου
2938 1251 3310 1322 κριθήσονται,
3360 1254 3445 1322 ιφσ
3479 1249 3562 1317 οἷς
3593 1253 3660 1309 ἂν
3690 1257 3785 1308 αἰ-

2224 1339 2440 1393 τιῶνται
2470 1341 2635 1412 ἐγκλή
2645 1359 2800 1411 μασι.

2817 1433 3051 1487 ΚΑΝΩΝ
3082 1434 3208 1487 KA'.

2230 1542 2248 1572 ε
2302 1522 2530 1590 Ὁμοίως
2563 1523 2776 1590 ἤρεσεν,
2807 1520 2945 1574 ὥστε
2976 1523 3141 1575 τέκνα
3169 1523 3276 1574 τῶν
3305 1522 3582 1592 κληρικῶν
3627 1525 3782 1576 ἐθνι-

2299 1634 2316 1667 t
2353 1619 2460 1677 κοῖς
2487 1617 2519 1686 ἢ
2547 1617 2842 1684 αίρετικοίς
2870 1615 3122 1683 γαμικῶς
3156 1617 3231 1684 μὴ
3263 1617 3647 1670 συνάπτεσθαι.
3683 1636 3703 1668 ι

2297 1705 2483 1757 ΒΛΛΣ.
2536 1704 2809 1766 Ἐθνικοῦς
2858 1703 3091 1756 ἐνταῦθα
3156 1703 3282 1764 τοὺς
3338 1703 3598 1766 ἀπίστους
3642 1709 3793 1758 νοεῖν

574 1793 763 1863 siquis
815 1797 955 1849 enim
981 1799 1194 1866 gentilis
1237 1808 1319 1854 est
1365 1800 1554 1863 fidelis,
1607 1814 1711 1853 non
1754 1798 2123 1867 prohibebitur

2232 1795 2318 1848 δεῖ.
2353 1796 2414 1846 El
2437 1794 2544 1865 γάρ
2577 1812 2657 1856 τις
2679 1794 2885 1855 ὲονικός
2918 1795 3030 1846 ιστι
3060 1793 3268 1856 πιστὸς,
3295 1794 3357 1845 οὐ
3403 1794 3805 1861 κωλυθήσεται’

573 1897 695 1934 eum
727 1883 906 1938 clerici
937 1886 1039 1939 ﬁlia
1077 1888 1348 1956 canjnngi.
1396 1888 1538 1954 Lege
1562 1888 1900 1942 'Laodicenaa
1930 1887 2119 1955 synodi

573 1982 830 2023 canonem
861 1971 950 2035 3i,
986 1971 1432 2029 Chalcedonensis
1482 1988 1740 2028 canonem
1767 1973 1831 2028 η
1861 1972 2122 2042 etsynodi

577 2056 629 2108 in
663 2055 842 2113 Trullo
875 2074 1129 2114 canonem
1177 2061 1244 2114 7'2
1269 2069 1322 2116 et
1367 2076 1484 2130 qua:
1530 2063 1584 2117 in
1619 2061 1696 2116 eis
1741 2062 1938 2130 scripta
1979 2068 2123 2114 sunt.

637 2237 878 2293 ZONAll.
930 2241 1139 2294 Ethnici
1172 2242 1273 2296 hoc
1320 2242 1700 2297 locoinlideles
1726 2241 2120 2310 intelliguntur.

580 2329 836 2383 Etlmicus
873 2345 1099 2398 namque
1149 2331 1316 2386 ﬁdelis
1360 2333 1538 2386 clerici
1591 2331 1748 2386 liliam
1789 2332 1890 2386 sibi
1938 2331 2123 2383 tnatri-

581 2422 756 2471 monio
811 2421 1030 2488 iungere
1085 2422 1222 2472 haud
1283 2423 1566 2474 vetabitur.
1621 2419 1751 2472 Vide
1811 2417 2124 2471 Laodicenae

577 2508 762 2574 synodi
790 2522 1047 2561 canonem
1072 2509 1158 2570 3i,
1188 2507 1640 2562 Chalcedonensis
1671 2508 1934 2560 decimum
1959 2521 2119 2572 quar-

577 2608 710 2659 tum,
743 2606 793 2648 et
817 2599 999 2666 synodi
1044 2599 1094 2650 in
1127 2599 1310 2651 Trullo
1343 2598 1796 2666 septuagesimum
1827 2596 2119 2650 secundum

574 2695 624 2739 el
657 2702 773 2754 qua!
798 2688 846 2739 in
889 2687 1237 2752 explicatione
1274 2689 1577 2740 eorumdem
1615 2687 1948 2753 scripsimus.

575 2776 730 2847 547
767 2775 1033 2829 AlllST.t
1079 2777 1356 2830 liazreticis
1405 2784 1459 2828 et
1514 2776 1744 2828 ethnicis
1804 2777 2120 2829 clericorum

648 2885 666 2916 ι
709 2869 860 2920 liberi
895 2868 1237 2922 matrimonio
1268 2883 1370 2920 non
1403 2867 1850 2936 conjunguntur.)

644 2958 748 3011 Sed
785 2972 882 3010 nec
916 2959 1168 3010 laicorutn
1219 2958 1373 3010 liberi
1421 2959 1682 3011 haereticis
1713 2958 1763 3011 in
1799 2957 2122 3013 matrimonii

576 3046 1002 3099 cemtnnuionem
1040 3045 1450 3113 coniunguntur.

1138 3128 1363 3182 CANON
1397 3127 1557 3181 XXV.

584 3239 602 3271 ι
689 3219 755 3274 Ut
785 3218 1017 3287 episcOpi
1065 3227 1118 3271 et
1152 3219 1327 3272 Clerici
1363 3218 1412 3270 in
1465 3223 1566 3269 non
1616 3217 1942 3271 orthodoxos
1977 3217 2132 3271 Chri-

653 3329 672 3360 r
713 3311 918 3363 stianos
969 3309 1099 3361 nihil
1149 3307 1432 3361 conferant
1460 3324 1473 3360 :
1501 3317 1552 3361 et
1589 3306 1634 3360 si
1671 3309 1776 3360 sint
1817 3307 1991 3361 adhuc
2037 3323 2131 3360 co-

652 3419 670 3450 r
701 3401 866 3468 gnati,
892 3399 1021 3453 nihil
1047 3414 1136 3467 per
1161 3415 1372 3451 suarum
1400 3413 1572 3452 rerum
1599 3400 1958 3464 donationem,
1979 3406 2034 3451 ut
2055 3397 2131 3451 di-

652 3511 670 3544 ‹
706 3505 849 3545 ctum
880 3500 982 3555 est,
1004 3489 1237 3559 episcopi
1271 3489 1352 3544 vel
1383 3489 1563 3543 clerici
1588 3489 1638 3541 in
1672 3503 1761 3542 cos
1778 3487 2056 3543 conferant
2105 3507 2122 3540 ι

647 3665 837 3719 BALS.
892 3663 1133 3719 limretici
1178 3665 1390 3733 quidem
1422 3664 1692 3728 dicuntur,
1727 3663 1820 3732 qui
1867 3664 1932 3717 de
1965 3665 2123 3718 rebus

579 3760 1007 3815 Christianorum
1043 3774 1147 3811 non
1181 3767 1329 3811 recte
1359 3759 1595 3812 sentiunt
1623 3776 1635 3811 :
1665 3758 1905 3813 inﬁdeles
1931 3769 2126 3837 autem.

580 3851 668 3919 qui
700 3851 1030 3902 incarnatam
1059 3845 1220 3900 Verbi
1262 3846 1352 3901 Dei
1393 3852 1747 3901 ceconomiam
1777 3849 1994 3902 omnino
2022 3863 2125 3901 non

579 3939 824 3992 credunt.
871 3937 1006 3989 Dicit
1051 3950 1174 4006 ergo
1211 3952 1399 4001 canon,
1440 3937 1641 3990 nullum
1693 3938 1994 4007 episcopum
2045 3938 2126 3990 Vt'i

585 4029 860 4093 clericum,
917 4024 1124 4081 ratione
1177 4027 1331 4094 legati
1381 4027 1466 4080 vel
1516 4028 1863 4092 baereditatis,
1917 4028 1982 4081 iis
2033 4031 2124 4096 qui

581 4130 704 4176 sant
731 4119 989 4187 ejusmodi
1018 4118 1209 4170 debere
1259 4117 1547 4184 quidquam
1580 4117 1904 4184 relinquere,
1933 4117 2127 4169 etiame

581 4212 626 4265 si
677 4211 783 4263 sint
831 4209 950 4278 ejus
990 4208 1197 4275 cognati
1233 4225 1246 4260 :
1278 4208 1370 4260 sed
1408 4222 1578 4275 neque
1608 4208 1657 4259 in
1709 4208 1813 4259 vita
1862 4222 1973 4260 rem
2006 4222 2127 4274 pro-

582 4306 748 4372 priam
782 4302 884 4355 illis
915 4304 1056 4354 dare.
1089 4299 1226 4369 Lege
1279 4314 1537 4353 canonem
1572 4299 1638 4353 85
1670 4301 1944 4366 praesentis
1969 4315 2126 4368 syno-

579 4395 651 4456 di,
681 4403 732 4445 et
761 4393 852 4444 lib.
884 4391 1092 4444 Basilic.
1131 4388 1403 4455 xxxv,:tit.
1430 4391 1482 4454 8,
1511 4404 1628 4457 cap.
1657 4389 1746 4454 38,
1775 4392 1915 4458 quod
1945 4392 2120 4455 docet,

583 4498 685 4536 non
727 4482 922 4535 debere
967 4479 1104 4531 filios
1142 4481 1422 4532 haereticos
1463 4481 1766 4547 parentibus
1811 4483 2123 4544 succedere,

582 4573 660 4628 vel
702 4581 907 4625 contra.
951 4569 1012 4622 Et
1047 4569 1139 4622 lib.
1189 4569 1346 4637 primi
1381 4570 1459 4621 tit.
1493 4571 1684 4636 primo,
1713 4573 1920 4622 diversa
1954 4574 2126 4638 capita

579 4663 827 4726 dicentia,
858 4677 959 4714 non
986 4662 1155 4714 solum
1188 4659 1432 4720 clericos.
1470 4661 1560 4712 sed
1588 4670 1641 4712 et
1665 4661 1829 4713 laicos
1863 4661 2124 4728 impediri,

575 4755 862 4821 quominus
915 4757 980 4806 ad
1031 4754 1311 4806 haereticos
1360 4753 1443 4806 vel
1495 4752 1734 4806 inﬁdeles
1787 4769 1903 4821 quae
1957 4755 2023 4806 ad
2072 4767 2129 4806 se

578 4846 845 4912 pertinent
870 4845 1346 4911 quomodoeunque
1372 4846 1758 4909 transmittant;
1785 4845 2123 4899 undecimum

576 4945 751 4986 autem
787 4948 906 5001 cap.
946 4934 1025 4988 tit.
1069 4934 1122 4988 5.
1155 4935 1243 4986 lib.
1293 4949 1324 4983 ν
1369 4933 1586 4988 Basilic.
1632 4936 1800 4988 dicit:
1850 4935 2032 5002 Neque
2061 4951 2124 4991 ex

578 5023 857 5076 locatione.
888 5038 1058 5090 neque
1083 5037 1147 5076 ex
1173 5023 1724 5097 empbyteusi,neque
1747 5039 1808 5077 ex
1835 5026 2124 5092 emptione,

576 5112 655 5164 vel
689 5111 790 5164 ulla
827 5113 930 5165 alia
985 5114 1213 5172 ratione,
1250 5113 1442 5166 debere
1483 5113 1764 5166 haereticos
1795 5113 1898 5166 ulla
1931 5115 2124 5167 immo-

578 5201 700 5255 bilia
732 5217 795 5256 ex
829 5203 1016 5271 quavis
1055 5201 1280 5256 ecclesia
1329 5203 1411 5256 vel
1441 5218 1502 5256 ex
1533 5203 1635 5256 alio
1671 5205 1959 5257 venerabili
2007 5205 2123 5258 loco

577 5293 838 5358 accipere.
878 5292 941 5344 Et
972 5294 1202 5358 ejusdem
1241 5293 1335 5347 lib.
1373 5301 1425 5346 et
1471 5295 1553 5348 tit.
1585 5308 1634 5346 et
1669 5310 1788 5363 cap.
1821 5295 1994 5348 thema
2046 5297 2120 5350 ὃς

577 5384 632 5437 Si
686 5384 1036 5444 onbodoxm,
1087 5383 1293 5436 habens
1341 5384 1730 5459 possessionem
1781 5386 1830 5437 iu
1881 5400 1983 5454 qua
2043 5396 2123 5440 est

578 5484 762 5527 sancta
796 5475 1034 5536 ecclesia,
1073 5488 1190 5525 eam
1234 5474 1299 5527 ad
1363 5473 1631 5527 infidelem
1679 5475 1760 5528 vel
1807 5479 2125 5544 simpliciter

581 5566 910 5627 licerelicmn,
967 5564 1154 5630 quavis
1207 5565 1412 5618 ratione
1467 5567 1844 5630 transmiserit,
1900 5567 2122 5622 ecclesia

577 5655 817 5723 ejusdem
880 5653 980 5706 vici
1040 5653 1278 5707 eamdem
1339 5655 1616 5709 ecclesiam
1674 5657 1923 5711 Vindicet.
1989 5650 2118 5714 Cum

2154 3104 2203 3167 ο

2225 1884 2562 1952 συνοφθῆναι
2611 1880 2873 1952 κληρίκοῦ
2929 1881 3178 1950 θυγατρί.
3243 1881 3540 1947 Ἀνάγνωθι
3593 1884 3690 1951 τῆς
3726 1884 3788 1935 ιν

2225 1977 2513 2043 Λαοδικείᾳ
2538 1975 2758 2026 συνόδου
2794 1975 2996 2026 κανόνα
3023 1972 3104 2024 λα’
3126 1973 3224 2040 τῆς
3246 1975 3303 2026 ὲν
3343 1972 3648 2041 Χαλκηδόνι
3677 1993 3791 2028 κα-

2224 2066 2348 2117 νόνα
2387 2064 2466 2127 ιδ’,
2490 2065 2584 2117 καὶ
2611 2064 2710 2131 τῆς
2737 2066 2794 2115 ὲν
2823 2063 2900 2133 τῷ
2925 2063 3179 2134 Τρούλλῳ
3211 2064 3410 2117 κανόνα
3461 2062 3559 2134 οβ’,
3597 2065 3693 2120 καὶ
3717 2066 3793 2120 τὰ

2224 2156 2279 2206 ὲν
2303 2153 2512 2213 τούτοις
2543 2153 2847 2220 γραφέντα.

2293 2243 2532 2298 ΖΩΝΑΡ.
2588 2243 2866 2301 Ἐηνικοὺς
2906 2242 3140 2296 ἐνταῦθα
3184 2242 3310 2306 τοὺς
3339 2243 3605 2306 ἀπίστους
3638 2245 3788 2296 νοεῖν

2223 2333 2321 2386 δεῖ.
2368 2335 2429 2386 Ei
2460 2336 2564 2402 γάρ
2597 2334 2806 2396 ὲθνικός
2851 2351 2932 2396 τις
2959 2334 3147 2398 πιστὸς
3205 2331 3260 2406 ᾖ,
3293 2337 3353 2388 ού
3406 2335 3792 2405 κωλυθήσεται

2227 2425 2563 2492 συναφοῆναι
2603 2423 2866 2494 κληρικοῦ
2922 2425 3169 2494 θυγατρί,
3212 2425 3512 2492 ’Δνάγνωθι
3555 2426 3790 2492 καὶτῆς

2225 2515 2280 2566 ἑν
2309 2514 2592 2583 Λαοδικείᾳ
2618 2514 2814 2566 κανόνα
2863 2513 2964 2575 λα’,
3001 2517 3091 2567 καὶ
3118 2516 3215 2580 τῆς
3242 2517 3298 2567 ὲν
3331 2514 3633 2583 Χαλκηδόνι
3689 2514 3782 2574 ιδ’,

2225 2603 2317 2656 καὶ
2341 2604 2437 2670 τῆς
2468 2604 2524 2655 ὲν
2551 2601 2628 2670 τῷ
2650 2602 2898 2672 Τρούλλῳ
2929 2602 3033 2672 οβ’,
3066 2605 3157 2656 καὶ
3191 2604 3291 2656 ὅσα
3313 2605 3370 2656 ἑν
3399 2604 3582 2665 αὐτοῖς
3611 2602 3787 2671 ἐγρά-

2227 2709 2430 2760 φησαν.

2223 2782 2439 2836 ΑΡΙΣΤ.
2479 2801 2496 2832 t
2537 2785 2842 2849 Αίρετικοῖς
2876 2785 2970 2838 καὶ
3016 2785 3247 2848 ὲθνικοῖς
3299 2785 3464 2837 τέκνα
3500 2784 3785 2854 κληρικῶν

2303 2891 2319 2922 t
2368 2875 2425 2923 οὐ
2460 2873 2841 2927 συνάπτονται.
2879 2893 2896 2924 ›

2307 2963 2445 3015 Ἀλλ’
2492 2964 2609 3015 οὐδὲ
2652 2965 2856 3018 λαῖκῶν
2905 2966 3090 3029 παῖδες
3137 2967 3432 3035 αίρετικοῖς
3482 2966 3561 3028 είς
3606 2965 3790 3035 γάμου

2230 3054 2511 3106 κοινωνίαν
2546 3055 2926 3110 συνάπτονται.

2813 3146 3049 3198 ΚΑΝΩΝ
3081 3147 3206 3198 KE’.

2243 3251 2260 3284 ι
2310 3233 2469 3285 Ὥστε
2502 3236 2626 3296 τοὺς
2649 3237 2977 3297 ἐπισκόπους
3000 3238 3090 3289 καὶ
3117 3238 3240 3295 τοὺς
3267 3236 3556 3305 κληρικοῦς
3581 3238 3793 3306 μηδένα

2312 3342 2330 3373 ‹
2377 3326 2713 3390 συνεισάγειν
2745 3329 2854 3388 τοῖς
2892 3327 2964 3394 μὴ
2997 3326 3297 3395 όρθοδόξοις
3327 3328 3701 3396 Χριστιανοῖς·
3738 3331 3791 3382 εί

2309 3433 2327 3466 t
2372 3415 2464 3466 καὶ
2511 3419 2789 3481 συγγενεῖς
2840 3417 2916 3468 ἑτι
2953 3419 3055 3485 μὴν
3080 3411 3232 3480 ὦσιν,
3272 3418 3434 3484 μηδὲν
3463 3418 3548 3470 διὰ
3578 3419 3792 3486 δωρεᾶς

2310 3524 2328 3555 r
2377 3506 2479 3558 τῶν
2505 3508 2718 3557 οἰκείων
2758 3507 3116 3573 πραγμάτων,
3144 3507 3217 3567 ὼς
3247 3505 3480 3575 εῖρήται,
3514 3509 3640 3570 τοὺς
3667 3511 3790 3560 ἑπι-

2310 3613 2327 3645 t
2372 3596 2605 3655 σκόπους
2639 3595 2669 3663 ἢ
2703 3594 2996 3663 κληρικοὺς
3023 3595 3228 3657 τούτοις
3261 3596 3616 3661 συνεισάγειν.
3656 3615 3673 3646 ι

2301 3687 2498 3740 ΒΑΛΣ.
2529 3687 2803 3754 Αίρετικοὶ
2853 3685 2953 3753 μὲν
2995 3685 3240 3753 λέγονται
3273 3689 3322 3740 oi
3367 3697 3440 3756 μη
3470 3687 3790 3752 δοξάζοντες

2229 3774 2402 3842 ὀρθῶς
2433 3775 2500 3826 τά
2532 3775 2636 3826 τῶν
2666 3773 3003 3840 Χριστιανῶν
3029 3791 3042 3804 ⁸
3077 3776 3294 3828 ἄπιστοι
3322 3774 3377 3827 δὲ
3403 3776 3451 3827 oi
3483 3775 3619 3842 μηδὲ
3649 3776 3788 3838 ὅλως

2230 3864 2576 3924 πιστεύοντες
2615 3864 2712 3931 τὴν
2743 3862 3007 3930 ἔνσαρκον
3055 3863 3368 3932 οἰκονομίαν
3393 3863 3487 3917 τοῦ
3517 3865 3650 3915 Θεοῦ
3683 3865 3791 3917 Λό-

2227 3969 2344 4020 γου.
2376 3953 2512 4021 Φησὶ
2542 3951 2672 4018 γοῦν
2700 3954 2726 4003 ό
2761 3949 2938 4004 κανὼν
2971 3953 3172 4019 μηδένα
3199 3953 3497 4004 ἐπίσκοπον
3527 3953 3557 4021 ἢ
3590 3954 3783 4022 κληριο

2227 4043 2318 4094 κὸν
2351 4042 2490 4094 κατὰ
2526 4042 2687 4107 νόμου
2717 4040 2944 4108 λεγάτου
2973 4041 3002 4110 ἢ
3044 4041 3407 4110 κληρονομίας
3435 4043 3786 4109 καταλιμπά-

2225 4148 2336 4184 νειν
2368 4134 2478 4190 τοῖς
2529 4130 2782 4199 τοιούτοις
2817 4131 2875 4182 τὸ
2905 4129 3103 4192 ὁτιοῦν,
3138 4130 3244 4183 κᾶν
3277 4133 3560 4198 συγγενεῖς
3616 4132 3784 4184 αὑτοῦ

2225 4214 2392 4271 ὦσινο
2441 4220 2574 4273 ἀλλά
2627 4221 2758 4289 μηδὲ
2801 4219 3086 4288 δωρεῖσθαι
3120 4220 3301 4280 αὐτοῖς
3339 4222 3393 4272 ἐν
3427 4220 3537 4287 ζωῇ
3583 4223 3781 4272 οικεῖον

2227 4313 2478 4381 πρᾶγμα.
2523 4310 2857 4377 Ἀνάγνωσον
2887 4308 2976 4361 τὸν
3016 4314 3106 4372 πγ’
3147 4309 3344 4360 κανόνα
3371 4311 3470 4376 τῆς
3499 4312 3786 4379 παρούσης

2229 4401 2468 4463 συνόδου,
2520 4402 2611 4452 καὶ
2658 4399 2857 4469 βιϐλίον
2908 4399 3013 4450 τῶν
3068 4399 3374 4451 Βασιλικῶν
3412 4397 3482 4450 λε’
3515 4399 3695 4451 τίτλου
3735 4401 3788 4469 η’

2229 4509 2352 4558 κεφ.
2384 4488 2463 4560 λη’
2494 4490 2741 4543 διδάσκον
2777 4489 2849 4557 μὴ
2882 4487 3120 4556 ὀφείλειν
3153 4488 3606 4556 κληρονομεῖσθαι
3656 4489 3788 4550 τοὺς

2227 4584 2403 4649 γονεῖς
2437 4581 2587 4649 παρὰ
2615 4577 2903 4644 αἱρετικῶν
2939 4577 3162 4636 παίδων,
3200 4576 3231 4646 ἢ
3293 4578 3603 4628 τούναντίον
3626 4593 3639 4606 ·
3688 4580 3788 4629 καὶ

2232 4664 2432 4740 βιϐλίου
2487 4671 2532 4723 α’
2574 4670 2752 4721 τίτλου
2785 4666 2831 4720 α’
2865 4668 3136 4736 κεφάλαια
3166 4668 3396 4737 διάφορα
3432 4667 3661 4733 λέγοντα
3705 4670 3784 4739 μὴ

2233 4760 2391 4828 μόνον
2437 4759 2748 4827 κληρικοὺς,
2800 4757 2935 4810 ἀλλὰ
2993 4759 3082 4810 καὶ
3124 4756 3342 4818 λαῖκοὺς
3393 4755 3783 4824 ἐμποδίζεσθαι

2231 4851 2367 4920 πρὸς
2395 4850 2698 4918 αἱρετικοὺς
2732 4849 2761 4916 ἦ
2793 4850 3054 4908 ἀπίστους
3103 4847 3453 4912 ὁπωσδήποτε
3489 4849 3785 4915 παραπέμ-

2229 4958 2351 4994 πειν
2404 4940 2471 4991 τά
2518 4939 2723 5001 τούτοις
2772 4939 3117 5006 διαφέροντα.
3161 4938 3232 4991 Τὸ
3277 4938 3332 4989 δὲ
3387 4943 3456 4992 ια’
3484 4938 3784 5004 κεφάλαιον

2228 5031 2318 5084 τοῦ
2372 5037 2418 5097 γ’
2467 5031 2644 5082 τίτλου
2691 5029 2779 5081 τοῦ
2814 5026 2853 5080 ε’
2882 5028 3086 5098 βιϐλίου
3137 5029 3244 5080 τῶν
3286 5029 3590 5080 Βασιλικῶν
3629 5029 3783 5095 λέγει

2232 5123 2366 5190 μήτε
2418 5120 2555 5171 κατὰ
2605 5118 2870 5186 μίσθωσιν
2905 5121 3042 5187 μήτε
3094 5122 3234 5169 κατά
3268 5117 3601 5183 ὲμφύτευσιν
3639 5121 3784 5188 μήτε

2228 5213 2347 5264 κατ’
2420 5209 2681 5274 ἐξώνησιν
2731 5209 2761 5278 ἦ
2812 5209 2967 5262 ἄλλον
3049 5208 3245 5276 τρόπον
3302 5210 3421 5259 τινὰ
3483 5209 3785 5272 λαμϐάνειν

2227 5303 2349 5363 τοὺς
2396 5301 2698 5368 αίρετικοὺς
2744 5299 2975 5366 ἀκίνητα
3032 5297 3307 5366 οίαδὴτινα
3366 5298 3423 5364 εξ
3482 5298 3784 5366 ἐκκλησίας

2226 5390 2366 5451 τινὸς
2392 5390 2423 5457 ἢ
2451 5388 2606 5440 ἄλλου
2637 5388 2927 5454 σεὸασμίου
2955 5387 3121 5438 οἴκου·
3151 5388 3241 5437 καὶ
3264 5384 3358 5438 τοῦ
3385 5385 3548 5444 αὑτοῦ
3573 5387 3784 5456 βιϐλίου

2227 5485 2320 5536 καὶ
2346 5481 2524 5533 τίτλου
2577 5481 2668 5532 καὶ
2713 5495 2835 5546 κεφ.
2871 5478 3008 5545 Θέμα
3038 5483 3107 5544 γ’.
3151 5477 3274 5528 Ἐὰν
3308 5477 3608 5546 όρθόόοξος,
3641 5481 3785 5549 ἔχων

2230 5573 2416 5634 κτῆσιν
2443 5573 2498 5620 ἐν
2588 5572 2732 5621 ἐστιν
2763 5569 2893 5637 άγίσ⁴
2921 5567 3239 5636 Ἐκκλησία,
3268 5569 3623 5636 παραπέμψει
3653 5573 3785 5625 ταύ-

2228 5681 2324 5730 την
2356 5661 2474 5716 καθ’
2505 5661 2800 5730 οἰονδήτινα
2854 5661 3049 5727 τρόπον
3089 5658 3299 5726 ἀπίστῳ
3334 5657 3364 5721 ἢ
3399 5657 3584 5722 ἁπλῶς
3623 5665 3779 5733 αἶρε-
