3982 6460
586 322 683 383 119

660 456 677 488 ι
728 439 981 504 cujusque
1026 441 1256 503 regionis
1332 432 1600 502 episcopi;
1631 431 1733 484 hoc
1774 437 1876 491 est,
1912 427 2009 481 nisi
2046 423 2110 474 ab
2146 425 2183 477 Α

658 548 674 576 ι
723 530 834 592 ipso
848 525 1069 590 pritnale
1086 539 1206 591 praet
1226 523 1345 591 ipue
1362 521 1774 588 acceperit‘eatn,
1792 532 1910 586 quae
1923 516 2116 567 dicitur

658 638 673 666 ι
729 614 1051 676 diutissoria,
1106 599 1390 667 formatam
1464 611 1546 664 vel
1576 608 2114 665 commendationem.

654 789 843 843 BALS.
878 789 1151 854 Quomodo
1190 789 1419 857 episcopi
1449 787 1674 841 debeant
1704 798 1927 854 peregre
1960 780 2119 849 proti-

583 884 710 937 eisci
742 884 805 935 ab
839 882 938 945 eis,
986 895 1103 947 qua:
1149 881 1266 933 illos
1308 879 1509 932 sortita:
1540 887 1687 939 sunt,
1738 874 2001 934 ecclesiis,
2041 873 2119 925 di-

580 985 718 1025 ctum
770 982 852 1024 est
904 971 954 1023 in
1006 986 1210 1023 canone
1262 968 1578 1036 apostolico.
1629 966 1713 1030 14,
1749 966 1812 1019 15
1847 964 2025 1025 e135;
2066 962 2116 1013 in

578 1063 889 1114 Antiochen.
910 1062 1097 1129 synotl.
1118 1060 1241 1129 7.78,
1265 1070 1315 1113 et
1339 1060 1389 1111 ll
1421 1076 1434 1121 ;
1458 1058 1507 1110 in
1524 1074 1636 1127 syn.
1661 1056 1824 1109 Laud.
1853 1056 1911 1108 41
1944 1064 1992 1105 et
2016 1053 2115 1115 ης

578 1153 630 1205 in
650 1128 975 1206 Chalcedon.
1000 1151 1092 1212 l5;
1121 1128 1179 1202 iri
1198 1150 1404 1202 Sardic.
1436 1148 1571 1213 5,16
1592 1157 1643 1202 et
1666 1147 1726 1200 l7
1746 1165 1760 1211 ;
1780 1155 1831 1197 ct
1857 1144 2121 1197 sufﬁciunt

577 1258 693 1309 quae
724 1244 775 1294 in
800 1242 833 1295 il
856 1241 900 1295 is
916 1243 1107 1308 scripta
1135 1240 1424 1293 sont.Cum
1461 1250 1635 1293 autem
1675 1238 1823 1290 audis
1860 1247 2116 1286 canonem

576 1332 860 1395 dicentem,
896 1347 1013 1385 cum
1048 1333 1264 1385 decreto
1298 1347 1391 1384 scu
1426 1330 1731 1397 cognitione
1776 1325 1953 1394 primi,
2007 1322 2115 1375 sci-

577 1420 700 1475 licet
729 1424 1140 1490 metrOpolitani,
1172 1422 1366 1475 debere
1396 1422 1697 1489 episcopum
1749 1432 1970 1487 peregre
2001 1430 2119 1483 pro-

577 1512 737 1566 ficisci
762 1552 777 1576 ,
811 1529 874 1565 ne
905 1514 1101 1565 dixeris
1132 1513 1247 1577 ejus
1275 1512 1441 1565 solius
1467 1510 1824 1579 cognitionem
1856 1506 2116 1567 sullicere,

578 1603 668 1654 sed
720 1613 773 1657 et
819 1604 1079 1657 universae
1126 1604 1242 1672 ejus
1275 1601 1457 1673 synodi
1512 1616 1633 1656 esse
1664 1602 1836 1655 adhuc
1873 1612 2119 1652 necessa-

576 1694 705 1745 riam
760 1695 1109 1758 sententiant;
1166 1705 1224 1747 ut
1262 1695 1371 1747 \‘nlt
1418 1707 1590 1745 canon
1650 1692 1707 1745 Η
1769 1691 2116 1743 Antiochenam

571 1783 775 1850 synodi.
821 1782 1107 1849 Propterea
1167 1785 1309 1838 enim
1379 1785 1567 1837 canoni
1637 1782 1886 1849 adjicitur
1946 1780 2109 1832 illud:

575 1872 931 1923 necessariam
967 1871 1177 1936 quidem
1226 1886 1344 1926 esse
1387 1873 1711 1939 reliquorum
1747 1883 1955 1937 quoque
2004 1867 2113 1935 cpi—

568 1974 853 2027 scopomm
924 1962 1284 2023 sententiam,
1356 1961 1447 2012 sed
1518 1960 1780 2026 prmeipue
1848 1958 2111 2025 primatis.

573 2046 821 2102 Formata
876 2057 1052 2102 autem
1107 2050 1243 2104 dicta
1292 2058 1374 2103 est
1408 2049 1706 2103 dimissoria
1756 2048 2000 2116 epistula,
2035 2056 2116 2100 ut-

568 2146 692 2201 pote
720 2152 838 2205 qntc
893 2139 973 2189 vel
1005 2139 1362 2191 necessariam
1395 2140 1660 2207 exprimat
1693 2138 1926 2206 episcopi
1959 2152 2112 2205 pere-

567 2240 595 2289 κ
631 2225 884 2277 inationis
922 2240 1162 2289 causam,
1217 2229 1295 2279 vel
1337 2227 1755 2293 obsignationem
1786 2235 1841 2281 et
1881 2228 2113 2279 subscri-

570 2312 801 2375 ptionem
856 2313 1101 2378 primatis
1156 2315 1341 2383 synodi
1404 2315 1598 2367 habere
1655 2317 1865 2369 debeat.
1916 2316 2111 2369 Eadem

567 2411 742 2453 autem
803 2404 1192 2457 commendatio
1266 2405 1405 2458 dicta
1494 2414 1596 2466 est,
1671 2415 1872 2473 utqutn
1916 2406 2002 2469 iis,
2049 2409 2114 2458 ad

566 2505 701 2556 quos
747 2493 910 2555 vadit,
945 2494 1372 2559 peregrinantem
1403 2496 1710 2562 episcopum
1754 2497 2111 2560 commendet,

565 2580 675 2633 sive
716 2580 782 2632 ad
822 2594 942 2633 eum
984 2581 1308 2648 pertinentia
1348 2581 1585 2636 declaret
1615 2593 1667 2637 et
1695 2584 1901 2651 probet.

633 2848 883 2904 ZONAR.
914 2852 1203 2919 Episcopos
1234 2862 1302 2918 et,
1324 2866 1511 2906 omnes
1536 2852 1745 2906 demum
1786 2852 1876 2920 qui
1910 2853 2115 2907 ratione

567 2942 740 2996 tuenti
775 2943 920 3011 gregi
957 2941 1191 3011 praefecti
1240 2952 1384 3006 sunt,
1436 2954 1747 3009 perpetuam
1793 2942 1842 2993 in
1877 2942 1987 2995 suis
2026 2955 2114 2995 ec-

1784 331 1798 343 ’
1824 316 2096 378 THEOD.
2141 312 2538 375 BALSAMON

3668 304 3780 369 120

2290 446 2306 475 ι
2354 426 2615 493 καθέδρας
2649 424 2737 476 τοῦ
2788 424 2915 476 ίδίου
2951 424 3183 490 ἑκάστης
3214 421 3395 491 χώρας
3422 417 3728 471 ἐπισκόπου
3763 430 3779 444 ⁸

2295 535 2310 565 ι
2357 516 2496 569 τοῦτ’
2528 516 2671 567 ἔστιν
2718 517 2765 567 εἱ
2822 514 2895 583 μὴ
2941 512 3219 566 ἀπἀύτοῦ
3261 510 3353 564 τοῦ
3399 508 3784 577 πρωτεύοντος

2294 626 2313 658 ι
2361 606 2481 658 κατ’
2510 606 2781 673 ἐξαίρετον
2830 604 2966 673 λάϐῃ
2999 603 3117 673 τήν,
3146 603 3266 672 ἥτις
3320 601 3535 667 λέγεται
3567 596 3784 651 ἀπολυ-

2294 717 2312 746 ε
2360 697 2503 764 τικὴ,
2538 695 2943 764 τετυπωμένην,
2969 694 3087 764 ἦτοι
3116 693 3437 761 παράθεσιν.
3474 709 3491 741 ι

2289 787 2482 839 ΒΔΛΣ.
2534 787 2664 855 Περὶ
2718 784 2810 837 τοῦ
2841 784 2971 857 ,πῶς
3018 785 3321 852 ὀφείλουσιν
3371 778 3669 846 ἀποδημεῖν
3722 774 3782 827 oi

2218 877 2507 928 ἐπίσκοποι
2557 877 2619 927 ἐκ
2662 875 2769 927 τῶν
2814 875 3090 944 λαχουσῶν
3126 874 3319 934 αὐτοὺς
3354 869 3657 939 ἐκκλησιῶν
3694 866 3789 918 εῖ-

2222 985 2381 1037 ρηται
2414 971 2469 1020 ἐν
2505 966 2579 1035 τῷ
2633 965 2713 1027 ιδ’,
2749 972 2807 1017 ιε’
2842 966 2933 1016 καὶ
2967 965 3044 1031 λγ¹
3075 960 3410 1030 ἀποστολικῷ
3457 959 3663 1019 κανόνι,
3717 958 3784 1009 ἐν

2219 1058 2285 1121 ζ’,
2321 1065 2370 1125 η’
2403 1056 2499 1108 καὶ
2528 1054 2594 1108 ια’
2623 1054 2718 1121 τῆς
2747 1056 2805 1105 ἐν
2848 1052 3162 1121 Ἀντιοχείᾳ,
3194 1053 3250 1104 ἐν
3287 1056 3376 1120 μα’
3427 1049 3523 1102 καὶ
3553 1049 3639 1117 μβ⁹
3671 1046 3786 1113 τῆς

2218 1150 2275 1200 ἐν
2303 1147 2608 1218 Λαοδικείᾳ,
2644 1148 2734 1200 καὶ
2764 1150 2821 1199 ἐν
2853 1144 2918 1212 ιγ’
2947 1146 3045 1215 τῆς
3072 1147 3130 1197 ἐν
3159 1143 3475 1212 Χαλκηδόνι·
3512 1143 3567 1193 ἐν
3598 1139 3661 1201 ε’,
3699 1136 3786 1203 ις’

2219 1239 2312 1290 καὶ
2348 1238 2410 1301 ιζ’
2436 1238 2531 1305 τῆς
2564 1239 2620 1289 tv
2649 1237 2917 1305 Σαρδικῇ,
2960 1237 3056 1288 καὶ
3087 1233 3316 1303 ἀρκοῦσι
3354 1234 3421 1285 τά
3455 1236 3511 1285 ἐν
3541 1232 3791 1291 ἐκείνοις

2218 1330 2513 1398 γραφέντα.
2557 1328 2794 1380 Ἀκούων
2846 1327 2902 1379 δὲ
2950 1325 3042 1379 τοῦ
3092 1324 3313 1386 κανόνος
3345 1323 3590 1390 λέγοντος
3634 1320 3789 1390 μετά

2220 1419 2564 1488 ψηφίσματος
2597 1420 2715 1487 ήτοι
2747 1416 3084 1483 διαγνώσεως
3112 1416 3203 1469 τοῦ
3246 1416 3480 1483 πρώτου,
3530 1412 3791 1482 δηλονότι

2217 1510 2312 1563 τοῦ
2364 1510 2781 1581 μητροπολίτου,
2812 1510 3053 1579 ὀφείλειν
3082 1507 3379 1576 ἀποδημεῖν
3426 1496 3517 1556 τὸν
3550 1504 3794 1555 ἐπίσκο-

2218 1619 2338 1665 πον,
2375 1601 2448 1670 μὴ
2476 1602 2633 1670 εἴπῃς
2664 1601 2854 1669 ἀρκεῖν
2886 1600 2983 1668 τὴν
3008 1597 3300 1665 διάγνωσιν
3328 1595 3518 1676 τούτου
3546 1591 3642 1645 καὶ
3673 1590 3793 1658 μό-

2219 1710 2334 1755 νου,
2357 1691 2787 1758 ἀλλ’ἀναγκαίαν
2817 1694 2916 1758 μὲν
2947 1689 3084 1743 εἷναι
3120 1690 3218 1757 τήν
3253 1687 3477 1754 γνώμην
3508 1685 3589 1745 είς
3612 1681 3792 1734 τοῦτο

2218 1783 2311 1836 καὶ
2363 1785 2540 1851 πάσης
2592 1781 2688 1848 τῆς
2743 1781 2865 1833 κατ’
2894 1780 3052 1833 αὐτὸν
3101 1779 3344 1839 συνόδου,
3395 1774 3536 1827 κατά
3568 1773 3656 1824 τὸν
3702 1774 3791 1824 ια’

2217 1874 2415 1925 κανόνα
2456 1874 2551 1941 τῆς
2604 1872 2661 1922 ἐν
2700 1869 2998 1939 Ἀντιοχείᾳ
3044 1867 3285 1921 συνόδου.
3332 1866 3429 1918 Διά
3477 1863 3593 1933 γὰρ
3612 1863 3791 1917 τοῦτο

2216 1962 2534 2026 πρόσκειται
2582 1960 2661 2029 τῷ
2700 1959 2881 2011 κανόνι
2911 1957 2970 2010 τὸ
2997 1956 3303 2024 ἀναγκαίαν
3352 1956 3449 2024 μὲν
3479 1950 3619 2007 εἶναι
3677 1953 3792 2006 καὶ

2215 2052 2311 2121 τὴν
2342 2051 2448 2103 τῶν
2480 2049 2679 2104 λοιπῶν
2706 2050 3019 2103 ἐπισκόπων
3072 2048 3253 2117 ψῆφον
3277 2065 3291 2079 ·
3340 2048 3458 2100 κατ’
3493 2045 3788 2112 ἐξαίρετον

2213 2144 2269 2195 δὲ
2295 2143 2385 2196 τοῦ
2415 2138 2807 2211 πρωτεύοντος.
2841 2142 3211 2209 Τετυπωμένη
3244 2140 3300 2193 δὲ
3336 2138 3539 2207 ἐκλήθη
3571 2139 3602 2207 ή
3632 2136 3785 2188 ἀπο-

2214 2233 2407 2303 λυτικὴ
2448 2231 2713 2299 ⁴ἐπιστολὴ
2748 2232 2779 2299 ἢ
2829 2230 2903 2293 ὡς
2936 2230 3286 2283 ύποτυποῦσα
3332 2228 3430 2297 τὴν
3467 2227 3786 2294 ἀναγκαίαν

2215 2324 2395 2376 αἰτίαν
2418 2322 2515 2391 τῆς
2546 2322 2852 2390 ἀποδημίας
2878 2320 2969 2372 τοῦ
2998 2318 3368 2387 ἐπισκόπου,υὴ
3386 2318 3461 2379 ὡς
3481 2316 3784 2384 ὀφείλουσα

2214 2415 2360 2482 ἔχειν
2411 2413 2682 2483 σημασίαν
2728 2414 2825 2466 καὶ
2872 2411 3194 2480 ὑπογραφὴν
3247 2408 3341 2461 τοῦ
3396 2407 3783 2477 πρωτεύοντος

2214 2505 2311 2573 τῆς
2339 2502 2575 2555 συνόδου.
2622 2502 2683 2553 Ἠ
2712 2504 2850 2570 αὐτή
2882 2501 2938 2555 δὲ
2970 2500 3260 2568 ὠνομάσθη
3291 2499 3387 2551 καὶ
3443 2496 3781 2565 παράθεσις,

2213 2595 2287 2656 ὼς
2321 2592 2677 2663 παρατιθείσα
2723 2594 2816 2644 τὸν
2846 2591 3273 2659 ἀποδημήσαντα
3318 2591 3614 2642 ἐπίσκοπον
3656 2590 3781 2649 τοῖς

2214 2683 2349 2752 πρὸς
2378 2682 2470 2744 οὓς
2498 2681 2734 2745 ἄπεισιν,
2757 2681 2921 2751 ήγουν
2944 2679 3283 2749 γνωρίζουσα
3311 2679 3380 2731 τὰ
3406 2680 3547 2730 κατά
3579 2675 3782 2730 τοῦτον

2215 2775 2308 2829 καὶ
2332 2773 2669 2843 παριστῶσα.

2284 2865 2522 2920 ΖΩΝΔΡ.
2555 2866 2692 2927 Τοὺς
2735 2866 3062 2926 ἐπισκόπους
3112 2866 3201 2915 καὶ
3246 2861 3372 2923 τοὺς
3416 2857 3781 2929 προεστῶτας

2213 2958 2429 3025 λογικοῦ
2462 2958 2715 3024 ποιμνίου
2748 2959 2954 3019 πάντας
2982 2955 3187 3020 ἁπλῶς,
3208 2955 3299 3007 καὶ
3331 2953 3459 3007 αὐτὸ
3483 2952 3540 3004 τὸ
3560 2952 3779 3004 δίκαιον

567 3030 744 3085 ιιεείἱε
782 3031 1065 3083 stationem
1116 3030 1332 3090 habere,
1369 3031 1704 3097 populisque,
1748 3030 1836 3096 qui
1873 3030 2107 3096 ipsorum

2218 3050 2306 3102 καὶ
2334 3051 2383 3101 οἱ
2409 3049 2629 3110 κανόνες
2659 3049 2733 3115 τῷ
2767 3049 2957 3116 δικαίῳ
2987 3048 3239 3114 ἑπόμενοι
3271 3041 3563 3097 ἀπαιτοῦσι
3596 3058 3778 3111 προσ-

568 3136 709 3175 cum
774 3121 1047 3175 commissi
1116 3128 1260 3183 sunt,
1328 3120 1603 3188 pascendis
1665 3118 2114 3187 instituendisque

563 3220 781 3274 operam
814 3207 959 3268 dare,
996 3221 1115 3259 cum
1159 3206 1268 3273 ipsa
1301 3208 1540 3273 aequitas,
1579 3217 1687 3259 tum
1730 3222 1847 3275 quae
1875 3209 2109 3274 aequitati

566 3298 796 3351 maxime
825 3296 1066 3351 innititur
1100 3312 1363 3352 canonum
1397 3298 1685 3350 auctoritas
1710 3299 2113 3365 jnhet.l’roinde

562 3404 630 3443 re
670 3398 821 3441 trans
856 3403 1003 3440 mare
1032 3388 1202 3450 abire,
1239 3390 1338 3441 hoe
1365 3397 1469 3450 est,
1506 3404 1571 3441 ne
1616 3390 1826 3458 longum
1858 3390 1959 3441 iter
1994 3405 2113 3445 sus—

564 3479 742 3545 cipere
800 3479 1051 3547 episcopo
1085 3480 1262 3544 liceat,
1307 3479 1391 3533 hic
1436 3495 1605 3533 canon
1651 3481 1812 3534 edicit
1863 3480 2025 3548 quod,
2066 3481 2109 3533 si

562 3569 677 3631 ejus
718 3569 793 3621 rei
827 3569 1117 3623 necessitas
1166 3570 1449 3638 aliquando
1498 3572 1739 3624 inciderit
1785 3586 1888 3622 non
1933 3572 2109 3635 aliter,

562 3674 722 3726 quam
770 3674 892 3712 cum
930 3662 1145 3714 decreto
1202 3663 1385 3729 primze
1419 3663 1684 3714 cathedra-
1733 3664 2021 3726 provincia:
2053 3662 2113 3713 il-

564 3754 666 3804 lius
726 3751 983 3817 episcopi,
1043 3751 1412 3818 proﬁciscendi
1470 3752 1771 3805 facultatem
1836 3754 1931 3818 ipsi
1993 3767 2112 3806 esse

564 3843 820 3897 decernit.
859 3841 1062 3896 Decreti
1096 3852 1275 3895 autem
1324 3853 1601 3911 preptcrea
1631 3844 1894 3906 meminit,
1928 3854 1981 3897 nt
2011 3845 2110 3897 nisi

564 3934 797 4001 regionis
843 3932 981 3985 illius
1031 3932 1329 3999 patriarcha
1389 3942 1481 3986 aut
1520 3934 1951 4001 metropolitanus
1990 3949 2113 4002 pro-

562 4022 805 4075 fectionis
840 4020 1077 4088 episcopi
1114 4036 1328 4074 causam
1370 4022 1777 4083 examinaverit,
1813 4038 1877 4076 ac
1924 4038 2111 4077 neces-

565 4112 759 4165 :ariam
808 4127 925 4165 esse
968 4112 1310 4180 judicaverit,
1346 4112 1751 4178 epistulamque,
1783 4128 1898 4179 qua:
1928 4114 2111 4165 dimis-

565 4202 707 4253 soria
744 4201 955 4266 dicitur,
1003 4202 1049 4253 ei
1080 4202 1305 4265 dederit,
1356 4218 1688 4271 nequaquam
1729 4205 1822 4271 ipsi
1855 4219 1917 4256 ex
1952 4219 2111 4256 cano-

568 4309 690 4347 num
722 4294 1033 4362 praescripto
1058 4295 1323 4364 proficisci
1354 4297 1510 4349 licere
1538 4297 2109 4350 demonstret.Decrcti

565 4400 721 4451 porro
784 4385 999 4439 nomine
1073 4386 1429 4451 cognitionem
1494 4386 1605 4439 sive
1675 4388 2104 4455 approbationem

564 4472 834 4541 intelligit.
904 4477 949 4524 A
1013 4476 1241 4541 pritnate
1300 4489 1426 4528 vero
1498 4476 1763 4544 praecipue
1822 4477 2104 4544 epistolam

558 4564 734 4617 adferri
753 4563 921 4631 jubet,
951 4565 1203 4633 quoniam
1229 4565 1444 4618 alterius
1469 4567 1686 4620 canonis
1704 4569 2104 4627 constitutione.

560 4656 626 4705 ab
658 4655 919 4723 episcopis
950 4670 1161 4723 quoque
1191 4656 1329 4708 illius
1360 4657 1665 4722 provinciae,
1700 4660 1742 4709 is
1770 4660 1857 4725 qui
1887 4674 2106 4727 peregre

562 4743 921 4809 proficiscitur
964 4744 1171 4797 litteras
1194 4744 1408 4811 jubetur
1436 4744 1627 4797 afferre
1661 4764 1672 4798 :
1708 4748 1905 4799 idcirco
1937 4762 1966 4799 a
2000 4748 2103 4816 pri-

561 4842 705 4885 mate
734 4832 1021 4899 provinciae
1053 4833 1385 4902 potissimum
1432 4836 1748 4889 obtinendas
1778 4852 1894 4890 esse
1920 4839 2106 4891 decer-

559 4928 655 4986 nit,
705 4924 856 4991 qnasi
891 4925 1070 4979 dicere
1101 4926 1244 4988 velit,
1292 4928 1530 4980 omnium
1568 4929 1779 4995 quidem
1828 4932 2104 4999 cpiscOpo-

560 5028 675 5064 rum
722 5015 953 5083 regionis
997 5015 1245 5082 epistolas
1290 5016 1485 5072 habere
1514 5018 1778 5072 laudabile
1812 5035 1967 5085 esse;
2016 5024 2104 5074 sed

562 5121 588 5153 ιι
619 5105 843 5170 primate
869 5107 1129 5173 prmcipue
1156 5122 1245 5159 seu
1274 5108 1484 5175 proprie
1507 5109 1884 5169 dimissoriazn.
1915 5110 2105 5164 forma-

566 5203 693 5254 tam,
725 5193 835 5245 sive
866 5197 1376 5248 commendationem
1408 5196 1731 5250 aﬂ'erendntn
1761 5217 1773 5262 ;
1808 5216 1926 5267 qua:
1956 5202 2104 5253 Vltle-

562 5282 684 5335 licet
736 5286 1087 5337 necessariam
1133 5301 1251 5340 esse
1285 5287 1625 5354 profectionis
1657 5303 1872 5342 causam
1923 5306 2103 5358 expri-

562 5382 669 5425 mat
694 5387 707 5435 ',
745 5371 826 5425 vel
854 5372 1155 5438 formatam,
1177 5376 1278 5427 hoc
1307 5388 1407 5441 est,
1440 5380 1590 5444 signo
1608 5380 2105 5446 subscriptioncque

562 5462 837 5516 munitam.
886 5462 1018 5517 Illud
1065 5481 1207 5529 vero,
1260 5468 1372 5520 sive
1421 5471 1954 5533 commendationem,
2006 5475 2101 5525 hoc

560 5561 641 5605 cst
697 5568 814 5619 qua:
844 5555 990 5607 illum
1024 5557 1088 5609 iis
1113 5559 1175 5607 ad
1206 5575 1337 5623 quos
1369 5562 1720 5627 proficiscitur
1745 5565 2101 5626 commendet,

562 5658 652 5693 seu
696 5655 883 5697 notum
936 5645 1115 5708 faciat,
1163 5664 1252 5714 pro
1284 5650 1464 5702 eodem
1517 5654 1757 5719 pret-ibus
1791 5654 2101 5722 interpellet,

567 5734 716 5789 illum
747 5750 820 5788 eis
845 5738 997 5790 sistat
1030 5748 1078 5791 et
1111 5739 1373 5793 exhibeat.

2218 3144 2394 3212 μένειν
2424 3143 2542 3203 ταῖς
2576 3140 2889 3208 ἐκκλησῖαις
2924 3138 3120 3202 αὐτῶν,
3177 3136 3271 3188 καὶ
3321 3134 3631 3203 ποιμαίνειν
3675 3137 3780 3188 καὶ

2216 3234 2561 3303 καταρτίζειν
2611 3233 2735 3293 τοὺς
2786 3230 3283 3299 ὲμπιστευομένους
3338 3228 3521 3287 αὑτοῖς
3580 3226 3773 3287 λαούς.

2214 3326 2305 3376 me
2353 3323 2447 3375 xui.
2473 3324 2501 3374 ό
2526 3321 2702 3373 κανὼν
2731 3316 2884 3381 οὗτος
2936 3319 3108 3386 πέραν
3141 3317 3436 3384 Θαλάσσης,
3462 3316 3630 3384 ἤγουν
3660 3331 3773 3381 μα-

2214 3415 2353 3484 κράν
2404 3414 2541 3474 ὀδδν,
2590 3413 2664 3480 μὴ
2713 3411 3012 3479 ἀποδημεῖν
3048 3409 3345 3460 ἐπίσκοπον
3374 3406 3720 3458 ἐκκελεύεται
3756 3423 3773 3438 ·

2215 3507 2263 3556 εἰ
2292 3505 2349 3556 δέ
2376 3520 2501 3555 ποτε
2528 3504 2737 3569 ἀνάγκη
2768 3501 2973 3568 ἐπείγει
3002 3499 3159 3552 τοῦτο
3187 3497 3460 3565 γενέσθαι,
3491 3496 3563 3565 μὴ
3595 3495 3778 3560 ἄλλως

2214 3595 2432 3647 ἀπιέναι
2456 3594 2615 3646 αὐτὸν
2646 3594 2693 3645 εί
2728 3592 2801 3662 μή
2832 3592 2969 3644 κατά
2994 3590 3347 3660 ψηφίσματος
3369 3587 3462 3639 τοῦ
3491 3588 3585 3655 τῆς
3622 3585 3781 3656 πρώο

2214 3700 2311 3750 της
2366 3681 2633 3750 καθέδρας
2684 3684 2778 3749 τῆς
2833 3682 3100 3749 ἐπαρχίας
3161 3679 3377 3748 ἐκείνης
3443 3678 3774 3731 ἐπισκόπου.

2212 3772 2575 3841 Ψηφίσματος
2600 3770 2643 3823 δ’
2671 3770 2937 3839 ἐμνήσθη,
2972 3770 3053 3823 ῐνα
3084 3770 3231 3841 δείξῃ
3257 3770 3365 3834 ὅτε,
3401 3770 3449 3821 εί
3495 3768 3569 3838 μὴ
3598 3768 3625 3819 ὀ
3672 3768 3777 3835 τῆς

2212 3866 2391 3933 χώρας
2428 3862 2641 3931 ἐκείνης
2674 3862 3017 3932 πατριάρχης
3063 3853 3092 3930 ἢ
3131 3861 3535 3931 μητροποΚίτης
3582 3860 3779 3924 ἐξετά-

2215 3972 2295 4007 σει
2324 3955 2421 4023 τὴν
2452 3954 2648 4015 αίτίαν,
2681 3952 2747 4005 δι’
2784 3953 2850 4021 ἢν
2882 3953 3229 4021 ἀποδημῆσαι
3267 3952 3450 4021 μέλλει
3480 3954 3505 4002 ὀ
3543 3952 3777 4003 ἐπίσκο-

2212 4061 2332 4107 πος,
2384 4046 2475 4096 καὶ
2521 4044 2723 4111 διαγνῷ
2760 4044 3063 4109 ἀναγκαίαν
3117 4036 3281 4108 εἶναι,
3316 4044 3408 4094 καὶ
3442 4042 3586 4111 δὼσῃ
3621 4041 3778 4108 αὐτῷ

2212 4136 2308 4205 τὴν
2354 4134 2649 4203 λεγομένην
2695 4133 3027 4201 ἀπολυτικήν
3078 4133 3388 4200 ἐπιστολὴν,
3438 4132 3499 4184 ού
3546 4133 3778 4184 δύναται

2215 4224 2514 4285 κανονικῶς
2560 4224 2929 4292 ἀποδημῆσαι.
2979 4224 3251 4292 Ψήφισμα
3301 4224 3356 4276 δὲ
3400 4226 3433 4292 ἡ
3477 4225 3775 4289 διάγνωσις

2214 4318 2309 4370 καὶ
2361 4319 2392 4387 ή
2446 4317 2717 4384 ἀπόφασις
2775 4315 3008 4381 λέγεται.
3072 4318 3203 4368 Κατ’
3236 4317 3512 4385 ἐξαίρετον
3561 4318 3619 4369 δὲ
3676 4323 3776 4370 τοῦ

2218 4407 2606 4477 πρωτεύοντος,
2640 4407 2827 4472 φησὶν,
2872 4405 2993 4457 ἐπεὶ
3044 4407 3099 4456 ἐν
3141 4406 3309 4474 ἑτέρῳ
3342 4408 3524 4459 κανόνι
3555 4410 3779 4477 εἴρηται

2216 4501 2296 4552 ὅτι
2348 4498 2442 4549 καὶ
2494 4497 2598 4547 τῶν
2643 4496 2952 4547 επισκόπων
2984 4496 3081 4563 τῆς
3136 4497 3405 4565 ἐπαρχίας
3441 4499 3658 4567 ἐκείνης
3692 4502 3780 4554 δεῖ

2218 4587 2537 4653 κομίζεσθαι
2588 4587 2677 4637 τὸν
2705 4585 3087 4653 ἀποδημοῦντα
3120 4587 3427 4650 ἐπιστολάς.
3465 4589 3562 4640 Διὰ
3613 4590 3779 4643 τοῦτο

2217 4676 2308 4731 οὖν
2338 4678 2425 4729 τὸν
2456 4676 2611 4742 λόγον
2638 4672 2790 4726 εἶπεν
2821 4676 2910 4726 ἐπὶ
2936 4674 3024 4726 τοῦ
3060 4676 3428 4741 πρωτεύοντος
3460 4676 3771 4747 τῆςέπαρ·

2218 4774 2338 4839 χίας
2386 4770 2447 4821 τὸ
2492 4769 2606 4820 κατ’
2640 4766 2935 4833 ἐξαίρετον,
2992 4767 3254 4824 τουτέστι,
3310 4766 3471 4816 καλὸν
3523 4768 3624 4835 μὲν
3678 4770 3777 4820 καὶ

2217 4863 2432 4914 πάντων
2470 4860 2570 4911 τῶν
2600 4858 2911 4909 ἐπισκόπων
2946 4856 3043 4923 τῆς
3071 4857 3249 4923 χώρας
3278 4856 3420 4923 ἔχειν
3453 4857 3770 4919 ἐπιστολὰς,

2218 4955 2335 5005 κατ’
2366 4951 2641 5017 ἐξαίρετον
2673 4948 2748 5005 δὲ,
2785 4947 2901 4997 ἀντὶ
2932 4946 3023 4997 τοῦ
3053 4945 3252 5012 κυρίω;
3286 4946 3361 5008 δὲ,
3396 4946 3488 4997 τοῦ
3530 4951 3779 5017 πρωτεύ-

2216 5059 2365 5103 οντος
2410 5040 2552 5107 ἔχειν
2598 5034 2948 5101 ἀπολυτικὴν,
2997 5041 3404 5102 τετυπωμένην,
3434 5037 3555 5104 ἢτοι
3599 5040 3778 5107 παρὰ·

2218 5133 2389 5187 οεσιν,
2420 5128 2695 5181 τυποῦσαν
2725 5125 2964 5194 δηλονότι
2993 5125 3295 5190 ἀναγκαίαν
3324 5121 3462 5177 εἶναι
3512 5128 3610 5195 τὴν
3641 5130 3779 5180 ἀπο-

2217 5222 2413 5288 δημίαν
2448 5217 2631 5280 αὑτοῦ,
2670 5218 2699 5285 ἢ
2732 5219 3140 5286 τετυπωμένην,
3189 5218 3307 5268 ἀντὶ
3338 5217 3430 5268 τοῦ
3463 5220 3777 5286 ἐπισεσημαα

2220 5312 2443 5377 σμένην,
2494 5310 3008 5377 ὑπογεγραμμένην.
3047 5308 3119 5359 Τὸ
3173 5307 3247 5367 δὲ,
3282 5308 3398 5377 ἦτοι
3443 5311 3774 5375 παράθεσιν,

2218 5402 2334 5453 αντὶ
2367 5400 2456 5451 τοῦ
2487 5398 2869 5464 παρατιθείσαν
2899 5400 3058 5449 αὑτὸν
3092 5401 3201 5460 τοῖς
3233 5399 3371 5465 πρὸς
3398 5399 3490 5462 οὓς
3526 5400 3771 5460 ἄπεισιν,

2219 5492 2383 5559 ἤγουν
2414 5490 2805 5558 γνωρίζουσαν,
2844 5488 3099 5551 ἀξιοῦσαν
3131 5491 3255 5558 περὶ
3288 5490 3469 5553 αὑτοῦ,
3495 5494 3774 5561 παριστῶ-

2218 5600 2309 5634 σαν
2350 5600 2523 5633 αντ-ιν.
