3982 6436
200 419 278 480 lg)
1197 413 1277 474 IN
1319 412 1481 473 CAN.
1523 416 1682 470 XXX
1712 413 1915 468 LUNC.
1955 408 2326 467 CAllTHAG.

3262 407 3361 471 130

191 548 290 590 ποις
342 529 746 597 βουλεύσασθαι,
805 525 928 577 τότε
986 525 1089 593 χρὴ
1139 524 1230 575 τὸν
1261 524 1557 575 ἐπίσκοπον
1610 516 1712 570 κᾶν

1819 515 1989 580 randi,
2044 516 2348 568 facultatem
2425 515 2656 581 adimat;
2714 525 2836 569 tunc
2909 518 3093 571 Saltem
3157 519 3360 574 vicinos

189 620 294 678 τοὺς
334 619 574 684 γείτονας
630 616 967 677 ἐπισκόπους
1016 615 1095 675 είς
1149 611 1453 682 μαρτυρίαν
1494 609 1715 663 καλέσαι

189 709 268 772 τῆς
289 725 342 758 τε
381 708 631 775 ὀξύτητος
659 707 761 775 τῆς
795 707 1056 772 ἀνάγκης,
1087 704 1176 761 καὶ
1212 702 1602 771 περιστάσεως,
1622 698 1717 751 καὶ

187 799 498 865 ἐκπιήσεως
526 798 616 851 τοῦ
652 797 998 865 πράγματος.
1023 796 1083 846 Et
1115 794 1172 846 δέ
1204 792 1280 862 μὴ
1311 792 1452 844 οὕτω
1479 791 1714 858 ποιήσει,

187 869 460 950 ὖπεύθυνος
484 888 638 940 ἔσται
664 886 740 955 τῷ
765 886 902 954 Θεῷ,
951 887 1191 938 τουτέστι
1223 884 1315 935 καὶ
1341 881 1417 951 τῷ
1438 879 1554 947 Θεῷ
1587 878 1715 944 ὑφέ-

185 980 252 1042 ξει
281 977 483 1043 λόγους,
540 977 636 1029 καὶ
668 976 772 1028 ὑπὸ
826 978 925 1042 τῆς
977 973 1193 1026 συνόδου
1226 968 1716 1037 ἅλλοτριωθήσεται

181 1065 270 1130 τῆς
295 1066 493 1126 οἰκείας
544 1066 729 1134 τιμῆς,
781 1065 901 1133 ήτοι
951 1064 1045 1131 τῆς
1092 1058 1502 1129 ἀρχιερατικῆς.
1551 1055 1716 1107 Καὶό

183 1158 337 1223 μέγας
364 1155 420 1206 δὲ
467 1155 725 1224 Κύριλλος
755 1155 812 1206 ἐν
842 1156 906 1222 τῇ
942 1152 1072 1221 πρὸς
1101 1152 1303 1218 Δόμνον
1333 1146 1586 1215 ἐπιστολῇ
1617 1144 1714 1196 αὺ-

179 1246 260 1297 τοῦ
287 1264 411 1314 φησι
429 1263 443 1273 ·
475 1246 752 1313 Κειμήλια
773 1247 866 1296 καὶ
887 1245 1106 1312 κτήσεις
1123 1243 1411 1308 ἀκινήτους
1428 1238 1718 1305 ἀνεκποίη-

181 1353 236 1386 τι
267 1338 380 1396 ταῖς
415 1333 735 1402 ἐκκλησίαις
776 1333 1043 1396 σώζεσθαι
1090 1332 1218 1401 χρή.
1262 1327 1563 1394 Ἀνάγνωθι
1623 1328 1715 1379 καὶ

177 1423 257 1474 τὸν
292 1425 351 1492 ιβ’
394 1425 594 1476 κανόνα
628 1425 722 1490 τῆς
755 1420 1133 1490 οίκουμενικῆς
1161 1421 1202 1483 ζ’
1236 1417 1473 1472 συνόδου.

176 1600 377 1652 ΔΡῐΣΤ.
415 1602 708 1667 «Ἀπρατα
739 1603 804 1652 τὰ
827 1596 1250 1668 ἐκκλησιαστικὰ
1292 1594 1613 1664 πράγματα.
1654 1593 1715 1644 Εί

251 1709 266 1741 ι
299 1691 353 1742 δὲ
387 1691 460 1759 μὴ
514 1691 778 1758 πρόσοδον
814 1690 927 1758 ἔχει
951 1728 966 1753 ,
1006 1688 1196 1757 γνώμῃ
1234 1685 1340 1738 τῶν
1404 1682 1715 1735 ἐπισκόπων

241 1799 258 1830 ι
288 1782 680 1850 πιπράσκεται.
738 1781 800 1832 Εί
849 1780 905 1832 δὲ
969 1779 1250 1847 ήάνάγκη
1303 1775 1403 1840 οὐχ
1451 1769 1714 1839 ὑπομένει

239 1890 255 1922 ι
292 1871 719 1939 βουλεύσασθαι,
788 1869 914 1928 τοὺς
993 1867 1234 1934 γείτονας
1295 1865 1322 1914 ὁ
1384 1860 1714 1929 πιπράσκων

238 1978 258 2011 ι
291 1961 610 2028 συγκαλέσει
631 1975 645 1989 ⁸
699 1961 748 2011 εἰ
780 1958 824 2010 δ’
851 1959 946 2027 οὐχ
999 1956 1160 2018 οὕτω,
1209 1954 1326 2022 Θεῷ
1358 1951 1454 2004 καὶ
1486 1953 1554 2020 τῇ
1587 1966 1714 2000 συν-

238 2068 255 2100 ι
285 2051 387 2119 όδῳ
420 2049 744 2112 ὑπεύθυνος.
787 2067 806 2099 ι

229 2140 333 2190 Οὐκ
379 2139 694 2206 ὀφείλουσιν
722 2141 768 2190 ot
804 2137 1091 2190 ἐπίσκοποι
1121 2135 1190 2187 τὰ
1246 2133 1355 2186 τῶν
1409 2131 1715 2201 ἐκκλησιῶν

174 2229 486 2280 ἑκποιείσθαι
512 2229 815 2296 πράγματα
837 2243 850 2257 ·
884 2227 1027 2278 θείου
1049 2225 1155 2297 γάρ
1171 2225 1274 2277 είσι
1298 2222 1468 2275 ταῦτα
1485 2223 1712 2284 δικαίου,

172 2318 250 2369 καὶ
270 2318 352 2369 διὰ
382 2316 548 2370 τοῦτο
569 2318 809 2385 ἄπρατα.
835 2317 896 2368 El
919 2316 974 2367 δέ
998 2332 1078 2377 τις
1127 2313 1309 2382 κτῆμα
1347 2313 1485 2382 ἔχων
1513 2312 1716 2380 ἀπρόσ-

174 2407 292 2471 οδον,
324 2412 416 2460 καὶ
444 2409 548 2476 τὴν
582 2403 879 2474 ἐκκλησίαν
908 2405 1066 2459 αὐτοῦ
1088 2404 1459 2474 βαρυνομένην
1478 2404 1710 2471 χρέεσιν,

171 2498 198 2564 ἢ
224 2500 602 2565 περιστάσεσιν
623 2498 808 2557 ἄλλαις
837 2496 1185 2562 πιεζομένην,
1214 2494 1305 2546 καὶ⁵
1335 2492 1567 2562 βουληθῇ
1592 2490 1713 2544 τοῦ-

171 2590 555 2659 τοδιαπράσαι,
586 2589 726 2641 ὥστε
755 2589 854 2657 τὴν
883 2587 1046 2657 τιμὴν
1078 2585 1242 2638 αὑτοῦ
1274 2583 1601 2638 καταϐαλεῖν
1634 2584 1712 2645 εἰς

172 2681 459 2749 ἁπόφλησιν
509 2679 623 2732 τῶν
651 2679 848 2747 χρεῶν,
897 2677 928 2745 ἢ
964 2679 1041 2738 είς
1068 2675 1232 2734 ἄλλας
1283 2673 1434 2735 τινάς
1464 2690 1718 2726 κατεπεις

173 2771 349 2834 γούσας
371 2770 624 2836 ἀνάγκας
649 2785 664 2800 ·
701 2769 774 2837 μὴ
797 2767 956 2819 τοῦτο
989 2766 1288 2819 πωλείσθω
1309 2764 1436 2816 ἄνευ
1493 2762 1716 2831 γνώμης

170 2857 248 2910 τοῦ
271 2858 674 2926 μητροπολίτω
701 2857 798 2922 τῆς
853 2855 1020 2924 αὐτῆς
1053 2854 1316 2925 ἐπαρχίας
1347 2853 1442 2906 καὶ
1467 2855 1570 2905 τῶν
1597 2870 1717 2905 συν-

172 2950 463 2999 ιπισκόπων
493 2947 687 3000 αὑτοῦ.
721 2947 780 2998 Et
802 2947 846 2998 δ’
871 2947 972 2998 οὒκ
997 2946 1108 3016 ἐχει
1140 2945 1331 3013 καιρὸν
1363 2945 1449 2997 διὰ
1476 2945 1572 3013 τὴν
1599 2946 1711 2994 ἐπι‹

170 3040 407 3108 κειμένην
441 3037 596 3106 αὑτῷ
640 3039 904 3105 ἀνάγκην,
937 3036 1144 3098 τούτοις
1177 3036 1302 3103 περὶ
1351 3034 1443 3086 τοῦ
1485 3033 1718 3102 ἀπροσό-

1819 606 2095 674 episcopos
2134 615 2188 658 et
2226 619 2426 672 magna:
2461 606 2813 669 necessitatis,
2860 617 2912 659 ct
2939 608 3131 674 negotii
3175 610 3358 673 totius,

1817 705 1871 748 et
1896 695 1968 747 rei
1995 693 2326 748 alienationis
2361 694 2427 746 ab
2455 695 2703 760 episcopo
2726 703 2889 749 testes
2925 697 3166 750 adhiberi
3195 713 3356 765 Opor-

1820 792 1909 836 tet.
1965 781 2110 847 Quod
2179 784 2222 834 si
2277 782 2453 836 facere
2493 783 2824 850 neglexerit,
2886 792 2940 836 et
2979 786 3086 840 Deo
3137 787 3360 840 eritob-

1817 874 2027 938 noxius,
2084 876 2181 926 hoc
2221 880 2332 936 est,
2369 883 2423 925 ct
2449 873 2569 925 facti
2610 875 2866 926 rationem
2914 875 3022 928 Deo
3049 890 3360 944 reposceute

1820 959 2024 1021 reddet,
2058 968 2108 1011 et
2137 974 2164 1010 a
2193 960 2410 1029 synodo,
2441 961 2658 1029 proprio
2685 962 2884 1015 honore
2908 1002 2922 1028 ,
2968 965 3067 1018 ltoc
3105 976 3184 1018 est
3211 983 3359 1022 sum-

1819 1049 1886 1100 ιιιί
1943 1049 2227 1102 sacerdotii
2280 1049 2534 1116 dignitate
2583 1052 2900 1117 privabitur.
2953 1055 3177 1122 Magnus
3231 1073 3360 1110 vero

1815 1137 2044 1206 Cyrillus
2093 1139 2143 1190 itt
2176 1139 2398 1204 epistola
2447 1140 2512 1193 ad
2555 1140 2814 1195 Domuum
2863 1145 2975 1197 lucc
3007 1146 3193 1198 habet:
3222 1146 3358 1200 Vasa

1817 1229 2071 1296 pretiosa,
2099 1230 2288 1297 inquit,
2338 1246 2401 1284 ac
2443 1233 2810 1298 possessiones
2841 1234 3141 1290 immobiles
3185 1236 3361 1290 salvas

1819 1327 1977 1385 atque
2017 1318 2305 1372 incolumes
2333 1321 2575 1380 ecclesiis
2625 1324 2932 1376 conservari
2963 1336 3192 1391 oportet.
3221 1326 3359 1396 Lege

1817 1415 2072 1473 praeterea
2144 1410 2488 1463 (ecumeniczc
2551 1412 2791 1480 septima:
2841 1415 3027 1483 synodi
3102 1431 3357 1470 canonum

1817 1496 2204 1551 duodecimum.

1816 1572 2040 1639 ARIST.
2085 1606 2101 1638 ι
2133 1589 2276 1641 Bona
2327 1590 2684 1645 ecclesiastica
2734 1608 2840 1646 non
2883 1605 3007 1648 sunt
3059 1597 3357 1652 vendenda.

1896 1694 1913 1726 ι
1955 1676 2008 1728 Si
2039 1691 2162 1729 vero
2194 1678 2394 1731 reditus
2425 1696 2526 1732 non
2558 1681 2816 1744 habeant,
2864 1684 3123 1736 sententia
3149 1685 3356 1752 episco-

1900 1782 1918 1814 ι
1956 1780 2142 1833 porum
2179 1771 2494 1821 ven-duntur.
2534 1770 2588 1822 Si
2643 1786 2770 1824 vero
2804 1776 3093 1828 necessitas
3125 1790 3228 1826 non
3280 1774 3360 1828 fe-

1893 1871 1909 1903 ι
1954 1863 2034 1908 ret
2075 1865 2132 1909 ut
2174 1857 2506 1920 consulatur,
2545 1859 2634 1925 qui
2665 1863 2870 1927 ⁸νειιιΐίι
2902 1862 3104 1916 vicinos
3132 1863 3360 1917 vocabit.

1892 1962 1909 1993 ι
1949 1946 2041 1997 Sin
2094 1948 2163 1999 ita
2213 1962 2317 2000 non
2347 1948 2552 2014 fecerit,
2597 1951 2702 2004 Deo
2745 1962 2799 2005 et
2850 1954 3052 2021 synodo
3109 1969 3235 2007 reus
3287 1963 3362 2007 tc-

1895 2051 1914 2083 ι
1952 2044 2126 2087 netur.
2154 2055 2170 2086 ι

1889 2121 2132 2192 Episcopi
2168 2140 2271 2179 non
2300 2127 2490 2180 dcbent
2536 2128 2901 2184 ecclesmstica
2932 2129 3066 2184 bona
3102 2131 3361 2198 alienare,

1818 2212 1902 2264 illa
1931 2213 2071 2264 enim
2100 2213 2266 2266 divini
2309 2223 2430 2266 sunt
2457 2214 2614 2281 juris,
2651 2225 2811 2283 atque
2843 2217 2964 2272 ideo
2994 2234 3098 2272 non
3131 2220 3360 2276 venalia.

1818 2298 1872 2352 Si
1904 2300 2021 2366 quis
2061 2312 2234 2354 autem
2285 2304 2677 2369 possessionem
2742 2307 2935 2359 habeat
2995 2307 3196 2362 reditus
3252 2324 3357 2363 non

1816 2390 2193 2459 profer-cutem,
2228 2405 2280 2446 et
2306 2396 2584 2450 ecclesiam
2614 2413 2762 2450 suam
2790 2399 2981 2452 debitis
3001 2411 3272 2468 gravatam
3305 2412 3361 2454 et

1817 2482 1935 2534 aliis
1983 2497 2220 2550 pressam
2268 2485 2786 2541 iucommoditatibus
2821 2500 2874 2542 et
2900 2505 3018 2542 eam
3074 2491 3362 2546 divendere

1816 2572 2012 2637 vellet,
2054 2585 2110 2626 ut
2153 2575 2382 2643 pretium
2433 2577 2575 2631 illius
2635 2579 2991 2633 indebitorutn
3041 2581 3361 2637 solutionem

1815 2663 2124 2729 conjiceret,
2156 2675 2247 2718 aut
2276 2669 2340 2719 ad
2367 2668 2500 2721 alias
2539 2673 2796 2737 quasdam
2847 2682 3100 2739 urgentes
3127 2678 3365 2728 necessi-

1817 2761 1987 2817 tates;
2041 2753 2181 2806 illam
2220 2771 2326 2808 non
2362 2759 2553 2810 vendat
2583 2759 2702 2811 sine
2739 2762 3025 2827 provinciae
3071 2765 3220 2817 istius
3250 2781 3363 2818 ute-

1819 2843 2120 2909 trupolitani
2165 2857 2220 2897 et
2288 2849 2730 2915 euepiscoporum
2773 2852 2940 2919 ipsius
2970 2857 3255 2907 sententia.
3307 2856 3364 2908 Si

1817 2942 1994 2986 autem
2055 2944 2262 3002 tempus
2310 2952 2410 2990 non
2460 2939 2678 3005 habeat,
2728 2954 2947 3009 propter
2995 2946 3364 2998 imminentem

1818 3023 1914 3090 ipsi
1948 3026 2343 3089 necessitatem,
2380 3042 2499 3080 cum
2531 3031 2596 3084 iis
2638 3033 2704 3085 de
2734 3035 2998 3087 immobili
3029 3037 3227 3090 reditus
3260 3055 3387 3105 non,

170 3126 243 3176 ὃου
267 3129 526 3197 ἀκινήτου
577 3125 994 3196 βουλεύσασθαι,
1027 3126 1103 3188 ὡς
1134 3125 1315 3193 μέλλει
1346 3123 1505 3176 τοῦτο
1530 3123 1713 3190 πωλῆ-

1819 3116 2047 3170 habente
2090 3121 2396 3173 consultare
2420 3158 2434 3182 ,
2459 3124 2726 3188 quomodo
2769 3123 2896 3178 illud
2928 3129 3241 3182 venditurus
3271 3132 3363 3192 sit,

172 3231 282 3266 σαι·
310 3217 407 3268 κᾶν
438 3218 574 3277 τοὺς
601 3215 846 3287 γείτονας
889 3215 1227 3280 συγκαλείτω
1276 3215 1354 3275 είς
1389 3213 1715 3281 μαρτυρίαν,

172 3306 242 3356 ἵνα
261 3309 349 3368 τὰς
367 3311 530 3358 ἐπισυ
541 3305 758 3372 μϐάσας
778 3308 842 3373 τῇ
871 3305 1134 3374 ἐκκλησίᾳ
1155 3303 1317 3356 αὑτοῦ
1347 3303 1715 3371 περιστάσεις,

173 3393 227 3446 δι’
254 3395 314 3457 ἃς
337 3397 397 3448 τὸ
440 3395 685 3448 τοιοῦτον
732 3395 902 3447 πωλεῖ
957 3394 1233 3462 ἀκίνητον,
1293 3390 1715 3458 ἐπιγινώσκωσι,

176 3484 253 3534 καὶ
279 3488 339 3552 τῇ
367 3486 578 3553 συνόδῳ
604 3485 776 3537 ταῦτα
830 3485 926 3536 καὶ
963 3484 1255 3553 μετέπειτα
1299 3483 1712 3552 παραστήσωσι.

175 3574 223 3624 Εἰ
252 3575 301 3625 δὲ
329 3577 387 3625 οὐ
416 3576 600 3628 ταῦτα
630 3574 875 3641 φυλάξει,
907 3574 1023 3626 ἀλλ’
1059 3573 1394 3633 αὑτοόούὶως
1439 3575 1716 3640 ποιήσεται

172 3665 252 3728 τὴν
279 3665 570 3730 διάπρασιν
600 3680 614 3692 ·
674 3665 768 3717 καὶ
811 3663 889 3731 τῷ
947 3664 1065 3732 Θεῷ
1099 3669 1189 3715 καὶ
1211 3665 1275 3732 τῇ
1340 3661 1538 3730 συνόδῳ
1568 3662 1716 3714 ἔσται

174 3750 466 3818 ὑπεύθυνος,
502 3756 602 3807 καὶ
633 3753 913 3821 ἀλλότριος
945 3754 1041 3820 τῆς
1074 3754 1259 3822 τιμῆς.

768 3841 1005 3896 ΚΑΝΩΝ
1033 3841 1111 3894 Λ¹.

178 3949 191 3978 ι
230 3932 449 4001 Ὁμοίως
481 3930 815 3997 ἐϐεϐαιώθη,
859 3933 961 3995 ἵνα,
996 3931 1088 3982 ἐάν
1136 3947 1265 3983 ποτε
1305 3931 1714 4000 πρεσϐύτεροιῆ

235 4043 250 4072 ι
283 4025 518 4075 διάκονοι
545 4022 763 4074 ἐπίτινι
796 4021 1078 4090 βαρυτέρῳ
1098 4019 1401 4089 ἐγκλήματι
1422 4008 1714 4088 ἐλεγχθῶσι

233 4131 248 4160 ι
284 4113 358 4180 τῷ
386 4112 714 4180 ἀναγκαίως
743 4112 938 4172 αὐτοὺς
989 4111 1086 4177 τῆς
1139 4111 1477 4179 λειτουργίας
1525 4113 1716 4164 ἀποκι-

235 4218 254 4251 ι
279 4203 477 4265 νοῦντι,
510 4202 591 4269 μὴ
628 4199 968 4252 ἐπιτίθεσθαι
1021 4200 1205 4261 αὐτοῖς
1237 4202 1425 4268 χεῖρας
1456 4201 1529 4261 ὡς
1555 4216 1714 4267 μετ-ι·-

238 4309 255 4342 ι
286 4292 518 4355 νοοῦσιν,
556 4291 594 4360 ἢ
631 4290 704 4350 ὡς
750 4292 959 4349 πιστοῖς
993 4289 1195 4349 λαῖκοῖς
1247 4288 1380 4355 μηδὲ
1433 4289 1716 4355 ἐπιτρέπε-

231 4400 247 4426 ι
278 4382 397 4434 σθαι
429 4383 643 4442 αὐτοῖς,
693 4377 832 4430 ὥστε
875 4376 1414 4443 ἀναόαπτιξομένοις,
1463 4377 1592 4445 πρὸς
1621 4379 1714 4427 τδν

232 4491 248 4522 ι
277 4473 364 4524 τοῦ
399 4473 613 4540 κλήρου
645 4468 745 4536 βαθ
759 4469 852 4536 ιιὸν
883 4468 1226 4536 προκόπτειν.
1269 4483 1287 4516 ι

228 4563 409 4614 ΒᾹΛΣ.
447 4564 618 4621 Τινὲς
652 4559 758 4611 τῶν
813 4557 907 4608 τοῦ
974 4556 1234 4626 βήματος,
1297 4557 1715 4624 καθαιρεθέντες

174 4651 241 4702 ειά
266 4669 377 4702 τινα
404 4651 586 4716 ἐγκλη
599 4647 801 4712 ματικά
827 4649 1146 4714 αἰτιάματα,
1176 4645 1388 4714 ἦθελον,
1415 4646 1489 4707 ὡς
1521 4647 1712 4709 ἔοικεν,

175 4741 499 4806 ἀναγνώστας
553 4737 826 4806 ταχθῆναι
880 4735 912 4804 ἦ
953 4738 1030 4795 είς
1080 4735 1302 4803 ἐτέρους
1337 4733 1579 4802 βαθμοὺς
1614 4736 1716 4799 ἔξω

174 4830 248 4880 τιιῦ
277 4831 516 4898 βήματος
557 4828 723 4888 ὄντας
742 4839 758 4854 ⁸
790 4826 884 4876 καὶ
903 4824 1106 4891 ἔλεγον,
1125 4824 1218 4886 ὡς,
1243 4824 1398 4875 Ἐπεὶ
1433 4823 1719 4891 μετανοοῦ-

179 4937 260 4984 μεν
291 4925 378 4973 καὶ
407 4924 486 4978 είς
512 4921 686 4972 τόπον
721 4916 1135 4983 κατηντήσαμεν
1181 4913 1401 4977 λαῖκῶν,
1435 4914 1719 4981 ὀφείλομεν

180 5011 258 5059 κάν
282 5012 355 5070 είς
379 5009 629 5076 βαθμοὺς
658 5005 929 5066 τοιούτους
951 5005 1301 5072 προκόπτειν,
1355 5005 1433 5064 εἰς
1461 5003 1606 5064 οἴους
1629 5006 1720 5055 καὶ

177 5099 215 5146 οἱ
239 5098 406 5151 λαῐκοὶ
465 5096 869 5166 προκόπτουσι.
901 5094 1071 5146 Τοῦτο
1101 5093 1192 5145 οὖν
1225 5095 1298 5162 μὴ
1340 5091 1620 5160 δεξάμενοι
1669 5094 1718 5144 οί

177 5189 409 5256 Ηττὲρες,
469 5189 688 5258 ὥρισαν
735 5187 848 5245 τοῖς
877 5184 1240 5252 καθαιρεοείσι
1274 5184 1348 5252 μὴ
1384 5184 1719 5235 ἐπιτίθεσθαι

178 5280 307 5344 παρὰ
334 5280 437 5330 τῶν
467 5276 778 5346 ἀρχιερέων
821 5276 1005 5341 χεῖρας
1029 5274 1186 5340 χάριν
1229 5271 1561 5338 οἱασδήτινος
1593 5271 1648 5319 γ)
1665 5287 1722 5337 η-

181 5369 366 5431 ρώσεως
389 5386 402 5398 ·
439 5368 541 5420 κᾶν
571 5363 897 5435 μετανοῶσι,
917 5363 1007 5414 καὶ
1028 5364 1100 5423 ὡς
1128 5361 1308 5412 πιστοὶ
1333 5361 1510 5411 λοιῖκολ⁵
1531 5359 1721 5426 δέχων-

180 5474 269 5509 ται.
306 5460 453 5510 Ἐπεὶ
489 5457 548 5508 δέ
602 5454 788 5518 ἔλεγόν
816 5469 956 5512 τινες
1003 5452 1075 5511 ὡς
1107 5450 1168 5501 τὸ
1219 5449 1501 5516 βάπτισμα
1553 5449 1717 5516 ῥύπον

182 5552 331 5600 tivu
360 5548 648 5606 ἐκπλύνει,
685 5547 779 5595 καὶ
818 5542 1041 5609 ἐζήτουν
1065 5543 1127 5593 ἐκ
1149 5540 1400 5609 δευτέρου
1426 5539 1718 5606 βαπτισθῆ-

183 5655 270 5703 ιιι,
301 5641 435 5692 ὥστε
491 5636 908 5702 ἀποπλυνῡῆ·ιαι
959 5633 1097 5701 τάχα
1150 5633 1248 5700 τὴν
1314 5633 1720 5699 ἐγκληματιγῆν

185 5732 512 5790 ἁκαῦλοσίαν,
549 5730 618 5779 δι’
652 5729 716 5790 ἦν
771 5725 1169 5790 καθηρέθησαν,
1218 5725 1306 5775 καὶ
1340 5723 1478 5774 οὕτω
1512 5723 1717 5790 κληρω-

1819 3211 2007 3264 saltem
2062 3211 2268 3281 vicinos
2308 3215 2357 3265 in
2413 3215 2777 3269 testimonium
2825 3229 3104 3284 convocet,
3160 3232 3218 3274 ut
3246 3237 3364 3290 qua:

1818 3302 2058 3353 ecclesia
2109 3302 2247 3356 illius
2289 3305 2606 3357 acciderunt
2673 3307 3180 3372 incommoditates,
3227 3326 3365 3377 pro--

1819 3398 1933 3455 pter
1975 3406 2108 3457 quas
2146 3393 2416 3446 immobile
2449 3395 2577 3447 illud
2610 3397 2812 3458 vendit,
2835 3409 3185 3464 cognoscant,
3217 3409 3270 3450 et
3300 3413 3362 3451 ea

1818 3481 2018 3547 synodo
2050 3481 2208 3534 etiam
2230 3495 2410 3550 postea
2455 3483 2761 3537 exhibeant.
2803 3485 2858 3538 Si
2908 3494 3082 3539 autem
3120 3488 3231 3540 haec
3262 3502 3364 3540 nun

1818 3569 2199 3630 observaverit,
2247 3571 2340 3623 sed
2382 3585 2476 3623 sua
2527 3583 2716 3639 sponte
2743 3576 3106 3628 venditionem
3143 3575 3364 3642 fecerit;

1818 3664 1870 3709 ct
1907 3656 2015 3709 Deo
2060 3668 2113 3710 et
2151 3660 2353 3726 synodo
2389 3660 2669 3714 reddendae
2705 3661 2896 3715 rationi
2931 3663 3196 3717 obnoxius
3240 3665 3360 3728 crit,

1818 3755 1872 3798 et
1899 3746 1965 3799 ab
1987 3745 2190 3800 honore
2209 3747 2438 3804 alienus.

2355 3839 2580 3894 CANON
2635 3841 2797 3893 XXX.

1822 3947 1840 3979 ι
1881 3928 2139 3982 Similiter
2166 3931 2537 3982 continuatum
2571 3941 2672 3992 est,
2698 3942 2787 3997 ut,
2823 3933 2865 3985 si
2908 3934 3120 4000 quando
3147 3937 3367 4005 presby-

1894 4037 1911 4068 ι
1949 4029 2028 4072 ter
2084 4022 2166 4072 vel
2215 4020 2473 4073 diaconus
2536 4020 2761 4088 alicujus
2812 4025 3073 4087 gravioris
3125 4028 3368 4081 criminis

1891 4129 1908 4159 ι
1943 4111 2171 4162 convicti
2201 4110 2414 4174 fuerint,
2439 4115 2577 4178 qttod
2600 4127 2690 4165 eos
2713 4128 2742 4164 a
2766 4129 2919 4166 sacro
2946 4117 3243 4168 ministerio
3271 4133 3365 4170 ne.

1892 4217 1909 4250 ι
1945 4199 2179 4253 cessario
2215 4209 2409 4263 tuOVct,
2459 4216 2562 4253 non
2603 4217 2724 4256 esse
2759 4206 2836 4254 eis
2871 4219 3058 4256 manus
3094 4205 3369 4272 itttpnnett-

1891 4303 1910 4335 ι
1949 4289 2061 4349 das,
2100 4297 2155 4340 ιιι
2185 4288 2551 4355 pceuiteutiam
2581 4290 2878 4356 agentibus,
2915 4289 2994 4341 vel
3027 4301 3082 4342 ut
3115 4290 3358 4344 ﬁdelibus

1898 4391 1916 4424 ι
1951 4375 2132 4438 laicis;
2173 4389 2342 4442 neque
2378 4376 2611 4441 permitti
2645 4376 2744 4439 eis,
2784 4386 3035 4442 tanquam
3062 4376 3362 4444 rebaptiza-

1905 4484 1921 4516 ι
1958 4467 2039 4527 tis,
2072 4468 2134 4519 atl
2169 4467 2296 4520 cleri
2319 4468 2539 4531 gradum
2569 4469 2890 4533 promoveri.
2927 4485 2946 4517 ι

1893 4556 2083 4610 BALS.
2130 4557 2355 4620 Quidam
2391 4571 2598 4621 eorum,
2635 4558 2724 4626 qtti
2773 4560 2944 4610 locum
2998 4559 3271 4612 habebant
3314 4560 3365 4610 itt

1819 4649 2041 4716 pulpito,
2081 4647 2305 4714 depositi
2337 4657 2552 4714 propter
2595 4649 2904 4701 criminales
2942 4664 3163 4714 causas,
3224 4649 3366 4700 vole-

1820 4740 1969 4804 bant,
2016 4749 2070 4791 ut
2093 4750 2173 4792 est
2219 4739 2528 4800 verisimile,
2581 4740 2808 4793 lectores
2846 4740 3106 4803 ordinari,
3171 4739 3252 4791 vel
3313 4740 3366 4791 in

1821 4831 1955 4882 ali0s
1986 4829 2181 4898 gradus
2220 4830 2308 4896 qui
2336 4839 2460 4882 sunt
2483 4841 2631 4883 exu-a
2665 4831 2918 4897 pulpitum
2952 4848 2967 4882 :
2998 4839 3051 4883 et
3082 4832 3323 4883 dicebant
3351 4846 3364 4882 :

1820 4921 2077 4986 Quoniam
2105 4922 2468 4987 pmttitentiam
2501 4922 2710 4987 agimus
2739 4930 2792 4972 ct
2824 4922 2874 4972 in
2907 4921 3159 4973 laicor‘um
3195 4921 3365 4972 locum

1823 4997 2020 5062 redacti
2046 5023 2248 5068 sumus,
2279 5008 2536 5060 debemus
2579 5011 2768 5061 saltem
2803 5010 2867 5060 ad
2903 5025 2994 5061 eos
3026 5011 3221 5077 gradus
3245 5024 3369 5075 pro-

1824 5099 1964 5158 velti,
1993 5099 2055 5149 ad
2092 5115 2222 5164 quos
2249 5098 2370 5149 laici
2409 5100 2791 5166 provchutttur.
2836 5098 2942 5151 lloc
2977 5115 3104 5167 ergo
3137 5115 3239 5150 non
3271 5100 3366 5151 atl-

1821 5190 2093 5241 ntittentes
2128 5188 2313 5241 Patres
2338 5197 2658 5251 statuerunt,
2690 5199 2746 5240 ut
2773 5190 3027 5257 depasitis
3060 5204 3162 5241 nun
3197 5190 3370 5255 ίιιιμι-

1824 5287 2020 5330 nantur
2053 5292 2274 5342 manus,
2311 5280 2379 5331 ob
2411 5277 2834 5345 qualemcunque
2879 5279 2931 5329 itt
2967 5278 3166 5330 clerum
3216 5293 3362 5329 rece-

1822 5371 2079 5437 ptionetn,
2121 5370 2329 5422 etiamsi
2367 5367 2728 5436 pmuitentiam
2776 5378 2956 5436 agant,
2993 5379 3046 5422 et
3084 5377 3142 5420 ut
3185 5368 3368 5420 ﬁdeles

1824 5461 1941 5512 laici
2008 5460 2350 5526 recipiantur.
2399 5459 2531 5524 Quia
2582 5469 2757 5512 autem
2822 5459 3066 5512 dicebant
3131 5458 3366 5510 nonnulli

1825 5551 2141 5616 baptistttuut
2194 5549 2380 5601 sordes
2418 5563 2604 5600 omnes
2631 5549 2867 5608 abluere,
2909 5556 2963 5600 et
3000 5549 3244 5613 petebant
3288 5563 3372 5600 seu

1823 5639 1995 5692 eundo
2037 5638 2332 5704 baptizari,
2370 5649 2424 5688 ιιι
2455 5639 2726 5691 clueretur
2767 5638 2944 5691 forsan
2985 5639 3225 5691 criminis
3257 5655 3369 5690 ma-

1825 5726 1962 5787 cula,
2002 5737 2216 5787 propter
2246 5739 2403 5786 quant
2449 5735 2572 5778 sunt
2607 5726 2852 5786 depositi.
2893 5737 2944 5782 et
2974 5727 3050 5782 sic
3081 5729 3132 5781 in
3170 5727 3370 5780 clerum
