3982 6442
625 393 719 455 1·ςῦ

1847 399 1942 455 ΤΠ
1955 397 2116 456 EDD.
2162 398 2553 457 BALSAMON

3704 383 3814 446 136

619 511 720 552 est.
755 499 809 552 Si
841 501 979 553 enim
1013 501 1078 552 ab
1110 500 1371 554 Africanis
1421 502 1658 554 ecclesiis
1685 515 1788 553 non
1842 507 1996 556 datur
2050 507 2145 568 (est

2265 504 2493 574 Ἀφρικῇ
2533 506 2595 557 ού
2651 504 3050 572 συγχωροῦνται
3113 501 3331 568 τηρεῖν*
3398 499 3489 549 καὶ
3539 500 3569 562 ἡ
3614 497 3815 565 Ῥώμη

621 589 830 654 quidem
885 599 1031 641 certe
1080 588 1244 640 Roma
1299 597 1442 642 trans
1479 605 1654 649 mare.
1703 593 1745 642 si
1801 594 1865 643 ad
1917 593 2148 642 Africam

621 679 1000 746 comparetur),
1034 677 1195 728 multo
1217 678 1384 730 minus
1408 679 1456 728 itt
1485 679 1611 729 alias
1640 680 1979 745 rcgioncsjtts
2009 681 2151 746 ejus-

620 768 757 819 modi
789 767 1064 820 obtinebit.

618 851 839 903 AlllS'l‘.
891 872 907 901 t
949 847 1135 905 Clerici
1169 855 1528 916 condemnati,
1558 856 1600 908 si
1629 857 1858 921 judicent
1878 865 2149 916 accusent,

691 957 710 989 ι
748 950 894 992 trans
943 956 1086 993 utare
1134 958 1239 993 non
1286 947 1582 1010 appellent;
1623 947 1710 996 sed
1760 945 1823 996 ad
1874 946 2152 1011 episcopos

693 1052 709 1081 ι
755 1033 977 1094 vicinos,
1027 1041 1081 1083 et
1118 1035 1180 1084 ad
1217 1035 1489 1101 proprium
1533 1051 1546 1086 :
1589 1035 1822 1102 alioluin
1865 1036 1917 1087 in
1973 1037 2149 1088 Africa

695 1139 712 1169 ‹
752 1121 1292 1174 excontmunicentur.
1322 1139 1340 1170 ι

686 1293 868 1347 Patres
904 1296 952 1346 in
987 1296 1230 1347 omnibus
1259 1295 1513 1349 decorum
1547 1297 1872 1358 observant;
1917 1298 2152 1361 adeoque

616 1383 952 1450 utepiscnpi,
979 1384 1053 1435 uti
1097 1384 1312 1446 accidit,
1356 1386 1595 1438 molestia
1643 1401 1744 1438 non
1796 1385 2149 1451 afﬁcerentur,

613 1471 852 1523 decrevit
897 1472 1006 1523 haec
1052 1472 1102 1522 iu
1153 1472 1330 1526 Africa
1378 1474 1612 1541 synodus
1658 1475 1906 1538 clericos,
1957 1477 2044 1542 qui
2086 1477 2153 1528 ob

613 1559 797 1625 eulpas
832 1558 1035 1623 aliquas
1071 1575 1096 1609 a
1143 1561 1371 1627 propriis
1412 1563 1675 1629 episcopis
1708 1565 2151 1627 condemnamur,

613 1659 775 1711 seque
807 1647 994 1714 injuria
1025 1647 1242 1701 afl‘ecms
1274 1661 1478 1715 putant,
1514 1651 1650 1702 ultra
1685 1667 1829 1703 mare
1868 1654 1932 1704 ad
1970 1652 2149 1705 Romae

613 1734 791 1788 forsan
823 1736 1127 1804 episcOpum
1171 1749 1262 1790 aut
1300 1739 1531 1806 reliquos
1565 1755 1668 1791 non
1699 1755 2011 1808 provocare,
2061 1744 2152 1795 sed

2251 593 2356 660 γὰρ
2389 595 2559 660 πέραν
2585 593 2854 657 θαλάσσης
2895 591 3161 642 διάκειται
3195 589 3325 657 πρὸς
3357 587 3452 656 τὴν
3501 586 3773 654 Ἀφρικὴν
3795 602 3816 614 ⁸

2251 683 2431 750 πολλῷ
2458 684 2656 750 μᾶλλον
2688 682 2808 734 καθ’
2835 683 3034 751 ἐτέρων
3059 678 3249 747 χωρῶν
3290 680 3384 745 οὐχ
3425 676 3603 739 ἕξουσι
3632 675 3823 729 τοιοῦ-

2251 789 2339 823 τον
2375 774 2578 825 δίκαιον
2611 774 2744 841 (‘25).

2253 861 2470 912 ΔΡΙΣΤ.
2511 879 2529 911 ι
2563 861 2836 929 Κληριγαὶ
2869 860 3374 927 καταγνωσθέντςς,
3417 860 3482 912 ἂν
3527 859 3822 910 αἰτιῶνται

2328 967 2345 997 ι
2374 949 2464 999 τὸν
2489 949 2790 1013 διαγνόντα,
2832 947 2905 1017 μὴ
2928 949 3022 999 καὶ
3043 948 3213 1016 πέραν
3250 948 3520 1014 Θαλάσσης
3551 943 3781 997 ἐκκαλεῖ

2331 1054 2348 1085 ι
2380 1040 2614 1099 σθωσαν,
2639 1039 2769 1090 ἀλλὰ
2794 1040 2922 1105 πρὸς
2940 1041 3063 1100 τοὺς
3087 1038 3331 1103 γείτονας
3357 1037 3687 1096 ἐπισκόπους
3712 1036 3822 1086 καὶ

2329 1144 2344 1175 ι
2377 1128 2464 1177 τὸν
2517 1129 2681 1179 ἴδιονο
2750 1130 2797 1179 εί
2842 1128 2898 1179 δὲ
2949 1128 3021 1196 μὴ
3079 1130 3135 1179 ὲν
3173 1128 3398 1197 ’Λφρικῇ
3451 1125 3826 1195 άκοινώνητοι

2332 1237 2348 1266 ι
2387 1219 2665 1271 ἔσονται.)

2326 1308 2398 1359 Τὸ
2427 1309 2696 1374 εὐπρεπὲς
2725 1310 2780 1360 ἐν
2817 1311 2980 1359 πᾶσιν
3026 1311 3071 1359 οἱ
3113 1309 3349 1375 Πατέρες
3387 1307 3822 1374 συντηροῦντες.

2255 1396 2349 1448 καὶ
2375 1395 2432 1447 τὸ
2455 1396 2527 1464 μὴ
2558 1397 2877 1449 σκύλλεσθαι
2927 1399 3051 1459 τοὺς
3082 1397 3431 1463 ἐπισκόπους,
3483 1397 3556 1459 ὡς
3585 1399 3822 1468 ἔτυχεν,

2255 1486 2450 1554 ὥρισεν
2489 1487 2522 1553 ἡ
2557 1489 2610 1537 ὲν
2655 1488 2882 1554 ’Λφρικῇ
2914 1488 3047 1556 αὕτη
3084 1488 3320 1548 σύνοδος,
3374 1490 3500 1549 τοὺς
3543 1488 3635 1540 ἐπί
3658 1507 3824 1541 τισιν

2254 1575 2453 1636 αἰτίαις
2478 1577 2625 1643 παρὰ
2648 1577 2755 1628 τῶν
2795 1578 2938 1629 ἰδίων
2961 1579 3271 1629 ἐπισκόπων
3301 1578 3818 1640 καταδικασθέντας

2256 1661 2566 1729 κληρικοὺς,
2594 1663 2688 1714 καὶ
2727 1665 3003 1730 οἰομένους
3035 1665 3355 1727 ἀδικεῖσθαι,
3391 1666 3464 1734 μὴ
3513 1667 3684 1736 πέραν
3717 1667 3835 1718 θα-

2255 1750 2457 1822 λάσσης
2505 1753 2641 1820 πρὸς
2674 1754 2763 1805 τὸν
2803 1753 3018 1823 Ῥώμης
3063 1757 3221 1822 τυχὸν
3256 1757 3556 1809 ἐπίσκοπον
3604 1757 3636 1825 ἢ
3677 1759 3829 1834 τοὺς

611 1828 676 1878 ad
710 1827 908 1879 vicinos
950 1830 1246 1896 episcopos,
1293 1839 1492 1881 etcum
1530 1831 1725 1896 proprii
1767 1833 1999 1899 episcopi
2033 1847 2145 1885 sent

2263 1817 2471 1903 λοιπούς
2509 1817 2875 1907 ἐκκαλεῖσθαι,
2913 1817 3049 1896 αλλὰ
3087 1817 3218 1913 πρὸς
3246 1848 3370 1906 τοὺς
3402 1817 3645 1911 γείτονας
3683 1830 3826 1899 Em-

611 1918 772 1967 tentia
804 1929 919 1981 qua:
957 1918 1094 1969 inter
1132 1933 1221 1970 eos
1267 1927 1390 1971 sunt
1421 1920 1711 1972 examinari
1754 1930 1806 1972 et
1851 1923 1975 1973 dilui
2012 1939 2024 1973 :
2072 1925 2152 1975 sin

613 2002 788 2054 minus
816 2005 864 2054 in
899 2014 1001 2056 lola
1034 2005 1208 2059 Africa
1246 2008 1309 2059 ad
1341 2007 1775 2060 communionem
1814 2025 1919 2062 nou
1959 2013 2153 2063 admit-

612 2091 797 2143 tendos
824 2106 961 2146 esse.

1139 2275 1364 2330 CANON
1400 2278 1611 2334 XXXll.

615 2379 632 2412 ι
672 2364 925 2421 Similiter
956 2371 1152 2435 placuit
1182 2375 1441 2426 universa:
1473 2375 1698 2442 synodo,
1735 2384 1790 2427 ut
1817 2376 1905 2444 qui
1939 2385 2154 2446 propter

688 2473 705 2504 ι
747 2472 892 2507 suam
927 2460 1223 2511 socordiam
1252 2463 1626 2516 communione
1665 2475 1837 2518 motus
1884 2478 1985 2529 est,
2042 2469 2153 2522 sive

685 2564 704 2597 ι
745 2549 1022 2616 episcopus
1057 2550 1166 2602 sive
1199 2551 1421 2617 quilibet
1455 2554 1681 2607 clericus
1707 2594 1721 2616 ,
1758 2557 1800 2608 si
1834 2557 1881 2607 itt
1920 2566 2153 2625 tempore

686 2652 706 2684 ‹
750 2650 857 2688 sua:
881 2637 1463 2703 exconmmnicationis,
1499 2653 1777 2706 antequam
1803 2647 2012 2699 auditus
2036 2647 2150 2699 fue-

681 2744 699 2778 ι
745 2729 828 2789 rit,
872 2729 935 2781 ad
967 2731 1393 2782 communionem
1429 2746 1484 2783 se
1515 2734 1753 2799 ingerere
1784 2749 1944 2788 ausus
1972 2734 2149 2798 fuerit,

681 2836 700 2868 ι
741 2820 848 2884 ipse
871 2820 1121 2872 adversus
1149 2835 1205 2873 se
1234 2820 1692 2875 eondemnationis
1723 2825 2035 2878 sententiam
2065 2836 2148 2880 tu-

683 2927 699 2957 t
744 2909 867 2960 lisse
890 2909 1174 2973 judicetur.
1206 2927 1226 2959 ι

679 2997 872 3051 BALS.
924 2998 996 3049 Ex
1050 3001 1251 3052 decimo
1289 3013 1478 3068 quarto
1522 3017 1721 3055 canone
1752 3006 1934 3072 synodi
1969 3006 2149 3058 Sardi-

2258 1932 2509 1996 σκόπους,
2543 1935 2635 1986 καὶ
2670 1937 2808 2002 μετὰ
2837 1935 3060 2003 γνώμης
3094 1937 3186 1987 τοῦ
3231 1937 3360 1988 ἰδίου
3393 1939 3693 1990 ὲπισκὸπου
3739 1941 3825 1992 τὰ

2259 2023 2462 2087 μεταξὺ
2494 2024 2672 2076 αὐτῶν
2702 2026 2985 2094 τηρεῖσθαι
3016 2027 3108 2078 καὶ
3155 2027 3465 2079 διαλύεσθαι
3490 2043 3503 2058 ⁸
3537 2031 3584 2080 εί
3609 2030 3663 2082 δὲ
3705 2032 3819 2100 μὴ,

2254 2111 2652 2177 άπροσδέκτους
2712 2111 2854 2165 εἶναι
2919 2117 3000 2178 εἰς
3067 2116 3355 2168 κοινωνίαν
3421 2117 3477 2167 ἐν
3536 2120 3682 2188 πάσῃ
3743 2125 3826 2191 τῇ

2266 2200 2519 2271 Ἀφρικῇ.

2823 2298 3060 2350 ΚΛΝΩΝ
3090 2300 3211 2353 AB’.

2258 2401 2274 2432 ι
2317 2384 2542 2452 Ὁμοίως
2575 2387 2738 2454 ἤρεσε
2777 2390 3034 2459 συμπάσῃ
3063 2393 3128 2458 τῇ
3163 2392 3380 2460 συνόδῳ,
3413 2394 3499 2445 ἵνα
3525 2395 3552 2446 ὁ
3592 2394 3678 2446 διὰ
3709 2396 3788 2464 ῥα
3810 2423 3828 2435 -

2329 2490 2347 2522 ι
2386 2472 2584 2541 θυμίαν
2614 2475 2774 2527 αὑτοῦ
2802 2478 2902 2529 ὑπὸ
2932 2481 3209 2540 κοινωνίας
3237 2483 3521 2550 γενόμενος
3551 2485 3658 2536 εἴτε
3685 2487 3826 2537 ἐπί-

2326 2580 2344 2611 ‹
2389 2580 2607 2628 σκοπος,
2653 2567 2760 2618 εἴτε
2817 2568 3131 2634 οἱοσδήποτε
3158 2571 3435 2638 κληρικὸς,
3491 2575 3584 2624 ἐὰν
3617 2577 3675 2626 ὲν
3735 2575 3831 2644 τῷ

2322 2671 2340 2704 ι
2374 2654 2550 2722 καιρῷ
2575 2656 2670 2724 τῆς
2719 2657 3112 2726 ἀκοινωνησίας
3157 2662 3341 2725 αὑτοῦ,
3372 2665 3476 2732 πρὸ
3506 2662 3599 2716 τοῦ
3639 2666 3828 2717 ἀκου-

2325 2759 2342 2791 ι
2380 2743 2588 2810 σθῆναι,
2630 2747 2706 2806 είς
2741 2749 3025 2799 κοινωνίαν
3053 2749 3330 2817 τολμήσοι,
3355 2754 3515 2815 αὐτὸς
3538 2756 3656 2807 καθ’
3681 2757 3829 2808 ἑαυ-

2324 2849 2341 2880 ι
2378 2830 2472 2883 τοῦ
2531 2833 2628 2894 τῆς
2688 2835 2984 2904 καταδίκης
3041 2838 3137 2907 τὴν
3194 2839 3373 2908 ψῆφον
3425 2844 3821 2913 ἐξενηνοχέναι

2328 2939 2345 2970 ι
2385 2921 2567 2990 κριθῇ.
2611 2943 2628 2974 ι

2321 3013 2513 3066 ΒΑΆΣ.
2554 3015 2686 3066 Ἀπὸ
2709 3016 2801 3069 τοῦ
2834 3018 2899 3070 ιδ’
2934 3021 3153 3082 κανόνος
3176 3025 3270 3090 τῆς
3303 3025 3360 3074 ἐν
3388 3025 3619 3097 Σαρδικῇ
3654 3032 3832 3082 συνό-

606 3091 801 3148 tensis,
831 3098 878 3139 ct
910 3103 970 3139 ex
1004 3090 1252 3153 prmseuti
1288 3104 1494 3141 canone
1519 3092 1703 3142 dicunt
1736 3094 1922 3158 aliqui,
1951 3093 2145 3145 debere

2263 3103 2363 3163 5ου,
2395 3104 2488 3152 καὶ
2521 3104 2628 3155 ἀπὸ
2688 3106 2782 3157 τοῦ
2837 3111 3098 3176 παρόντος
3131 3112 3352 3173 κανόνος
3410 3114 3628 3182 λέγουσι
3659 3134 3827 3182 τινες

604 3192 813 3240 omnes,
840 3175 927 3242 qtti
954 3179 1427 3243 quomodot'nnque
1463 3179 1526 3229 ab
1556 3181 1841 3246 episcopis,
1864 3198 2147 3250 segregan-

608 3277 712 3324 lnt',
764 3269 1182 3333 segregationem
1233 3268 1543 3318 obedientcr
1592 3271 1884 3336 suscipere,
1929 3283 1978 3324 et
2028 3288 2145 3324 eam

604 3369 820 3406 servare
868 3356 1037 3406 donec
1076 3356 1347 3406 decretum
1396 3356 1555 3407 fuerit
1609 3373 1674 3408 au
1715 3368 1860 3411 recte
1903 3375 1968 3411 an
2013 3363 2148 3415 male

605 3441 799 3493 inflicta
855 3443 945 3494 sit.
997 3443 1134 3494 Dicit
1192 3445 1331 3495 enim
1385 3444 1685 3509 bicranon,
1745 3447 1998 3501 clericum
2057 3453 2144 3518 qui

604 3542 820 3597 propter
869 3533 1166 3583 socordiam
1214 3547 1305 3584 seu
1347 3545 1561 3600 peccata
1595 3535 1864 3600 depositus
1903 3548 2003 3599 est,
2041 3555 2146 3592 non

604 3633 756 3684 posse
788 3620 885 3671 sibi
911 3619 997 3682 jus
1032 3622 1235 3685 dicere,
1267 3631 1320 3673 ct
1355 3625 1772 3688 segregationem
1805 3637 2148 3680 Contemnere

605 3718 728 3760 ante
763 3711 1212 3764 examinationetn
1250 3727 1263 3773 ;
1324 3712 1367 3764 si
1422 3723 1597 3765 autem
1633 3715 1729 3767 ltoc
1763 3714 1967 3779 fecerit,
2004 3733 2146 3768 cott-

604 3797 928 3850 tlenmationi
985 3799 1194 3866 subjici.
1228 3805 1301 3850 Ac
1348 3800 1493 3852 multi
1526 3803 1738 3868 quidem
1784 3805 1881 3855 ltoc
1909 3820 2144 3858 canones

603 3885 680 3936 sic
734 3890 1018 3953 accipiunt.
1073 3889 1175 3940 Alii
1215 3898 1389 3942 autem
1439 3893 1775 3943 undecimum
1818 3903 1976 3960 caput
2019 3897 2144 3948 noni

605 3973 740 4024 tituli
792 3978 1067 4039 praesentis
1107 3979 1286 4044 Operis
1329 3981 1676 4045 reperientes,
1729 3983 1868 4047 quod
1917 3997 1980 4034 ex
2025 3986 2145 4050 qni-

604 4063 826 4115 basuam
855 4068 1034 4117 causis
1061 4070 1345 4135 episcopus
1381 4071 1462 4122 vel
1498 4070 1725 4124 clericus
1754 4073 1830 4124 vel
1863 4073 2028 4126 laicus
2064 4090 2146 4127 se-

603 4165 876 4218 gregatur,
941 4158 1218 4222 exposuit;
1274 4169 1327 4210 et
1377 4160 1638 4212 decimum
1692 4163 1933 4228 quintum
1989 4175 2147 4233 caput

602 4242 841 4308 ejusdem
881 4247 1012 4296 tituli
1040 4283 1055 4308 ,
1090 4247 1228 4312 quod
1260 4249 1384 4300 dicit
1413 4263 1474 4300 ex
1521 4251 1840 4317 quibusnam
1869 4258 2044 4308 causis
2078 4261 2148 4309 si-

604 4333 706 4383 ll:t|l
759 4336 1042 4400 deponitur
1093 4348 1144 4388 ct
1187 4349 1535 4405 segregatur;
1581 4350 1631 4392 et
1663 4357 1779 4410 cap.
1816 4345 1877 4396 l6
1910 4347 2143 4413 ejusdem

604 4422 686 4472 tit.
732 4427 868 4488 quod
904 4427 1029 4476 dicit
1070 4441 1129 4478 ex
1164 4430 1479 4494 quibusnam
1512 4433 1690 4484 cansis

605 4513 682 4562 vel
718 4513 883 4565 laicus
905 4516 1404 4580 anatltematizatur,
1437 4519 1619 4572 dicunt
1644 4524 1802 4587 quod,
1827 4526 1867 4577 si
1887 4540 1948 4578 ex
1970 4533 2145 4582 causis

601 4603 812 4664 quidem
850 4604 902 4654 in
942 4605 1098 4657 dictis
1130 4607 1397 4672 capitibus
1426 4608 1707 4663 declaratis
1737 4627 2047 4682 segregatus
2076 4620 2147 4672 sit

604 4696 669 4745 ab
685 4697 928 4762 episcopo
946 4696 1169 4751 clericus
1186 4700 1265 4751 vel
1286 4699 1468 4766 laicus,
1490 4702 1652 4756 debet-
1665 4720 1880 4760 servare
1896 4724 2145 4777 segrega-

606 4781 825 4845 tionem,
862 4785 1335 4854 quomodocunque
1357 4790 1554 4853 prolata
1588 4793 1742 4854 sit,et
1761 4807 1873 4845 eam
1899 4809 2144 4848 noncon-

607 4882 863 4938 temuere,
881 4877 1045 4928 donec
1063 4877 1176 4944 ejus
1195 4892 1348 4930 causa
1373 4878 1528 4932 fuerit
1546 4882 1867 4934 examinata.
1886 4883 1940 4937 Si
1965 4897 2140 4938 autem

601 4971 814 5027 propter
830 4961 1055 5029 aliquam
1079 4965 1232 5017 aliam
1251 4982 1464 5018 causam
1486 4969 1760 5036 episeopus
1783 4972 2143 5026 inconsidera-

602 5063 651 5105 te
682 5053 870 5106 laicmn
898 5056 974 5108 vel
999 5058 1246 5110 clericum
1269 5062 1608 5126 segregavit,
1651 5061 1786 5114 forte
1803 5065 1939 5129 quod
1958 5066 2144 5117 sediti-

597 5157 725 5196 oues
746 5161 844 5196 uon
862 5148 1057 5200 excitat
1074 5161 1256 5202 contra
1275 5151 1544 5217 proprium
1562 5162 1885 5218 exactorem,
1904 5158 1986 5207 vel
2005 5157 2142 5223 quod

599 5249 698 5288 non
745 5237 938 5304 iniqua:
985 5251 1036 5291 et
1080 5243 1371 5294 temeraria:
1410 5243 1523 5309 ejus
1553 5243 1804 5295 voluntati
1831 5249 2140 5312 asseutitur,

2251 3191 2484 3258 ὀφείλειν
2516 3193 2725 3257 πάντας
2764 3197 2888 3256 τοὺς
2937 3199 3288 3267 ὁπωσδήποτε
3335 3206 3486 3272 παρά
3540 3207 3648 3258 τῶν
3680 3209 3824 3260 ἑπι-

2250 3281 2464 3332 σκὸπων
2489 3284 2912 3353 άφοριζομὲνους
2967 3288 3214 3356 δέχεσθαι
3244 3291 3513 3356 εὐπειθῶς
3559 3297 3648 3349 τὸν
3672 3299 3825 3362 ἀφοο

2253 3372 2464 3439 ρισμὸν,
2497 3373 2586 3426 καὶ
2622 3375 2908 3441 φυλάττειν
2939 3377 3119 3443 αὑτὸν,
3162 3381 3354 3449 μέχρις
3398 3384 3463 3435 ἂν
3505 3384 3823 3457 διαγνωσθῇ

2249 3463 2296 3512 εί
2326 3462 2432 3530 ἄρα
2460 3465 2636 3526 καλῶς
2654 3466 2765 3516 εἴτε
2799 3467 2981 3528 κακῶς
3016 3470 3307 3540 ὲπηνέχθη.
3336 3474 3471 3542 Φησὶ
3510 3476 3616 3543 γάρ
3645 3470 3824 3540 οὗτος

2247 3554 2274 3603 ὁ
2303 3555 2479 3604 κανὼν
2501 3555 2590 3605 τὸν
2615 3556 2976 3622 ἀφορισθέντα
3000 3558 3259 3627 κληρικδν
3280 3561 3364 3614 διὰ
3388 3564 3658 3633 ρᾳθυμίαν
3681 3567 3821 3635 ἦτοι

2249 3643 2548 3711 ἁμάρτημα
2585 3645 2662 3711 μὴ
2703 3647 3082 3716 αὐτεκδίκητον
3116 3651 3359 3714 γίνεσθαι
3401 3654 3495 3704 καὶ
3527 3671 3823 3724 καταφρο-

2248 3733 2357 3781 νεῖν
2373 3733 2462 3783 τοῦ
2487 3735 2793 3804 ἀφορισμοῦ
2825 3738 2928 3804 πρὸ
2959 3739 3255 3804 ἐξετάσεως
3274 3758 3287 3772 ο
3321 3745 3367 3794 εἰ
3391 3745 3446 3796 δὲ
3469 3744 3624 3796 τοῦτο
3650 3748 3827 3814 ποιήο

2250 3837 2367 3886 σει,
2421 3825 2684 3894 καταδίκῃ
2732 3827 3264 3884 καθυποῦάλλεσθαι.
3318 3836 3426 3885 Καὶ
3479 3835 3667 3888 πολλοὶ
3707 3838 3825 3905 μὲν

2247 3912 2389 3964 οὕτω
2417 3914 2634 3976 τούτους
2671 3917 2798 3976 τοὺς
2832 3919 3059 3980 κανόνας
3109 3921 3576 3989 ἐκλαμϐάνονταιο
3613 3925 3812 3993 ἕτεροι

2247 4005 2302 4056 δὲ
2323 4006 2664 4074 εὑρίσκοντες
2693 4008 2753 4059 τὸ
2783 4015 2848 4059 ια’
2878 4011 3068 4076 κεφάλ.
3106 4011 3198 4062 τοῦ
3233 4010 3272 4063 θ’
3309 4015 3488 4066 τίτλου
3533 4014 3625 4067 τοῦ
3659 4034 3824 4084 παρ⁴

2247 4094 2394 4156 όντος
2418 4098 2810 4163 συντάγματος,
2867 4099 3022 4165 λέγον
3053 4101 3114 4151 ἐκ
3147 4103 3312 4154 ποίων
3333 4105 3522 4156 αίτιῶν
3548 4106 3827 4172 ἀφορίζε-

2247 4198 2334 4233 ται
2365 4185 2663 4245 ἐπίσκοπος
2695 4185 2725 4253 ἢ
2761 4186 3038 4254 κληρικδς,
3071 4187 3102 4256 ἢ
3137 4187 3356 4252 λαῖκόςο
3390 4192 3483 4243 καὶ
3524 4194 3584 4244 τὸ
3615 4191 3676 4244 ιε’
3716 4212 3826 4246 κε-

2250 4273 2380 4339 (pila
2395 4291 2469 4323 ιον
2496 4273 2584 4324 τοῦ
2620 4275 2782 4325 αὐτοῦ
2814 4277 3011 4340 τίτλου,
3042 4277 3196 4345 λέγον
3223 4283 3283 4331 ὲκ
3312 4284 3477 4333 ποίων
3499 4298 3582 4344 τις
3613 4285 3824 4338 αἰτιῶν

2251 4363 2308 4412 ὲν
2352 4362 2428 4430 τῷ
2460 4362 2606 4431 αὐτῷ
2637 4364 2954 4432 ἀφορίζεται
2994 4370 3086 4420 καὶ
3114 4369 3452 4438 καθαιρεῖται
3473 4388 3486 4402 ’
3523 4374 3616 4424 καὶ
3644 4373 3706 4425 τὸ
3733 4385 3824 4440 ις’

1735 4436 1959 4490 Clericus
2179 4437 2222 4491 θ
2252 4453 2541 4516 κεφάλαιον
2574 4455 2665 4506 τοῦ
2694 4455 2856 4507 αὐτοῦ
2898 4456 3076 4509 τίτλου
3125 4459 3280 4526 λέγον
3323 4463 3387 4513 ὲκ
3417 4464 3584 4515 ποίων
3615 4467 3824 4519 αἰτιῶν

2251 4539 2503 4608 κληρικὸς
2531 4545 2562 4611 ἢ
2597 4545 2778 4612 λαῖκδς
2806 4547 3259 4615 άναθεματίζεται
3286 4552 3536 4618 λέγουσιν
3567 4555 3668 4618 ὅτι,
3706 4559 3819 4609 ἐὰν

2251 4631 2348 4698 μὲν
2377 4630 2435 4693 ἐξ
2467 4634 2656 4684 αἰτιῶν
2696 4634 3039 4702 δηλουμένων
3070 4641 3130 4689 ὲν
3187 4642 3295 4701 τοῖς
3345 4641 3680 4711 διαληφθεῑσι
3722 4665 3824 4699 κει.

2250 4719 2495 4784 φαλαίοις
2517 4721 2781 4790 άφορισθῇ
2811 4727 2959 4794 παρά
2991 4729 3291 4781 ἐπισκόπου
3318 4731 3577 4799 κληρικδς
3626 4735 3658 4801 ἢ
3689 4735 3824 4787 λαῖο

2252 4807 2362 4869 κὸς,
2394 4809 2595 4875 ὀφείλει
2645 4812 2933 4878 φυλάττειν
2982 4816 3071 4867 τὸν
3107 4819 3444 4886 άφορισμὸν,
3494 4822 3598 4874 κᾶν
3656 4825 3824 4888 ὅπως

2250 4896 2314 4948 ἂν
2343 4899 2431 4949 καὶ
2463 4901 2760 4970 ἀπηνεχθῇ.
2797 4903 2890 4954 καὶ
2919 4904 2992 4972 μὴ
3021 4911 3381 4974 καταφρονεῖν
3403 4912 3569 4964 αὐτοῦ
3603 4915 3822 4984 μέχρις

2249 4985 2314 5036 ἂν
2338 4987 2638 5058 δοκιμασθῇ
2667 4992 2697 5057 ἡ
2728 4990 2912 5044 τούτου
2943 4995 3091 5045 αἰτία
3114 5013 3126 5025 ·
3155 4999 3202 5048 εί
3227 4998 3282 5048 δὲ
3312 4998 3400 5051 διά
3426 5017 3477 5052 τι
3506 5002 3692 5072 ἕτερον
3720 5012 3822 5059 αῖ-

2248 5092 2360 5127 τιον
2390 5077 2668 5148 ἁμετὸχως
2713 5079 2883 5142 οὕτως
2929 5083 3161 5155 άφορίσῃ
3216 5087 3513 5152 ἐπίσκοπος
3544 5092 3736 5148 λαῖκὸν
3775 5102 3815 5169 ἢ

2249 5164 2525 5232 κληρικὸν,
2549 5169 2706 5235 τυχὸν
2752 5170 2831 5221 ὅτι
2869 5173 2928 5223 ού
2965 5177 3242 5237 στασιάζει
3293 5181 3433 5233 κατὰ
3476 5183 3567 5235 τοῦ
3595 5188 3812 5243 οἰκείου

2251 5256 2576 5324 πράκτορος,
2607 5260 2687 5309 ὃτι
2735 5260 2792 5310 οὐ
2823 5260 3033 5315 δίδωσιν
3060 5266 3207 5333 αὐτῷ
3243 5271 3473 5339 πρᾶγμά
3494 5291 3545 5325 τι
3577 5277 3814 5346 οἰκεῖον,

1791 5382 1986 5443 Guill.
2024 5386 2349 5464 Beveregii
2390 5397 2577 5449 notua.

669 5496 778 5566 (‘23)
816 5500 1088 5551 Τοιοῦτον
1139 5501 1388 5554 δίκαιον.
1436 5501 1559 5555 Post
1608 5504 1717 5556 haec
1767 5504 1953 5556 ultima
2016 5507 2133 5558 Zo-

598 5580 741 5616 narze
772 5571 820 5618 in
855 5571 990 5621 Itunc
1017 5584 1274 5621 cauoncm
1303 5573 1458 5622 verba
1494 5574 1543 5623 in
1576 5589 1672 5624 tns.
1729 5574 1951 5637 Augusd
2007 5576 2132 5626 Gal.

599 5635 736 5707 laudi
770 5637 814 5686 J.
849 5638 908 5688 C.
938 5638 1119 5690 (‘O‘Jll‘c
1154 5640 1389 5700 additur,
1429 5641 1765 5707 Σημεισιιτὲον
1806 5635 1857 5690 δὲ
1911 5643 1991 5692 ὅτι
2047 5645 2136 5694 καὶ

598 5702 816 5772 δευτέρα
851 5707 1103 5773 ἕκκλητος
1134 5710 1240 5768 τοῖς
1271 5702 1547 5778 κὶηρικοῗς
1581 5709 1794 5775 δίδοται,
1834 5707 2134 5764 Νοίιιηίίιινι

2239 5520 2310 5562 est
2345 5521 2539 5592 autem,
2566 5515 2700 5592 quod
2735 5517 2896 5592 etiam
2947 5521 3172 5592 secunda
3217 5532 3516 5590 provocatio
3588 5535 3807 5592 clericis

2242 5583 2556 5633 conceditur.
2591 5583 2691 5634 Sed
2735 5586 3174 5658 limentargitmlis
3209 5583 3413 5647 tantum
3466 5583 3808 5658 tt(.tam\{i;j[g:

2244 5658 2340 5725 Iun
2371 5665 2536 5727 aqua:
2568 5653 2790 5716 proinde
2825 5656 2875 5704 in
2903 5658 3086 5710 CUdlCC
3120 5663 3549 5722 Amcrbacliiano
3591 5653 3805 5729 recti-us

2239 5727 2525 5771 Olllllllllll'.
