3982 6494
598 397 696 459 139

1828 387 2101 448 ΤΠΕΟΙ).
2145 387 2236 446 ΒΑ
2247 387 2547 446 LSAMON

3697 374 3802 443 MD

593 511 732 564 enim
759 508 938 577 procul
969 508 1101 562 situs
1125 508 1211 569 sit,
1236 521 1340 560 non
1360 515 1574 574 cogetur
1593 505 1753 568 iudex
1776 514 1866 558 aut
1895 508 2140 558 adversa-

2254 503 2480 571 ἔγγιστα
2507 504 2846 571 διακείμενον
2877 501 3058 564 τόπον,
3096 499 3142 550 εἱ
3165 498 3268 566 γὰρ
3297 495 3483 566 πόρῤω
3510 493 3802 550 διάκειται.

595 602 705 652 tius
729 600 867 652 lianc
896 598 1407 665 electionemseqni.
1431 596 1684 649 Existimo
1723 605 1897 648 autem
1924 594 2032 646 lucc
2066 594 2142 644 lo-

592 705 713 742 cum
740 703 843 740 non
865 688 1058 741 habere
1076 689 1126 739 in
1147 684 1826 754 patriarcha!ibusjutliciis;
1844 683 2003 751 556
2015 682 2137 750 quia

595 791 752 829 nemo
792 786 965 844 potest
994 787 1189 828 metum
1218 774 1431 828 causari
1453 814 1468 840 ,
1497 776 1584 826 uhi
1622 773 1993 840 patriarchalis
2021 788 2104 823 ma
2129 801 2138 810 -

593 866 887 934 gnitudinis
917 873 1150 930 potestas
1193 879 1406 917 onmem
1435 871 1649 929 superat
1674 863 1962 929 potentiam
1998 877 2009 911 :
2044 861 2137 914 sed

595 958 661 1007 de
687 955 1077 1021 episcopalibus
1113 953 1454 1007 inferioribus
1473 953 1691 1021 judiciis
1715 952 1827 1005 haec
1851 960 1972 1004 sunt
1995 952 2143 1006 acci-

596 1046 811 1114 pienda,
871 1045 957 1097 ubi
995 1053 1043 1099 et
1094 1045 1291 1112 judicis
1321 1055 1373 1098 ct
1401 1045 1726 1111 litigatorum
1761 1041 1937 1098 facilis
1990 1052 2070 1097 est
2107 1057 2137 1094 a

603 1138 724 1189 loco
760 1135 809 1190 in
836 1137 1010 1189 locum
1041 1137 1336 1190 translatio.

665 1403 916 1458 ZONAR.
949 1403 1002 1457 Si
1034 1419 1174 1472 qum,
1210 1404 1403 1472 inqmt,
1445 1407 1668 1458 exsistat
1703 1405 1838 1458 inter
1871 1405 2004 1458 duos
2035 1405 2143 1458 ele-

594 1490 736 1543 ricos
791 1493 1175 1556 controversia,
1223 1507 1516 1559 eorumque
1568 1493 1721 1556 alter,
1780 1507 1886 1561 quo
1943 1494 1993 1545 in
2027 1492 2143 1545 loco

595 1580 833 1634 tribunal
873 1581 1119 1647 erigitur,
1161 1583 1264 1634 vim
1327 1583 1693 1651 pertimescat,
1729 1584 1884 1651 quasi
1934 1582 2142 1637 scilicet

593 1671 820 1737 populus
849 1685 1112 1739 propenso
1153 1672 1204 1723 in
1256 1670 1620 1724 adversarium
1669 1672 1784 1739 ejus
1813 1672 1991 1725 animo
2039 1671 2140 1724 im-

593 1767 774 1825 petum
813 1757 952 1812 forte
1000 1759 1050 1811 in
1102 1759 1246 1812 illum
1283 1759 1518 1813 facturus
1572 1761 1662 1824 sit,
1696 1760 1777 1814 vel
1821 1761 2047 1814 testibus
2074 1761 2142 1814 ab

2247 598 2346 648 οὐκ
2383 597 2857 665 ἀναγκασθήσεται
2894 597 2919 645 ὀ
2952 591 3208 654 δικαστὴς
3241 590 3271 652 ἢ
3310 591 3337 639 ό
3365 586 3636 644 ἀντίδικος
3670 583 3810 633 άκο-

2246 686 2502 753 λουθῆσαι
2533 687 2598 756 τῇ
2631 685 2850 753 ἑπιλογῇ
2881 684 3072 751 ταύτῃ.
3104 678 3269 749 Οἶμαι
3303 678 3358 728 δὲ
3391 678 3471 728 ὅτι
3498 673 3667 726 ταῦτα
3695 671 3792 738 χώι

2249 789 2349 843 ραν
2375 775 2475 828 οὐκ
2506 775 2716 842 ἔχουσιν
2745 777 2822 835 εἰς
2847 775 2912 826 τὰ
2937 769 3303 838 πατριαρχιιὰ
3325 766 3651 834 δικαστήρια
3676 780 3690 792 ·
3718 763 3805 814 ὃτι

2242 865 2413 927 οὐδεὶς
2464 865 2687 918 δύναται
2728 865 2888 932 φόϐον
2914 861 3282 932 προϐαλέσθαι
3321 857 3447 910 ἔνθα
3495 859 3528 924 ἡ
3579 853 3805 920 ἐξουσία

2244 955 2345 1022 τῆς
2373 957 2782 1025 πατριαρχικῆς
2817 953 3232 1023 μεγαλειότητος
3264 949 3583 1017 ὑπερϐαίνει
3613 945 3804 998 πᾶσαν

2242 1045 2553 1098 δυναστείαν
2579 1063 2591 1076 ·
2621 1047 2734 1099 ἀλλ’
2767 1047 2845 1110 είς
2878 1044 3208 1098 ἑπισκοπικά
3236 1042 3422 1108 εὐτελῆ
3473 1037 3806 1106 δικαστήρια

2245 1135 2313 1187 τά
2346 1135 2438 1188 τοῦ
2470 1138 2686 1201 κανόνος
2728 1137 3143 1207 ὲκληφθήσεται.
3175 1135 3306 1186 ὅπου
3336 1133 3430 1186 καὶ
3459 1133 3488 1201 ἡ
3523 1130 3616 1184 τοῦ
3639 1129 3803 1181 δικα-

2250 1226 2373 1278 στοῦ
2400 1227 2494 1280 καὶ
2517 1229 2549 1296 ἡ
2576 1229 2682 1280 τῶν
2710 1227 2992 1281 ἀντιδίκων
3053 1227 3118 1279 εκ
3143 1226 3307 1278 τόπου
3365 1224 3444 1287 είς
3501 1223 3662 1275 τόπον
3704 1235 3810 1288 με-

2249 1315 2503 1377 τάστασίς
2541 1318 2688 1370 ἐστιν
2717 1318 2963 1386 εὐχερής.

2314 1408 2557 1464 ΖΩΝΔΡ.
2605 1409 2722 1463 Κᾶν
2755 1409 3025 1481 κληρικοὶ,
3067 1407 3221 1478 φησὶ,
3250 1407 3342 1462 δύο
3383 1407 3507 1462 κατ’
3547 1403 3808 1476 ἀλλήλων

2241 1498 2429 1567 ἔχωσι,
2466 1501 2560 1554 καὶ
2593 1502 2621 1553 δ
2653 1497 2731 1563 εἷς
2778 1501 3009 1570 φοϐῆται
3049 1500 3172 1570 βίαν
3201 1501 3260 1552 ἂν
3374 1499 3689 1551 συνίσταται
3737 1497 3811 1548 τὸ

2240 1591 2611 1661 δικαστήριον,
2655 1591 2728 1655 ὡς
2776 1593 2902 1656 ῐσως
2980 1589 3459 1661 παναστησομένου
3512 1586 3659 1656 αύτῷ
3703 1585 3807 1639 τοῦ

2231 1681 2374 1753 ,λαοῦ
2407 1684 2803 1752 προσκειμένου
2833 1679 2910 1751 τῷ
2937 1683 3184 1751 ἀντιδίκῳ
3214 1680 3397 1744 αὑτοῦ,
3425 1679 3582 1750 ἢούκ
3607 1678 3813 1732 ὲάσονο

2246 1791 2335 1837 τος
2379 1774 2542 1827 αὐτὸν
2592 1778 2935 1844 παραγαγεῖν
2976 1775 3278 1845 μάρτυρας,
3325 1770 3606 1825 ἐνδιδόσθω
3645 1768 3813 1836 αὐτῷ

595 1861 661 1902 εο
725 1849 1082 1916 Ρτοάυενηάίδ
1140 1850 1513 1917 Ῐη¹Ρθδίηῖθ¹³ῑο
1567 1849 1806 1916 futurus;
1858 1851 1929 1903 illi
1977 1851 2140 1904 “lium
2175 1867 2216 1921 Β
2244 1863 2434 1931 ῑτερον
2470 1863 2822 1927 ἐπιλέξασθαι
2861 1863 3045 1929 τόπον,
3081 1862 3163 1916 ἵνα
3207 1863 3320 1914 ἐκεῖ
3359 1861 3420 1914 τὸ
3446 1860 3812 1928 δικαστήριον

595 1937 954 2004 persequendi
986 1936 1172 2001 judicii
1207 1937 1380 1990 locum
1429 1938 1653 2006 eligendi
1694 1937 1919 1991 facultas
1971 1938 2138 1992 libera

596 2027 964 2094 relinquatur:
993 2026 1164 2079 locum
1210 2041 1336 2080 vero
1376 2028 1616 2094 proxime
1660 2029 1842 2090 situm,
1878 2043 1982 2081 non
2024 2027 2139 2080 lon-

594 2129 660 2185 go
697 2115 974 2169 intervallo
1036 2114 1388 2182 disjunctum,
1426 2130 1492 2170 ne
1538 2118 1844 2171 adversario
1871 2115 2136 2186 etjudici-

597 2206 695 2261 bus
730 2207 854 2259 illuc
905 2205 1191 2259 convenire
1246 2206 1463 2259 difﬁcile
1511 2207 1602 2272 sit,
1651 2215 1813 2274 utque
1846 2207 1956 2260 illic
1988 2205 2141 2260 facile

597 2306 759 2351 testes
797 2297 1049 2350 exhibere
1084 2295 1615 2363 controversiamque
1660 2296 1912 2348 dirimere
1959 2295 2138 2348 liceat.

593 2386 725 2442 Nam
766 2388 810 2441 si
848 2388 1001 2456 longe
1037 2386 1223 2452 judicii
1259 2388 1544 2445 exercendi
1595 2387 1749 2442 sedes
1779 2387 1938 2450 absit,
1976 2394 2138 2441 testes

598 2494 811 2546 quoque
854 2479 1154 2545 producere
1186 2478 1398 2531 difﬁcile
1424 2479 1543 2531 erit.
1574 2477 1751 2545 Neque
1772 2476 1913 2530 enim
1946 2486 2002 2530 ut
2023 2477 2140 2529 lun-

566 2567 708 2635 'gius
758 2570 1171 2637 peregrinantur
1223 2576 1392 2621 testes
1421 2568 1613 2622 adduci
1672 2575 1945 2636 poterunt.
2005 2565 2138 2620 Nam

593 2659 864 2728 proprium
895 2659 1129 2712 officium
1160 2659 1356 2712 nemini
1410 2657 1731 2711 detrimento
1775 2672 1893 2711 esse
1923 2657 2137 2721 debere,

595 2755 710 2820 lege
738 2749 1063 2804 decernitur.
1093 2746 1338 2803 Ofﬁcium
1361 2762 1486 2801 vero
1509 2747 1750 2801 Latimnn
1776 2759 1855 2801 est
1884 2747 2126 2813 verbum,

593 2841 1113 2896 administrationem
1161 2839 1484 2908 minimeque
1516 2841 1729 2894 dubiam
1759 2841 1914 2893 ﬁdem
1941 2839 2142 2908 signiti-

594 2945 742 2981 cans.

595 3017 821 3071 ARIST.
877 3037 893 3068 ι
925 3018 1021 3083 Qui
1084 3028 1318 3080 accusat,
1372 3018 1451 3070 vel
1503 3027 1801 3083 accusatur,
1836 3017 2141 3072 violentiam

667 3121 684 3152 ι
733 3105 939 3167 timens,
968 3104 1137 3155 locum
1162 3103 1260 3156 sibi
1288 3113 1460 3156 tutum
1490 3103 1699 3171 scligat.
1735 3121 1752 3153 ι

672 3189 772 3254 Qui
824 3190 1054 3257 aliquem
1094 3200 1344 3255 accusat,
1393 3199 1446 3244 et
1499 3191 1796 3258 suspicatur
1846 3204 1902 3244 se
1935 3191 2041 3243 vim
2073 3189 2140 3244 ab
2167 3173 2210 3231 (ἶ

593 3281 826 3334 accusati
845 3289 993 3348 parte
1021 3295 1326 3348 passurum,
1352 3281 1430 3334 vel
1457 3282 1569 3335 vice
1593 3296 1743 3335 versa
1764 3292 2047 3335 accusatus
2074 3280 2142 3334 ab

600 3380 954 3434 accusatore;
991 3385 1362 3439 quemcunque
1403 3371 1581 3424 volunl
1644 3371 1816 3424 locum
1874 3372 1939 3425 ad
1988 3385 2142 3426 secu-

593 3464 806 3517 ritatem
857 3476 1008 3514 suam
1066 3461 1281 3529 eligant,
1335 3462 1422 3514 ubi
1474 3461 1626 3514 facile
1669 3462 1875 3528 possint
1914 3471 1967 3515 et
2019 3477 2138 3515 cum

595 3556 747 3622 ipsis,
796 3570 928 3623 quos
961 3554 1097 3608 forte
1128 3553 1322 3607 habent
1370 3554 1590 3605 testibus
1616 3554 1942 3616 conversari,
1969 3560 2024 3607 et
2056 3553 2141 3621 ju-

593 3649 736 3700 dicio
785 3646 904 3700 sine
949 3645 1182 3713 periculo
1208 3648 1398 3697 sistere
1430 3661 1443 3696 :
1478 3658 1542 3696 ne
1582 3653 1794 3710 propter
1843 3644 2138 3697 istiusmodi

593 3739 840 3790 timorem
879 3747 1163 3788 accusator
1193 3736 1260 3787 ab
1289 3735 1628 3788 accusatione
1661 3734 1904 3796 desistat,
1933 3733 2015 3786 vel
2046 3746 2142 3786 ac-

591 3837 814 3882 cusatus
868 3842 896 3880 a
947 3827 1149 3894 judicio
1210 3825 1514 3879 clanculum
1564 3825 1798 3887 recedat,
1853 3833 1906 3878 et
1945 3825 2137 3880 absens

593 3919 1003 3974 condemnetur.

1113 4089 1338 4145 CANON
1370 4088 1608 4144 XXXIV.

599 4203 615 4234 ι
666 4184 721 4236 Si
758 4183 846 4252 qui
901 4182 1079 4236 clerici
1132 4197 1161 4234 a
1213 4183 1441 4249 propriis
1477 4182 1740 4250 episcopis
1771 4191 1998 4250 promoti
2045 4194 2138 4234 eos

668 4295 685 4326 ι
717 4282 1086 4336 contemnant,
1123 4288 1191 4325 ne
1234 4271 1341 4325 illic
1369 4273 1579 4340 quidem
1617 4280 1865 4324 maneant
1887 4272 2024 4324 unde
2054 4285 2138 4323 se-

677 4386 694 4417 ι
734 4368 925 4420 cedere
976 4366 1280 4418 noluerunt.
1319 4361 1577 4416 Similiter
1610 4364 1838 4430 placuit,
1873 4371 1927 4413 ut
1957 4363 2136 4428 cujus-

675 4476 692 4507 ι
735 4454 1090 4520 modicunque
1117 4450 1296 4504 cleriti
1328 4458 1380 4501 et
1404 4447 1633 4509 diaconi,
1670 4447 1711 4500 si
1737 4448 1848 4500 suis
1877 4444 2136 4512 cpisc0pis

673 4565 692 4599 ι
735 4556 954 4613 promer
1005 4552 1255 4611 urgentes
1290 4541 1494 4608 aliquas
1530 4553 1746 4591 suarum
1785 4537 2135 4591 ecclesiarum

668 4657 684 4688 ι
724 4650 913 4688 causas
955 4651 1047 4686 eos
1090 4633 1153 4684 ad
1190 4631 1489 4697 majoresin
1514 4629 1740 4683 ecclesia
1779 4643 1871 4682 sua
1911 4628 2138 4680 honores

667 4748 682 4778 ι
727 4726 1023 4794 provehere
1071 4721 1409 4782 volentibus,
1469 4735 1569 4772 non
1628 4719 1934 4787 paruerint,
1986 4731 2050 4768 ne
2085 4715 2136 4768 in

677 4838 695 4871 ι
739 4819 825 4870 illo
852 4817 1064 4884 quidem
1102 4815 1264 4883 gradu
1300 4812 1623 4875 ministrent,
1655 4824 1718 4862 ex
1757 4823 1861 4877 quo
1887 4807 2139 4862 recedere

668 4929 682 4960 ι
729 4909 1031 4961 uoluerunt.
1066 4923 1083 4955 ι

659 5018 850 5073 BALS.
887 5017 1110 5081 Quidam
1140 5016 1346 5079 clerici,
1386 5022 1441 5067 ut
1469 5022 1552 5067 cst
1599 5011 1911 5072 verisimile,
1953 5025 1979 5062 a
2025 5010 2137 5062 suis

589 5109 858 5177 episcopis
884 5109 949 5160 ad
1000 5107 1228 5175 majores
1282 5107 1477 5173 gradus
1523 5102 1751 5165 evocati,
1809 5111 2026 5168 prapter
2052 5117 2139 5152 ec-

588 5199 871 5252 clesiarum
913 5197 1217 5258 utilitatem,
1256 5211 1359 5248 non
1416 5191 1873 5262 persnadebantur
1919 5189 2017 5242 hoc
2057 5189 2139 5240 fa-

590 5282 732 5350 r’ere,
766 5300 829 5338 co
859 5286 1000 5353 quod
1045 5284 1446 5351 acquiescerent
1477 5282 1542 5334 iis
1572 5296 1705 5349 quos
1732 5281 1840 5349 jam
1867 5279 2138 5331 habebant

590 5377 863 5442 gradibus,
887 5377 1038 5430 lucro
1069 5375 1297 5428 fortasse
1315 5373 1395 5426 vel
1416 5373 1677 5440 corporali
1695 5374 1872 5440 quiete
1898 5369 2132 5422 adducti.

595 5468 904 5518 Statuerunt
937 5481 1063 5532 ergo
1097 5465 1306 5528 Patres,
1337 5473 1393 5514 ttt
1423 5463 1465 5515 si
1494 5462 1581 5529 qui
1619 5463 1825 5521 clerici,
1861 5463 2136 5529 cujusmo-

594 5557 859 5624 dit-Imque
892 5557 1219 5611 sacerdotale
1273 5554 1624 5607 ministerium
1657 5565 1969 5607 exercentes
2021 5555 2136 5622 (nc-

592 5661 694 5712 que
739 5647 878 5698 enim
929 5647 1012 5700 hic.
1047 5645 1382 5714 accipiuntur
1427 5643 1631 5695 diaconi
1683 5659 1777 5709 pro
1822 5643 1907 5705 iis,
1958 5643 2050 5709 qui
2085 5643 2132 5694 in

591 5746 777 5792 sancto
806 5735 1055 5789 tribunali
1084 5736 1419 5800 ministrant;
1462 5733 1554 5788 sed
1595 5747 1691 5801 pro
1722 5733 1812 5798 iis,
1836 5733 1924 5801 qui
1956 5734 2127 5798 quod-

2241 1954 2506 2023 γένηταιο
2567 1952 2793 2021 ἔγγιστα
2852 1953 2908 2006 δὲ
2962 1953 3296 2021 διακείμενον
3347 1951 3511 2003 τόπον
3563 1950 3656 2003 καὶ
3719 1950 3808 2019 μὴ

2240 2045 2381 2098 πάνυ
2432 2045 2618 2115 πάρῤω
2667 2044 3024 2112 τυγχάνοντα,
3062 2043 3200 2096 ὥστε
3247 2043 3383 2112 μήτε
3422 2040 3498 2110 τῷ
3542 2041 3809 2109 ἀντιδίκῳ

2239 2132 2424 2198 αὐτοῦ,
2478 2135 2611 2204 μήτε
2645 2135 2754 2196 τοῖς
2778 2133 3087 2197 δικάζουσιν
3128 2128 3266 2186 είναι
3298 2131 3534 2200 δυσχερῆ
3567 2130 3664 2200 τὴν
3707 2133 3802 2192 είς

2242 2227 2445 2279 ἐκεῖνον
2485 2224 2574 2277 τὸν
2607 2223 2772 2278 τόπον
2803 2224 3115 2290 άπέλευσιν,
3141 2224 3232 2286 ’ὡς
3276 2223 3342 2277 ἂν
3393 2222 3630 2292 εὐχερῶς
3672 2223 3806 2274 ἐκεῖ

2243 2312 2514 2382 μάρτυρες
2539 2312 2878 2381 παραστῶσι,
2910 2313 3003 2366 καὶ
3036 2314 3066 2382 ή
3098 2313 3351 2376 ὑπόθεσις
3378 2311 3690 2382 περατωθῇ.
3727 2311 3802 2364 Εἰ

2241 2403 2348 2474 γάρ
2368 2404 2556 2472 πόρρω
2581 2403 2849 2458 διάκειται
2874 2403 2902 2454 ό
2921 2402 3081 2460 τόπος
3100 2405 3157 2454 ἑν
3240 2403 3418 2471 μέλλει
3441 2400 3808 2456 συνίστασθαι

2240 2490 2299 2542 τὸ
2349 2490 2720 2560 δικαστήριον,
2771 2490 2863 2542 καὶ
2910 2490 2943 2560 ῆ
2991 2488 3098 2542 τῶν
3145 2489 3434 2560 μαρτύρων
3483 2488 3811 2559 παραγωγὴ

2239 2579 2505 2649 δυσχερὴς
2535 2579 2706 2637 ἔσται.
2741 2580 2814 2632 Οὐ
2863 2580 2970 2649 γάρ
3010 2581 3391 2650 πεισθήσονται
3426 2581 3474 2631 0i
3518 2581 3813 2649 μάρτυρες

2242 2669 2541 2738 ὑπερορίως
2572 2669 2942 2740 ἀποδημῆσαι.
2978 2669 3167 2724 Οὐδενὶ
3200 2669 3308 2738 γὰρ
3337 2671 3540 2739 ὀφείλει
3567 2669 3627 2722 τὸ
3658 2670 3810 2724 ἴδιον

2239 2759 2490 2828 όφφίκιον
2535 2757 2825 2828 ἐπιζήμιον
2875 2759 3141 2828 γίνεσθαι,
3173 2760 3200 2813 ό
3242 2760 3402 2829 νόμος
3436 2759 3588 2829 φησί.
3627 2759 3705 2812 Τὸ
3741 2760 3812 2813 δὲ

2240 2851 2408 2920 δνομα
2434 2852 2526 2904 τοῦ
2555 2851 2808 2916 ὀφφικίου
2847 2851 3151 2922 Ῥωμαϊκόν
3184 2853 3321 2916 ἔστι,
3362 2852 3625 2921 σημαῖνον
3659 2851 3813 2905 διοί-

2241 2960 2400 3011 κησιν
2439 2944 2533 2996 καὶ
2558 2944 2918 3007 ἀξιοπιστίαν.

2241 3033 2459 3087 ΔΡΙΣΤ.
2502 3052 2519 3083 ι
2554 3033 2909 3103 Κατηγορῶν,
2947 3033 2980 3103 ἢ
3011 3033 3504 3102 κατηγορούμενος,
3550 3033 3670 3104 βίαν
3701 3052 3813 3104 φο-

2459 3139 2478 3172 (
2509 3122 2602 3174 σού
2613 3139 2790 3192 μενος,
2815 3123 3115 3191 ὲπιλεγέτω
3130 3123 3289 3176 τόπον
3307 3123 3524 3176 ἄσυλον.
3555 3143 3572 3175 ι

2325 3213 2384 3263 Ὀ
2432 3213 2752 3282 κατηγορῶν
2779 3229 2941 3278 τινος,
2991 3214 3083 3266 ἐὰν
3117 3213 3237 3281 βίαν
3275 3212 3552 3284 ὑποπτεύῃ
3600 3215 3812 3270 παθεῖν

2241 3300 2393 3370 παρὰ
2419 3300 2514 3354 τοῦ
2547 3301 2748 3372 μέρους
2778 3301 2871 3355 τοῦ
2908 3302 3403 3372 κατηγορουμένου,
3429 3305 3460 3373 ἢ
3493 3306 3554 3356 τὸ
3584 3306 3814 3358 ἀνάπα-

2241 3388 2323 3442 λιν
2372 3393 2400 3444 ό
2446 3392 2916 3462 κατηγορούμενος
2967 3393 3116 3463 παρὰ
3160 3393 3255 3446 τοῦ
3297 3397 3636 3466 κατηγόρου·
3683 3391 3813 3451 οἷον

2240 3482 2482 3535 ἐθέλουσι
2506 3484 2668 3535 τόπον
2698 3485 2777 3547 είς
2806 3485 3107 3553 ἀσφάλειαν
3129 3487 3308 3540 αὐτῶν
3335 3488 3809 3555 ἐπιλεγέσθωσαν,

2241 3569 2380 3622 ὥστε
2424 3572 2666 3642 εὐχερῶς
2710 3573 2876 3642 ἔχειν,
2911 3576 2998 3626 καὶ
3039 3577 3151 3637 τοῖς
3184 3575 3312 3637 ἴσως
3351 3575 3577 3629 ὑποῦσιν
3608 3579 3814 3644 αὐτοῖς

2244 3662 2508 3731 μάρτυσιν
2547 3662 2753 3731 ὁμιλεῖν
2781 3664 2876 3716 καὶ
2906 3665 2985 3726 είς
3011 3664 3072 3717 τὸ
3116 3663 3462 3735 δικαστήριον
3498 3667 3813 3730 ἀκινδύνως

2241 3753 2484 3824 άπαντᾷν
2503 3770 2516 3784 ·
2551 3753 2633 3806 ἵνα
2663 3753 2737 3824 μὴ
2763 3754 2847 3806 διὰ
2873 3754 2961 3808 τὸν
2981 3757 3219 3808 τοιοῦτον
3254 3757 3415 3825 φόϐον
3440 3758 3472 3828 ἢ
3502 3761 3530 3812 ό
3556 3760 3813 3828 κατήγο-

2243 3860 2332 3912 ρος
2383 3844 2479 3912 τῆς
2531 3846 2818 3907 αἰτιάσεως
2873 3846 3100 3914 ἀποστῇ,
3152 3846 3184 3914 ἦ
3243 3848 3272 3898 ό
3322 3850 3815 3917 κατηγορούμενος

2240 3934 2412 4002 λάθρα
2466 3935 2559 3986 τοῦ
2616 3935 2962 4006 δικαστηρίου
3019 3937 3450 4010 ὑπαναχωρήσῃ,
3495 3940 3589 3992 καὶ
3638 3939 3814 3997 ἀπὼν

2241 4021 2633 4092 καταδικασθῇ.

2821 4112 3056 4167 ΚΑΝΩΝ
3096 4117 3212 4172 AA'.

2244 4221 2262 4254 ι
2316 4202 2440 4256 Ἐάν
2474 4219 2616 4265 τινες
2642 4202 2892 4272 κληρικοὶ
2917 4205 2980 4256 ἐκ
3006 4205 3110 4257 τῶν
3138 4207 3280 4258 ίδίων
3314 4209 3626 4261 ἐπισκόπων
3658 4226 3814 4279 προ-

2315 4312 2333 4343 ι
2373 4291 2716 4360 ὁιόαζόμενοι
2745 4297 3172 4363 καταφρονῶσιν,
3207 4297 3342 4366 μηδὲ
3369 4299 3486 4351 ἐκεῖ
3511 4299 3809 4368 μείνωσιν,

2313 4399 2332 4431 ι
2368 4381 2488 4433 ὅθεν
2510 4379 2858 4449 ἀναχωρῆσαι
2879 4383 2978 4434 οὐκ
2996 4383 3284 4452 ἠθέλησαν.
3319 4385 3549 4454 Ὁμοίως
3572 4389 3811 4459 ἤρεσεν,

2316 4489 2334 4522 ι
2377 4471 2462 4522 ἵνα
2504 4471 2804 4539 οίοιδήποτε
2845 4471 3091 4542 κληρικοὶ
3127 4476 3219 4526 καὶ
3258 4475 3513 4538 διάκονοι,
3567 4479 3663 4532 ἐὰν
3719 4484 3810 4553 μὴ

2317 4577 2336 4609 ι
2378 4557 2709 4628 πειθαρχῶσι
2741 4561 2850 4621 τοῖς
2873 4563 3188 4627 ἐπισκόποις
3215 4566 3413 4628 αὐτῶν,
3447 4566 3810 4636 βουλομένοις

2317 4671 2335 4703 ι
2374 4651 2461 4704 διά
2503 4670 2654 4715 τινας
2687 4655 3089 4721 ἀναγκαστικάς
3134 4656 3309 4715 αἰτίας
3351 4655 3459 4708 τῶν
3485 4657 3812 4726 ἐκκλησιῶν

2316 4760 2334 4792 ι
2373 4741 2548 4793 αὐτῶν
2577 4742 2795 4804 τούτους
2826 4742 2958 4811 πρὸς
2982 4741 3229 4810 μείζονας
3257 4741 3605 4808 ἀναδιδάξειν
3625 4748 3811 4815 τιμὰς

2317 4853 2333 4884 ι
2369 4835 2430 4911 έν
2460 4835 2522 4899 τῇ
2555 4833 2814 4900 ἐκκλησίᾳ
2835 4831 3031 4894 αὐτῶν,
3056 4831 3186 4900 μηδὲ
3204 4833 3260 4882 ὲν
3283 4832 3474 4902 ἐκείνῳ
3497 4833 3573 4903 τῷ
3599 4833 3811 4906 βαθμῷ

2315 4941 2332 4974 ι
2375 4924 2780 4990 διακονήσωσιν,
2802 4921 2858 4984 ἐξ
2875 4915 2935 4974 οὗ
2964 4921 3307 4990 ἀναχωρῆσαι
3338 4923 3437 4976 οὐκ
3460 4925 3759 4992 ἠθέλησαν.
3779 4946 3801 4979 ι

2313 5011 2507 5063 ΒΛᾹΣ.
2538 5009 2710 5070 Τινὲς,
2744 5009 2815 5071 ὠς
2849 5008 3012 5070 ἔοικε,
3050 5010 3296 5079 κληρικοὶ
3328 5013 3806 5080 μετακαλούμενοι

2239 5101 2391 5170 παρὰ
2417 5099 2522 5150 τῶν
2552 5099 2861 5151 ἐπισκόπων
2893 5090 3070 5150 αὐτῶν
3103 5100 3237 5168 πρὸς
3272 5100 3522 5167 μείζονας
3553 5101 3811 5172 βαθμοὶς

2241 5192 2326 5242 διὰ
2344 5191 2718 5258 χρησιμότητα
2741 5189 2846 5241 τῶν
2871 5189 3197 5259 ἐκκλησιῶν,
3217 5191 3317 5241 οὐκ
3337 5191 3614 5244 ἐπείθοντο
3639 5194 3810 5248 τοῦτο

2240 5283 2478 5349 ποιῆσαι,
2510 5282 2593 5333 διὰ
2641 5281 2698 5332 τὸ
2728 5279 3098 5333 ἀναπαύεσθαι
3131 5283 3220 5332 ἐπὶ
3259 5283 3370 5344 τοῖς
3408 5285 3812 5352 κατεχομένοις

2241 5373 2386 5440 παρὰ
2419 5371 2619 5423 τούτων
2654 5370 2901 5439 βαθμοῖς,
2935 5371 3040 5422 ἀπὸ
3074 5373 3297 5441 κέρδους
3332 5374 3459 5436 ίσως
3495 5376 3526 5443 ἢ
3564 5379 3660 5429 καὶ
3694 5397 3812 5432 σω..

2243 5463 2467 5532 ματικῆε
2502 5461 2875 5520 ἀναπαύσεως.
2920 5461 3144 5529 Ὠρισαν
3174 5460 3264 5516 οὖν
3296 5466 3342 5516 0i
3397 5466 3662 5536 Πατέρεζ,
3713 5471 3812 5525 ἵνα,

2241 5555 2336 5605 ἐάν
2381 5570 2518 5613 τινες
2567 5553 2812 5621 κληρικιιὶ
2847 5554 3153 5621 οἱανδήτινα
3191 5557 3464 5609 διακονίαν
3514 5561 3807 5630 ἱερατικὴν

2239 5643 2586 5712 ἐνεργοῦντες
2637 5643 2776 5712 (οὐδὲ
2829 5644 2937 5710 γὰρ
2983 5645 3418 5713 ἐκλαμϐάνονται
3470 5650 3705 5702 ἐνταῦθα
3753 5655 3807 5703 οἱ

2240 5735 2472 5789 διάκονοι
2504 5736 2582 5796 είς
2615 5736 2735 5794 τοὺς
2778 5737 2833 5787 ἐν
2866 5735 2942 5800 τῷ
2970 5735 3110 5805 άγίῳ
3141 5736 3346 5806 βήματι
3374 5739 3761 5802 διακονοῦντας
3786 5780 3803 5806 ,
