3982 6464
231 375 302 437 ιιι
1175 365 1260 428 ΙΝ
1297 366 1458 429 CAN.
1505 366 1748 430 XXXIV
1787 369 1992 431 CONC.
2035 369 2413 433 CARTHAG.

3315 368 3419 432 142

229 487 320 539 ἀλλ’
377 485 455 546 είς
510 483 632 546 τοὺς
694 478 1056 553 hiemem;
1116 480 1424 550 οῑανδήτινα
1482 481 1757 535 διακονίαν

1881 497 2074 551 ruitque
2113 484 2541 538 ecclesiasticum
2575 483 2938 537 ministerium
2971 482 3268 553 exercent),
3307 498 3408 538 non

234 574 686 646 ἔκκλησιαστικῆν)
723 575 786 627 οὐ
827 571 1118 626 πείθωνται
1144 575 1258 635 τοῖς
1287 574 1601 635 ιπισκόποις
1631 574 1758 626 τού-

227 686 332 733 των,
363 668 702 738 βουλομένοις
747 663 1209 738 προαναδιὸάζειν
1238 663 1433 726 αὐτοὺς
1461 664 1540 725 είς
1573 660 1757 732 μείζο-

229 779 306 822 νας
347 759 582 829 βαθμοὺς
609 755 698 811 διὰ
747 757 1158 825 ἁναγκαστικήν
1199 756 1379 807 αίτίαν
1405 753 1514 807 τῶν
1557 753 1758 824 ἐκκλη-

229 855 356 917 σιῶν,
385 852 498 907 ἀλλ’
517 851 812 921 ἐξέχωνται
836 845 914 905 ὧν
936 849 1225 918 κατέχουσι
1253 845 1473 916 βαθμῶν
1494 846 1530 915 ἡ
1556 843 1759 908 τόπων,

229 941 346 1012 μηδὲ
370 941 458 993 ἐπ’
492 941 688 1010 ὲκείνῳ
718 941 800 1009 τῷ
831 938 1025 1009 βαθμῷ
1053 934 1191 991 εἶναι
1223 938 1418 999 αὐτοὺς
1455 935 1548 988 καὶ
1581 935 1760 987 διακο-

229 1046 340 1097 νειν,
379 1039 438 1096 εξ
470 1036 530 1087 οὒ
568 1033 926 1103 ἀναχωρῆσαι
967 1032 1066 1084 οὐκ
1103 1029 1396 1100 ἠθέλησαν.
1436 1026 1619 1082 Ταῦτα
1666 1027 1760 1078 τοῦ

225 1126 424 1186 κανόνος
449 1124 841 1194 διοριζομένου,
872 1119 1090 1190 λέγουσι
1133 1137 1278 1183 τινες
1325 1121 1400 1184 ὡς
1452 1120 1517 1172 ἐκ
1566 1118 1759 1171 τούτου

221 1217 402 1270 δίδοται
452 1216 605 1270 ἄδεια
645 1218 762 1280 τοῖς
817 1215 1183 1285 πατριάρχαις
1235 1212 1332 1267 καὶ
1392 1213 1503 1274 τοῖς
1556 1210 1761 1270 λοιποῖς

225 1309 526 1369 ἐπισκόποις
569 1307 828 1377 μεθιστᾷν
867 1306 994 1368 τοὺς
1022 1303 1114 1358 ὑπ’
1153 1303 1349 1366 αὐτοὺς
1378 1303 1643 1373 ἄρχοντας
1668 1300 1763 1353 καὶ

222 1397 331 1458 τοὺς
375 1395 566 1459 ἄλλους
603 1395 918 1466 ίερατικοὺς
958 1393 1065 1446 ἀπὸ
1095 1392 1208 1446 τῶν
1252 1391 1520 1459 όφφικίων
1559 1389 1760 1455 αὐτῶν,

225 1485 436 1553 μάλιστα
453 1486 500 1539 δ’
523 1489 698 1540 είπεῐν
723 1485 1007 1554 καθαιρεῖν
1023 1483 1244 1546 τούτους
1257 1480 1666 1551 ψηφιζομένους
1686 1481 1763 1542 είς

223 1577 494 1646 ἐκκλησίας
535 1577 882 1646 οἱασδήτινος
914 1575 1009 1629 καὶ
1053 1573 1129 1644 μὴ
1165 1571 1626 1642 καταδεχομένους
1663 1570 1764 1640 τὴν

221 1668 401 1737 ψῆφον.
456 1670 612 1739 Ἐμοὶ
644 1669 700 1723 δὲ
731 1669 882 1722 δοκεῖ
916 1665 988 1730 ὥς
1031 1664 1140 1719 ἀπὸ
1173 1663 1269 1717 τοῦ
1311 1663 1534 1723 κανόνος
1573 1660 1761 1715 τούτου

221 1761 309 1819 οὐκ
359 1759 770 1827 ἀναγκάζονται
812 1756 864 1810 ot
907 1756 1017 1810 τῶν
1065 1753 1370 1825 ἐκκλησιῶν
1410 1753 1667 1822 ἄρχοντες
1726 1749 1760 1818 ἢ

1873 574 2238 640 pareantsuis
2270 574 2560 642 episcopis,
2599 573 2666 626 ad
2690 574 2920 642 majores
2967 577 3161 641 gradus
3205 581 3420 642 propter

1871 671 2154 727 urgentem
2203 662 2434 729 aliquam
2485 664 2836 718 ecclesiarum
2889 664 3288 726 necessitatem,
3331 678 3424 718 eos

1867 753 2172 819 provehere
2233 753 2561 818 volentibus;
2623 754 2717 808 sed
2771 753 3008 808 hatreant
3069 755 3136 809 iis
3168 757 3422 824 gradibus

1871 853 1968 893 seu
2009 841 2143 894 locis
2173 857 2307 909 quos
2335 850 2518 897 tenent
2549 861 2564 896 :
2593 857 2658 896 ne
2687 843 2738 896 in
2764 843 2856 898 illo
2883 845 3095 913 quidem
3121 846 3284 912 gradu
3313 847 3422 899 sint

1869 938 1924 985 et
1962 931 2299 995 ministrent,
2340 946 2402 987 ex
2448 948 2556 1002 quo
2605 933 2885 988 discedere
2928 936 3232 990 noluerunt.
3285 937 3418 991 Cum

1869 1035 2041 1076 canon
2095 1037 2207 1077 nmc
2245 1023 2518 1090 decernat,
2570 1026 2787 1095 quidam
2845 1026 3050 1088 dicunt,
3100 1041 3162 1081 ex
3205 1029 3302 1082 hoc
3331 1045 3424 1097 pa-

1872 1111 2125 1166 triarchis
2147 1122 2200 1166 et
2228 1113 2451 1183 reliquis
2471 1115 2738 1184 episcopis
2763 1115 2944 1170 datam
2978 1131 3096 1171 esse
3118 1117 3424 1172 facultatem

1871 1217 1990 1268 eos,
2018 1206 2109 1272 qui
2154 1205 2253 1258 sibi
2301 1206 2548 1272 subsunt,
2601 1207 2967 1276 magistratus,
3007 1217 3060 1263 et
3096 1211 3230 1264 alios
3285 1210 3425 1265 sacri

1871 1294 2100 1358 ordinis,
2127 1296 2194 1349 ab
2229 1294 2423 1351 ciliciis
2443 1297 2556 1350 suis
2575 1313 2793 1352 movere
2819 1315 2831 1351 :
2861 1300 3090 1354 maxime
3112 1309 3286 1356 autem
3311 1317 3425 1366 eos,

1871 1385 1963 1454 qui
2002 1385 2067 1438 ad
2123 1385 2392 1452 quaslibet
2424 1387 2682 1442 ecclesias
2716 1388 2988 1458 eliguntur
3027 1399 3082 1443 et
3109 1391 3426 1447 electionem

1870 1490 1977 1529 non
2004 1476 2312 1542 admittunt,
2340 1477 2624 1548 deponere.
2653 1479 2778 1534 Mihi
2810 1490 2986 1534 autem
3015 1483 3238 1546 videtur,
3286 1487 3429 1552 quod

1871 1581 1934 1620 ex
1991 1567 2090 1621 hoc
2134 1582 2337 1622 canone
2381 1585 2482 1624 non
2542 1581 2808 1640 coguntur
2853 1571 3200 1625 ecclesiarum
3257 1588 3428 1644 magi-

1873 1671 2096 1724 etratus,
2121 1671 2212 1714 aut
2251 1661 2337 1714 alii
2364 1661 2566 1727 clerici,
2598 1664 2677 1717 vel
2697 1663 2846 1718 inviti
2867 1665 3159 1732 suscipere,
3191 1681 3307 1733 qua:
3336 1683 3430 1735 per

1872 1750 2232 1820 opiscOpalem
2275 1752 2596 1808 electionem
2642 1755 2722 1808 eis
2752 1755 2966 1820 dantur,
3004 1757 3300 1812 ecclesias:
3333 1757 3428 1812 sed

217 1850 377 1920 Ξτεροι
423 1850 683 1920 -κληρικοὶ
721 1847 1114 1918 καταδέχεσθαι
1151 1847 1245 1900 καὶ
1287 1845 1512 1907 ἄκοντες
1546 1848 1645 1902 τὰς
1680 1841 1770 1894 διὰ

1881 1843 1941 1893 de
1989 1841 2056 1895 iis
2090 1842 2257 1912 accipi
2305 1857 2587 1908 canentem,
2634 1846 2724 1914 qui
2751 1846 3003 1915 quarlibct
3063 1848 3427 1903 ecclesiastica

217 1942 378 2010 ψήφου
429 1941 797 2007 ἐπισκοπικῆς
851 1938 1128 2007 διδομένας
1176 1936 1387 1996 τούτοις
1432 1932 1766 2002 ἐκκλησίας·

216 2031 338 2084 ἀλλὰ
369 2028 813 2100 ὲκλαμδάνεσθαι
845 2027 937 2079 τὸν
969 2026 1172 2080 κανόνα
1210 2025 1290 2088 είς
1323 2026 1449 2085 τοὺς
1483 2021 1767 2091 ἐνεργοῦν-

217 2135 302 2181 τας
330 2117 796 2188 ικκλησιαστικὰς
834 2116 1174 2187 οίασδήτινας
1211 2114 1488 2175 διακονίας
1509 2151 1525 2177 ,
1561 2113 1654 2164 καὶ
1687 2111 1768 2172 είς

218 2208 452 2275 μείζονας
473 2209 637 2278 τιμὰς
659 2209 695 2277 ἢ
727 2207 967 2278 βαθμοὺς
1005 2204 1535 2276 μετακαλουμὲνους,
1565 2201 1658 2256 atat
1693 2201 1767 2271 μὴ

213 2300 555 2369 πειθομένους
580 2303 646 2371 τῇ
679 2300 1014 2370 ἐπισκοπικῇ
1045 2297 1402 2368 μετακλήσει.
1429 2297 1538 2349 Καὶ
1568 2294 1771 2363 μᾶλλον

213 2389 330 2444 ὅταν
359 2391 443 2443 διὰ
481 2390 864 2460 χρησιμότητα
896 2386 994 2457 τῆς
1025 2388 1322 2458 ἐκκλησίας
1348 2383 1488 2454 αὕτη
1529 2385 1770 2453 γίνηται.

215 2480 280 2533 Τὸ
313 2482 407 2550 μὲν
453 2483 568 2550 γὰρ
618 2479 830 2534 ἄκοντά
871 2495 990 2539 τινα
1023 2477 1099 2548 μὴ
1148 2475 1403 2546 δέχεσθαι
1437 2473 1769 2544 χειροτονίαν

217 2569 566 2623 ικισκοπικοῦ
622 2569 929 2638 ἀξιώματος
983 2566 1356 2635 συγγνωστέον
1413 2566 1584 2630 ἐστὶν,
1641 2564 1769 2626 ίσως

219 2661 306 2730 τὴν
331 2661 670 2732 χειροτονίαν
697 2657 1093 2728 εὐλαϐούμενον
1122 2657 1204 2710 διὰ
1239 2657 1538 2727 οίονδήτινα
1570 2656 1770 2726 τρόπον

217 2753 511 2815 ὶκαινετδν,
549 2751 611 2804 τὸ
640 2751 702 2804 δὲ
739 2750 816 2820 μὴ
855 2750 1154 2803 ὑπακούειν
1184 2749 1276 2802 τοῦ
1307 2747 1606 2801 ἑπισκόπου
1643 2749 1771 2811 τοὺς

209 2839 493 2912 κληρικους
554 2840 587 2911 ἢ
642 2841 736 2894 καὶ
787 2841 913 2903 τοὺς
963 2841 1231 2910 ἄρχοντας
1284 2836 1760 2908 μετακαλουμὲνου

212 2931 416 2995 τούτους
467 2934 552 2995 είς
615 2931 838 3002 μείζονα
894 2931 1126 2998 όφφίκια
1181 2929 1242 2983 ού
1296 2930 1455 2996 μόνον
1505 2929 1601 2981 οὐκ
1650 2927 1770 2980 ἐστι

215 3021 599 3090 συγγνωστέον,
630 3022 768 3075 ἀλλὰ
792 3022 886 3075 καὶ
908 3020 1190 3083 κολάσεως
1219 3019 1388 3084 ἄξιον.
1429 3019 1494 3073 Εἰ
1527 3018 1636 3085 γάρ
1666 3036 1768 3083 τις,

212 3112 358 3181 τυχὸν
377 3115 436 3166 εν
455 3112 729 3174 διακόνοις
745 3110 841 3176 ὢν,
864 3111 924 3164 ού
949 3110 1196 3164 πείθεται
1223 3127 1290 3178 σφ
1301 3110 1624 3180 ραγισθῆναι
1651 3112 1773 3181 ῥαι-

216 3203 557 3274 φερενδάριον
619 3201 653 3272 ἢ
714 3200 1036 3256 διδάσκαλον
1103 3199 1192 3252 διὰ
1256 3203 1349 3253 τὸν
1415 3200 1582 3253 κόπον
1609 3238 1627 3266 ,
1685 3203 1779 3256 καὶ

215 3290 492 3346 δουλεῦσαι
526 3293 596 3363 τῇ
634 3290 902 3360 ὶκκλησίᾳ
922 3331 937 3357 ,
969 3287 1403 3359 κολασθήσεται·
1444 3288 1540 3342 καὶ
1578 3290 1632 3344 εί
1655 3306 1740 3354 τις
1761 3329 1777 3356 ,

218 3386 585 3454 πρωτέκδικος
637 3380 731 3446 ὢν,
778 3381 842 3434 ού
898 3379 1040 3434 θέλει
1090 3379 1524 3450 προόισασθῆναι
1577 3382 1655 3444 είς
1709 3381 1781 3432 ίε-

217 3477 518 3546 ρομνήμονα
532 3475 622 3528 διὰ
643 3474 706 3526 τὸ
721 3471 948 3543 ἀκερδὲς
967 3471 1058 3526 τοῦ
1082 3472 1357 3540 δῖιφικίου,
1383 3471 1779 3542 έκϐληθήσεται

217 3572 304 3622 καὶ
339 3570 448 3623 ἀπὸ
477 3568 574 3622 τοῦ
617 3566 1026 3638 πρωτεκδίκουο
1067 3570 1158 3619 καὶ
1199 3565 1252 3618 εί
1294 3582 1400 3629 τις,
1429 3567 1780 3638 ἀναγνώστης

219 3657 304 3720 ὣν,
338 3658 398 3709 οὐ
429 3656 580 3710 θέλει
613 3653 1148 3727 προανασιδασθῆναι
1186 3655 1264 3717 είς
1298 3654 1480 3721 μεῖζον
1507 3656 1778 3723 όφφίκιον,

215 3745 281 3807 ὡς
314 3747 582 3816 κοπ-ηρὸν,
616 3743 1094 3814 καθαιρεθήσεται.
1130 3744 1242 3798 Καὶ
1277 3743 1436 3813 δῆλον
1465 3745 1625 3798 τοῦτο
1660 3747 1767 3798 ἀπὸ

215 3836 299 3889 τοῦ
332 3837 405 3905 μὴ
426 3833 774 3906 ψηφίζεσθαι
797 3835 945 3904 παρὰ
970 3833 1173 3892 παντὸς
1193 3834 1492 3887 ἐπισκόπου
1519 3834 1777 3904 κληρωτὸν

221 3927 292 3988 είς
337 3923 704 3980 ὲπισκοπικδν
749 3921 992 3994 ἀξίωμα,
1046 3923 1183 3977 ἀλλὰ
1241 3923 1390 3993 παρά
1444 3926 1619 3994 μόνων
1670 3925 1779 3978 τῶν

220 4017 437 4086 ίχόντων
490 4015 839 4078 ιπισκοπάς·
895 4015 946 4066 ot
993 4015 1102 4084 γὰρ
1158 4015 1564 4084 μητροπολίται,
1599 4016 1648 4067 οξ
1704 4014 1778 4086 μὴ

219 4108 417 4177 ἔχοντες
465 4098 799 4170 δπισκοπὰξ,
842 4103 1101 4168 ὡσαύτως
1149 4106 1240 4158 καὶ
1276 4107 1326 4158 οι
1378 4106 1684 4170 ἐπίσκοποι,
1727 4106 1779 4157 of.

218 4199 310 4250 ὑπδ
340 4197 757 4270 μητροπολιτῶν
782 4194 954 4258 ὄντες,
977 4193 1100 4246 οὔτε
1128 4194 1458 4264 ψηφίζεσθαι
1484 4194 1778 4263 κληρικοὺς

218 4290 381 4343 αὐτῶν
409 4291 693 4350 δύνανται,
725 4285 848 4340 οὕτε
892 4286 1034 4340 κατὰ
1065 4285 1297 4348 κανόνας
1336 4285 1655 4348 κολάζουσιν
1683 4287 1778 4337 αύ-

218 4380 328 4440 τούς
369 4376 761 4439 ἀπειθοῦντας.
795 4375 916 4444 Ἆρ’
944 4374 1036 4427 οὖν
1074 4374 1163 4427 τὸν
1199 4375 1402 4427 κανόνα
1444 4373 1778 4442 ὲκληφθῆναι

218 4469 286 4530 είς
317 4471 442 4530 τοὺς
485 4467 565 4537 μὴ
619 4465 978 4534 πειθομένους
1008 4461 1545 4532 προανασιϐασθῆναι
1579 4464 1655 4523 εἰς
1685 4465 1778 4515 ὲκ-
1812 4483 1858 4542 D

220 4558 577 4627 κλησιαστικὰ
635 4554 884 4624 όφφίκια,
936 4554 1028 4606 καὶ
1069 4553 1238 4615 οὕτως
1283 4552 1426 4621 ἔχειν
1471 4555 1653 4623 χώραν
1701 4555 1778 4615 εἰς

219 4648 408 4710 ἐόντας
439 4651 573 4710 τοὺς
617 4647 946 4707 ἐπισκόπους
997 4645 1089 4698 καὶ
1118 4646 1198 4708 είς
1247 4643 1455 4706 πάντας
1484 4645 1607 4706 τοὺς
1648 4644 1782 4712 κλη-

222 4744 415 4808 ριιιούς.
480 4736 728 4792 Ἀκούων
771 4735 838 4788 ﬁt
892 4732 984 4786 τοῦ
1041 4735 1263 4798 κανόνος
1315 4734 1561 4801 λέγοντος
1621 4750 1783 4803 μετα-

220 4829 473 4882 ιινεῖσθαι
501 4827 614 4880 ἀπὸ
645 4825 754 4878 τῶν
785 4824 928 4876 ἰδίων
964 4823 1185 4894 βαθμῶν
1211 4825 1336 4884 τοὺς
1361 4823 1674 4894 κληρικοὺς,
1708 4823 1783 4894 μὴ

225 4919 570 4989 πειθομένους
589 4919 700 4978 τοῖς
717 4915 1034 4976 ἐπισκόποις
1056 4913 1552 4992 προσκαλουμένοις
1568 4913 1788 4977 τούτους

226 5010 292 5069 είς
334 5009 592 5077 μείζονας
621 5006 790 5075 τιμὰς
828 5007 919 5057 διά
954 5021 1102 5066 τινας
1148 5004 1558 5070 ἀναγκαστικὰς
1609 5003 1788 5065 αἰτίας

226 5099 321 5152 τῶν
359 5100 670 5170 ἐκκλησιῶν
697 5097 899 5159 αὐτῶν,
934 5097 1009 5166 μή
1041 5098 1199 5169 εῐπῃς
1226 5097 1301 5158 ὡς
1334 5096 1513 5158 αίτίας
1546 5097 1790 5163 ἀναγκα-

232 5191 405 5260 στικῆς
453 5191 530 5258 μή
570 5187 740 5256 οῦσης
787 5190 885 5238 οὐκ
926 5187 1138 5255 ἔχουσιν
1182 5187 1364 5240 ἄδειαν
1411 5189 1460 5238 ot
1502 5186 1789 5240 ἐπίσκοποι

232 5280 684 5350 προαναδιῦἁζειν
731 5280 856 5339 τοὺς
885 5276 1182 5348 κληρικοῦς
1219 5277 1418 5330 αὐτῶν.
1465 5276 1576 5331 Καὶ
1602 5277 1791 5346 ⁶αἰτίας

232 5378 325 5440 γάρ
358 5372 620 5440 τοιαύτης
659 5368 736 5440 μὴ
771 5371 1138 5440 προκειμένης
1172 5368 1482 5436 ὲνδυνάμως
1512 5370 1540 5421 ό
1568 5369 1792 5422 ἐπίσκο-

235 5477 322 5524 πος
365 5466 489 5526 τοὺς
547 5461 848 5530 κληρικοὺς
901 5459 1066 5512 αὐτοῦ
1115 5459 1223 5513 ἀπὸ
1263 5458 1412 5512 τοῦδε
1453 5459 1546 5512 τοῦ
1582 5458 1793 5530 βαθμοῦ

238 5556 304 5612 είς
335 5555 558 5619 μείζονα
598 5553 764 5605 τόπον
794 5550 1222 5620 προαναὸιὸέισει
1267 5552 1361 5604 καὶ
1390 5552 1621 5612 ἄκοντας
1658 5552 1798 5603 κατὰ

237 5641 323 5710 τὴν
366 5641 836 5714 ἑκκλησιαστικὴν
881 5639 1053 5704 τάξιν.
1080 5641 1191 5695 Καὶ
1222 5642 1529 5710 σημείωσαι
1556 5641 1636 5694 ὅτι
1661 5641 1796 5709 πρὸς

245 5735 476 5799 μείζονας
507 5735 712 5793 τόπους
758 5733 1066 5795 μετακινεῖν
1094 5732 1220 5797 τοὺς
1253 5731 1547 5803 κληρικοὺς
1578 5731 1795 5802 ἐνεδόθη

1799 3159 1848 3222 C

1877 1932 2180 1987 ministeria
2207 1943 2479 2001 exercent,
2513 1943 2567 1989 ct
2596 1937 2660 1990 ad
2691 1938 2923 2006 majores
2948 1939 3158 2006 aliquos
3195 1942 3427 1994 honores

1879 2023 1965 2077 vel
1983 2025 2189 2091 gradus
2220 2035 2474 2080 vocantur
2502 2038 2558 2081 et
2592 2029 2878 2097 episcopali
2912 2031 3173 2084 vocatioui
3212 2045 3314 2083 non
3338 2047 3433 2098 pa-

1879 2125 2027 2178 rent;
2056 2124 2108 2169 et
2139 2118 2394 2181 maxime,
2429 2119 2642 2186 quando
2671 2134 2731 2172 ea
2758 2119 2915 2190 557
2938 2130 3153 2190 propter
3187 2122 3432 2176 ecclesiae

1879 2202 2161 2256 utilitatem
2198 2204 2308 2258 (lat.
2332 2205 2386 2258 Si
2417 2206 2557 2260 enim
2579 2207 2776 2262 invitus
2799 2211 3064 2279 quispiam
3116 2212 3379 2280 episcopal
3406 2229 3432 2266 s

1882 2295 2164 2364 dignitatis
2217 2297 2611 2353 ordinationem
2655 2315 2762 2355 non
2816 2303 3096 2373 suscipiat,
3141 2312 3223 2358 est
3278 2306 3432 2360 venia

1879 2385 2107 2455 dignus;
2139 2388 2261 2442 dum
2299 2388 2368 2442 ob
2409 2388 2725 2446 laudabilem
2754 2407 3127 2462 quamcunque
3167 2397 3428 2450 rationem

1878 2491 2190 2545 moremque
2246 2479 2638 2533 ordinationem
2693 2481 2922 2536 fortasse
2981 2486 3223 2540 modeste
3281 2487 3431 2545 vitat.

1877 2565 2118 2622 Clericos
2141 2576 2320 2621 autem
2353 2569 2437 2623 vel
2467 2572 2810 2639 magistratus
2841 2589 2942 2627 non
2977 2577 3193 2630 obedire
3223 2580 3433 2645 episco-

1879 2656 1962 2726 pis
2003 2669 2097 2710 eos
2151 2657 2216 2711 ad
2257 2656 2463 2725 majora
2508 2659 2684 2716 officia
2720 2665 3049 2732 vocantihus,
3102 2682 3208 2723 non
3261 2672 3434 2724 solum

1879 2759 1984 2798 non
2041 2755 2124 2800 est
2183 2746 2584 2814 ignoscendum,
2651 2753 2744 2806 sed
2798 2736 2956 2807 etiam
3019 2759 3438 2814 animadversio-

1881 2850 1947 2890 ne
1971 2835 2208 2907 dignum.
2237 2838 2292 2892 Si
2322 2839 2442 2908 quis
2465 2842 2630 2906 enim,
2653 2859 2772 2897 cum
2794 2846 2864 2900 sit
2888 2845 3024 2902 forte
3054 2853 3105 2902 in
3132 2850 3436 2916 discutiant,

1880 2939 1988 2978 non
2021 2941 2223 2981 morem
2252 2937 2422 2998 gerat,
2459 2940 2518 2984 ut
2551 2934 2901 2990 referendarii
2948 2939 3311 2993 characterem
3349 2958 3438 2995 ae-

1881 3014 2046 3082 cipiat
2074 3017 2158 3070 vel
2192 3017 2454 3086 doctoris,
2491 3033 2710 3092 propter
2750 3023 3010 3089 laborem,
3034 3038 3088 3081 et
3115 3037 3176 3083 ut
3201 3031 3438 3086 ecclesias

1883 3102 2101 3166 serviat,
2143 3107 2397 3172 punietur
2419 3127 2432 3163 ι
2457 3097 2510 3162 et
2539 3110 2582 3164 si
2614 3112 2753 3180 quis,
2788 3115 2876 3183 qui
2905 3118 3111 3182 primus
3133 3127 3214 3175 est
3245 3123 3435 3177 defen-

1885 3205 1996 3256 sor,
2050 3207 2156 3248 non
2192 3195 2304 3250 vult
2334 3197 2399 3252 ad
2433 3198 2663 3254 oﬂleiutn
2700 3203 2878 3256 mditui
2911 3209 3150 3274 provehi,
3180 3214 3320 3279 quod
3359 3215 3439 3266 ui-

1883 3280 1958 3334 hil
1985 3281 2107 3337 inde
2140 3284 2270 3339 lucri
2312 3287 2658 3356 percipiatur,
2683 3292 2850 3345 etiam
2885 3309 2912 3346 a
2961 3297 3113 3364 primi
3143 3299 3439 3356 defensoris

1880 3372 2057 3428 obicio
2089 3375 2364 3444 ejicietur;
2397 3386 2451 3433 et
2499 3379 2542 3434 si
2594 3383 2734 3450 quis,
2781 3397 2904 3436 eum
2958 3386 3028 3440 sit
3088 3387 3276 3454 lector,
3333 3409 3436 3448 non

1881 3465 1992 3519 vult
2018 3465 2082 3520 ad
2106 3469 2297 3537 majus,
2336 3471 2427 3524 sed
2462 3471 2779 3528 laboriosius
2801 3514 2815 3539 ,
2845 3475 3078 3530 ofﬁcium
3116 3488 3437 3550 promovi-ri,

1883 3555 2201 3622 deponetur.
2232 3559 2409 3628 Atque
2442 3560 2542 3614 hoe
2568 3576 2634 3613 ea
2668 3577 2732 3617 eo
2769 3565 3106 3621 manifestum
3151 3579 3251 3635 est,
3296 3580 3438 3641 quod

1883 3650 2270 3714 nonaquovis
2323 3651 2575 3718 episcopo
2626 3653 2690 3706 ad
2742 3655 3052 3724 dignitatem
3077 3662 3437 3733 episcopalem

1881 3734 2099 3803 eligitur
2125 3737 2382 3804 clericus;
2413 3742 2507 3794 sed
2531 3742 2598 3794 ab
2630 3744 2699 3797 iis
2731 3744 2856 3799 solis
2888 3748 2978 3815 qui
3004 3750 3200 3806 habent
3228 3750 3434 3820 e'pism.

1882 3836 2036 3893 palus
2070 3841 2083 3878 :
2121 3829 2517 3896 metropolitani
2550 3832 2718 3896 enim,
2749 3834 2837 3901 qui
2872 3850 2977 3888 non
3010 3837 3207 3894 habent
3229 3845 3441 3912 episeo-

1882 3925 2060 3983 patus,
2106 3916 2358 3972 similiter
2393 3930 2446 3972 et
2486 3920 2719 3991 episcopi
2755 3927 2842 3992 qui
2906 3928 3136 3984 subsunt
3173 3943 3443 4004 metropo-

1883 4004 2089 4070 litanis,
2117 4022 2217 4061 nec
2267 4020 2495 4076 possunt
2527 4025 2656 4066 suos
2707 4013 2937 4069 clericos
2969 4019 3185 4088 eligere.
3219 4039 3316 4078 nec
3347 4043 3441 4080 eos

1882 4109 1945 4147 ett
1975 4097 2272 4151 canonibus
2308 4099 2555 4166 puniunt,
2591 4103 2678 4170 qui
2731 4104 2831 4157 sibi
2864 4122 2972 4159 non
3027 4111 3296 4168 obediunt.
3329 4116 3415 4168 Plu

1884 4184 1996 4238 cuit
2027 4200 2178 4252 ergo,
2213 4201 2476 4243 canonem
2505 4191 2569 4243 de
2599 4192 2662 4245 iis
2691 4195 2884 4262 accipi,
2909 4197 2998 4264 qui
3027 4199 3089 4250 ad
3115 4203 3445 4258 ecclesiasti-

1882 4291 1944 4330 ca
1971 4277 2148 4331 officia
2170 4278 2389 4345 provehi
2415 4294 2523 4332 non
2547 4283 2966 4349 persuadentur:
2991 4300 3042 4341 et
3065 4289 3148 4342 hic
3175 4291 3225 4344 itt
3259 4306 3444 4347 omnes

1882 4367 2164 4435 episcopos
2220 4366 2552 4437 clericosque
2606 4371 2802 4426 valere.
2863 4376 2997 4429 Cum
3059 4391 3236 4434 autem
3289 4385 3443 4436 audis

1884 4472 2142 4512 eauouem
2181 4459 2467 4523 dicentem,
2524 4463 2751 4517 clericos
2797 4468 2907 4520 suis
2936 4470 3187 4534 gradibus
3217 4479 3440 4539 moveri,

1887 4549 1977 4616 qui
2014 4562 2122 4602 non
2145 4561 2337 4617 parent
2370 4550 2663 4621 episcopis,
2698 4568 2789 4608 eos
2816 4557 2880 4609 ad
2927 4559 3158 4626 majores
3193 4562 3443 4629 honores,

1886 4651 2108 4711 propter
2160 4657 2377 4696 suarum
2415 4644 2764 4699 ecclesiarum
2810 4658 3058 4712 urgentes
3094 4665 3307 4716 causas,
3349 4670 3445 4706 vn-

1888 4733 2157 4793 cantibus.
2194 4749 2259 4788 nc
2289 4735 2455 4800 dicas,
2478 4736 2619 4804 quod
2646 4737 2745 4789 nisi
2768 4737 2906 4791 adsit
2930 4753 3088 4792 causa
3115 4746 3444 4806 necessaria.

1886 4839 1991 4878 non
2062 4835 2285 4893 possunt
2349 4826 2582 4894 episcopi
2641 4842 2769 4881 suos
2832 4827 3059 4883 clericos
3109 4846 3442 4898 promovere.

1889 4911 2050 4977 Nam,
2083 4915 2182 4968 etsi
2221 4929 2322 4968 non
2361 4929 2421 4968 se
2447 4916 2680 4984 praebeat
2711 4918 2970 4984 ejusmodi
3001 4934 3181 4982 causa,
3225 4923 3322 4975 rite
3355 4941 3446 4990 po.

1892 5013 1994 5058 test
2019 5002 2303 5073 episcopus
2331 5005 2558 5059 clericos
2609 5021 2735 5060 suos
2774 5009 2839 5058 ab
2873 5008 2973 5061 hc;
2999 5011 3166 5076 gradu
3192 5013 3244 5065 in
3277 5015 3448 5083 majo-

1891 5109 2004 5148 rem
2051 5093 2134 5147 vel
2184 5093 2381 5148 invitos
2413 5096 2703 5164 provehere
2746 5098 3040 5149 secundum
3089 5100 3327 5156 ordinem
3359 5121 3448 5159 ec-

1892 5184 2274 5239 clesiasticum.
2321 5183 2386 5238 Et
2425 5195 2570 5247 nota,
2619 5182 2762 5252 quod
2826 5188 3094 5256 episcopis
3143 5190 3323 5244 datum
3365 5205 3452 5252 est

1894 5276 2119 5330 clericos
2170 5289 2298 5329 suos
2349 5275 2412 5327 ad
2456 5274 2685 5343 majores
2721 5279 2917 5345 gradus
2962 5280 3284 5346 provehere,
3345 5302 3448 5342 non

1895 5377 2072 5421 autem
2105 5366 2169 5418 ad
2202 5368 2439 5419 minores
2491 5365 2791 5433 deprimere
2820 5383 2832 5418 :
2867 5368 3315 5433 quemadmodum
3354 5391 3452 5429 nco,

1898 5458 2037 5524 ipsos
2092 5455 2288 5524 injuria
2337 5465 2387 5509 cl
2448 5456 2737 5524 ignominia
2793 5457 3008 5511 afficere
3062 5461 3114 5514 in
3171 5477 3449 5517 sacrorum

1897 5546 2159 5614 graduum
2187 5545 2582 5599 confundendis
2621 5547 2940 5615 ordinibus;
2991 5560 3039 5602 et
3073 5565 3190 5603 eum
3225 5554 3312 5620 qui
3355 5556 3455 5612 fuit

1900 5637 2014 5690 heri
2054 5637 2280 5690 fortasse
2321 5636 2683 5705 magistratus,
2717 5653 2872 5706 supra
2911 5653 3098 5695 omnes
3128 5643 3457 5710 antiquiores

1903 5730 2248 5800 magistratus
2285 5729 2596 5787 collocando
2617 5770 2631 5792 ,
2655 5729 2739 5785 vel
2766 5744 2888 5784 eum
2913 5731 2999 5797 qui
3029 5748 3092 5788 uc
3123 5732 3222 5788 fuit
3243 5738 3457 5804 quidem
