3982 6452
469 341 568 408 14⁵1

1707 340 1980 403 ΤΗΕΟΙ).
2018 339 2409 401 BALSAMON

3579 325 3688 390 148

469 450 848 507 donationibus
903 457 957 505 et
1005 447 1212 517 legatis.
1273 448 1349 499 Ac
1412 447 1740 516 episcOpalia
1808 447 2059 518 quidem‘

2166 465 2217 500 αι
2247 446 2565 517 πράγματα,
2599 443 2711 496 ἀλλ’
2744 442 2775 511 ἢ
2811 440 2967 511 μόνος
2999 438 3026 490 ὁ
3055 437 3160 494 ἀπδ
3178 435 3287 488 τῶν
3313 434 3694 488 ἐπισκοπικῶν

470 544 802 615 cpiscOpatui
838 542 1116 596 tradentur
1154 561 1165 596 :
1203 540 1407 610 reliqua
1433 551 1614 594 autem
1635 551 1792 594 erunt
1837 554 2023 593 eorum

474 635 716 700 dominii,
769 633 1219 702 quemadmodum
1270 630 1359 685 hic
1423 646 1639 701 quoque
1691 645 1864 685 canon
1928 631 2029 684 hoc

474 739 683 786 tractat.
733 727 928 783 Clerici
991 738 1164 780 autem
1217 726 1305 790 si,
1366 734 1650 796 postquam
1692 725 1753 778 in
1827 725 2027 780 clerum

476 820 673 889 recepti
728 828 874 883 sunt,
933 819 1050 873 aliis
1100 819 1273 874 modis
1312 827 1366 871 et
1415 832 1518 870 non
1561 832 1626 871 ex
1667 815 1892 871 ecclesia
1945 830 2029 871 res

472 913 721 976 emerint,
777 927 882 965 non
938 919 1193 978 cogentur
1237 923 1299 963 ea
1352 906 1595 962 ecclesiae
1645 907 1946 962 addicere:
1983 907 2029 960 si

472 1004 596 1072 quis
624 1003 766 1057 enim
798 1000 1179 1065 l‘ortezclericus
1203 999 1293 1052 tiat
1321 1013 1607 1067 puerorum
1635 997 2030 1067 ludimagister,

474 1095 557 1149 vel
591 1094 836 1162 scriptor.
897 1092 976 1145 vel
1015 1090 1199 1158 magni
1248 1089 1478 1158 alicujus
1525 1087 1627 1142 viri
1685 1088 2033 1143 amanuensis

476 1199 566 1242 aut
597 1204 627 1242 a
656 1185 898 1250 secretis,
925 1193 976 1239 et
999 1196 1220 1250 magnas
1247 1195 1313 1234 ex
1333 1195 1397 1235 eo
1418 1177 1702 1234 facultates
1723 1177 2031 1249 paraverit;

475 1293 642 1347 quare
697 1285 918 1347 cogetur
964 1289 1050 1356 ea,
1108 1287 1226 1341 quae
1274 1271 1358 1325 liis
1411 1270 1713 1326 rationibus
1769 1268 2033 1339 acquisita

476 1381 622 1435 sunt,
649 1368 893 1423 ecclesiae
931 1365 1218 1419 addicere?
1261 1362 1502 1417 Praesens
1535 1372 1713 1416 autem
1767 1361 2034 1430 interpre-

475 1459 610 1515 tatio
637 1475 665 1513 a
701 1457 878 1512 verbis
901 1455 1124 1511 canonis
1153 1455 1437 1524 dependet,
1473 1452 1761 1507 statuentis
1806 1467 1925 1520 quae
1970 1465 2034 1504 ex

475 1549 805 1604 liberalitate
833 1546 916 1600 vel
957 1543 1362 1598 hereditatibus
1393 1550 1778 1610 provenerunt,
1820 1555 1914 1594 eos
1943 1541 2041 1593 ha—

481 1644 608 1696 bere
631 1643 682 1696 in
727 1646 1012 1710 potestate.
1055 1646 1413 1706 praeterquam
1451 1634 1592 1704 quod
1626 1647 1752 1703 pars
1794 1633 2036 1701 quaedam

479 1733 721 1788 ecclesiae
751 1732 863 1785 dari
893 1730 1070 1784 debet.
1097 1727 1258 1798 559
1276 1727 1410 1780 Cum
1440 1734 1618 1779 autem
1648 1739 1820 1778 canon
1846 1731 2038 1777 tractet

2133 539 2357 591 δικαίων
2382 537 2476 590 καὶ
2500 538 2526 590 ό
2557 534 2662 588 ἀπδ
2691 535 2798 586 τῶν
2831 531 3030 599 ἔξωθεν
3051 530 3268 600 δωρεῶν
3298 528 3394 581 καὶ
3413 526 3694 595 ληγάτων.

2135 632 2244 684 Καὶ
2274 631 2340 684 τὰ
2372 632 2491 701 μὲν,
2526 629 2694 700 ἦγουν
2760 625 2829 678 τὰ
2887 621 3238 684 ἐπισκοπικά,
3293 623 3362 690 τῇ
3420 617 3700 685 ἐπισκοπῇ

2138 720 2657 790 προσκυρωθήσεται
2680 732 2695 747 ·
2731 718 2800 770 τά
2834 714 2892 768 δὲ
2922 711 3089 780 λοιπά
3115 715 3214 783 τῆς
3255 710 3504 776 ἐξουσίας
3531 706 3703 761 αὐτοῦ

2137 812 2373 874 εσονται,
2408 810 2592 872 καθὼς
2620 809 2776 862 τοῦτο
2814 803 2909 860 καὶ
2940 807 2967 860 ό
3004 803 3183 858 κανὼν
3223 801 3602 872 διαλαμϐάνει.
3634 799 3706 852 Οἱ

2137 906 2194 960 δέ
2225 903 2496 974 κληρικοὶ,
2546 901 2642 954 ἐὰν
2695 897 2833 970 μετά
2882 897 2981 967 τὴν
3034 894 3308 966 κλήρωσιν
3353 891 3461 946 ἀπὸ
3499 889 3711 958 ἐτέρων

2139 997 2374 1067 τρόπων,
2409 991 2527 1061 οὐχὶ
2560 991 2668 1044 ἀπὸ
2696 991 2805 1044 τῶν
2844 989 2940 1058 τῆς
3007 984 3327 1052 ἐκκλησίας.
3381 980 3709 1050 ἀγοράσωσι

2142 1087 2463 1156 πράγματα,
2493 1085 2596 1135 οὐκ
2631 1079 3139 1148 ἀναγκασθήσονται
3163 1073 3336 1127 ταῦτα
3368 1068 3710 1139 προσκυρῶ-

2143 1193 2234 1229 σαι
2256 1179 2322 1246 τῇ
2365 1171 2791 1241 ἐκκλησία.Ἔάν
2842 1168 2949 1237 γὰρ
3001 1165 3166 1236 τυχὸν
3222 1158 3720 1217 παιδοδιδάσκαλος

2142 1267 2367 1337 γένηταί
2395 1283 2482 1329 τις
2513 1262 2773 1334 κληρικδς
2880 1259 3250 1329 καλλιγράφος
3282 1257 3313 1325 ἢ
3351 1250 3716 1321 ὑπογραφεὺς

2146 1358 2471 1429 μεγιστᾶνός
2502 1373 2662 1419 τινος,
2697 1353 2790 1407 καὶ
2838 1350 3091 1405 ἐντεῦθεν
3136 1347 3500 1414 πολυκτήμων
3534 1359 3721 1395 κατα-

2146 1454 2262 1520 στῇ.
2299 1449 2387 1503 ῖνα
2432 1449 2484 1501 τί
2533 1444 3122 1512 καταναγκασθήσεται
3170 1439 3237 1492 τὰ
3285 1437 3390 1490 ἀπὸ
3451 1433 3724 1486 τοιούτων

2143 1542 2360 1612 τρόπων
2393 1536 2754 1607 ἐπικτηθέντα
2785 1534 2934 1605 αὐτῷ
2963 1536 3030 1604 τῇ
3077 1529 3345 1598 ἐκκλησίᾳ
3380 1523 3726 1598 προσκυρῶο

2150 1650 2236 1687 σαι
2263 1650 2279 1698 ;
2324 1633 2386 1684 'H
2419 1629 2670 1700 παροῦσα
2702 1628 2758 1681 δέ
2785 1625 3049 1696 ἑρμηνεία
3076 1622 3317 1692 ἐξέχεται
3349 1621 3442 1673 καὶ
3468 1618 3579 1670 τῶν
3611 1619 3725 1685 ρη-

2153 1725 2334 1793 μάτων
2362 1721 2455 1774 τοῦ
2493 1719 2736 1782 κανόνος,
2761 1716 3221 1784 διαλαμϐάνοντος
3251 1712 3318 1764 τὰ
3355 1709 3463 1764 ἀπὸ
3508 1707 3728 1776 φιλοτι-

482 1826 547 1879 de
580 1823 964 1885 immobilibus,
991 1819 1260 1890 regaverit
1295 1817 1582 1885 quispiam,
1619 1831 1686 1868 an
1733 1815 1872 1867 idem
1926 1827 2041 1868 ser-

2166 1814 2286 1867 ιιῶν
2320 1810 2753 1883 ὴκληρονομιῶν
2786 1809 2933 1878 ἔχειν
2968 1807 3055 1860 ἐπ’
3092 1803 3337 1867 ἐξουσίας
3364 1799 3560 1859 αὐτοὺς
3585 1798 3726 1851 ἄνευ

480 1916 596 1968 vari
627 1915 818 1969 debeat
849 1912 1092 1968 etiamin
1134 1909 1442 1964 mobilibus.
1491 1905 1557 1959 Et
1605 1904 1855 1958 eXiSllmO
1898 1902 2039 1971 quod

484 2009 623 2059 idem
651 2007 813 2060 etiam
864 2005 914 2057 in
969 2005 1054 2057 liis
1104 2001 1229 2066 ﬂet;
1283 2009 1559 2069 propterea
1612 1997 1750 2065 quod
1785 1995 1926 2046 nulla
1965 2003 2046 2045 est

485 2093 791 2148 cliﬂercntia
840 2091 1115 2147 mobilium
1151 2099 1199 2143 et
1240 2086 1615 2150 immobilium,
1667 2083 1811 2152 quod
1851 2082 1916 2135 ad
1954 2095 2046 2134 ae-

486 2182 829 2249 quisitionem
864 2180 1073 2232 attinet.
1125 2177 1347 2243 Proprie
1399 2184 1578 2230 autem
1619 2174 1772 2232 dixit.
1813 2185 1931 2240 pro,
2002 2170 2044 2221 si

486 2273 692 2326 directo
723 2270 774 2322 ei
805 2269 986 2322 relicta
1051 2267 1180 2332 sint,
1235 2267 1488 2334 quoniam
1531 2263 1692 2315 multa
1729 2261 2046 2330 quibusdam

488 2364 886 2430 relinquuntur,
913 2369 972 2411 ιιι
1022 2372 1082 2412 ea
1120 2356 1239 2410 aliis
1283 2356 1768 2423 quomodocunqtte
1827 2351 2052 2404 reddant

491 2470 554 2507 ac
588 2453 891 2507 restituant.
932 2451 1005 2502 Ex
1039 2446 1348 2516 huiusmodi
1378 2457 1508 2512 ergo
1557 2458 1663 2496 non
1707 2441 1959 2509 postulat,
1994 2447 2052 2492 ut

489 2547 778 2614 quidquam
830 2539 1068 2597 ecclesias
1133 2548 1452 2601 consecret;
1518 2537 1610 2589 sed
1662 2549 1724 2588 ex
1781 2534 1862 2587 eis
1934 2545 2053 2601 qua!

491 2635 706 2700 proprie
734 2647 827 2686 seu
858 2630 1104 2700 privatim
1136 2630 1183 2682 ei
1223 2628 1407 2681 relicta
1431 2634 1576 2690 sunt,
1613 2634 1667 2679 et
1709 2639 1935 2692 quorum
1968 2622 2054 2675 ille

489 2734 566 2774 est
603 2722 871 2775 dominus.
904 2718 1037 2773 Nota
1066 2720 1230 2786 igitur
1264 2731 1550 2782 canonem,
1598 2717 1688 2786 qui
1731 2716 1886 2776 dicit,
1913 2712 2054 2781 quod

491 2815 726 2883 episcopi
753 2821 806 2867 et
831 2811 1011 2866 clerici
1051 2812 1250 2865 debent
1303 2807 1619 2863 necessario
1656 2806 1770 2860 suis
1813 2805 2056 2859 ecclesiis

491 2912 697 2970 partem
753 2901 1009 2971 aliquam,
1072 2914 1190 2969 qua:
1239 2898 1344 2953 illis
1403 2896 1673 2950 videbitur
1719 2909 1785 2949 ex
1841 2892 1906 2946 iis
1940 2905 2057 2961 quae

493 2995 708 3064 proprie
777 2993 841 3047 ad
894 3007 987 3046 eos
1068 2991 1363 3061 pertinent,
1431 2987 1772 3056 relinquere;
1840 2985 2058 3039 omnino

491 3099 670 3140 autem
700 3097 942 3141 extremo
990 3085 1180 3153 spiritu
1220 3101 1232 3136 :
1294 3093 1347 3137 ct
1397 3082 1450 3135 in
1503 3082 1623 3145 hoc,
1672 3079 1968 3149 cuiusmodi
2007 3085 2059 3130 et

491 3177 1023 3245 quantulumcunque
1048 3187 1148 3236 est,
1179 3191 1284 3230 non
1321 3174 1708 3243 repudiabitur.

2149 1906 2348 1975 μέρους
2375 1904 2517 1964 τινος
2547 1900 2855 1970 ὀφείλοντος
2882 1897 3103 1963 δοθῆναι
3129 1895 3193 1963 τῇ
3221 1890 3507 1958 ἐκκλησία.
3530 1886 3635 1940 Τοῦ
3658 1886 3730 1938 δὶ

2145 1998 2372 2056 κανόνος
2412 1992 2541 2063 περὶ
2579 1992 2855 2060 ἀκινήτων
2908 1985 3388 2053 διαλαμϐάνοντος,
3445 1979 3731 2049 ἐρωτήσει

2145 2104 2250 2148 τις.
2283 2085 2376 2137 ἐὰν
2404 2083 2463 2136 τὸ
2493 2083 2624 2134 αὐτὸ
2644 2081 2852 2149 ὀφείλει
2874 2079 3101 2148 κρατεῖν
3135 2075 3229 2128 καὶ
3275 2073 3370 2126 ἐπὶ
3417 2072 3525 2123 τῶν
3559 2085 3732 2136 κινη-

2148 2179 2290 2244 τῶν;
2313 2175 2421 2231 Καὶ
2439 2171 2588 2244 οἶμαι
2617 2173 2697 2225 ὅτι
2721 2174 2782 2224 τδ
2802 2169 2934 2224 αὐτὸ
2955 2168 3049 2222 καὶ
3079 2166 3172 2220 ἐπὶ
3198 2165 3406 2225 τούτοις
3431 2158 3733 2230 γενήσεται

2149 2271 2234 2324 διὰ
2265 2269 2323 2322 τὸ
2357 2267 2624 2339 μηδεμίαν
2650 2259 2790 2317 εἶναι
2823 2259 3090 2330 διαφορὰν
3135 2256 3375 2326 κινητῶν
3407 2253 3500 2305 καὶ
3525 2250 3733 2318 ἀκινή-

2157 2378 2267 2414 των
2291 2359 2413 2411 ὅσον
2440 2357 2519 2416 είς
2544 2355 2640 2424 τὴν
2674 2352 2983 2417 ἐπίκτησιν.
3018 2348 3236 2417 κυρίως
3280 2345 3338 2399 δέ
3369 2341 3544 2405 εἷπεν,
3600 2340 3735 2394 ἀντὶ

2153 2448 2244 2503 τοῦ
2277 2450 2324 2501 εί
2354 2447 2413 2514 ἐξ
2436 2445 2594 2516 ὀρθοῦ
2633 2440 2780 2511 αὐτῷ
2801 2427 3158 2508 καταλειφθῇ·
3190 2437 3311 2489 ἐπεὶ
3340 2432 3511 2488 πολλά
3555 2448 3737 2486 κατα-

2152 2540 2506 2610 λιμπάνονταί
2523 2551 2686 2600 τισιν,
2711 2533 2851 2587 ῶστε
2875 2531 3014 2585 αὐτά
3037 2529 3241 2598 ἑτέροις
3267 2523 3736 2592 ἀποκαταστῆσαι

2154 2633 2187 2706 ἢ
2216 2630 2488 2686 ἀναλῶσαι
2519 2626 2875 2694 ὁπουδήποτε.
2922 2622 3019 2674 Ἐκ
3059 2619 3167 2672 τῶν
3199 2616 3458 2671 τοιούτων
3488 2613 3578 2666 οὖν
3623 2612 3744 2664 οὐκ

2156 2701 2469 2776 ἀπαιτεῖται
2499 2715 2806 2786 ἀφιερῶσαί
2829 2731 2882 2766 τι
2913 2715 2981 2781 τῇ
3016 2709 3308 2777 ἐκκλησίᾳ,
3334 2705 3449 2760 ἀλλ’
3493 2707 3559 2757 ἐκ
3618 2701 3740 2755 τῶν

2157 2811 2380 2881 κυρίως.
2417 2811 2536 2880 ἦτοι
2583 2806 2790 2868 ίδικῶς,
2827 2801 2974 2870 αὐτῷ
3029 2796 3576 2866 καταλελειμμένων,
3628 2791 3741 2846 καὶ

2157 2899 2230 2957 ῶν
2263 2901 2447 2969 κύριός
2478 2902 2627 2952 ἐστιν
2658 2897 2885 2956 ἐκεῖνος.
2927 2891 3245 2962 Σημείωσαι
3277 2882 3373 2940 οὖν
3404 2885 3497 2937 τὸν
3523 2884 3738 2936 κανόνα

2159 2993 2250 3045 τὸν
2270 2992 2494 3059 λέγοντα
2525 2989 2606 3042 δτι
2652 2987 2717 3051 ἐξ.
2739 2987 2984 3053 ἀνάγκης
3042 2982 3352 3051 ὀφείλουσιν
3387 2978 3436 3029 oi
3471 2974 3742 3042 κληρικοὶ

2163 3081 2255 3134 καὶ
2277 3083 2326 3134 oi
2359 3081 2648 3132 ἐπίσκοποι
2681 3073 3118 3143 καταλιμπάνειν
3181 3071 3301 3131 ταῖς
3353 3065 3475 3120 κατ’
3528 3063 3750 3133 αὐτοὺς

2159 3171 2477 3242 ἐκκλησίαις
2514 3171 2676 3239 μέρος
2701 3185 2777 3230 τι,
2803 3167 2863 3220 τὸ
2890 3164 3078 3218 δοκοῦν
3115 3163 3321 3224 αὐτοῖς,
3362 3159 3469 3213 ἀπὸ
3506 3158 3614 3210 τῶν
3637 3174 3752 3208 κυ-

497 3268 629 3336 ρίως
655 3268 1014 3337 διαφερόντων
1038 3267 1270 3331 τούτοις,
1304 3268 1518 3328 πάντως
1584 3266 1640 3318 δὲ
1664 3266 1722 3318 ἐν
1792 3266 1912 3326 ταῖς
1969 3261 2307 3325 τελευταίαις
2364 3262 2700 3322 ἀναπνοαῖςο
2748 3255 3064 3318 καὶτοῦτο,
3116 3249 3254 3306 οἷοιν
3300 3250 3368 3305 ἂν
3431 3250 3532 3302 καὶ
3609 3249 3753 3300 ὅσον

496 3362 661 3423 ἐστιν,
696 3362 796 3415 οὐκ
829 3361 1344 3430 ἀποπεμφθήσεται.

568 3452 815 3510 ZONAR.
888 3453 945 3508 Si
1000 3457 1089 3523 qui
1151 3455 1440 3523 homines,
1484 3469 1604 3508 cum
1664 3455 1737 3508 rei
1785 3450 2063 3508 familiaris

502 3548 681 3614 inopia
740 3547 1068 3612 laborarent,
1119 3548 1182 3599 ad
1229 3547 1596 3616 episcopatum
1649 3547 1821 3599 evecti
1872 3554 1964 3598 aut
2009 3545 2063 3600 in

502 3639 706 3692 elerum
748 3635 979 3704 cooptati
1026 3645 1171 3701 sunt,
1211 3637 1402 3692 deinde
1434 3651 1559 3690 vero
1586 3636 1784 3690 divitiis
1829 3635 2066 3698 afﬂuant,

504 3746 771 3800 agrosque
811 3739 902 3783 aut
939 3730 1159 3799 praedia,
1188 3738 1465 3796 postquam
1497 3728 1732 3796 episcopi
1766 3737 1857 3780 aut
1886 3727 2065 3781 clerici

507 3831 663 3887 sunt,
701 3822 914 3891 proprio
950 3821 1164 3874 nomine
1197 3818 1452 3873 emercati
1493 3819 1802 3887 possideant
1828 3818 1966 3887 ;_iiia
2001 3833 2064 3872 ex

507 3915 659 3968 nonis
696 3913 933 3967 ecclesiae
958 3911 1234 3980 quaesiissc
1269 3918 1572 3973 censentur,
1606 3923 1666 3961 ac
1701 3908 1801 3962 nisi
1831 3909 2069 3963 ecclesiae

509 4004 967 4066 consecraverint,
1025 4002 1346 4066 Dominicas,
1395 4001 1495 4054 hoc
1545 4007 1647 4062 est,
1703 3999 1812 4052 Deo
1863 4000 2067 4053 dicatas

514 4096 907 4162 possessiones,
956 4095 1240 4162 diripuisse
1291 4092 1693 4161 judicabuntur.
1746 4091 1802 4145 id
1847 4104 2077 4162 namque

514 4187 601 4239 illa
634 4186 974 4255 signiﬁcant:
1011 4195 1258 4250 tanquam
1298 4183 1384 4249 qui
1430 4183 1703 4234 Dominica
1741 4183 1878 4235 bona
1922 4182 2077 4233 inva-

515 4279 703 4331 serint.
736 4277 966 4330 Proinde
999 4275 1242 4329 civilibus
1268 4289 1478 4342 quoque
1506 4273 1708 4339 legibus
1737 4284 1949 4326 cautum
1973 4281 2076 4335 est,

515 4381 570 4422 nt
595 4370 851 4438 episcopi,
879 4383 996 4421 cum
1028 4366 1254 4434 eligendi
1285 4377 1426 4427 sunt,
1459 4365 1584 4432 quid
1618 4365 1667 4416 in
1697 4365 1928 4432 ipsorum
1957 4377 2081 4432 pos-

2239 3446 2482 3504 ΖΩΝΑΡ.
2525 3443 2651 3498 Ἑὰν
2681 3439 2877 3511 ἄποροί
2904 3455 3047 3499 τινες
3077 3435 3342 3504 γένωνται
3377 3429 3674 3484 ἐπίσκοποι
3705 3424 3745 3494 ἦ

2173 3539 2445 3609 κληρικοὶ,
2484 3533 2604 3589 εἷτα
2627 3533 2991 3603 εὐπορήσωσι,
3044 3531 3136 3582 καὶ
3193 3527 3523 3595 κτήσωνται,
3559 3522 3615 3572 ἐν
3659 3518 3754 3589 τῷ

2173 3628 2313 3685 εἶναι
2340 3629 2627 3680 ἐπίσκοποι
2675 3625 2706 3692 ἦ
2739 3621 3014 3690 κληρικοι,
3045 3618 3246 3688 ἀγροὺς
3274 3615 3306 3681 ἢ
3365 3612 3563 3683 χωρία,
3596 3609 3753 3677 ὡνηρ

2177 3722 2400 3790 σάμενοι
2441 3717 2580 3772 αὐτὰ
2616 3717 2696 3776 είς
2733 3714 2908 3776 ὄνομα
2931 3713 3152 3768 οίκείον,
3187 3705 3436 3760 δοκοῦσιν
3464 3707 3527 3756 ἐκ
3560 3717 3754 3771 πραγ-

2180 3814 2363 3882 μάτων
2393 3813 2489 3878 τῆς
2521 3804 2814 3875 ἐκκλησίας
2836 3802 3009 3856 ταῦτα
3051 3797 3389 3868 κτήσασθαι,
3428 3794 3525 3847 καὶ
3568 3792 3758 3861 ἔνοχοί

2177 3906 2340 3966 εἰσιν,
2375 3900 2562 3967 ῶσπερ
2625 3898 2672 3948 εί
2723 3891 3025 3948 δεσποτικὰ
3060 3889 3388 3959 πράγματα,
3445 3887 3616 3955 ἤγουν
3647 3901 3758 3935 κυ-

2181 3994 2367 4064 ριακά,
2396 3991 2728 4061 διηρπάκασι
2750 3985 2926 4056 (τοῦτο
2940 3986 3048 4052 γὰρ
3071 3982 3294 4049 ἐνέφηνε
3315 3977 3399 4030 διὰ
3421 3976 3514 4028 τοῦ
3547 3976 3756 4040 εἰπεῖν,

2177 4061 2254 4144 ῶς
2301 4081 2488 4147 ἔφοδον
2514 4072 2924 4147 πεποιηκότες),
2962 4073 3010 4122 εί
3062 4070 3136 4139 μὴ
3175 4070 3240 4137 τῇ
3272 4064 3540 4133 ἐκκλησίᾳ
3572 4061 3761 4114 ταῦτα

2181 4145 2600 4241 ἀφιερίώσουσιν.
2643 4165 2732 4219 Διὸ
2760 4145 2853 4218 καί.
2881 4166 2930 4216 οἱ
2958 4163 3113 4231 νόμοι
3133 4161 3230 4228 τῆς
3263 4157 3544 4218 πολιτείας
3575 4157 3758 4207 ἀπαι-

2179 4267 2330 4318 τοῦσι
2362 4268 2488 4324 τοὺς
2520 4259 2874 4320 ἐπισκόπους,
2895 4257 2984 4308 ὅτε
3014 4253 3270 4323 μέλλουσι
3296 4245 3758 4319 χειροτονεῖσθαι,

2181 4355 2394 4426 φανερὰ
2422 4356 2596 4406 ποιεῖν
2625 4352 2659 4404 ἃ
2699 4349 3014 4417 κέκτηνται,
3061 4345 3146 4397 ἵνα
3201 4343 3397 4413 ἔχωσιν
3428 4341 3634 4395 ἄδειαν.
3670 4331 3764 4400 οἷς

517 4457 844 4512 scssionibus
865 4457 934 4509 sit
963 4464 1209 4508 testatum
1243 4453 1438 4506 faciant
1457 4429 1557 4516 ;-nt
1586 4429 1729 4512 illas,
1751 4429 2059 4520 quibuscum-

2189 4449 2488 4519 βούλονται,
2523 4443 2773 4512 νομίμως
2794 4439 2972 4492 ταῦτα
3003 4434 3464 4504 καταλιμπάνειν.
3497 4431 3609 4485 Καὶ
3645 4434 3679 4483 ὁ
3705 4429 3763 4499 μ’

517 4565 620 4619 quc
652 4549 942 4602 collibitum
986 4545 1166 4605 fuerit,
1208 4558 1271 4597 ex
1321 4545 1495 4612 legum
1549 4544 1865 4610 praescripto
1913 4542 2077 4594 relin-

521 4658 686 4708 quere
736 4641 911 4694 liceat.
953 4636 1408 4704 Quadragcsimus
1445 4649 1572 4687 vero
1605 4643 1912 4688 sanctorum
1951 4647 2081 4699 apo-

520 4732 772 4787 stolorum
801 4745 993 4793 canon,
1023 4728 1156 4781 Nota
1188 4728 1313 4789 sint,
1362 4725 1554 4792 inquit.
1593 4724 1807 4792 propria
1847 4724 2079 4793 episcopi

523 4830 687 4887 tona,
731 4825 774 4879 si
823 4823 1036 4890 quidem
1084 4818 1297 4886 propria
1353 4830 1562 4883 quoque
1607 4816 1800 4877 habet;
1851 4826 2083 4884 notaque

524 4923 650 4971 item
689 4915 960 4969 Dominica
1008 4912 1114 4965 sint
1164 4922 1217 4965 et
1250 4925 1369 4976 quae
1412 4917 1725 4976 sequuntur.
1761 4909 1902 4962 idem
1940 4910 2085 4962 vice-

526 5011 663 5062 simo
708 5018 920 5075 quarto,
979 5017 1187 5070 quoque
1237 5001 1582 5055 Antiochena:
1637 5003 1823 5069 synodi
1880 5013 2087 5052 canone

527 5110 745 5154 cautum
776 5109 878 5151 est.
916 5097 1066 5162 Quod
1103 5096 1144 5149 si
1181 5095 1432 5163 episcopo
1479 5092 1731 5160 cuiquam
1766 5101 1854 5144 aut
1889 5091 2088 5146 clerico

531 5192 733 5259 aliquid
763 5191 990 5258 alicujus
1027 5187 1343 5241 liberalitate
1391 5185 1489 5250 ipsi
1533 5184 1748 5252 proprie
1791 5183 2087 5246 addictum,

532 5285 763 5352 legatum
793 5281 989 5348 quippe
1031 5289 1122 5330 aut
1160 5276 1375 5330 donatio
1408 5284 1499 5327 ant
1528 5284 1750 5342 cognata
1781 5274 2086 5336 ltmreditas,

533 5373 829 5436 obvenerit,
865 5386 925 5424 ex
977 5385 1039 5423 eo
1084 5367 1297 5438 quoqné
1355 5367 1590 5420 ecclesiae
1626 5374 1828 5434 partem
1869 5381 1966 5432 pro
1995 5379 2092 5419 suo

537 5465 756 5517 arbitrio
792 5461 1151 5515 consecrabit.
1190 5460 1411 5526 Pt'Oprie
1449 5472 1575 5510 vero
1617 5457 1749 5507 dixit
1794 5455 2090 5517 addictum,

539 5555 641 5608 ltoc
687 5563 790 5618 est,
834 5553 974 5621 quod
1008 5550 1208 5604 homini
1260 5565 1325 5603 ex
1361 5549 1562 5601 directo
1603 5546 1764 5600 fuerit
1807 5547 2091 5606 relictum;

537 5645 792 5711 quoniam
828 5642 992 5696 multa
1027 5640 1294 5708 aliquibus
1325 5641 1712 5707 relinquuntur,
1742 5647 1798 5689 ιιι
1834 5636 1952 5689 aliis
1986 5646 2092 5687 tra-

538 5738 702 5799 dant,
766 5745 854 5788 aut
910 5734 962 5787 in
1018 5731 1348 5801 captivorum
1410 5732 1850 5800 re-chptioncm,
1905 5739 1990 5780 aut
2045 5729 2093 5779 itt

2182 4542 2237 4594 δὲ
2275 4539 2454 4593 κανὼν
2471 4536 2579 4589 τῶν
2611 4535 2782 4599 ἁγίων
2829 4531 3164 4592 ἀποστόλων,
3206 4527 3409 4587 Ἔστω,
3445 4523 3602 4593 φησι,
3648 4539 3768 4590 φα-

2185 4633 2317 4702 νερὰ
2363 4630 2431 4683 τὰ
2495 4629 2601 4680 ῐδια
2631 4625 2722 4679 τοῦ
2764 4623 3065 4676 ἐπισκόπου
3115 4620 3435 4688 πράγματα,
3496 4616 3610 4681 εἴγε
3663 4615 3769 4666 καὶ

2191 4726 2300 4776 ἴδια
2331 4722 2467 4791 ἔχει,
2499 4720 2593 4771 καὶ
2614 4717 2825 4787 φανερά
2856 4713 2924 4767 τά
2949 4711 3211 4781 κυριακά,
3245 4710 3338 4761 καὶ
3367 4707 3432 4759 τά
3465 4706 3610 4772 ἑξῆς.
3644 4705 3766 4757 Καὶ

2185 4820 2212 4869 ὁ
2243 4819 2339 4883 τῆς
2370 4815 2427 4864 ἐν
2473 4809 2775 4879 Ἀντιοχείᾳ
2809 4803 2886 4858 κδ’
2915 4803 3094 4857 κανὼν
3147 4802 3275 4867 περὶ
3313 4799 3504 4851 τούτου
3555 4799 3770 4862 θεσμο-

2190 4908 2355 4959 θετεῖ.
2407 4905 2533 4957 Ἐὰν
2579 4902 2633 4952 δὲ
2683 4901 2776 4952 καὶ
2807 4895 3093 4960 ἐπισκόπῳ
3123 4891 3235 4945 δντι
3269 4889 3377 4941 τινὶ
3411 4888 3445 4958 ἢ
3505 4885 3770 4954 κληρικῷ

2192 4994 2450 5067 περιέλθῃ
2483 4991 2688 5057 κυρίως
2728 4986 3010 5055 φιλοτιμία
3056 4983 3222 5045 τινὸς,
3272 4975 3387 5032 οἷον
3433 4977 3674 5046 ληγᾶτον
3734 4976 3769 5045 ἢ

2190 5091 2368 5159 δωρεὰ
2402 5087 2434 5154 ἢ
2466 5081 2803 5152 κληρονομία
2851 5076 3174 5144 συγγενικὴ,
3230 5071 3334 5133 δεῖ,
3378 5072 3534 5138 φησι,
3564 5069 3660 5120 καὶ
3708 5067 3774 5132 ἐξ

2191 5180 2355 5234 αὐτοῦ
2386 5175 2692 5246 ἀφιερῶσαι
2733 5174 2799 5239 τῇ
2828 5167 3096 5238 ἐκκλησίᾳ
3148 5166 3316 5234 μέρος
3352 5161 3493 5215 κατά
3553 5161 3652 5228 τὴν
3689 5163 3775 5211 οἰ-

2194 5270 2346 5322 κείαν
2380 5266 2720 5334 προαίρεσιν.
2787 5261 3010 5326 Κυρίως
3059 5256 3116 5308 δὲ
3174 5251 3348 5316 εἶπεν,
3396 5253 3518 5306 ἀντὶ
3548 5250 3642 5304 τοῦ
3709 5252 3774 5317 ἐξ

2193 5360 2356 5432 ὀρθοῦ
2399 5359 2547 5424 αὐτῷ
2576 5350 2939 5420 καταλειφθῇ,
2975 5349 3093 5400 ἐπεὶ
3158 5347 3329 5399 πολλά
3381 5343 3775 5410 καταλιμπάν-

2199 5450 2348 5501 ονταί
2382 5461 2541 5507 τισιν,
2580 5441 2720 5494 ῶστε
2770 5441 2910 5495 αὐτὰ
2968 5439 3176 5505 ἑτέροις
3207 5437 3684 5501 ἀποκαταστῆναι,
3737 5435 3773 5504 ἦ

2199 5537 2471 5594 ἀναλῶσαι
2512 5535 2652 5586 αὐτά
2687 5535 2765 5592 είς
2807 5528 3173 5599 αίχμαλώτων
3223 5524 3581 5596 ἀναρῤύσεις,
3618 5524 3651 5593 ἢ
3686 5526 3772 5588 είς

2198 5629 2485 5694 οἰκοδομὰς
2518 5626 2680 5678 οἴκων
2702 5623 2888 5692 ἱερῶν,
2921 5621 3017 5674 καὶ
3039 5620 3119 5681 είς
3150 5617 3314 5678 ἄλλας
3342 5616 3521 5677 αίτίας
3548 5615 3770 5681 ὁμοίας.

2215 5723 2307 5776 Ἐκ
2348 5719 2736 5775 τῶντοιούτων
2785 5710 2875 5769 οὖν
2906 5715 3002 5768 οὐκ
3055 5711 3370 5766 ἀπαιτεῖται
3404 5707 3671 5776 ἀφιεροῦν
3717 5724 3774 5760 τι
