3982 6436
193 302 272 367 149
1168 301 1248 360 ΙΝ
1287 299 1449 360 CAN.
1485 295 1718 356 XXXVI
1759 295 1966 361 CONC.
2007 298 2384 364 CARTHAG.

3252 288 3352 352 150

189 419 238 478 τῇ
266 412 533 483 ἐκκλησίᾳ,
590 415 721 467 ἀλλὰ
770 415 834 466 ἐκ
887 416 994 466 τῶν
1047 411 1269 480 κυρίως,
1328 415 1444 483 ἤτοι
1498 411 1690 474 Ξδικῶς,

1807 430 2083 472 sacrarum
2131 420 2321 473 :edium
2360 417 2791 480 aedificationem,
2836 421 2930 468 aut
2961 413 3012 466 in
3056 412 3191 465 alios
3220 411 3360 474 ejus-

190 502 311 572 αὑτῷ
359 504 890 571 καταλελειμμένων,
956 506 1050 556 καὶ
1113 499 1188 558 ὧν
1254 506 1440 572 κύριος
1499 502 1703 564 ἐκεῖνός

187 598 327 646 ἐστιν.
368 596 426 646 Εἰ
458 595 514 647 δέ
557 595 849 661 προέθεντο
888 597 980 648 καὶ
1030 597 1327 665 ὑπέσχοντο
1357 593 1521 663 μέρος
1551 595 1703 660 ἀφιε-

191 686 338 754 ρῶσαι
370 687 432 753 τῇ
461 685 748 757 ἐκκλησίᾳ,
790 683 910 740 εἶτα
959 687 1397 757 μετετράπησαν,
1430 684 1549 735 ἀντὶ
1607 683 1701 737 τοῦ

186 777 585 846 μετεϐλήθησαν,
617 777 829 843 ἀνάξιοι
864 777 1219 848 κριθήσονται
1255 770 1400 829 οὗτοι
1430 773 1527 843 τῆς
1556 775 1705 843 ίερα-

181 871 314 939 τικῆς
340 871 517 940 τιμῆς.

179 1139 374 1192 ΑΡΙΣΤ.
409 1158 427 1190 ι
481 1139 541 1193 Ὀ
584 1141 722 1210 μετὰ
754 1141 816 1194 τὸ
866 1141 1135 1211 προκόψαι
1176 1141 1344 1210 ἀγρὸν
1402 1137 1702 1206 ἐξωνούμε·

239 1247 389 1293 «νος,
432 1231 586 1283 οὐδὲν
649 1232 809 1298 ἔχων,
877 1234 1006 1286 ἵστω
1059 1235 1123 1303 τῇ
1194 1230 1459 1300 ἐκκλησίᾳ
1516 1228 1704 1280 τοῦτον

237 1339 253 1370 ι
295 1324 608 1390 προσάγειν,
667 1325 716 1376 εί
773 1324 848 1393 μὴ
905 1326 968 1377 ἐκ
1018 1323 1264 1393 διαδοχῆς
1317 1317 1700 1388 συγγενείαςῆ

235 1433 250 1464 ι
292 1414 530 1483 καθαρᾶς
566 1417 876 1486 φιλοτιμίας
900 1418 1070 1485 τούτῳ
1089 1415 1459 1486 περιελήλυθε.
1499 1436 1517 1467 ι

233 1507 289 1557 Oi
322 1507 422 1572 πρὸ
452 1507 554 1573 τῆς
578 1509 884 1577 ἐπισκοπῆς
919 1507 990 1577 μὴ
1017 1507 1228 1575 ἔχοντες
1243 1507 1349 1561 ε’δια
1379 1508 1698 1577 πράγματα,

173 1594 310 1658 ἦκαὶ
345 1595 393 1646 οί
433 1596 710 1665 κληρικοὶ,
745 1598 793 1649 oi
844 1597 949 1666 πρὸ
1007 1595 1099 1648 τοῦ
1151 1596 1503 1667 κληρωθῆναι
1552 1599 1703 1661 ϐντες

172 1686 494 1748 πενέστατοι,
533 1687 628 1739 ἐὰν
663 1688 801 1756 μετὰ
856 1687 919 1740 τὸ
984 1689 1256 1758 προκόψαι
1299 1690 1529 1758 ἀκίνητά
1577 1707 1697 1742 τινα

175 1778 547 1842 ἐξωνήσωνται,
579 1779 646 1847 τῇ
679 1777 945 1850 ἐκκλησίᾳ
980 1780 1153 1832 ταῦτα
1190 1781 1574 1849 προσάξουσιν,
1622 1779 1698 1842 ὡς

171 1868 222 1916 ἐκ
245 1866 344 1917 τών
367 1867 645 1935 προσόδων
692 1869 862 1934 αὐτῆς
923 1870 1098 1923 ταῦτα
1157 1870 1606 1939 ἐπικτησάμενοι·
1651 1871 1698 1922 εί

175 1957 232 2019 μή
262 1971 356 2005 που
387 1956 497 2008 ἀπὸ
547 1957 912 2027 κληρονομίας
961 1957 990 2026 ἢ
1023 1957 1130 2009 άπό
1161 1973 1304 2019 τινος
1356 1956 1583 2024 δωρεᾶς,
1631 1957 1697 2024 τῇ

170 2044 372 2114 ὰὶηθείςι
408 2046 547 2114 πρὸς
569 2049 768 2111 αὐτοὺς
828 2048 1150 2117 γενομένης.
1205 2046 1489 2100 φαίνονται
1533 2044 1700 2098 ταῦτα

174 2135 449 2201 περιελθεῖν
473 2138 552 2199 είς
572 2138 790 2201 αὐτούς.

700 2231 939 2285 ΚΑΝΩΝ
972 2230 1108 2296 Δεῖ.

175 2333 188 2363 t
225 2317 368 2369 Ὥστε
404 2321 809 2389 πρεσϐυτέρους
869 2323 1096 2390 πρᾶγμα
1128 2321 1228 2391 τῆς
1278 2322 1594 2390 ἐκκλησίας,
1643 2323 1699 2374 έν

235 2427 249 2456 ι
351 2411 755 2480 καθιεροῦνται,
791 2413 866 2481 μὴ
896 2414 1247 2482 πιπράσκειν,
1293 2412 1388 2465 καὶ
1417 2411 1556 2464 ὥστε
1593 2428 1700 2480 μη-

228 2517 242 2548 ι
275 2500 376 2552 δενὶ
400 2504 685 2573 ἐπισκόπῳ
705 2505 904 2568 ἐξεῖναι
931 2504 1220 2574 πράγματι
1248 2505 1698 2575 καταχρήσασθαι

228 2609 242 2638 ι
280 2592 337 2643 ὲκ
367 2591 457 2644 τοῦ
515 2594 696 2647 τίτλου
732 2596 828 2662 τῆς
880 2595 1346 2665 ἐκκλησιαστικῆς
1409 2597 1693 2664 μάτρικος.

229 2699 244 2728 ι
291 2683 518 2751 Ὁμοίως
539 2686 757 2754 ἤρεσεν,
789 2686 929 2740 ὥστε
961 2688 1086 2750 τοὺς
1115 2687 1521 2757 πρεσϐυτέρους
1545 2688 1696 2756 παρὰ

222 2789 239 2820 α
276 2773 493 2844 γνώμην
519 2775 627 2827 τῶν
680 2778 824 2830 ίδὶων
872 2777 1050 2831 αὐτῶν
1107 2779 1422 2832 ἐπισκόπων
1468 2779 1696 2847 πρᾶγμα

229 2878 245 2910 t
281 2863 348 2930 μὴ
382 2865 720 2935 π;πράσκειν
742 2867 843 2935 τῆς
875 2867 1191 2937 ἐκκλησίας,
1233 2869 1291 2921 ἐν
1382 2868 1698 2940 καθιεροῦν-

227 2969 244 2999 ι
275 2970 376 3006 ταν
420 2955 481 3007 ὃν
517 2959 721 3024 τρόπον
749 2959 844 3011 καὶ
874 2963 983 3022 τοῖς
1006 2960 1328 3023 ἐπισκόποις
1368 2961 1467 3013 οὐκ
1515 2961 1694 3026 ἔξεστι

216 3063 241 3094 4
277 3049 607 3117 πιπράσκειν
668 3050 844 3121 χωρία
881 3050 979 3118 τῆς
1023 3052 1339 3122 ἐκκλησίας,
1390 3053 1692 3120 ἀγνοούσης
1720 3074 1761 3129 c

224 3153 238 3180 ι
270 3136 361 3204 τῆς
399 3139 649 3201 συνόδου,
696 3140 728 3209 ἢ
780 3142 886 3194 τῶν
947 3141 1092 3195 ίδίων
1140 3142 1544 3212 πρεσϐυτέρων,
1602 3143 1690 3212 Μὴ

222 3246 236 3275 ι
270 3228 430 3298 οὔσης
459 3233 648 3283 τοίνυν
674 3233 942 3303 ἀνάγκης,
984 3234 1119 3302 μηδέ
1152 3235 1438 3302 ἐπισκὸπῳ
1493 3237 1692 3298 ἐξεῖναι

229 3340 242 3366 ι
279 3323 726 3391 καταχρήσασθαι
782 3324 1066 3394 πράγματι
1097 3323 1159 3379 ἐκ
1221 3326 1314 3380 τοῦ
1373 3326 1552 3380 τίτλου
1594 3329 1692 3398 τῆς

222 3428 238 3458 ι
274 3410 737 3480 ἐκκλησιαστικῆς
766 3415 1049 3482 μάτρικος.
1080 3434 1098 3467 ι

224 3499 402 3552 ΒΑΛΣ.
462 3502 552 3563 Ὠς
605 3501 799 3567 ἔοικεν,
845 3503 1009 3572 ἱερεῖς
1044 3522 1187 3568 τινες
1221 3505 1462 3561 ἐπώλουν
1494 3509 1691 3578 ἐκκλη-

168 3588 390 3641 sue-rixa
443 3590 754 3658 πράγματα
809 3593 961 3662 παρὰ
1018 3595 1244 3663 γνώμην
1303 3595 1409 3648 τῶν
1474 3597 1689 3650 οἰκείων

163 3678 463 3732 ἐπισκόπων.
533 3681 695 3734 Ἀλλὰ
729 3681 836 3750 μὴν
869 3685 961 3734 καὶ
1010 3683 1298 3736 ἐπίσκοποι
1349 3685 1690 3755 ἐπίπρασκον

164 3768 309 3835 γωρία
332 3770 436 3822 τῶν
469 3771 782 3840 ἐκκλησιῶν
820 3772 996 3825 αὐτῶν
1019 3774 1166 3841 παρὰ
1197 3776 1421 3844 γνώμην
1450 3777 1547 3846 τῆς
1568 3777 1688 3830 κατ’

163 3858 328 3918 αὖτοὺς
377 3862 623 3918 συνόδου.
689 3863 720 3932 ἦ
779 3863 1015 3916 καὶτῶν
1077 3865 1222 3918 ίδίων
1282 3866 1686 3936 πρεσϐυτέρων.

161 3946 301 4014 τῇσίν
329 3949 417 4002 οὖν
440 3953 467 4002 ό
501 3950 688 4003 κανὼν
715 3952 914 4021 μηκέτι
960 3953 1114 4005 τοῦτο
1143 3953 1407 4020 γίνεσθαι,
1439 3955 1571 4008 ἀλλὰ
1594 3958 1689 4011 καὶ

161 4040 226 4088 ita
250 4044 527 4107 πρόκειται
546 4044 760 4112 ἀνάγκη
778 4043 1003 4111 ποιῆσαι
1029 4045 1269 4099 τοιοῦτόν
1293 4063 1344 4099 τι
1369 4047 1685 4115 ἐπίσκοπον,

166 4135 276 4193 μετὰ
302 4137 664 4198 συναινέσεως
690 4139 789 4207 τῆς
820 4138 939 4188 κατ’
968 4137 1128 4190 αὐτὸν
1158 4139 1374 4192 συνόδου
1432 4143 1527 4194 καὶ
1579 4143 1688 4195 τῶν

163 4224 283 4274 ξδίων
313 4227 703 4293 πρεσϐυτέρων
733 4227 890 4279 τοῦτο
925 4231 1118 4280 ποιεῖν’
1151 4228 1324 4290 ἄλλως
1375 4230 1430 4283 δέ
1471 4250 1585 4291 πως
1613 4234 1687 4303 μὴ

158 4315 275 4380 ἕξειν
329 4317 412 4369 ἐπ’
451 4317 642 4379 ἀδείας
694 4318 856 4370 αὑτὸν
901 4321 1348 4390 καταχρήσασθαι
1402 4324 1684 4391 πράγματι

1806 514 1948 566 πισοί
1988 529 2111 569 usus
2147 515 2436 570 insumant.
2468 511 2610 566 Nihil
2657 526 2783 578 ergo
2817 525 2882 564 ex
2923 502 3226 576 huiusmodi
3271 518 3356 554 re-

1806 604 1922 669 bus,
1959 607 2051 658 sed
2085 619 2145 658 ex
2193 605 2257 658 iis
2289 612 2514 665 tantum,
2558 617 2678 671 qua:
2723 601 2822 670 ipsi
2856 597 3072 670 proprie
3104 611 3164 650 ac
3196 610 3355 664 pecu-

1804 693 2006 750 liariter
2038 707 2164 752 sunt
2205 697 2425 759 relictae,
2469 708 2804 762 quarumque
2838 694 2950 760 ipse
2982 689 3224 744 dominus
3250 694 3354 745 est,

1803 785 2044 840 ecclesia:
2097 801 2412 840 consecrare
2459 785 2769 838 necessario
2824 791 3059 850 cogetur.
3115 779 3262 845 Quod
3311 775 3353 828 si

1803 877 1911 944 (μεῖν
1965 887 2114 946 parte
2163 877 2341 945 aliqua
2394 877 2502 945 jam
2551 875 2790 930 ecclesia:
2835 874 3123 935 destinata,
3172 876 3352 936 postea

1805 978 1949 1023 retro
1983 957 2224 1024 conversi
2254 979 2399 1028 sunt,
2435 965 2536 1021 hoc
2562 977 2665 1030 est,
2698 965 3018 1018 sententiam
3062 967 3353 1022 mutarunt,

1804 1058 2082 1114 sacerdotii
2112 1061 2314 1113 honore
2341 1057 2540 1127 indigni
2562 1071 2683 1110 esse
2715 1053 3109 1123 iudicabuntur.

1803 1149 2025 1205 ARIST.
2075 1169 2092 1201 ι
2149 1150 2247 1215 Qui
2312 1159 2430 1218 post
2481 1147 2896 1217 promotionem,
2947 1143 3075 1197 nihil
3131 1141 3352 1204 habens,

1885 1262 1902 1294 ι
1942 1257 2125 1311 agrum
2151 1243 2361 1306 emerit,
2389 1241 2441 1294 in
2478 1240 2758 1293 ecclesiam
2794 1254 2914 1291 eum
2959 1235 3222 1297 conferat,
3255 1234 3352 1285 nisi

1880 1356 1898 1389 ι
1937 1336 2278 1390 successione
2307 1333 2642 1402 cognationis
2671 1341 2761 1385 aut
2791 1344 2920 1399 pura
2951 1329 3272 1384 liberalitate
3302 1323 3353 1378 ei

1879 1440 1896 1472 ι
1931 1423 2228 1477 obvenerit.
2269 1441 2288 1474 ι

1873 1514 1972 1580 Qui
2015 1522 2139 1568 ante
2163 1514 2526 1583 episcopatum
2566 1511 2778 1581 propria
2818 1525 2920 1564 non
2953 1509 3148 1563 habent
3192 1509 3351 1570 bona,

1802 1602 1883 1657 vel
1918 1603 2078 1656 etiam
2121 1601 2324 1665 clerici,
2357 1602 2443 1668 qui
2489 1610 2769 1668 antequam
2801 1600 2855 1651 in
2885 1597 3084 1652 clerum
3117 1597 3348 1661 cooptati

1804 1693 2020 1756 fuerint,
2070 1694 2389 1759 pauperrimi
2442 1700 2636 1756 erant;
2692 1690 2735 1743 si
2791 1697 3068 1757 postquam
3123 1686 3347 1754 promoti

1801 1793 1946 1848 sunt,
1979 1783 2271 1836 immobilia
2315 1782 2491 1846 aliqua
2532 1780 2820 1838 redimant.
2856 1791 2916 1832 ea
2966 1778 3031 1831 ad
3073 1776 3348 1832 ecclesiam

1801 1875 2045 1936 afferent,
2079 1883 2136 1928 ut
2172 1874 2260 1942 qui
2306 1887 2369 1926 ex
2418 1872 2558 1924 illius
2603 1871 2863 1925 reditibus
2899 1870 3083 1924 eadem
3122 1868 3352 1936 acquisi-

1804 1965 2002 2017 vissent
2039 1981 2054 2018 :
2089 1965 2190 2019 nisi
2239 1965 2375 2018 forte
2422 1965 2488 2017 ab
2536 1963 2865 2025 haereditate,
2903 1969 2999 2015 aut
3033 1961 3100 2014 ab
3131 1959 3353 2027 alicujus

1802 2057 2108 2117 donatione,
2161 2072 2284 2112 vere
2337 2058 2402 2110 ad
2450 2057 2592 2124 ipsos
2637 2055 2798 2118 facta,
2846 2061 3136 2123 appareant
3177 2067 3239 2108 ea
3288 2052 3352 2104 ad

1802 2148 1942 2214 ipsos
1979 2148 2256 2202 obvenire.

2216 2238 2375 2309 sco
2427 2237 2650 2294 canon
2697 2238 2933 2293 xxxvr.

1806 2347 1822 2380 ι
1867 2328 1936 2383 Ut
1969 2331 2263 2400 presbyteri
2301 2345 2386 2385 res
2418 2332 2676 2394 ecclesiae,
2708 2331 2759 2382 in
2800 2345 2901 2395 qua
2941 2336 3350 2388 consecrantur,

1877 2439 1895 2471 ι
1935 2437 2038 2474 non
2093 2422 2325 2476 vendant
2375 2430 2474 2475 :el
2514 2429 2573 2474 ut
2620 2421 2746 2473 nulli
2794 2420 2952 2472 liceat
2993 2421 3245 2488 episcopo
3295 2435 3351 2471 re

1876 2530 1895 2564 ι
1934 2513 2101 2576 abuti,
2127 2527 2244 2580 quae
2267 2522 2347 2566 est
2375 2527 2438 2566 ex
2466 2512 2618 2565 titulo
2638 2510 3015 2566 ecclesiasticae
3037 2509 3351 2564 matricuim.

1873 2623 1891 2654 ι
1931 2605 2189 2659 Similiter
2211 2605 2430 2673 placuit,
2463 2613 2519 2658 ut
2546 2603 2868 2673 presbyteri,
2897 2612 3094 2671 praeter
3121 2613 3348 2657 mentem

1873 2713 1890 2745 ι
1928 2709 2142 2748 suorum
2174 2694 2546 2765 episcoporum
2585 2708 2668 2749 res
2697 2693 2957 2756 ecclesiae,
2993 2694 3046 2747 in
3081 2709 3182 2760 qua
3218 2708 3348 2746 con-

1874 2801 1891 2834 t
1931 2795 2226 2848 sectantur,
2276 2801 2382 2840 non
2430 2786 2661 2839 vendant
2694 2802 2709 2839 :
2748 2784 3194 2852 quemadmodum
3238 2783 3350 2850 cpi-

1875 2895 1892 2926 σ
1934 2875 2112 2943 scopis
2160 2891 2372 2943 quoque
2419 2877 2614 2944 praedia
2649 2875 2911 2940 ecclesiae,
2955 2874 3230 2939 ignorante
3256 2887 3346 2940 sy-

1871 2986 1889 3019 (
1930 2969 2088 3033 nodo,
2138 2968 2216 3023 vel
2269 2969 2379 3022 suis
2421 2967 2747 3037 presbyteris
2783 2968 3011 3020 vendere
3051 2980 3153 3018 non
3199 2964 3344 3017 licet.

1871 3073 1889 3105 ι
1929 3054 2043 3110 Non
2097 3057 2394 3112 exsistente
2449 3071 2578 3126 ergo
2628 3055 2982 3118 necessitate',
3038 3055 3347 3138 tton_liceat

1869 3166 1887 3199 ι
1928 3148 2179 3217 episcopo
2212 3165 2269 3203 re
2314 3151 2486 3215 abuti,
2533 3165 2650 3220 quae
2681 3159 2764 3206 est
2802 3166 2867 3206 ex
2903 3149 3057 3205 titulo
3089 3147 3347 3204 ecclesia-

1873 3256 1894 3291 ι
1929 3243 2076 3295 stica:
2106 3241 2418 3296 matriculaa.
2460 3260 2479 3293 ι

1863 3508 2053 3562 BALS.
2093 3510 2158 3566 Ut
2201 3521 2281 3566 est
2313 3513 2624 3578 \’erisim-le,
2665 3515 2875 3583 quidam
2923 3517 3226 3570 Sacerdotes
3263 3532 3348 3571 res

1791 3596 2204 3660 ecclesiasticas,
2239 3611 2430 3665 praeter
2464 3614 2683 3654 suorum
2719 3602 3094 3670 episcoporum
3129 3613 3346 3657 senten-

1796 3689 1942 3754 tiam,
1977 3692 2298 3744 vendebant.
2334 3690 2471 3756 Quin
2518 3694 2678 3746 etiam
2719 3695 2957 3762 episcopi
3003 3711 3220 3748 suarum
3257 3711 3348 3748 ec.

1792 3779 2069 3836 clesiarum
2101 3782 2298 3850 praedia
2331 3784 2762 3851 emancipabant,
2797 3795 2991 3852 praeter
3012 3788 3225 3855 synodi,
3264 3787 3342 3839 vel

1790 3871 1950 3924 etiam
1999 3886 2214 3925 suorum
2268 3875 2603 3926 sacerdotum
2651 3878 2994 3930 sententiam.
3037 3878 3174 3931 Dicit
3216 3894 3343 3948 ergo

1790 3975 1982 4025 canon,
2032 3976 2099 4015 ne
2139 3961 2242 4017 hoc
2286 3962 2375 4016 fiat
2405 3964 2629 4032 amplius
2655 3981 2673 4031 ;
2699 3966 2790 4019 sed
2830 3970 3041 4033 quando
3083 3969 3186 4023 tzde
3216 3972 3342 4037 quid

1793 4050 2014 4108 faciendi
2048 4053 2340 4106 necessitas
2365 4056 2556 4121 premit
2577 4056 2906 4122 episc0pnm,
2936 4058 2985 4110 id
3009 4074 3126 4112 cum
3156 4061 3342 4129 synodi

1790 4159 1898 4196 sua:
1930 4158 2196 4197 consensu
2238 4154 2290 4198 et
2323 4160 2542 4198 suorum
2591 4147 3025 4216 presbyterorum
3062 4150 3240 4203 faciat.
3286 4150 3340 4202 Ei

1790 4243 1965 4286 autem
2015 4235 2169 4287 aliter
2213 4249 2270 4287 re
2318 4235 2394 4288 uti
2453 4251 2554 4287 non
2609 4237 2787 4303 liceat,
2838 4253 2953 4307 quae
3000 4240 3048 4291 iu
3097 4239 3344 4294 brevibus

1790 4321 2172 4376 ecclesiasticis
2201 4337 2292 4376 seu
2330 4325 2382 4378 in
2423 4327 2700 4379 matricida
2737 4329 2932 4392 scripta
2968 4340 3068 4392 est,
3110 4332 3207 4384 hoc
3236 4343 3338 4390 est.

160 4408 654 4478 καταγεγραμμένη)
677 4410 735 4460 ἐν
767 4411 880 4470 τοῖς
919 4386 1389 4480 ἐκκλησιαστικοῖς
1420 4386 1678 4480 β’ρεϐίοις,

1791 4414 1839 4464 iu
1887 4412 2182 4481 repertorio
2220 4413 2568 4469 ecclesiastici
2623 4417 2762 4470 tituli
2814 4432 2906 4471 seu
2957 4419 3095 4472 libri.
3133 4419 3341 4474 Titulus

159 4494 296 4559 ἤγουν
322 4500 374 4549 ἐν
403 4501 471 4568 τῇ
509 4503 763 4570 μάτρικι,
802 4502 1076 4552 τουτέστιν
1105 4503 1161 4552 ἐν
1186 4506 1252 4571 τῇ
1283 4505 1682 4574 ἀπογραφῇτοῦ

160 4588 588 4657 ἑκκλησιαστικοῦ
641 4592 844 4650 τίτλον,
887 4593 1003 4661 ἤτοι
1041 4592 1266 4661 βιϐλίου.
1328 4596 1517 4657 Τίτλος
1576 4597 1683 4665 γὰρ

160 4676 341 4743 λέγεται
374 4682 506 4734 ποτὲ
536 4682 639 4750 μέν
668 4683 698 4750 ἡ
727 4682 1025 4750 ἐπιγραφὴ,
1060 4684 1186 4736 ποτέ
1207 4684 1262 4735 δέ
1297 4687 1329 4754 ἡ
1361 4687 1527 4747 αἰτία,
1555 4687 1683 4740 ποτὲ

228 4771 309 4820 καί
333 4771 391 4822 τὸ
426 4771 658 4839 βιϐλίον.
705 4770 940 4823 ’Δκούων
965 4771 1020 4823 δέ
1045 4773 1136 4824 τοῦ
1179 4775 1401 4836 κανόνος
1434 4775 1682 4840 λέγοντος

164 4859 274 4923 μήτε
313 4862 612 4914 ἐπίσκοπον
643 4863 791 4932 παρὰ
820 4865 1049 4933 γνώμην
1083 4864 1181 4933 τῆς
1211 4865 1423 4917 συνόδου
1453 4866 1548 4919 καὶ
1574 4867 1682 4918 τῶν

160 4947 274 4998 εὐίων
292 4954 676 5020 πρεσϐυτέρων
694 4954 1026 5024 πιπράσκειν
1049 4955 1225 5024 χωρία
1241 4955 1338 5024 τῆς
1359 4957 1679 5026 ἐκκλησίας.

160 5041 265 5103 μήτε
299 5047 417 5105 τοὺς
464 5044 873 5112 πρεσϐυτέρους
936 5045 1084 5114 παρὰ
1122 5046 1346 5115 γνώμην
1378 5047 1486 5101 τῶν
1537 5049 1681 5101 ίδίων

157 5129 432 5184 ἐπισκόπων
495 5134 700 5184 πωλεῖν
751 5134 1050 5202 πράγματα
1110 5134 1556 5203 ἐκκλησιαστικὰ,
1605 5138 1678 5207 μὴ

158 5217 287 5288 εἴπης
319 5225 631 5287 ἐξισοῦσθαι
662 5225 808 5277 κατά
835 5224 992 5277 τοῦτο
1026 5225 1087 5277 τδ
1121 5226 1283 5294 μέρος
1320 5230 1432 5290 τοῖς
1460 5230 1679 5282 ἐπισκό-

159 5321 250 5370 ποις
285 5314 401 5374 τοὺς
437 5315 850 5382 πρεσϐυτέρους
879 5332 890 5345 ·
926 5314 1038 5367 ἀλλ’
1069 5317 1189 5369 εἰπέ
1228 5319 1310 5370 ὅτι
1339 5319 1387 5370 oi
1415 5319 1514 5386 μὲν
1540 5337 1676 5388 πρε-

157 5398 367 5470 Silium:
396 5407 545 5474 παρὰ
583 5407 811 5474 γνώμην
836 5408 940 5459 τῶν
956 5409 1271 5462 ἐπισκόπων
1299 5411 1677 5478 οίονδηποτοῦν

156 5493 347 5558 πρᾶγμα
405 5499 624 5566 κινητὸν
673 5500 704 5566 ἢ
761 5500 851 5550 καὶ
887 5499 1206 5570 εῦφθαρτον,
1241 5497 1381 5554 οἶνον
1434 5504 1592 5572 τυχὸν
1642 5504 1674 5573 ἢ

156 5579 286 5642 σῖτον,
318 5588 507 5640 πωλεῖν
539 5589 602 5640 οὐ
663 5588 954 5642 δύνανται·
985 5592 1012 5642 ὁ
1040 5591 1095 5643 δέ
1152 5591 1449 5655 ἐπίσκοπος
1478 5595 1542 5645 τὰ
1579 5596 1675 5661 μὲν

159 5667 395 5744 ίῖιῑθαρτα
419 5680 614 5752 κινητὰ
648 5680 741 5734 καὶ
786 5682 848 5735 τὰ
886 5681 1211 5756 αὑτοκίνηια
1239 5685 1334 5736 καὶ
1358 5684 1662 5755 παρὰγνώ-

1784 4504 1926 4557 enim
1973 4505 2172 4559 dicitur
2201 4505 2488 4574 aliquando
2536 4509 2834 4578 inscriptio,
2884 4511 3168 4579 aliquando
3213 4527 3339 4565 vero

1783 4608 1967 4656 causa,
1997 4597 2282 4664 aliquando
2311 4608 2489 4651 autem
2533 4607 2586 4652 et
2612 4598 2767 4655 liber.
2803 4599 2934 4654 Cum
2972 4613 3152 4656 autem
3188 4606 3338 4656 audis

1783 4701 2042 4740 canonem
2084 4687 2369 4750 dicentem,
2419 4705 2516 4744 nec
2563 4691 2867 4759 episwpum
2915 4703 3106 4759 prwter
3138 4695 3334 4762 fsynndi

1782 4780 2102 4832 sententiain
2135 4791 2187 4833 et
2218 4795 2438 4834 suorum
2473 4782 2905 4851 presbyterorum
2935 4785 3173 4838 eccles’a:
3204 4801 3336 4849 prae-

1781 4870 1866 4922 dia
1921 4871 2190 4936 vendere;
2229 4887 2328 4926 nec
2395 4874 2734 4943 presbyteros
2787 4885 2976 4940 praeter
3022 4877 3333 4929 sententiam

1783 4975 1999 5014 suorum
2031 4963 2405 5032 episcoporum
2438 4966 2669 5018 vendere
2693 4979 2777 5020 res
2803 4966 3235 5031 ecclesiasticas;
3271 4983 3336 5020 ne

1781 5052 1994 5116 dixeris,
2046 5056 2186 5122 quod
2232 5055 2296 5108 ad
2347 5057 2446 5110 hoc
2490 5056 2698 5120 attinet,
2757 5059 3098 5127 presbyteros
3135 5061 3332 5127 mquari

1779 5145 2042 5214 episcopis
2083 5166 2095 5200 :
2127 5147 2218 5200 sed
2247 5147 2332 5201 dic
2361 5149 2500 5216 quod
2544 5149 2842 5218 presbyteri
2874 5149 3112 5218 quidem,
3144 5163 3335 5217 praeter

1778 5238 2146 5304 episcotiorum
2178 5239 2522 5302 sententiam,
2542 5253 2917 5308 quamcunque
2946 5257 3052 5294 rem
3087 5242 3333 5295 mobilem

1780 5329 1858 5381 vel
1889 5329 2212 5382 immobilem
2238 5329 2320 5382 vel
2345 5333 2502 5382 etiam
2528 5346 2644 5399 quae
2668 5330 2823 5384 facile
2845 5334 3114 5400 corrumpi
3140 5343 3332 5396 potest,

1778 5416 1957 5467 vinum
1995 5413 2135 5468 forte
2165 5416 2244 5468 vel
2277 5415 2623 5481 frumentum,
2659 5419 2889 5470 veuderc
2933 5433 3033 5500 ηομ
3065 5430 3286 5485 possmtt
3319 5436 3332 5482 ;

1778 5509 2063 5574 episcopus
2111 5517 2288 5559 autem
2336 5521 2397 5561 ea
2437 5508 2674 5574 quidem.
2710 5524 2827 5575 ηοω
2865 5509 3021 5562 facile
3061 5511 3331 5580 corrumpi

1780 5605 2026 5666 possunt,
2076 5595 2315 5658 mobilia,
2359 5608 2412 5650 ct
2457 5612 2576 5664 quae
2627 5613 2719 5663 per
2769 5614 2828 5651 se
2877 5598 3118 5659 mobilia,
3170 5599 3332 5653 etiam

1780 5697 1974 5758 praeter
2007 5701 2225 5742 suorum
2267 5685 2582 5744 clericorum
2616 5689 2960 5754 sententiam,
2994 5696 3166 5758 potest
3199 5689 3334 5744 alie~
