3982 6452
567 321 662 386 ibi

1809 329 1908 386 ΤΠ
1921 328 2082 388 EOD.
2125 329 2217 385 BF.
2229 329 2357 386 LSA
2370 329 2520 387 NON

3691 322 3805 385 152

548 453 738 502 .nare;
781 440 873 493 sed
911 455 1011 493 non
1055 438 1234 493 itidem
1276 438 1595 496 immobilia.
1643 443 1931 509 Pmpterea
1978 443 2116 494 enim

2244 457 2337 507 ιην
2386 441 2489 492 τῶν
2531 441 2745 496 οἰκήων
2806 443 3081 510 κληρικῶν
3133 443 3376 496 ἐκποιεῖν
3425 441 3669 501 δύναται,
3724 438 3800 488 οὗ

565 542 804 595 presens
838 543 1048 596 quoque
1084 545 1254 583 canon
1291 530 1443 598 jubet
1479 532 1814 599 presbyteros
1852 548 1953 586 non
1993 548 2120 584 ven-

567 622 695 671 dere
731 619 863 670 bona
913 621 1276 682 ecclesiastica
1327 621 1441 676 sine
1485 621 1746 689 episcopis
1799 638 1814 674 :
1859 624 2122 688 episcopis

570 715 742 762 autem
780 709 1051 775 prohibuit
1089 710 1400 774 immobilia,
1432 712 1545 765 sine
1578 713 1893 765 necessitate
1927 723 1980 764 et
2007 712 2122 765 sine

569 801 805 870 synodali
834 813 887 854 et
917 802 1348 870 presbyterorum
1381 804 1663 868 sententia,
1692 803 1922 857 vendere
1967 804 2122 868 Quod

567 899 744 943 autem
789 890 947 944 habet
993 891 1275 959 episcopus
1325 899 1660 958 potestatem,
1713 892 1875 945 etiam
1929 900 2125 959 praeter

565 995 782 1030 suorum
816 980 1248 1047 presbyterorum
1276 991 1508 1035 mentem
1542 992 1595 1034 et
1625 982 1837 1049 synodi,
1865 981 2120 1034 vendendi

566 1086 660 1135 per
695 1086 752 1122 se
801 1071 1088 1125 immobilia
1119 1081 1174 1122 et
1216 1071 1452 1136 mobilia,
1484 1086 1600 1138 qua:
1649 1071 1805 1125 facile
1850 1071 2122 1140 corrumpi

565 1171 807 1228 possunt,
847 1168 993 1230 patet
1035 1179 1098 1215 ex
1133 1162 1201 1215 38
1250 1173 1303 1215 et
1350 1165 1409 1217 ιι
1468 1179 1586 1217 can.
1634 1164 1960 1232 apostolicis,
1991 1179 2126 1233 quos

563 1250 722 1299 etiam
762 1246 878 1311 iege
920 1266 932 1299 :
971 1257 1129 1316 atque
1163 1250 1325 1302 etiam
1362 1266 1426 1304 ex
1468 1254 1722 1320 praesenti
1765 1267 1990 1316 canone,
2035 1252 2123 1319 qui

567 1337 812 1398 prohibet
855 1339 1345 1393 ccclesiastieorum
1392 1341 1709 1408 praediorum
1743 1350 1794 1394 et
1843 1342 2124 1396 fundorum

567 1427 940 1479 alienationem
971 1429 1086 1481 sine
1107 1431 1412 1499 cognitione
1436 1442 1487 1486 et
1510 1433 1903 1487 examinatione
1925 1433 2126 1486 facien-

567 1522 708 1570 dam.
751 1516 828 1569 Ne
871 1518 994 1572 huic
1039 1530 1216 1573 autem
1262 1521 1689 1589 interpretationi
1723 1537 2017 1591 repugnare
2049 1521 2128 1576 vi-

567 1603 792 1661 deantur
811 1623 1065 1674 canones,
1088 1611 1177 1678 qui
1203 1625 1356 1664 sacra
1379 1612 1748 1668 ecclesiastica
1775 1613 1842 1667 ab
1864 1613 2126 1683 episcopis

571 1694 726 1747 vendi
763 1694 1066 1761 prohibent.
1109 1698 1221 1751 Etsi
1272 1699 1413 1754 enim
1453 1701 1561 1754 sint
1593 1702 1828 1763 mobilia.
1878 1703 2125 1756 immobi-

2212 530 2339 598 ·μὴν
2372 531 2466 583 καὶ
2505 533 2570 585 τὰ
2599 533 2854 600 ἀκίνητα.
2905 534 3003 586 Διά
3051 535 3158 603 γάρ
3199 535 3354 585 τοῦτο
3387 533 3478 584 καὶ
3513 532 3542 582 6
3605 527 3802 584 κανὼν

2229 622 2354 682 τοὺς
2384 622 2481 689 μέν
2534 623 2941 692 πρεσϐυτέρους
2972 625 3414 694 παρεκελεύσατο
3448 622 3522 690 μὴ
3589 620 3803 670 πωλεῖν

2221 713 2530 780 κπράγματα
2591 715 3022 782 ἐκκλησιαστικά
3068 716 3196 770 ἀνευ
3263 712 3371 764 τῶν
3431 707 3797 763 ἐπισκόπωνο

2225 802 2350 865 τοὺς
2381 802 2434 854 δὲ
2491 803 2821 865 ἐπισκόπους
2873 801 3110 856 ἐκώλυσε
3163 801 3502 866 πιπράσκειν
3551 795 3802 863 ἀκίνητα

2227 892 2357 944 ἄνευ
2387 893 2634 961 ἀνάγκης
2668 895 2763 945 καὶ
2791 893 3073 960 συνοδικῆς
3120 893 3346 959 γνώμης
3379 892 3472 942 καὶ
3510 888 3618 940 τῶν
3653 901 3798 955 "Pe"

2230 981 2529 1049 σϐυτέρων.
2565 984 2689 1035 Ὅτι
2723 982 2780 1034 δέ
2828 983 3076 1049 ἐξουσίαν
3122 982 3235 1050 ἔχει
3269 983 3297 1035 6
3336 981 3631 1039 ἐπίσκοπος
3693 975 3801 1028 καὶ

2231 1073 2381 1141 παρά
2405 1075 2631 1143 γνώμην
2659 1075 2765 1128 τῶν
2795 1075 3186 1145 πρεσϐυτέρων
3218 1071 3384 1125 αὐτοῦ
3420 1073 3512 1124 καὶ
3540 1070 3638 1136 τῆς
3662 1067 3799 1120 κατ’

2227 1163 2391 1216 αὑτὸν
2446 1165 2665 1217 συνόδου
2701 1167 3036 1231 πιπράσκειν
3093 1160 3522 1231 ἐκκλησιαστικά
3553 1158 3804 1220 ἀκίνητα.

2229 1256 2324 1307 καὶ
2354 1255 2629 1327 εῠφθαρτα
2659 1257 2883 1328 κινητὰ,
2918 1258 3074 1324 δῆλόν
3103 1260 3251 1310 ἐστιν
3280 1255 3390 1306 ἀπὸ
3418 1253 3510 1306 τοῦ
3535 1249 3622 1320 λη’
3653 1250 3808 1302 ἀπο-

2231 1345 2476 1398 στοὶικοῦ
2518 1347 2736 1410 κανόνος
2769 1347 2985 1400 καὶτοῦ
3025 1354 3133 1416 μα’,
3185 1346 3278 1408 οὓς
3329 1345 3425 1398 καὶ
3476 1338 3801 1409 ἀνάγνωθι⁹

2230 1434 2365 1485 ἀλλά
2400 1434 2508 1504 μὴν
2536 1436 2628 1486 καὶ
2659 1437 2768 1488 ἀπὸ
2809 1436 2902 1488 τοῦ
2931 1436 3198 1506 παρόντος
3235 1435 3460 1494 κανόνος
3486 1430 3811 1488 κωλύοντος

2227 1524 2326 1593 τήν
2374 1526 2738 1592 ἀδιάγνωστον
2787 1527 3074 1597 ἐκποίησιν
3150 1527 3261 1578 τῶν
3319 1520 3812 1590 ἐκκλησιαστικῶν

2229 1618 2445 1687 χωρίων
2512 1621 2604 1671 καὶ
2635 1619 2832 1688 μονῶν.
2891 1620 2982 1688 Μὴ
3020 1617 3386 1672 ἐναντιωθῶσι
3423 1616 3477 1667 δέ
3514 1629 3596 1668 σοι
3653 1610 3812 1678 πρὶς

2230 1712 2328 1777 τὴν
2357 1711 2642 1782 παροῦσαν
2672 1712 2968 1781 ἑρμηνείαν
2997 1713 3047 1765 oi.
3094 1713 3340 1774 κανόνες,
3397 1710 3448 1761 οἱ
3492 1705 3816 1762 κωλύοντες

564 1783 694 1836 limn
729 1793 904 1838 tamen
951 1787 1127 1840 locum
1176 1789 1435 1854 obtinent,
1479 1792 1617 1845 sicut
1657 1801 1713 1846 et
1758 1794 1854 1846 hoc
1903 1809 2043 1862 saepe
2075 1795 2126 1847 in

2244 1771 2387 1871 παρὰ
2422 1771 3032 1872 ἐπισκόπων-πιπράσκε
3042 1803 3167 1855 σθαι
3196 1803 3316 1871 ίερά
3330 1771 3782 1867 ἐκκλησιαστικά
3794 1832 3813 1847 .

567 1872 775 1937 legibus
802 1873 1091 1930 invenitur.
1128 1877 1296 1932 Porro
1333 1880 1550 1947 quando
1580 1881 2002 1936 ecclesiasticum
2029 1884 2129 1937 im—

571 1965 766 2020 mobile
796 1968 863 2020 ob
887 1983 981 2032 pre
1039 1982 1215 2024 entem
1249 1975 1626 2030 necessitatem
1655 1978 1985 2031 vendendum
2025 1989 2127 2044 est,

569 2069 673 2107 non
718 2057 872 2110 debet
921 2059 1204 2127 episcopus
1251 2077 1363 2116 rem
1409 2065 1636 2118 reditum
1675 2067 1958 2123 habentem
2003 2084 2128 2122 ven-

567 2143 735 2207 dere;
764 2147 855 2198 sed
886 2151 1096 2216 qualem
1132 2165 1335 2205 canone
1368 2152 1436 2206 26
1471 2157 1748 2222 prtesentis
1783 2158 1975 2225 synodi
2009 2174 2124 2213 eam

567 2249 690 2290 esse
734 2236 868 2297 vult.
913 2249 966 2293 et
1011 2244 1302 2307 secundum
1356 2243 1530 2303 dictas
1583 2246 1688 2302 illic
1729 2247 2124 2304 distinctiones.

568 2328 778 2384 Abusus
821 2342 999 2385 autem
1040 2350 1207 2388 canon
1249 2336 1511 2402 meminit,
1560 2354 1624 2392 ne
1667 2340 1813 2394 dicas
1855 2342 2126 2409 prohiberi

569 2420 737 2473 solum
774 2424 1130 2482 venditionem
1181 2426 1548 2493 immobilium,
1594 2445 1699 2482 non
1737 2442 1913 2485 autem
1963 2433 2123 2486 etiam

569 2511 700 2564 alias
747 2513 1114 2568 alienationes.
1168 2516 1348 2586 Neque
1399 2520 1540 2572 enim
1595 2536 1687 2589 per
1736 2523 2124 2592 emphyteusin,

569 2615 744 2669 neque
782 2619 878 2671 per
908 2607 1271 2670 donationem,
1313 2621 1484 2678 neque
1521 2625 1614 2679 per
1661 2614 2124 2680 pernmtationem,

572 2705 746 2759 neque
795 2694 860 2746 ad
912 2696 1136 2749 multum
1191 2707 1398 2768 tempus
1449 2710 1624 2768 potest
1679 2701 1961 2770 episcopus
2017 2718 2126 2756 rem

572 2780 991 2838 ecclesiasticam
1024 2787 1280 2851 alienare.
1313 2791 1413 2844 nisi
1453 2803 1641 2860 urgeat
1671 2797 1985 2848 necessitas.

2237 1892 2356 1945 Κάν
2387 1897 2496 1962 γὰρ
2535 1894 2732 1961 κινητὰ
2785 1894 2959 1946 ταῦτα
2992 1892 3146 1954 ὦσιν,
3189 1893 3326 1946 ἀλλά
3358 1891 3629 1956 ἀκινήτων
3667 1885 3820 1939 ἐπέ-

2234 1999 2390 2050 Χουσι
2422 1985 2585 2036 τόπον
2606 1999 2618 2011 ’
2651 1982 2830 2045 καθὼς
2877 1985 2969 2036 καὶ
3006 1986 3061 2036 ἐν
3092 1984 3204 2045 τοῖς
3238 1984 3422 2049 νόμοις
3455 1977 3612 2031 τοῦτο
3650 1974 3816 2027 πολ-

2234 2073 2399 2141 λαχοῦ
2433 2074 2770 2144 εὑρίσκεται.
2807 2074 2916 2126 Καὶ
2946 2075 3074 2126 ὅταν
3109 2073 3166 2125 δὲ
3217 2072 3386 2141 μέλλῃ
3423 2065 3818 2137 διαπραθῆναι

2233 2163 2696 2234 ἐκκλησιαστικὸν
2728 2166 2985 2235 ἀκίνητον
3006 2165 3097 2218 διά
3121 2163 3496 2233 προκειμένην
3527 2159 3818 2226 ἀνάγκην.

2231 2256 2331 2308 οὐκ
2360 2255 2569 2318 ὀφείλει
2595 2256 2794 2308 πωλεῖν
2813 2257 2839 2307 ὁ
2870 2255 3166 2316 ἐπίσκοπος
3188 2255 3417 2324 πρᾶγμα
3446 2250 3567 2320 ἐχον
3590 2245 3816 2314 πρόσο-

2233 2345 2343 2406 δον,
2375 2346 2492 2397 ἀλλ’
2524 2343 2637 2399 οἷον
2687 2349 2715 2400 6
2747 2353 2836 2411 κς⁹
2887 2348 3065 2400 κανὼν
3108 2347 3205 2410 τῆς
3251 2341 3527 2412 παρούσης
3581 2335 3824 2390 συνόδου

2238 2439 2392 2507 φησὶ,
2426 2439 2520 2489 καὶ
2565 2437 2706 2490 κατά
2758 2439 2856 2500 τάς
2914 2439 3092 2490 ἐκεῖσε
3141 2433 3438 2504 είρημάνας
3485 2426 3818 2490 διαστίξεις.

2237 2529 2648 2600 Καταχρήσεως
2676 2529 2731 2580 δὲ
2783 2531 2809 2580 6
2843 2528 3020 2582 κανὼν
3075 2526 3357 2595 ἐμνήσθη,
3393 2523 3481 2576 ῐνα
3523 2521 3596 2588 μὴ
3636 2517 3834 2588 εῐπῃς

2248 2620 2416 2688 μόνην
2463 2618 2771 2672 κωλύεσθαι
2803 2619 2902 2688 τὴν
2944 2617 3242 2687 διάπρασιν
3263 2615 3370 2667 τῶν
3411 2612 3712 2680 ἀκινήτων,
3743 2608 3820 2660 οὐ

2241 2709 2345 2779 μὴν
2374 2713 2468 2762 καὶ
2498 2710 2597 2772 τὰς
2629 2710 2798 2774 ἀλλας
2853 2709 3191 2778 ἐκποιήσεις.
3245 2704 3382 2760 Οὔτε
3405 2706 3514 2771 γὰρ
3554 2701 3676 2755 κατ’
3707 2701 3822 2764 ἐμ-

2239 2800 2520 2868 φύτευσιν,
2541 2801 2666 2854 οὔτε
2694 2803 2833 2854 κατά
2862 2801 3094 2870 δωρεὰν,
3128 2797 3254 2852 οὔτε
3275 2795 3417 2851 κατά
3434 2787 3816 2858 ἀνταλλαγὴν.

568 2871 805 2927 οὖτεέπὶ
828 2877 1041 2946 χρόνοις
1068 2881 1282 2946 πολλοῖς
1303 2883 1643 2937 ἐκποιετσθαι
1675 2885 2128 2954 ἐκκλησιαστικὸν
2173 2889 2426 2962 ἀκίνητον
2493 2893 2788 2959 ἐπίσκοπος
2851 2893 3075 2945 δύναται
3154 2890 3398 2960 ἀνάγκης
3456 2888 3531 2957 μὴ
3578 2899 3842 2954 προκειον

573 2968 761 3037 μένης.

640 3069 887 3126 ZONAR.
931 3071 1252 3126 Sanc'ornm
1291 3073 1655 3142 apostolorum
1688 3090 1944 3140 canones,
1980 3077 2139 3128 trice-
2166 3086 2206 3143 α

569 3164 739 3217 simus
768 3171 990 3216 octavus
1023 3173 1075 3215 et
1106 3164 1551 3231 quadragesimus
1589 3165 1812 3231 primus,
1843 3165 1932 3231 jus
1960 3166 2132 3217 admi-

569 3251 1051 3319 nistrationemque
1089 3264 1264 3304 rerum
1303 3251 1790 3310 ecclesiasticarum
1825 3266 1987 3319 penes
2019 3251 2132 3316 epi-

569 3356 762 3409 scopos
796 3356 915 3396 esse.
957 3341 1190 3395 voluere.
1243 3340 1474 3396 Proinde
1515 3359 1580 3396 ne
1623 3343 1996 3396 sacerdotibus
2049 3358 2136 3395 res

571 3433 836 3495 ccclesia',
876 3432 1030 3500 561
1085 3433 1168 3484 cui
1229 3434 1484 3499 adscripti
1533 3442 1677 3498 sunt,
1724 3435 1842 3487 sine
1897 3434 2130 3501 episcopi

575 3521 826 3574 facultate
863 3521 1093 3575 vendere
1140 3522 1315 3582 liceat,
1359 3523 1444 3576 hic
1490 3537 1660 3576 canon
1707 3525 1963 3578 decernit.
1997 3523 2130 3580 Tum

577 3626 644 3665 ne
679 3625 937 3665 concessa
983 3611 1114 3679 ipsis
1146 3625 1240 3678 per
1275 3611 1502 3677 apostol.
1536 3626 1772 3665 canones
1813 3614 2135 3666 auctoritate

577 3702 814 3771 episcopi
867 3701 1174 3761 abutentes,
1225 3701 1556 3756 dominatum
1601 3702 1702 3756 sibi
1737 3703 2136 3771 quodammodo

579 3794 866 3855 vindicent,
924 3795 1100 3860 itaque
1147 3793 1539 3848 ecclesiasticas
1586 3795 1952 3862 possessiones
1986 3793 2138 3848 abdi-

579 3896 756 3940 catum
791 3897 934 3948 eant,
980 3899 1044 3938 ne
1083 3885 1179 3952 ipsi
1218 3885 1430 3952 quidem
1462 3885 1733 3954 episcopo,
1768 3886 1871 3939 nisi
1925 3901 1981 3938 re
2014 3900 2132 3936 cum

579 3975 785 4047 synodo
821 3991 911 4029 sua
961 3975 1283 4041 subjectisve
1313 3976 1412 4030 sibi
1461 3975 1786 4046 presbyteris
1832 3977 2137 4030 communi-

581 4077 720 4130 cata,
758 4066 954 4135 prmdia
979 4067 1342 4120 ecclesiastica
1382 4067 1641 4120 vendendi
1678 4066 1986 4121 facultatem
2017 4080 2137 4120 esse

579 4157 789 4212 Statuit.
832 4155 1015 4223 Neque
1040 4155 1182 4207 enim
1231 4170 1406 4209 rerum
1446 4155 1938 4210 ecclesiasticarum
1971 4157 2142 4209 admi-

584 4242 954 4297 nistrationem
985 4239 1052 4292 ab
1082 4241 1213 4309 ipsis
1250 4241 1486 4308 ignorari
1532 4251 1778 4310 Oportet;
1818 4258 1901 4304 ne,
1937 4243 1979 4296 si
2026 4242 2140 4295 sine

586 4343 719 4387 teste
753 4331 840 4395 sit,
873 4330 1198 4385 ofL-nsiones
1237 4332 1288 4384 in
1329 4331 1607 4400 episcopos
1629 4333 1960 4386 exoriuntur.
1989 4331 2136 4384 Nulla

2314 3072 2554 3128 ΖΩΝᾹΡ.
2584 3073 2646 3125 Οἱ
2681 3071 2790 3122 τῶν
2824 3071 3040 3123 σεπτῶν
3067 3068 3383 3122 ἀποστόλων
3407 3068 3652 3130 κανόνες,
3680 3067 3712 3120 ὃ
3745 3085 3816 3119 τε

2235 3164 2318 3232 λη’
2348 3170 2438 3216 καὶ
2466 3163 2494 3214 6
2519 3169 2604 3230 μα’
2632 3161 2729 3231 τὴν
2763 3160 3010 3226 ἐξουσίαν
3044 3157 3428 3243 καὶνφροντίδα
3474 3157 3584 3208 τῶν
3606 3157 3822 3226 ἐκκλη-

2240 3253 2539 3306 σιαστικῶν
2603 3250 2946 3319 πραγμάτων
2999 3253 3110 3311 τοῖς
3151 3248 3472 3303 ἐπισκόποις
3522 3247 3825 3298 ἀνατιθέα-

2239 3362 2343 3399 σιν.
2385 3341 2720 3402 Ἀκολούοως
2768 3338 2858 3392 οὖν
2885 3342 2911 3392 ὀ
2939 3338 3120 3391 κανὼν
3146 3330 3299 3400 οὗτος
3341 3336 3684 3405 ἀπαγορεύει
3713 3353 3817 3388 πι-

2237 3435 2504 3502 πράσκειν
2522 3435 2647 3492 τοὺς
2673 3430 3075 3502 πρεσϐυτέρους
3114 3432 3216 3498 τῆς
3241 3427 3542 3496 ἐκκλησίας
3567 3428 3820 3496 πρᾶγμα

2236 3521 2348 3597 ἐνῇ
2383 3521 2821 3591 καθιερώθησαν,
2864 3527 2911 3572 εί
2949 3521 3020 3588 μὴ
3047 3521 3140 3571 καὶ
3170 3520 3198 3571 6
3251 3517 3551 3580 ἐπίσκοπος
3614 3534 3824 3570 συνευ-

2237 3616 2406 3666 δοκεῖ.
2444 3613 2556 3668 Ἰνα
2591 3613 2644 3664 δὲ
2685 3613 2757 3681 μὴ
2788 3613 2853 3679 τῇ
2881 3609 3096 3678 δοθείσῃ
3135 3608 3317 3669 αὐτοῖς
3351 3607 3566 3677 ἐξουσίᾳ
3604 3608 3669 3658 ἐκ
3700 3609 3823 3659 τῶν

2243 3703 2617 3757 ἀποστολικῶν
2665 3701 2900 3754 κανόνων
2952 3697 3365 3768 καταχρώμενοι
3422 3698 3472 3750 oi
3513 3698 3821 3751 ἐπίσκοποι

2240 3795 2602 3849 ἐναυθεντῶσι
2639 3796 2732 3847 καὶ
2768 3791 3093 3845 ἐκποιῶνται
3126 3792 3192 3842 τά
3217 3789 3666 3858 ἐκκλησιαστικά,
3711 3792 3817 3843 καὶ

2241 3885 2522 3953 ἐπήγαγεν
2548 3884 2629 3934 ὅτι
2659 3879 2888 3953 οὑδὲ-τῷ
2934 3879 3216 3946 ἐπισκόπῳ
3255 3877 3469 3941 ἐξέσται
3504 3876 3680 3946 χωρία
3714 3895 3818 3930 πι-

2240 3951 2508 4045 πράσκειν
2550 3973 2649 4040 τῆς
2701 3951 3024 4036 ἐκκλησίας,
3068 3968 3372 4038 ἀγνοούσης
3418 3969 3513 4036 τῆς
3557 3969 3812 4034 συνόδου,

2243 4065 2336 4132 ὑφ’
2367 4061 2434 4135 ἧς
2465 4065 2559 4116 καὶ
2592 4063 2752 4123 αὑτός
2782 4063 2948 4121 ἐστιν,
2999 4059 3032 4128 ἦ
3063 4057 3170 4111 τῶν
3211 4059 3358 4110 ίδίων
3390 4058 3812 4129 πρεσϐυτέρων.

2242 4159 2332 4208 Δεῖ
2366 4154 2472 4223 γὰρ
2507 4154 2612 4206 τῶν
2637 4153 2961 4221 διοικήσεων
2976 4147 3084 4202 τῶν
3118 4149 3597 4218 ἐκκλησιαστικῶν
3629 4167 3821 4220 πραγ-

2246 4247 2432 4314 μάτων
2468 4245 2676 4313 εἴδησιν
2710 4243 2853 4311 ἐχειν
2876 4241 3095 4302 αὐτούς·
3123 4241 3209 4292 ἵνα
3239 4239 3332 4307 μὴ,
3359 4240 3677 4308 ἀμαρτύρου
3711 4243 3821 4309 τῆς

2243 4337 2555 4403 οἰκονομίας
2599 4336 2786 4402 οὔσης,
2837 4332 3102 4384 σκάνδαλα
3155 4335 3298 4384 κατά
3351 4333 3442 4383 τοῦ
3503 4331 3818 4383 ἐπισκόπου

583 4440 714 4490 ergo
751 4424 1070 4478 necessitate
1099 4432 1339 4492 cogente,
1376 4437 1434 4476 re
1462 4423 1512 4476 in
1549 4424 1912 4478 ecclesiastica
1957 4423 2133 4501 matrig

2247 4429 2505 4495 φύωνται.
2551 4428 2730 4494 Χωρὶς
2759 4426 2937 4476 τοίνυν
2971 4425 3219 4492 ἀνάγκης
3255 4425 3390 4494 μηδέ
3420 4424 3494 4493 τῷ
3521 4424 3823 4492 ἐπισκόπῳ

584 4513 701 4564 enla
742 4513 819 4565 vel
847 4513 1141 4579 repertorio
1175 4512 1438 4578 descripta
1471 4511 1722 4579 episcopo
1758 4527 1967 4580 quoque.
1994 4511 2141 4563 abuti

586 4620 652 4656 ne
686 4603 861 4656 liceat,
888 4601 1051 4654 Tituii
1089 4615 1215 4654 vero
1246 4600 1463 4653 nemine
1503 4610 1556 4654 et
1587 4602 1862 4668 inscriptio
1900 4610 1952 4652 et
1982 4616 2138 4653 causa

585 4692 824 4758 quinimo
851 4701 902 4745 et
933 4692 1086 4756 lib‘er,
1119 4701 1175 4745 ut
1206 4692 1256 4743 in
1289 4690 1494 4758 legibus
1525 4692 1786 4759 scriptum
1823 4691 2020 4744 alicubi
2055 4706 2140 4744 re-

589 4782 789 4847 perias.
834 4782 1184 4850 significatur.
1232 4779 1294 4832 Et
1328 4795 1474 4840 vero,
1513 4795 1633 4833 cum
1677 4782 1913 4835 alienare
1944 4781 2142 4849 aliquid

586 4872 861 4925 immobile
896 4873 1178 4940 cpiscopus
1210 4871 1372 4935 volet,
1415 4871 1535 4938 ejus
1577 4872 1788 4939 generis
1818 4873 1868 4926 id
1901 4887 2019 4926 esse
2046 4875 2142 4926 de-

592 4966 699 5026 bet,
743 4963 900 5030 quale
941 4961 1095 5026 hujus
1133 4963 1314 5031 synodi
1359 4977 1567 5015 eamme
1607 4977 1759 5015 at‘llu
1792 4973 1839 5015 et
1890 4963 2146 5017 vicesimo

590 5054 910 5121 explicatur,
944 5067 1004 5106 ac
1039 5053 1228 5105 ibidem
1261 5052 1503 5106 iudicata:
1538 5055 1814 5106 cautiones
1846 5054 1896 5104 in
1929 5068 1992 5105 eo
2025 5055 2148 5106 alie-

595 5143 767 5194 uando
797 5151 1093 5195 serventur.

595 5232 815 5286 MllS'i.
855 5252 872 5282 ι
913 5233 1200 5302 Presbyter
1246 5250 1355 5286 rem
1393 5237 1693 5302 quampiam
1727 5233 2146 5287 cecL-s‘asticam

674 5344 688 5370 ι
732 5325 844 5376 sine
873 5323 1123 5390 episcopo
1144 5339 1245 5375 non
1272 5327 1479 5390 vendit;
1508 5341 1680 5392 ttt'qttc
1710 5327 1991 5392 episcenos
2016 5337 2150 5393 pra:-

674 5433 690 5460 ι
733 5413 899 5474 dium,
925 5413 1128 5482 syuodo
1161 5428 1261 5466 non
1294 5417 1640 5480 approbante.
1682 5435 1699 5466 ι

670 5503 814 5556 Bona
862 5505 1222 5560 ecclesiastica
1279 5521 1382 5559 non
1427 5507 1654 5560 alienata
1691 5523 1905 5562 manere
1937 5512 2148 5564 debent.

601 5595 655 5646 Si
704 5603 879 5647 autem
918 5598 1203 5650 necessitas
1250 5597 1508 5665 requirat,
1552 5607 1606 5648 ut
1653 5599 1922 5651 immobile.
1957 5600 2149 5668 aliquid

601 5686 884 5750 aiicnetur,
915 5684 1202 5754 episcopus
1234 5689 1344 5740 sine
1377 5688 1560 5757 synodi
1594 5690 1855 5742 sententia
1889 5690 2013 5744 illud
2049 5708 2150 5745 non

2247 4512 2452 4575 ἐξέστω
2479 4513 2929 4582 καταχρήσασθαι
2987 4512 3272 4580 πράγματι
3325 4513 3827 4580 ἀπογεγραμμένῳ

2248 4607 2302 4656 ἐν
2328 4607 2391 4671 τῇ
2423 4605 2850 4674 ἐκκλησιαστικῇ
2903 4604 3151 4673 μάτρικι,
3205 4605 3320 4673 ήτοι
3369 4605 3435 4671 τῇ
3491 4604 3824 4671 ἀπογραφῇ.

2248 4694 2436 4756 Τίτλος
2477 4694 2589 4762 δὲή
2644 4693 2927 4761 ἐπιγραφὴ
2969 4693 3188 4757 λέγεται
3230 4691 3326 4743 καὶ
3380 4693 3410 4758 ή
3452 4690 3623 4753 αἰτία,
3683 4691 3829 4743 ἀλλὰ

2253 4784 2357 4850 μὴν
2402 4785 2495 4836 καὶ
2513 4785 2573 4835 τὸ
2590 4783 2814 4850 βιϐλίον,
2830 4782 2904 4844 ὡς
2933 4783 2992 4833 ἐν
3013 4783 3123 4842 τοῖς
3150 4781 3335 4848 νόμοις
3354 4798 3455 4832 που
3479 4781 3799 4848 γέγραπται
3815 4819 3826 4831 .

2249 4875 2358 4925 Καὶ
2419 4875 2508 4925 ὅτε
2559 4873 2635 4924 δὲ’
2677 4873 3067 4940 ἐκποιήσασθαι
3128 4873 3382 4940 ἀκίνητον
3437 4875 3463 4923 6
3513 4871 3828 4936 ἐπίσκοπος

2253 4960 2455 5028 μέλλει,
2518 4958 2758 5010 τοιοῦτον
2817 4961 3188 5028 ἐκποιήσεται,
3244 4955 3356 5010 οἷον
3407 4963 3434 5011 6
3485 4958 3578 5022 κς¹
3632 4961 3826 5014 κανὼν

2252 5050 2351 5117 τῆς
2381 5049 2659 5118 παρούσης
2705 5049 2923 5101 συνόδου
2963 5053 3122 5118 φησῖ,
3181 5051 3274 5103 καί⁵
3331 5051 3473 5103 κατά
3519 5051 3829 5121 εἰρημένας

2252 5143 2366 5192 ἐκεῖ
2390 5139 2700 5202 διαστίξεις.

2323 5230 2542 5282 ΑΡΙΣΤ.
2585 5247 2602 5279 ι
2651 5229 3025 5298 Πρεσϐύτερος
3084 5231 3537 5300 ἐκκλησιαστικὸν
3587 5235 3828 5304 πρᾶγμα

2332 5340 2346 5371 ι
2382 5319 2474 5372 τοῦ
2499 5321 2804 5372 ἐπισκόπου
2841 5323 3010 5390 χωρὶς
3041 5323 3099 5374 οὑ
3154 5325 3480 5390 πιπράσκει·
3525 5325 3646 5376 οὐδὲ
3697 5329 3824 5378 ἐπί-

2332 5433 2348 5465 ι
2394 5431 2593 5474 σκοπος
2627 5412 2846 5482 χωρίον,
2885 5414 3100 5465 συνόδου
3132 5415 3206 5481 μὴ
3260 5416 3760 5487 ἐπιγινωσκούσης.
3808 5439 3826 5470 ι

2324 5506 2402 5558 Τὰ
2434 5506 2539 5556 τῶν
2587 5505 2887 5573 ἐκκλησιῶν
2914 5505 3251 5572 ’ἀνεκποίητα
3286 5509 3464 5574 μένειν
3487 5506 3826 5571 ὀφείλουσιν.

2256 5599 2316 5650 Ei
2348 5599 2403 5651 δὲ
2432 5599 2640 5665 ἀνάγκη
2670 5598 2893 5664 γένηται
2931 5599 3287 5667 ἐκποιηῦἧναί
3318 5615 3368 5650 τι
3413 5599 3694 5666 ἀκίνητον,
3720 5603 3830 5653 οὐκ

2257 5691 2385 5742 ἄνευ
2421 5688 2639 5750 γ“ι‹ῑ›μι·,;
2678 5689 2768 5748 τῆς
2805 5689 3021 5739 συνόδου
3069 5689 3402 5758 διππιυλήσει
3438 5690 3600 5742 τοῦτο
3645 5693 3670 5742 6
3706 5694 3832 5743 ἐπί-
