3982 6442
183 308 264 374 157
1175 318 1256 381 ΙΝ
1295 319 1454 382 CAN.
1494 316 1802 380 XXXVIII
1841 317 2044 381 CONC.
2081 321 2457 385 CARTIIAG.

3304 330 3402 396 158

241 429 423 484 ΒΛΔΣ.
474 428 541 482 Ἥ
578 431 783 484 Ἱππὼ-ι
834 432 990 496 πόλις
1041 433 1157 487 ἐστὶ
1205 435 1304 503 τῆς
1349 434 1719 504 Καρχηδόνος»

1899 435 2090 491 B.\LS.
2138 437 2305 509 Hippo
2337 441 2464 496 urbs
2500 449 2582 494 est
2608 435 3048 511 Carthaginénsis
3074 443 3316 506 ditionis.
3345 454 3404 500 in

182 514 284 590 ἑνῇ
318 521 533 574 συνόδου
572 521 958 592 ἀθροισθείσης
982 523 1151 578 πολλὰ
1194 524 1533 595 ὡρίσθησαν,
1566 519 1722 590 ὲξῶν

183 625 289 660 τινα
340 610 494 677 ὀλίγα
555 612 809 682 (βρίϐους
857 614 967 682 γὰρ
1017 615 1165 685 παρὰ
1213 618 1323 678 τοῖς
1372 615 1621 678 Λατίνοις
1662 615 1724 667 τὸ

182 699 370 770 Βραχίο)
392 702 799 771 ἀποδρεφθίντα
835 704 1371 774 προσεκομίσθησαν,
1411 707 1502 758 καὶ
1536 705 1723 769 ἔδοξαν

183 790 348 852 καλῶς
383 791 546 859 ἒχειν.
589 791 760 846 Τοῦτο
807 794 864 846 δὲ
915 795 1074 864 μόνον
1130 795 1342 865 ἔφησαν
1377 799 1425 849 οἱ
1485 797 1724 866 Πατέρες

181 878 306 932 εἶναι
336 882 650 948 ἀναγκαῖον,
675 884 734 937 τὸ
772 884 873 954 τὴν
917 885 1131 957 ἡμέραν
1179 886 1273 939 τοῦ
1324 887 1482 954 ἁγίου
1531 888 1722 958 Πάσχα

178 971 330 1039 δήλην
365 973 639 1039 γενέσθαι.

241 1062 478 1116 ΖΩΝΑΡ.
524 1064 1003 1133 Ἀναγνωσθίντων
1047 1068 1156 1123 τῶν
1185 1069 1551 1139 γραμμάτων,
1580 1069 1718 1123 ἀλλὰ

180 1154 350 1221 μέντοι
383 1157 472 1207 καὶ
501 1157 593 1208 τοῦ
623 1157 862 1228 βρεδίου,
895 1162 1036 1216 κατὰ
1078 1163 1174 1232 τὴν
1211 1165 1500 1232 είσήγησιν
1539 1164 1724 1234 Αὗρη·

176 1244 297 1308 lio-4,
327 1249 353 1298 ό
382 1250 653 1313 ὶπιγόνιος
679 1251 780 1318 ἔφη
809 1269 821 1283 ·
857 1253 1024 1306 Οὺδὶν
1047 1253 1194 1306 δοκεῖ
1222 1256 1354 1324 ἡμῖν
1379 1254 1720 1325 διορθώσεως

175 1336 312 1398 ἄξιον
345 1337 404 1389 ἑν
422 1338 501 1407 τῷ
529 1337 734 1409 βρεδίῳ
761 1341 839 1411 τῷ
866 1343 1236 1414 ἀποτμηθέντι
1262 1348 1328 1398 ἐκ
1371 1349 1468 1415 τῆς
1511 1346 1567 1398 ἑν
1616 1345 1730 1398 ἰπε-

176 1427 301 1477 πῶνι
335 1421 578 1483 συνόδου.
640 1431 846 1484 Ἱππὼν
875 1433 931 1485 δὲ
962 1435 1115 1498 πόλις
1146 1438 1263 1489 ἐστὶ
1312 1438 1411 1507 τῆς
1445 1438 1730 1508 Καρχηδό-

175 1533 268 1576 νος.
305 1519 362 1568 ἑν
395 1513 449 1588 ᾖ,
483 1520 703 1573 συνόδου
731 1523 1154 1595 ’ἁθροισθείσης,
1190 1527 1360 1581 πολλὰ
1391 1527 1728 1598 ὡρίσθησαν,

175 1605 224 1666 ἐξ
251 1599 321 1658 ὧν
354 1623 476 1660 τινα
510 1609 664 1676 ὀλίγα
696 1614 1176 1686 προεκομίσθησαν
1227 1619 1307 1680 είς
1361 1617 1460 1688 τὴν
1513 1618 1731 1672 σύνοδον

1825 543 1928 595 q-:a
1955 529 2181 584 collecta
2217 533 2422 600 synodo
2455 531 2619 586 multa
2653 533 2945 587 constituta
2979 544 3105 588 sunt
3138 553 3151 589 :
3180 551 3242 588 ex
3276 538 3403 604 qui—

1829 621 1925 674 bus
1975 635 2143 689 pauca
2180 623 2421 688 quaedam
2472 624 2548 691 (id
2588 624 2731 677 enim
2773 624 2936 678 breve
2983 628 3123 694 apud
3174 625 3401 698 Latino;

1825 710 2113 781 signiﬁcat)
2137 713 2388 781 decerpta
2420 714 2580 768 allata
2611 723 2762 779 sunt,
2805 724 2859 769 et
2888 726 3031 770 recte
3061 717 3257 772 habere
3287 718 3398 771 visa

1827 813 1973 856 sunt.
2009 802 2121 859 lloc
2147 816 2324 858 autem
2352 807 2524 861 solum
2556 807 2811 862 dixerunt
2847 807 3038 861 Patres
3065 823 3187 863 esse
3222 825 3402 862 neces-

1826 896 2056 959 sarium,
2092 904 2150 949 ut
2178 898 2353 950 sancti
2381 895 2665 953 Paschalis
2692 898 2806 952 dies
2835 897 3153 954 manifestus
3185 899 3400 956 evadat.

1899 1075 2058 1148 563
2090 1074 2342 1132 ZONAR.
2379 1075 2559 1130 Lectis
2603 1076 2795 1132 litteris
2836 1084 2888 1130 et
2926 1075 3099 1141 brevi,
3146 1078 3400 1145 quemad-

1833 1171 2047 1223 modum
2101 1169 2164 1220 ah
2215 1168 2438 1221 Aurelio
2485 1168 2816 1238 propositum
2855 1165 3053 1231 fuerat,
3110 1165 3403 1234 Epigonius

1829 1259 1996 1312 dixit:
2030 1256 2170 1311 Nihil
2205 1257 2590 1310 videturuobis
2631 1257 2682 1308 in
2717 1256 2886 1317 brevi,
2931 1257 3072 1325 quod
3102 1272 3168 1308 ex
3199 1256 3405 1324 synodo

1832 1348 2163 1417 llipponensi
2224 1351 2535 1417 decerptum
2603 1348 2722 1412 fuit,
2793 1349 3128 1402 correctione
3181 1349 3402 1414 dignum

1833 1440 2079 1505 reperiri.
2116 1439 2324 1509 llippon
2358 1450 2538 1493 autem
2573 1439 2705 1494 urbs
2738 1448 2822 1493 est
2872 1437 3403 1506 Carthaginiensium

1834 1531 2074 1590 ditionis.
2105 1532 2158 1585 in
2200 1547 2304 1598 qua
2351 1531 2580 1585 collecta
2637 1532 2845 1599 synodo
2897 1531 3064 1584 multa
3113 1530 3404 1582 constituta

1835 1631 1980 1686 διιιιι,
2017 1636 2086 1675 ex
2118 1622 2316 1691 quibus
2352 1635 2524 1690 pauca
2560 1622 2805 1689 quaedam
2841 1621 2905 1672 ad
2955 1619 3094 1673 hanc
3139 1618 3402 1688 synodum

173 1697 381 1765 ταύτην.
422 1699 660 1768 Βρέδους
683 1705 789 1771 γὰρ
835 1702 1132 1773 Ῥωμαϊστὶ
1164 1706 1223 1758 τὸ
1267 1707 1463 1776 βραχὺ,
1505 1709 1565 1760 τ’)
1611 1708 1721 1762 ὀλί-

1837 1717 1963 1760 sunt
1996 1708 2180 1763 allata.
2211 1708 2379 1762 Breve
2412 1724 2643 1774 namque
2672 1707 2879 1763 Latinis
2901 1708 3044 1762 idem
3098 1707 3241 1776 quod
3285 1720 3407 1774 par-

176 1803 258 1851 γον
288 1787 526 1854 ὶέγεται.
567 1790 738 1844 Τοῦτο
764 1793 819 1846 δὲ
849 1772 1031 1862 μόνον,
1078 1772 1610 1866 φησὶν.γαναγκαίον,
1665 1800 1721 1854 τὸ

1833 1815 1979 1858 νιιιη,
2003 1799 2254 1867 exiguum
2279 1800 2502 1852 dicitur.
2537 1798 2650 1853 Hoc
2681 1814 2805 1853 vero
2832 1800 3002 1854 solum
3035 1799 3402 1854 necessarium

175 1875 262 1941 τὴν
293 1877 513 1947 ἡμέραν
547 1878 640 1932 τοῦ
672 1880 831 1946 ἁγίου
884 1882 1073 1952 Πάσχα
1125 1886 1492 1955 γνωρισθῆναι
1554 1890 1611 1940 ὲν
1650 1888 1721 1958 τῷ

1833 1902 1951 1942 esse
1978 1889 2074 1948 ait,
2106 1897 2161 1940 ut
2212 1889 2392 1942 Sancti
2441 1887 2725 1943 Paschalis
2770 1891 2883 1943 dies
2929 1889 3119 1959 synodi
3166 1899 3406 1958 tempore

175 1965 333 2034 καιρῷ
363 1968 465 2036 τῆς
501 1970 740 2033 συνόδου,
792 1971 912 2025 ἀντὶ
956 1972 1050 2024 τοῦ
1113 1973 1281 2046 δήλην
1324 1977 1600 2045 γενέσθαι,
1639 1981 1721 2032 ὅτε

1833 1981 2188 2045 signiﬁcetur,
2211 1980 2316 2035 hoc
2336 1990 2438 2044 ρει,
2465 1993 2573 2050 quo
2602 1990 2844 2050 tempore
2874 1981 3104 2036 habetur
3139 1983 3407 2051 synodus,

175 2057 376 2119 σύνοδος
404 2061 653 2129 γίνηται.

176 2148 386 2202 ΑΡΙΣΤ.
443 2167 463 2200 ο
504 2151 670 2203 Οὺδὶν
699 2153 796 2218 τῆς
827 2153 884 2205 ἐν
939 2153 1165 2209 ’ἱππῶνι
1228 2158 1446 2211 συνόδου
1501 2160 1729 2232 διορθω-

238 2257 254 2287 ι
286 2239 409 2291 τέον
446 2239 880 2309 ἢπροσθιτέον·
927 2247 974 2297 εί
1035 2245 1112 2316 μὴ
1164 2247 1251 2300 ἴνα
1313 2250 1344 2319 ἠ
1399 2251 1584 2320 ἡμέρα
1637 2252 1729 2304 τοῦ

241 2347 255 2375 ι
292 2327 490 2396 Πάσχα
525 2328 583 2380 ὲν
611 2329 688 2396 τῷ
721 2331 899 2402 καιρῷ
926 2333 1026 2400 τῆς
1057 2336 1275 2388 συνόδου
1307 2339 1665 2409 γνωρίζηται.
1705 2361 1723 2392 ι

233 2416 491 2487 Διάφοροι
527 2417 734 2471 σύνοδοι
761 2421 819 2471 ἐν
857 2421 1006 2494 πάσῃ
1053 2426 1118 2491 τῇ
1154 2424 1263 2476 τῶν
1302 2427 1528 2495 ’Λφρων
1577 2424 1732 2498 χώρᾳ

173 2509 440 2574 γεγόνασιν
475 2508 536 2562 ἐν
559 2511 672 2571 τοῖς
704 2511 1039 2582 προλαϐοῦσι
1091 2516 1327 2583 χρόνοις,
1371 2520 1468 2572 καὶ
1494 2519 1732 2586 ἀνεγνώ-

173 2597 358 2663 σθησαν
373 2597 434 2648 ἐν
465 2596 642 2667 ταύτῃ
661 2601 728 2667 τῇ
760 2600 985 2670 συνόδῳ,
1020 2603 1111 2655 καὶ
1136 2602 1315 2669 ἔδοξεν
1345 2607 1376 2674 ἡ
1407 2607 1464 2658 ὲν
1503 2607 1730 2660 Ἱππῶνι

182 2683 375 2755 Ῥηγίῳ
403 2685 681 2759 γενομένη
709 2689 922 2754 σύνοδος
952 2692 1134 2756 καλῶς
1179 2693 1326 2763 ἔχειν
1348 2711 1361 2724 ·
1396 2697 1492 2750 καὶ
1523 2695 1730 2767 ὥρισαν

170 2777 470 2846 ιιίΠατέρες
506 2779 649 2847 μήτε
712 2779 1000 2849 διόρθωσιν
1058 2786 1197 2853 μήτε
1253 2784 1574 2859 προσθήκην
1633 2788 1732 2860 τὴν

168 2867 410 2937 τοιαύτην
450 2867 714 2934 δέξασθαι
744 2870 983 2938 σύνοδον,
1027 2874 1200 2943 ἀλλ’ἢ
1238 2877 1399 2944 μόνον
1434 2878 1495 2931 τὸ
1529 2879 1730 2949 γνωρίο

169 2957 338 3019 ζεσθαι
367 2959 468 3029 τὴν
495 2963 718 3032 ἡμέραν
753 2963 849 3017 τοῦ
890 2967 1078 3036 Πάσχα
1136 2968 1195 3020 ἐν
1256 2968 1334 3038 τῷ
1391 2971 1570 3040 καιρῷ
1633 2972 1728 3041 τῆς

1833 2072 2201 2123 denuntietur.

1832 2162 2058 2217 ARIST.
2107 2182 2124 2214 ι
2161 2162 2305 2217 Nihil
2332 2164 2382 2216 in
2412 2162 2618 2232 synodo
2641 2160 2968 2230 Hipponensi
2998 2162 3407 2228 corrigendum,

1913 2274 1932 2306 ι
1974 2255 2055 2309 vel
2086 2256 2133 2310 ei
2170 2255 2472 2308 addendum
2511 2273 2525 2308 :
2560 2256 2662 2308 nisi
2693 2262 2751 2308 ut
2780 2254 2895 2308 dies
2942 2253 3220 2310 Paschalis
3260 2254 3404 2309 cele-

1911 2365 1930 2395 σ
1975 2345 2168 2399 brandi
2201 2356 2443 2412 tempere
2468 2345 2658 2414 synodi
2701 2345 3055 2413 signiﬁcetur.
3099 2363 3116 2396 ι

1906 2435 2083 2489 Variae
2108 2435 2298 2506 synodi
2331 2437 2383 2488 in
2434 2445 2542 2488 tota
2596 2435 2850 2506 Afrorum
2913 2437 3130 2505 regione
3186 2447 3411 2504 prmer-

1833 2523 2000 2592 lapsis
2031 2524 2358 2592 temporibus
2387 2524 2584 2579 habita:
2618 2501 2788 2585 littere.
2848 2533 2901 2578 et
2935 2525 2988 2578 in
3053 2525 3153 2578 bac
3204 2527 3408 2595 synodo

1833 2617 2014 2680 lectre,
2040 2627 2089 2670 et
2117 2617 2231 2670 visa
2266 2626 2344 2670 est
2377 2617 2429 2669 in
2481 2617 2816 2686 llippoucnsi
2861 2617 3081 2683 regione
3137 2616 3406 2669 Ct-leltrata

1833 2708 2072 2778 synodus
2124 2709 2259 2762 bene
2307 2721 2367 2761 se
2419 2707 2620 2761 habere
2649 2725 2661 2761 :
2693 2717 2748 2760 et
2809 2707 3172 2760 decreverunt
3221 2704 3409 2759 Patres

1837 2797 1992 2854 istam
2040 2797 2342 2869 synodum,
2388 2812 2486 2854 nec
2536 2796 2929 2854 correcﬁonetu
2976 2797 3209 2867 aliquam
3265 2797 3406 2852 acci-

1837 2905 1986 2959 pere,
2022 2905 2119 2944 nec
2148 2892 2477 2944 additionem
2503 2934 2516 2955 ,
2551 2894 2645 2946 sed
2681 2900 2909 2955 tantum,
2944 2902 2992 2944 ut
3021 2893 3136 2945 dies
3185 2892 3406 2946 Pascha:

1837 2983 1891 3034 in
1923 2989 2165 3050 tempore
2196 2983 2384 3052 synodi
2405 2983 2734 3053 Carthagine
2759 2983 2953 3036 habita:
2983 2983 3403 3052 signiﬁcaretur,

169 3051 370 3103 συνόδου
403 3052 506 3121 τῆς
558 3055 617 3105 ὲν
655 3055 959 3124 Καρχηδόνι
980 3060 1298 3131 γινομένης,
1341 3061 1425 3114 ἵνα
1479 3063 1554 3132 μή
1587 3080 1721 3124 τινες

169 3141 286 3166 ,___
318 3143 664 3166 __1_\\____-__-
707 3148 820 3166 μη.
864 3149 912 3166 ,.
967 3149 980 3166 ι

1835 3089 1901 3128 ne
1927 3073 2090 3143 aliqui
2115 3051 2346 3129 fortasse
2373 3076 2439 3128 de
2469 3089 2533 3129 co
2566 3051 2982 3130 hallucincntur.

169 3141 286 3204 ίσως
315 3143 668 3212 σφάλλωνται
699 3148 827 3215 περὶ
853 3149 1042 3219 αὑτήν.

748 3239 989 3292 κΑΝοΝ
1029 3239 1134 3311 λη’.

173 3341 189 3374 ι
223 3325 351 3396 Περὶ
386 3327 484 3381 τοῦ
508 3327 638 3388 τοὺς
665 3327 1000 3392 ἐπισκόπους
1025 3332 1118 3384 καὶ
1145 3333 1270 3396 τοὺς
1320 3334 1618 3405 κληρικοὺς
1655 3335 1730 3405 μὴ

231 3435 247 3466 ι
279 3417 523 3487 εὐχερῶς
576 3417 643 3468 τὰ
691 3417 858 3470 τέκνα
900 3419 1082 3472 αὐτῶν
1133 3425 1306 3474 ποιεῖν
1345 3425 1725 3494 ἐμαγκίπατα.

228 3523 246 3556 ι
283 3507 443 3560 Ὥστε
468 3509 602 3569 τοὺς
632 3508 966 3572 ἐπισκόπους
997 3513 1091 3565 καὶ⁵
1136 3514 1262 3575 τοὺς
1315 3515 1610 3585 κληρικοὺς
1663 3517 1729 3570 τὰ

229 3617 245 3648 ι
277 3598 442 3653 τέκνα
468 3599 658 3653 αὐτῶν
698 3601 772 3669 μὴ
801 3603 897 3670 ὲᾷν
941 3604 1308 3670 αὐτεξουσίως
1357 3607 1580 3662 ἀπιέναι
1637 3611 1728 3663 διὰ

225 3707 242 3738 ι
275 3690 783 3758 ίμαγκιπατίωνος,
824 3692 883 3744 ἓν
911 3694 1078 3761 μηδὲν
1108 3698 1187 3759 είς
1212 3697 1339 3760 τοὺς
1369 3699 1604 3768 τρόπους
1634 3702 1727 3756 καὶ

227 3776 350 3840 «είς
387 3779 494 3848 τὴν
547 3777 766 3846 ἡλικίαν
826 3781 1013 3835 αὐτῶν
1077 3785 1605 3858 πληροφορηθῶσιψ
1651 3791 1727 3854 ὡς

227 3884 243 3918 ι
276 3866 466 3922 λοιπὸν
517 3869 592 3921 τὰ
616 3871 996 3943 ἁμαρτήματα
1024 3875 1206 3931 αὐτῶν
1240 3880 1322 3942 είς
1351 3880 1553 3944 αὐτοὺς
1596 3898 1725 3934 συν-

222 3971 239 4003 ι
270 3957 485 4010 τείνειν.
518 3974 538 4008 ι

221 4043 406 4098 ΒΛΛΣ.
457 4045 918 4113 Ἐμαγκιπατίων
960 4049 1178 4118 λέγεται
1245 4053 1396 4121 παρὰ
1431 4055 1725 4125 Ῥωμαίοις

162 4136 186 4198 ἡ
215 4136 352 4205 παρὰ
374 4136 487 4189 τῶν
527 4137 791 4206 πατέρων
805 4138 1054 4210 διδομένη
1084 4144 1194 4204 τοῖς
1221 4140 1561 4209 ὑπεξουσίοις
1595 4164 1721 4200 παι-

2325 3249 2555 3305 ΟΑΝΟΝ
2611 3248 2899 3309 XXXVIII.

1838 3359 1857 3390 ‹
1903 3339 1971 3394 Ut
1999 3341 2240 3410 episcopi
2303 3350 2353 3395 et
2389 3343 2572 3394 clerici
2633 3358 2762 3396 suos
2818 3343 3019 3398 liberos
3074 3358 3177 3396 non
3238 3341 3397 3402 facile

1914 3448 1932 3479 ι
1976 3429 2341 3497 entancipent.
2379 3428 2449 3484 Ut
2477 3431 2714 3499 episcopi
2743 3440 2796 3484 et
2823 3431 3002 3485 clerici
3033 3448 3161 3486 suos
3202 3433 3403 3488 liberos

1907 3537 1924 3569 ι
1974 3535 2075 3575 non
2112 3521 2291 3574 sinant
2323 3537 2417 3588 per
2447 3522 2932 3588 emancipationem
2963 3525 3043 3577 sui
3071 3525 3209 3591 juris
3233 3523 3344 3578 ﬁeri
3370 3563 3385 3586 ,

1906 3630 1924 3661 ι
1969 3612 2071 3666 nisi
2097 3613 2165 3667 de
2195 3628 2381 3666 eorum
2412 3612 2653 3666 moribus
2683 3621 2736 3666 et
2763 3623 2922 3667 :ctate
2954 3615 3129 3668 securi
3152 3612 3355 3668 fuerint
3383 3630 3397 3668 :

1905 3723 1922 3754 ι
1966 3714 2024 3757 ιιι
2070 3719 2258 3758 eorum
2316 3715 2536 3774 peccata
2585 3704 2837 3775 deinceps
2896 3707 2948 3760 in
3007 3706 3156 3775 ipsos
3213 3706 3399 3762 confe-

1906 3815 1924 3848 l
1971 3805 2181 3851 rantur.
2226 3816 2242 3849 1

1897 4057 2093 4114 BALS.
2127 4059 2502 4129 Emancipatio
2566 4063 2703 4131 apud
2762 4063 3032 4118 Romanos
3084 4065 3281 4119 dicitur
3340 4066 3393 4118 li-

1825 4149 2005 4204 bertas
2032 4166 2151 4218 quae
2187 4168 2216 4205 a
2251 4153 2495 4220 patrihus
2521 4153 2664 4216 ﬁliis,
2693 4157 2782 4224 qui
2821 4172 2944 4209 sunt
2995 4157 3048 4210 in
3081 4173 3265 4211 eorum
3295 4174 3393 4226 po-

164 4227 234 4276 σὶν
265 4228 716 4297 αὖτεξουσιότης.
752 4229 921 4297 Φησὶν
951 4230 1044 4283 οὖν
1077 4233 1104 4284 ὁ
1130 4232 1313 4284 κανὼν
1347 4234 1421 4304 μὴ
1475 4236 1721 4302 γίνεσθαι

1833 4249 2039 4304 testate,
2083 4243 2264 4295 datur.
2303 4242 2439 4296 Dicit
2493 4260 2621 4313 ergo
2666 4261 2862 4307 canon,
2897 4264 3000 4299 non
3052 4251 3250 4303 debere
3309 4250 3390 4302 sui

162 4315 523 4380 αὐτεξουσίως
554 4317 680 4376 τοὺς
712 4319 911 4382 παῖδας
943 4321 1049 4372 τῶν
1099 4321 1418 4376 ἐπισκόπων
1473 4327 1565 4377 καὶ
1611 4327 1720 4379 τῶν

1833 4336 1954 4393 utris
1990 4336 2104 4389 ﬁeri
2138 4338 2520 4407 episcoporum
2558 4349 2610 4392 et
2649 4339 2974 4393 clericorum
3034 4340 3172 4394 ﬁlios
3222 4357 3248 4390 a
3300 4357 3393 4408 pa-

160 4407 413 4473 κληρικῶν
451 4408 611 4477 παρὰ
640 4407 752 4458 τῶν
787 4412 1038 4480 πατέριον
1069 4412 1270 4476 αὐτῶν,
1301 4414 1349 4466 εί
1381 4415 1456 4484 μὴ
1478 4417 1586 4468 ἀπὸ
1617 4417 1716 4484 τῆς

1833 4429 1998 4480 tribus
2029 4427 2166 4490 suis,
2210 4428 2310 4481 nisi
2343 4443 2407 4482 ex
2439 4437 2598 4483 actate
2621 4439 2676 4482 et
2723 4431 2879 4483 bonis
2917 4429 3155 4482 moribus
3186 4441 3392 4483 certam

160 4495 348 4560 ἡλικίας
371 4499 468 4549 καὶ
506 4499 621 4550 τῶν
645 4498 871 4564 ἀγαθῶν
926 4501 1144 4571 τρόπων
1190 4504 1570 4576 πληροφορίαν
1612 4505 1716 4559 δώ-

160 4599 341 4650 σουσιν,
365 4588 448 4640 δτι
483 4585 749 4640 δύνανται
783 4589 1013 4653 δεόντως
1064 4593 1157 4645 καὶ
1210 4595 1455 4659 εὐλαϐῶς
1494 4597 1560 4651 τὰ
1598 4602 1715 4652 κατ’

160 4675 327 4738 αὐτοὺς
360 4680 700 4748 οἰκονομεῖν.
738 4677 944 4732 Τούτου
1001 4681 1057 4734 δὲ
1101 4681 1244 4737 οὕτω
1273 4686 1348 4756 μὴ
1397 4690 1711 4759 γινομένου,

159 4770 267 4829 φασὶ
291 4770 412 4830 τοὺς
438 4770 697 4838 πατέρας
732 4769 890 4838 λόγον
915 4771 1111 4828 διδόναι
1144 4777 1285 4847 ὑπὲρ
1303 4779 1411 4833 τῶν
1433 4783 1716 4853 ἁμαρτὼν

160 4856 245 4907 τῶν
280 4861 510 4914 παίδων.
573 4861 690 4914 Καὶ
732 4863 760 4914 ὁ
820 4864 918 4930 μὲν
964 4856 1149 4918 κανὼν
1206 4869 1495 4925 ἀθέσττισεν
1542 4874 1715 4928 ταῦτα

159 4948 296 5015 χάριν
323 4951 432 5002 τῶν
462 4951 688 5005 τέκνων
718 4951 828 5003 τῶν
865 4955 1180 5010 ἐπισκόπων
1213 4959 1308 5011 καὶ
1361 4962 1471 5014 τῶν
1531 4965 1715 5035 κληρι-

159 5039 278 5088 χῶν·
310 5043 357 5093 οἱ
390 5042 448 5095 δὲ
483 5042 650 5111 νόμοι
679 5044 1151 5112 παρακελεύονται
1180 5050 1269 5102 διὰ
1303 5053 1536 5122 νομίμου
1568 5059 1713 5123 πρᾶο

160 5126 288 5192 ξέως,
316 5133 486 5200 ἤγουν
515 5131 668 5215 μετὰ
689 5132 1018 5203 δικαστικῆς
1060 5136 1430 5208 διαγνώσεως,
1465 5143 1563 5214 τὴν
1611 5148 1713 5198 αὑ·-

156 5219 514 5290 τιξουσιότητα
571 5219 846 5290 γίνεσθαι,
886 5227 960 5294 μὴ
990 5227 1390 5295 διαστείλαντες
1433 5235 1713 5305 κληρικῶν

158 5310 449 5366 καὶλαῖκῶν
493 5315 720 5377 παῖδας.
783 5317 895 5370 Καὶ
938 5317 1026 5370 διὰ
1074 5319 1236 5373 τοῦτο
1284 5324 1404 5375 οὐδὲ
1458 5326 1712 5397 κληρικοὶ

156 5399 254 5450 οὐδὲ
277 5403 569 5457 ἐπίσκοποι
603 5405 774 5475 χωρὶς
809 5406 1074 5476 δεκρέτου
1103 5410 1455 5480 δικαστικοῦ,
1482 5418 1556 5480 ὡς
1585 5421 1709 5488 ἐμοὶ

156 5489 293 5550 δοκεῖ,
330 5495 764 5563 ἴνα-ποιήσωσιν
816 5498 1198 5564 αὑτεξουσίους
1253 5506 1449 5568 παῖδας
1502 5511 1703 5568 αὐτῶν.

168 5578 218 5630 Ἡ
253 5585 349 5654 γὰρ
372 5587 682 5655 δοκιμασία
706 5588 800 5640 τοῦ
837 5591 950 5659 βίου
973 5593 1178 5646 τούτων
1214 5597 1309 5648 καὶ
1353 5599 1450 5665 τῆς
1490 5603 1705 5667 ἡλικίας

158 5673 272 5725 and
301 5678 382 5728 τὸν
414 5681 627 5732 κανόνα
663 5681 813 5749 παρὰ
864 5681 1116 5736 δικαστοῦ
1169 5686 1374 5740 ὀυείλει
1434 5691 1695 5758 γίνεσθαι,

1821 4519 2103 4572 scientiam
2137 4518 2406 4582 dederint,
2441 4535 2500 4574 se
2528 4535 2687 4588 posse
2736 4536 2830 4576 sua
2872 4523 3187 4590 prudenter,
3235 4530 3289 4575 et
3337 4529 3392 4574 ut

1823 4619 2056 4677 oportet,
2085 4609 2488 4665 administrare.
2529 4609 2643 4666 Hoc
2683 4621 2864 4666 autem
2918 4612 3018 4666 nisi
3059 4613 3126 4664 ita
3164 4613 3272 4674 ﬁat,
3306 4612 3389 4663 di-

1822 4710 1952 4755 cunt
2022 4711 2204 4770 patres
2267 4701 2573 4758 reddituros
2648 4705 2912 4759 rationem
2987 4719 3085 4771 pro
3154 4704 3390 4770 peccatis

1819 4792 2072 4846 ﬁliormn.
2105 4792 2168 4845 Et
2204 4794 2316 4846 haec
2343 4793 2558 4861 quidem
2595 4809 2769 4849 canon
2805 4796 2872 4848 de
2923 4796 3303 4864 episcoporum
3336 4803 3388 4848 et

1815 4881 2140 4935 clericorum
2175 4883 2297 4936 ﬁliis
2338 4883 2606 4937 decernit.
2639 4884 2808 4953 Leges
2861 4894 3038 4937 autem
3081 4884 3293 4951 jubent,
3329 4893 3387 4936 ut

1817 4987 1911 5036 per
1940 4983 2116 5026 actum
2149 4973 2467 5043 legitimum,
2504 4975 2617 5028 sive
2648 4989 2769 5028 cum
2826 4974 3060 5045 legitima
3100 4975 3384 5028 examina-

1818 5065 1964 5119 tione
2001 5064 2091 5118 ﬁat
2126 5066 2520 5134 emancipatio;
2581 5081 2683 5119 non
2729 5065 3126 5136 distinguentes
3174 5083 3238 5119 an
3277 5067 3384 5120 sint

1814 5158 2134 5212 clericorum
2200 5159 2282 5209 vel
2347 5159 2603 5212 laicorum
2657 5160 2768 5212 ﬁlii.
2821 5159 2886 5213 Et
2950 5169 3227 5230 propterea
3282 5175 3380 5214 nec

1813 5250 1994 5303 clerici
2027 5265 2123 5304 nec
2158 5248 2418 5318 episcopi,
2449 5250 2563 5305 sine
2592 5249 2832 5317 iudiciali
2877 5253 3114 5313 decreto,
3148 5259 3203 5303 ιιι
3247 5251 3376 5304 mihi

1814 5342 2046 5401 videtur.
2072 5342 2206 5394 ﬁlios
2231 5357 2356 5396 suos
2386 5343 2466 5396 sui
2491 5343 2633 5411 juris
2682 5343 2932 5398 eﬂlcient.
2986 5341 3183 5396 Eorum
3235 5345 3376 5397 enim

1813 5430 1934 5483 vitae
1957 5441 2010 5484 et
2038 5429 2213 5484 :etatis
2246 5433 2541 5485 secundum
2570 5445 2830 5485 canonem
2861 5431 3189 5484 examinatio
3221 5432 3379 5485 debet

1810 5537 1837 5573 a
1869 5521 2046 5590 judice
2071 5521 2209 5586 ﬁeri,
2242 5537 2344 5575 non
2377 5532 2558 5576 autem
2605 5536 2632 5573 a
2661 5521 2778 5576 solo
2813 5531 2986 5590 patre.
3021 5522 3083 5575 Et
3117 5521 3231 5589 lege
3265 5531 3377 5577 tcr-

1811 5617 1941 5666 tium
1977 5621 2138 5681 caput
2171 5612 2305 5665 tituli
2335 5615 2367 5666 3
2396 5613 2516 5666 libri
2547 5629 2693 5674 xui,
2726 5614 2866 5682 quod
2898 5614 3031 5668 dicit
3062 5633 3074 5668 :
3115 5613 3230 5668 Non
3265 5631 3363 5668 nu-

1812 5705 1908 5757 dus
1935 5718 2229 5759 consensus
2279 5705 2447 5773 patris
2490 5705 2684 5761 liberat
2733 5705 2898 5761 ﬁlium
2939 5722 2966 5759 a
3003 5707 3175 5776 patria
3228 5714 3378 5775 pote-
