  <div class='ocr_page' id='page_1' title='image "/cluster/home/n/w/nwhite01/storage/ocr_20150623/138/ien.35556001660133/091.png"; bbox 0 0 3982 6482; ppageno 0'>
   <div class='ocr_carea' id='block_1_1' title="bbox 534 364 635 423">
    <p class='ocr_par' dir='ltr' id='par_1_1' title="bbox 534 364 635 423">
     <span class='ocr_line' id='line_1_1' title="bbox 534 364 635 423; baseline -0.02 0"><span class='ocrx_word' id='word_1_1' title='bbox 534 364 635 423; x_wconf 79' lang='grc'><strong>159</strong></span> 
     </span>
    </p>
   </div>
   <div class='ocr_carea' id='block_1_2' title="bbox 530 475 1375 546">
    <p class='ocr_par' dir='ltr' id='par_1_2' title="bbox 530 475 1375 546">
     <span class='ocr_line' id='line_1_2' title="bbox 530 475 1375 546; baseline 0.005 -20"><span class='ocrx_word' id='word_1_2' title='bbox 530 485 689 535; x_wconf 76' lang='lat' dir='ltr'><strong>state,</strong></span> <span class='ocrx_word' id='word_1_3' title='bbox 757 475 847 528; x_wconf 83' lang='lat' dir='ltr'><strong>sed</strong></span> <span class='ocrx_word' id='word_1_4' title='bbox 909 487 1057 531; x_wconf 80' lang='lat' dir='ltr'><strong>actus</strong></span> <span class='ocrx_word' id='word_1_5' title='bbox 1109 478 1375 546; x_wconf 78' lang='lat' dir='ltr'><strong>legitimus</strong></span> 
     </span>
    </p>
   </div>
   <div class='ocr_carea' id='block_1_3' title="bbox 532 567 2080 632">
    <p class='ocr_par' dir='ltr' id='par_1_3' title="bbox 532 567 2080 632">
     <span class='ocr_line' id='line_1_3' title="bbox 532 567 2080 632; baseline 0.005 -16"><span class='ocrx_word' id='word_1_6' title='bbox 532 567 850 632; x_wconf 68' lang='lat' dir='ltr'><strong>requiritur,</strong></span> <span class='ocrx_word' id='word_1_7' title='bbox 886 570 976 622; x_wconf 90' lang='lat' dir='ltr'><strong>sed</strong></span> <span class='ocrx_word' id='word_1_8' title='bbox 1005 580 1156 625; x_wconf 84' lang='lat' dir='ltr'><strong>actus</strong></span> <span class='ocrx_word' id='word_1_9' title='bbox 1197 581 1450 625; x_wconf 80' lang='lat' dir='ltr'><strong>accurata</strong></span> <span class='ocrx_word' id='word_1_10' title='bbox 1494 573 1653 625; x_wconf 88' lang='lat' dir='ltr'><strong>snhtil</strong></span> <span class='ocrx_word' id='word_1_11' title='bbox 1679 581 1778 625; x_wconf 84' lang='lat' dir='ltr'><strong>tas.</strong></span> <span class='ocrx_word' id='word_1_12' title='bbox 1831 571 2080 627; x_wconf 78' lang='lat' dir='ltr'><strong>Fortasse</strong></span> 
     </span>
    </p>
   </div>
   <div class='ocr_carea' id='block_1_4' title="bbox 532 659 2080 727">
    <p class='ocr_par' dir='ltr' id='par_1_4' title="bbox 532 659 2080 727">
     <span class='ocr_line' id='line_1_4' title="bbox 532 659 2080 727; baseline 0.001 -17"><span class='ocrx_word' id='word_1_13' title='bbox 532 665 708 710; x_wconf 73' lang='lat' dir='ltr'><strong>autem</strong></span> <span class='ocrx_word' id='word_1_14' title='bbox 748 659 939 710; x_wconf 84' lang='lat' dir='ltr'><strong>dixerit</strong></span> <span class='ocrx_word' id='word_1_15' title='bbox 964 660 1248 726; x_wconf 74' lang='lat' dir='ltr'><strong>quispiam,</strong></span> <span class='ocrx_word' id='word_1_16' title='bbox 1281 673 1594 727; x_wconf 54' lang='lat' dir='ltr'><strong>pra‘scntem</strong></span> <span class='ocrx_word' id='word_1_17' title='bbox 1626 678 1884 716; x_wconf 75' lang='lat' dir='ltr'><strong>canumein</strong></span> <span class='ocrx_word' id='word_1_18' title='bbox 1908 661 2080 714; x_wconf 88' lang='lat' dir='ltr'><strong>corri-</strong></span> 
     </span>
    </p>
   </div>
   <div class='ocr_carea' id='block_1_5' title="bbox 532 747 2076 816">
    <p class='ocr_par' dir='ltr' id='par_1_5' title="bbox 532 747 2076 816">
     <span class='ocr_line' id='line_1_5' title="bbox 532 747 2076 816; baseline 0 -15"><span class='ocrx_word' id='word_1_19' title='bbox 532 760 658 812; x_wconf 77' lang='lat' dir='ltr'><strong>gere</strong></span> <span class='ocrx_word' id='word_1_20' title='bbox 691 747 928 813; x_wconf 89' lang='lat' dir='ltr'><strong>quintum</strong></span> <span class='ocrx_word' id='word_1_21' title='bbox 961 758 1117 814; x_wconf 82' lang='lat' dir='ltr'><strong>caput</strong></span> <span class='ocrx_word' id='word_1_22' title='bbox 1149 750 1280 804; x_wconf 86' lang='lat' dir='ltr'><strong>tituli</strong></span> <span class='ocrx_word' id='word_1_23' title='bbox 1312 751 1345 802; x_wconf 76' lang='grc'>2</span> <span class='ocrx_word' id='word_1_24' title='bbox 1377 751 1494 802; x_wconf 82' lang='lat' dir='ltr'><strong>libri</strong></span> <span class='ocrx_word' id='word_1_25' title='bbox 1542 766 1690 811; x_wconf 70' lang='lat' dir='ltr'><strong>mu,</strong></span> <span class='ocrx_word' id='word_1_26' title='bbox 1727 753 1864 816; x_wconf 89' lang='lat' dir='ltr'><strong>quod</strong></span> <span class='ocrx_word' id='word_1_27' title='bbox 1902 750 2025 803; x_wconf 89' lang='lat' dir='ltr'><strong>dicit</strong></span> <span class='ocrx_word' id='word_1_28' title='bbox 2064 767 2076 801; x_wconf 88' lang='lat'><strong>:</strong></span> 
     </span>
    </p>
   </div>
   <div class='ocr_carea' id='block_1_6' title="bbox 532 834 2080 908">
    <p class='ocr_par' dir='ltr' id='par_1_6' title="bbox 532 834 2080 908">
     <span class='ocr_line' id='line_1_6' title="bbox 532 834 2080 908; baseline 0.003 -23"><span class='ocrx_word' id='word_1_29' title='bbox 532 834 631 901; x_wconf 72' lang='lat' dir='ltr'><strong>Qui</strong></span> <span class='ocrx_word' id='word_1_30' title='bbox 663 837 751 890; x_wconf 88' lang='lat' dir='ltr'><strong>diu</strong></span> <span class='ocrx_word' id='word_1_31' title='bbox 785 836 891 889; x_wconf 88' lang='lat' dir='ltr'><strong>lilio</strong></span> <span class='ocrx_word' id='word_1_32' title='bbox 918 840 1220 903; x_wconf 74' lang='lat' dir='ltr'><strong>permiserit</strong></span> <span class='ocrx_word' id='word_1_33' title='bbox 1255 855 1433 907; x_wconf 81' lang='lat' dir='ltr'><strong>agere,</strong></span> <span class='ocrx_word' id='word_1_34' title='bbox 1467 855 1585 908; x_wconf 78' lang='lat' dir='ltr'><strong>quzc</strong></span> <span class='ocrx_word' id='word_1_35' title='bbox 1629 845 1694 896; x_wconf 82' lang='lat' dir='ltr'><strong>ab</strong></span> <span class='ocrx_word' id='word_1_36' title='bbox 1741 841 1826 901; x_wconf 88' lang='lat' dir='ltr'><strong>iis,</strong></span> <span class='ocrx_word' id='word_1_37' title='bbox 1864 841 1952 908; x_wconf 88' lang='lat' dir='ltr'><strong>qui</strong></span> <span class='ocrx_word' id='word_1_38' title='bbox 2001 839 2080 892; x_wconf 86' lang='lat' dir='ltr'><strong>sui</strong></span> 
     </span>
    </p>
   </div>
   <div class='ocr_carea' id='block_1_7' title="bbox 529 925 2082 999">
    <p class='ocr_par' dir='ltr' id='par_1_7' title="bbox 529 925 2082 999">
     <span class='ocr_line' id='line_1_7' title="bbox 529 925 2082 999; baseline 0.005 -24"><span class='ocrx_word' id='word_1_39' title='bbox 529 925 661 990; x_wconf 79' lang='lat' dir='ltr'><strong>juris</strong></span> <span class='ocrx_word' id='word_1_40' title='bbox 694 938 836 990; x_wconf 82' lang='lat' dir='ltr'><strong>sunt,</strong></span> <span class='ocrx_word' id='word_1_41' title='bbox 869 929 1017 990; x_wconf 81' lang='lat' dir='ltr'><strong>ﬁunt,</strong></span> <span class='ocrx_word' id='word_1_42' title='bbox 1062 941 1112 982; x_wconf 85' lang='lat' dir='ltr'><strong>ct</strong></span> <span class='ocrx_word' id='word_1_43' title='bbox 1148 945 1268 983; x_wconf 82' lang='lat' dir='ltr'><strong>esse</strong></span> <span class='ocrx_word' id='word_1_44' title='bbox 1293 932 1389 983; x_wconf 89' lang='lat' dir='ltr'><strong>sub</strong></span> <span class='ocrx_word' id='word_1_45' title='bbox 1417 933 1699 995; x_wconf 87' lang='lat' dir='ltr'><strong>tutoribus,</strong></span> <span class='ocrx_word' id='word_1_46' title='bbox 1742 932 1792 991; x_wconf 88' lang='lat' dir='ltr'><strong>in</strong></span> <span class='ocrx_word' id='word_1_47' title='bbox 1823 937 2082 999; x_wconf 73' lang='lat' dir='ltr'><strong>potestate</strong></span> 
     </span>
    </p>
   </div>
   <div class='ocr_carea' id='block_1_8' title="bbox 533 1017 2086 1088">
    <p class='ocr_par' dir='ltr' id='par_1_8' title="bbox 533 1017 2086 1088">
     <span class='ocr_line' id='line_1_8' title="bbox 533 1017 2086 1088; baseline 0.002 -19"><span class='ocrx_word' id='word_1_48' title='bbox 533 1018 585 1069; x_wconf 90' lang='lat' dir='ltr'><strong>in</strong></span> <span class='ocrx_word' id='word_1_49' title='bbox 619 1017 781 1069; x_wconf 85' lang='lat' dir='ltr'><strong>lilium</strong></span> <span class='ocrx_word' id='word_1_50' title='bbox 806 1019 1169 1086; x_wconf 75' lang='lat' dir='ltr'><strong>przejudicium</strong></span> <span class='ocrx_word' id='word_1_51' title='bbox 1195 1022 1412 1088; x_wconf 84' lang='lat' dir='ltr'><strong>patitur.</strong></span> <span class='ocrx_word' id='word_1_52' title='bbox 1431 1021 1562 1074; x_wconf 87' lang='lat' dir='ltr'><strong>Cum</strong></span> <span class='ocrx_word' id='word_1_53' title='bbox 1585 1022 1726 1075; x_wconf 85' lang='lat' dir='ltr'><strong>enim</strong></span> <span class='ocrx_word' id='word_1_54' title='bbox 1761 1024 1871 1075; x_wconf 69' lang='lat' dir='ltr'><strong>bare</strong></span> <span class='ocrx_word' id='word_1_55' title='bbox 1899 1022 1979 1074; x_wconf 80' lang='lat' dir='ltr'><strong>lex</strong></span> <span class='ocrx_word' id='word_1_56' title='bbox 2005 1021 2086 1073; x_wconf 85' lang='lat' dir='ltr'><strong>di—</strong></span> 
     </span>
    </p>
   </div>
   <div class='ocr_carea' id='block_1_9' title="bbox 532 1109 2084 1180">
    <p class='ocr_par' dir='ltr' id='par_1_9' title="bbox 532 1109 2084 1180">
     <span class='ocr_line' id='line_1_9' title="bbox 532 1109 2084 1180; baseline 0.002 -19"><span class='ocrx_word' id='word_1_57' title='bbox 532 1119 619 1165; x_wconf 84' lang='lat' dir='ltr'><strong>oat</strong></span> <span class='ocrx_word' id='word_1_58' title='bbox 636 1123 662 1166; x_wconf 77' lang='lat' dir='ltr'><strong>a</strong></span> <span class='ocrx_word' id='word_1_59' title='bbox 683 1119 939 1176; x_wconf 71' lang='lat' dir='ltr'><strong>potestate</strong></span> <span class='ocrx_word' id='word_1_60' title='bbox 959 1111 1124 1170; x_wconf 83' lang='lat' dir='ltr'><strong>patris</strong></span> <span class='ocrx_word' id='word_1_61' title='bbox 1139 1125 1257 1163; x_wconf 90' lang='lat' dir='ltr'><strong>eum</strong></span> <span class='ocrx_word' id='word_1_62' title='bbox 1277 1110 1507 1174; x_wconf 87' lang='lat' dir='ltr'><strong>liberari,</strong></span> <span class='ocrx_word' id='word_1_63' title='bbox 1528 1112 1615 1178; x_wconf 87' lang='lat' dir='ltr'><strong>qui</strong></span> <span class='ocrx_word' id='word_1_64' title='bbox 1636 1111 1898 1180; x_wconf 86' lang='lat' dir='ltr'><strong>permissu</strong></span> <span class='ocrx_word' id='word_1_65' title='bbox 1919 1109 2084 1178; x_wconf 79' lang='lat' dir='ltr'><strong>patris</strong></span> 
     </span>
    </p>
   </div>
   <div class='ocr_carea' id='block_1_10' title="bbox 533 1197 2082 1266">
    <p class='ocr_par' dir='ltr' id='par_1_10' title="bbox 533 1197 2082 1266">
     <span class='ocr_line' id='line_1_10' title="bbox 533 1197 2082 1266; baseline 0.004 -20"><span class='ocrx_word' id='word_1_66' title='bbox 533 1198 744 1264; x_wconf 78' lang='lat' dir='ltr'><strong>propria</strong></span> <span class='ocrx_word' id='word_1_67' title='bbox 770 1197 1107 1263; x_wconf 75' lang='lat' dir='ltr'><strong>administrat</strong></span> <span class='ocrx_word' id='word_1_68' title='bbox 1138 1199 1292 1266; x_wconf 77' lang='lat' dir='ltr'><strong>longo</strong></span> <span class='ocrx_word' id='word_1_69' title='bbox 1339 1210 1598 1266; x_wconf 85' lang='lat' dir='ltr'><strong>tempore,</strong></span> <span class='ocrx_word' id='word_1_70' title='bbox 1621 1202 1826 1256; x_wconf 79' lang='lat' dir='ltr'><strong>scilicet</strong></span> <span class='ocrx_word' id='word_1_71' title='bbox 1849 1201 2082 1266; x_wconf 86' lang='lat' dir='ltr'><strong>biennio,</strong></span> 
     </span>
    </p>
   </div>
   <div class='ocr_carea' id='block_1_11' title="bbox 534 1287 2086 1360">
    <p class='ocr_par' dir='ltr' id='par_1_11' title="bbox 534 1287 2086 1360">
     <span class='ocr_line' id='line_1_11' title="bbox 534 1287 2086 1360; baseline 0.003 -20"><span class='ocrx_word' id='word_1_72' title='bbox 534 1287 876 1350; x_wconf 76' lang='lat' dir='ltr'><strong>dixitcanon,</strong></span> <span class='ocrx_word' id='word_1_73' title='bbox 911 1289 1016 1342; x_wconf 82' lang='lat' dir='ltr'><strong>no’n</strong></span> <span class='ocrx_word' id='word_1_74' title='bbox 1035 1289 1228 1342; x_wconf 86' lang='lat' dir='ltr'><strong>debere</strong></span> <span class='ocrx_word' id='word_1_75' title='bbox 1264 1293 1363 1344; x_wconf 91' lang='lat' dir='ltr'><strong>hoc</strong></span> <span class='ocrx_word' id='word_1_76' title='bbox 1397 1291 1509 1344; x_wconf 78' lang='lat' dir='ltr'><strong>fieri</strong></span> <span class='ocrx_word' id='word_1_77' title='bbox 1536 1292 1693 1344; x_wconf 84' lang='lat' dir='ltr'><strong>etiam</strong></span> <span class='ocrx_word' id='word_1_78' title='bbox 1721 1293 1772 1346; x_wconf 91' lang='lat' dir='ltr'><strong>in</strong></span> <span class='ocrx_word' id='word_1_79' title='bbox 1803 1295 2086 1360; x_wconf 83' lang='lat' dir='ltr'><strong>episc0po-</strong></span> 
     </span>
    </p>
   </div>
   <div class='ocr_carea' id='block_1_12' title="bbox 537 1377 2075 1449">
    <p class='ocr_par' dir='ltr' id='par_1_12' title="bbox 537 1377 2075 1449">
     <span class='ocr_line' id='line_1_12' title="bbox 537 1377 2075 1449; baseline 0.003 -19"><span class='ocrx_word' id='word_1_80' title='bbox 537 1392 650 1432; x_wconf 87' lang='lat' dir='ltr'><strong>rum</strong></span> <span class='ocrx_word' id='word_1_81' title='bbox 679 1377 760 1430; x_wconf 80' lang='lat' dir='ltr'><strong>vel</strong></span> <span class='ocrx_word' id='word_1_82' title='bbox 795 1378 1109 1432; x_wconf 83' lang='lat' dir='ltr'><strong>clericorum</strong></span> <span class='ocrx_word' id='word_1_83' title='bbox 1141 1379 1277 1434; x_wconf 83' lang='lat' dir='ltr'><strong>ﬁlios</strong></span> <span class='ocrx_word' id='word_1_84' title='bbox 1314 1397 1327 1432; x_wconf 91' lang='lat'><strong>:</strong></span> <span class='ocrx_word' id='word_1_85' title='bbox 1362 1395 1428 1435; x_wconf 90' lang='lat' dir='ltr'><strong>ne</strong></span> <span class='ocrx_word' id='word_1_86' title='bbox 1484 1381 1716 1449; x_wconf 80' lang='lat' dir='ltr'><strong>episcopi</strong></span> <span class='ocrx_word' id='word_1_87' title='bbox 1766 1382 1845 1434; x_wconf 81' lang='lat' dir='ltr'><strong>vel</strong></span> <span class='ocrx_word' id='word_1_88' title='bbox 1893 1383 2075 1436; x_wconf 88' lang='lat' dir='ltr'><strong>clerici</strong></span> 
     </span>
    </p>
   </div>
   <div class='ocr_carea' id='block_1_13' title="bbox 537 1466 2086 1540">
    <p class='ocr_par' dir='ltr' id='par_1_13' title="bbox 537 1466 2086 1540">
     <span class='ocr_line' id='line_1_13' title="bbox 537 1466 2086 1540; baseline 0.006 -24"><span class='ocrx_word' id='word_1_89' title='bbox 537 1466 729 1532; x_wconf 81' lang='lat' dir='ltr'><strong>injuria</strong></span> <span class='ocrx_word' id='word_1_90' title='bbox 761 1467 1062 1523; x_wconf 83' lang='lat' dir='ltr'><strong>alliciantur</strong></span> <span class='ocrx_word' id='word_1_91' title='bbox 1102 1485 1166 1523; x_wconf 79' lang='lat' dir='ltr'><strong>ex</strong></span> <span class='ocrx_word' id='word_1_92' title='bbox 1187 1485 1271 1531; x_wconf 86' lang='lat' dir='ltr'><strong>eo,</strong></span> <span class='ocrx_word' id='word_1_93' title='bbox 1299 1471 1440 1538; x_wconf 87' lang='lat' dir='ltr'><strong>quod</strong></span> <span class='ocrx_word' id='word_1_94' title='bbox 1484 1472 1718 1537; x_wconf 89' lang='lat' dir='ltr'><strong>ipsorum</strong></span> <span class='ocrx_word' id='word_1_95' title='bbox 1744 1472 1833 1524; x_wconf 79' lang='lat' dir='ltr'><strong>lilii</strong></span> <span class='ocrx_word' id='word_1_96' title='bbox 1871 1482 2086 1540; x_wconf 86' lang='lat' dir='ltr'><strong>propter</strong></span> 
     </span>
    </p>
   </div>
   <div class='ocr_carea' id='block_1_14' title="bbox 532 1558 2076 1627">
    <p class='ocr_par' dir='ltr' id='par_1_14' title="bbox 532 1558 2076 1627">
     <span class='ocr_line' id='line_1_14' title="bbox 532 1558 2076 1627; baseline 0.006 -19"><span class='ocrx_word' id='word_1_97' title='bbox 532 1570 718 1609; x_wconf 87' lang='lat' dir='ltr'><strong>eorum</strong></span> <span class='ocrx_word' id='word_1_98' title='bbox 776 1558 1083 1625; x_wconf 75' lang='lat' dir='ltr'><strong>patientiam</strong></span> <span class='ocrx_word' id='word_1_99' title='bbox 1141 1558 1355 1627; x_wconf 77' lang='lat' dir='ltr'><strong>profuse</strong></span> <span class='ocrx_word' id='word_1_100' title='bbox 1411 1575 1474 1615; x_wconf 86' lang='lat' dir='ltr'><strong>ac</strong></span> <span class='ocrx_word' id='word_1_101' title='bbox 1549 1562 1819 1618; x_wconf 78' lang='lat' dir='ltr'><strong>luxuriose</strong></span> <span class='ocrx_word' id='word_1_102' title='bbox 1875 1564 2076 1618; x_wconf 85' lang='lat' dir='ltr'><strong>vivant.</strong></span> 
     </span>
    </p>
   </div>
   <div class='ocr_carea' id='block_1_15' title="bbox 537 1644 2088 1718">
    <p class='ocr_par' dir='ltr' id='par_1_15' title="bbox 537 1644 2088 1718">
     <span class='ocr_line' id='line_1_15' title="bbox 537 1644 2088 1718; baseline 0.006 -22"><span class='ocrx_word' id='word_1_103' title='bbox 537 1644 734 1714; x_wconf 77' lang='lat' dir='ltr'><strong>Excipe</strong></span> <span class='ocrx_word' id='word_1_104' title='bbox 808 1649 936 1702; x_wconf 87' lang='lat' dir='ltr'><strong>mihi</strong></span> <span class='ocrx_word' id='word_1_105' title='bbox 1008 1650 1382 1718; x_wconf 87' lang='lat' dir='ltr'><strong>episcoporum</strong></span> <span class='ocrx_word' id='word_1_106' title='bbox 1442 1660 1496 1704; x_wconf 88' lang='lat' dir='ltr'><strong>et</strong></span> <span class='ocrx_word' id='word_1_107' title='bbox 1561 1652 1878 1706; x_wconf 76' lang='lat' dir='ltr'><strong>clericorum</strong></span> <span class='ocrx_word' id='word_1_108' title='bbox 1939 1654 2088 1706; x_wconf 83' lang='lat' dir='ltr'><strong>&#39;ﬁlios</strong></span> 
     </span>
    </p>
   </div>
   <div class='ocr_carea' id='block_1_16' title="bbox 533 1735 2088 1806">
    <p class='ocr_par' dir='ltr' id='par_1_16' title="bbox 533 1735 2088 1806">
     <span class='ocr_line' id='line_1_16' title="bbox 533 1735 2088 1806; baseline 0.003 -17"><span class='ocrx_word' id='word_1_109' title='bbox 533 1735 736 1806; x_wconf 69' lang='lat' dir='ltr'><strong>Magnae</strong></span> <span class='ocrx_word' id='word_1_110' title='bbox 800 1739 1049 1793; x_wconf 67' lang='lat' dir='ltr'><strong>Ecclesiae</strong></span> <span class='ocrx_word' id='word_1_111' title='bbox 1097 1741 1284 1795; x_wconf 84' lang='lat' dir='ltr'><strong>nliiciis</strong></span> <span class='ocrx_word' id='word_1_112' title='bbox 1338 1743 1648 1797; x_wconf 83' lang='lat' dir='ltr'><strong>honoratos.</strong></span> <span class='ocrx_word' id='word_1_113' title='bbox 1707 1742 1769 1795; x_wconf 88' lang='lat' dir='ltr'><strong>lii</strong></span> <span class='ocrx_word' id='word_1_114' title='bbox 1829 1746 1970 1796; x_wconf 82' lang='lat' dir='ltr'><strong>enim</strong></span> <span class='ocrx_word' id='word_1_115' title='bbox 2027 1759 2088 1797; x_wconf 86' lang='lat' dir='ltr'><strong>eo</strong></span> 
     </span>
    </p>
   </div>
   <div class='ocr_carea' id='block_1_17' title="bbox 533 1827 2088 1900">
    <p class='ocr_par' dir='ltr' id='par_1_17' title="bbox 533 1827 2088 1900">
     <span class='ocr_line' id='line_1_17' title="bbox 533 1827 2088 1900; baseline 0.006 -22"><span class='ocrx_word' id='word_1_116' title='bbox 533 1827 650 1889; x_wconf 73' lang='lat' dir='ltr'><strong>ipso</strong></span> <span class='ocrx_word' id='word_1_117' title='bbox 676 1827 805 1881; x_wconf 76' lang='lat' dir='ltr'><strong>fiunt</strong></span> <span class='ocrx_word' id='word_1_118' title='bbox 831 1830 910 1882; x_wconf 87' lang='lat' dir='ltr'><strong>sui</strong></span> <span class='ocrx_word' id='word_1_119' title='bbox 937 1829 1073 1898; x_wconf 84' lang='lat' dir='ltr'><strong>juris</strong></span> <span class='ocrx_word' id='word_1_120' title='bbox 1106 1831 1276 1900; x_wconf 79' lang='lat' dir='ltr'><strong>legum</strong></span> <span class='ocrx_word' id='word_1_121' title='bbox 1335 1834 1650 1885; x_wconf 82' lang='lat' dir='ltr'><strong>auctoritate</strong></span> <span class='ocrx_word' id='word_1_122' title='bbox 1695 1851 1709 1886; x_wconf 90' lang='lat'><strong>:</strong></span> <span class='ocrx_word' id='word_1_123' title='bbox 1746 1846 1843 1886; x_wconf 89' lang='lat' dir='ltr'><strong>nec</strong></span> <span class='ocrx_word' id='word_1_124' title='bbox 1867 1833 2088 1887; x_wconf 75' lang='lat' dir='ltr'><strong>reddent</strong></span> 
     </span>
    </p>
   </div>
   <div class='ocr_carea' id='block_1_18' title="bbox 536 1919 2086 1991">
    <p class='ocr_par' dir='ltr' id='par_1_18' title="bbox 536 1919 2086 1991">
     <span class='ocr_line' id='line_1_18' title="bbox 536 1919 2086 1991; baseline 0.006 -23"><span class='ocrx_word' id='word_1_125' title='bbox 536 1927 711 1978; x_wconf 81' lang='lat' dir='ltr'><strong>patres</strong></span> <span class='ocrx_word' id='word_1_126' title='bbox 743 1919 1005 1973; x_wconf 83' lang='lat' dir='ltr'><strong>rationem</strong></span> <span class='ocrx_word' id='word_1_127' title='bbox 1037 1936 1220 1974; x_wconf 83' lang='lat' dir='ltr'><strong>eorum</strong></span> <span class='ocrx_word' id='word_1_128' title='bbox 1259 1938 1376 1990; x_wconf 75' lang='lat' dir='ltr'><strong>qum</strong></span> <span class='ocrx_word' id='word_1_129' title='bbox 1412 1924 1509 1991; x_wconf 86' lang='lat' dir='ltr'><strong>ipsi</strong></span> <span class='ocrx_word' id='word_1_130' title='bbox 1548 1923 1684 1975; x_wconf 74' lang='lat' dir='ltr'><strong>forte</strong></span> <span class='ocrx_word' id='word_1_131' title='bbox 1727 1926 2086 1988; x_wconf 76' lang='lat' dir='ltr'><strong>peccaverint.</strong></span> 
     </span>
    </p>
   </div>
   <div class='ocr_carea' id='block_1_19' title="bbox 533 2006 2089 2082">
    <p class='ocr_par' dir='ltr' id='par_1_19' title="bbox 533 2006 2089 2082">
     <span class='ocr_line' id='line_1_19' title="bbox 533 2006 2089 2082; baseline 0.005 -24"><span class='ocrx_word' id='word_1_132' title='bbox 533 2006 674 2076; x_wconf 58' lang='lat' dir='ltr'><strong>Euge</strong></span> <span class='ocrx_word' id='word_1_133' title='bbox 703 2020 753 2061; x_wconf 83' lang='lat' dir='ltr'><strong>et</strong></span> <span class='ocrx_word' id='word_1_134' title='bbox 787 2025 1044 2064; x_wconf 86' lang='lat' dir='ltr'><strong>canonem</strong></span> <span class='ocrx_word' id='word_1_135' title='bbox 1084 2013 1148 2065; x_wconf 79' lang='lat' dir='ltr'><strong>i8</strong></span> <span class='ocrx_word' id='word_1_136' title='bbox 1177 2015 1362 2079; x_wconf 64' lang='lat' dir='ltr'><strong>prima:</strong></span> <span class='ocrx_word' id='word_1_137' title='bbox 1410 2015 1597 2082; x_wconf 72' lang='lat' dir='ltr'><strong>synodi</strong></span> <span class='ocrx_word' id='word_1_138' title='bbox 1647 2022 1700 2066; x_wconf 89' lang='lat' dir='ltr'><strong>et</strong></span> <span class='ocrx_word' id='word_1_139' title='bbox 1757 2015 1871 2082; x_wconf 85' lang='lat' dir='ltr'><strong>ejus</strong></span> <span class='ocrx_word' id='word_1_140' title='bbox 1923 2016 2089 2066; x_wconf 88' lang='lat' dir='ltr'><strong>inter-</strong></span> 
     </span>
    </p>
   </div>
   <div class='ocr_carea' id='block_1_20' title="bbox 531 2099 2086 2174">
    <p class='ocr_par' dir='ltr' id='par_1_20' title="bbox 531 2099 2086 2174">
     <span class='ocr_line' id='line_1_20' title="bbox 531 2099 2086 2174; baseline 0.006 -28"><span class='ocrx_word' id='word_1_141' title='bbox 531 2099 914 2163; x_wconf 86' lang='lat' dir='ltr'><strong>pretationem;</strong></span> <span class='ocrx_word' id='word_1_142' title='bbox 948 2111 999 2152; x_wconf 88' lang='lat' dir='ltr'><strong>et</strong></span> <span class='ocrx_word' id='word_1_143' title='bbox 1026 2116 1283 2156; x_wconf 82' lang='lat' dir='ltr'><strong>canonent</strong></span> <span class='ocrx_word' id='word_1_144' title='bbox 1319 2104 1349 2155; x_wconf 91' lang='grc'><strong>7</strong></span> <span class='ocrx_word' id='word_1_145' title='bbox 1592 2104 1776 2172; x_wconf 81' lang='lat' dir='ltr'><strong>synodi</strong></span> <span class='ocrx_word' id='word_1_146' title='bbox 1823 2104 1872 2155; x_wconf 93' lang='lat' dir='ltr'><strong>in</strong></span> <span class='ocrx_word' id='word_1_147' title='bbox 1902 2103 2086 2156; x_wconf 88' lang='lat' dir='ltr'><strong>Trullo</strong></span> 
     </span>
    </p>
   </div>
   <div class='ocr_carea' id='block_1_21' title="bbox 532 2185 2088 2254">
    <p class='ocr_par' dir='ltr' id='par_1_21' title="bbox 532 2185 2088 2254">
     <span class='ocr_line' id='line_1_21' title="bbox 532 2185 2088 2254; baseline 0.008 -19"><span class='ocrx_word' id='word_1_148' title='bbox 532 2194 587 2236; x_wconf 80' lang='lat' dir='ltr'><strong>et</strong></span> <span class='ocrx_word' id='word_1_149' title='bbox 637 2185 753 2254; x_wconf 83' lang='lat' dir='ltr'><strong>ejus</strong></span> <span class='ocrx_word' id='word_1_150' title='bbox 801 2187 1315 2254; x_wconf 78' lang='lat' dir='ltr'><strong>interpretationem,</strong></span> <span class='ocrx_word' id='word_1_151' title='bbox 1387 2202 1440 2245; x_wconf 86' lang='lat' dir='ltr'><strong>et</strong></span> <span class='ocrx_word' id='word_1_152' title='bbox 1496 2193 1938 2246; x_wconf 79' lang='lat' dir='ltr'><strong>commentarium</strong></span> <span class='ocrx_word' id='word_1_153' title='bbox 2021 2193 2088 2247; x_wconf 77' lang='grc'><strong>56</strong></span> 
     </span>
    </p>
   </div>
   <div class='ocr_carea' id='block_1_22' title="bbox 534 2275 2093 2344">
    <p class='ocr_par' dir='ltr' id='par_1_22' title="bbox 534 2275 2093 2344">
     <span class='ocr_line' id='line_1_22' title="bbox 534 2275 2093 2344; baseline 0.006 -19"><span class='ocrx_word' id='word_1_154' title='bbox 534 2289 650 2339; x_wconf 85' lang='lat' dir='ltr'><strong>cap.</strong></span> <span class='ocrx_word' id='word_1_155' title='bbox 685 2275 840 2342; x_wconf 88' lang='lat' dir='ltr'><strong>primi</strong></span> <span class='ocrx_word' id='word_1_156' title='bbox 878 2277 958 2328; x_wconf 89' lang='lat' dir='ltr'><strong>tit.</strong></span> <span class='ocrx_word' id='word_1_157' title='bbox 989 2278 1266 2344; x_wconf 72' lang='lat' dir='ltr'><strong>praesentis</strong></span> <span class='ocrx_word' id='word_1_158' title='bbox 1292 2280 1488 2344; x_wconf 73' lang='lat' dir='ltr'><strong>operis.</strong></span> <span class='ocrx_word' id='word_1_159' title='bbox 1527 2280 1580 2331; x_wconf 88' lang='lat' dir='ltr'><strong>In</strong></span> <span class='ocrx_word' id='word_1_160' title='bbox 1613 2281 1692 2334; x_wconf 84' lang='lat' dir='ltr'><strong>his</strong></span> <span class='ocrx_word' id='word_1_161' title='bbox 1727 2283 1868 2334; x_wconf 90' lang='lat' dir='ltr'><strong>enim</strong></span> <span class='ocrx_word' id='word_1_162' title='bbox 1920 2283 2093 2336; x_wconf 82' lang='lat' dir='ltr'><strong>fusius</strong></span> 
     </span>
    </p>
   </div>
   <div class='ocr_carea' id='block_1_23' title="bbox 535 2366 2090 2439">
    <p class='ocr_par' dir='ltr' id='par_1_23' title="bbox 535 2366 2090 2439">
     <span class='ocr_line' id='line_1_23' title="bbox 535 2366 2090 2439; baseline 0.008 -27"><span class='ocrx_word' id='word_1_163' title='bbox 535 2371 816 2417; x_wconf 82' lang='lat' dir='ltr'><strong>tractatum</strong></span> <span class='ocrx_word' id='word_1_164' title='bbox 841 2375 944 2430; x_wconf 85' lang='lat' dir='ltr'><strong>est,</strong></span> <span class='ocrx_word' id='word_1_165' title='bbox 963 2367 1102 2434; x_wconf 87' lang='lat' dir='ltr'><strong>quod</strong></span> <span class='ocrx_word' id='word_1_166' title='bbox 1135 2366 1337 2436; x_wconf 69' lang='lat' dir='ltr'><strong>Magum</strong></span> <span class='ocrx_word' id='word_1_167' title='bbox 1359 2369 1609 2424; x_wconf 75' lang='lat' dir='ltr'><strong>Ecclesia:</strong></span> <span class='ocrx_word' id='word_1_168' title='bbox 1631 2371 1970 2439; x_wconf 73' lang='lat' dir='ltr'><strong>magisuatus</strong></span> <span class='ocrx_word' id='word_1_169' title='bbox 1998 2388 2090 2426; x_wconf 72' lang='lat' dir='ltr'><strong>seu</strong></span> 
     </span>
    </p>
   </div>
   <div class='ocr_carea' id='block_1_24' title="bbox 533 2453 2090 2534">
    <p class='ocr_par' dir='ltr' id='par_1_24' title="bbox 533 2453 2090 2534">
     <span class='ocr_line' id='line_1_24' title="bbox 533 2453 2090 2534; baseline 0.008 -30"><span class='ocrx_word' id='word_1_170' title='bbox 533 2453 805 2520; x_wconf 77' lang='lat' dir='ltr'><strong>oliiciales,</strong></span> <span class='ocrx_word' id='word_1_171' title='bbox 843 2467 1023 2527; x_wconf 87' lang='lat' dir='ltr'><strong>utp0Ie</strong></span> <span class='ocrx_word' id='word_1_172' title='bbox 1082 2461 1341 2529; x_wconf 73' lang='lat' dir='ltr'><strong>dignitate</strong></span> <span class='ocrx_word' id='word_1_173' title='bbox 1389 2465 1815 2533; x_wconf 81' lang='lat' dir='ltr'><strong>auctoritateque</strong></span> <span class='ocrx_word' id='word_1_174' title='bbox 1861 2467 2090 2534; x_wconf 60' lang='lat' dir='ltr'><strong>praediti,</strong></span> 
     </span>
    </p>
   </div>
   <div class='ocr_carea' id='block_1_25' title="bbox 534 2548 2088 2620">
    <p class='ocr_par' dir='ltr' id='par_1_25' title="bbox 534 2548 2088 2620">
     <span class='ocr_line' id='line_1_25' title="bbox 534 2548 2088 2620; baseline 0.006 -21"><span class='ocrx_word' id='word_1_175' title='bbox 534 2563 600 2599; x_wconf 84' lang='lat' dir='ltr'><strong>eo</strong></span> <span class='ocrx_word' id='word_1_176' title='bbox 625 2548 736 2615; x_wconf 86' lang='lat' dir='ltr'><strong>ipso</strong></span> <span class='ocrx_word' id='word_1_177' title='bbox 763 2564 790 2600; x_wconf 88' lang='lat' dir='ltr'><strong>a</strong></span> <span class='ocrx_word' id='word_1_178' title='bbox 821 2551 988 2618; x_wconf 87' lang='lat' dir='ltr'><strong>patria</strong></span> <span class='ocrx_word' id='word_1_179' title='bbox 1011 2562 1276 2620; x_wconf 80' lang='lat' dir='ltr'><strong>potestate</strong></span> <span class='ocrx_word' id='word_1_180' title='bbox 1305 2555 1618 2611; x_wconf 75' lang='lat' dir='ltr'><strong>liberantur.</strong></span> <span class='ocrx_word' id='word_1_181' title='bbox 1649 2557 1887 2611; x_wconf 78' lang='lat' dir='ltr'><strong>Reddere</strong></span> <span class='ocrx_word' id='word_1_182' title='bbox 1915 2568 2088 2613; x_wconf 85' lang='lat' dir='ltr'><strong>autem</strong></span> 
     </span>
    </p>
   </div>
   <div class='ocr_carea' id='block_1_26' title="bbox 537 2643 2097 2716">
    <p class='ocr_par' dir='ltr' id='par_1_26' title="bbox 537 2643 2097 2716">
     <span class='ocr_line' id='line_1_26' title="bbox 537 2643 2097 2716; baseline 0.009 -28"><span class='ocrx_word' id='word_1_183' title='bbox 537 2650 712 2704; x_wconf 78' lang='lat' dir='ltr'><strong>patres</strong></span> <span class='ocrx_word' id='word_1_184' title='bbox 734 2643 993 2694; x_wconf 80' lang='lat' dir='ltr'><strong>rationem</strong></span> <span class='ocrx_word' id='word_1_185' title='bbox 1024 2644 1099 2697; x_wconf 81' lang='lat' dir='ltr'><strong>de</strong></span> <span class='ocrx_word' id='word_1_186' title='bbox 1135 2646 1369 2710; x_wconf 88' lang='lat' dir='ltr'><strong>peccatis</strong></span> <span class='ocrx_word' id='word_1_187' title='bbox 1419 2646 1667 2710; x_wconf 82' lang='lat' dir='ltr'><strong>ﬁliorum,</strong></span> <span class='ocrx_word' id='word_1_188' title='bbox 1701 2650 1791 2716; x_wconf 88' lang='lat' dir='ltr'><strong>qui</strong></span> <span class='ocrx_word' id='word_1_189' title='bbox 1827 2665 1931 2702; x_wconf 87' lang='lat' dir='ltr'><strong>non</strong></span> <span class='ocrx_word' id='word_1_190' title='bbox 1970 2658 2097 2703; x_wconf 90' lang='lat' dir='ltr'><strong>sunt</strong></span> 
     </span>
    </p>
   </div>
   <div class='ocr_carea' id='block_1_27' title="bbox 535 2727 2098 2803">
    <p class='ocr_par' dir='ltr' id='par_1_27' title="bbox 535 2727 2098 2803">
     <span class='ocr_line' id='line_1_27' title="bbox 535 2727 2098 2803; baseline 0.006 -23"><span class='ocrx_word' id='word_1_191' title='bbox 535 2728 618 2780; x_wconf 73' lang='lat' dir='ltr'><strong>sui</strong></span> <span class='ocrx_word' id='word_1_192' title='bbox 650 2727 786 2793; x_wconf 81' lang='lat' dir='ltr'><strong>juris</strong></span> <span class='ocrx_word' id='word_1_193' title='bbox 814 2733 1109 2784; x_wconf 73' lang='lat' dir='ltr'><strong>secundum</strong></span> <span class='ocrx_word' id='word_1_194' title='bbox 1139 2748 1422 2796; x_wconf 75' lang='lat' dir='ltr'><strong>eanoneui,</strong></span> <span class='ocrx_word' id='word_1_195' title='bbox 1456 2746 1716 2803; x_wconf 87' lang='lat' dir='ltr'><strong>quantum</strong></span> <span class='ocrx_word' id='word_1_196' title='bbox 1745 2738 1812 2789; x_wconf 86' lang='lat' dir='ltr'><strong>ad</strong></span> <span class='ocrx_word' id='word_1_197' title='bbox 1853 2737 2016 2791; x_wconf 86' lang='lat' dir='ltr'><strong>Deum</strong></span> <span class='ocrx_word' id='word_1_198' title='bbox 2045 2747 2098 2790; x_wconf 86' lang='lat' dir='ltr'><strong>et</strong></span> 
     </span>
    </p>
   </div>
   <div class='ocr_carea' id='block_1_28' title="bbox 535 2817 2098 2895">
    <p class='ocr_par' dir='ltr' id='par_1_28' title="bbox 535 2817 2098 2895">
     <span class='ocr_line' id='line_1_28' title="bbox 535 2817 2098 2895; baseline 0.009 -29"><span class='ocrx_word' id='word_1_199' title='bbox 535 2817 600 2867; x_wconf 85' lang='lat' dir='ltr'><strong>ad</strong></span> <span class='ocrx_word' id='word_1_200' title='bbox 660 2819 853 2873; x_wconf 65' lang='lat' dir='ltr'><strong>animm</strong></span> <span class='ocrx_word' id='word_1_201' title='bbox 897 2823 1396 2876; x_wconf 72' lang='lat' dir='ltr'><strong>condemnationem</strong></span> <span class='ocrx_word' id='word_1_202' title='bbox 1456 2826 1662 2892; x_wconf 83' lang='lat' dir='ltr'><strong>accipe.</strong></span> <span class='ocrx_word' id='word_1_203' title='bbox 1726 2827 1800 2879; x_wconf 77' lang='lat' dir='ltr'><strong>Ex</strong></span> <span class='ocrx_word' id='word_1_204' title='bbox 1859 2827 2098 2895; x_wconf 82' lang='lat' dir='ltr'><strong>peccatis</strong></span> 
     </span>
    </p>
   </div>
   <div class='ocr_carea' id='block_1_29' title="bbox 534 2907 2095 2980">
    <p class='ocr_par' dir='ltr' id='par_1_29' title="bbox 534 2907 2095 2980">
     <span class='ocr_line' id='line_1_29' title="bbox 534 2907 2095 2980; baseline 0.004 -22"><span class='ocrx_word' id='word_1_205' title='bbox 534 2907 676 2958; x_wconf 89' lang='lat' dir='ltr'><strong>enim</strong></span> <span class='ocrx_word' id='word_1_206' title='bbox 708 2908 954 2971; x_wconf 75' lang='lat' dir='ltr'><strong>filiorum,</strong></span> <span class='ocrx_word' id='word_1_207' title='bbox 989 2919 1096 2960; x_wconf 78' lang='lat' dir='ltr'><strong>tam</strong></span> <span class='ocrx_word' id='word_1_208' title='bbox 1131 2925 1315 2964; x_wconf 88' lang='lat' dir='ltr'><strong>eorum</strong></span> <span class='ocrx_word' id='word_1_209' title='bbox 1351 2912 1439 2978; x_wconf 88' lang='lat' dir='ltr'><strong>qui</strong></span> <span class='ocrx_word' id='word_1_210' title='bbox 1477 2923 1624 2974; x_wconf 76' lang='lat' dir='ltr'><strong>sunt,</strong></span> <span class='ocrx_word' id='word_1_211' title='bbox 1673 2927 1833 2980; x_wconf 86' lang='lat' dir='ltr'><strong>quam</strong></span> <span class='ocrx_word' id='word_1_212' title='bbox 1867 2913 1954 2980; x_wconf 86' lang='lat' dir='ltr'><strong>qui</strong></span> <span class='ocrx_word' id='word_1_213' title='bbox 1993 2929 2095 2966; x_wconf 93' lang='lat' dir='ltr'><strong>non</strong></span> 
     </span>
    </p>
   </div>
   <div class='ocr_carea' id='block_1_30' title="bbox 537 2997 2099 3067">
    <p class='ocr_par' dir='ltr' id='par_1_30' title="bbox 537 2997 2099 3067">
     <span class='ocr_line' id='line_1_30' title="bbox 537 2997 2099 3067; baseline 0.008 -22"><span class='ocrx_word' id='word_1_214' title='bbox 537 3005 661 3048; x_wconf 80' lang='lat' dir='ltr'><strong>sunt</strong></span> <span class='ocrx_word' id='word_1_215' title='bbox 693 2997 744 3048; x_wconf 93' lang='lat' dir='ltr'><strong>iu</strong></span> <span class='ocrx_word' id='word_1_216' title='bbox 779 3007 1065 3062; x_wconf 78' lang='lat' dir='ltr'><strong>potestate,</strong></span> <span class='ocrx_word' id='word_1_217' title='bbox 1102 3009 1284 3067; x_wconf 86' lang='lat' dir='ltr'><strong>patres</strong></span> <span class='ocrx_word' id='word_1_218' title='bbox 1331 3000 1474 3052; x_wconf 88' lang='lat' dir='ltr'><strong>nullo</strong></span> <span class='ocrx_word' id='word_1_219' title='bbox 1517 3001 1677 3055; x_wconf 90' lang='lat' dir='ltr'><strong>modo</strong></span> <span class='ocrx_word' id='word_1_220' title='bbox 1703 3009 1967 3066; x_wconf 87' lang='lat' dir='ltr'><strong>tenentur,</strong></span> <span class='ocrx_word' id='word_1_221' title='bbox 2003 3017 2099 3057; x_wconf 80' lang='lat' dir='ltr'><strong>nec</strong></span> 
     </span>
    </p>
   </div>
   <div class='ocr_carea' id='block_1_31' title="bbox 537 3085 2097 3161">
    <p class='ocr_par' dir='ltr' id='par_1_31' title="bbox 537 3085 2097 3161">
     <span class='ocr_line' id='line_1_31' title="bbox 537 3085 2097 3161; baseline 0.006 -25"><span class='ocrx_word' id='word_1_222' title='bbox 537 3085 846 3149; x_wconf 84' lang='lat' dir='ltr'><strong>puniuntur.</strong></span> <span class='ocrx_word' id='word_1_223' title='bbox 868 3088 1088 3142; x_wconf 64' lang='lat' dir='ltr'><strong>Pet-cata</strong></span> <span class='ocrx_word' id='word_1_224' title='bbox 1108 3091 1271 3152; x_wconf 86' lang='lat' dir='ltr'><strong>enim,</strong></span> <span class='ocrx_word' id='word_1_225' title='bbox 1295 3091 1464 3157; x_wconf 83' lang='lat' dir='ltr'><strong>inquit</strong></span> <span class='ocrx_word' id='word_1_226' title='bbox 1484 3092 1588 3155; x_wconf 82' lang='lat' dir='ltr'><strong>lex,</strong></span> <span class='ocrx_word' id='word_1_227' title='bbox 1607 3101 1762 3158; x_wconf 90' lang='lat' dir='ltr'><strong>caput</strong></span> <span class='ocrx_word' id='word_1_228' title='bbox 1780 3104 2097 3161; x_wconf 82' lang='lat' dir='ltr'><strong>sequuntur.</strong></span> 
     </span>
    </p>
   </div>
   <div class='ocr_carea' id='block_1_32' title="bbox 1773 363 2491 426">
    <p class='ocr_par' dir='ltr' id='par_1_32' title="bbox 1773 363 2491 426">
     <span class='ocr_line' id='line_1_32' title="bbox 1773 363 2491 426; baseline 0.004 -3"><span class='ocrx_word' id='word_1_229' title='bbox 1773 364 1870 423; x_wconf 76' lang='grc' dir='ltr'><strong>ΤΗ</strong></span> <span class='ocrx_word' id='word_1_230' title='bbox 1885 363 2053 424; x_wconf 84' lang='lat' dir='ltr'><strong>EOD.</strong></span> <span class='ocrx_word' id='word_1_231' title='bbox 2090 364 2491 426; x_wconf 66' lang='lat' dir='ltr'><strong>BALSAMON</strong></span> 
     </span>
    </p>
   </div>
   <div class='ocr_carea' id='block_1_33' title="bbox 1431 472 2089 550">
    <p class='ocr_par' dir='ltr' id='par_1_33' title="bbox 1431 480 2081 548">
     <span class='ocr_line' id='line_1_33' title="bbox 1431 480 2081 548; baseline -0.002 -16"><span class='ocrx_word' id='word_1_232' title='bbox 1431 497 1444 532; x_wconf 90' lang='lat'><strong>:</strong></span> <span class='ocrx_word' id='word_1_233' title='bbox 1502 496 1598 532; x_wconf 85' lang='lat' dir='ltr'><strong>ucc</strong></span> <span class='ocrx_word' id='word_1_234' title='bbox 1650 480 1862 548; x_wconf 81' lang='lat' dir='ltr'><strong>quidem</strong></span> <span class='ocrx_word' id='word_1_235' title='bbox 1920 495 2081 534; x_wconf 84' lang='lat' dir='ltr'><strong>causa</strong></span> 
     </span>
    </p>
   </div>
   <div class='ocr_carea' id='block_1_34' title="bbox 2204 472 3755 550">
    <p class='ocr_par' dir='ltr' id='par_1_34' title="bbox 2204 472 3755 550">
     <span class='ocr_line' id='line_1_34' title="bbox 2204 472 3755 550; baseline -0.002 -21"><span class='ocrx_word' id='word_1_236' title='bbox 2204 483 2246 532; x_wconf 71' lang='grc' dir='ltr'><strong>,ὑ</strong></span> <span class='ocrx_word' id='word_1_237' title='bbox 2287 482 2391 550; x_wconf 80' lang='grc' dir='ltr'>μὴν</span> <span class='ocrx_word' id='word_1_238' title='bbox 2416 482 2566 546; x_wconf 80' lang='grc' dir='ltr'>παρὰ</span> <span class='ocrx_word' id='word_1_239' title='bbox 2600 479 2762 548; x_wconf 80' lang='grc' dir='ltr'>μόνου</span> <span class='ocrx_word' id='word_1_240' title='bbox 2791 475 2884 531; x_wconf 78' lang='grc' dir='ltr'>τοῦ</span> <span class='ocrx_word' id='word_1_241' title='bbox 2932 476 3104 544; x_wconf 81' lang='grc' dir='ltr'>πατρό</span> <span class='ocrx_word' id='word_1_242' title='bbox 3142 518 3155 531; x_wconf 94' lang='grc'><strong>.</strong></span> <span class='ocrx_word' id='word_1_243' title='bbox 3209 476 3316 531; x_wconf 74' lang='grc' dir='ltr'><strong>Καὶ</strong></span> <span class='ocrx_word' id='word_1_244' title='bbox 3360 472 3631 541; x_wconf 74' lang='grc' dir='ltr'>ἀνάγνωθί</span> <span class='ocrx_word' id='word_1_245' title='bbox 3687 475 3755 527; x_wconf 78' lang='grc' dir='ltr'>τὸ</span> 
     </span>
    </p>
   </div>
   <div class='ocr_carea' id='block_1_35' title="bbox 3647 357 3757 422">
    <p class='ocr_par' dir='ltr' id='par_1_35' title="bbox 3647 357 3757 422">
     <span class='ocr_line' id='line_1_35' title="bbox 3647 357 3757 422; baseline -0.027 -1"><span class='ocrx_word' id='word_1_246' title='bbox 3647 357 3757 422; x_wconf 81' lang='lat'><strong>160</strong></span> 
     </span>
    </p>
   </div>
   <div class='ocr_carea' id='block_1_36' title="bbox 2190 565 3754 637">
    <p class='ocr_par' dir='ltr' id='par_1_36' title="bbox 2190 565 3754 637">
     <span class='ocr_line' id='line_1_36' title="bbox 2190 565 3754 637; baseline -0.003 -15"><span class='ocrx_word' id='word_1_247' title='bbox 2190 569 2237 637; x_wconf 84' lang='grc' dir='ltr'>γ’</span> <span class='ocrx_word' id='word_1_248' title='bbox 2269 588 2389 635; x_wconf 83' lang='grc' dir='ltr'>κεφ.</span> <span class='ocrx_word' id='word_1_249' title='bbox 2414 569 2506 622; x_wconf 74' lang='grc' dir='ltr'>τοῦ</span> <span class='ocrx_word' id='word_1_250' title='bbox 2529 575 2576 637; x_wconf 84' lang='grc' dir='ltr'>γ’</span> <span class='ocrx_word' id='word_1_251' title='bbox 2596 569 2774 622; x_wconf 89' lang='grc' dir='ltr'>τίτλου</span> <span class='ocrx_word' id='word_1_252' title='bbox 2798 571 2890 622; x_wconf 78' lang='grc' dir='ltr'><strong>τοῦ</strong></span> <span class='ocrx_word' id='word_1_253' title='bbox 2912 569 2994 622; x_wconf 74' lang='grc' dir='ltr'>λα’</span> <span class='ocrx_word' id='word_1_254' title='bbox 3013 568 3238 636; x_wconf 70' lang='grc' dir='ltr'>βιϐλίου,</span> <span class='ocrx_word' id='word_1_255' title='bbox 3271 568 3445 633; x_wconf 84' lang='grc' dir='ltr'>λέγον·</span> <span class='ocrx_word' id='word_1_256' title='bbox 3469 567 3541 618; x_wconf 85' lang='grc' dir='ltr'><strong>Οὐ</strong></span> <span class='ocrx_word' id='word_1_257' title='bbox 3566 565 3754 634; x_wconf 74' lang='grc' dir='ltr'>γυμνὴ</span> 
     </span>
    </p>
   </div>
   <div class='ocr_carea' id='block_1_37' title="bbox 2191 656 3754 729">
    <p class='ocr_par' dir='ltr' id='par_1_37' title="bbox 2191 656 3754 729">
     <span class='ocr_line' id='line_1_37' title="bbox 2191 656 3754 729; baseline -0.003 -17"><span class='ocrx_word' id='word_1_258' title='bbox 2191 661 2496 721; x_wconf 85' lang='grc' dir='ltr'>συναίνεσις</span> <span class='ocrx_word' id='word_1_259' title='bbox 2527 659 2620 712; x_wconf 82' lang='grc' dir='ltr'>τοῦ</span> <span class='ocrx_word' id='word_1_260' title='bbox 2646 660 2849 729; x_wconf 80' lang='grc' dir='ltr'>πατρὸς</span> <span class='ocrx_word' id='word_1_261' title='bbox 2879 659 3155 728; x_wconf 72' lang='grc' dir='ltr'>ἐλευθεροῖ</span> <span class='ocrx_word' id='word_1_262' title='bbox 3181 656 3754 727; x_wconf 70' lang='grc' dir='ltr'>τῆςύπεξουσιότητος</span> 
     </span>
    </p>
   </div>
   <div class='ocr_carea' id='block_1_38' title="bbox 2187 744 3752 818">
    <p class='ocr_par' dir='ltr' id='par_1_38' title="bbox 2187 744 3752 818">
     <span class='ocr_line' id='line_1_38' title="bbox 2187 744 3752 818; baseline -0.003 -17"><span class='ocrx_word' id='word_1_263' title='bbox 2187 750 2276 802; x_wconf 80' lang='grc' dir='ltr'>τὸν</span> <span class='ocrx_word' id='word_1_264' title='bbox 2303 750 2487 814; x_wconf 79' lang='grc' dir='ltr'>παῖδα,</span> <span class='ocrx_word' id='word_1_265' title='bbox 2524 749 2656 802; x_wconf 83' lang='grc' dir='ltr'><strong>ἀλλά</strong></span> <span class='ocrx_word' id='word_1_266' title='bbox 2712 749 2940 817; x_wconf 85' lang='grc' dir='ltr'>νόμιμος</span> <span class='ocrx_word' id='word_1_267' title='bbox 2973 748 3166 818; x_wconf 75' lang='grc' dir='ltr'>πρᾶξις</span> <span class='ocrx_word' id='word_1_268' title='bbox 3187 762 3202 779; x_wconf 86' lang='grc'><strong>·</strong></span> <span class='ocrx_word' id='word_1_269' title='bbox 3250 746 3370 801; x_wconf 79' lang='grc' dir='ltr'>οὐδὲ</span> <span class='ocrx_word' id='word_1_270' title='bbox 3409 746 3565 815; x_wconf 74' lang='grc' dir='ltr'><strong>μὴνή</strong></span> <span class='ocrx_word' id='word_1_271' title='bbox 3596 744 3752 797; x_wconf 85' lang='grc' dir='ltr'>αίτία</span> 
     </span>
    </p>
   </div>
   <div class='ocr_carea' id='block_1_39' title="bbox 2189 832 3753 909">
    <p class='ocr_par' dir='ltr' id='par_1_39' title="bbox 2189 832 3753 909">
     <span class='ocr_line' id='line_1_39' title="bbox 2189 832 3753 909; baseline -0.004 -19"><span class='ocrx_word' id='word_1_272' title='bbox 2189 838 2454 909; x_wconf 78' lang='grc' dir='ltr'><strong>ζητεῖται,</strong></span> <span class='ocrx_word' id='word_1_273' title='bbox 2486 838 2622 890; x_wconf 88' lang='grc' dir='ltr'><strong>ἀλλά</strong></span> <span class='ocrx_word' id='word_1_274' title='bbox 2654 841 2751 907; x_wconf 84' lang='grc' dir='ltr'>τῆς</span> <span class='ocrx_word' id='word_1_275' title='bbox 2782 838 3032 909; x_wconf 85' lang='grc' dir='ltr'>πράξεως</span> <span class='ocrx_word' id='word_1_276' title='bbox 3082 840 3114 906; x_wconf 84' lang='grc' dir='ltr'>ὴ</span> <span class='ocrx_word' id='word_1_277' title='bbox 3166 837 3440 905; x_wconf 79' lang='grc' dir='ltr'>ἀκρίϐεια.</span> <span class='ocrx_word' id='word_1_278' title='bbox 3483 833 3640 896; x_wconf 83' lang='grc' dir='ltr'><strong>Ἴσως</strong></span> <span class='ocrx_word' id='word_1_279' title='bbox 3692 832 3753 884; x_wconf 74' lang='grc' dir='ltr'>δὲ</span> 
     </span>
    </p>
   </div>
   <div class='ocr_carea' id='block_1_40' title="bbox 2189 920 3766 998">
    <p class='ocr_par' dir='ltr' id='par_1_40' title="bbox 2189 920 3766 998">
     <span class='ocr_line' id='line_1_40' title="bbox 2189 920 3766 998; baseline -0.002 -20"><span class='ocrx_word' id='word_1_280' title='bbox 2189 929 2317 998; x_wconf 76' lang='grc' dir='ltr'>εἴπῃ</span> <span class='ocrx_word' id='word_1_281' title='bbox 2336 946 2442 994; x_wconf 88' lang='grc' dir='ltr'>τις,</span> <span class='ocrx_word' id='word_1_282' title='bbox 2473 930 2562 984; x_wconf 74' lang='grc' dir='ltr'>τὸν</span> <span class='ocrx_word' id='word_1_283' title='bbox 2587 930 2829 998; x_wconf 81' lang='grc' dir='ltr'>παρόντα</span> <span class='ocrx_word' id='word_1_284' title='bbox 2887 929 3089 982; x_wconf 79' lang='grc' dir='ltr'><strong>κανόνα</strong></span> <span class='ocrx_word' id='word_1_285' title='bbox 3117 928 3467 997; x_wconf 74' lang='grc' dir='ltr'>διορθυπικδν</span> <span class='ocrx_word' id='word_1_286' title='bbox 3495 920 3631 978; x_wconf 77' lang='grc' dir='ltr'>εἶναι</span> <span class='ocrx_word' id='word_1_287' title='bbox 3652 922 3766 977; x_wconf 69' lang='grc' dir='ltr'>τοῦ</span> 
     </span>
    </p>
   </div>
   <div class='ocr_carea' id='block_1_41' title="bbox 2189 1013 3770 1090">
    <p class='ocr_par' dir='ltr' id='par_1_41' title="bbox 2189 1013 3770 1090">
     <span class='ocr_line' id='line_1_41' title="bbox 2189 1013 3770 1090; baseline -0.004 -18"><span class='ocrx_word' id='word_1_288' title='bbox 2189 1017 2227 1072; x_wconf 83' lang='grc' dir='ltr'>ε’</span> <span class='ocrx_word' id='word_1_289' title='bbox 2273 1036 2396 1088; x_wconf 82' lang='grc' dir='ltr'>κεφ.</span> <span class='ocrx_word' id='word_1_290' title='bbox 2435 1019 2529 1073; x_wconf 82' lang='grc' dir='ltr'><strong>τοῦ</strong></span> <span class='ocrx_word' id='word_1_291' title='bbox 2561 1020 2605 1090; x_wconf 84' lang='grc' dir='ltr'><strong>β’</strong></span> <span class='ocrx_word' id='word_1_292' title='bbox 2642 1021 2778 1074; x_wconf 85' lang='grc' dir='ltr'>τίτλ.</span> <span class='ocrx_word' id='word_1_293' title='bbox 2827 1018 2921 1072; x_wconf 79' lang='grc' dir='ltr'><strong>τοῦ</strong></span> <span class='ocrx_word' id='word_1_294' title='bbox 2962 1017 3041 1072; x_wconf 86' lang='grc' dir='ltr'>λα’</span> <span class='ocrx_word' id='word_1_295' title='bbox 3077 1019 3307 1088; x_wconf 78' lang='grc' dir='ltr'>βιδλίου,</span> <span class='ocrx_word' id='word_1_296' title='bbox 3347 1017 3631 1083; x_wconf 54' lang='grc' dir='ltr'>λόγοντορ</span> <span class='ocrx_word' id='word_1_297' title='bbox 3692 1013 3770 1066; x_wconf 82' lang='lat'><strong>&#39;0’</strong></span> 
     </span>
    </p>
   </div>
   <div class='ocr_carea' id='block_1_42' title="bbox 2189 1105 3755 1175">
    <p class='ocr_par' dir='ltr' id='par_1_42' title="bbox 2189 1105 3755 1175">
     <span class='ocr_line' id='line_1_42' title="bbox 2189 1105 3755 1175; baseline -0.007 -9"><span class='ocrx_word' id='word_1_298' title='bbox 2189 1112 2282 1166; x_wconf 71' lang='grc' dir='ltr'>τὶν</span> <span class='ocrx_word' id='word_1_299' title='bbox 2311 1111 2472 1164; x_wconf 86' lang='grc' dir='ltr'>παῖδα</span> <span class='ocrx_word' id='word_1_300' title='bbox 2498 1113 2590 1164; x_wconf 67' lang='grc' dir='ltr'><strong>ἰπὶ</strong></span> <span class='ocrx_word' id='word_1_301' title='bbox 2619 1111 2756 1164; x_wconf 79' lang='grc' dir='ltr'>πολὺ</span> <span class='ocrx_word' id='word_1_302' title='bbox 2785 1111 2952 1173; x_wconf 66' lang='grc' dir='ltr'>ἐάσας</span> <span class='ocrx_word' id='word_1_303' title='bbox 2979 1109 3048 1162; x_wconf 88' lang='grc' dir='ltr'><strong>τά</strong></span> <span class='ocrx_word' id='word_1_304' title='bbox 3074 1106 3435 1174; x_wconf 74' lang='grc' dir='ltr'>αὐτεξουσίων</span> <span class='ocrx_word' id='word_1_305' title='bbox 3468 1105 3755 1175; x_wconf 82' lang='grc' dir='ltr'>πράττειν,</span> 
     </span>
    </p>
   </div>
   <div class='ocr_carea' id='block_1_43' title="bbox 2191 1197 3752 1273">
    <p class='ocr_par' dir='ltr' id='par_1_43' title="bbox 2191 1197 3752 1273">
     <span class='ocr_line' id='line_1_43' title="bbox 2191 1197 3752 1273; baseline -0.008 -13"><span class='ocrx_word' id='word_1_306' title='bbox 2191 1204 2284 1263; x_wconf 77' lang='grc' dir='ltr'>καὶ</span> <span class='ocrx_word' id='word_1_307' title='bbox 2316 1203 2417 1256; x_wconf 81' lang='grc' dir='ltr'><strong>ὑπὸ</strong></span> <span class='ocrx_word' id='word_1_308' title='bbox 2444 1204 2771 1273; x_wconf 70' lang='grc' dir='ltr'><strong>ἐπιτρόπους</strong></span> <span class='ocrx_word' id='word_1_309' title='bbox 2804 1203 2996 1268; x_wconf 75' lang='grc' dir='ltr'>τελεῖν,</span> <span class='ocrx_word' id='word_1_310' title='bbox 3052 1203 3333 1272; x_wconf 86' lang='grc' dir='ltr'>πρόκριμα</span> <span class='ocrx_word' id='word_1_311' title='bbox 3367 1201 3564 1267; x_wconf 80' lang='grc' dir='ltr'>πάσχει</span> <span class='ocrx_word' id='word_1_312' title='bbox 3614 1197 3752 1264; x_wconf 70' lang='grc' dir='ltr'>περὶ</span> 
     </span>
    </p>
   </div>
   <div class='ocr_carea' id='block_1_44' title="bbox 2192 1286 3760 1359">
    <p class='ocr_par' dir='ltr' id='par_1_44' title="bbox 2192 1286 3760 1359">
     <span class='ocr_line' id='line_1_44' title="bbox 2192 1286 3760 1359; baseline -0.003 -15"><span class='ocrx_word' id='word_1_313' title='bbox 2192 1292 2288 1358; x_wconf 79' lang='grc' dir='ltr'>τὴν</span> <span class='ocrx_word' id='word_1_314' title='bbox 2318 1291 2756 1359; x_wconf 81' lang='grc' dir='ltr'>ύπεξουσιότητα</span> <span class='ocrx_word' id='word_1_315' title='bbox 2785 1289 2877 1342; x_wconf 76' lang='grc' dir='ltr'>τοῦ</span> <span class='ocrx_word' id='word_1_316' title='bbox 2916 1291 3122 1351; x_wconf 78' lang='grc' dir='ltr'>παιδός.</span> <span class='ocrx_word' id='word_1_317' title='bbox 3160 1289 3267 1343; x_wconf 84' lang='grc' dir='ltr'><strong>Τοῦ</strong></span> <span class='ocrx_word' id='word_1_318' title='bbox 3303 1288 3412 1357; x_wconf 87' lang='grc' dir='ltr'><strong>γάρ</strong></span> <span class='ocrx_word' id='word_1_319' title='bbox 3441 1289 3608 1355; x_wconf 88' lang='grc' dir='ltr'>νόμου</span> <span class='ocrx_word' id='word_1_320' title='bbox 3629 1286 3760 1339; x_wconf 78' lang='grc' dir='ltr'>τού-</span> 
     </span>
    </p>
   </div>
   <div class='ocr_carea' id='block_1_45' title="bbox 2191 1378 3761 1449">
    <p class='ocr_par' dir='ltr' id='par_1_45' title="bbox 2191 1378 3761 1449">
     <span class='ocr_line' id='line_1_45' title="bbox 2191 1378 3761 1449; baseline -0.003 -15"><span class='ocrx_word' id='word_1_321' title='bbox 2191 1399 2287 1434; x_wconf 88' lang='grc' dir='ltr'><strong>του</strong></span> <span class='ocrx_word' id='word_1_322' title='bbox 2317 1382 2573 1448; x_wconf 80' lang='grc' dir='ltr'>λέγοντος</span> <span class='ocrx_word' id='word_1_323' title='bbox 2607 1381 2941 1436; x_wconf 79' lang='grc' dir='ltr'><strong>ἀπολύεσθαι</strong></span> <span class='ocrx_word' id='word_1_324' title='bbox 2998 1383 3096 1449; x_wconf 80' lang='grc' dir='ltr'>τῆς</span> <span class='ocrx_word' id='word_1_325' title='bbox 3152 1380 3604 1448; x_wconf 73' lang='grc' dir='ltr'>ύπεξουσιότητος</span> <span class='ocrx_word' id='word_1_326' title='bbox 3661 1378 3761 1432; x_wconf 79' lang='grc' dir='ltr'>τὸν</span> 
     </span>
    </p>
   </div>
   <div class='ocr_carea' id='block_1_46' title="bbox 2191 1469 3763 1543">
    <p class='ocr_par' dir='ltr' id='par_1_46' title="bbox 2191 1469 3763 1543">
     <span class='ocr_line' id='line_1_46' title="bbox 2191 1469 3763 1543; baseline -0.003 -17"><span class='ocrx_word' id='word_1_327' title='bbox 2191 1473 2331 1526; x_wconf 76' lang='grc' dir='ltr'><strong>κατά</strong></span> <span class='ocrx_word' id='word_1_328' title='bbox 2359 1473 2557 1542; x_wconf 73' lang='grc' dir='ltr'>ἀνοχὴν</span> <span class='ocrx_word' id='word_1_329' title='bbox 2581 1472 2672 1526; x_wconf 81' lang='grc' dir='ltr'><strong>τοῦ</strong></span> <span class='ocrx_word' id='word_1_330' title='bbox 2701 1472 2901 1543; x_wconf 71' lang='grc' dir='ltr'>πατρὸς</span> <span class='ocrx_word' id='word_1_331' title='bbox 2930 1471 3229 1524; x_wconf 76' lang='grc' dir='ltr'><strong>διοικοῦντα</strong></span> <span class='ocrx_word' id='word_1_332' title='bbox 3253 1471 3321 1524; x_wconf 88' lang='grc' dir='ltr'><strong>τά</strong></span> <span class='ocrx_word' id='word_1_333' title='bbox 3344 1472 3520 1523; x_wconf 71' lang='grc' dir='ltr'>οἰκεῖα</span> <span class='ocrx_word' id='word_1_334' title='bbox 3543 1469 3635 1521; x_wconf 68' lang='grc' dir='ltr'><strong>ἐπὶ</strong></span> <span class='ocrx_word' id='word_1_335' title='bbox 3656 1486 3763 1521; x_wconf 78' lang='grc' dir='ltr'><strong>ποο</strong></span> 
     </span>
    </p>
   </div>
   <div class='ocr_carea' id='block_1_47' title="bbox 2191 1558 3761 1633">
    <p class='ocr_par' dir='ltr' id='par_1_47' title="bbox 2191 1558 3761 1633">
     <span class='ocr_line' id='line_1_47' title="bbox 2191 1558 3761 1633; baseline 0 -21"><span class='ocrx_word' id='word_1_336' title='bbox 2191 1562 2287 1615; x_wconf 80' lang='grc' dir='ltr'><strong>λύν</strong></span> <span class='ocrx_word' id='word_1_337' title='bbox 2326 1563 2535 1630; x_wconf 82' lang='grc' dir='ltr'>χρόνον,</span> <span class='ocrx_word' id='word_1_338' title='bbox 2573 1565 2736 1633; x_wconf 74' lang='grc' dir='ltr'>ἧγουν</span> <span class='ocrx_word' id='word_1_339' title='bbox 2771 1565 2862 1615; x_wconf 71' lang='grc' dir='ltr'><strong>ἐπὶ</strong></span> <span class='ocrx_word' id='word_1_340' title='bbox 2891 1562 3116 1627; x_wconf 78' lang='grc' dir='ltr'><strong>διετίαν,</strong></span> <span class='ocrx_word' id='word_1_341' title='bbox 3159 1562 3358 1630; x_wconf 72' lang='grc' dir='ltr'>ἔφησεν</span> <span class='ocrx_word' id='word_1_342' title='bbox 3386 1562 3414 1613; x_wconf 82' lang='grc' dir='ltr'><strong>ό</strong></span> <span class='ocrx_word' id='word_1_343' title='bbox 3466 1559 3648 1612; x_wconf 87' lang='grc' dir='ltr'>κανὼν</span> <span class='ocrx_word' id='word_1_344' title='bbox 3680 1558 3761 1626; x_wconf 82' lang='grc' dir='ltr'>μὴ</span> 
     </span>
    </p>
   </div>
   <div class='ocr_carea' id='block_1_48' title="bbox 2191 1649 3763 1719">
    <p class='ocr_par' dir='ltr' id='par_1_48' title="bbox 2191 1649 3763 1719">
     <span class='ocr_line' id='line_1_48' title="bbox 2191 1649 3763 1719; baseline 0 -19"><span class='ocrx_word' id='word_1_345' title='bbox 2191 1650 2431 1717; x_wconf 64' lang='grc' dir='ltr'>ἀφείλειν</span> <span class='ocrx_word' id='word_1_346' title='bbox 2460 1650 2616 1704; x_wconf 78' lang='grc' dir='ltr'>τοῦτο</span> <span class='ocrx_word' id='word_1_347' title='bbox 2642 1651 2888 1719; x_wconf 81' lang='grc' dir='ltr'>γίνεσθαι</span> <span class='ocrx_word' id='word_1_348' title='bbox 2929 1651 3022 1705; x_wconf 57' lang='grc' dir='ltr'><strong>καὶ⁸</strong></span> <span class='ocrx_word' id='word_1_349' title='bbox 3083 1654 3161 1714; x_wconf 88' lang='grc' dir='ltr'><strong>είς</strong></span> <span class='ocrx_word' id='word_1_350' title='bbox 3212 1652 3334 1714; x_wconf 73' lang='grc' dir='ltr'>τοὺς</span> <span class='ocrx_word' id='word_1_351' title='bbox 3384 1650 3582 1708; x_wconf 79' lang='grc' dir='ltr'>παῖδας</span> <span class='ocrx_word' id='word_1_352' title='bbox 3644 1649 3763 1701; x_wconf 84' lang='grc' dir='ltr'><strong>τῶν</strong></span> 
     </span>
    </p>
   </div>
   <div class='ocr_carea' id='block_1_49' title="bbox 2194 1739 3783 1812">
    <p class='ocr_par' dir='ltr' id='par_1_49' title="bbox 2194 1739 3783 1812">
     <span class='ocr_line' id='line_1_49' title="bbox 2194 1739 3783 1812; baseline -0.001 -20"><span class='ocrx_word' id='word_1_353' title='bbox 2194 1741 2508 1794; x_wconf 75' lang='grc' dir='ltr'>ἐπισκόπων</span> <span class='ocrx_word' id='word_1_354' title='bbox 2533 1743 2564 1811; x_wconf 86' lang='grc' dir='ltr'>ἢ</span> <span class='ocrx_word' id='word_1_355' title='bbox 2589 1743 2698 1794; x_wconf 84' lang='grc' dir='ltr'>τῶν</span> <span class='ocrx_word' id='word_1_356' title='bbox 2742 1744 3036 1812; x_wconf 76' lang='grc' dir='ltr'>κληρικῶν,</span> <span class='ocrx_word' id='word_1_357' title='bbox 3075 1743 3160 1796; x_wconf 81' lang='grc' dir='ltr'>ἵνα</span> <span class='ocrx_word' id='word_1_358' title='bbox 3190 1744 3265 1812; x_wconf 74' lang='grc' dir='ltr'>μὴ</span> <span class='ocrx_word' id='word_1_359' title='bbox 3291 1739 3783 1811; x_wconf 76' lang='grc' dir='ltr'>περιυϐρίζωνται-</span> 
     </span>
    </p>
   </div>
   <div class='ocr_carea' id='block_1_50' title="bbox 2126 1811 3765 1901">
    <p class='ocr_par' dir='ltr' id='par_1_50' title="bbox 2126 1811 3765 1901">
     <span class='ocr_line' id='line_1_50' title="bbox 2126 1811 3765 1901; baseline 0.001 -21"><span class='ocrx_word' id='word_1_360' title='bbox 2126 1811 2162 1864; x_wconf 68' lang='grc' dir='ltr'><strong>Β</strong></span> <span class='ocrx_word' id='word_1_361' title='bbox 2192 1831 2241 1881; x_wconf 83' lang='lat' dir='ltr'><strong>oi</strong></span> <span class='ocrx_word' id='word_1_362' title='bbox 2276 1831 2573 1884; x_wconf 74' lang='grc' dir='ltr'>ἐπίσκοποι</span> <span class='ocrx_word' id='word_1_363' title='bbox 2607 1831 2638 1900; x_wconf 82' lang='grc' dir='ltr'>ἢ</span> <span class='ocrx_word' id='word_1_364' title='bbox 2669 1834 2717 1884; x_wconf 86' lang='lat' dir='ltr'><strong>oi</strong></span> <span class='ocrx_word' id='word_1_365' title='bbox 2774 1811 3029 1901; x_wconf 80' lang='grc' dir='ltr'>κληρικοὶ</span> <span class='ocrx_word' id='word_1_366' title='bbox 3083 1833 3144 1884; x_wconf 78' lang='grc' dir='ltr'>ἐκ</span> <span class='ocrx_word' id='word_1_367' title='bbox 3193 1811 3290 1884; x_wconf 81' lang='grc' dir='ltr'><strong>τοῦ</strong></span> <span class='ocrx_word' id='word_1_368' title='bbox 3341 1834 3466 1895; x_wconf 74' lang='grc' dir='ltr'>ἴσως</span> <span class='ocrx_word' id='word_1_369' title='bbox 3528 1829 3765 1890; x_wconf 81' lang='grc' dir='ltr'>ἀσώτως</span> 
     </span>
    </p>
   </div>
   <div class='ocr_carea' id='block_1_51' title="bbox 2195 1916 3794 1985">
    <p class='ocr_par' dir='ltr' id='par_1_51' title="bbox 2195 1916 3794 1985">
     <span class='ocr_line' id='line_1_51' title="bbox 2195 1916 3794 1985; baseline -0.002 -13"><span class='ocrx_word' id='word_1_370' title='bbox 2195 1918 2408 1984; x_wconf 81' lang='grc' dir='ltr'><strong>διάγειν</strong></span> <span class='ocrx_word' id='word_1_371' title='bbox 2437 1921 2560 1979; x_wconf 76' lang='grc' dir='ltr'>τοὺς</span> <span class='ocrx_word' id='word_1_372' title='bbox 2595 1920 2789 1981; x_wconf 77' lang='grc' dir='ltr'>παῖδας</span> <span class='ocrx_word' id='word_1_373' title='bbox 2819 1919 3025 1971; x_wconf 88' lang='grc' dir='ltr'>τούτων</span> <span class='ocrx_word' id='word_1_374' title='bbox 3066 1920 3204 1972; x_wconf 86' lang='grc' dir='ltr'>κατὰ</span> <span class='ocrx_word' id='word_1_375' title='bbox 3257 1919 3608 1985; x_wconf 76' lang='grc' dir='ltr'>ἀνεξικακίαν</span> <span class='ocrx_word' id='word_1_376' title='bbox 3661 1916 3794 1971; x_wconf 76' lang='grc' dir='ltr'>αὐ·-</span> 
     </span>
    </p>
   </div>
   <div class='ocr_carea' id='block_1_52' title="bbox 2195 2007 3769 2078">
    <p class='ocr_par' dir='ltr' id='par_1_52' title="bbox 2195 2007 3769 2078">
     <span class='ocr_line' id='line_1_52' title="bbox 2195 2007 3769 2078; baseline -0.001 -18"><span class='ocrx_word' id='word_1_377' title='bbox 2195 2007 2326 2061; x_wconf 84' lang='grc' dir='ltr'>τῶν.</span> <span class='ocrx_word' id='word_1_378' title='bbox 2365 2009 2626 2074; x_wconf 79' lang='grc' dir='ltr'><strong>’Υπέξελέ</strong></span> <span class='ocrx_word' id='word_1_379' title='bbox 2662 2027 2750 2078; x_wconf 85' lang='grc' dir='ltr'><strong>μοι</strong></span> <span class='ocrx_word' id='word_1_380' title='bbox 2777 2011 2899 2071; x_wconf 79' lang='grc' dir='ltr'>τοὺς</span> <span class='ocrx_word' id='word_1_381' title='bbox 2933 2009 3019 2061; x_wconf 73' lang='grc' dir='ltr'><strong>διὰ</strong></span> <span class='ocrx_word' id='word_1_382' title='bbox 3051 2008 3411 2078; x_wconf 82' lang='grc' dir='ltr'>ἀρχοντικίων</span> <span class='ocrx_word' id='word_1_383' title='bbox 3436 2009 3534 2077; x_wconf 79' lang='grc' dir='ltr'>τῆς</span> <span class='ocrx_word' id='word_1_384' title='bbox 3562 2007 3769 2073; x_wconf 74' lang='grc' dir='ltr'>Μεγάο</span> 
     </span>
    </p>
   </div>
   <div class='ocr_carea' id='block_1_53' title="bbox 2190 2097 3775 2170">
    <p class='ocr_par' dir='ltr' id='par_1_53' title="bbox 2190 2097 3775 2170">
     <span class='ocr_line' id='line_1_53' title="bbox 2190 2097 3775 2170; baseline 0.001 -20"><span class='ocrx_word' id='word_1_385' title='bbox 2190 2101 2288 2168; x_wconf 80' lang='grc' dir='ltr'><strong>λης</strong></span> <span class='ocrx_word' id='word_1_386' title='bbox 2330 2100 2660 2168; x_wconf 79' lang='grc' dir='ltr'>Ἐκκλησίας</span> <span class='ocrx_word' id='word_1_387' title='bbox 2688 2100 3016 2170; x_wconf 76' lang='grc' dir='ltr'>τιμηθέντας</span> <span class='ocrx_word' id='word_1_388' title='bbox 3053 2101 3249 2162; x_wconf 86' lang='grc' dir='ltr'>παῖδας</span> <span class='ocrx_word' id='word_1_389' title='bbox 3292 2101 3608 2162; x_wconf 75' lang='grc' dir='ltr'>ἐπισκόπων</span> <span class='ocrx_word' id='word_1_390' title='bbox 3663 2097 3775 2152; x_wconf 64' lang='grc' dir='ltr'>καὶ</span> 
     </span>
    </p>
   </div>
   <div class='ocr_carea' id='block_1_54' title="bbox 2194 2181 3771 2259">
    <p class='ocr_par' dir='ltr' id='par_1_54' title="bbox 2194 2181 3771 2259">
     <span class='ocr_line' id='line_1_54' title="bbox 2194 2181 3771 2259; baseline -0.002 -17"><span class='ocrx_word' id='word_1_391' title='bbox 2194 2188 2497 2257; x_wconf 85' lang='grc' dir='ltr'>κληρικῶν.</span> <span class='ocrx_word' id='word_1_392' title='bbox 2543 2181 2703 2242; x_wconf 80' lang='grc' dir='ltr'>Οὗτοι</span> <span class='ocrx_word' id='word_1_393' title='bbox 2747 2189 2855 2259; x_wconf 84' lang='grc' dir='ltr'><strong>γάρ</strong></span> <span class='ocrx_word' id='word_1_394' title='bbox 2892 2190 3220 2242; x_wconf 76' lang='grc' dir='ltr'>ἀπεντεῢθεν</span> <span class='ocrx_word' id='word_1_395' title='bbox 3279 2188 3618 2256; x_wconf 76' lang='grc' dir='ltr'>αὐτεξούσιοι</span> <span class='ocrx_word' id='word_1_396' title='bbox 3668 2189 3771 2254; x_wconf 87' lang='grc' dir='ltr'>γί-</span> 
     </span>
    </p>
   </div>
   <div class='ocr_carea' id='block_1_55' title="bbox 2197 2278 3795 2348">
    <p class='ocr_par' dir='ltr' id='par_1_55' title="bbox 2197 2278 3795 2348">
     <span class='ocr_line' id='line_1_55' title="bbox 2197 2278 3795 2348; baseline -0.001 -18"><span class='ocrx_word' id='word_1_397' title='bbox 2197 2298 2376 2332; x_wconf 88' lang='grc' dir='ltr'>νονται</span> <span class='ocrx_word' id='word_1_398' title='bbox 2408 2281 2472 2333; x_wconf 82' lang='grc' dir='ltr'>ὲκ</span> <span class='ocrx_word' id='word_1_399' title='bbox 2492 2280 2588 2348; x_wconf 86' lang='grc' dir='ltr'>τῆς</span> <span class='ocrx_word' id='word_1_400' title='bbox 2617 2281 2900 2341; x_wconf 83' lang='grc' dir='ltr'>αὒθεντίας</span> <span class='ocrx_word' id='word_1_401' title='bbox 2930 2279 3023 2332; x_wconf 81' lang='grc' dir='ltr'><strong>τοῦ</strong></span> <span class='ocrx_word' id='word_1_402' title='bbox 3051 2281 3238 2346; x_wconf 85' lang='grc' dir='ltr'>νόμου,</span> <span class='ocrx_word' id='word_1_403' title='bbox 3272 2281 3364 2331; x_wconf 77' lang='grc' dir='ltr'>καὶ</span> <span class='ocrx_word' id='word_1_404' title='bbox 3421 2279 3472 2332; x_wconf 77' lang='lat' dir='ltr'><strong>oi</strong></span> <span class='ocrx_word' id='word_1_405' title='bbox 3519 2278 3795 2347; x_wconf 70' lang='grc' dir='ltr'>Πατὲρεςξ</span> 
     </span>
    </p>
   </div>
   <div class='ocr_carea' id='block_1_56' title="bbox 2194 2364 3803 2441">
    <p class='ocr_par' dir='ltr' id='par_1_56' title="bbox 2194 2364 3803 2441">
     <span class='ocr_line' id='line_1_56' title="bbox 2194 2364 3803 2441; baseline -0.003 -18"><span class='ocrx_word' id='word_1_406' title='bbox 2194 2372 2255 2424; x_wconf 77' lang='grc' dir='ltr'><strong>οὐ</strong></span> <span class='ocrx_word' id='word_1_407' title='bbox 2281 2371 2513 2423; x_wconf 87' lang='grc' dir='ltr'>δώσουσι</span> <span class='ocrx_word' id='word_1_408' title='bbox 2548 2371 2742 2438; x_wconf 80' lang='grc' dir='ltr'>λόγους</span> <span class='ocrx_word' id='word_1_409' title='bbox 2776 2371 2918 2441; x_wconf 85' lang='grc' dir='ltr'>ὑπὲρ</span> <span class='ocrx_word' id='word_1_410' title='bbox 2960 2364 3034 2423; x_wconf 78' lang='grc' dir='ltr'>ὧν</span> <span class='ocrx_word' id='word_1_411' title='bbox 3057 2369 3186 2434; x_wconf 87' lang='grc' dir='ltr'>ίσως</span> <span class='ocrx_word' id='word_1_412' title='bbox 3221 2370 3384 2424; x_wconf 60' lang='grc' dir='ltr'><strong>αὐτοὶ⁵</strong></span> <span class='ocrx_word' id='word_1_413' title='bbox 3437 2367 3803 2436; x_wconf 62' lang='grc' dir='ltr'>πλημμελή-</span> 
     </span>
    </p>
   </div>
   <div class='ocr_carea' id='block_1_57' title="bbox 2196 2457 3800 2531">
    <p class='ocr_par' dir='ltr' id='par_1_57' title="bbox 2196 2457 3800 2531">
     <span class='ocr_line' id='line_1_57' title="bbox 2196 2457 3800 2531; baseline -0.004 -14"><span class='ocrx_word' id='word_1_414' title='bbox 2196 2479 2372 2517; x_wconf 91' lang='grc' dir='ltr'>σουσι.</span> <span class='ocrx_word' id='word_1_415' title='bbox 2407 2464 2517 2516; x_wconf 66' lang='grc' dir='ltr'><strong>Καὶ</strong></span> <span class='ocrx_word' id='word_1_416' title='bbox 2549 2462 2828 2531; x_wconf 81' lang='grc' dir='ltr'>ἀνάγνωθι</span> <span class='ocrx_word' id='word_1_417' title='bbox 2874 2462 2964 2514; x_wconf 74' lang='grc' dir='ltr'><strong>τὸν</strong></span> <span class='ocrx_word' id='word_1_418' title='bbox 3018 2459 3089 2530; x_wconf 82' lang='grc' dir='ltr'>ιη’</span> <span class='ocrx_word' id='word_1_419' title='bbox 3132 2460 3334 2514; x_wconf 79' lang='grc' dir='ltr'>κανόνα</span> <span class='ocrx_word' id='word_1_420' title='bbox 3381 2459 3483 2527; x_wconf 77' lang='grc' dir='ltr'>τῆς</span> <span class='ocrx_word' id='word_1_421' title='bbox 3537 2457 3800 2528; x_wconf 68' lang='grc' dir='ltr'>πρώτης</span> 
     </span>
    </p>
   </div>
   <div class='ocr_carea' id='block_1_58' title="bbox 2201 2547 3784 2622">
    <p class='ocr_par' dir='ltr' id='par_1_58' title="bbox 2201 2547 3784 2622">
     <span class='ocr_line' id='line_1_58' title="bbox 2201 2547 3784 2622; baseline -0.003 -17"><span class='ocrx_word' id='word_1_422' title='bbox 2201 2554 2442 2614; x_wconf 72' lang='grc' dir='ltr'>συνόῖου,</span> <span class='ocrx_word' id='word_1_423' title='bbox 2474 2554 2567 2606; x_wconf 80' lang='grc' dir='ltr'>καὶ</span> <span class='ocrx_word' id='word_1_424' title='bbox 2584 2553 2685 2621; x_wconf 79' lang='grc' dir='ltr'>τὴν</span> <span class='ocrx_word' id='word_1_425' title='bbox 2706 2551 2996 2622; x_wconf 66' lang='grc' dir='ltr'>ἑρμηνείαν</span> <span class='ocrx_word' id='word_1_426' title='bbox 3021 2549 3185 2603; x_wconf 78' lang='grc' dir='ltr'>αὐτοῦ</span> <span class='ocrx_word' id='word_1_427' title='bbox 3219 2566 3229 2581; x_wconf 92' lang='grc'><strong>·</strong></span> <span class='ocrx_word' id='word_1_428' title='bbox 3263 2550 3467 2603; x_wconf 76' lang='grc' dir='ltr'>καὶτὸν</span> <span class='ocrx_word' id='word_1_429' title='bbox 3500 2547 3546 2612; x_wconf 73' lang='grc' dir='ltr'><strong>ξ’</strong></span> <span class='ocrx_word' id='word_1_430' title='bbox 3565 2547 3784 2600; x_wconf 71' lang='grc' dir='ltr'>κανόνα,</span> 
     </span>
    </p>
   </div>
   <div class='ocr_carea' id='block_1_59' title="bbox 2198 2637 3782 2712">
    <p class='ocr_par' dir='ltr' id='par_1_59' title="bbox 2198 2637 3782 2712">
     <span class='ocr_line' id='line_1_59' title="bbox 2198 2637 3782 2712; baseline -0.004 -18"><span class='ocrx_word' id='word_1_431' title='bbox 2198 2645 2297 2712; x_wconf 79' lang='grc' dir='ltr'>τῆς</span> <span class='ocrx_word' id='word_1_432' title='bbox 2331 2645 2388 2694; x_wconf 73' lang='grc' dir='ltr'>ἰν</span> <span class='ocrx_word' id='word_1_433' title='bbox 2414 2642 2489 2710; x_wconf 86' lang='grc' dir='ltr'>τῷ</span> <span class='ocrx_word' id='word_1_434' title='bbox 2517 2643 2778 2711; x_wconf 86' lang='grc' dir='ltr'>Τρούλλῳ</span> <span class='ocrx_word' id='word_1_435' title='bbox 2815 2642 3056 2701; x_wconf 89' lang='grc' dir='ltr'>συνόδου,</span> <span class='ocrx_word' id='word_1_436' title='bbox 3089 2641 3183 2694; x_wconf 75' lang='grc' dir='ltr'>καὶ</span> <span class='ocrx_word' id='word_1_437' title='bbox 3211 2640 3309 2710; x_wconf 80' lang='grc' dir='ltr'>τὴν</span> <span class='ocrx_word' id='word_1_438' title='bbox 3332 2639 3625 2709; x_wconf 76' lang='grc' dir='ltr'>ἑρμηνείαν</span> <span class='ocrx_word' id='word_1_439' title='bbox 3664 2637 3782 2688; x_wconf 82' lang='grc' dir='ltr'>αύ-</span> 
     </span>
    </p>
   </div>
   <div class='ocr_carea' id='block_1_60' title="bbox 2199 2725 3778 2801">
    <p class='ocr_par' dir='ltr' id='par_1_60' title="bbox 2199 2725 3778 2801">
     <span class='ocr_line' id='line_1_60' title="bbox 2199 2725 3778 2801; baseline -0.005 -16"><span class='ocrx_word' id='word_1_440' title='bbox 2199 2732 2314 2797; x_wconf 84' lang='grc' dir='ltr'>τοῦ,</span> <span class='ocrx_word' id='word_1_441' title='bbox 2344 2734 2439 2786; x_wconf 77' lang='grc' dir='ltr'>καὶ</span> <span class='ocrx_word' id='word_1_442' title='bbox 2473 2732 2535 2786; x_wconf 73' lang='grc' dir='ltr'>τὸ</span> <span class='ocrx_word' id='word_1_443' title='bbox 2570 2733 2792 2801; x_wconf 76' lang='grc' dir='ltr'>σκόλιον</span> <span class='ocrx_word' id='word_1_444' title='bbox 2817 2732 2908 2784; x_wconf 81' lang='grc' dir='ltr'><strong>τοῦ</strong></span> <span class='ocrx_word' id='word_1_445' title='bbox 2937 2730 3023 2794; x_wconf 81' lang='grc' dir='ltr'>λς’</span> <span class='ocrx_word' id='word_1_446' title='bbox 3066 2747 3189 2798; x_wconf 81' lang='grc' dir='ltr'>κεφ.</span> <span class='ocrx_word' id='word_1_447' title='bbox 3245 2728 3336 2781; x_wconf 82' lang='grc' dir='ltr'><strong>τοῦ</strong></span> <span class='ocrx_word' id='word_1_448' title='bbox 3381 2745 3414 2780; x_wconf 88' lang='grc' dir='ltr'><strong>α</strong></span> <span class='ocrx_word' id='word_1_449' title='bbox 3462 2727 3639 2778; x_wconf 87' lang='grc' dir='ltr'>τίτλου</span> <span class='ocrx_word' id='word_1_450' title='bbox 3669 2725 3778 2778; x_wconf 76' lang='grc' dir='ltr'>τοῦ</span> 
     </span>
    </p>
   </div>
   <div class='ocr_carea' id='block_1_61' title="bbox 2210 2817 3784 2892">
    <p class='ocr_par' dir='ltr' id='par_1_61' title="bbox 2210 2817 3784 2892">
     <span class='ocr_line' id='line_1_61' title="bbox 2210 2817 3784 2892; baseline -0.004 -18"><span class='ocrx_word' id='word_1_451' title='bbox 2210 2824 2474 2892; x_wconf 82' lang='grc' dir='ltr'>παρόντος</span> <span class='ocrx_word' id='word_1_452' title='bbox 2507 2825 2907 2892; x_wconf 80' lang='grc' dir='ltr'><strong>συντάγματος.</strong></span> <span class='ocrx_word' id='word_1_453' title='bbox 2951 2823 3039 2875; x_wconf 85' lang='grc' dir='ltr'>Ἐν</span> <span class='ocrx_word' id='word_1_454' title='bbox 3079 2822 3287 2884; x_wconf 82' lang='grc' dir='ltr'>τούτοις</span> <span class='ocrx_word' id='word_1_455' title='bbox 3338 2819 3444 2889; x_wconf 82' lang='grc' dir='ltr'><strong>γὰρ</strong></span> <span class='ocrx_word' id='word_1_456' title='bbox 3500 2817 3784 2888; x_wconf 77' lang='grc' dir='ltr'>διελήφοη</span> 
     </span>
    </p>
   </div>
   <div class='ocr_carea' id='block_1_62' title="bbox 2205 2909 3780 2983">
    <p class='ocr_par' dir='ltr' id='par_1_62' title="bbox 2205 2909 3780 2983">
     <span class='ocr_line' id='line_1_62' title="bbox 2205 2909 3780 2983; baseline -0.004 -20"><span class='ocrx_word' id='word_1_457' title='bbox 2205 2913 2538 2980; x_wconf 80' lang='grc' dir='ltr'>πλατύτερον</span> <span class='ocrx_word' id='word_1_458' title='bbox 2568 2915 2649 2967; x_wconf 84' lang='grc' dir='ltr'>ὅτι</span> <span class='ocrx_word' id='word_1_459' title='bbox 2681 2915 2730 2966; x_wconf 82' lang='lat' dir='ltr'><strong>oi</strong></span> <span class='ocrx_word' id='word_1_460' title='bbox 2766 2915 2861 2983; x_wconf 85' lang='grc' dir='ltr'>τῆς</span> <span class='ocrx_word' id='word_1_461' title='bbox 2890 2912 3149 2980; x_wconf 78' lang='grc' dir='ltr'><strong>Μεγάλης</strong></span> <span class='ocrx_word' id='word_1_462' title='bbox 3190 2909 3516 2977; x_wconf 82' lang='grc' dir='ltr'>Ἐκκλησίας</span> <span class='ocrx_word' id='word_1_463' title='bbox 3565 2909 3780 2977; x_wconf 71' lang='grc' dir='ltr'>ἄρχον-</span> 
     </span>
    </p>
   </div>
   <div class='ocr_carea' id='block_1_63' title="bbox 2209 2996 3784 3073">
    <p class='ocr_par' dir='ltr' id='par_1_63' title="bbox 2209 2996 3784 3073">
     <span class='ocr_line' id='line_1_63' title="bbox 2209 2996 3784 3073; baseline -0.004 -18"><span class='ocrx_word' id='word_1_464' title='bbox 2209 3020 2294 3064; x_wconf 85' lang='grc' dir='ltr'><strong>τες</strong></span> <span class='ocrx_word' id='word_1_465' title='bbox 2324 3005 2398 3064; x_wconf 84' lang='grc' dir='ltr'>ὡς</span> <span class='ocrx_word' id='word_1_466' title='bbox 2434 3003 2798 3073; x_wconf 65' lang='grc' dir='ltr'>ἀξιωματικοί</span> <span class='ocrx_word' id='word_1_467' title='bbox 2819 3002 3150 3057; x_wconf 78' lang='grc' dir='ltr'>ἀπεντεῦθεν</span> <span class='ocrx_word' id='word_1_468' title='bbox 3185 3000 3615 3055; x_wconf 79' lang='grc' dir='ltr'>ἀπαλλάττονται</span> <span class='ocrx_word' id='word_1_469' title='bbox 3668 2996 3784 3065; x_wconf 82' lang='grc' dir='ltr'>τῆς</span> 
     </span>
    </p>
   </div>
   <div class='ocr_carea' id='block_1_64' title="bbox 2208 3090 3801 3163">
    <p class='ocr_par' dir='ltr' id='par_1_64' title="bbox 2208 3090 3801 3163">
     <span class='ocr_line' id='line_1_64' title="bbox 2208 3090 3801 3163; baseline 0.002 -16"><span class='ocrx_word' id='word_1_470' title='bbox 2208 3095 2680 3163; x_wconf 77' lang='grc' dir='ltr'>ὑπεξουσιότητος.</span> <span class='ocrx_word' id='word_1_471' title='bbox 2728 3097 2801 3150; x_wconf 81' lang='grc' dir='ltr'>Τὸ</span> <span class='ocrx_word' id='word_1_472' title='bbox 2837 3097 2892 3148; x_wconf 76' lang='grc' dir='ltr'>δὲ</span> <span class='ocrx_word' id='word_1_473' title='bbox 2917 3096 3114 3152; x_wconf 75' lang='grc' dir='ltr'>διδόναι</span> <span class='ocrx_word' id='word_1_474' title='bbox 3144 3094 3300 3161; x_wconf 65' lang='grc' dir='ltr'>λόγον</span> <span class='ocrx_word' id='word_1_475' title='bbox 3342 3093 3467 3154; x_wconf 80' lang='grc' dir='ltr'>τοὺς</span> <span class='ocrx_word' id='word_1_476' title='bbox 3523 3090 3801 3157; x_wconf 80' lang='grc' dir='ltr'>πατέρας-</span> 
     </span>
    </p>
   </div>
   <div class='ocr_carea' id='block_1_65' title="bbox 538 3177 3764 3250">
    <p class='ocr_par' dir='ltr' id='par_1_65' title="bbox 538 3177 3764 3250">
     <span class='ocr_line' id='line_1_65' title="bbox 538 3177 3764 3250; baseline 0.002 -22"><span class='ocrx_word' id='word_1_477' title='bbox 538 3177 675 3246; x_wconf 59' lang='lat' dir='ltr'><strong>aut?</strong></span> <span class='ocrx_word' id='word_1_478' title='bbox 709 3178 816 3229; x_wconf 84' lang='grc' dir='ltr'>τῶν</span> <span class='ocrx_word' id='word_1_479' title='bbox 853 3179 1265 3247; x_wconf 83' lang='grc' dir='ltr'>ἁμαρτημάτων</span> <span class='ocrx_word' id='word_1_480' title='bbox 1298 3182 1404 3231; x_wconf 86' lang='grc' dir='ltr'>τῶν</span> <span class='ocrx_word' id='word_1_481' title='bbox 1445 3181 1651 3233; x_wconf 84' lang='grc' dir='ltr'>παίδων</span> <span class='ocrx_word' id='word_1_482' title='bbox 1721 3182 1796 3250; x_wconf 79' lang='grc' dir='ltr'>μὴ</span> <span class='ocrx_word' id='word_1_483' title='bbox 1862 3184 2161 3248; x_wconf 86' lang='grc' dir='ltr'>γεγονότων</span> <span class='ocrx_word' id='word_1_484' title='bbox 2201 3186 2561 3250; x_wconf 80' lang='grc' dir='ltr'>αὐτεξουσίων</span> <span class='ocrx_word' id='word_1_485' title='bbox 2589 3187 2725 3238; x_wconf 86' lang='grc' dir='ltr'><strong>κατά</strong></span> <span class='ocrx_word' id='word_1_486' title='bbox 2753 3188 2841 3238; x_wconf 76' lang='grc' dir='ltr'><strong>τὸν</strong></span> <span class='ocrx_word' id='word_1_487' title='bbox 2873 3187 3096 3248; x_wconf 80' lang='grc' dir='ltr'>κανόνα,</span> <span class='ocrx_word' id='word_1_488' title='bbox 3123 3187 3245 3239; x_wconf 80' lang='grc' dir='ltr'>ὅσον</span> <span class='ocrx_word' id='word_1_489' title='bbox 3276 3183 3345 3237; x_wconf 74' lang='grc' dir='ltr'>τὰ</span> <span class='ocrx_word' id='word_1_490' title='bbox 3371 3184 3448 3244; x_wconf 82' lang='grc' dir='ltr'><strong>είς</strong></span> <span class='ocrx_word' id='word_1_491' title='bbox 3473 3180 3605 3232; x_wconf 69' lang='grc' dir='ltr'>Θεδν</span> <span class='ocrx_word' id='word_1_492' title='bbox 3658 3179 3764 3229; x_wconf 66' lang='grc' dir='ltr'>κειὶ</span> 
     </span>
    </p>
   </div>
   <div class='ocr_carea' id='block_1_66' title="bbox 537 3270 3772 3343">
    <p class='ocr_par' dir='ltr' id='par_1_66' title="bbox 537 3270 3772 3343">
     <span class='ocr_line' id='line_1_66' title="bbox 537 3270 3772 3343; baseline -0 -20"><span class='ocrx_word' id='word_1_493' title='bbox 537 3273 616 3334; x_wconf 78' lang='grc' dir='ltr'><strong>εἰς</strong></span> <span class='ocrx_word' id='word_1_494' title='bbox 642 3271 873 3340; x_wconf 77' lang='grc' dir='ltr'>ψυχικὴν</span> <span class='ocrx_word' id='word_1_495' title='bbox 905 3274 1226 3340; x_wconf 68' lang='grc' dir='ltr'>κατάκρισιν</span> <span class='ocrx_word' id='word_1_496' title='bbox 1262 3271 1511 3325; x_wconf 77' lang='grc' dir='ltr'>ὲκλαὸοῡ.</span> <span class='ocrx_word' id='word_1_497' title='bbox 1547 3274 1681 3325; x_wconf 79' lang='grc' dir='ltr'>Ἀπὸ</span> <span class='ocrx_word' id='word_1_498' title='bbox 1709 3275 1816 3342; x_wconf 73' lang='grc' dir='ltr'><strong>γὰρ</strong></span> <span class='ocrx_word' id='word_1_499' title='bbox 1861 3275 1965 3326; x_wconf 82' lang='grc' dir='ltr'>τῶν</span> <span class='ocrx_word' id='word_1_500' title='bbox 2001 3277 2410 3343; x_wconf 76' lang='grc' dir='ltr'>ἀμαρτημὰτων</span> <span class='ocrx_word' id='word_1_501' title='bbox 2444 3278 2548 3329; x_wconf 85' lang='grc' dir='ltr'><strong>τῶν</strong></span> <span class='ocrx_word' id='word_1_502' title='bbox 2578 3278 2802 3338; x_wconf 82' lang='grc' dir='ltr'>παίδων.</span> <span class='ocrx_word' id='word_1_503' title='bbox 2835 3279 2942 3329; x_wconf 79' lang='grc' dir='ltr'>τῶν</span> <span class='ocrx_word' id='word_1_504' title='bbox 2991 3276 3324 3342; x_wconf 76' lang='grc' dir='ltr'>ύπτξουσίων</span> <span class='ocrx_word' id='word_1_505' title='bbox 3351 3272 3552 3343; x_wconf 78' lang='grc' dir='ltr'>δηλαδὴ</span> <span class='ocrx_word' id='word_1_506' title='bbox 3585 3270 3616 3340; x_wconf 80' lang='grc' dir='ltr'>ἢ</span> <span class='ocrx_word' id='word_1_507' title='bbox 3659 3270 3772 3322; x_wconf 70' lang='grc' dir='ltr'>καὶ</span> 
     </span>
    </p>
   </div>
   <div class='ocr_carea' id='block_1_67' title="bbox 537 3365 3776 3442">
    <p class='ocr_par' dir='ltr' id='par_1_67' title="bbox 537 3365 3776 3442">
     <span class='ocr_line' id='line_1_67' title="bbox 537 3365 3776 3442; baseline -0.001 -22"><span class='ocrx_word' id='word_1_508' title='bbox 537 3365 935 3435; x_wconf 57' lang='grc' dir='ltr'>αὐτεξουσίωνι</span> <span class='ocrx_word' id='word_1_509' title='bbox 966 3369 1314 3438; x_wconf 77' lang='grc' dir='ltr'>ὁπωσδήποτε</span> <span class='ocrx_word' id='word_1_510' title='bbox 1350 3371 1398 3421; x_wconf 85' lang='grc' dir='ltr'>οἱ</span> <span class='ocrx_word' id='word_1_511' title='bbox 1430 3369 1664 3439; x_wconf 82' lang='grc' dir='ltr'>πατέρες</span> <span class='ocrx_word' id='word_1_512' title='bbox 1693 3370 1790 3422; x_wconf 86' lang='grc' dir='ltr'><strong>οὐκ</strong></span> <span class='ocrx_word' id='word_1_513' title='bbox 1834 3367 1896 3440; x_wconf 74' lang='grc' dir='ltr'><strong>[Ῑ.</strong></span> <span class='ocrx_word' id='word_1_514' title='bbox 1933 3367 2229 3440; x_wconf 80' lang='grc' dir='ltr'>ἐνέχονται]</span> <span class='ocrx_word' id='word_1_515' title='bbox 2271 3373 2569 3441; x_wconf 83' lang='grc' dir='ltr'>ἀνέχονται,</span> <span class='ocrx_word' id='word_1_516' title='bbox 2606 3374 2726 3425; x_wconf 83' lang='grc' dir='ltr'>οὐδὲ</span> <span class='ocrx_word' id='word_1_517' title='bbox 2754 3371 3089 3433; x_wconf 74' lang='grc' dir='ltr'>κολάζονται.</span> <span class='ocrx_word' id='word_1_518' title='bbox 3123 3369 3202 3422; x_wconf 69' lang='lat' dir='ltr'><strong>Tit</strong></span> <span class='ocrx_word' id='word_1_519' title='bbox 3230 3368 3336 3438; x_wconf 87' lang='grc' dir='ltr'><strong>γάρ</strong></span> <span class='ocrx_word' id='word_1_520' title='bbox 3365 3365 3776 3442; x_wconf 68' lang='grc' dir='ltr'>ἁμαρτήματα,</span> 
     </span>
    </p>
   </div>
   <div class='ocr_carea' id='block_1_68' title="bbox 541 3461 1588 3530">
    <p class='ocr_par' dir='ltr' id='par_1_68' title="bbox 541 3461 1588 3530">
     <span class='ocr_line' id='line_1_68' title="bbox 541 3461 1588 3530; baseline 0.003 -19"><span class='ocrx_word' id='word_1_521' title='bbox 541 3461 704 3528; x_wconf 67' lang='grc' dir='ltr'>φησιν</span> <span class='ocrx_word' id='word_1_522' title='bbox 736 3463 763 3511; x_wconf 86' lang='grc' dir='ltr'><strong>ό</strong></span> <span class='ocrx_word' id='word_1_523' title='bbox 791 3461 971 3526; x_wconf 74' lang='grc' dir='ltr'>νόμος,</span> <span class='ocrx_word' id='word_1_524' title='bbox 1004 3464 1069 3529; x_wconf 79' lang='grc' dir='ltr'><strong>τῇ</strong></span> <span class='ocrx_word' id='word_1_525' title='bbox 1097 3463 1304 3530; x_wconf 78' lang='grc' dir='ltr'>κεφαλῇ</span> <span class='ocrx_word' id='word_1_526' title='bbox 1342 3463 1588 3514; x_wconf 72' lang='grc' dir='ltr'>ἕπονται.</span> 
     </span>
    </p>
   </div>
   <div class='ocr_carea' id='block_1_69' title="bbox 615 3535 2089 3617">
    <p class='ocr_par' dir='ltr' id='par_1_69' title="bbox 615 3548 2089 3615">
     <span class='ocr_line' id='line_1_69' title="bbox 615 3548 2089 3615; baseline 0.002 -13"><span class='ocrx_word' id='word_1_527' title='bbox 615 3548 861 3603; x_wconf 68' lang='grc' dir='ltr'><strong>ΖΟΝΑΙὶ.</strong></span> <span class='ocrx_word' id='word_1_528' title='bbox 897 3548 1168 3615; x_wconf 82' lang='lat' dir='ltr'><strong>Episc0pi,</strong></span> <span class='ocrx_word' id='word_1_529' title='bbox 1222 3551 1391 3615; x_wconf 78' lang='lat' dir='ltr'><strong>inquit</strong></span> <span class='ocrx_word' id='word_1_530' title='bbox 1436 3565 1626 3614; x_wconf 73' lang='lat' dir='ltr'><strong>canon,</strong></span> <span class='ocrx_word' id='word_1_531' title='bbox 1663 3559 1717 3602; x_wconf 85' lang='lat' dir='ltr'><strong>et</strong></span> <span class='ocrx_word' id='word_1_532' title='bbox 1773 3551 1976 3613; x_wconf 84' lang='lat' dir='ltr'><strong>clerici,</strong></span> <span class='ocrx_word' id='word_1_533' title='bbox 2035 3566 2089 3605; x_wconf 72' lang='lat' dir='ltr'><strong>ne</strong></span> 
     </span>
    </p>
   </div>
   <div class='ocr_carea' id='block_1_70' title="bbox 2204 3535 3788 3617">
    <p class='ocr_par' dir='ltr' id='par_1_70' title="bbox 2274 3535 3788 3612">
     <span class='ocr_line' id='line_1_70' title="bbox 2274 3535 3788 3612; baseline -0.007 -6"><span class='ocrx_word' id='word_1_534' title='bbox 2274 3549 2493 3606; x_wconf 78' lang='grc' dir='ltr'><strong>ΖΩΝΑΡ</strong></span> <span class='ocrx_word' id='word_1_535' title='bbox 2556 3549 2617 3600; x_wconf 86' lang='lat' dir='ltr'><strong>Ol</strong></span> <span class='ocrx_word' id='word_1_536' title='bbox 2654 3548 2962 3609; x_wconf 73' lang='grc' dir='ltr'>ἐπίσκοποι,</span> <span class='ocrx_word' id='word_1_537' title='bbox 2990 3545 3153 3612; x_wconf 78' lang='grc' dir='ltr'>φησὶν</span> <span class='ocrx_word' id='word_1_538' title='bbox 3178 3546 3205 3597; x_wconf 84' lang='grc' dir='ltr'><strong>ὁ</strong></span> <span class='ocrx_word' id='word_1_539' title='bbox 3227 3544 3427 3606; x_wconf 85' lang='grc' dir='ltr'>κανὼν,</span> <span class='ocrx_word' id='word_1_540' title='bbox 3461 3543 3553 3597; x_wconf 79' lang='grc' dir='ltr'>καὶ</span> <span class='ocrx_word' id='word_1_541' title='bbox 3583 3545 3633 3597; x_wconf 77' lang='lat' dir='ltr'><strong>oi</strong></span> <span class='ocrx_word' id='word_1_542' title='bbox 3673 3535 3788 3597; x_wconf 83' lang='grc' dir='ltr'><strong>τοῧ</strong></span> 
     </span>
    </p>
   </div>
   <div class='ocr_carea' id='block_1_71' title="bbox 542 3640 2098 3709">
    <p class='ocr_par' dir='ltr' id='par_1_71' title="bbox 542 3640 2098 3709">
     <span class='ocr_line' id='line_1_71' title="bbox 542 3640 2098 3709; baseline 0.003 -19"><span class='ocrx_word' id='word_1_543' title='bbox 542 3641 741 3692; x_wconf 81' lang='lat' dir='ltr'><strong>liberos</strong></span> <span class='ocrx_word' id='word_1_544' title='bbox 776 3655 868 3705; x_wconf 80' lang='lat' dir='ltr'><strong>per</strong></span> <span class='ocrx_word' id='word_1_545' title='bbox 919 3641 1396 3705; x_wconf 82' lang='lat' dir='ltr'><strong>emancipationem</strong></span> <span class='ocrx_word' id='word_1_546' title='bbox 1445 3643 1522 3693; x_wconf 86' lang='lat' dir='ltr'><strong>sui</strong></span> <span class='ocrx_word' id='word_1_547' title='bbox 1557 3642 1695 3709; x_wconf 85' lang='lat' dir='ltr'><strong>juris</strong></span> <span class='ocrx_word' id='word_1_548' title='bbox 1748 3640 1969 3695; x_wconf 78' lang='lat' dir='ltr'><strong>faciant.</strong></span> <span class='ocrx_word' id='word_1_549' title='bbox 2006 3641 2098 3695; x_wconf 80' lang='lat' dir='ltr'><strong>Est</strong></span> 
     </span>
    </p>
   </div>
   <div class='ocr_carea' id='block_1_72' title="bbox 541 3726 2094 3795">
    <p class='ocr_par' dir='ltr' id='par_1_72' title="bbox 541 3726 2094 3795">
     <span class='ocr_line' id='line_1_72' title="bbox 541 3726 2094 3795; baseline 0.001 -17"><span class='ocrx_word' id='word_1_550' title='bbox 541 3743 669 3781; x_wconf 67' lang='lat' dir='ltr'><strong>vero</strong></span> <span class='ocrx_word' id='word_1_551' title='bbox 693 3742 754 3779; x_wconf 89' lang='lat' dir='ltr'><strong>ea</strong></span> <span class='ocrx_word' id='word_1_552' title='bbox 785 3726 968 3780; x_wconf 84' lang='lat' dir='ltr'><strong>Latina</strong></span> <span class='ocrx_word' id='word_1_553' title='bbox 1005 3742 1122 3779; x_wconf 76' lang='lat' dir='ltr'><strong>vox.</strong></span> <span class='ocrx_word' id='word_1_554' title='bbox 1153 3727 1517 3794; x_wconf 84' lang='lat' dir='ltr'><strong>Emaucipatio</strong></span> <span class='ocrx_word' id='word_1_555' title='bbox 1566 3744 1726 3795; x_wconf 89' lang='lat' dir='ltr'><strong>porro</strong></span> <span class='ocrx_word' id='word_1_556' title='bbox 1795 3729 2094 3782; x_wconf 87' lang='lat' dir='ltr'><strong>libertatem</strong></span> 
     </span>
    </p>
   </div>
   <div class='ocr_carea' id='block_1_73' title="bbox 540 3819 2094 3890">
    <p class='ocr_par' dir='ltr' id='par_1_73' title="bbox 540 3819 2094 3890">
     <span class='ocr_line' id='line_1_73' title="bbox 540 3819 2094 3890; baseline -0.001 -18"><span class='ocrx_word' id='word_1_557' title='bbox 540 3819 608 3872; x_wconf 76' lang='lat' dir='ltr'><strong>ab</strong></span> <span class='ocrx_word' id='word_1_558' title='bbox 636 3834 722 3884; x_wconf 86' lang='lat' dir='ltr'><strong>eo,</strong></span> <span class='ocrx_word' id='word_1_559' title='bbox 753 3820 840 3879; x_wconf 82' lang='lat' dir='ltr'><strong>qui</strong></span> <span class='ocrx_word' id='word_1_560' title='bbox 874 3819 1168 3886; x_wconf 86' lang='lat' dir='ltr'><strong>subjectum</strong></span> <span class='ocrx_word' id='word_1_561' title='bbox 1196 3821 1424 3888; x_wconf 85' lang='lat' dir='ltr'><strong>aliquem</strong></span> <span class='ocrx_word' id='word_1_562' title='bbox 1455 3821 1631 3882; x_wconf 81' lang='lat' dir='ltr'><strong>habet,</strong></span> <span class='ocrx_word' id='word_1_563' title='bbox 1661 3821 1758 3890; x_wconf 88' lang='lat' dir='ltr'><strong>ipsi</strong></span> <span class='ocrx_word' id='word_1_564' title='bbox 1783 3836 2094 3876; x_wconf 84' lang='lat' dir='ltr'><strong>concessam</strong></span> 
     </span>
    </p>
   </div>
   <div class='ocr_carea' id='block_1_74' title="bbox 542 3909 2096 3980">
    <p class='ocr_par' dir='ltr' id='par_1_74' title="bbox 542 3909 2096 3980">
     <span class='ocr_line' id='line_1_74' title="bbox 542 3909 2096 3980; baseline 0.003 -18"><span class='ocrx_word' id='word_1_565' title='bbox 542 3911 830 3977; x_wconf 73' lang='lat' dir='ltr'><strong>significat.</strong></span> <span class='ocrx_word' id='word_1_566' title='bbox 868 3909 1090 3964; x_wconf 78' lang='lat' dir='ltr'><strong>Liberos</strong></span> <span class='ocrx_word' id='word_1_567' title='bbox 1120 3911 1301 3978; x_wconf 76' lang='lat' dir='ltr'><strong>igitur,</strong></span> <span class='ocrx_word' id='word_1_568' title='bbox 1348 3913 1659 3979; x_wconf 60' lang='lat' dir='ltr'><strong>priusquam</strong></span> <span class='ocrx_word' id='word_1_569' title='bbox 1719 3915 1938 3966; x_wconf 87' lang='lat' dir='ltr'><strong>omnino</strong></span> <span class='ocrx_word' id='word_1_570' title='bbox 1973 3928 2096 3980; x_wconf 82' lang='lat' dir='ltr'><strong>pro-</strong></span> 
     </span>
    </p>
   </div>
   <div class='ocr_carea' id='block_1_75' title="bbox 544 4002 2097 4070">
    <p class='ocr_par' dir='ltr' id='par_1_75' title="bbox 544 4002 2097 4070">
     <span class='ocr_line' id='line_1_75' title="bbox 544 4002 2097 4070; baseline 0.005 -19"><span class='ocrx_word' id='word_1_571' title='bbox 544 4004 763 4054; x_wconf 78' lang='lat' dir='ltr'><strong>bitatem</strong></span> <span class='ocrx_word' id='word_1_572' title='bbox 795 4002 1006 4055; x_wconf 90' lang='lat' dir='ltr'><strong>illorum</strong></span> <span class='ocrx_word' id='word_1_573' title='bbox 1040 4013 1375 4070; x_wconf 79' lang='lat' dir='ltr'><strong>perspectzun</strong></span> <span class='ocrx_word' id='word_1_574' title='bbox 1403 4004 1654 4065; x_wconf 84' lang='lat' dir='ltr'><strong>habeant,</strong></span> <span class='ocrx_word' id='word_1_575' title='bbox 1676 4018 1737 4056; x_wconf 83' lang='lat' dir='ltr'><strong>ac</strong></span> <span class='ocrx_word' id='word_1_576' title='bbox 1769 4019 1861 4070; x_wconf 89' lang='lat' dir='ltr'><strong>per</strong></span> <span class='ocrx_word' id='word_1_577' title='bbox 1887 4015 2097 4059; x_wconf 64' lang='lat' dir='ltr'><strong>aetatem</strong></span> 
     </span>
    </p>
   </div>
   <div class='ocr_carea' id='block_1_76' title="bbox 542 4092 2098 4162">
    <p class='ocr_par' dir='ltr' id='par_1_76' title="bbox 542 4092 2098 4162">
     <span class='ocr_line' id='line_1_76' title="bbox 542 4092 2098 4162; baseline 0.003 -20"><span class='ocrx_word' id='word_1_578' title='bbox 542 4106 636 4143; x_wconf 89' lang='lat' dir='ltr'><strong>eos</strong></span> <span class='ocrx_word' id='word_1_579' title='bbox 669 4105 760 4157; x_wconf 88' lang='lat' dir='ltr'><strong>per</strong></span> <span class='ocrx_word' id='word_1_580' title='bbox 786 4106 841 4144; x_wconf 87' lang='lat' dir='ltr'><strong>se</strong></span> <span class='ocrx_word' id='word_1_581' title='bbox 876 4092 1071 4158; x_wconf 80' lang='lat' dir='ltr'><strong>sapere</strong></span> <span class='ocrx_word' id='word_1_582' title='bbox 1106 4107 1259 4158; x_wconf 87' lang='lat' dir='ltr'><strong>posse</strong></span> <span class='ocrx_word' id='word_1_583' title='bbox 1295 4092 1585 4161; x_wconf 83' lang='lat' dir='ltr'><strong>intelligant</strong></span> <span class='ocrx_word' id='word_1_584' title='bbox 1606 4092 1942 4160; x_wconf 85' lang='lat' dir='ltr'><strong>emancipare</strong></span> <span class='ocrx_word' id='word_1_585' title='bbox 1973 4109 2098 4162; x_wconf 90' lang='lat' dir='ltr'><strong>pro-</strong></span> 
     </span>
    </p>
   </div>
   <div class='ocr_carea' id='block_1_77' title="bbox 2204 3634 3782 3712">
    <p class='ocr_par' dir='ltr' id='par_1_77' title="bbox 2204 3634 3782 3712">
     <span class='ocr_line' id='line_1_77' title="bbox 2204 3634 3782 3712; baseline -0.006 -17"><span class='ocrx_word' id='word_1_586' title='bbox 2204 3645 2406 3712; x_wconf 80' lang='grc' dir='ltr'>κλήρου</span> <span class='ocrx_word' id='word_1_587' title='bbox 2448 3642 2521 3710; x_wconf 79' lang='grc' dir='ltr'>μὴ</span> <span class='ocrx_word' id='word_1_588' title='bbox 2553 3640 2881 3694; x_wconf 82' lang='grc' dir='ltr'>ποιείτωσαν</span> <span class='ocrx_word' id='word_1_589' title='bbox 2905 3635 3225 3702; x_wconf 74' lang='grc' dir='ltr'>αὐτεξούσια</span> <span class='ocrx_word' id='word_1_590' title='bbox 3256 3634 3324 3687; x_wconf 54' lang='lat' dir='ltr'><strong>ea.</strong></span> <span class='ocrx_word' id='word_1_591' title='bbox 3350 3636 3456 3687; x_wconf 84' lang='grc' dir='ltr'>ίδια</span> <span class='ocrx_word' id='word_1_592' title='bbox 3488 3635 3654 3687; x_wconf 80' lang='grc' dir='ltr'>τέκνα</span> <span class='ocrx_word' id='word_1_593' title='bbox 3679 3636 3782 3692; x_wconf 73' lang='grc' dir='ltr'>διὰ</span> 
     </span>
    </p>
   </div>
   <div class='ocr_carea' id='block_1_78' title="bbox 2203 3723 3783 3797">
    <p class='ocr_par' dir='ltr' id='par_1_78' title="bbox 2203 3723 3783 3797">
     <span class='ocr_line' id='line_1_78' title="bbox 2203 3723 3783 3797; baseline -0.011 -13"><span class='ocrx_word' id='word_1_594' title='bbox 2203 3731 2699 3797; x_wconf 80' lang='grc' dir='ltr'>ὲμαγκιπατίωνος.</span> <span class='ocrx_word' id='word_1_595' title='bbox 2776 3728 2883 3778; x_wconf 77' lang='grc' dir='ltr'><strong>Καὶ</strong></span> <span class='ocrx_word' id='word_1_596' title='bbox 2959 3724 3096 3794; x_wconf 75' lang='grc' dir='ltr'>αὕτη</span> <span class='ocrx_word' id='word_1_597' title='bbox 3161 3723 3441 3793; x_wconf 85' lang='grc' dir='ltr'>Ῥωμαῖκὴ</span> <span class='ocrx_word' id='word_1_598' title='bbox 3496 3725 3528 3791; x_wconf 74' lang='grc' dir='ltr'>ἡ</span> <span class='ocrx_word' id='word_1_599' title='bbox 3586 3723 3783 3788; x_wconf 79' lang='grc' dir='ltr'>λέξιςο</span> 
     </span>
    </p>
   </div>
   <div class='ocr_carea' id='block_1_79' title="bbox 2205 3812 3804 3889">
    <p class='ocr_par' dir='ltr' id='par_1_79' title="bbox 2205 3812 3804 3889">
     <span class='ocr_line' id='line_1_79' title="bbox 2205 3812 3804 3889; baseline -0.003 -17"><span class='ocrx_word' id='word_1_600' title='bbox 2205 3820 2578 3889; x_wconf 83' lang='grc' dir='ltr'>ὲμαγκιπατία</span> <span class='ocrx_word' id='word_1_601' title='bbox 2603 3819 2658 3869; x_wconf 72' lang='grc' dir='ltr'>δέ</span> <span class='ocrx_word' id='word_1_602' title='bbox 2683 3819 2830 3868; x_wconf 75' lang='grc' dir='ltr'>ἐστιν</span> <span class='ocrx_word' id='word_1_603' title='bbox 2858 3817 2889 3884; x_wconf 79' lang='grc' dir='ltr'>ἡ</span> <span class='ocrx_word' id='word_1_604' title='bbox 2924 3815 3072 3883; x_wconf 87' lang='grc' dir='ltr'><strong>παρά</strong></span> <span class='ocrx_word' id='word_1_605' title='bbox 3103 3813 3195 3866; x_wconf 88' lang='grc' dir='ltr'>τοῦ</span> <span class='ocrx_word' id='word_1_606' title='bbox 3220 3813 3432 3882; x_wconf 69' lang='grc' dir='ltr'>ἔχοντος</span> <span class='ocrx_word' id='word_1_607' title='bbox 3450 3812 3804 3876; x_wconf 77' lang='grc' dir='ltr'>ὑπεξούσιον-</span> 
     </span>
    </p>
   </div>
   <div class='ocr_carea' id='block_1_80' title="bbox 2203 3903 3785 3978">
    <p class='ocr_par' dir='ltr' id='par_1_80' title="bbox 2203 3903 3785 3978">
     <span class='ocr_line' id='line_1_80' title="bbox 2203 3903 3785 3978; baseline -0.004 -18"><span class='ocrx_word' id='word_1_608' title='bbox 2203 3909 2450 3978; x_wconf 81' lang='grc' dir='ltr'>διδομένη</span> <span class='ocrx_word' id='word_1_609' title='bbox 2480 3907 2627 3973; x_wconf 66' lang='grc' dir='ltr'>αὐτῷ</span> <span class='ocrx_word' id='word_1_610' title='bbox 2658 3906 3095 3973; x_wconf 79' lang='grc' dir='ltr'>αὐτεξουσιότης.</span> <span class='ocrx_word' id='word_1_611' title='bbox 3150 3904 3458 3974; x_wconf 74' lang='grc' dir='ltr'>Ὀρίζοντας</span> <span class='ocrx_word' id='word_1_612' title='bbox 3484 3903 3664 3955; x_wconf 86' lang='grc' dir='ltr'>τοίνυν</span> <span class='ocrx_word' id='word_1_613' title='bbox 3692 3907 3785 3975; x_wconf 80' lang='grc' dir='ltr'>μὴ</span> 
     </span>
    </p>
   </div>
   <div class='ocr_carea' id='block_1_81' title="bbox 2206 3994 3789 4063">
    <p class='ocr_par' dir='ltr' id='par_1_81' title="bbox 2206 3994 3789 4063">
     <span class='ocr_line' id='line_1_81' title="bbox 2206 3994 3789 4063; baseline -0.003 -11"><span class='ocrx_word' id='word_1_614' title='bbox 2206 4001 2378 4052; x_wconf 86' lang='grc' dir='ltr'>ποιεῖν</span> <span class='ocrx_word' id='word_1_615' title='bbox 2415 3999 2482 4050; x_wconf 73' lang='grc' dir='ltr'><strong>τὰ</strong></span> <span class='ocrx_word' id='word_1_616' title='bbox 2510 3999 2680 4050; x_wconf 80' lang='grc' dir='ltr'>τέκνα</span> <span class='ocrx_word' id='word_1_617' title='bbox 2707 3997 2886 4049; x_wconf 83' lang='grc' dir='ltr'>αὐτῶν</span> <span class='ocrx_word' id='word_1_618' title='bbox 2915 3996 3255 4059; x_wconf 82' lang='grc' dir='ltr'>αὐτεξούσια,</span> <span class='ocrx_word' id='word_1_619' title='bbox 3315 3995 3443 4063; x_wconf 66' lang='grc' dir='ltr'>πρὶν</span> <span class='ocrx_word' id='word_1_620' title='bbox 3483 3994 3514 4062; x_wconf 77' lang='grc' dir='ltr'>ἢ</span> <span class='ocrx_word' id='word_1_621' title='bbox 3565 3995 3789 4063; x_wconf 79' lang='grc' dir='ltr'>πληρο-</span> 
     </span>
    </p>
   </div>
   <div class='ocr_carea' id='block_1_82' title="bbox 2205 4081 3782 4157">
    <p class='ocr_par' dir='ltr' id='par_1_82' title="bbox 2205 4081 3782 4157">
     <span class='ocr_line' id='line_1_82' title="bbox 2205 4081 3782 4157; baseline -0.003 -18"><span class='ocrx_word' id='word_1_622' title='bbox 2205 4088 2400 4157; x_wconf 81' lang='grc' dir='ltr'>φορίαν</span> <span class='ocrx_word' id='word_1_623' title='bbox 2445 4087 2649 4139; x_wconf 80' lang='grc' dir='ltr'>λάϐωσι</span> <span class='ocrx_word' id='word_1_624' title='bbox 2679 4085 2807 4152; x_wconf 69' lang='grc' dir='ltr'>περὶ</span> <span class='ocrx_word' id='word_1_625' title='bbox 2831 4081 2939 4135; x_wconf 81' lang='grc' dir='ltr'><strong>τῶν</strong></span> <span class='ocrx_word' id='word_1_626' title='bbox 2970 4084 3183 4152; x_wconf 82' lang='grc' dir='ltr'>τρόπων</span> <span class='ocrx_word' id='word_1_627' title='bbox 3214 4082 3416 4146; x_wconf 87' lang='grc' dir='ltr'>αὐτῶν,</span> <span class='ocrx_word' id='word_1_628' title='bbox 3451 4082 3533 4134; x_wconf 83' lang='grc' dir='ltr'><strong>ὅτι</strong></span> <span class='ocrx_word' id='word_1_629' title='bbox 3565 4082 3782 4147; x_wconf 80' lang='grc' dir='ltr'>ἀγαυοί</span> 
     </span>
    </p>
   </div>
   <div class='ocr_carea' id='block_1_83' title="bbox 543 4171 2089 4258">
    <p class='ocr_par' dir='ltr' id='par_1_83' title="bbox 543 4171 2086 4258">
     <span class='ocr_line' id='line_1_83' title="bbox 543 4171 2086 4258; baseline 0.003 -24"><span class='ocrx_word' id='word_1_630' title='bbox 543 4183 816 4234; x_wconf 79' lang='lat' dir='ltr'><strong>bibentur.</strong></span> <span class='ocrx_word' id='word_1_631' title='bbox 859 4184 912 4235; x_wconf 91' lang='lat' dir='ltr'><strong>Si</strong></span> <span class='ocrx_word' id='word_1_632' title='bbox 946 4198 1173 4248; x_wconf 80' lang='lat' dir='ltr'><strong>namque</strong></span> <span class='ocrx_word' id='word_1_633' title='bbox 1204 4194 1324 4236; x_wconf 84' lang='lat' dir='ltr'><strong>ante</strong></span> <span class='ocrx_word' id='word_1_634' title='bbox 1352 4185 1400 4235; x_wconf 88' lang='lat' dir='ltr'><strong>id</strong></span> <span class='ocrx_word' id='word_1_635' title='bbox 1435 4195 1640 4258; x_wconf 86' lang='lat' dir='ltr'><strong>tempus</strong></span> <span class='ocrx_word' id='word_1_636' title='bbox 1676 4184 1811 4237; x_wconf 89' lang='lat' dir='ltr'><strong>tilios</strong></span> <span class='ocrx_word' id='word_1_637' title='bbox 1845 4185 1921 4237; x_wconf 92' lang='lat' dir='ltr'><strong>sui</strong></span> <span class='ocrx_word' id='word_1_638' title='bbox 1949 4171 2086 4252; x_wconf 83' lang='lat' dir='ltr'><strong>juris</strong></span> 
     </span>
    </p>
   </div>
   <div class='ocr_carea' id='block_1_84' title="bbox 2204 4171 3788 4258">
    <p class='ocr_par' dir='ltr' id='par_1_84' title="bbox 2204 4171 3788 4244">
     <span class='ocr_line' id='line_1_84' title="bbox 2204 4171 3788 4244; baseline -0.006 -12"><span class='ocrx_word' id='word_1_639' title='bbox 2204 4184 2320 4244; x_wconf 79' lang='grc' dir='ltr'>εἱσι,</span> <span class='ocrx_word' id='word_1_640' title='bbox 2374 4181 2466 4230; x_wconf 69' lang='grc' dir='ltr'>καὶ</span> <span class='ocrx_word' id='word_1_641' title='bbox 2527 4178 2652 4244; x_wconf 74' lang='grc' dir='ltr'>περὶ</span> <span class='ocrx_word' id='word_1_642' title='bbox 2707 4176 2805 4242; x_wconf 85' lang='grc' dir='ltr'>τῆς</span> <span class='ocrx_word' id='word_1_643' title='bbox 2861 4175 3070 4243; x_wconf 73' lang='grc' dir='ltr'>ἡλικίας</span> <span class='ocrx_word' id='word_1_644' title='bbox 3099 4175 3183 4226; x_wconf 80' lang='grc' dir='ltr'>ὅτι</span> <span class='ocrx_word' id='word_1_645' title='bbox 3222 4171 3474 4225; x_wconf 88' lang='grc' dir='ltr'>δύνανται</span> <span class='ocrx_word' id='word_1_646' title='bbox 3535 4171 3594 4222; x_wconf 78' lang='grc' dir='ltr'>τὸ</span> <span class='ocrx_word' id='word_1_647' title='bbox 3651 4172 3788 4223; x_wconf 82' lang='grc' dir='ltr'>δέον</span> 
     </span>
    </p>
   </div>
   <div class='ocr_carea' id='block_1_85' title="bbox 545 4272 2102 4345">
    <p class='ocr_par' dir='ltr' id='par_1_85' title="bbox 545 4272 2102 4345">
     <span class='ocr_line' id='line_1_85' title="bbox 545 4272 2102 4345; baseline 0.004 -23"><span class='ocrx_word' id='word_1_648' title='bbox 545 4272 788 4333; x_wconf 80' lang='lat' dir='ltr'><strong>fecerim,</strong></span> <span class='ocrx_word' id='word_1_649' title='bbox 839 4287 1176 4340; x_wconf 85' lang='lat' dir='ltr'><strong>peccatorum</strong></span> <span class='ocrx_word' id='word_1_650' title='bbox 1206 4290 1322 4341; x_wconf 64' lang='lat' dir='ltr'><strong>quae</strong></span> <span class='ocrx_word' id='word_1_651' title='bbox 1358 4274 1430 4326; x_wconf 81' lang='lat' dir='ltr'><strong>illi</strong></span> <span class='ocrx_word' id='word_1_652' title='bbox 1465 4276 1780 4330; x_wconf 87' lang='lat' dir='ltr'><strong>admiserint</strong></span> <span class='ocrx_word' id='word_1_653' title='bbox 1810 4276 2102 4345; x_wconf 82' lang='lat' dir='ltr'><strong>participes</strong></span> 
     </span>
    </p>
   </div>
   <div class='ocr_carea' id='block_1_86' title="bbox 543 4362 1089 4429">
    <p class='ocr_par' dir='ltr' id='par_1_86' title="bbox 543 4362 1089 4429">
     <span class='ocr_line' id='line_1_86' title="bbox 543 4362 1089 4429; baseline 0.004 -15"><span class='ocrx_word' id='word_1_654' title='bbox 543 4375 660 4414; x_wconf 83' lang='lat' dir='ltr'><strong>esse</strong></span> <span class='ocrx_word' id='word_1_655' title='bbox 688 4362 1089 4429; x_wconf 79' lang='lat' dir='ltr'><strong>judicabuntur.</strong></span> 
     </span>
    </p>
   </div>
   <div class='ocr_carea' id='block_1_87' title="bbox 542 4547 2087 4616">
    <p class='ocr_par' dir='ltr' id='par_1_87' title="bbox 542 4547 2087 4616">
     <span class='ocr_line' id='line_1_87' title="bbox 542 4547 2087 4616; baseline 0 -13"><span class='ocrx_word' id='word_1_656' title='bbox 542 4549 761 4603; x_wconf 76' lang='lat' dir='ltr'><strong>AtilST.</strong></span> <span class='ocrx_word' id='word_1_657' title='bbox 803 4569 818 4598; x_wconf 81' lang='grc' dir='ltr'>ι</span> <span class='ocrx_word' id='word_1_658' title='bbox 861 4547 1104 4616; x_wconf 86' lang='lat' dir='ltr'><strong>Episcopi</strong></span> <span class='ocrx_word' id='word_1_659' title='bbox 1131 4557 1183 4600; x_wconf 84' lang='lat' dir='ltr'><strong>et</strong></span> <span class='ocrx_word' id='word_1_660' title='bbox 1206 4547 1384 4602; x_wconf 88' lang='lat' dir='ltr'><strong>clerici</strong></span> <span class='ocrx_word' id='word_1_661' title='bbox 1424 4548 1617 4603; x_wconf 85' lang='lat' dir='ltr'><strong>liberos</strong></span> <span class='ocrx_word' id='word_1_662' title='bbox 1645 4565 1790 4613; x_wconf 90' lang='lat' dir='ltr'><strong>suos,</strong></span> <span class='ocrx_word' id='word_1_663' title='bbox 1825 4560 1948 4604; x_wconf 88' lang='lat' dir='ltr'><strong>ante</strong></span> <span class='ocrx_word' id='word_1_664' title='bbox 1977 4564 2087 4603; x_wconf 87' lang='lat' dir='ltr'><strong>mo-</strong></span> 
     </span>
    </p>
   </div>
   <div class='ocr_carea' id='block_1_88' title="bbox 753 4640 1878 4708">
    <p class='ocr_par' dir='ltr' id='par_1_88' title="bbox 753 4640 1878 4708">
     <span class='ocr_line' id='line_1_88' title="bbox 753 4640 1878 4708; baseline 0.004 -21"><span class='ocrx_word' id='word_1_665' title='bbox 753 4658 770 4687; x_wconf 76' lang='grc' dir='ltr'>ι</span> <span class='ocrx_word' id='word_1_666' title='bbox 820 4656 931 4691; x_wconf 90' lang='lat' dir='ltr'><strong>rum</strong></span> <span class='ocrx_word' id='word_1_667' title='bbox 964 4640 1327 4699; x_wconf 83' lang='lat' dir='ltr'><strong>stabilitatem,</strong></span> <span class='ocrx_word' id='word_1_668' title='bbox 1363 4655 1428 4692; x_wconf 91' lang='lat' dir='ltr'><strong>ne</strong></span> <span class='ocrx_word' id='word_1_669' title='bbox 1464 4642 1822 4708; x_wconf 82' lang='lat' dir='ltr'><strong>emancipent.</strong></span> <span class='ocrx_word' id='word_1_670' title='bbox 1860 4661 1878 4691; x_wconf 74' lang='grc' dir='ltr'>ι</span> 
     </span>
    </p>
   </div>
   <div class='ocr_carea' id='block_1_89' title="bbox 619 4730 2091 4798">
    <p class='ocr_par' dir='ltr' id='par_1_89' title="bbox 619 4730 2091 4798">
     <span class='ocr_line' id='line_1_89' title="bbox 619 4730 2091 4798; baseline 0 -16"><span class='ocrx_word' id='word_1_671' title='bbox 619 4732 860 4798; x_wconf 83' lang='lat' dir='ltr'><strong>Episcopi</strong></span> <span class='ocrx_word' id='word_1_672' title='bbox 891 4741 942 4784; x_wconf 89' lang='lat' dir='ltr'><strong>et</strong></span> <span class='ocrx_word' id='word_1_673' title='bbox 972 4731 1152 4782; x_wconf 86' lang='lat' dir='ltr'><strong>clerici</strong></span> <span class='ocrx_word' id='word_1_674' title='bbox 1210 4730 1403 4783; x_wconf 83' lang='lat' dir='ltr'><strong>liberos</strong></span> <span class='ocrx_word' id='word_1_675' title='bbox 1429 4746 1557 4785; x_wconf 86' lang='lat' dir='ltr'><strong>suos</strong></span> <span class='ocrx_word' id='word_1_676' title='bbox 1604 4732 1668 4785; x_wconf 89' lang='lat' dir='ltr'><strong>de</strong></span> <span class='ocrx_word' id='word_1_677' title='bbox 1718 4746 1844 4783; x_wconf 82' lang='lat' dir='ltr'><strong>cura</strong></span> <span class='ocrx_word' id='word_1_678' title='bbox 1878 4730 2091 4797; x_wconf 88' lang='lat' dir='ltr'><strong>propria</strong></span> 
     </span>
    </p>
   </div>
   <div class='ocr_carea' id='block_1_90' title="bbox 542 4817 2095 4884">
    <p class='ocr_par' dir='ltr' id='par_1_90' title="bbox 542 4817 2095 4884">
     <span class='ocr_line' id='line_1_90' title="bbox 542 4817 2095 4884; baseline 0 -13"><span class='ocrx_word' id='word_1_679' title='bbox 542 4821 831 4879; x_wconf 82' lang='lat' dir='ltr'><strong>dimittere,</strong></span> <span class='ocrx_word' id='word_1_680' title='bbox 867 4828 919 4871; x_wconf 87' lang='lat' dir='ltr'><strong>ct</strong></span> <span class='ocrx_word' id='word_1_681' title='bbox 975 4818 1054 4870; x_wconf 83' lang='lat' dir='ltr'><strong>sui</strong></span> <span class='ocrx_word' id='word_1_682' title='bbox 1085 4817 1222 4884; x_wconf 85' lang='lat' dir='ltr'><strong>juris</strong></span> <span class='ocrx_word' id='word_1_683' title='bbox 1273 4817 1449 4871; x_wconf 83' lang='lat' dir='ltr'><strong>facere</strong></span> <span class='ocrx_word' id='word_1_684' title='bbox 1501 4833 1602 4870; x_wconf 88' lang='lat' dir='ltr'><strong>non</strong></span> <span class='ocrx_word' id='word_1_685' title='bbox 1656 4819 1872 4882; x_wconf 83' lang='lat' dir='ltr'><strong>debent,</strong></span> <span class='ocrx_word' id='word_1_686' title='bbox 1919 4819 2095 4882; x_wconf 83' lang='lat' dir='ltr'><strong>prius-</strong></span> 
     </span>
    </p>
   </div>
   <div class='ocr_carea' id='block_1_91' title="bbox 541 4905 2100 4976">
    <p class='ocr_par' dir='ltr' id='par_1_91' title="bbox 541 4905 2100 4976">
     <span class='ocr_line' id='line_1_91' title="bbox 541 4905 2100 4976; baseline 0.002 -19"><span class='ocrx_word' id='word_1_687' title='bbox 541 4926 700 4976; x_wconf 66' lang='lat' dir='ltr'><strong>quam</strong></span> <span class='ocrx_word' id='word_1_688' title='bbox 731 4907 976 4976; x_wconf 76' lang='lat' dir='ltr'><strong>perfecta:</strong></span> <span class='ocrx_word' id='word_1_689' title='bbox 1003 4908 1111 4960; x_wconf 87' lang='lat' dir='ltr'><strong>sint</strong></span> <span class='ocrx_word' id='word_1_690' title='bbox 1130 4907 1326 4962; x_wconf 73' lang='lat' dir='ltr'><strong>mlatis.</strong></span> <span class='ocrx_word' id='word_1_691' title='bbox 1348 4915 1400 4960; x_wconf 89' lang='lat' dir='ltr'><strong>et</strong></span> <span class='ocrx_word' id='word_1_692' title='bbox 1425 4907 1728 4960; x_wconf 89' lang='lat' dir='ltr'><strong>actionibus</strong></span> <span class='ocrx_word' id='word_1_693' title='bbox 1757 4905 2100 4974; x_wconf 85' lang='lat' dir='ltr'><strong>moribusque</strong></span> 
     </span>
    </p>
   </div>
   <div class='ocr_carea' id='block_1_92' title="bbox 540 4984 778 5052">
    <p class='ocr_par' dir='ltr' id='par_1_92' title="bbox 540 4984 778 5052">
     <span class='ocr_line' id='line_1_92' title="bbox 540 4984 778 5052; baseline 0 -1"><span class='ocrx_word' id='word_1_694' title='bbox 540 4984 778 5052; x_wconf 72' lang='lat' dir='ltr'><strong>stabiles.</strong></span> 
     </span>
    </p>
   </div>
   <div class='ocr_carea' id='block_1_93' title="bbox 1065 5087 1567 5143">
    <p class='ocr_par' dir='ltr' id='par_1_93' title="bbox 1065 5087 1567 5143">
     <span class='ocr_line' id='line_1_93' title="bbox 1065 5087 1567 5143; baseline -0.002 0"><span class='ocrx_word' id='word_1_695' title='bbox 1065 5088 1290 5143; x_wconf 73' lang='lat' dir='ltr'><strong>CANON</strong></span> <span class='ocrx_word' id='word_1_696' title='bbox 1328 5087 1567 5142; x_wconf 76' lang='lat' dir='ltr'><strong>XXXIX.</strong></span> 
     </span>
    </p>
   </div>
   <div class='ocr_carea' id='block_1_94' title="bbox 545 5174 2095 5248">
    <p class='ocr_par' dir='ltr' id='par_1_94' title="bbox 545 5174 2095 5248">
     <span class='ocr_line' id='line_1_94' title="bbox 545 5174 2095 5248; baseline 0.001 -18"><span class='ocrx_word' id='word_1_697' title='bbox 545 5200 563 5230; x_wconf 75' lang='grc' dir='ltr'>ι</span> <span class='ocrx_word' id='word_1_698' title='bbox 612 5180 684 5234; x_wconf 75' lang='lat' dir='ltr'><strong>Ne</strong></span> <span class='ocrx_word' id='word_1_699' title='bbox 715 5181 952 5248; x_wconf 87' lang='lat' dir='ltr'><strong>episcopi</strong></span> <span class='ocrx_word' id='word_1_700' title='bbox 1007 5189 1061 5233; x_wconf 85' lang='lat' dir='ltr'><strong>et</strong></span> <span class='ocrx_word' id='word_1_701' title='bbox 1112 5181 1292 5234; x_wconf 90' lang='lat' dir='ltr'><strong>clerici</strong></span> <span class='ocrx_word' id='word_1_702' title='bbox 1349 5181 1700 5242; x_wconf 88' lang='lat' dir='ltr'><strong>ordinentur,</strong></span> <span class='ocrx_word' id='word_1_703' title='bbox 1757 5174 1856 5235; x_wconf 89' lang='lat' dir='ltr'><strong>nisi</strong></span> <span class='ocrx_word' id='word_1_704' title='bbox 1907 5195 2095 5233; x_wconf 89' lang='lat' dir='ltr'><strong>omnes</strong></span> 
     </span>
    </p>
   </div>
   <div class='ocr_carea' id='block_1_95' title="bbox 618 5269 2098 5338">
    <p class='ocr_par' dir='ltr' id='par_1_95' title="bbox 618 5269 2098 5338">
     <span class='ocr_line' id='line_1_95' title="bbox 618 5269 2098 5338; baseline 0.001 -16"><span class='ocrx_word' id='word_1_705' title='bbox 618 5291 635 5322; x_wconf 79' lang='grc' dir='ltr'>ι</span> <span class='ocrx_word' id='word_1_706' title='bbox 678 5287 804 5325; x_wconf 82' lang='lat' dir='ltr'><strong>suos</strong></span> <span class='ocrx_word' id='word_1_707' title='bbox 830 5270 1054 5325; x_wconf 79' lang='lat' dir='ltr'><strong>fecerint</strong></span> <span class='ocrx_word' id='word_1_708' title='bbox 1094 5271 1451 5325; x_wconf 71' lang='lat' dir='ltr'><strong>Christianos.</strong></span> <span class='ocrx_word' id='word_1_709' title='bbox 1491 5269 1560 5324; x_wconf 89' lang='lat' dir='ltr'><strong>Ut</strong></span> <span class='ocrx_word' id='word_1_710' title='bbox 1592 5271 1829 5338; x_wconf 85' lang='lat' dir='ltr'><strong>episcopi</strong></span> <span class='ocrx_word' id='word_1_711' title='bbox 1871 5279 1924 5324; x_wconf 91' lang='lat' dir='ltr'><strong>et</strong></span> <span class='ocrx_word' id='word_1_712' title='bbox 1979 5285 2098 5338; x_wconf 87' lang='lat' dir='ltr'><strong>prc-</strong></span> 
     </span>
    </p>
   </div>
   <div class='ocr_carea' id='block_1_96' title="bbox 624 5361 2096 5430">
    <p class='ocr_par' dir='ltr' id='par_1_96' title="bbox 624 5361 2096 5430">
     <span class='ocr_line' id='line_1_96' title="bbox 624 5361 2096 5430; baseline -0.001 -18"><span class='ocrx_word' id='word_1_713' title='bbox 624 5381 640 5412; x_wconf 82' lang='grc' dir='ltr'>ι</span> <span class='ocrx_word' id='word_1_714' title='bbox 689 5362 884 5430; x_wconf 86' lang='lat' dir='ltr'><strong>sbytcri</strong></span> <span class='ocrx_word' id='word_1_715' title='bbox 913 5371 966 5416; x_wconf 89' lang='lat' dir='ltr'><strong>et</strong></span> <span class='ocrx_word' id='word_1_716' title='bbox 991 5363 1201 5415; x_wconf 86' lang='lat' dir='ltr'><strong>diaconi</strong></span> <span class='ocrx_word' id='word_1_717' title='bbox 1247 5377 1350 5414; x_wconf 91' lang='lat' dir='ltr'><strong>non</strong></span> <span class='ocrx_word' id='word_1_718' title='bbox 1400 5361 1740 5424; x_wconf 87' lang='lat' dir='ltr'><strong>ordinentur,</strong></span> <span class='ocrx_word' id='word_1_719' title='bbox 1787 5361 2096 5427; x_wconf 82' lang='lat' dir='ltr'><strong>priusquam</strong></span> 
     </span>
    </p>
   </div>
   <div class='ocr_carea' id='block_1_97' title="bbox 619 5450 2094 5519">
    <p class='ocr_par' dir='ltr' id='par_1_97' title="bbox 619 5450 2094 5519">
     <span class='ocr_line' id='line_1_97' title="bbox 619 5450 2094 5519; baseline 0 -17"><span class='ocrx_word' id='word_1_720' title='bbox 619 5470 637 5502; x_wconf 76' lang='grc' dir='ltr'><strong>ι</strong></span> <span class='ocrx_word' id='word_1_721' title='bbox 683 5466 891 5513; x_wconf 89' lang='lat' dir='ltr'><strong>omnes,</strong></span> <span class='ocrx_word' id='word_1_722' title='bbox 941 5452 1191 5519; x_wconf 78' lang='lat' dir='ltr'><strong>qui-sunt</strong></span> <span class='ocrx_word' id='word_1_723' title='bbox 1241 5454 1289 5504; x_wconf 91' lang='lat' dir='ltr'><strong>in</strong></span> <span class='ocrx_word' id='word_1_724' title='bbox 1347 5452 1458 5504; x_wconf 86' lang='lat' dir='ltr'><strong>suis</strong></span> <span class='ocrx_word' id='word_1_725' title='bbox 1508 5450 1712 5506; x_wconf 68' lang='lat' dir='ltr'><strong>aedibus</strong></span> <span class='ocrx_word' id='word_1_726' title='bbox 1758 5451 2094 5504; x_wconf 87' lang='lat' dir='ltr'><strong>Christianos</strong></span> 
     </span>
    </p>
   </div>
   <div class='ocr_carea' id='block_1_98' title="bbox 622 5541 1345 5595">
    <p class='ocr_par' dir='ltr' id='par_1_98' title="bbox 622 5541 1345 5595">
     <span class='ocr_line' id='line_1_98' title="bbox 622 5541 1345 5595; baseline 0 -3"><span class='ocrx_word' id='word_1_727' title='bbox 622 5560 637 5592; x_wconf 86' lang='grc' dir='ltr'>ι</span> <span class='ocrx_word' id='word_1_728' title='bbox 687 5542 1009 5594; x_wconf 77' lang='lat' dir='ltr'><strong>orthodnxos</strong></span> <span class='ocrx_word' id='word_1_729' title='bbox 1037 5541 1280 5595; x_wconf 81' lang='lat' dir='ltr'><strong>fecerint.</strong></span> <span class='ocrx_word' id='word_1_730' title='bbox 1328 5561 1345 5592; x_wconf 73' lang='grc' dir='ltr'>ι</span> 
     </span>
    </p>
   </div>
   <div class='ocr_carea' id='block_1_99' title="bbox 622 5719 2095 5786">
    <p class='ocr_par' dir='ltr' id='par_1_99' title="bbox 622 5719 2095 5786">
     <span class='ocr_line' id='line_1_99' title="bbox 622 5719 2095 5786; baseline 0.001 -14"><span class='ocrx_word' id='word_1_731' title='bbox 622 5719 813 5772; x_wconf 81' lang='lat' dir='ltr'><strong>BALS.</strong></span> <span class='ocrx_word' id='word_1_732' title='bbox 856 5720 1092 5774; x_wconf 58' lang='lat' dir='ltr'><strong>Perseus</strong></span> <span class='ocrx_word' id='word_1_733' title='bbox 1123 5722 1331 5786; x_wconf 86' lang='lat' dir='ltr'><strong>quidem</strong></span> <span class='ocrx_word' id='word_1_734' title='bbox 1365 5738 1533 5776; x_wconf 85' lang='lat' dir='ltr'><strong>canon</strong></span> <span class='ocrx_word' id='word_1_735' title='bbox 1573 5724 1816 5783; x_wconf 84' lang='lat' dir='ltr'><strong>prohibet</strong></span> <span class='ocrx_word' id='word_1_736' title='bbox 1870 5722 2095 5784; x_wconf 82' lang='lat' dir='ltr'><strong>aliquem</strong></span> 
     </span>
    </p>
   </div>
   <div class='ocr_carea' id='block_1_100' title="bbox 2210 4261 3785 4339">
    <p class='ocr_par' dir='ltr' id='par_1_100' title="bbox 2210 4261 3785 4339">
     <span class='ocr_line' id='line_1_100' title="bbox 2210 4261 3785 4339; baseline -0.004 -17"><span class='ocrx_word' id='word_1_737' title='bbox 2210 4269 2499 4339; x_wconf 81' lang='grc' dir='ltr'>φρονῆσαι.</span> <span class='ocrx_word' id='word_1_738' title='bbox 2533 4270 2594 4320; x_wconf 83' lang='lat' dir='ltr'><strong>E!</strong></span> <span class='ocrx_word' id='word_1_739' title='bbox 2629 4269 2735 4336; x_wconf 80' lang='grc' dir='ltr'><strong>γὰρ</strong></span> <span class='ocrx_word' id='word_1_740' title='bbox 2763 4267 2868 4337; x_wconf 70' lang='grc' dir='ltr'><strong>πρὸ</strong></span> <span class='ocrx_word' id='word_1_741' title='bbox 2897 4266 3140 4318; x_wconf 78' lang='grc' dir='ltr'>τοιούτου</span> <span class='ocrx_word' id='word_1_742' title='bbox 3195 4262 3386 4330; x_wconf 78' lang='grc' dir='ltr'>καιροῦ</span> <span class='ocrx_word' id='word_1_743' title='bbox 3444 4261 3785 4325; x_wconf 80' lang='grc' dir='ltr'>αὐτεξούσια</span> 
     </span>
    </p>
   </div>
   <div class='ocr_carea' id='block_1_101' title="bbox 2207 4353 3788 4427">
    <p class='ocr_par' dir='ltr' id='par_1_101' title="bbox 2207 4353 3788 4427">
     <span class='ocr_line' id='line_1_101' title="bbox 2207 4353 3788 4427; baseline -0.006 -11"><span class='ocrx_word' id='word_1_744' title='bbox 2207 4363 2275 4416; x_wconf 86' lang='grc' dir='ltr'>τὰ</span> <span class='ocrx_word' id='word_1_745' title='bbox 2307 4363 2467 4414; x_wconf 77' lang='grc' dir='ltr'>τέκνα</span> <span class='ocrx_word' id='word_1_746' title='bbox 2502 4362 2805 4427; x_wconf 80' lang='grc' dir='ltr'>ποιήσουσι,</span> <span class='ocrx_word' id='word_1_747' title='bbox 2841 4358 2948 4410; x_wconf 86' lang='grc' dir='ltr'>τῶν</span> <span class='ocrx_word' id='word_1_748' title='bbox 2987 4355 3396 4425; x_wconf 81' lang='grc' dir='ltr'>ἁμαρτημάτων</span> <span class='ocrx_word' id='word_1_749' title='bbox 3457 4353 3634 4405; x_wconf 82' lang='grc' dir='ltr'>αὐτῶν</span> <span class='ocrx_word' id='word_1_750' title='bbox 3675 4354 3788 4406; x_wconf 77' lang='grc' dir='ltr'><strong>καὶ</strong></span> 
     </span>
    </p>
   </div>
   <div class='ocr_carea' id='block_1_102' title="bbox 2215 4448 2898 4505">
    <p class='ocr_par' dir='ltr' id='par_1_102' title="bbox 2215 4448 2898 4505">
     <span class='ocr_line' id='line_1_102' title="bbox 2215 4448 2898 4505; baseline -0.007 -1"><span class='ocrx_word' id='word_1_751' title='bbox 2215 4454 2368 4505; x_wconf 71' lang='grc' dir='ltr'>αὐτοὶ</span> <span class='ocrx_word' id='word_1_752' title='bbox 2395 4451 2604 4502; x_wconf 72' lang='grc' dir='ltr'>ἔσονται</span> <span class='ocrx_word' id='word_1_753' title='bbox 2635 4448 2898 4500; x_wconf 85' lang='grc' dir='ltr'>κοινωνοί.</span> 
     </span>
    </p>
   </div>
   <div class='ocr_carea' id='block_1_103' title="bbox 2186 4538 3787 4611">
    <p class='ocr_par' dir='ltr' id='par_1_103' title="bbox 2186 4538 3787 4611">
     <span class='ocr_line' id='line_1_103' title="bbox 2186 4538 3787 4611; baseline -0.004 -12"><span class='ocrx_word' id='word_1_754' title='bbox 2186 4543 2406 4600; x_wconf 79' lang='grc' dir='ltr'><strong>ΑΡΙΣΤ.</strong></span> <span class='ocrx_word' id='word_1_755' title='bbox 2421 4564 2438 4595; x_wconf 87' lang='grc'><strong>‹</strong></span> <span class='ocrx_word' id='word_1_756' title='bbox 2461 4545 2770 4595; x_wconf 81' lang='grc' dir='ltr'>Ἑπίσκοποι</span> <span class='ocrx_word' id='word_1_757' title='bbox 2785 4542 2877 4593; x_wconf 71' lang='grc' dir='ltr'>καὶ</span> <span class='ocrx_word' id='word_1_758' title='bbox 2893 4541 3138 4609; x_wconf 72' lang='grc' dir='ltr'>κληρικοὶ</span> <span class='ocrx_word' id='word_1_759' title='bbox 3153 4539 3219 4590; x_wconf 88' lang='grc' dir='ltr'><strong>τά</strong></span> <span class='ocrx_word' id='word_1_760' title='bbox 3233 4538 3338 4592; x_wconf 77' lang='grc' dir='ltr'>ἴδια</span> <span class='ocrx_word' id='word_1_761' title='bbox 3352 4539 3533 4600; x_wconf 74' lang='grc' dir='ltr'>τέκνα,</span> <span class='ocrx_word' id='word_1_762' title='bbox 3550 4539 3659 4607; x_wconf 77' lang='grc' dir='ltr'><strong>πρὸ</strong></span> <span class='ocrx_word' id='word_1_763' title='bbox 3671 4541 3787 4611; x_wconf 79' lang='grc' dir='ltr'><strong>τῆς</strong></span> 
     </span>
    </p>
   </div>
   <div class='ocr_carea' id='block_1_104' title="bbox 2194 4631 3780 4702">
    <p class='ocr_par' dir='ltr' id='par_1_104' title="bbox 2194 4631 3780 4702">
     <span class='ocr_line' id='line_1_104' title="bbox 2194 4631 3780 4702; baseline -0.004 -14"><span class='ocrx_word' id='word_1_764' title='bbox 2194 4655 2211 4688; x_wconf 76' lang='grc' dir='ltr'>ι</span> <span class='ocrx_word' id='word_1_765' title='bbox 2240 4637 2347 4688; x_wconf 82' lang='grc' dir='ltr'>τῶν</span> <span class='ocrx_word' id='word_1_766' title='bbox 2379 4636 2592 4702; x_wconf 76' lang='grc' dir='ltr'>τρόπων</span> <span class='ocrx_word' id='word_1_767' title='bbox 2612 4632 3028 4701; x_wconf 79' lang='grc' dir='ltr'>σταϐηρότητος,</span> <span class='ocrx_word' id='word_1_768' title='bbox 3066 4631 3139 4701; x_wconf 80' lang='grc' dir='ltr'>μὴ</span> <span class='ocrx_word' id='word_1_769' title='bbox 3162 4631 3686 4698; x_wconf 82' lang='grc' dir='ltr'>ὲμαγκιπευέτωσαν</span> <span class='ocrx_word' id='word_1_770' title='bbox 3756 4653 3780 4686; x_wconf 73' lang='grc' dir='ltr'><strong>ι</strong></span> 
     </span>
    </p>
   </div>
   <div class='ocr_carea' id='block_1_105' title="bbox 2262 4721 3782 4794">
    <p class='ocr_par' dir='ltr' id='par_1_105' title="bbox 2262 4721 3782 4794">
     <span class='ocr_line' id='line_1_105' title="bbox 2262 4721 3782 4794; baseline -0.005 -16"><span class='ocrx_word' id='word_1_771' title='bbox 2262 4726 2374 4794; x_wconf 84' lang='grc' dir='ltr'><strong>Τῆς</strong></span> <span class='ocrx_word' id='word_1_772' title='bbox 2409 4726 2544 4785; x_wconf 79' lang='grc' dir='ltr'>ἰδίας</span> <span class='ocrx_word' id='word_1_773' title='bbox 2569 4724 2749 4792; x_wconf 73' lang='grc' dir='ltr'>χειρὸς</span> <span class='ocrx_word' id='word_1_774' title='bbox 2781 4723 2880 4774; x_wconf 89' lang='grc' dir='ltr'><strong>οὐκ</strong></span> <span class='ocrx_word' id='word_1_775' title='bbox 2902 4721 3209 4788; x_wconf 71' lang='grc' dir='ltr'>ὀφείλουσιν</span> <span class='ocrx_word' id='word_1_776' title='bbox 3244 4722 3532 4772; x_wconf 73' lang='grc' dir='ltr'>ἐπίσκοποι</span> <span class='ocrx_word' id='word_1_777' title='bbox 3569 4721 3600 4790; x_wconf 77' lang='grc' dir='ltr'>ἦ</span> <span class='ocrx_word' id='word_1_778' title='bbox 3631 4722 3782 4791; x_wconf 87' lang='grc' dir='ltr'>κλη-</span> 
     </span>
    </p>
   </div>
   <div class='ocr_carea' id='block_1_106' title="bbox 2201 4810 3779 4887">
    <p class='ocr_par' dir='ltr' id='par_1_106' title="bbox 2201 4810 3779 4887">
     <span class='ocr_line' id='line_1_106' title="bbox 2201 4810 3779 4887; baseline -0.003 -16"><span class='ocrx_word' id='word_1_779' title='bbox 2201 4819 2343 4887; x_wconf 76' lang='grc' dir='ltr'>ρικοὶ</span> <span class='ocrx_word' id='word_1_780' title='bbox 2367 4816 2435 4868; x_wconf 88' lang='grc' dir='ltr'><strong>τά</strong></span> <span class='ocrx_word' id='word_1_781' title='bbox 2467 4817 2575 4867; x_wconf 74' lang='grc' dir='ltr'>ἴδια</span> <span class='ocrx_word' id='word_1_782' title='bbox 2605 4815 2767 4866; x_wconf 75' lang='grc' dir='ltr'>τέκνα</span> <span class='ocrx_word' id='word_1_783' title='bbox 2795 4812 3051 4866; x_wconf 76' lang='grc' dir='ltr'>ἀπολύειν</span> <span class='ocrx_word' id='word_1_784' title='bbox 3105 4811 3196 4863; x_wconf 73' lang='grc' dir='ltr'>καὶ</span> <span class='ocrx_word' id='word_1_785' title='bbox 3234 4811 3408 4862; x_wconf 82' lang='grc' dir='ltr'>ποιεῖν</span> <span class='ocrx_word' id='word_1_786' title='bbox 3438 4810 3779 4874; x_wconf 71' lang='grc' dir='ltr'>αὐτεξούσια</span> 
     </span>
    </p>
   </div>
   <div class='ocr_carea' id='block_1_107' title="bbox 2201 4899 3788 4977">
    <p class='ocr_par' dir='ltr' id='par_1_107' title="bbox 2201 4899 3788 4977">
     <span class='ocr_line' id='line_1_107' title="bbox 2201 4899 3788 4977; baseline -0.002 -17"><span class='ocrx_word' id='word_1_787' title='bbox 2201 4909 2306 4977; x_wconf 74' lang='grc' dir='ltr'><strong>πρὸ</strong></span> <span class='ocrx_word' id='word_1_788' title='bbox 2348 4906 2572 4968; x_wconf 78' lang='grc' dir='ltr'>ἀτελοῦς</span> <span class='ocrx_word' id='word_1_789' title='bbox 2608 4903 2843 4971; x_wconf 77' lang='grc' dir='ltr'>ἡλικίας,</span> <span class='ocrx_word' id='word_1_790' title='bbox 2883 4904 2979 4955; x_wconf 73' lang='grc' dir='ltr'>καὶ</span> <span class='ocrx_word' id='word_1_791' title='bbox 3014 4902 3110 4970; x_wconf 85' lang='grc' dir='ltr'>τῆς</span> <span class='ocrx_word' id='word_1_792' title='bbox 3139 4900 3249 4952; x_wconf 81' lang='grc' dir='ltr'><strong>τῶν</strong></span> <span class='ocrx_word' id='word_1_793' title='bbox 3280 4899 3496 4969; x_wconf 86' lang='grc' dir='ltr'>τρόπων</span> <span class='ocrx_word' id='word_1_794' title='bbox 3535 4901 3631 4954; x_wconf 77' lang='grc' dir='ltr'>καὶ</span> <span class='ocrx_word' id='word_1_795' title='bbox 3662 4903 3788 4957; x_wconf 83' lang='grc' dir='ltr'><strong>τῶν</strong></span> 
     </span>
    </p>
   </div>
   <div class='ocr_carea' id='block_1_108' title="bbox 2202 4994 2813 5068">
    <p class='ocr_par' dir='ltr' id='par_1_108' title="bbox 2202 4994 2813 5068">
     <span class='ocr_line' id='line_1_108' title="bbox 2202 4994 2813 5068; baseline -0.007 -17"><span class='ocrx_word' id='word_1_796' title='bbox 2202 4999 2348 5068; x_wconf 79' lang='grc' dir='ltr'><strong>ἠθῶν</strong></span> <span class='ocrx_word' id='word_1_797' title='bbox 2388 4994 2813 5064; x_wconf 77' lang='grc' dir='ltr'>σταοηρότητος.</span> 
     </span>
    </p>
   </div>
   <div class='ocr_carea' id='block_1_109' title="bbox 2797 5083 3163 5140">
    <p class='ocr_par' dir='ltr' id='par_1_109' title="bbox 2797 5083 3163 5140">
     <span class='ocr_line' id='line_1_109' title="bbox 2797 5083 3163 5140; baseline 0.011 -4"><span class='ocrx_word' id='word_1_798' title='bbox 2797 5083 3030 5136; x_wconf 80' lang='grc' dir='ltr'><strong>ΚΑΝΩΝ</strong></span> <span class='ocrx_word' id='word_1_799' title='bbox 3069 5084 3163 5140; x_wconf 75' lang='lat'><strong>\0&#39;.</strong></span> 
     </span>
    </p>
   </div>
   <div class='ocr_carea' id='block_1_110' title="bbox 2211 5175 3773 5246">
    <p class='ocr_par' dir='ltr' id='par_1_110' title="bbox 2211 5175 3773 5246">
     <span class='ocr_line' id='line_1_110' title="bbox 2211 5175 3773 5246; baseline 0.001 -18"><span class='ocrx_word' id='word_1_800' title='bbox 2211 5197 2228 5228; x_wconf 75' lang='grc' dir='ltr'><strong>ι</strong></span> <span class='ocrx_word' id='word_1_801' title='bbox 2271 5179 2404 5246; x_wconf 77' lang='grc' dir='ltr'>Περὶ</span> <span class='ocrx_word' id='word_1_802' title='bbox 2442 5175 2536 5228; x_wconf 78' lang='grc' dir='ltr'>τοῦ</span> <span class='ocrx_word' id='word_1_803' title='bbox 2568 5178 2694 5237; x_wconf 76' lang='grc' dir='ltr'>τοὺς</span> <span class='ocrx_word' id='word_1_804' title='bbox 2727 5175 3059 5237; x_wconf 71' lang='grc' dir='ltr'>ἐπισκόπους</span> <span class='ocrx_word' id='word_1_805' title='bbox 3093 5177 3184 5226; x_wconf 75' lang='grc' dir='ltr'>καὶ</span> <span class='ocrx_word' id='word_1_806' title='bbox 3211 5175 3508 5243; x_wconf 76' lang='grc' dir='ltr'>κληρικούς</span> <span class='ocrx_word' id='word_1_807' title='bbox 3538 5176 3613 5244; x_wconf 78' lang='grc' dir='ltr'>μὴ</span> <span class='ocrx_word' id='word_1_808' title='bbox 3646 5193 3773 5244; x_wconf 86' lang='grc' dir='ltr'>χει-</span> 
     </span>
    </p>
   </div>
   <div class='ocr_carea' id='block_1_111' title="bbox 2283 5266 3779 5338">
    <p class='ocr_par' dir='ltr' id='par_1_111' title="bbox 2283 5266 3779 5338">
     <span class='ocr_line' id='line_1_111' title="bbox 2283 5266 3779 5338; baseline 0 -18"><span class='ocrx_word' id='word_1_809' title='bbox 2283 5288 2300 5320; x_wconf 83' lang='grc' dir='ltr'><strong>ι</strong></span> <span class='ocrx_word' id='word_1_810' title='bbox 2341 5269 2697 5338; x_wconf 81' lang='grc' dir='ltr'>ροτονεῖσοαι,</span> <span class='ocrx_word' id='word_1_811' title='bbox 2727 5267 2774 5318; x_wconf 88' lang='grc' dir='ltr'><strong>εί</strong></span> <span class='ocrx_word' id='word_1_812' title='bbox 2800 5267 2873 5334; x_wconf 76' lang='grc' dir='ltr'>μὴ</span> <span class='ocrx_word' id='word_1_813' title='bbox 2900 5267 3106 5326; x_wconf 82' lang='grc' dir='ltr'>πάντας</span> <span class='ocrx_word' id='word_1_814' title='bbox 3134 5267 3258 5326; x_wconf 81' lang='grc' dir='ltr'>τοὺς</span> <span class='ocrx_word' id='word_1_815' title='bbox 3301 5266 3468 5328; x_wconf 77' lang='grc' dir='ltr'>ἰδίους</span> <span class='ocrx_word' id='word_1_816' title='bbox 3501 5267 3779 5337; x_wconf 80' lang='grc' dir='ltr'>Χριστια-</span> 
     </span>
    </p>
   </div>
   <div class='ocr_carea' id='block_1_112' title="bbox 2283 5356 3782 5426">
    <p class='ocr_par' dir='ltr' id='par_1_112' title="bbox 2283 5356 3782 5426">
     <span class='ocr_line' id='line_1_112' title="bbox 2283 5356 3782 5426; baseline 0.001 -18"><span class='ocrx_word' id='word_1_817' title='bbox 2283 5377 2299 5408; x_wconf 83' lang='grc' dir='ltr'><strong>ι</strong></span> <span class='ocrx_word' id='word_1_818' title='bbox 2336 5361 2456 5419; x_wconf 75' lang='grc' dir='ltr'>νοὺς</span> <span class='ocrx_word' id='word_1_819' title='bbox 2495 5359 2812 5425; x_wconf 55' lang='grc' dir='ltr'>ποιήσωσιν.</span> <span class='ocrx_word' id='word_1_820' title='bbox 2866 5358 3027 5408; x_wconf 83' lang='grc' dir='ltr'>’Ὥστε</span> <span class='ocrx_word' id='word_1_821' title='bbox 3088 5356 3422 5418; x_wconf 80' lang='grc' dir='ltr'>ἐπισκόπους</span> <span class='ocrx_word' id='word_1_822' title='bbox 3488 5358 3583 5408; x_wconf 73' lang='grc' dir='ltr'><strong>καὶ</strong></span> <span class='ocrx_word' id='word_1_823' title='bbox 3638 5375 3782 5426; x_wconf 78' lang='grc' dir='ltr'>πρε-</span> 
     </span>
    </p>
   </div>
   <div class='ocr_carea' id='block_1_113' title="bbox 2282 5445 3782 5518">
    <p class='ocr_par' dir='ltr' id='par_1_113' title="bbox 2282 5445 3782 5518">
     <span class='ocr_line' id='line_1_113' title="bbox 2282 5445 3782 5518; baseline 0 -20"><span class='ocrx_word' id='word_1_824' title='bbox 2282 5467 2298 5498; x_wconf 76' lang='grc' dir='ltr'>ι</span> <span class='ocrx_word' id='word_1_825' title='bbox 2340 5449 2627 5516; x_wconf 74' lang='grc' dir='ltr'>σϐυτέρους</span> <span class='ocrx_word' id='word_1_826' title='bbox 2646 5448 2736 5500; x_wconf 69' lang='grc' dir='ltr'>καὶ</span> <span class='ocrx_word' id='word_1_827' title='bbox 2762 5448 3036 5508; x_wconf 83' lang='grc' dir='ltr'>διακόνους</span> <span class='ocrx_word' id='word_1_828' title='bbox 3057 5446 3130 5516; x_wconf 82' lang='grc' dir='ltr'>μὴ</span> <span class='ocrx_word' id='word_1_829' title='bbox 3155 5445 3576 5515; x_wconf 77' lang='grc' dir='ltr'>χειροτονεῖσθαι</span> <span class='ocrx_word' id='word_1_830' title='bbox 3604 5449 3782 5518; x_wconf 81' lang='grc' dir='ltr'>πρινὴ</span> 
     </span>
    </p>
   </div>
   <div class='ocr_carea' id='block_1_114' title="bbox 2283 5534 3784 5603">
    <p class='ocr_par' dir='ltr' id='par_1_114' title="bbox 2283 5534 3784 5603">
     <span class='ocr_line' id='line_1_114' title="bbox 2283 5534 3784 5603; baseline 0 -16"><span class='ocrx_word' id='word_1_831' title='bbox 2283 5557 2298 5587; x_wconf 78' lang='grc' dir='ltr'><strong>ι</strong></span> <span class='ocrx_word' id='word_1_832' title='bbox 2340 5538 2543 5596; x_wconf 83' lang='grc' dir='ltr'>πάντας</span> <span class='ocrx_word' id='word_1_833' title='bbox 2595 5536 2719 5595; x_wconf 77' lang='grc' dir='ltr'>τοὺς</span> <span class='ocrx_word' id='word_1_834' title='bbox 2789 5537 2847 5586; x_wconf 75' lang='grc' dir='ltr'>ἐν</span> <span class='ocrx_word' id='word_1_835' title='bbox 2898 5535 2972 5603; x_wconf 83' lang='grc' dir='ltr'><strong>τῷ</strong></span> <span class='ocrx_word' id='word_1_836' title='bbox 3016 5536 3145 5603; x_wconf 78' lang='grc' dir='ltr'>οἴκῳ</span> <span class='ocrx_word' id='word_1_837' title='bbox 3198 5534 3388 5586; x_wconf 64' lang='grc' dir='ltr'>αὐτῶν</span> <span class='ocrx_word' id='word_1_838' title='bbox 3413 5534 3784 5601; x_wconf 79' lang='grc' dir='ltr'>Χριστιανοὺς</span> 
     </span>
    </p>
   </div>
   <div class='ocr_carea' id='block_1_115' title="bbox 2285 5627 3064 5697">
    <p class='ocr_par' dir='ltr' id='par_1_115' title="bbox 2285 5627 3064 5697">
     <span class='ocr_line' id='line_1_115' title="bbox 2285 5627 3064 5697; baseline 0.001 -19"><span class='ocrx_word' id='word_1_839' title='bbox 2285 5649 2301 5678; x_wconf 76' lang='grc' dir='ltr'>ι</span> <span class='ocrx_word' id='word_1_840' title='bbox 2340 5627 2647 5697; x_wconf 74' lang='grc' dir='ltr'>όρθοδὸξους</span> <span class='ocrx_word' id='word_1_841' title='bbox 2693 5630 3003 5694; x_wconf 77' lang='grc' dir='ltr'>ποιήσωσιν.</span> <span class='ocrx_word' id='word_1_842' title='bbox 3050 5645 3064 5669; x_wconf 78' lang='grc' dir='ltr'>ι</span> 
     </span>
    </p>
   </div>
   <div class='ocr_carea' id='block_1_116' title="bbox 2285 5717 3752 5785">
    <p class='ocr_par' dir='ltr' id='par_1_116' title="bbox 2285 5717 3752 5785">
     <span class='ocr_line' id='line_1_116' title="bbox 2285 5717 3752 5785; baseline -0.001 -13"><span class='ocrx_word' id='word_1_843' title='bbox 2285 5720 2478 5772; x_wconf 77' lang='grc' dir='ltr'><strong>ΒᾹΛΣ.</strong></span> <span class='ocrx_word' id='word_1_844' title='bbox 2517 5719 2574 5769; x_wconf 89' lang='grc'><strong>’0</strong></span> <span class='ocrx_word' id='word_1_845' title='bbox 2605 5719 2699 5784; x_wconf 74' lang='grc' dir='ltr'>μὲν</span> <span class='ocrx_word' id='word_1_846' title='bbox 2742 5718 2926 5784; x_wconf 72' lang='grc' dir='ltr'>παρὼν</span> <span class='ocrx_word' id='word_1_847' title='bbox 2966 5719 3144 5770; x_wconf 74' lang='grc' dir='ltr'>κανὼν</span> <span class='ocrx_word' id='word_1_848' title='bbox 3195 5717 3389 5769; x_wconf 80' lang='grc' dir='ltr'>κωλύει</span> <span class='ocrx_word' id='word_1_849' title='bbox 3443 5721 3752 5785; x_wconf 75' lang='grc' dir='ltr'>χειροτονεῖ</span> 
     </span>
    </p>
   </div>
  </div>
