  <div class='ocr_page' id='page_1' title='image "/cluster/home/n/w/nwhite01/storage/ocr_20150623/138/ien.35556001660133/093.png"; bbox 0 0 3982 6496; ppageno 0'>
   <div class='ocr_carea' id='block_1_1' title="bbox 528 400 629 463">
    <p class='ocr_par' dir='ltr' id='par_1_1' title="bbox 528 400 629 463">
     <span class='ocr_line' id='line_1_1' title="bbox 528 400 629 463; baseline -0.03 -1"><span class='ocrx_word' id='word_1_1' title='bbox 528 400 629 463; x_wconf 73' lang='grc'><strong>163</strong></span> 
     </span>
    </p>
   </div>
   <div class='ocr_carea' id='block_1_2' title="bbox 1785 389 2501 454">
    <p class='ocr_par' dir='ltr' id='par_1_2' title="bbox 1785 389 2501 454">
     <span class='ocr_line' id='line_1_2' title="bbox 1785 389 2501 454; baseline 0.008 -6"><span class='ocrx_word' id='word_1_2' title='bbox 1785 389 2058 450; x_wconf 80' lang='grc' dir='ltr'><strong>ΤΙΙΕΟΙ).</strong></span> <span class='ocrx_word' id='word_1_3' title='bbox 2103 390 2501 454; x_wconf 77' lang='lat' dir='ltr'><strong>BALSAMON</strong></span> 
     </span>
    </p>
   </div>
   <div class='ocr_carea' id='block_1_3' title="bbox 3651 407 3761 472">
    <p class='ocr_par' dir='ltr' id='par_1_3' title="bbox 3651 407 3761 472">
     <span class='ocr_line' id='line_1_3' title="bbox 3651 407 3761 472; baseline 0.009 -2"><span class='ocrx_word' id='word_1_4' title='bbox 3651 407 3761 472; x_wconf 56' lang='lat' dir='ltr'><strong>l6!</strong></span> 
     </span>
    </p>
   </div>
   <div class='ocr_carea' id='block_1_4' title="bbox 526 509 2104 587">
    <p class='ocr_par' dir='ltr' id='par_1_4' title="bbox 526 509 2093 581">
     <span class='ocr_line' id='line_1_4' title="bbox 526 509 2093 581; baseline -0.008 -13"><span class='ocrx_word' id='word_1_5' title='bbox 526 520 807 569; x_wconf 86' lang='lat' dir='ltr'><strong>miscetur.</strong></span> <span class='ocrx_word' id='word_1_6' title='bbox 836 511 981 581; x_wconf 75' lang='lat' dir='ltr'><strong>Lege</strong></span> <span class='ocrx_word' id='word_1_7' title='bbox 1007 511 1165 567; x_wconf 84' lang='lat' dir='ltr'><strong>etiam</strong></span> <span class='ocrx_word' id='word_1_8' title='bbox 1190 523 1448 564; x_wconf 81' lang='lat' dir='ltr'><strong>canonem</strong></span> <span class='ocrx_word' id='word_1_9' title='bbox 1478 509 1511 561; x_wconf 82' lang='lat'><strong>5</strong></span> <span class='ocrx_word' id='word_1_10' title='bbox 1538 515 1850 561; x_wconf 86' lang='lat' dir='ltr'><strong>sanctorum</strong></span> <span class='ocrx_word' id='word_1_11' title='bbox 1884 515 2093 573; x_wconf 81' lang='lat' dir='ltr'><strong>aposto-</strong></span> 
     </span>
    </p>
   </div>
   <div class='ocr_carea' id='block_1_5' title="bbox 2231 509 3763 587">
    <p class='ocr_par' dir='ltr' id='par_1_5' title="bbox 2231 509 3763 587">
     <span class='ocr_line' id='line_1_5' title="bbox 2231 509 3763 587; baseline 0.009 -28"><span class='ocrx_word' id='word_1_12' title='bbox 2231 509 2323 579; x_wconf 78' lang='grc' dir='ltr'><strong>ῐνῳ</strong></span> <span class='ocrx_word' id='word_1_13' title='bbox 2357 513 2452 563; x_wconf 83' lang='grc' dir='ltr'><strong>καὶ</strong></span> <span class='ocrx_word' id='word_1_14' title='bbox 2508 512 2669 581; x_wconf 75' lang='grc' dir='ltr'>ὕδωρ.</span> <span class='ocrx_word' id='word_1_15' title='bbox 2728 516 3024 583; x_wconf 67' lang='grc' dir='ltr'>Ἀνάγνωοι</span> <span class='ocrx_word' id='word_1_16' title='bbox 3056 520 3151 571; x_wconf 75' lang='grc' dir='ltr'>καὶ</span> <span class='ocrx_word' id='word_1_17' title='bbox 3199 521 3287 572; x_wconf 68' lang='grc' dir='ltr'><strong>τὸν</strong></span> <span class='ocrx_word' id='word_1_18' title='bbox 3326 519 3369 587; x_wconf 73' lang='grc' dir='ltr'>γ’</span> <span class='ocrx_word' id='word_1_19' title='bbox 3414 522 3611 575; x_wconf 83' lang='grc' dir='ltr'>κανόνα</span> <span class='ocrx_word' id='word_1_20' title='bbox 3651 523 3763 573; x_wconf 82' lang='grc' dir='ltr'><strong>τῶν</strong></span> 
     </span>
    </p>
   </div>
   <div class='ocr_carea' id='block_1_6' title="bbox 530 598 2090 667">
    <p class='ocr_par' dir='ltr' id='par_1_6' title="bbox 530 598 2090 667">
     <span class='ocr_line' id='line_1_6' title="bbox 530 598 2090 667; baseline -0.007 -10"><span class='ocrx_word' id='word_1_21' title='bbox 530 606 724 660; x_wconf 89' lang='lat' dir='ltr'><strong>lorum.</strong></span> <span class='ocrx_word' id='word_1_22' title='bbox 771 603 901 656; x_wconf 90' lang='lat' dir='ltr'><strong>Cum</strong></span> <span class='ocrx_word' id='word_1_23' title='bbox 938 602 1005 654; x_wconf 90' lang='lat' dir='ltr'><strong>iis</strong></span> <span class='ocrx_word' id='word_1_24' title='bbox 1041 602 1221 652; x_wconf 83' lang='lat' dir='ltr'><strong>autem</strong></span> <span class='ocrx_word' id='word_1_25' title='bbox 1252 598 1439 652; x_wconf 75' lang='lat' dir='ltr'><strong>eadem</strong></span> <span class='ocrx_word' id='word_1_26' title='bbox 1478 610 1716 667; x_wconf 71' lang='lat' dir='ltr'><strong>prmsens</strong></span> <span class='ocrx_word' id='word_1_27' title='bbox 1752 610 1965 663; x_wconf 88' lang='lat' dir='ltr'><strong>quoque</strong></span> <span class='ocrx_word' id='word_1_28' title='bbox 1997 610 2090 648; x_wconf 88' lang='lat' dir='ltr'><strong>ca—</strong></span> 
     </span>
    </p>
   </div>
   <div class='ocr_carea' id='block_1_7' title="bbox 542 683 2093 762">
    <p class='ocr_par' dir='ltr' id='par_1_7' title="bbox 542 683 2093 762">
     <span class='ocr_line' id='line_1_7' title="bbox 542 683 2093 762; baseline -0.008 -16"><span class='ocrx_word' id='word_1_29' title='bbox 542 709 643 747; x_wconf 89' lang='lat' dir='ltr'><strong>non</strong></span> <span class='ocrx_word' id='word_1_30' title='bbox 698 691 961 762; x_wconf 69' lang='lat' dir='ltr'><strong>praecipit,</strong></span> <span class='ocrx_word' id='word_1_31' title='bbox 1006 689 1291 757; x_wconf 80' lang='lat' dir='ltr'><strong>adjiciens,</strong></span> <span class='ocrx_word' id='word_1_32' title='bbox 1348 685 1491 753; x_wconf 84' lang='lat' dir='ltr'><strong>quod</strong></span> <span class='ocrx_word' id='word_1_33' title='bbox 1534 685 1695 738; x_wconf 80' lang='lat' dir='ltr'><strong>etiam</strong></span> <span class='ocrx_word' id='word_1_34' title='bbox 1731 683 1775 736; x_wconf 87' lang='lat' dir='ltr'><strong>si</strong></span> <span class='ocrx_word' id='word_1_35' title='bbox 1827 684 2000 737; x_wconf 87' lang='lat' dir='ltr'><strong>soleat</strong></span> <span class='ocrx_word' id='word_1_36' title='bbox 2042 683 2093 759; x_wconf 77' lang='lat' dir='ltr'><strong>in</strong></span> 
     </span>
    </p>
   </div>
   <div class='ocr_carea' id='block_1_8' title="bbox 536 771 2095 846">
    <p class='ocr_par' dir='ltr' id='par_1_8' title="bbox 536 771 2095 846">
     <span class='ocr_line' id='line_1_8' title="bbox 536 771 2095 846; baseline -0.009 -6"><span class='ocrx_word' id='word_1_37' title='bbox 536 786 690 841; x_wconf 83' lang='lat' dir='ltr'><strong>altari</strong></span> <span class='ocrx_word' id='word_1_38' title='bbox 730 771 909 836; x_wconf 68' lang='grc' dir='ltr'>υσενεὶ</span> <span class='ocrx_word' id='word_1_39' title='bbox 942 781 1044 834; x_wconf 90' lang='lat' dir='ltr'><strong>mel</strong></span> <span class='ocrx_word' id='word_1_40' title='bbox 1074 781 1153 833; x_wconf 86' lang='lat' dir='ltr'><strong>vel</strong></span> <span class='ocrx_word' id='word_1_41' title='bbox 1193 780 1297 840; x_wconf 88' lang='lat' dir='ltr'><strong>Iac,</strong></span> <span class='ocrx_word' id='word_1_42' title='bbox 1335 789 1587 846; x_wconf 81' lang='lat' dir='ltr'><strong>tanquam</strong></span> <span class='ocrx_word' id='word_1_43' title='bbox 1621 776 1875 844; x_wconf 65' lang='lat' dir='ltr'><strong>pr&#39;mitiae</strong></span> <span class='ocrx_word' id='word_1_44' title='bbox 1918 775 1972 827; x_wconf 78' lang='lat' dir='ltr'><strong>in</strong></span> <span class='ocrx_word' id='word_1_45' title='bbox 2008 773 2095 827; x_wconf 89' lang='lat' dir='ltr'><strong>die</strong></span> 
     </span>
    </p>
   </div>
   <div class='ocr_carea' id='block_1_9' title="bbox 535 864 2101 936">
    <p class='ocr_par' dir='ltr' id='par_1_9' title="bbox 535 864 2101 936">
     <span class='ocr_line' id='line_1_9' title="bbox 535 864 2101 936; baseline -0.01 -6"><span class='ocrx_word' id='word_1_46' title='bbox 535 892 641 930; x_wconf 90' lang='lat' dir='ltr'><strong>uno</strong></span> <span class='ocrx_word' id='word_1_47' title='bbox 666 884 943 933; x_wconf 81' lang='lat' dir='ltr'><strong>consueto,</strong></span> <span class='ocrx_word' id='word_1_48' title='bbox 973 873 1037 925; x_wconf 81' lang='lat' dir='ltr'><strong>ad</strong></span> <span class='ocrx_word' id='word_1_49' title='bbox 1077 869 1366 922; x_wconf 70' lang='lat' dir='ltr'><strong>infantium</strong></span> <span class='ocrx_word' id='word_1_50' title='bbox 1404 867 1741 936; x_wconf 76' lang='lat' dir='ltr'><strong>mysterium,</strong></span> <span class='ocrx_word' id='word_1_51' title='bbox 1771 864 1974 918; x_wconf 85' lang='lat' dir='ltr'><strong>scilicet</strong></span> <span class='ocrx_word' id='word_1_52' title='bbox 2006 877 2101 931; x_wconf 80' lang='lat' dir='ltr'><strong>pro</strong></span> 
     </span>
    </p>
   </div>
   <div class='ocr_carea' id='block_1_10' title="bbox 532 951 2102 1019">
    <p class='ocr_par' dir='ltr' id='par_1_10' title="bbox 532 951 2102 1019">
     <span class='ocr_line' id='line_1_10' title="bbox 532 951 2102 1019; baseline -0.01 0"><span class='ocrx_word' id='word_1_53' title='bbox 532 963 824 1019; x_wconf 78' lang='lat' dir='ltr'><strong>infamibus</strong></span> <span class='ocrx_word' id='word_1_54' title='bbox 862 975 879 1013; x_wconf 88' lang='lat'><strong>:</strong></span> <span class='ocrx_word' id='word_1_55' title='bbox 916 974 981 1014; x_wconf 88' lang='lat' dir='ltr'><strong>ea</strong></span> <span class='ocrx_word' id='word_1_56' title='bbox 1016 969 1193 1011; x_wconf 84' lang='lat' dir='ltr'><strong>tamen</strong></span> <span class='ocrx_word' id='word_1_57' title='bbox 1227 971 1333 1009; x_wconf 82' lang='lat' dir='ltr'><strong>non</strong></span> <span class='ocrx_word' id='word_1_58' title='bbox 1378 957 1572 1009; x_wconf 83' lang='lat' dir='ltr'><strong>debent</strong></span> <span class='ocrx_word' id='word_1_59' title='bbox 1608 969 1710 1006; x_wconf 84' lang='lat' dir='ltr'><strong>una</strong></span> <span class='ocrx_word' id='word_1_60' title='bbox 1752 968 1874 1009; x_wconf 73' lang='lat' dir='ltr'><strong>cum</strong></span> <span class='ocrx_word' id='word_1_61' title='bbox 1907 951 2102 1005; x_wconf 80' lang='lat' dir='ltr'><strong>divinis</strong></span> 
     </span>
    </p>
   </div>
   <div class='ocr_carea' id='block_1_11' title="bbox 531 1042 2103 1113">
    <p class='ocr_par' dir='ltr' id='par_1_11' title="bbox 531 1042 2103 1113">
     <span class='ocr_line' id='line_1_11' title="bbox 531 1042 2103 1113; baseline -0.008 -7"><span class='ocrx_word' id='word_1_62' title='bbox 531 1052 885 1107; x_wconf 76' lang='lat' dir='ltr'><strong>sacramentis</strong></span> <span class='ocrx_word' id='word_1_63' title='bbox 934 1048 1117 1113; x_wconf 81' lang='lat' dir='ltr'><strong>reponi</strong></span> <span class='ocrx_word' id='word_1_64' title='bbox 1179 1048 1273 1101; x_wconf 86' lang='lat' dir='ltr'><strong>sed</strong></span> <span class='ocrx_word' id='word_1_65' title='bbox 1308 1060 1551 1098; x_wconf 76' lang='lat' dir='ltr'><strong>seorsum</strong></span> <span class='ocrx_word' id='word_1_66' title='bbox 1611 1043 1803 1106; x_wconf 78' lang='lat' dir='ltr'><strong>iocari,</strong></span> <span class='ocrx_word' id='word_1_67' title='bbox 1836 1052 1891 1096; x_wconf 90' lang='lat' dir='ltr'><strong>et</strong></span> <span class='ocrx_word' id='word_1_68' title='bbox 1934 1042 2103 1110; x_wconf 72' lang='lat' dir='ltr'><strong>magis</strong></span> 
     </span>
    </p>
   </div>
   <div class='ocr_carea' id='block_1_12' title="bbox 531 1132 2103 1205">
    <p class='ocr_par' dir='ltr' id='par_1_12' title="bbox 531 1132 2103 1205">
     <span class='ocr_line' id='line_1_12' title="bbox 531 1132 2103 1205; baseline -0.007 -10"><span class='ocrx_word' id='word_1_69' title='bbox 531 1143 598 1195; x_wconf 87' lang='lat' dir='ltr'><strong>ab</strong></span> <span class='ocrx_word' id='word_1_70' title='bbox 642 1141 748 1195; x_wconf 88' lang='lat' dir='ltr'><strong>illis</strong></span> <span class='ocrx_word' id='word_1_71' title='bbox 776 1137 1042 1194; x_wconf 82' lang='lat' dir='ltr'><strong>benedici.</strong></span> <span class='ocrx_word' id='word_1_72' title='bbox 1078 1136 1148 1192; x_wconf 88' lang='lat' dir='ltr'><strong>Ut</strong></span> <span class='ocrx_word' id='word_1_73' title='bbox 1185 1134 1438 1205; x_wconf 73' lang='lat' dir='ltr'><strong>primitiae</strong></span> <span class='ocrx_word' id='word_1_74' title='bbox 1480 1143 1660 1191; x_wconf 78' lang='lat' dir='ltr'><strong>autem</strong></span> <span class='ocrx_word' id='word_1_75' title='bbox 1696 1132 1830 1187; x_wconf 78' lang='lat' dir='ltr'><strong>nihil</strong></span> <span class='ocrx_word' id='word_1_76' title='bbox 1871 1132 2103 1199; x_wconf 78' lang='lat' dir='ltr'><strong>amplius</strong></span> 
     </span>
    </p>
   </div>
   <div class='ocr_carea' id='block_1_13' title="bbox 530 1222 2104 1297">
    <p class='ocr_par' dir='ltr' id='par_1_13' title="bbox 530 1222 2104 1297">
     <span class='ocr_line' id='line_1_13' title="bbox 530 1222 2104 1297; baseline -0.006 -11"><span class='ocrx_word' id='word_1_77' title='bbox 530 1230 811 1291; x_wconf 79' lang='lat' dir='ltr'><strong>oﬂeratur,</strong></span> <span class='ocrx_word' id='word_1_78' title='bbox 862 1243 1019 1297; x_wconf 87' lang='lat' dir='ltr'><strong>quam</strong></span> <span class='ocrx_word' id='word_1_79' title='bbox 1077 1228 1407 1281; x_wconf 82' lang='lat' dir='ltr'><strong>frumentum</strong></span> <span class='ocrx_word' id='word_1_80' title='bbox 1453 1240 1657 1279; x_wconf 82' lang='lat' dir='ltr'><strong>novum</strong></span> <span class='ocrx_word' id='word_1_81' title='bbox 1713 1232 1771 1277; x_wconf 88' lang='lat' dir='ltr'><strong>et</strong></span> <span class='ocrx_word' id='word_1_82' title='bbox 1818 1237 1939 1275; x_wconf 78' lang='lat' dir='ltr'><strong>uva.</strong></span> <span class='ocrx_word' id='word_1_83' title='bbox 1976 1222 2104 1288; x_wconf 69' lang='lat' dir='ltr'><strong>Quae</strong></span> 
     </span>
    </p>
   </div>
   <div class='ocr_carea' id='block_1_14' title="bbox 444 1311 2104 1383">
    <p class='ocr_par' dir='ltr' id='par_1_14' title="bbox 444 1311 2104 1383">
     <span class='ocr_line' id='line_1_14' title="bbox 444 1311 2104 1383; baseline -0.005 -5"><span class='ocrx_word' id='word_1_84' title='bbox 444 1320 447 1325; x_wconf 67' lang='grc'><strong>”</strong></span> <span class='ocrx_word' id='word_1_85' title='bbox 536 1333 716 1377; x_wconf 82' lang='lat' dir='ltr'><strong>autem</strong></span> <span class='ocrx_word' id='word_1_86' title='bbox 739 1322 803 1373; x_wconf 90' lang='lat' dir='ltr'><strong>de</strong></span> <span class='ocrx_word' id='word_1_87' title='bbox 826 1319 964 1371; x_wconf 76' lang='lat' dir='ltr'><strong>lacte</strong></span> <span class='ocrx_word' id='word_1_88' title='bbox 990 1326 1043 1371; x_wconf 84' lang='lat' dir='ltr'><strong>ct</strong></span> <span class='ocrx_word' id='word_1_89' title='bbox 1070 1317 1222 1371; x_wconf 85' lang='lat' dir='ltr'><strong>melle</strong></span> <span class='ocrx_word' id='word_1_90' title='bbox 1243 1317 1384 1371; x_wconf 77' lang='lat' dir='ltr'><strong>dit-ta</strong></span> <span class='ocrx_word' id='word_1_91' title='bbox 1413 1327 1559 1378; x_wconf 87' lang='lat' dir='ltr'><strong>sunt,</strong></span> <span class='ocrx_word' id='word_1_92' title='bbox 1587 1312 1857 1383; x_wconf 83' lang='lat' dir='ltr'><strong>prohibita</strong></span> <span class='ocrx_word' id='word_1_93' title='bbox 1882 1311 2104 1369; x_wconf 75' lang='lat' dir='ltr'><strong>{uerunt</strong></span> 
     </span>
    </p>
   </div>
   <div class='ocr_carea' id='block_1_15' title="bbox 530 1407 1643 1476">
    <p class='ocr_par' dir='ltr' id='par_1_15' title="bbox 530 1407 1643 1476">
     <span class='ocr_line' id='line_1_15' title="bbox 530 1407 1643 1476; baseline -0.009 -7"><span class='ocrx_word' id='word_1_94' title='bbox 530 1418 692 1470; x_wconf 85' lang='lat' dir='ltr'><strong>etiam</strong></span> <span class='ocrx_word' id='word_1_95' title='bbox 728 1412 781 1464; x_wconf 86' lang='lat' dir='ltr'><strong>in</strong></span> <span class='ocrx_word' id='word_1_96' title='bbox 817 1425 1025 1465; x_wconf 82' lang='lat' dir='ltr'><strong>canone</strong></span> <span class='ocrx_word' id='word_1_97' title='bbox 1052 1408 1122 1462; x_wconf 73' lang='lat'><strong><em>56</em></strong></span> <span class='ocrx_word' id='word_1_98' title='bbox 1160 1407 1403 1475; x_wconf 72' lang='lat' dir='ltr'><strong>septima:</strong></span> <span class='ocrx_word' id='word_1_99' title='bbox 1435 1407 1643 1476; x_wconf 82' lang='lat' dir='ltr'><strong>synodi.</strong></span> 
     </span>
    </p>
   </div>
   <div class='ocr_carea' id='block_1_16' title="bbox 606 1605 2104 1673">
    <p class='ocr_par' dir='ltr' id='par_1_16' title="bbox 606 1605 2104 1673">
     <span class='ocr_line' id='line_1_16' title="bbox 606 1605 2104 1673; baseline -0.005 -11"><span class='ocrx_word' id='word_1_100' title='bbox 606 1605 855 1662; x_wconf 74' lang='lat' dir='ltr'><strong>ZONAR.</strong></span> <span class='ocrx_word' id='word_1_101' title='bbox 888 1606 1069 1659; x_wconf 86' lang='lat' dir='ltr'><strong>Tertio</strong></span> <span class='ocrx_word' id='word_1_102' title='bbox 1093 1618 1323 1673; x_wconf 78' lang='lat' dir='ltr'><strong>quoque,</strong></span> <span class='ocrx_word' id='word_1_103' title='bbox 1350 1612 1404 1657; x_wconf 86' lang='lat' dir='ltr'><strong>et</strong></span> <span class='ocrx_word' id='word_1_104' title='bbox 1426 1616 1617 1672; x_wconf 67' lang='lat' dir='ltr'><strong>quarto</strong></span> <span class='ocrx_word' id='word_1_105' title='bbox 1642 1614 1949 1657; x_wconf 77' lang='lat' dir='ltr'><strong>sanaturum</strong></span> <span class='ocrx_word' id='word_1_106' title='bbox 1973 1617 2104 1669; x_wconf 70' lang='lat' dir='ltr'><strong>apo-</strong></span> 
     </span>
    </p>
   </div>
   <div class='ocr_carea' id='block_1_17' title="bbox 529 1695 2101 1759">
    <p class='ocr_par' dir='ltr' id='par_1_17' title="bbox 529 1695 2101 1759">
     <span class='ocr_line' id='line_1_17' title="bbox 529 1695 2101 1759; baseline -0.006 -4"><span class='ocrx_word' id='word_1_107' title='bbox 529 1702 791 1756; x_wconf 84' lang='lat' dir='ltr'><strong>stolorum</strong></span> <span class='ocrx_word' id='word_1_108' title='bbox 833 1711 1037 1751; x_wconf 83' lang='lat' dir='ltr'><strong>canone</strong></span> <span class='ocrx_word' id='word_1_109' title='bbox 1073 1696 1142 1749; x_wconf 90' lang='lat' dir='ltr'><strong>de</strong></span> <span class='ocrx_word' id='word_1_110' title='bbox 1188 1696 1289 1748; x_wconf 81' lang='lat' dir='ltr'><strong>hac</strong></span> <span class='ocrx_word' id='word_1_111' title='bbox 1334 1709 1395 1749; x_wconf 89' lang='lat' dir='ltr'><strong>rc</strong></span> <span class='ocrx_word' id='word_1_112' title='bbox 1435 1696 1799 1748; x_wconf 88' lang='lat' dir='ltr'><strong>constituitur.</strong></span> <span class='ocrx_word' id='word_1_113' title='bbox 1835 1695 2101 1759; x_wconf 84' lang='lat' dir='ltr'><strong>Quoniam</strong></span> 
     </span>
    </p>
   </div>
   <div class='ocr_carea' id='block_1_18' title="bbox 531 1787 2099 1856">
    <p class='ocr_par' dir='ltr' id='par_1_18' title="bbox 531 1787 2099 1856">
     <span class='ocr_line' id='line_1_18' title="bbox 531 1787 2099 1856; baseline -0.004 -10"><span class='ocrx_word' id='word_1_114' title='bbox 531 1808 659 1846; x_wconf 89' lang='lat' dir='ltr'><strong>vero</strong></span> <span class='ocrx_word' id='word_1_115' title='bbox 705 1792 826 1845; x_wconf 86' lang='lat' dir='ltr'><strong>illus</strong></span> <span class='ocrx_word' id='word_1_116' title='bbox 880 1791 1052 1843; x_wconf 87' lang='lat' dir='ltr'><strong>adhuc</strong></span> <span class='ocrx_word' id='word_1_117' title='bbox 1094 1788 1335 1842; x_wconf 82' lang='lat' dir='ltr'><strong>nonnulli</strong></span> <span class='ocrx_word' id='word_1_118' title='bbox 1382 1788 1744 1856; x_wconf 84' lang='lat' dir='ltr'><strong>negligebant,</strong></span> <span class='ocrx_word' id='word_1_119' title='bbox 1783 1787 1926 1841; x_wconf 86' lang='lat' dir='ltr'><strong>inter</strong></span> <span class='ocrx_word' id='word_1_120' title='bbox 1966 1803 2099 1855; x_wconf 85' lang='lat' dir='ltr'><strong>quos</strong></span> 
     </span>
    </p>
   </div>
   <div class='ocr_carea' id='block_1_19' title="bbox 532 1877 2099 1949">
    <p class='ocr_par' dir='ltr' id='par_1_19' title="bbox 532 1877 2099 1949">
     <span class='ocr_line' id='line_1_19' title="bbox 532 1877 2099 1949; baseline -0.003 -13"><span class='ocrx_word' id='word_1_121' title='bbox 532 1884 796 1944; x_wconf 79' lang='lat' dir='ltr'><strong>Armenii,</strong></span> <span class='ocrx_word' id='word_1_122' title='bbox 847 1882 935 1949; x_wconf 89' lang='lat' dir='ltr'><strong>qui</strong></span> <span class='ocrx_word' id='word_1_123' title='bbox 965 1883 1145 1933; x_wconf 88' lang='lat' dir='ltr'><strong>vinum</strong></span> <span class='ocrx_word' id='word_1_124' title='bbox 1192 1880 1529 1933; x_wconf 81' lang='lat' dir='ltr'><strong>solummodo</strong></span> <span class='ocrx_word' id='word_1_125' title='bbox 1575 1881 1711 1932; x_wconf 89' lang='lat' dir='ltr'><strong>inter</strong></span> <span class='ocrx_word' id='word_1_126' title='bbox 1738 1887 1929 1932; x_wconf 74' lang='lat' dir='ltr'><strong>tanctn</strong></span> <span class='ocrx_word' id='word_1_127' title='bbox 1970 1877 2099 1931; x_wconf 75' lang='lat' dir='ltr'><strong>olfe-</strong></span> 
     </span>
    </p>
   </div>
   <div class='ocr_carea' id='block_1_20' title="bbox 530 1968 2100 2037">
    <p class='ocr_par' dir='ltr' id='par_1_20' title="bbox 530 1968 2100 2037">
     <span class='ocr_line' id='line_1_20' title="bbox 530 1968 2100 2037; baseline -0.007 -11"><span class='ocrx_word' id='word_1_128' title='bbox 530 1974 743 2031; x_wconf 82' lang='lat' dir='ltr'><strong>rebant,</strong></span> <span class='ocrx_word' id='word_1_129' title='bbox 780 1985 954 2037; x_wconf 82' lang='lat' dir='ltr'><strong>neque</strong></span> <span class='ocrx_word' id='word_1_130' title='bbox 999 1970 1235 2036; x_wconf 79' lang='lat' dir='ltr'><strong>aliquam</strong></span> <span class='ocrx_word' id='word_1_131' title='bbox 1268 1984 1421 2036; x_wconf 76' lang='lat' dir='ltr'><strong>aqua:</strong></span> <span class='ocrx_word' id='word_1_132' title='bbox 1473 1979 1679 2033; x_wconf 81' lang='lat' dir='ltr'><strong>partem</strong></span> <span class='ocrx_word' id='word_1_133' title='bbox 1712 1968 2100 2029; x_wconf 81' lang='lat' dir='ltr'><strong>admiscehaut,</strong></span> 
     </span>
    </p>
   </div>
   <div class='ocr_carea' id='block_1_21' title="bbox 530 2058 2102 2133">
    <p class='ocr_par' dir='ltr' id='par_1_21' title="bbox 530 2058 2102 2133">
     <span class='ocr_line' id='line_1_21' title="bbox 530 2058 2102 2133; baseline -0.005 -17"><span class='ocrx_word' id='word_1_134' title='bbox 530 2074 589 2116; x_wconf 91' lang='lat' dir='ltr'><strong>ut</strong></span> <span class='ocrx_word' id='word_1_135' title='bbox 626 2076 791 2118; x_wconf 75' lang='lat' dir='ltr'><strong>sexta:</strong></span> <span class='ocrx_word' id='word_1_136' title='bbox 818 2062 1001 2133; x_wconf 82' lang='lat' dir='ltr'><strong>synodi</strong></span> <span class='ocrx_word' id='word_1_137' title='bbox 1036 2062 1088 2113; x_wconf 88' lang='lat' dir='ltr'><strong>in</strong></span> <span class='ocrx_word' id='word_1_138' title='bbox 1118 2058 1303 2112; x_wconf 89' lang='lat' dir='ltr'><strong>Trullo</strong></span> <span class='ocrx_word' id='word_1_139' title='bbox 1336 2059 1611 2113; x_wconf 77' lang='lat' dir='ltr'><strong>tricesimo</strong></span> <span class='ocrx_word' id='word_1_140' title='bbox 1637 2058 1874 2111; x_wconf 82' lang='lat' dir='ltr'><strong>secundo</strong></span> <span class='ocrx_word' id='word_1_141' title='bbox 1897 2071 2102 2113; x_wconf 83' lang='lat' dir='ltr'><strong>canone</strong></span> 
     </span>
    </p>
   </div>
   <div class='ocr_carea' id='block_1_22' title="bbox 530 2146 2104 2218">
    <p class='ocr_par' dir='ltr' id='par_1_22' title="bbox 530 2146 2104 2218">
     <span class='ocr_line' id='line_1_22' title="bbox 530 2146 2104 2218; baseline -0.006 -11"><span class='ocrx_word' id='word_1_142' title='bbox 530 2155 797 2207; x_wconf 82' lang='lat' dir='ltr'><strong>sancitum</strong></span> <span class='ocrx_word' id='word_1_143' title='bbox 825 2162 942 2215; x_wconf 85' lang='lat' dir='ltr'><strong>est;</strong></span> <span class='ocrx_word' id='word_1_144' title='bbox 975 2150 1103 2202; x_wconf 76' lang='lat' dir='ltr'><strong>fecit</strong></span> <span class='ocrx_word' id='word_1_145' title='bbox 1134 2154 1245 2201; x_wconf 65' lang='lat' dir='ltr'><strong>haec</strong></span> <span class='ocrx_word' id='word_1_146' title='bbox 1273 2152 1529 2218; x_wconf 78' lang='lat' dir='ltr'><strong>synodus,</strong></span> <span class='ocrx_word' id='word_1_147' title='bbox 1559 2156 1618 2197; x_wconf 92' lang='lat' dir='ltr'><strong>ut</strong></span> <span class='ocrx_word' id='word_1_148' title='bbox 1648 2160 1806 2199; x_wconf 87' lang='lat' dir='ltr'><strong>suum</strong></span> <span class='ocrx_word' id='word_1_149' title='bbox 1834 2146 1946 2215; x_wconf 83' lang='lat' dir='ltr'><strong>ipsa</strong></span> <span class='ocrx_word' id='word_1_150' title='bbox 1970 2159 2104 2211; x_wconf 87' lang='lat' dir='ltr'><strong>quo-</strong></span> 
     </span>
    </p>
   </div>
   <div class='ocr_carea' id='block_1_23' title="bbox 528 2243 2105 2314">
    <p class='ocr_par' dir='ltr' id='par_1_23' title="bbox 528 2243 2105 2314">
     <span class='ocr_line' id='line_1_23' title="bbox 528 2243 2105 2314; baseline -0.004 -14"><span class='ocrx_word' id='word_1_151' title='bbox 528 2263 635 2314; x_wconf 82' lang='lat' dir='ltr'><strong>que</strong></span> <span class='ocrx_word' id='word_1_152' title='bbox 668 2248 951 2300; x_wconf 86' lang='lat' dir='ltr'><strong>decretum</strong></span> <span class='ocrx_word' id='word_1_153' title='bbox 989 2246 1089 2297; x_wconf 78' lang='lat' dir='ltr'><strong>hac</strong></span> <span class='ocrx_word' id='word_1_154' title='bbox 1124 2243 1190 2297; x_wconf 81' lang='lat' dir='ltr'><strong>de</strong></span> <span class='ocrx_word' id='word_1_155' title='bbox 1217 2259 1273 2296; x_wconf 90' lang='lat' dir='ltr'><strong>re</strong></span> <span class='ocrx_word' id='word_1_156' title='bbox 1302 2243 1671 2311; x_wconf 80' lang='lat' dir='ltr'><strong>interponeret</strong></span> <span class='ocrx_word' id='word_1_157' title='bbox 1703 2259 1717 2295; x_wconf 87' lang='lat'><strong>:</strong></span> <span class='ocrx_word' id='word_1_158' title='bbox 1752 2258 1856 2309; x_wconf 93' lang='lat' dir='ltr'><strong>quo</strong></span> <span class='ocrx_word' id='word_1_159' title='bbox 1888 2243 2105 2311; x_wconf 82' lang='lat' dir='ltr'><strong>quidem</strong></span> 
     </span>
    </p>
   </div>
   <div class='ocr_carea' id='block_1_24' title="bbox 529 2334 2098 2406">
    <p class='ocr_par' dir='ltr' id='par_1_24' title="bbox 529 2334 2098 2406">
     <span class='ocr_line' id='line_1_24' title="bbox 529 2334 2098 2406; baseline -0.004 -15"><span class='ocrx_word' id='word_1_160' title='bbox 529 2338 673 2391; x_wconf 81' lang='lat' dir='ltr'><strong>aliud</strong></span> <span class='ocrx_word' id='word_1_161' title='bbox 704 2341 1014 2406; x_wconf 81' lang='lat' dir='ltr'><strong>quidquam,</strong></span> <span class='ocrx_word' id='word_1_162' title='bbox 1047 2348 1235 2404; x_wconf 69' lang='lat' dir='ltr'><strong>praeter</strong></span> <span class='ocrx_word' id='word_1_163' title='bbox 1274 2350 1462 2402; x_wconf 86' lang='lat' dir='ltr'><strong>panem</strong></span> <span class='ocrx_word' id='word_1_164' title='bbox 1510 2344 1562 2388; x_wconf 86' lang='lat' dir='ltr'><strong>et</strong></span> <span class='ocrx_word' id='word_1_165' title='bbox 1599 2334 1781 2386; x_wconf 84' lang='lat' dir='ltr'><strong>viuu&#39;tn</strong></span> <span class='ocrx_word' id='word_1_166' title='bbox 1817 2349 1955 2402; x_wconf 80' lang='lat' dir='ltr'><strong>aqua</strong></span> <span class='ocrx_word' id='word_1_167' title='bbox 1997 2334 2098 2385; x_wconf 85' lang='lat' dir='ltr'><strong>mi-</strong></span> 
     </span>
    </p>
   </div>
   <div class='ocr_carea' id='block_1_25' title="bbox 528 2424 2106 2493">
    <p class='ocr_par' dir='ltr' id='par_1_25' title="bbox 528 2424 2106 2493">
     <span class='ocr_line' id='line_1_25' title="bbox 528 2424 2106 2493; baseline -0.004 -11"><span class='ocrx_word' id='word_1_168' title='bbox 528 2442 695 2493; x_wconf 86' lang='lat' dir='ltr'><strong>stum,</strong></span> <span class='ocrx_word' id='word_1_169' title='bbox 728 2430 778 2481; x_wconf 92' lang='lat' dir='ltr'><strong>in</strong></span> <span class='ocrx_word' id='word_1_170' title='bbox 810 2429 1011 2483; x_wconf 79' lang='lat' dir='ltr'><strong>sanctis</strong></span> <span class='ocrx_word' id='word_1_171' title='bbox 1053 2424 1231 2480; x_wconf 70' lang='grc' dir='ltr'>θεῖοι-Η</span> <span class='ocrx_word' id='word_1_172' title='bbox 1264 2433 1405 2479; x_wconf 82' lang='lat' dir='ltr'><strong>vetat</strong></span> <span class='ocrx_word' id='word_1_173' title='bbox 1433 2442 1447 2478; x_wconf 91' lang='lat'>:</span> <span class='ocrx_word' id='word_1_174' title='bbox 1488 2438 1676 2493; x_wconf 82' lang='lat' dir='ltr'><strong>panem</strong></span> <span class='ocrx_word' id='word_1_175' title='bbox 1747 2424 1984 2491; x_wconf 81' lang='lat' dir='ltr'><strong>quidem,</strong></span> <span class='ocrx_word' id='word_1_176' title='bbox 2016 2426 2106 2492; x_wconf 88' lang='lat' dir='ltr'><strong>qui</strong></span> 
     </span>
    </p>
   </div>
   <div class='ocr_carea' id='block_1_26' title="bbox 534 2514 2103 2585">
    <p class='ocr_par' dir='ltr' id='par_1_26' title="bbox 534 2514 2103 2585">
     <span class='ocr_line' id='line_1_26' title="bbox 534 2514 2103 2585; baseline -0.004 -12"><span class='ocrx_word' id='word_1_177' title='bbox 534 2521 793 2573; x_wconf 87' lang='lat' dir='ltr'><strong>Dominici</strong></span> <span class='ocrx_word' id='word_1_178' title='bbox 849 2520 1131 2585; x_wconf 88' lang='lat' dir='ltr'><strong>corporis,</strong></span> <span class='ocrx_word' id='word_1_179' title='bbox 1190 2518 1371 2569; x_wconf 90' lang='lat' dir='ltr'><strong>vinum</strong></span> <span class='ocrx_word' id='word_1_180' title='bbox 1428 2529 1571 2578; x_wconf 89' lang='lat' dir='ltr'><strong>vero,</strong></span> <span class='ocrx_word' id='word_1_181' title='bbox 1628 2515 1771 2582; x_wconf 91' lang='lat' dir='ltr'><strong>quod</strong></span> <span class='ocrx_word' id='word_1_182' title='bbox 1820 2514 2103 2582; x_wconf 79' lang='lat' dir='ltr'><strong>sanguinis</strong></span> 
     </span>
    </p>
   </div>
   <div class='ocr_carea' id='block_1_27' title="bbox 540 2605 2108 2680">
    <p class='ocr_par' dir='ltr' id='par_1_27' title="bbox 540 2605 2108 2680">
     <span class='ocr_line' id='line_1_27' title="bbox 540 2605 2108 2680; baseline -0.003 -20"><span class='ocrx_word' id='word_1_183' title='bbox 540 2622 729 2680; x_wconf 73' lang='lat' dir='ltr'><strong>typum</strong></span> <span class='ocrx_word' id='word_1_184' title='bbox 760 2625 823 2663; x_wconf 83' lang='lat' dir='ltr'><strong>ac</strong></span> <span class='ocrx_word' id='word_1_185' title='bbox 856 2609 1077 2675; x_wconf 77' lang='lat' dir='ltr'><strong>ﬁguram</strong></span> <span class='ocrx_word' id='word_1_186' title='bbox 1110 2618 1280 2675; x_wconf 77' lang='lat' dir='ltr'><strong>gerat.</strong></span> <span class='ocrx_word' id='word_1_187' title='bbox 1326 2605 1457 2661; x_wconf 86' lang='lat' dir='ltr'><strong>Cum</strong></span> <span class='ocrx_word' id='word_1_188' title='bbox 1490 2618 1617 2657; x_wconf 86' lang='lat' dir='ltr'><strong>vero</strong></span> <span class='ocrx_word' id='word_1_189' title='bbox 1648 2620 1753 2659; x_wconf 88' lang='lat' dir='ltr'><strong>non</strong></span> <span class='ocrx_word' id='word_1_190' title='bbox 1803 2606 1951 2660; x_wconf 77' lang='lat' dir='ltr'><strong>solus</strong></span> <span class='ocrx_word' id='word_1_191' title='bbox 1986 2621 2108 2659; x_wconf 79' lang='lat' dir='ltr'><strong>san-</strong></span> 
     </span>
    </p>
   </div>
   <div class='ocr_carea' id='block_1_28' title="bbox 532 2694 2107 2767">
    <p class='ocr_par' dir='ltr' id='par_1_28' title="bbox 532 2694 2107 2767">
     <span class='ocr_line' id='line_1_28' title="bbox 532 2694 2107 2767; baseline -0.001 -17"><span class='ocrx_word' id='word_1_192' title='bbox 532 2702 657 2767; x_wconf 78' lang='lat' dir='ltr'><strong>guis</strong></span> <span class='ocrx_word' id='word_1_193' title='bbox 684 2713 751 2753; x_wconf 79' lang='lat' dir='ltr'><strong>ex</strong></span> <span class='ocrx_word' id='word_1_194' title='bbox 798 2698 1078 2752; x_wconf 88' lang='lat' dir='ltr'><strong>Dominico</strong></span> <span class='ocrx_word' id='word_1_195' title='bbox 1111 2697 1297 2761; x_wconf 82' lang='lat' dir='ltr'><strong>latere,</strong></span> <span class='ocrx_word' id='word_1_196' title='bbox 1328 2696 1419 2750; x_wconf 91' lang='lat' dir='ltr'><strong>sed</strong></span> <span class='ocrx_word' id='word_1_197' title='bbox 1454 2709 1595 2762; x_wconf 87' lang='lat' dir='ltr'><strong>aqua</strong></span> <span class='ocrx_word' id='word_1_198' title='bbox 1626 2695 1789 2747; x_wconf 82' lang='lat' dir='ltr'><strong>etiam</strong></span> <span class='ocrx_word' id='word_1_199' title='bbox 1817 2694 2107 2758; x_wconf 78' lang='lat' dir='ltr'><strong>efﬂuxerit,</strong></span> 
     </span>
    </p>
   </div>
   <div class='ocr_carea' id='block_1_29' title="bbox 555 2783 2111 2855">
    <p class='ocr_par' dir='ltr' id='par_1_29' title="bbox 555 2783 2111 2855">
     <span class='ocr_line' id='line_1_29' title="bbox 555 2783 2111 2855; baseline 0 -16"><span class='ocrx_word' id='word_1_200' title='bbox 555 2788 759 2840; x_wconf 81' lang='lat' dir='ltr'><strong>idcirco</strong></span> <span class='ocrx_word' id='word_1_201' title='bbox 804 2788 946 2851; x_wconf 85' lang='lat' dir='ltr'><strong>vino,</strong></span> <span class='ocrx_word' id='word_1_202' title='bbox 991 2789 1132 2853; x_wconf 89' lang='lat' dir='ltr'><strong>quod</strong></span> <span class='ocrx_word' id='word_1_203' title='bbox 1180 2787 1232 2840; x_wconf 88' lang='lat' dir='ltr'><strong>in</strong></span> <span class='ocrx_word' id='word_1_204' title='bbox 1259 2787 1417 2839; x_wconf 81' lang='lat' dir='ltr'><strong>altari</strong></span> <span class='ocrx_word' id='word_1_205' title='bbox 1448 2783 1688 2849; x_wconf 76' lang='lat' dir='ltr'><strong>oﬂertur,</strong></span> <span class='ocrx_word' id='word_1_206' title='bbox 1733 2801 1868 2854; x_wconf 83' lang='lat' dir='ltr'><strong>aqua</strong></span> <span class='ocrx_word' id='word_1_207' title='bbox 1899 2801 2111 2855; x_wconf 82' lang='lat' dir='ltr'><strong>quoque</strong></span> 
     </span>
    </p>
   </div>
   <div class='ocr_carea' id='block_1_30' title="bbox 532 2878 2108 2946">
    <p class='ocr_par' dir='ltr' id='par_1_30' title="bbox 532 2878 2108 2946">
     <span class='ocr_line' id='line_1_30' title="bbox 532 2878 2108 2946; baseline 0.003 -17"><span class='ocrx_word' id='word_1_208' title='bbox 532 2887 787 2946; x_wconf 62' lang='lat' dir='ltr'><strong>praeterea</strong></span> <span class='ocrx_word' id='word_1_209' title='bbox 839 2878 1125 2930; x_wconf 79' lang='lat' dir='ltr'><strong>admisceri</strong></span> <span class='ocrx_word' id='word_1_210' title='bbox 1166 2894 1384 2934; x_wconf 81' lang='lat' dir='ltr'><strong>necesse</strong></span> <span class='ocrx_word' id='word_1_211' title='bbox 1430 2891 1530 2935; x_wconf 86' lang='lat' dir='ltr'><strong>est.</strong></span> <span class='ocrx_word' id='word_1_212' title='bbox 1583 2880 1732 2945; x_wconf 85' lang='lat' dir='ltr'><strong>Quod</strong></span> <span class='ocrx_word' id='word_1_213' title='bbox 1769 2889 1947 2935; x_wconf 82' lang='lat' dir='ltr'><strong>autem</strong></span> <span class='ocrx_word' id='word_1_214' title='bbox 2012 2892 2108 2945; x_wconf 81' lang='lat' dir='ltr'><strong>ait,</strong></span> 
     </span>
    </p>
   </div>
   <div class='ocr_carea' id='block_1_31' title="bbox 532 2968 2107 3041">
    <p class='ocr_par' dir='ltr' id='par_1_31' title="bbox 532 2968 2107 3041">
     <span class='ocr_line' id='line_1_31' title="bbox 532 2968 2107 3041; baseline 0.006 -25"><span class='ocrx_word' id='word_1_215' title='bbox 532 2968 893 3033; x_wconf 77' lang='lat' dir='ltr'><strong>primitiartttn</strong></span> <span class='ocrx_word' id='word_1_216' title='bbox 930 2970 1144 3023; x_wconf 80' lang='lat' dir='ltr'><strong>nomine</strong></span> <span class='ocrx_word' id='word_1_217' title='bbox 1178 2972 1279 3023; x_wconf 67' lang='lat' dir='ltr'><strong>Hi8]</strong></span> <span class='ocrx_word' id='word_1_218' title='bbox 1314 2982 1405 3023; x_wconf 90' lang='lat' dir='ltr'><strong>aut</strong></span> <span class='ocrx_word' id='word_1_219' title='bbox 1432 2974 1535 3034; x_wconf 84' lang='lat' dir='ltr'><strong>lac,</strong></span> <span class='ocrx_word' id='word_1_220' title='bbox 1564 2981 1711 3025; x_wconf 89' lang='lat' dir='ltr'><strong>certo</strong></span> <span class='ocrx_word' id='word_1_221' title='bbox 1738 2976 1973 3041; x_wconf 78' lang='lat' dir='ltr'><strong>quodam</strong></span> <span class='ocrx_word' id='word_1_222' title='bbox 2002 2974 2107 3036; x_wconf 91' lang='lat' dir='ltr'><strong>die,</strong></span> 
     </span>
    </p>
   </div>
   <div class='ocr_carea' id='block_1_32' title="bbox 532 3056 2112 3127">
    <p class='ocr_par' dir='ltr' id='par_1_32' title="bbox 532 3056 2112 3127">
     <span class='ocr_line' id='line_1_32' title="bbox 532 3056 2112 3127; baseline 0.004 -17"><span class='ocrx_word' id='word_1_223' title='bbox 532 3058 603 3111; x_wconf 88' lang='lat' dir='ltr'><strong>ad</strong></span> <span class='ocrx_word' id='word_1_224' title='bbox 652 3056 939 3111; x_wconf 65' lang='lat' dir='ltr'><strong>infantium</strong></span> <span class='ocrx_word' id='word_1_225' title='bbox 985 3062 1300 3127; x_wconf 67' lang='lat' dir='ltr'><strong>mysterium</strong></span> <span class='ocrx_word' id='word_1_226' title='bbox 1337 3062 1517 3115; x_wconf 82' lang='lat' dir='ltr'><strong>ull&#39;erri</strong></span> <span class='ocrx_word' id='word_1_227' title='bbox 1542 3076 1875 3117; x_wconf 77' lang='lat' dir='ltr'><strong>consuetum</strong></span> <span class='ocrx_word' id='word_1_228' title='bbox 1918 3072 2022 3127; x_wconf 90' lang='lat' dir='ltr'><strong>est,</strong></span> <span class='ocrx_word' id='word_1_229' title='bbox 2058 3071 2112 3117; x_wconf 80' lang='lat' dir='ltr'><strong>et</strong></span> 
     </span>
    </p>
   </div>
   <div class='ocr_carea' id='block_1_33' title="bbox 2204 604 3764 683">
    <p class='ocr_par' dir='ltr' id='par_1_33' title="bbox 2204 604 3764 683">
     <span class='ocr_line' id='line_1_33' title="bbox 2204 604 3764 683; baseline 0.004 -26"><span class='ocrx_word' id='word_1_230' title='bbox 2204 605 2376 670; x_wconf 80' lang='grc' dir='ltr'>ἁγίων</span> <span class='ocrx_word' id='word_1_231' title='bbox 2406 604 2743 659; x_wconf 73' lang='grc' dir='ltr'><strong>ἀποστόλων.</strong></span> <span class='ocrx_word' id='word_1_232' title='bbox 2777 607 2854 660; x_wconf 87' lang='grc' dir='ltr'><strong>Τὰ</strong></span> <span class='ocrx_word' id='word_1_233' title='bbox 2886 609 3023 661; x_wconf 83' lang='grc' dir='ltr'>αύτὰ</span> <span class='ocrx_word' id='word_1_234' title='bbox 3054 610 3108 662; x_wconf 81' lang='grc' dir='ltr'><strong>δὲ</strong></span> <span class='ocrx_word' id='word_1_235' title='bbox 3131 612 3339 676; x_wconf 78' lang='grc' dir='ltr'><strong>τούτοις</strong></span> <span class='ocrx_word' id='word_1_236' title='bbox 3371 614 3466 666; x_wconf 71' lang='grc' dir='ltr'><strong>καὶ</strong></span> <span class='ocrx_word' id='word_1_237' title='bbox 3510 615 3539 667; x_wconf 85' lang='grc' dir='ltr'>ὀ</span> <span class='ocrx_word' id='word_1_238' title='bbox 3572 614 3764 683; x_wconf 79' lang='grc' dir='ltr'>παρὼν</span> 
     </span>
    </p>
   </div>
   <div class='ocr_carea' id='block_1_34' title="bbox 2201 698 3763 771">
    <p class='ocr_par' dir='ltr' id='par_1_34' title="bbox 2201 698 3763 771">
     <span class='ocr_line' id='line_1_34' title="bbox 2201 698 3763 771; baseline 0.005 -25"><span class='ocrx_word' id='word_1_239' title='bbox 2201 698 2384 747; x_wconf 82' lang='grc' dir='ltr'>κανὼν</span> <span class='ocrx_word' id='word_1_240' title='bbox 2416 698 2877 766; x_wconf 78' lang='grc' dir='ltr'>παρακελεύεται.</span> <span class='ocrx_word' id='word_1_241' title='bbox 2932 702 3358 771; x_wconf 76' lang='grc' dir='ltr'><strong>προστιθέμενος</strong></span> <span class='ocrx_word' id='word_1_242' title='bbox 3404 702 3503 768; x_wconf 76' lang='grc' dir='ltr'>ὡς,</span> <span class='ocrx_word' id='word_1_243' title='bbox 3566 705 3614 755; x_wconf 78' lang='grc' dir='ltr'>αἱ</span> <span class='ocrx_word' id='word_1_244' title='bbox 3666 708 3763 757; x_wconf 67' lang='grc' dir='ltr'>καὶ</span> 
     </span>
    </p>
   </div>
   <div class='ocr_carea' id='block_1_35' title="bbox 2201 787 3761 863">
    <p class='ocr_par' dir='ltr' id='par_1_35' title="bbox 2201 787 3761 863">
     <span class='ocr_line' id='line_1_35' title="bbox 2201 787 3761 863; baseline 0.008 -24"><span class='ocrx_word' id='word_1_245' title='bbox 2201 787 2357 839; x_wconf 77' lang='grc' dir='ltr'>εἴωθε</span> <span class='ocrx_word' id='word_1_246' title='bbox 2392 788 2802 859; x_wconf 69' lang='grc' dir='ltr'><strong>προσφέρεσθαι</strong></span> <span class='ocrx_word' id='word_1_247' title='bbox 2820 792 2877 840; x_wconf 79' lang='grc' dir='ltr'><strong>ἐν</strong></span> <span class='ocrx_word' id='word_1_248' title='bbox 2892 790 2971 858; x_wconf 81' lang='grc' dir='ltr'>τῷ</span> <span class='ocrx_word' id='word_1_249' title='bbox 2999 790 3392 862; x_wconf 69' lang='grc' dir='ltr'><strong>θυσιαστηρίῳ,</strong></span> <span class='ocrx_word' id='word_1_250' title='bbox 3417 793 3499 856; x_wconf 80' lang='grc' dir='ltr'>ὡς</span> <span class='ocrx_word' id='word_1_251' title='bbox 3514 795 3761 863; x_wconf 73' lang='grc' dir='ltr'>ἀπαρχὴ.</span> 
     </span>
    </p>
   </div>
   <div class='ocr_carea' id='block_1_36' title="bbox 2205 877 3767 952">
    <p class='ocr_par' dir='ltr' id='par_1_36' title="bbox 2205 877 3767 952">
     <span class='ocr_line' id='line_1_36' title="bbox 2205 877 3767 952; baseline 0.003 -24"><span class='ocrx_word' id='word_1_252' title='bbox 2205 877 2327 946; x_wconf 81' lang='grc' dir='ltr'>μέλι</span> <span class='ocrx_word' id='word_1_253' title='bbox 2356 877 2389 945; x_wconf 75' lang='grc' dir='ltr'><strong>ἢ</strong></span> <span class='ocrx_word' id='word_1_254' title='bbox 2423 877 2564 943; x_wconf 79' lang='grc' dir='ltr'>γάλα</span> <span class='ocrx_word' id='word_1_255' title='bbox 2596 880 2657 929; x_wconf 81' lang='grc' dir='ltr'><strong>ἐν</strong></span> <span class='ocrx_word' id='word_1_256' title='bbox 2688 879 2786 947; x_wconf 77' lang='grc' dir='ltr'><strong>μιᾷ</strong></span> <span class='ocrx_word' id='word_1_257' title='bbox 2816 878 3002 950; x_wconf 75' lang='grc' dir='ltr'>ἡμέρᾳ</span> <span class='ocrx_word' id='word_1_258' title='bbox 3063 881 3261 952; x_wconf 83' lang='grc' dir='ltr'>ἐθίμῳ,</span> <span class='ocrx_word' id='word_1_259' title='bbox 3298 883 3379 942; x_wconf 81' lang='grc' dir='ltr'><strong>είς</strong></span> <span class='ocrx_word' id='word_1_260' title='bbox 3409 883 3470 935; x_wconf 80' lang='grc' dir='ltr'>τὸ</span> <span class='ocrx_word' id='word_1_261' title='bbox 3508 882 3618 934; x_wconf 76' lang='grc' dir='ltr'>τῶν</span> <span class='ocrx_word' id='word_1_262' title='bbox 3669 899 3767 950; x_wconf 83' lang='grc' dir='ltr'>νη-</span> 
     </span>
    </p>
   </div>
   <div class='ocr_carea' id='block_1_37' title="bbox 2203 969 3768 1042">
    <p class='ocr_par' dir='ltr' id='par_1_37' title="bbox 2203 969 3768 1042">
     <span class='ocr_line' id='line_1_37' title="bbox 2203 969 3768 1042; baseline 0.004 -24"><span class='ocrx_word' id='word_1_263' title='bbox 2203 969 2343 1020; x_wconf 83' lang='grc' dir='ltr'>πίων</span> <span class='ocrx_word' id='word_1_264' title='bbox 2373 970 2697 1037; x_wconf 81' lang='grc' dir='ltr'>μυστήριον.</span> <span class='ocrx_word' id='word_1_265' title='bbox 2722 971 2889 1039; x_wconf 71' lang='grc' dir='ltr'>ἧγουν</span> <span class='ocrx_word' id='word_1_266' title='bbox 2919 972 3055 1042; x_wconf 80' lang='grc' dir='ltr'>ὑπὲρ</span> <span class='ocrx_word' id='word_1_267' title='bbox 3084 973 3194 1024; x_wconf 81' lang='grc' dir='ltr'>τῶν</span> <span class='ocrx_word' id='word_1_268' title='bbox 3218 974 3452 1042; x_wconf 78' lang='grc' dir='ltr'>νηπίωνο</span> <span class='ocrx_word' id='word_1_269' title='bbox 3482 974 3599 1026; x_wconf 79' lang='grc' dir='ltr'>ἀλλ’</span> <span class='ocrx_word' id='word_1_270' title='bbox 3617 974 3768 1042; x_wconf 83' lang='grc' dir='ltr'>ὅμως</span> 
     </span>
    </p>
   </div>
   <div class='ocr_carea' id='block_1_38' title="bbox 2201 1060 3770 1133">
    <p class='ocr_par' dir='ltr' id='par_1_38' title="bbox 2201 1060 3770 1133">
     <span class='ocr_line' id='line_1_38' title="bbox 2201 1060 3770 1133; baseline 0.003 -24"><span class='ocrx_word' id='word_1_271' title='bbox 2201 1060 2303 1111; x_wconf 74' lang='grc' dir='ltr'>οὐκ</span> <span class='ocrx_word' id='word_1_272' title='bbox 2331 1060 2604 1126; x_wconf 78' lang='grc' dir='ltr'>ὀφείλουσι</span> <span class='ocrx_word' id='word_1_273' title='bbox 2638 1060 2814 1114; x_wconf 68' lang='grc' dir='ltr'>ταῦτα</span> <span class='ocrx_word' id='word_1_274' title='bbox 2850 1064 3267 1116; x_wconf 80' lang='grc' dir='ltr'>συνανακεισθαι</span> <span class='ocrx_word' id='word_1_275' title='bbox 3297 1065 3435 1133; x_wconf 80' lang='grc' dir='ltr'>μετὰ</span> <span class='ocrx_word' id='word_1_276' title='bbox 3462 1065 3572 1118; x_wconf 83' lang='grc' dir='ltr'>τῶν</span> <span class='ocrx_word' id='word_1_277' title='bbox 3605 1065 3770 1116; x_wconf 80' lang='grc' dir='ltr'>θείων</span> 
     </span>
    </p>
   </div>
   <div class='ocr_carea' id='block_1_39' title="bbox 2205 1151 3771 1220">
    <p class='ocr_par' dir='ltr' id='par_1_39' title="bbox 2205 1151 3771 1220">
     <span class='ocr_line' id='line_1_39' title="bbox 2205 1151 3771 1220; baseline 0.001 -15"><span class='ocrx_word' id='word_1_278' title='bbox 2205 1151 2585 1220; x_wconf 76' lang='grc' dir='ltr'>ἁγιασμάτων,</span> <span class='ocrx_word' id='word_1_279' title='bbox 2632 1151 2747 1204; x_wconf 85' lang='grc' dir='ltr'>ἁλλ’</span> <span class='ocrx_word' id='word_1_280' title='bbox 2806 1152 3117 1216; x_wconf 72' lang='grc' dir='ltr'>ίδιαζόντως</span> <span class='ocrx_word' id='word_1_281' title='bbox 3180 1154 3416 1219; x_wconf 81' lang='grc' dir='ltr'>κεῖσθαι,</span> <span class='ocrx_word' id='word_1_282' title='bbox 3480 1155 3574 1208; x_wconf 77' lang='grc' dir='ltr'><strong>καὶ</strong></span> <span class='ocrx_word' id='word_1_283' title='bbox 3613 1155 3771 1207; x_wconf 71' lang='grc' dir='ltr'>εὐλι-</span> 
     </span>
    </p>
   </div>
   <div class='ocr_carea' id='block_1_40' title="bbox 2204 1243 3775 1317">
    <p class='ocr_par' dir='ltr' id='par_1_40' title="bbox 2204 1243 3775 1317">
     <span class='ocr_line' id='line_1_40' title="bbox 2204 1243 3775 1317; baseline 0.003 -23"><span class='ocrx_word' id='word_1_284' title='bbox 2204 1243 2418 1311; x_wconf 75' lang='grc' dir='ltr'>γεῖσθαι</span> <span class='ocrx_word' id='word_1_285' title='bbox 2505 1244 2708 1312; x_wconf 77' lang='grc' dir='ltr'>μᾶλλον</span> <span class='ocrx_word' id='word_1_286' title='bbox 2786 1243 2879 1296; x_wconf 80' lang='grc' dir='ltr'><strong>ὑπ’</strong></span> <span class='ocrx_word' id='word_1_287' title='bbox 2932 1246 3181 1299; x_wconf 80' lang='grc' dir='ltr'>ἐκείνων.</span> <span class='ocrx_word' id='word_1_288' title='bbox 3256 1246 3343 1309; x_wconf 83' lang='grc' dir='ltr'>Ὠς</span> <span class='ocrx_word' id='word_1_289' title='bbox 3418 1247 3648 1317; x_wconf 79' lang='grc' dir='ltr'>ἀπαρχὴ</span> <span class='ocrx_word' id='word_1_290' title='bbox 3715 1248 3775 1299; x_wconf 70' lang='grc' dir='ltr'><strong>δὲ</strong></span> 
     </span>
    </p>
   </div>
   <div class='ocr_carea' id='block_1_41' title="bbox 2206 1332 3773 1403">
    <p class='ocr_par' dir='ltr' id='par_1_41' title="bbox 2206 1332 3773 1403">
     <span class='ocr_line' id='line_1_41' title="bbox 2206 1332 3773 1403; baseline 0.001 -20"><span class='ocrx_word' id='word_1_291' title='bbox 2206 1333 2375 1403; x_wconf 83' lang='grc' dir='ltr'>μηδὲν</span> <span class='ocrx_word' id='word_1_292' title='bbox 2424 1332 2586 1385; x_wconf 82' lang='grc' dir='ltr'>πλέον</span> <span class='ocrx_word' id='word_1_293' title='bbox 2630 1334 3024 1401; x_wconf 73' lang='grc' dir='ltr'>προσφερέσθω</span> <span class='ocrx_word' id='word_1_294' title='bbox 3065 1335 3097 1403; x_wconf 75' lang='grc' dir='ltr'>ἢ</span> <span class='ocrx_word' id='word_1_295' title='bbox 3156 1336 3316 1397; x_wconf 73' lang='grc' dir='ltr'>,σῖτος</span> <span class='ocrx_word' id='word_1_296' title='bbox 3350 1336 3468 1397; x_wconf 81' lang='grc' dir='ltr'>νέος</span> <span class='ocrx_word' id='word_1_297' title='bbox 3507 1337 3604 1387; x_wconf 79' lang='grc' dir='ltr'><strong>καὶ</strong></span> <span class='ocrx_word' id='word_1_298' title='bbox 3635 1352 3773 1387; x_wconf 81' lang='grc' dir='ltr'>στα-</span> 
     </span>
    </p>
   </div>
   <div class='ocr_carea' id='block_1_42' title="bbox 2198 1422 3777 1493">
    <p class='ocr_par' dir='ltr' id='par_1_42' title="bbox 2198 1422 3777 1493">
     <span class='ocr_line' id='line_1_42' title="bbox 2198 1422 3777 1493; baseline 0.001 -19"><span class='ocrx_word' id='word_1_299' title='bbox 2198 1424 2371 1492; x_wconf 74' lang='grc' dir='ltr'>φυλή.</span> <span class='ocrx_word' id='word_1_300' title='bbox 2422 1424 2503 1475; x_wconf 76' lang='grc' dir='ltr'><strong>Τὰ</strong></span> <span class='ocrx_word' id='word_1_301' title='bbox 2536 1422 2595 1474; x_wconf 75' lang='grc' dir='ltr'><strong>δὲ</strong></span> <span class='ocrx_word' id='word_1_302' title='bbox 2651 1422 2781 1491; x_wconf 77' lang='grc' dir='ltr'>περὶ</span> <span class='ocrx_word' id='word_1_303' title='bbox 2820 1423 2913 1475; x_wconf 78' lang='grc' dir='ltr'>τοῦ</span> <span class='ocrx_word' id='word_1_304' title='bbox 2966 1424 3235 1490; x_wconf 81' lang='grc' dir='ltr'>γάλακτος</span> <span class='ocrx_word' id='word_1_305' title='bbox 3276 1426 3369 1478; x_wconf 75' lang='grc' dir='ltr'><strong>καὶ</strong></span> <span class='ocrx_word' id='word_1_306' title='bbox 3415 1425 3509 1479; x_wconf 80' lang='grc' dir='ltr'>τιοῦ</span> <span class='ocrx_word' id='word_1_307' title='bbox 3556 1426 3777 1493; x_wconf 80' lang='grc' dir='ltr'>μέλιτος</span> 
     </span>
    </p>
   </div>
   <div class='ocr_carea' id='block_1_43' title="bbox 2204 1511 3558 1585">
    <p class='ocr_par' dir='ltr' id='par_1_43' title="bbox 2204 1511 3558 1585">
     <span class='ocr_line' id='line_1_43' title="bbox 2204 1511 3558 1585; baseline 0.006 -20"><span class='ocrx_word' id='word_1_308' title='bbox 2204 1511 2561 1580; x_wconf 79' lang='grc' dir='ltr'>ἐκωλύθησαν</span> <span class='ocrx_word' id='word_1_309' title='bbox 2588 1514 2646 1565; x_wconf 76' lang='grc' dir='ltr'><strong>ἐν</strong></span> <span class='ocrx_word' id='word_1_310' title='bbox 2679 1513 2756 1585; x_wconf 83' lang='grc' dir='ltr'><strong>τῷ</strong></span> <span class='ocrx_word' id='word_1_311' title='bbox 2780 1512 2872 1576; x_wconf 55' lang='grc' dir='ltr'><strong>’νβ</strong></span> <span class='ocrx_word' id='word_1_312' title='bbox 2896 1514 3077 1570; x_wconf 79' lang='grc' dir='ltr'>κανόνι</span> <span class='ocrx_word' id='word_1_313' title='bbox 3111 1515 3211 1584; x_wconf 79' lang='grc' dir='ltr'>τῆς</span> <span class='ocrx_word' id='word_1_314' title='bbox 3234 1516 3279 1581; x_wconf 72' lang='grc' dir='ltr'><strong>ζ’</strong></span> <span class='ocrx_word' id='word_1_315' title='bbox 3321 1517 3558 1573; x_wconf 74' lang='grc' dir='ltr'>συνόδου.</span> 
     </span>
    </p>
   </div>
   <div class='ocr_carea' id='block_1_44' title="bbox 2276 1604 3776 1685">
    <p class='ocr_par' dir='ltr' id='par_1_44' title="bbox 2276 1604 3776 1685">
     <span class='ocr_line' id='line_1_44' title="bbox 2276 1604 3776 1685; baseline 0.001 -27"><span class='ocrx_word' id='word_1_316' title='bbox 2276 1604 2522 1659; x_wconf 81' lang='grc' dir='ltr'><strong>ΖΩΝΔΡ.</strong></span> <span class='ocrx_word' id='word_1_317' title='bbox 2553 1605 2662 1657; x_wconf 78' lang='grc' dir='ltr'><strong>Καὶ</strong></span> <span class='ocrx_word' id='word_1_318' title='bbox 2697 1606 2724 1656; x_wconf 83' lang='grc' dir='ltr'>ὁ</span> <span class='ocrx_word' id='word_1_319' title='bbox 2756 1606 2936 1674; x_wconf 81' lang='grc' dir='ltr'>τρίτος</span> <span class='ocrx_word' id='word_1_320' title='bbox 2967 1606 3151 1685; x_wconf 67' lang='grc' dir='ltr'>κανὼν</span> <span class='ocrx_word' id='word_1_321' title='bbox 3190 1606 3297 1658; x_wconf 80' lang='grc' dir='ltr'>τῶν</span> <span class='ocrx_word' id='word_1_322' title='bbox 3327 1606 3504 1674; x_wconf 71' lang='grc' dir='ltr'>ἁγίων</span> <span class='ocrx_word' id='word_1_323' title='bbox 3534 1610 3776 1661; x_wconf 75' lang='grc' dir='ltr'>ἀποστό-</span> 
     </span>
    </p>
   </div>
   <div class='ocr_carea' id='block_1_45' title="bbox 2204 1694 3772 1765">
    <p class='ocr_par' dir='ltr' id='par_1_45' title="bbox 2204 1694 3772 1765">
     <span class='ocr_line' id='line_1_45' title="bbox 2204 1694 3772 1765; baseline 0.005 -19"><span class='ocrx_word' id='word_1_324' title='bbox 2204 1695 2311 1747; x_wconf 79' lang='grc' dir='ltr'><strong>λων</strong></span> <span class='ocrx_word' id='word_1_325' title='bbox 2335 1697 2428 1746; x_wconf 82' lang='grc' dir='ltr'>καὶ</span> <span class='ocrx_word' id='word_1_326' title='bbox 2458 1698 2486 1747; x_wconf 79' lang='grc' dir='ltr'><strong>ὁ</strong></span> <span class='ocrx_word' id='word_1_327' title='bbox 2514 1696 2557 1747; x_wconf 83' lang='grc' dir='ltr'><strong>δ’</strong></span> <span class='ocrx_word' id='word_1_328' title='bbox 2607 1697 2733 1763; x_wconf 72' lang='grc' dir='ltr'>περὶ</span> <span class='ocrx_word' id='word_1_329' title='bbox 2793 1694 2992 1765; x_wconf 81' lang='grc' dir='ltr'>ταύτης</span> <span class='ocrx_word' id='word_1_330' title='bbox 3051 1696 3353 1761; x_wconf 79' lang='grc' dir='ltr'>ὑποθέσεως</span> <span class='ocrx_word' id='word_1_331' title='bbox 3396 1698 3772 1754; x_wconf 67' lang='grc' dir='ltr'>διατάττεταιέ</span> 
     </span>
    </p>
   </div>
   <div class='ocr_carea' id='block_1_46' title="bbox 2220 1787 3780 1858">
    <p class='ocr_par' dir='ltr' id='par_1_46' title="bbox 2220 1787 3780 1858">
     <span class='ocr_line' id='line_1_46' title="bbox 2220 1787 3780 1858; baseline 0.003 -19"><span class='ocrx_word' id='word_1_332' title='bbox 2220 1787 2371 1839; x_wconf 76' lang='grc' dir='ltr'>Ἐπεὶ</span> <span class='ocrx_word' id='word_1_333' title='bbox 2392 1787 2451 1839; x_wconf 79' lang='grc' dir='ltr'>δέ</span> <span class='ocrx_word' id='word_1_334' title='bbox 2478 1804 2622 1849; x_wconf 86' lang='grc' dir='ltr'>τινες</span> <span class='ocrx_word' id='word_1_335' title='bbox 2654 1789 2746 1839; x_wconf 74' lang='grc' dir='ltr'>καὶ</span> <span class='ocrx_word' id='word_1_336' title='bbox 2776 1788 2913 1854; x_wconf 80' lang='grc' dir='ltr'><strong>μετά</strong></span> <span class='ocrx_word' id='word_1_337' title='bbox 2946 1787 3119 1839; x_wconf 84' lang='grc' dir='ltr'>ταῦτα</span> <span class='ocrx_word' id='word_1_338' title='bbox 3153 1789 3491 1858; x_wconf 82' lang='grc' dir='ltr'>παρέὸαινον</span> <span class='ocrx_word' id='word_1_339' title='bbox 3515 1790 3641 1853; x_wconf 77' lang='grc' dir='ltr'>τοὺς</span> <span class='ocrx_word' id='word_1_340' title='bbox 3669 1810 3780 1844; x_wconf 66' lang='grc' dir='ltr'><strong>και</strong></span> 
     </span>
    </p>
   </div>
   <div class='ocr_carea' id='block_1_47' title="bbox 2205 1877 3781 1950">
    <p class='ocr_par' dir='ltr' id='par_1_47' title="bbox 2205 1877 3781 1950">
     <span class='ocr_line' id='line_1_47' title="bbox 2205 1877 3781 1950; baseline 0.001 -19"><span class='ocrx_word' id='word_1_341' title='bbox 2205 1880 2364 1942; x_wconf 87' lang='grc' dir='ltr'>νόνας</span> <span class='ocrx_word' id='word_1_342' title='bbox 2404 1880 2670 1943; x_wconf 73' lang='grc' dir='ltr'>ἐκείνους,</span> <span class='ocrx_word' id='word_1_343' title='bbox 2698 1879 2772 1940; x_wconf 80' lang='grc' dir='ltr'>ὡς</span> <span class='ocrx_word' id='word_1_344' title='bbox 2805 1880 2855 1931; x_wconf 87' lang='grc' dir='ltr'><strong>οί</strong></span> <span class='ocrx_word' id='word_1_345' title='bbox 2896 1879 3194 1947; x_wconf 74' lang='grc' dir='ltr'>Ἀρμένιοι,</span> <span class='ocrx_word' id='word_1_346' title='bbox 3234 1877 3374 1933; x_wconf 87' lang='grc' dir='ltr'>οἶνον</span> <span class='ocrx_word' id='word_1_347' title='bbox 3411 1881 3568 1949; x_wconf 89' lang='grc' dir='ltr'>μόνον</span> <span class='ocrx_word' id='word_1_348' title='bbox 3602 1899 3781 1950; x_wconf 77' lang='grc' dir='ltr'>προσ-</span> 
     </span>
    </p>
   </div>
   <div class='ocr_carea' id='block_1_48' title="bbox 2207 1968 3780 2038">
    <p class='ocr_par' dir='ltr' id='par_1_48' title="bbox 2207 1968 3780 2038">
     <span class='ocr_line' id='line_1_48' title="bbox 2207 1968 3780 2038; baseline 0.002 -17"><span class='ocrx_word' id='word_1_349' title='bbox 2207 1970 2465 2037; x_wconf 75' lang='grc' dir='ltr'>φέροντες</span> <span class='ocrx_word' id='word_1_350' title='bbox 2508 1972 2587 2033; x_wconf 84' lang='grc' dir='ltr'><strong>είς</strong></span> <span class='ocrx_word' id='word_1_351' title='bbox 2619 1972 2685 2022; x_wconf 82' lang='grc' dir='ltr'>τὰ</span> <span class='ocrx_word' id='word_1_352' title='bbox 2728 1970 2877 2036; x_wconf 79' lang='grc' dir='ltr'>ἆγια,</span> <span class='ocrx_word' id='word_1_353' title='bbox 2910 1968 3027 2021; x_wconf 82' lang='grc' dir='ltr'>ἀλλ’</span> <span class='ocrx_word' id='word_1_354' title='bbox 3051 1969 3171 2037; x_wconf 72' lang='grc' dir='ltr'>οὐχὶ</span> <span class='ocrx_word' id='word_1_355' title='bbox 3215 1970 3307 2022; x_wconf 76' lang='grc' dir='ltr'><strong>καὶ</strong></span> <span class='ocrx_word' id='word_1_356' title='bbox 3340 1970 3505 2038; x_wconf 78' lang='grc' dir='ltr'>ὕδωρ,</span> <span class='ocrx_word' id='word_1_357' title='bbox 3531 1970 3712 2034; x_wconf 78' lang='grc' dir='ltr'>καθὼς</span> <span class='ocrx_word' id='word_1_358' title='bbox 3745 1974 3780 2024; x_wconf 71' lang='grc'>6</span> 
     </span>
    </p>
   </div>
   <div class='ocr_carea' id='block_1_49' title="bbox 2205 2058 3782 2132">
    <p class='ocr_par' dir='ltr' id='par_1_49' title="bbox 2205 2058 3782 2132">
     <span class='ocr_line' id='line_1_49' title="bbox 2205 2058 3782 2132; baseline 0.002 -20"><span class='ocrx_word' id='word_1_359' title='bbox 2205 2060 2284 2112; x_wconf 82' lang='grc' dir='ltr'><strong>λ6⁰</strong></span> <span class='ocrx_word' id='word_1_360' title='bbox 2316 2060 2564 2131; x_wconf 71' lang='grc' dir='ltr'>περιέχει</span> <span class='ocrx_word' id='word_1_361' title='bbox 2598 2058 2779 2114; x_wconf 86' lang='grc' dir='ltr'>κανὼν</span> <span class='ocrx_word' id='word_1_362' title='bbox 2800 2062 2898 2130; x_wconf 72' lang='grc' dir='ltr'><strong>τῆς</strong></span> <span class='ocrx_word' id='word_1_363' title='bbox 2922 2062 2977 2114; x_wconf 73' lang='grc' dir='ltr'><strong>ἐν</strong></span> <span class='ocrx_word' id='word_1_364' title='bbox 3003 2060 3079 2131; x_wconf 74' lang='grc' dir='ltr'><strong>τῷ</strong></span> <span class='ocrx_word' id='word_1_365' title='bbox 3107 2061 3362 2132; x_wconf 82' lang='grc' dir='ltr'>Τρούλ).ῳ</span> <span class='ocrx_word' id='word_1_366' title='bbox 3410 2062 3575 2132; x_wconf 76' lang='grc' dir='ltr'>ἐκτης</span> <span class='ocrx_word' id='word_1_367' title='bbox 3610 2065 3782 2115; x_wconf 81' lang='grc' dir='ltr'>συνό-</span> 
     </span>
    </p>
   </div>
   <div class='ocr_carea' id='block_1_50' title="bbox 2205 2150 3781 2223">
    <p class='ocr_par' dir='ltr' id='par_1_50' title="bbox 2205 2150 3781 2223">
     <span class='ocr_line' id='line_1_50' title="bbox 2205 2150 3781 2223; baseline 0 -16"><span class='ocrx_word' id='word_1_368' title='bbox 2205 2152 2319 2219; x_wconf 84' lang='grc' dir='ltr'>δου,</span> <span class='ocrx_word' id='word_1_369' title='bbox 2348 2150 2481 2223; x_wconf 79' lang='grc' dir='ltr'>,ἦλθε</span> <span class='ocrx_word' id='word_1_370' title='bbox 2504 2156 2597 2208; x_wconf 73' lang='grc' dir='ltr'><strong>καὶ</strong></span> <span class='ocrx_word' id='word_1_371' title='bbox 2626 2156 2659 2222; x_wconf 76' lang='grc' dir='ltr'>ἡ</span> <span class='ocrx_word' id='word_1_372' title='bbox 2680 2153 2928 2223; x_wconf 85' lang='grc' dir='ltr'>παροῦσα</span> <span class='ocrx_word' id='word_1_373' title='bbox 2970 2153 3203 2215; x_wconf 80' lang='grc' dir='ltr'>σύνοδος,</span> <span class='ocrx_word' id='word_1_374' title='bbox 3238 2157 3318 2215; x_wconf 78' lang='grc' dir='ltr'>εἰς</span> <span class='ocrx_word' id='word_1_375' title='bbox 3344 2154 3403 2206; x_wconf 81' lang='grc' dir='ltr'>τὸ</span> <span class='ocrx_word' id='word_1_376' title='bbox 3431 2155 3781 2223; x_wconf 58' lang='lat' dir='ltr'><strong>aspice-.31»</strong></span> 
     </span>
    </p>
   </div>
   <div class='ocr_carea' id='block_1_51' title="bbox 2206 2243 3781 2313">
    <p class='ocr_par' dir='ltr' id='par_1_51' title="bbox 2206 2243 3781 2313">
     <span class='ocr_line' id='line_1_51' title="bbox 2206 2243 3781 2313; baseline 0 -16"><span class='ocrx_word' id='word_1_377' title='bbox 2206 2245 2583 2308; x_wconf 79' lang='grc' dir='ltr'>διαταξασθαι,</span> <span class='ocrx_word' id='word_1_378' title='bbox 2617 2243 2711 2297; x_wconf 85' lang='grc' dir='ltr'><strong>καί</strong></span> <span class='ocrx_word' id='word_1_379' title='bbox 2741 2261 2873 2313; x_wconf 82' lang='grc' dir='ltr'>φησι</span> <span class='ocrx_word' id='word_1_380' title='bbox 2911 2244 3074 2296; x_wconf 80' lang='grc' dir='ltr'>πλέον</span> <span class='ocrx_word' id='word_1_381' title='bbox 3109 2245 3277 2313; x_wconf 73' lang='grc' dir='ltr'>μηδὲν</span> <span class='ocrx_word' id='word_1_382' title='bbox 3300 2246 3468 2313; x_wconf 75' lang='grc' dir='ltr'>ἄρτου</span> <span class='ocrx_word' id='word_1_383' title='bbox 3505 2246 3598 2298; x_wconf 75' lang='grc' dir='ltr'><strong>καὶ</strong></span> <span class='ocrx_word' id='word_1_384' title='bbox 3624 2247 3781 2297; x_wconf 79' lang='grc' dir='ltr'>οῐιου</span> 
     </span>
    </p>
   </div>
   <div class='ocr_carea' id='block_1_52' title="bbox 2213 2335 3784 2404">
    <p class='ocr_par' dir='ltr' id='par_1_52' title="bbox 2213 2335 3784 2404">
     <span class='ocr_line' id='line_1_52' title="bbox 2213 2335 3784 2404; baseline -0.001 -15"><span class='ocrx_word' id='word_1_385' title='bbox 2213 2336 2361 2389; x_wconf 81' lang='grc' dir='ltr'>ὕδατι</span> <span class='ocrx_word' id='word_1_386' title='bbox 2397 2338 2737 2403; x_wconf 74' lang='grc' dir='ltr'>μεμιγμένου</span> <span class='ocrx_word' id='word_1_387' title='bbox 2781 2335 3186 2404; x_wconf 81' lang='grc' dir='ltr'>προσφέρεσθαι</span> <span class='ocrx_word' id='word_1_388' title='bbox 3232 2337 3313 2399; x_wconf 87' lang='grc' dir='ltr'><strong>είς</strong></span> <span class='ocrx_word' id='word_1_389' title='bbox 3353 2336 3422 2388; x_wconf 75' lang='grc' dir='ltr'>τὰ</span> <span class='ocrx_word' id='word_1_390' title='bbox 3478 2336 3629 2402; x_wconf 70' lang='grc' dir='ltr'>ἅγια,</span> <span class='ocrx_word' id='word_1_391' title='bbox 3678 2337 3784 2387; x_wconf 76' lang='grc' dir='ltr'>τὸν</span> 
     </span>
    </p>
   </div>
   <div class='ocr_carea' id='block_1_53' title="bbox 2213 2425 3783 2497">
    <p class='ocr_par' dir='ltr' id='par_1_53' title="bbox 2213 2425 3783 2497">
     <span class='ocr_line' id='line_1_53' title="bbox 2213 2425 3783 2497; baseline -0.001 -19"><span class='ocrx_word' id='word_1_392' title='bbox 2213 2427 2310 2489; x_wconf 80' lang='grc' dir='ltr'>μὲν</span> <span class='ocrx_word' id='word_1_393' title='bbox 2332 2428 2517 2496; x_wconf 79' lang='grc' dir='ltr'>ἄρτον,</span> <span class='ocrx_word' id='word_1_394' title='bbox 2554 2428 2633 2489; x_wconf 88' lang='grc' dir='ltr'><strong>είς</strong></span> <span class='ocrx_word' id='word_1_395' title='bbox 2657 2426 2826 2478; x_wconf 81' lang='grc' dir='ltr'>τύπον</span> <span class='ocrx_word' id='word_1_396' title='bbox 2867 2427 2959 2478; x_wconf 80' lang='grc' dir='ltr'>τοῦ</span> <span class='ocrx_word' id='word_1_397' title='bbox 3006 2425 3258 2495; x_wconf 85' lang='grc' dir='ltr'>σώματος</span> <span class='ocrx_word' id='word_1_398' title='bbox 3299 2427 3392 2480; x_wconf 79' lang='grc' dir='ltr'>τοῦ</span> <span class='ocrx_word' id='word_1_399' title='bbox 3430 2428 3655 2497; x_wconf 82' lang='grc' dir='ltr'>Κυρίου,</span> <span class='ocrx_word' id='word_1_400' title='bbox 3681 2430 3783 2478; x_wconf 64' lang='grc' dir='ltr'><strong>τί»</strong></span> 
     </span>
    </p>
   </div>
   <div class='ocr_carea' id='block_1_54' title="bbox 2210 2512 3786 2588">
    <p class='ocr_par' dir='ltr' id='par_1_54' title="bbox 2210 2512 3786 2588">
     <span class='ocr_line' id='line_1_54' title="bbox 2210 2512 3786 2588; baseline -0.001 -19"><span class='ocrx_word' id='word_1_401' title='bbox 2210 2518 2265 2569; x_wconf 69' lang='grc' dir='ltr'><strong>δὲ</strong></span> <span class='ocrx_word' id='word_1_402' title='bbox 2295 2516 2435 2568; x_wconf 79' lang='grc' dir='ltr'>οἶνον</span> <span class='ocrx_word' id='word_1_403' title='bbox 2464 2517 2556 2569; x_wconf 83' lang='grc' dir='ltr'>τοῦ</span> <span class='ocrx_word' id='word_1_404' title='bbox 2590 2517 2841 2585; x_wconf 76' lang='grc' dir='ltr'>αἵματος.</span> <span class='ocrx_word' id='word_1_405' title='bbox 2896 2517 3047 2569; x_wconf 71' lang='grc' dir='ltr'>Ἐπεὶ</span> <span class='ocrx_word' id='word_1_406' title='bbox 3086 2518 3142 2570; x_wconf 85' lang='grc' dir='ltr'><strong>δέ</strong></span> <span class='ocrx_word' id='word_1_407' title='bbox 3181 2520 3280 2588; x_wconf 85' lang='grc' dir='ltr'>οὐχ</span> <span class='ocrx_word' id='word_1_408' title='bbox 3322 2512 3461 2586; x_wconf 73' lang='grc' dir='ltr'>αἷμα</span> <span class='ocrx_word' id='word_1_409' title='bbox 3516 2519 3677 2587; x_wconf 83' lang='grc' dir='ltr'>μόνον</span> <span class='ocrx_word' id='word_1_410' title='bbox 3711 2521 3786 2569; x_wconf 76' lang='grc' dir='ltr'><strong>ἐκ</strong></span> 
     </span>
    </p>
   </div>
   <div class='ocr_carea' id='block_1_55' title="bbox 2208 2607 3787 2680">
    <p class='ocr_par' dir='ltr' id='par_1_55' title="bbox 2208 2607 3787 2680">
     <span class='ocr_line' id='line_1_55' title="bbox 2208 2607 3787 2680; baseline 0.001 -19"><span class='ocrx_word' id='word_1_411' title='bbox 2208 2609 2308 2677; x_wconf 85' lang='grc' dir='ltr'>τῆς</span> <span class='ocrx_word' id='word_1_412' title='bbox 2333 2607 2575 2678; x_wconf 75' lang='grc' dir='ltr'>πλευρᾶς</span> <span class='ocrx_word' id='word_1_413' title='bbox 2616 2609 2711 2662; x_wconf 82' lang='grc' dir='ltr'><strong>τοῦ</strong></span> <span class='ocrx_word' id='word_1_414' title='bbox 2740 2610 3011 2661; x_wconf 81' lang='grc' dir='ltr'>Δεσπότου</span> <span class='ocrx_word' id='word_1_415' title='bbox 3067 2609 3262 2680; x_wconf 81' lang='grc' dir='ltr'>ἐρῤύη,</span> <span class='ocrx_word' id='word_1_416' title='bbox 3303 2610 3437 2663; x_wconf 78' lang='grc' dir='ltr'>ἀλλὰ</span> <span class='ocrx_word' id='word_1_417' title='bbox 3486 2615 3579 2665; x_wconf 79' lang='grc' dir='ltr'><strong>καὶ</strong></span> <span class='ocrx_word' id='word_1_418' title='bbox 3606 2610 3787 2675; x_wconf 74' lang='grc' dir='ltr'>ὕδωρ,</span> 
     </span>
    </p>
   </div>
   <div class='ocr_carea' id='block_1_56' title="bbox 2212 2685 3789 2772">
    <p class='ocr_par' dir='ltr' id='par_1_56' title="bbox 2212 2685 3789 2772">
     <span class='ocr_line' id='line_1_56' title="bbox 2212 2685 3789 2772; baseline 0.003 -22"><span class='ocrx_word' id='word_1_419' title='bbox 2212 2699 2301 2751; x_wconf 73' lang='grc' dir='ltr'>διὰ</span> <span class='ocrx_word' id='word_1_420' title='bbox 2356 2698 2515 2751; x_wconf 82' lang='grc' dir='ltr'>τοῦτο</span> <span class='ocrx_word' id='word_1_421' title='bbox 2561 2701 2858 2767; x_wconf 81' lang='grc' dir='ltr'>ἀναγκαῖον</span> <span class='ocrx_word' id='word_1_422' title='bbox 2916 2700 2993 2769; x_wconf 83' lang='grc' dir='ltr'>τῷ</span> <span class='ocrx_word' id='word_1_423' title='bbox 3038 2705 3467 2772; x_wconf 77' lang='grc' dir='ltr'>προσφερομένῳ</span> <span class='ocrx_word' id='word_1_424' title='bbox 3510 2685 3637 2771; x_wconf 61' lang='grc' dir='ltr'>οϊνῳ</span> <span class='ocrx_word' id='word_1_425' title='bbox 3696 2706 3789 2764; x_wconf 80' lang='grc' dir='ltr'><strong>είς</strong></span> 
     </span>
    </p>
   </div>
   <div class='ocr_carea' id='block_1_57' title="bbox 2211 2790 3788 2860">
    <p class='ocr_par' dir='ltr' id='par_1_57' title="bbox 2211 2790 3788 2860">
     <span class='ocr_line' id='line_1_57' title="bbox 2211 2790 3788 2860; baseline 0.003 -19"><span class='ocrx_word' id='word_1_426' title='bbox 2211 2790 2279 2841; x_wconf 79' lang='grc' dir='ltr'>τ⁹ὰ</span> <span class='ocrx_word' id='word_1_427' title='bbox 2307 2790 2425 2842; x_wconf 83' lang='grc' dir='ltr'>θεία</span> <span class='ocrx_word' id='word_1_428' title='bbox 2456 2792 2733 2860; x_wconf 80' lang='grc' dir='ltr'>μυστήρια</span> <span class='ocrx_word' id='word_1_429' title='bbox 2766 2792 2859 2844; x_wconf 76' lang='grc' dir='ltr'>καὶ</span> <span class='ocrx_word' id='word_1_430' title='bbox 2910 2790 3054 2860; x_wconf 78' lang='grc' dir='ltr'>ὕδωρ</span> <span class='ocrx_word' id='word_1_431' title='bbox 3088 2792 3510 2860; x_wconf 78' lang='grc' dir='ltr'>συγκιρνᾶσθαι.</span> <span class='ocrx_word' id='word_1_432' title='bbox 3541 2792 3667 2844; x_wconf 77' lang='grc' dir='ltr'>Ὀτι</span> <span class='ocrx_word' id='word_1_433' title='bbox 3696 2792 3788 2858; x_wconf 72' lang='grc' dir='ltr'><strong>δὲ,</strong></span> 
     </span>
    </p>
   </div>
   <div class='ocr_carea' id='block_1_58' title="bbox 2214 2882 3788 2953">
    <p class='ocr_par' dir='ltr' id='par_1_58' title="bbox 2214 2882 3788 2953">
     <span class='ocr_line' id='line_1_58' title="bbox 2214 2882 3788 2953; baseline 0.001 -20"><span class='ocrx_word' id='word_1_434' title='bbox 2214 2882 2405 2949; x_wconf 76' lang='grc' dir='ltr'>φησὶν,</span> <span class='ocrx_word' id='word_1_435' title='bbox 2462 2883 2620 2934; x_wconf 74' lang='grc' dir='ltr'>εἴωθε</span> <span class='ocrx_word' id='word_1_436' title='bbox 2674 2884 3101 2953; x_wconf 74' lang='grc' dir='ltr'>προσφέρεσθαι.</span> <span class='ocrx_word' id='word_1_437' title='bbox 3154 2884 3231 2947; x_wconf 76' lang='grc' dir='ltr'><strong>ὡς</strong></span> <span class='ocrx_word' id='word_1_438' title='bbox 3274 2883 3518 2951; x_wconf 79' lang='grc' dir='ltr'><strong>ἀπαρχὴ.</strong></span> <span class='ocrx_word' id='word_1_439' title='bbox 3579 2884 3704 2953; x_wconf 87' lang='grc' dir='ltr'>μέλι</span> <span class='ocrx_word' id='word_1_440' title='bbox 3745 2884 3788 2953; x_wconf 78' lang='grc' dir='ltr'>ἢ</span> 
     </span>
    </p>
   </div>
   <div class='ocr_carea' id='block_1_59' title="bbox 2214 2971 3793 3043">
    <p class='ocr_par' dir='ltr' id='par_1_59' title="bbox 2214 2971 3793 3043">
     <span class='ocr_line' id='line_1_59' title="bbox 2214 2971 3793 3043; baseline -0.006 -9"><span class='ocrx_word' id='word_1_441' title='bbox 2214 2971 2435 3038; x_wconf 66' lang='grc' dir='ltr'>γάλαέν</span> <span class='ocrx_word' id='word_1_442' title='bbox 2470 2973 2569 3041; x_wconf 81' lang='grc' dir='ltr'>μιᾷ</span> <span class='ocrx_word' id='word_1_443' title='bbox 2601 2973 2784 3041; x_wconf 66' lang='grc' dir='ltr'>ἡμέρᾳ</span> <span class='ocrx_word' id='word_1_444' title='bbox 2811 2972 2983 3041; x_wconf 74' lang='grc' dir='ltr'>ἑθίμῳ</span> <span class='ocrx_word' id='word_1_445' title='bbox 3001 2974 3080 3035; x_wconf 86' lang='grc' dir='ltr'><strong>είς</strong></span> <span class='ocrx_word' id='word_1_446' title='bbox 3103 2974 3163 3025; x_wconf 69' lang='grc' dir='ltr'>τὸ</span> <span class='ocrx_word' id='word_1_447' title='bbox 3184 2974 3293 3025; x_wconf 84' lang='grc' dir='ltr'><strong>τῶν</strong></span> <span class='ocrx_word' id='word_1_448' title='bbox 3328 2974 3534 3043; x_wconf 85' lang='grc' dir='ltr'>νηπίων</span> <span class='ocrx_word' id='word_1_449' title='bbox 3568 2975 3793 3043; x_wconf 72' lang='grc' dir='ltr'>μυστή-</span> 
     </span>
    </p>
   </div>
   <div class='ocr_carea' id='block_1_60' title="bbox 2216 3062 3795 3135">
    <p class='ocr_par' dir='ltr' id='par_1_60' title="bbox 2216 3062 3795 3135">
     <span class='ocr_line' id='line_1_60' title="bbox 2216 3062 3795 3135; baseline 0.003 -22"><span class='ocrx_word' id='word_1_450' title='bbox 2216 3078 2355 3132; x_wconf 86' lang='grc' dir='ltr'>ριον,</span> <span class='ocrx_word' id='word_1_451' title='bbox 2402 3064 2496 3115; x_wconf 70' lang='grc' dir='ltr'>καὶ</span> <span class='ocrx_word' id='word_1_452' title='bbox 2551 3064 2607 3115; x_wconf 78' lang='grc' dir='ltr'>ὲν</span> <span class='ocrx_word' id='word_1_453' title='bbox 2646 3062 2724 3131; x_wconf 82' lang='grc' dir='ltr'><strong>τῷ</strong></span> <span class='ocrx_word' id='word_1_454' title='bbox 2758 3063 3126 3131; x_wconf 75' lang='grc' dir='ltr'>θυσιαστηρίῳ</span> <span class='ocrx_word' id='word_1_455' title='bbox 3181 3065 3579 3135; x_wconf 76' lang='grc' dir='ltr'>προσφέρηται.</span> <span class='ocrx_word' id='word_1_456' title='bbox 3628 3066 3795 3133; x_wconf 85' lang='grc' dir='ltr'>ὅμως</span> 
     </span>
    </p>
   </div>
   <div class='ocr_carea' id='block_1_61' title="bbox 535 3147 2104 3227">
    <p class='ocr_par' dir='ltr' id='par_1_61' title="bbox 535 3147 2104 3223">
     <span class='ocr_line' id='line_1_61' title="bbox 535 3147 2104 3223; baseline 0.005 -23"><span class='ocrx_word' id='word_1_457' title='bbox 535 3149 588 3201; x_wconf 90' lang='lat' dir='ltr'><strong>in</strong></span> <span class='ocrx_word' id='word_1_458' title='bbox 626 3147 781 3201; x_wconf 83' lang='lat' dir='ltr'><strong>altari</strong></span> <span class='ocrx_word' id='word_1_459' title='bbox 826 3147 1104 3212; x_wconf 72' lang='lat' dir='ltr'><strong>olferatur,</strong></span> <span class='ocrx_word' id='word_1_460' title='bbox 1141 3168 1243 3205; x_wconf 82' lang='lat' dir='ltr'><strong>non</strong></span> <span class='ocrx_word' id='word_1_461' title='bbox 1281 3163 1455 3207; x_wconf 79' lang='lat' dir='ltr'><strong>tamen</strong></span> <span class='ocrx_word' id='word_1_462' title='bbox 1486 3169 1610 3209; x_wconf 86' lang='lat' dir='ltr'><strong>cum</strong></span> <span class='ocrx_word' id='word_1_463' title='bbox 1653 3155 1834 3209; x_wconf 88' lang='lat' dir='ltr'><strong>divino</strong></span> <span class='ocrx_word' id='word_1_464' title='bbox 1862 3170 1998 3223; x_wconf 82' lang='lat' dir='ltr'><strong>pane</strong></span> <span class='ocrx_word' id='word_1_465' title='bbox 2037 3155 2104 3208; x_wconf 82' lang='lat' dir='ltr'><strong>si-</strong></span> 
     </span>
    </p>
   </div>
   <div class='ocr_carea' id='block_1_62' title="bbox 2231 3147 3797 3227">
    <p class='ocr_par' dir='ltr' id='par_1_62' title="bbox 2231 3148 3797 3219">
     <span class='ocr_line' id='line_1_62' title="bbox 2231 3148 3797 3219; baseline 0.001 -17"><span class='ocrx_word' id='word_1_466' title='bbox 2231 3151 2295 3219; x_wconf 71' lang='grc' dir='ltr'>ιιὴ</span> <span class='ocrx_word' id='word_1_467' title='bbox 2325 3150 2404 3219; x_wconf 84' lang='grc' dir='ltr'><strong>τῷ</strong></span> <span class='ocrx_word' id='word_1_468' title='bbox 2437 3149 2563 3218; x_wconf 84' lang='grc' dir='ltr'>θείῳ</span> <span class='ocrx_word' id='word_1_469' title='bbox 2594 3150 2745 3219; x_wconf 81' lang='grc' dir='ltr'>ἄρτῳ</span> <span class='ocrx_word' id='word_1_470' title='bbox 2780 3152 2874 3202; x_wconf 84' lang='grc' dir='ltr'><strong>καὶ</strong></span> <span class='ocrx_word' id='word_1_471' title='bbox 2910 3149 3038 3219; x_wconf 75' lang='grc' dir='ltr'>οἴνῳ</span> <span class='ocrx_word' id='word_1_472' title='bbox 3070 3148 3479 3217; x_wconf 86' lang='grc' dir='ltr'>μιγνύσθωσαν,</span> <span class='ocrx_word' id='word_1_473' title='bbox 3503 3150 3617 3203; x_wconf 81' lang='grc' dir='ltr'>ἀλλ’</span> <span class='ocrx_word' id='word_1_474' title='bbox 3639 3150 3797 3203; x_wconf 80' lang='grc' dir='ltr'>ίδίαν</span> 
     </span>
    </p>
   </div>
   <div class='ocr_carea' id='block_1_63' title="bbox 536 3238 2107 3309">
    <p class='ocr_par' dir='ltr' id='par_1_63' title="bbox 536 3238 2107 3309">
     <span class='ocr_line' id='line_1_63' title="bbox 536 3238 2107 3309; baseline 0.005 -19"><span class='ocrx_word' id='word_1_475' title='bbox 536 3239 645 3291; x_wconf 74' lang='lat' dir='ltr'><strong>tnui</strong></span> <span class='ocrx_word' id='word_1_476' title='bbox 680 3238 915 3308; x_wconf 84' lang='lat' dir='ltr'><strong>vinoque</strong></span> <span class='ocrx_word' id='word_1_477' title='bbox 944 3243 1303 3297; x_wconf 79' lang='lat' dir='ltr'><strong>intermisceri</strong></span> <span class='ocrx_word' id='word_1_478' title='bbox 1338 3259 1656 3298; x_wconf 85' lang='lat' dir='ltr'><strong>concessum</strong></span> <span class='ocrx_word' id='word_1_479' title='bbox 1694 3245 1787 3309; x_wconf 85' lang='lat' dir='ltr'><strong>sit,</strong></span> <span class='ocrx_word' id='word_1_480' title='bbox 1819 3247 1913 3299; x_wconf 89' lang='lat' dir='ltr'><strong>sed</strong></span> <span class='ocrx_word' id='word_1_481' title='bbox 1953 3261 2107 3299; x_wconf 83' lang='lat' dir='ltr'><strong>seor-</strong></span> 
     </span>
    </p>
   </div>
   <div class='ocr_carea' id='block_1_64' title="bbox 536 3329 2104 3399">
    <p class='ocr_par' dir='ltr' id='par_1_64' title="bbox 536 3329 2104 3399">
     <span class='ocr_line' id='line_1_64' title="bbox 536 3329 2104 3399; baseline 0.003 -17"><span class='ocrx_word' id='word_1_482' title='bbox 536 3343 651 3382; x_wconf 77' lang='lat' dir='ltr'><strong>Sum</strong></span> <span class='ocrx_word' id='word_1_483' title='bbox 685 3329 752 3383; x_wconf 90' lang='lat' dir='ltr'><strong>ab</strong></span> <span class='ocrx_word' id='word_1_484' title='bbox 790 3329 918 3393; x_wconf 84' lang='lat' dir='ltr'><strong>illis,</strong></span> <span class='ocrx_word' id='word_1_485' title='bbox 953 3334 1168 3399; x_wconf 86' lang='lat' dir='ltr'><strong>propria</strong></span> <span class='ocrx_word' id='word_1_486' title='bbox 1206 3334 1537 3399; x_wconf 80' lang='lat' dir='ltr'><strong>precatimtis</strong></span> <span class='ocrx_word' id='word_1_487' title='bbox 1568 3335 1812 3388; x_wconf 79' lang='lat' dir='ltr'><strong>adhibita</strong></span> <span class='ocrx_word' id='word_1_488' title='bbox 1848 3334 2104 3399; x_wconf 63' lang='lat' dir='ltr'><strong>formula,</strong></span> 
     </span>
    </p>
   </div>
   <div class='ocr_carea' id='block_1_65' title="bbox 541 3420 2105 3497">
    <p class='ocr_par' dir='ltr' id='par_1_65' title="bbox 541 3420 2105 3497">
     <span class='ocr_line' id='line_1_65' title="bbox 541 3420 2105 3497; baseline 0.003 -25"><span class='ocrx_word' id='word_1_489' title='bbox 541 3420 955 3476; x_wconf 79' lang='lat' dir='ltr'><strong>benedicautur.</strong></span> <span class='ocrx_word' id='word_1_490' title='bbox 987 3423 1116 3475; x_wconf 89' lang='lat' dir='ltr'><strong>lllud</strong></span> <span class='ocrx_word' id='word_1_491' title='bbox 1152 3440 1277 3478; x_wconf 88' lang='lat' dir='ltr'><strong>vero</strong></span> <span class='ocrx_word' id='word_1_492' title='bbox 1308 3426 1406 3495; x_wconf 89' lang='lat' dir='ltr'><strong>[ad</strong></span> <span class='ocrx_word' id='word_1_493' title='bbox 1444 3425 1725 3479; x_wconf 78' lang='lat' dir='ltr'><strong>infantium</strong></span> <span class='ocrx_word' id='word_1_494' title='bbox 1753 3430 2065 3496; x_wconf 80' lang='lat' dir='ltr'><strong>mysterium</strong></span> <span class='ocrx_word' id='word_1_495' title='bbox 2094 3430 2105 3497; x_wconf 86' lang='lat'>|</span> 
     </span>
    </p>
   </div>
   <div class='ocr_carea' id='block_1_66' title="bbox 533 3511 2105 3585">
    <p class='ocr_par' dir='ltr' id='par_1_66' title="bbox 533 3511 2105 3585">
     <span class='ocr_line' id='line_1_66' title="bbox 533 3511 2105 3585; baseline 0.007 -24"><span class='ocrx_word' id='word_1_496' title='bbox 533 3511 751 3579; x_wconf 79' lang='lat' dir='ltr'><strong>quidam</strong></span> <span class='ocrx_word' id='word_1_497' title='bbox 799 3513 878 3565; x_wconf 90' lang='lat' dir='ltr'><strong>sic</strong></span> <span class='ocrx_word' id='word_1_498' title='bbox 929 3512 1251 3582; x_wconf 81' lang='lat' dir='ltr'><strong>intelligunt,</strong></span> <span class='ocrx_word' id='word_1_499' title='bbox 1298 3525 1365 3568; x_wconf 85' lang='lat' dir='ltr'><strong>-ut</strong></span> <span class='ocrx_word' id='word_1_500' title='bbox 1424 3530 1484 3569; x_wconf 88' lang='lat' dir='ltr'><strong>ea</strong></span> <span class='ocrx_word' id='word_1_501' title='bbox 1534 3518 1773 3585; x_wconf 81' lang='lat' dir='ltr'><strong>parvulis</strong></span> <span class='ocrx_word' id='word_1_502' title='bbox 1829 3532 2105 3571; x_wconf 83' lang='lat' dir='ltr'><strong>sacrortnn</strong></span> 
     </span>
    </p>
   </div>
   <div class='ocr_carea' id='block_1_67' title="bbox 539 3602 2104 3676">
    <p class='ocr_par' dir='ltr' id='par_1_67' title="bbox 539 3602 2104 3676">
     <span class='ocr_line' id='line_1_67' title="bbox 539 3602 2104 3676; baseline 0.004 -23"><span class='ocrx_word' id='word_1_503' title='bbox 539 3602 918 3671; x_wconf 85' lang='lat' dir='ltr'><strong>mysteriorum</strong></span> <span class='ocrx_word' id='word_1_504' title='bbox 970 3603 1086 3658; x_wconf 90' lang='lat' dir='ltr'><strong>loco</strong></span> <span class='ocrx_word' id='word_1_505' title='bbox 1128 3608 1505 3672; x_wconf 67' lang='lat' dir='ltr'><strong>praebeantur;</strong></span> <span class='ocrx_word' id='word_1_506' title='bbox 1560 3609 1700 3675; x_wconf 83' lang='lat' dir='ltr'><strong>quod</strong></span> <span class='ocrx_word' id='word_1_507' title='bbox 1746 3622 1846 3676; x_wconf 85' lang='lat' dir='ltr'><strong>ego</strong></span> <span class='ocrx_word' id='word_1_508' title='bbox 1889 3608 2104 3676; x_wconf 88' lang='lat' dir='ltr'><strong>quidem</strong></span> 
     </span>
    </p>
   </div>
   <div class='ocr_carea' id='block_1_68' title="bbox 541 3691 2107 3766">
    <p class='ocr_par' dir='ltr' id='par_1_68' title="bbox 541 3691 2107 3766">
     <span class='ocr_line' id='line_1_68' title="bbox 541 3691 2107 3766; baseline 0.004 -21"><span class='ocrx_word' id='word_1_509' title='bbox 541 3691 685 3745; x_wconf 82' lang='lat' dir='ltr'><strong>haud</strong></span> <span class='ocrx_word' id='word_1_510' title='bbox 726 3692 1085 3757; x_wconf 86' lang='lat' dir='ltr'><strong>probaverim.</strong></span> <span class='ocrx_word' id='word_1_511' title='bbox 1124 3693 1227 3746; x_wconf 82' lang='lat' dir='ltr'><strong>Alii</strong></span> <span class='ocrx_word' id='word_1_512' title='bbox 1260 3710 1413 3757; x_wconf 81' lang='lat' dir='ltr'><strong>vero,</strong></span> <span class='ocrx_word' id='word_1_513' title='bbox 1441 3697 1595 3764; x_wconf 87' lang='lat' dir='ltr'><strong>quasi</strong></span> <span class='ocrx_word' id='word_1_514' title='bbox 1638 3696 1719 3750; x_wconf 82' lang='lat' dir='ltr'><strong>lac</strong></span> <span class='ocrx_word' id='word_1_515' title='bbox 1749 3698 2107 3766; x_wconf 87' lang='lat' dir='ltr'><strong>pritnitiarum</strong></span> 
     </span>
    </p>
   </div>
   <div class='ocr_carea' id='block_1_69' title="bbox 541 3783 2111 3854">
    <p class='ocr_par' dir='ltr' id='par_1_69' title="bbox 541 3783 2111 3854">
     <span class='ocr_line' id='line_1_69' title="bbox 541 3783 2111 3854; baseline 0.002 -20"><span class='ocrx_word' id='word_1_516' title='bbox 541 3783 776 3844; x_wconf 81' lang='lat' dir='ltr'><strong>nomine,</strong></span> <span class='ocrx_word' id='word_1_517' title='bbox 848 3792 1067 3851; x_wconf 85' lang='lat' dir='ltr'><strong>propter</strong></span> <span class='ocrx_word' id='word_1_518' title='bbox 1114 3784 1371 3849; x_wconf 80' lang='lat' dir='ltr'><strong>infantes,</strong></span> <span class='ocrx_word' id='word_1_519' title='bbox 1416 3786 1612 3854; x_wconf 87' lang='lat' dir='ltr'><strong>quippe</strong></span> <span class='ocrx_word' id='word_1_520' title='bbox 1664 3786 1754 3852; x_wconf 73' lang='lat' dir='ltr'><strong>Qui</strong></span> <span class='ocrx_word' id='word_1_521' title='bbox 1814 3788 1927 3838; x_wconf 89' lang='lat' dir='ltr'><strong>solo</strong></span> <span class='ocrx_word' id='word_1_522' title='bbox 1974 3787 2111 3839; x_wconf 74' lang='lat' dir='ltr'><strong>lat-te</strong></span> 
     </span>
    </p>
   </div>
   <div class='ocr_carea' id='block_1_70' title="bbox 540 3872 2113 3945">
    <p class='ocr_par' dir='ltr' id='par_1_70' title="bbox 540 3872 2113 3945">
     <span class='ocr_line' id='line_1_70' title="bbox 540 3872 2113 3945; baseline 0.004 -20"><span class='ocrx_word' id='word_1_523' title='bbox 540 3874 781 3935; x_wconf 82' lang='lat' dir='ltr'><strong>alantur,</strong></span> <span class='ocrx_word' id='word_1_524' title='bbox 827 3872 1007 3929; x_wconf 76' lang='lat' dir='ltr'><strong>oﬂ‘erri</strong></span> <span class='ocrx_word' id='word_1_525' title='bbox 1042 3876 1257 3928; x_wconf 85' lang='lat' dir='ltr'><strong>solitum</strong></span> <span class='ocrx_word' id='word_1_526' title='bbox 1294 3874 1473 3929; x_wconf 81' lang='lat' dir='ltr'><strong>fuerit.</strong></span> <span class='ocrx_word' id='word_1_527' title='bbox 1507 3873 1703 3929; x_wconf 80' lang='lat' dir='ltr'><strong>Verum</strong></span> <span class='ocrx_word' id='word_1_528' title='bbox 1740 3876 1790 3929; x_wconf 88' lang='lat' dir='ltr'><strong>id</strong></span> <span class='ocrx_word' id='word_1_529' title='bbox 1841 3890 1902 3929; x_wconf 77' lang='lat' dir='ltr'><strong>ex</strong></span> <span class='ocrx_word' id='word_1_530' title='bbox 1957 3881 2113 3945; x_wconf 89' lang='lat' dir='ltr'><strong>quin-</strong></span> 
     </span>
    </p>
   </div>
   <div class='ocr_carea' id='block_1_71' title="bbox 536 3965 2109 4035">
    <p class='ocr_par' dir='ltr' id='par_1_71' title="bbox 536 3965 2109 4035">
     <span class='ocr_line' id='line_1_71' title="bbox 536 3965 2109 4035; baseline 0.004 -20"><span class='ocrx_word' id='word_1_531' title='bbox 536 3966 849 4031; x_wconf 68' lang='lat' dir='ltr'><strong>qugesimo</strong></span> <span class='ocrx_word' id='word_1_532' title='bbox 898 3965 1126 4033; x_wconf 87' lang='lat' dir='ltr'><strong>septimo</strong></span> <span class='ocrx_word' id='word_1_533' title='bbox 1170 3975 1336 4019; x_wconf 70' lang='lat' dir='ltr'><strong>sexta:</strong></span> <span class='ocrx_word' id='word_1_534' title='bbox 1375 3967 1560 4035; x_wconf 86' lang='lat' dir='ltr'><strong>synodi</strong></span> <span class='ocrx_word' id='word_1_535' title='bbox 1631 3980 1832 4019; x_wconf 86' lang='lat' dir='ltr'><strong>canone</strong></span> <span class='ocrx_word' id='word_1_536' title='bbox 1882 3970 2109 4021; x_wconf 79' lang='lat' dir='ltr'><strong>Omnino</strong></span> 
     </span>
    </p>
   </div>
   <div class='ocr_carea' id='block_1_72' title="bbox 2215 3242 3800 3311">
    <p class='ocr_par' dir='ltr' id='par_1_72' title="bbox 2215 3242 3800 3311">
     <span class='ocr_line' id='line_1_72' title="bbox 2215 3242 3800 3311; baseline 0.001 -17"><span class='ocrx_word' id='word_1_537' title='bbox 2215 3243 2387 3311; x_wconf 81' lang='grc' dir='ltr'>ἐχέτω</span> <span class='ocrx_word' id='word_1_538' title='bbox 2416 3242 2693 3308; x_wconf 76' lang='grc' dir='ltr'>εὐλογίαν,</span> <span class='ocrx_word' id='word_1_539' title='bbox 2722 3244 3118 3311; x_wconf 73' lang='grc' dir='ltr'>κεχωρισμένα</span> <span class='ocrx_word' id='word_1_540' title='bbox 3178 3244 3236 3308; x_wconf 76' lang='grc' dir='ltr'>ἐξ</span> <span class='ocrx_word' id='word_1_541' title='bbox 3270 3242 3495 3297; x_wconf 75' lang='grc' dir='ltr'>ἐκείνων</span> <span class='ocrx_word' id='word_1_542' title='bbox 3526 3243 3800 3309; x_wconf 83' lang='grc' dir='ltr'>εύλογού-</span> 
     </span>
    </p>
   </div>
   <div class='ocr_carea' id='block_1_73' title="bbox 2218 3330 3801 3399">
    <p class='ocr_par' dir='ltr' id='par_1_73' title="bbox 2218 3330 3801 3399">
     <span class='ocr_line' id='line_1_73' title="bbox 2218 3330 3801 3399; baseline 0 -18"><span class='ocrx_word' id='word_1_543' title='bbox 2218 3347 2375 3399; x_wconf 88' lang='grc' dir='ltr'>μενα.</span> <span class='ocrx_word' id='word_1_544' title='bbox 2408 3330 2480 3382; x_wconf 85' lang='grc' dir='ltr'><strong>Τδ</strong></span> <span class='ocrx_word' id='word_1_545' title='bbox 2528 3330 2605 3393; x_wconf 75' lang='grc' dir='ltr'><strong>δὲ,</strong></span> <span class='ocrx_word' id='word_1_546' title='bbox 2636 3333 2717 3392; x_wconf 87' lang='grc' dir='ltr'><strong>είς</strong></span> <span class='ocrx_word' id='word_1_547' title='bbox 2760 3331 2817 3381; x_wconf 65' lang='grc' dir='ltr'><strong>τι</strong></span> <span class='ocrx_word' id='word_1_548' title='bbox 2853 3330 2960 3382; x_wconf 81' lang='grc' dir='ltr'>τῶν</span> <span class='ocrx_word' id='word_1_549' title='bbox 2995 3334 3204 3397; x_wconf 83' lang='grc' dir='ltr'>νηπίων</span> <span class='ocrx_word' id='word_1_550' title='bbox 3265 3332 3597 3399; x_wconf 63' lang='grc' dir='ltr'>μυστήριον,</span> <span class='ocrx_word' id='word_1_551' title='bbox 3634 3332 3801 3393; x_wconf 84' lang='grc' dir='ltr'>τινές</span> 
     </span>
    </p>
   </div>
   <div class='ocr_carea' id='block_1_74' title="bbox 2217 3415 3798 3488">
    <p class='ocr_par' dir='ltr' id='par_1_74' title="bbox 2217 3415 3798 3488">
     <span class='ocr_line' id='line_1_74' title="bbox 2217 3415 3798 3488; baseline 0 -17"><span class='ocrx_word' id='word_1_552' title='bbox 2217 3437 2383 3487; x_wconf 79' lang='grc' dir='ltr'>φασιν</span> <span class='ocrx_word' id='word_1_553' title='bbox 2448 3415 2588 3472; x_wconf 77' lang='grc' dir='ltr'>εἶναι</span> <span class='ocrx_word' id='word_1_554' title='bbox 2650 3421 2710 3472; x_wconf 79' lang='grc' dir='ltr'>τὸ</span> <span class='ocrx_word' id='word_1_555' title='bbox 2769 3420 3147 3488; x_wconf 81' lang='grc' dir='ltr'>μεταδίδοσθαι</span> <span class='ocrx_word' id='word_1_556' title='bbox 3200 3420 3372 3473; x_wconf 85' lang='grc' dir='ltr'>ταῦτα</span> <span class='ocrx_word' id='word_1_557' title='bbox 3410 3422 3520 3482; x_wconf 77' lang='grc' dir='ltr'>τοῖς</span> <span class='ocrx_word' id='word_1_558' title='bbox 3565 3420 3798 3485; x_wconf 68' lang='grc' dir='ltr'>νηπίοις</span> 
     </span>
    </p>
   </div>
   <div class='ocr_carea' id='block_1_75' title="bbox 2217 3508 3800 3581">
    <p class='ocr_par' dir='ltr' id='par_1_75' title="bbox 2217 3508 3800 3581">
     <span class='ocr_line' id='line_1_75' title="bbox 2217 3508 3800 3581; baseline 0.001 -20"><span class='ocrx_word' id='word_1_559' title='bbox 2217 3512 2339 3569; x_wconf 78' lang='grc' dir='ltr'>ἀντὶ</span> <span class='ocrx_word' id='word_1_560' title='bbox 2387 3512 2496 3563; x_wconf 82' lang='grc' dir='ltr'>τῶν</span> <span class='ocrx_word' id='word_1_561' title='bbox 2535 3513 2872 3581; x_wconf 80' lang='grc' dir='ltr'>μυστηρίων,</span> <span class='ocrx_word' id='word_1_562' title='bbox 2929 3515 3068 3580; x_wconf 76' lang='grc' dir='ltr'>ὅπερ</span> <span class='ocrx_word' id='word_1_563' title='bbox 3120 3514 3219 3566; x_wconf 76' lang='grc' dir='ltr'>οὐκ</span> <span class='ocrx_word' id='word_1_564' title='bbox 3262 3508 3420 3579; x_wconf 76' lang='grc' dir='ltr'>οἶμαι</span> <span class='ocrx_word' id='word_1_565' title='bbox 3448 3527 3463 3543; x_wconf 75' lang='grc' dir='ltr'><strong>ο</strong></span> <span class='ocrx_word' id='word_1_566' title='bbox 3504 3509 3649 3569; x_wconf 82' lang='grc' dir='ltr'>τινὲς</span> <span class='ocrx_word' id='word_1_567' title='bbox 3704 3513 3800 3577; x_wconf 76' lang='grc' dir='ltr'><strong>δὲ,</strong></span> 
     </span>
    </p>
   </div>
   <div class='ocr_carea' id='block_1_76' title="bbox 2214 3601 3803 3672">
    <p class='ocr_par' dir='ltr' id='par_1_76' title="bbox 2214 3601 3803 3672">
     <span class='ocr_line' id='line_1_76' title="bbox 2214 3601 3803 3672; baseline -0.003 -16"><span class='ocrx_word' id='word_1_568' title='bbox 2214 3607 2296 3656; x_wconf 82' lang='grc' dir='ltr'>ὅτι</span> <span class='ocrx_word' id='word_1_569' title='bbox 2327 3603 2385 3654; x_wconf 79' lang='grc' dir='ltr'>τὸ</span> <span class='ocrx_word' id='word_1_570' title='bbox 2419 3602 2558 3664; x_wconf 79' lang='grc' dir='ltr'>γᾶλα</span> <span class='ocrx_word' id='word_1_571' title='bbox 2586 3605 2895 3672; x_wconf 86' lang='grc' dir='ltr'>προσήγετο</span> <span class='ocrx_word' id='word_1_572' title='bbox 2918 3603 2991 3666; x_wconf 79' lang='grc' dir='ltr'>ὡς</span> <span class='ocrx_word' id='word_1_573' title='bbox 3018 3604 3238 3671; x_wconf 80' lang='grc' dir='ltr'>ἀπαρχὴ</span> <span class='ocrx_word' id='word_1_574' title='bbox 3269 3603 3356 3655; x_wconf 77' lang='grc' dir='ltr'><strong>διὰ</strong></span> <span class='ocrx_word' id='word_1_575' title='bbox 3382 3603 3448 3653; x_wconf 86' lang='grc' dir='ltr'>τὰ</span> <span class='ocrx_word' id='word_1_576' title='bbox 3479 3605 3677 3668; x_wconf 84' lang='grc' dir='ltr'>νήπια,</span> <span class='ocrx_word' id='word_1_577' title='bbox 3710 3601 3803 3662; x_wconf 79' lang='grc' dir='ltr'>ὡς</span> 
     </span>
    </p>
   </div>
   <div class='ocr_carea' id='block_1_77' title="bbox 2217 3688 3801 3758">
    <p class='ocr_par' dir='ltr' id='par_1_77' title="bbox 2217 3688 3801 3758">
     <span class='ocr_line' id='line_1_77' title="bbox 2217 3688 3801 3758; baseline -0.003 -15"><span class='ocrx_word' id='word_1_578' title='bbox 2217 3692 2447 3758; x_wconf 84' lang='grc' dir='ltr'>γάλακτι</span> <span class='ocrx_word' id='word_1_579' title='bbox 2481 3690 2627 3758; x_wconf 84' lang='grc' dir='ltr'>μόνῳ</span> <span class='ocrx_word' id='word_1_580' title='bbox 2656 3690 3005 3758; x_wconf 77' lang='grc' dir='ltr'>τρεφομένων</span> <span class='ocrx_word' id='word_1_581' title='bbox 3040 3691 3239 3742; x_wconf 79' lang='grc' dir='ltr'>αὐτῶν.</span> <span class='ocrx_word' id='word_1_582' title='bbox 3284 3690 3453 3743; x_wconf 81' lang='grc' dir='ltr'>Τοῦτο</span> <span class='ocrx_word' id='word_1_583' title='bbox 3501 3690 3553 3741; x_wconf 67' lang='grc' dir='ltr'><strong>δὲ</strong></span> <span class='ocrx_word' id='word_1_584' title='bbox 3584 3690 3615 3756; x_wconf 77' lang='grc' dir='ltr'>ἡ</span> <span class='ocrx_word' id='word_1_585' title='bbox 3647 3688 3801 3755; x_wconf 66' lang='grc' dir='ltr'>ἕκτη</span> 
     </span>
    </p>
   </div>
   <div class='ocr_carea' id='block_1_78' title="bbox 2222 3778 3803 3842">
    <p class='ocr_par' dir='ltr' id='par_1_78' title="bbox 2222 3778 3803 3842">
     <span class='ocr_line' id='line_1_78' title="bbox 2222 3778 3803 3842; baseline -0.003 -8"><span class='ocrx_word' id='word_1_586' title='bbox 2222 3782 2440 3842; x_wconf 82' lang='grc' dir='ltr'>σύνοδος</span> <span class='ocrx_word' id='word_1_587' title='bbox 2509 3780 2733 3841; x_wconf 79' lang='grc' dir='ltr'>τελείως</span> <span class='ocrx_word' id='word_1_588' title='bbox 2808 3780 3083 3833; x_wconf 79' lang='grc' dir='ltr'>ἐκώλυσεν</span> <span class='ocrx_word' id='word_1_589' title='bbox 3140 3782 3198 3831; x_wconf 81' lang='grc' dir='ltr'><strong>ἐν</strong></span> <span class='ocrx_word' id='word_1_590' title='bbox 3272 3781 3347 3841; x_wconf 76' lang='grc' dir='ltr'><strong>νζ⁹</strong></span> <span class='ocrx_word' id='word_1_591' title='bbox 3411 3780 3613 3831; x_wconf 82' lang='grc' dir='ltr'>κανόνι.</span> <span class='ocrx_word' id='word_1_592' title='bbox 3702 3778 3803 3841; x_wconf 79' lang='grc' dir='ltr'>Ὡς</span> 
     </span>
    </p>
   </div>
   <div class='ocr_carea' id='block_1_79' title="bbox 2221 3870 3801 3943">
    <p class='ocr_par' dir='ltr' id='par_1_79' title="bbox 2221 3870 3801 3943">
     <span class='ocr_line' id='line_1_79' title="bbox 2221 3870 3801 3943; baseline -0.004 -16"><span class='ocrx_word' id='word_1_593' title='bbox 2221 3874 2445 3943; x_wconf 78' lang='grc' dir='ltr'>ἀπαρχὴ</span> <span class='ocrx_word' id='word_1_594' title='bbox 2470 3872 2548 3935; x_wconf 78' lang='grc' dir='ltr'><strong>δὲ,</strong></span> <span class='ocrx_word' id='word_1_595' title='bbox 2571 3875 2724 3940; x_wconf 58' lang='grc' dir='ltr'>φησι,</span> <span class='ocrx_word' id='word_1_596' title='bbox 2757 3874 2919 3939; x_wconf 75' lang='grc' dir='ltr'>μηδὲν</span> <span class='ocrx_word' id='word_1_597' title='bbox 2949 3871 3111 3923; x_wconf 79' lang='grc' dir='ltr'>πλέον</span> <span class='ocrx_word' id='word_1_598' title='bbox 3139 3870 3535 3940; x_wconf 72' lang='grc' dir='ltr'>προσφερέσθω</span> <span class='ocrx_word' id='word_1_599' title='bbox 3570 3871 3600 3939; x_wconf 77' lang='grc' dir='ltr'><strong>ἢ</strong></span> <span class='ocrx_word' id='word_1_600' title='bbox 3637 3872 3801 3933; x_wconf 81' lang='grc' dir='ltr'>σῖτος</span> 
     </span>
    </p>
   </div>
   <div class='ocr_carea' id='block_1_80' title="bbox 2220 3960 3533 4030">
    <p class='ocr_par' dir='ltr' id='par_1_80' title="bbox 2220 3960 3533 4030">
     <span class='ocr_line' id='line_1_80' title="bbox 2220 3960 3533 4030; baseline -0.004 -12"><span class='ocrx_word' id='word_1_601' title='bbox 2220 3966 2335 4027; x_wconf 88' lang='grc' dir='ltr'>νέος</span> <span class='ocrx_word' id='word_1_602' title='bbox 2364 3966 2459 4016; x_wconf 74' lang='grc' dir='ltr'><strong>κα)⁵</strong></span> <span class='ocrx_word' id='word_1_603' title='bbox 2487 3963 2756 4030; x_wconf 70' lang='grc' dir='ltr'>σταφυλαὶ</span> <span class='ocrx_word' id='word_1_604' title='bbox 2781 3962 2905 4030; x_wconf 76' lang='grc' dir='ltr'>ἄρτι</span> <span class='ocrx_word' id='word_1_605' title='bbox 2934 3962 3223 4029; x_wconf 49' lang='grc' dir='ltr'>γενόμεναι</span> <span class='ocrx_word' id='word_1_606' title='bbox 3262 3960 3533 4029; x_wconf 81' lang='grc' dir='ltr'>πέπειροι.</span> 
     </span>
    </p>
   </div>
   <div class='ocr_carea' id='block_1_81' title="bbox 538 4052 3799 4127">
    <p class='ocr_par' dir='ltr' id='par_1_81' title="bbox 538 4052 3799 4127">
     <span class='ocr_line' id='line_1_81' title="bbox 538 4052 3799 4127; baseline -0.002 -20"><span class='ocrx_word' id='word_1_607' title='bbox 538 4058 759 4108; x_wconf 78' lang='lat' dir='ltr'><strong>vetitum</strong></span> <span class='ocrx_word' id='word_1_608' title='bbox 805 4068 905 4111; x_wconf 87' lang='lat' dir='ltr'><strong>est.</strong></span> <span class='ocrx_word' id='word_1_609' title='bbox 958 4057 1322 4110; x_wconf 76' lang='lat' dir='ltr'><strong>Pritnitiarum</strong></span> <span class='ocrx_word' id='word_1_610' title='bbox 1371 4064 1546 4109; x_wconf 88' lang='lat' dir='ltr'><strong>autem</strong></span> <span class='ocrx_word' id='word_1_611' title='bbox 1605 4055 1841 4121; x_wconf 87' lang='lat' dir='ltr'><strong>nomine,</strong></span> <span class='ocrx_word' id='word_1_612' title='bbox 1893 4058 2088 4127; x_wconf 76' lang='lat' dir='ltr'><strong>inquit,</strong></span> <span class='ocrx_word' id='word_1_613' title='bbox 2161 4059 2291 4113; x_wconf 85' lang='lat' dir='ltr'><strong>nihil</strong></span> <span class='ocrx_word' id='word_1_614' title='bbox 2339 4065 2531 4125; x_wconf 68' lang='lat' dir='ltr'><strong>praeter</strong></span> <span class='ocrx_word' id='word_1_615' title='bbox 2581 4068 2778 4107; x_wconf 87' lang='lat' dir='ltr'><strong>novum</strong></span> <span class='ocrx_word' id='word_1_616' title='bbox 2814 4052 3137 4106; x_wconf 74' lang='lat' dir='ltr'><strong>frumentum</strong></span> <span class='ocrx_word' id='word_1_617' title='bbox 3176 4066 3237 4106; x_wconf 81' lang='lat' dir='ltr'><strong>ac</strong></span> <span class='ocrx_word' id='word_1_618' title='bbox 3294 4052 3589 4104; x_wconf 83' lang='lat' dir='ltr'><strong>novissime</strong></span> <span class='ocrx_word' id='word_1_619' title='bbox 3673 4070 3799 4103; x_wconf 81' lang='lat' dir='ltr'><strong>tun-</strong></span> 
     </span>
    </p>
   </div>
   <div class='ocr_carea' id='block_1_82' title="bbox 541 4146 2318 4204">
    <p class='ocr_par' dir='ltr' id='par_1_82' title="bbox 541 4146 2318 4204">
     <span class='ocr_line' id='line_1_82' title="bbox 541 4146 2318 4204; baseline 0.002 -6"><span class='ocrx_word' id='word_1_620' title='bbox 541 4148 813 4201; x_wconf 77' lang='lat' dir='ltr'><strong>turit.ttcnt</strong></span> <span class='ocrx_word' id='word_1_621' title='bbox 844 4159 1114 4202; x_wconf 85' lang='lat' dir='ltr'><strong>assecutus</strong></span> <span class='ocrx_word' id='word_1_622' title='bbox 1145 4162 1634 4202; x_wconf 79' lang='lat' dir='ltr'><strong>uvarum-racemos</strong></span> <span class='ocrx_word' id='word_1_623' title='bbox 1665 4146 1845 4200; x_wconf 78' lang='lat' dir='ltr'><strong>offerri</strong></span> <span class='ocrx_word' id='word_1_624' title='bbox 1870 4164 2193 4204; x_wconf 90' lang='lat' dir='ltr'><strong>concessum</strong></span> <span class='ocrx_word' id='word_1_625' title='bbox 2226 4152 2318 4204; x_wconf 91' lang='lat' dir='ltr'><strong>sit.</strong></span> 
     </span>
    </p>
   </div>
   <div class='ocr_carea' id='block_1_83' title="bbox 540 4239 2111 4311">
    <p class='ocr_par' dir='ltr' id='par_1_83' title="bbox 540 4239 2111 4311">
     <span class='ocr_line' id='line_1_83' title="bbox 540 4239 2111 4311; baseline 0.003 -20"><span class='ocrx_word' id='word_1_626' title='bbox 540 4239 767 4292; x_wconf 76' lang='lat' dir='ltr'><strong>ABIST.</strong></span> <span class='ocrx_word' id='word_1_627' title='bbox 834 4258 851 4289; x_wconf 83' lang='lat' dir='ltr'><strong>t</strong></span> <span class='ocrx_word' id='word_1_628' title='bbox 911 4239 1073 4295; x_wconf 80' lang='lat' dir='ltr'><strong>Panis</strong></span> <span class='ocrx_word' id='word_1_629' title='bbox 1124 4250 1177 4294; x_wconf 87' lang='lat' dir='ltr'><strong>et</strong></span> <span class='ocrx_word' id='word_1_630' title='bbox 1232 4242 1414 4293; x_wconf 86' lang='lat' dir='ltr'><strong>viuum</strong></span> <span class='ocrx_word' id='word_1_631' title='bbox 1463 4256 1599 4308; x_wconf 81' lang='lat' dir='ltr'><strong>aqua</strong></span> <span class='ocrx_word' id='word_1_632' title='bbox 1647 4240 1899 4307; x_wconf 86' lang='lat' dir='ltr'><strong>mistum,</strong></span> <span class='ocrx_word' id='word_1_633' title='bbox 1953 4242 2111 4311; x_wconf 85' lang='lat' dir='ltr'><strong>idque</strong></span> 
     </span>
    </p>
   </div>
   <div class='ocr_carea' id='block_1_84' title="bbox 1016 4331 1629 4395">
    <p class='ocr_par' dir='ltr' id='par_1_84' title="bbox 1016 4331 1629 4395">
     <span class='ocr_line' id='line_1_84' title="bbox 1016 4331 1629 4395; baseline 0 -13"><span class='ocrx_word' id='word_1_634' title='bbox 1016 4350 1036 4382; x_wconf 74' lang='grc' dir='ltr'><strong>ι</strong></span> <span class='ocrx_word' id='word_1_635' title='bbox 1072 4332 1265 4395; x_wconf 87' lang='lat' dir='ltr'><strong>solum,</strong></span> <span class='ocrx_word' id='word_1_636' title='bbox 1295 4331 1569 4387; x_wconf 72' lang='lat' dir='ltr'><strong>offeratur.</strong></span> <span class='ocrx_word' id='word_1_637' title='bbox 1610 4349 1629 4382; x_wconf 77' lang='grc' dir='ltr'><strong>ι</strong></span> 
     </span>
    </p>
   </div>
   <div class='ocr_carea' id='block_1_85' title="bbox 616 4423 2112 4495">
    <p class='ocr_par' dir='ltr' id='par_1_85' title="bbox 616 4423 2112 4495">
     <span class='ocr_line' id='line_1_85' title="bbox 616 4423 2112 4495; baseline 0.003 -21"><span class='ocrx_word' id='word_1_638' title='bbox 616 4423 759 4476; x_wconf 68' lang='lat' dir='ltr'><strong>Nihil</strong></span> <span class='ocrx_word' id='word_1_639' title='bbox 788 4425 935 4478; x_wconf 88' lang='lat' dir='ltr'><strong>enim</strong></span> <span class='ocrx_word' id='word_1_640' title='bbox 986 4427 1268 4495; x_wconf 81' lang='lat' dir='ltr'><strong>plusquam</strong></span> <span class='ocrx_word' id='word_1_641' title='bbox 1305 4441 1500 4493; x_wconf 89' lang='lat' dir='ltr'><strong>corpus</strong></span> <span class='ocrx_word' id='word_1_642' title='bbox 1536 4438 1590 4479; x_wconf 87' lang='lat' dir='ltr'><strong>et</strong></span> <span class='ocrx_word' id='word_1_643' title='bbox 1636 4427 1853 4495; x_wconf 79' lang='lat' dir='ltr'><strong>sanguis</strong></span> <span class='ocrx_word' id='word_1_644' title='bbox 1902 4426 2112 4480; x_wconf 90' lang='lat' dir='ltr'><strong>Domini</strong></span> 
     </span>
    </p>
   </div>
   <div class='ocr_carea' id='block_1_86' title="bbox 544 4511 2110 4584">
    <p class='ocr_par' dir='ltr' id='par_1_86' title="bbox 544 4511 2110 4584">
     <span class='ocr_line' id='line_1_86' title="bbox 544 4511 2110 4584; baseline 0.003 -21"><span class='ocrx_word' id='word_1_645' title='bbox 544 4511 836 4577; x_wconf 79' lang='lat' dir='ltr'><strong>oll&#39;cretnr;</strong></span> <span class='ocrx_word' id='word_1_646' title='bbox 864 4515 956 4568; x_wconf 89' lang='lat' dir='ltr'><strong>sed</strong></span> <span class='ocrx_word' id='word_1_647' title='bbox 988 4514 1143 4580; x_wconf 87' lang='lat' dir='ltr'><strong>panis</strong></span> <span class='ocrx_word' id='word_1_648' title='bbox 1168 4524 1373 4567; x_wconf 89' lang='lat' dir='ltr'><strong>tantum</strong></span> <span class='ocrx_word' id='word_1_649' title='bbox 1399 4524 1454 4568; x_wconf 85' lang='lat' dir='ltr'><strong>et</strong></span> <span class='ocrx_word' id='word_1_650' title='bbox 1480 4515 1658 4567; x_wconf 86' lang='lat' dir='ltr'><strong>vinum</strong></span> <span class='ocrx_word' id='word_1_651' title='bbox 1680 4531 1818 4584; x_wconf 84' lang='lat' dir='ltr'><strong>aqua</strong></span> <span class='ocrx_word' id='word_1_652' title='bbox 1853 4516 2067 4571; x_wconf 87' lang='lat' dir='ltr'><strong>mistutn</strong></span> <span class='ocrx_word' id='word_1_653' title='bbox 2096 4531 2110 4567; x_wconf 87' lang='lat'><strong>:</strong></span> 
     </span>
    </p>
   </div>
   <div class='ocr_carea' id='block_1_87' title="bbox 549 4606 1383 4675">
    <p class='ocr_par' dir='ltr' id='par_1_87' title="bbox 549 4606 1383 4675">
     <span class='ocr_line' id='line_1_87' title="bbox 549 4606 1383 4675; baseline 0.001 -18"><span class='ocrx_word' id='word_1_654' title='bbox 549 4615 609 4657; x_wconf 89' lang='lat' dir='ltr'><strong>ut</strong></span> <span class='ocrx_word' id='word_1_655' title='bbox 640 4614 691 4656; x_wconf 89' lang='lat' dir='ltr'><strong>ct</strong></span> <span class='ocrx_word' id='word_1_656' title='bbox 718 4606 830 4675; x_wconf 78' lang='lat' dir='ltr'><strong>ipse</strong></span> <span class='ocrx_word' id='word_1_657' title='bbox 865 4607 1120 4661; x_wconf 82' lang='lat' dir='ltr'><strong>Dominus</strong></span> <span class='ocrx_word' id='word_1_658' title='bbox 1150 4606 1383 4659; x_wconf 87' lang='lat' dir='ltr'><strong>tradidit.</strong></span> 
     </span>
    </p>
   </div>
   <div class='ocr_carea' id='block_1_88' title="bbox 1034 4778 1630 4851">
    <p class='ocr_par' dir='ltr' id='par_1_88' title="bbox 1034 4778 1630 4851">
     <span class='ocr_line' id='line_1_88' title="bbox 1034 4778 1630 4851; baseline -0.002 -16"><span class='ocrx_word' id='word_1_659' title='bbox 1034 4780 1194 4851; x_wconf 71' lang='lat'><strong>563</strong></span> <span class='ocrx_word' id='word_1_660' title='bbox 1224 4778 1451 4835; x_wconf 64' lang='lat' dir='ltr'><strong>canon</strong></span> <span class='ocrx_word' id='word_1_661' title='bbox 1497 4779 1630 4834; x_wconf 79' lang='lat' dir='ltr'><strong>xu.</strong></span> 
     </span>
    </p>
   </div>
   <div class='ocr_carea' id='block_1_89' title="bbox 555 4872 2114 4941">
    <p class='ocr_par' dir='ltr' id='par_1_89' title="bbox 555 4872 2114 4941">
     <span class='ocr_line' id='line_1_89' title="bbox 555 4872 2114 4941; baseline 0.002 -18"><span class='ocrx_word' id='word_1_662' title='bbox 555 4891 572 4923; x_wconf 76' lang='grc' dir='ltr'><strong>ι</strong></span> <span class='ocrx_word' id='word_1_663' title='bbox 622 4872 687 4927; x_wconf 88' lang='lat' dir='ltr'><strong>Ut</strong></span> <span class='ocrx_word' id='word_1_664' title='bbox 718 4874 926 4936; x_wconf 87' lang='lat' dir='ltr'><strong>clerici,</strong></span> <span class='ocrx_word' id='word_1_665' title='bbox 955 4873 1037 4927; x_wconf 89' lang='lat' dir='ltr'><strong>vel</strong></span> <span class='ocrx_word' id='word_1_666' title='bbox 1080 4875 1169 4941; x_wconf 93' lang='lat' dir='ltr'><strong>qui</strong></span> <span class='ocrx_word' id='word_1_667' title='bbox 1204 4882 1331 4927; x_wconf 88' lang='lat' dir='ltr'><strong>sunt</strong></span> <span class='ocrx_word' id='word_1_668' title='bbox 1360 4873 1720 4937; x_wconf 88' lang='lat' dir='ltr'><strong>continentes,</strong></span> <span class='ocrx_word' id='word_1_669' title='bbox 1769 4873 1835 4925; x_wconf 88' lang='lat' dir='ltr'><strong>ad</strong></span> <span class='ocrx_word' id='word_1_670' title='bbox 1875 4874 2114 4941; x_wconf 76' lang='lat' dir='ltr'><strong>virgines</strong></span> 
     </span>
    </p>
   </div>
   <div class='ocr_carea' id='block_1_90' title="bbox 625 4960 2114 5031">
    <p class='ocr_par' dir='ltr' id='par_1_90' title="bbox 625 4960 2114 5031">
     <span class='ocr_line' id='line_1_90' title="bbox 625 4960 2114 5031; baseline 0 -18"><span class='ocrx_word' id='word_1_671' title='bbox 625 4981 643 5013; x_wconf 76' lang='grc' dir='ltr'><strong>ι</strong></span> <span class='ocrx_word' id='word_1_672' title='bbox 685 4963 765 5016; x_wconf 87' lang='lat' dir='ltr'><strong>vel</strong></span> <span class='ocrx_word' id='word_1_673' title='bbox 795 4964 984 5016; x_wconf 83' lang='lat' dir='ltr'><strong>viduas</strong></span> <span class='ocrx_word' id='word_1_674' title='bbox 1028 4978 1134 5016; x_wconf 85' lang='lat' dir='ltr'><strong>non</strong></span> <span class='ocrx_word' id='word_1_675' title='bbox 1182 4962 1574 5031; x_wconf 70' lang='lat' dir='ltr'><strong>ingrediantur.</strong></span> <span class='ocrx_word' id='word_1_676' title='bbox 1627 4960 1847 5025; x_wconf 84' lang='lat' dir='ltr'><strong>Clerici,</strong></span> <span class='ocrx_word' id='word_1_677' title='bbox 1901 4963 1981 5015; x_wconf 90' lang='lat' dir='ltr'><strong>vel</strong></span> <span class='ocrx_word' id='word_1_678' title='bbox 2025 4961 2114 5027; x_wconf 86' lang='lat' dir='ltr'><strong>qui</strong></span> 
     </span>
    </p>
   </div>
   <div class='ocr_carea' id='block_1_91' title="bbox 624 5050 2114 5118">
    <p class='ocr_par' dir='ltr' id='par_1_91' title="bbox 624 5050 2114 5118">
     <span class='ocr_line' id='line_1_91' title="bbox 624 5050 2114 5118; baseline -0.001 -15"><span class='ocrx_word' id='word_1_679' title='bbox 624 5072 640 5103; x_wconf 80' lang='grc' dir='ltr'><strong>ι</strong></span> <span class='ocrx_word' id='word_1_680' title='bbox 677 5064 802 5107; x_wconf 85' lang='lat' dir='ltr'><strong>sunt</strong></span> <span class='ocrx_word' id='word_1_681' title='bbox 838 5055 1199 5114; x_wconf 85' lang='lat' dir='ltr'><strong>continentes,</strong></span> <span class='ocrx_word' id='word_1_682' title='bbox 1251 5052 1317 5104; x_wconf 92' lang='lat' dir='ltr'><strong>ad</strong></span> <span class='ocrx_word' id='word_1_683' title='bbox 1360 5052 1549 5105; x_wconf 88' lang='lat' dir='ltr'><strong>viduas</strong></span> <span class='ocrx_word' id='word_1_684' title='bbox 1604 5050 1685 5104; x_wconf 86' lang='lat' dir='ltr'><strong>vel</strong></span> <span class='ocrx_word' id='word_1_685' title='bbox 1725 5051 1961 5118; x_wconf 78' lang='lat' dir='ltr'><strong>virgines</strong></span> <span class='ocrx_word' id='word_1_686' title='bbox 2008 5067 2114 5102; x_wconf 91' lang='lat' dir='ltr'><strong>non</strong></span> 
     </span>
    </p>
   </div>
   <div class='ocr_carea' id='block_1_92' title="bbox 627 5141 2115 5212">
    <p class='ocr_par' dir='ltr' id='par_1_92' title="bbox 627 5141 2115 5212">
     <span class='ocr_line' id='line_1_92' title="bbox 627 5141 2115 5212; baseline -0.004 -17"><span class='ocrx_word' id='word_1_687' title='bbox 627 5164 644 5195; x_wconf 82' lang='grc' dir='ltr'><strong>ι</strong></span> <span class='ocrx_word' id='word_1_688' title='bbox 686 5145 1080 5212; x_wconf 82' lang='lat' dir='ltr'><strong>ingrediantur,</strong></span> <span class='ocrx_word' id='word_1_689' title='bbox 1114 5143 1216 5196; x_wconf 89' lang='lat' dir='ltr'><strong>nisi</strong></span> <span class='ocrx_word' id='word_1_690' title='bbox 1262 5157 1325 5195; x_wconf 86' lang='lat' dir='ltr'><strong>ex</strong></span> <span class='ocrx_word' id='word_1_691' title='bbox 1372 5141 1731 5209; x_wconf 89' lang='lat' dir='ltr'><strong>permissione</strong></span> <span class='ocrx_word' id='word_1_692' title='bbox 1755 5150 1810 5194; x_wconf 90' lang='lat' dir='ltr'><strong>et</strong></span> <span class='ocrx_word' id='word_1_693' title='bbox 1850 5154 2115 5193; x_wconf 89' lang='lat' dir='ltr'><strong>consensu</strong></span> 
     </span>
    </p>
   </div>
   <div class='ocr_carea' id='block_1_93' title="bbox 626 5231 2113 5303">
    <p class='ocr_par' dir='ltr' id='par_1_93' title="bbox 626 5231 2113 5303">
     <span class='ocr_line' id='line_1_93' title="bbox 626 5231 2113 5303; baseline -0.002 -19"><span class='ocrx_word' id='word_1_694' title='bbox 626 5252 643 5284; x_wconf 83' lang='grc' dir='ltr'><strong>ι</strong></span> <span class='ocrx_word' id='word_1_695' title='bbox 686 5234 887 5302; x_wconf 84' lang='lat' dir='ltr'><strong>preprii</strong></span> <span class='ocrx_word' id='word_1_696' title='bbox 922 5234 1187 5303; x_wconf 82' lang='lat' dir='ltr'><strong>episc0pi,</strong></span> <span class='ocrx_word' id='word_1_697' title='bbox 1237 5231 1320 5285; x_wconf 88' lang='lat' dir='ltr'><strong>vel</strong></span> <span class='ocrx_word' id='word_1_698' title='bbox 1361 5232 1801 5301; x_wconf 82' lang='lat' dir='ltr'><strong>presbyterorum</strong></span> <span class='ocrx_word' id='word_1_699' title='bbox 1847 5247 1861 5284; x_wconf 86' lang='lat'><strong>:</strong></span> <span class='ocrx_word' id='word_1_700' title='bbox 1912 5246 1965 5286; x_wconf 87' lang='lat' dir='ltr'><strong>et</strong></span> <span class='ocrx_word' id='word_1_701' title='bbox 2013 5233 2113 5283; x_wconf 90' lang='lat' dir='ltr'><strong>hoc</strong></span> 
     </span>
    </p>
   </div>
   <div class='ocr_carea' id='block_1_94' title="bbox 621 5321 2111 5392">
    <p class='ocr_par' dir='ltr' id='par_1_94' title="bbox 621 5321 2111 5392">
     <span class='ocr_line' id='line_1_94' title="bbox 621 5321 2111 5392; baseline 0 -17"><span class='ocrx_word' id='word_1_702' title='bbox 621 5344 637 5375; x_wconf 84' lang='grc' dir='ltr'><strong>ι</strong></span> <span class='ocrx_word' id='word_1_703' title='bbox 679 5338 891 5392; x_wconf 88' lang='lat' dir='ltr'><strong>quoque</strong></span> <span class='ocrx_word' id='word_1_704' title='bbox 932 5338 1037 5377; x_wconf 91' lang='lat' dir='ltr'><strong>non</strong></span> <span class='ocrx_word' id='word_1_705' title='bbox 1072 5324 1170 5377; x_wconf 90' lang='lat' dir='ltr'><strong>soli</strong></span> <span class='ocrx_word' id='word_1_706' title='bbox 1218 5321 1437 5387; x_wconf 77' lang='lat' dir='ltr'><strong>iaciant,</strong></span> <span class='ocrx_word' id='word_1_707' title='bbox 1477 5322 1570 5376; x_wconf 82' lang='lat' dir='ltr'><strong>sed</strong></span> <span class='ocrx_word' id='word_1_708' title='bbox 1601 5336 1722 5375; x_wconf 89' lang='lat' dir='ltr'><strong>cum</strong></span> <span class='ocrx_word' id='word_1_709' title='bbox 1776 5323 2111 5385; x_wconf 82' lang='lat' dir='ltr'><strong>conciericis,</strong></span> 
     </span>
    </p>
   </div>
   <div class='ocr_carea' id='block_1_95' title="bbox 628 5411 2111 5481">
    <p class='ocr_par' dir='ltr' id='par_1_95' title="bbox 628 5411 2111 5481">
     <span class='ocr_line' id='line_1_95' title="bbox 628 5411 2111 5481; baseline -0.001 -16"><span class='ocrx_word' id='word_1_710' title='bbox 628 5433 645 5465; x_wconf 83' lang='grc' dir='ltr'><strong>ι</strong></span> <span class='ocrx_word' id='word_1_711' title='bbox 692 5415 769 5467; x_wconf 83' lang='lat' dir='ltr'><strong>vel</strong></span> <span class='ocrx_word' id='word_1_712' title='bbox 806 5429 927 5467; x_wconf 84' lang='lat' dir='ltr'><strong>cum</strong></span> <span class='ocrx_word' id='word_1_713' title='bbox 955 5414 1056 5478; x_wconf 84' lang='lat' dir='ltr'><strong>eis,</strong></span> <span class='ocrx_word' id='word_1_714' title='bbox 1086 5428 1207 5467; x_wconf 90' lang='lat' dir='ltr'><strong>cum</strong></span> <span class='ocrx_word' id='word_1_715' title='bbox 1240 5414 1431 5481; x_wconf 88' lang='lat' dir='ltr'><strong>quibus</strong></span> <span class='ocrx_word' id='word_1_716' title='bbox 1461 5412 1746 5481; x_wconf 83' lang='lat' dir='ltr'><strong>episcOpus</strong></span> <span class='ocrx_word' id='word_1_717' title='bbox 1776 5411 1858 5466; x_wconf 92' lang='lat' dir='ltr'><strong>vel</strong></span> <span class='ocrx_word' id='word_1_718' title='bbox 1889 5414 2111 5479; x_wconf 83' lang='lat' dir='ltr'><strong>presby-</strong></span> 
     </span>
    </p>
   </div>
   <div class='ocr_carea' id='block_1_96' title="bbox 632 5504 2111 5571">
    <p class='ocr_par' dir='ltr' id='par_1_96' title="bbox 632 5504 2111 5571">
     <span class='ocr_line' id='line_1_96' title="bbox 632 5504 2111 5571; baseline 0.001 -14"><span class='ocrx_word' id='word_1_719' title='bbox 632 5526 648 5557; x_wconf 85' lang='grc'><strong><em>‹</em></strong></span> <span class='ocrx_word' id='word_1_720' title='bbox 692 5508 786 5561; x_wconf 90' lang='lat' dir='ltr'><strong>teri</strong></span> <span class='ocrx_word' id='word_1_721' title='bbox 822 5506 919 5560; x_wconf 87' lang='lat' dir='ltr'><strong>soli</strong></span> <span class='ocrx_word' id='word_1_722' title='bbox 967 5506 1166 5559; x_wconf 87' lang='lat' dir='ltr'><strong>habent</strong></span> <span class='ocrx_word' id='word_1_723' title='bbox 1191 5505 1391 5559; x_wconf 84' lang='lat' dir='ltr'><strong>aditum</strong></span> <span class='ocrx_word' id='word_1_724' title='bbox 1440 5506 1505 5558; x_wconf 91' lang='lat' dir='ltr'><strong>ad</strong></span> <span class='ocrx_word' id='word_1_725' title='bbox 1537 5505 1798 5571; x_wconf 84' lang='lat' dir='ltr'><strong>ejusmodi</strong></span> <span class='ocrx_word' id='word_1_726' title='bbox 1834 5504 2111 5570; x_wconf 85' lang='lat' dir='ltr'><strong>mulieres,</strong></span> 
     </span>
    </p>
   </div>
   <div class='ocr_carea' id='block_1_97' title="bbox 630 5595 2117 5663">
    <p class='ocr_par' dir='ltr' id='par_1_97' title="bbox 630 5595 2117 5663">
     <span class='ocr_line' id='line_1_97' title="bbox 630 5595 2117 5663; baseline -0.001 -12"><span class='ocrx_word' id='word_1_727' title='bbox 630 5619 648 5651; x_wconf 77' lang='grc' dir='ltr'><strong>ι</strong></span> <span class='ocrx_word' id='word_1_728' title='bbox 691 5599 766 5652; x_wconf 84' lang='lat' dir='ltr'><strong>vel</strong></span> <span class='ocrx_word' id='word_1_729' title='bbox 794 5600 880 5652; x_wconf 92' lang='lat' dir='ltr'><strong>ubi</strong></span> <span class='ocrx_word' id='word_1_730' title='bbox 919 5597 1114 5651; x_wconf 87' lang='lat' dir='ltr'><strong>adsunt</strong></span> <span class='ocrx_word' id='word_1_731' title='bbox 1155 5598 1359 5660; x_wconf 90' lang='lat' dir='ltr'><strong>clerici,</strong></span> <span class='ocrx_word' id='word_1_732' title='bbox 1406 5596 1489 5650; x_wconf 89' lang='lat' dir='ltr'><strong>vel</strong></span> <span class='ocrx_word' id='word_1_733' title='bbox 1529 5595 1693 5663; x_wconf 88' lang='lat' dir='ltr'><strong>aliqui</strong></span> <span class='ocrx_word' id='word_1_734' title='bbox 1740 5596 1893 5651; x_wconf 59' lang='lat' dir='ltr'><strong>bona:</strong></span> <span class='ocrx_word' id='word_1_735' title='bbox 1931 5596 2117 5652; x_wconf 81' lang='lat' dir='ltr'><strong>existi-</strong></span> 
     </span>
    </p>
   </div>
   <div class='ocr_carea' id='block_1_98' title="bbox 630 5690 1355 5744">
    <p class='ocr_par' dir='ltr' id='par_1_98' title="bbox 630 5690 1355 5744">
     <span class='ocr_line' id='line_1_98' title="bbox 630 5690 1355 5744; baseline -0.003 -2"><span class='ocrx_word' id='word_1_736' title='bbox 630 5712 647 5742; x_wconf 76' lang='grc' dir='ltr'><strong>ι</strong></span> <span class='ocrx_word' id='word_1_737' title='bbox 695 5690 944 5744; x_wconf 82' lang='lat' dir='ltr'><strong>mntionis</strong></span> <span class='ocrx_word' id='word_1_738' title='bbox 979 5690 1293 5744; x_wconf 84' lang='lat' dir='ltr'><strong>Christiani.</strong></span> <span class='ocrx_word' id='word_1_739' title='bbox 1338 5708 1355 5740; x_wconf 84' lang='grc' dir='ltr'><strong>ι</strong></span> 
     </span>
    </p>
   </div>
   <div class='ocr_carea' id='block_1_99' title="bbox 627 5780 2109 5850">
    <p class='ocr_par' dir='ltr' id='par_1_99' title="bbox 627 5780 2109 5850">
     <span class='ocr_line' id='line_1_99' title="bbox 627 5780 2109 5850; baseline -0.003 -13"><span class='ocrx_word' id='word_1_740' title='bbox 627 5782 819 5838; x_wconf 80' lang='lat' dir='ltr'><strong>BALS.</strong></span> <span class='ocrx_word' id='word_1_741' title='bbox 868 5784 1219 5838; x_wconf 86' lang='lat' dir='ltr'><strong>Contineutes</strong></span> <span class='ocrx_word' id='word_1_742' title='bbox 1242 5784 1491 5837; x_wconf 86' lang='lat' dir='ltr'><strong>dicuntur</strong></span> <span class='ocrx_word' id='word_1_743' title='bbox 1524 5781 1766 5837; x_wconf 86' lang='lat' dir='ltr'><strong>monachi</strong></span> <span class='ocrx_word' id='word_1_744' title='bbox 1796 5798 1811 5850; x_wconf 86' lang='lat'><strong>;</strong></span> <span class='ocrx_word' id='word_1_745' title='bbox 1836 5791 1890 5836; x_wconf 85' lang='grc' dir='ltr'><strong>ιιι</strong></span> <span class='ocrx_word' id='word_1_746' title='bbox 1924 5780 2025 5836; x_wconf 84' lang='lat' dir='ltr'><strong>hoc</strong></span> <span class='ocrx_word' id='word_1_747' title='bbox 2046 5795 2109 5835; x_wconf 80' lang='lat' dir='ltr'><strong>ex</strong></span> 
     </span>
    </p>
   </div>
   <div class='ocr_carea' id='block_1_100' title="bbox 2281 4230 3808 4305">
    <p class='ocr_par' dir='ltr' id='par_1_100' title="bbox 2281 4230 3808 4305">
     <span class='ocr_line' id='line_1_100' title="bbox 2281 4230 3808 4305; baseline -0.01 -14"><span class='ocrx_word' id='word_1_748' title='bbox 2281 4236 2510 4292; x_wconf 76' lang='grc' dir='ltr'><strong>ΑΡΙΣΤ.</strong></span> <span class='ocrx_word' id='word_1_749' title='bbox 2538 4238 2735 4305; x_wconf 70' lang='lat' dir='ltr'><strong>&quot;Apro;</strong></span> <span class='ocrx_word' id='word_1_750' title='bbox 2760 4235 2853 4289; x_wconf 83' lang='grc' dir='ltr'><strong>καὶ</strong></span> <span class='ocrx_word' id='word_1_751' title='bbox 2866 4230 3011 4297; x_wconf 75' lang='grc' dir='ltr'>οἶνος</span> <span class='ocrx_word' id='word_1_752' title='bbox 3038 4233 3185 4287; x_wconf 72' lang='grc' dir='ltr'>ὕδατι</span> <span class='ocrx_word' id='word_1_753' title='bbox 3211 4231 3552 4302; x_wconf 75' lang='grc' dir='ltr'>κεκραμένος</span> <span class='ocrx_word' id='word_1_754' title='bbox 3577 4250 3808 4303; x_wconf 79' lang='grc' dir='ltr'>προσα..</span> 
     </span>
    </p>
   </div>
   <div class='ocr_carea' id='block_1_101' title="bbox 2678 4323 3321 4392">
    <p class='ocr_par' dir='ltr' id='par_1_101' title="bbox 2678 4323 3321 4392">
     <span class='ocr_line' id='line_1_101' title="bbox 2678 4323 3321 4392; baseline -0.006 -16"><span class='ocrx_word' id='word_1_755' title='bbox 2678 4344 2697 4376; x_wconf 77' lang='lat' dir='ltr'><strong>t</strong></span> <span class='ocrx_word' id='word_1_756' title='bbox 2721 4325 2920 4389; x_wconf 81' lang='grc' dir='ltr'>γέσθω,</span> <span class='ocrx_word' id='word_1_757' title='bbox 2955 4326 3049 4377; x_wconf 75' lang='grc' dir='ltr'>καὶ</span> <span class='ocrx_word' id='word_1_758' title='bbox 3078 4323 3258 4392; x_wconf 80' lang='grc' dir='ltr'>μόνον.</span> <span class='ocrx_word' id='word_1_759' title='bbox 3302 4341 3321 4373; x_wconf 86' lang='grc' dir='ltr'><strong>ι</strong></span> 
     </span>
    </p>
   </div>
   <div class='ocr_carea' id='block_1_102' title="bbox 2285 4413 3808 4487">
    <p class='ocr_par' dir='ltr' id='par_1_102' title="bbox 2285 4413 3808 4487">
     <span class='ocr_line' id='line_1_102' title="bbox 2285 4413 3808 4487; baseline -0.005 -13"><span class='ocrx_word' id='word_1_760' title='bbox 2285 4418 2457 4474; x_wconf 75' lang='grc' dir='ltr'><strong>Οὐδὲν</strong></span> <span class='ocrx_word' id='word_1_761' title='bbox 2497 4417 2604 4487; x_wconf 80' lang='grc' dir='ltr'>γὰρ</span> <span class='ocrx_word' id='word_1_762' title='bbox 2642 4416 2803 4469; x_wconf 85' lang='grc' dir='ltr'>πλέον</span> <span class='ocrx_word' id='word_1_763' title='bbox 2844 4413 2939 4466; x_wconf 86' lang='grc' dir='ltr'><strong>τοῦ</strong></span> <span class='ocrx_word' id='word_1_764' title='bbox 2974 4415 3227 4481; x_wconf 78' lang='grc' dir='ltr'>σώματος</span> <span class='ocrx_word' id='word_1_765' title='bbox 3262 4415 3355 4466; x_wconf 78' lang='grc' dir='ltr'><strong>καὶ</strong></span> <span class='ocrx_word' id='word_1_766' title='bbox 3403 4414 3633 4483; x_wconf 79' lang='grc' dir='ltr'>αἵματος</span> <span class='ocrx_word' id='word_1_767' title='bbox 3695 4415 3808 4466; x_wconf 79' lang='grc' dir='ltr'><strong>τοῦ</strong></span> 
     </span>
    </p>
   </div>
   <div class='ocr_carea' id='block_1_103' title="bbox 2221 4501 3812 4580">
    <p class='ocr_par' dir='ltr' id='par_1_103' title="bbox 2221 4501 3812 4580">
     <span class='ocr_line' id='line_1_103' title="bbox 2221 4501 3812 4580; baseline -0.005 -15"><span class='ocrx_word' id='word_1_768' title='bbox 2221 4514 2427 4580; x_wconf 82' lang='grc' dir='ltr'>Κυρίου</span> <span class='ocrx_word' id='word_1_769' title='bbox 2459 4507 2974 4579; x_wconf 79' lang='grc' dir='ltr'>προσενεχθήσιται,</span> <span class='ocrx_word' id='word_1_770' title='bbox 3002 4505 3299 4573; x_wconf 77' lang='grc' dir='ltr'>ἀλλ’ἄρτος</span> <span class='ocrx_word' id='word_1_771' title='bbox 3324 4505 3481 4573; x_wconf 86' lang='grc' dir='ltr'>μόνον</span> <span class='ocrx_word' id='word_1_772' title='bbox 3524 4506 3614 4557; x_wconf 79' lang='grc' dir='ltr'><strong>καὶ</strong></span> <span class='ocrx_word' id='word_1_773' title='bbox 3650 4501 3812 4567; x_wconf 80' lang='grc' dir='ltr'>οἶνος</span> 
     </span>
    </p>
   </div>
   <div class='ocr_carea' id='block_1_104' title="bbox 2220 4596 3813 4669">
    <p class='ocr_par' dir='ltr' id='par_1_104' title="bbox 2220 4596 3813 4669">
     <span class='ocr_line' id='line_1_104' title="bbox 2220 4596 3813 4669; baseline -0.003 -15"><span class='ocrx_word' id='word_1_774' title='bbox 2220 4602 2376 4654; x_wconf 77' lang='grc' dir='ltr'>ὕδατι</span> <span class='ocrx_word' id='word_1_775' title='bbox 2407 4599 2767 4669; x_wconf 73' lang='grc' dir='ltr'>μεμιγμένος*</span> <span class='ocrx_word' id='word_1_776' title='bbox 2798 4596 2978 4657; x_wconf 85' lang='grc' dir='ltr'>καθὼς</span> <span class='ocrx_word' id='word_1_777' title='bbox 3010 4598 3105 4649; x_wconf 72' lang='grc' dir='ltr'><strong>καὶ</strong></span> <span class='ocrx_word' id='word_1_778' title='bbox 3144 4596 3308 4658; x_wconf 70' lang='grc' dir='ltr'>αὐτὸς</span> <span class='ocrx_word' id='word_1_779' title='bbox 3340 4597 3367 4648; x_wconf 83' lang='grc' dir='ltr'><em>ὁ</em></span> <span class='ocrx_word' id='word_1_780' title='bbox 3402 4596 3604 4665; x_wconf 74' lang='grc' dir='ltr'>Κύριος</span> <span class='ocrx_word' id='word_1_781' title='bbox 3620 4598 3813 4663; x_wconf 48' lang='grc' dir='ltr'>παρέ-</span> 
     </span>
    </p>
   </div>
   <div class='ocr_carea' id='block_1_105' title="bbox 2220 4692 2379 4743">
    <p class='ocr_par' dir='ltr' id='par_1_105' title="bbox 2220 4692 2379 4743">
     <span class='ocr_line' id='line_1_105' title="bbox 2220 4692 2379 4743; baseline -0.019 0"><span class='ocrx_word' id='word_1_782' title='bbox 2220 4692 2379 4743; x_wconf 80' lang='grc' dir='ltr'>δωχε.</span> 
     </span>
    </p>
   </div>
   <div class='ocr_carea' id='block_1_106' title="bbox 2796 4772 3211 4829">
    <p class='ocr_par' dir='ltr' id='par_1_106' title="bbox 2796 4772 3211 4829">
     <span class='ocr_line' id='line_1_106' title="bbox 2796 4772 3211 4829; baseline 0.005 -2"><span class='ocrx_word' id='word_1_783' title='bbox 2796 4775 3033 4828; x_wconf 81' lang='grc' dir='ltr'><strong>ΚᾹΝΩΝ</strong></span> <span class='ocrx_word' id='word_1_784' title='bbox 3082 4772 3211 4829; x_wconf 79' lang='lat' dir='ltr'><strong>MA&#39;.</strong></span> 
     </span>
    </p>
   </div>
   <div class='ocr_carea' id='block_1_107' title="bbox 2227 4865 3813 4937">
    <p class='ocr_par' dir='ltr' id='par_1_107' title="bbox 2227 4865 3813 4937">
     <span class='ocr_line' id='line_1_107' title="bbox 2227 4865 3813 4937; baseline -0.004 -16"><span class='ocrx_word' id='word_1_785' title='bbox 2227 4890 2245 4921; x_wconf 72' lang='grc' dir='ltr'><strong>ι</strong></span> <span class='ocrx_word' id='word_1_786' title='bbox 2289 4871 2449 4923; x_wconf 79' lang='grc' dir='ltr'>Ὥστε</span> <span class='ocrx_word' id='word_1_787' title='bbox 2487 4868 2786 4937; x_wconf 76' lang='grc' dir='ltr'>κληρικοὺς</span> <span class='ocrx_word' id='word_1_788' title='bbox 2847 4866 2878 4935; x_wconf 77' lang='grc' dir='ltr'>ἦ</span> <span class='ocrx_word' id='word_1_789' title='bbox 2925 4867 3433 4935; x_wconf 82' lang='grc' dir='ltr'>ἐγκρατευομενους</span> <span class='ocrx_word' id='word_1_790' title='bbox 3466 4865 3605 4934; x_wconf 85' lang='grc' dir='ltr'>πρὸς</span> <span class='ocrx_word' id='word_1_791' title='bbox 3645 4883 3813 4936; x_wconf 85' lang='grc' dir='ltr'>παρ-</span> 
     </span>
    </p>
   </div>
   <div class='ocr_carea' id='block_1_108' title="bbox 2297 4952 3809 5027">
    <p class='ocr_par' dir='ltr' id='par_1_108' title="bbox 2297 4952 3809 5027">
     <span class='ocr_line' id='line_1_108' title="bbox 2297 4952 3809 5027; baseline -0.009 -16"><span class='ocrx_word' id='word_1_792' title='bbox 2297 4980 2312 5011; x_wconf 86' lang='grc' dir='ltr'><strong>ι</strong></span> <span class='ocrx_word' id='word_1_793' title='bbox 2358 4960 2541 5020; x_wconf 78' lang='grc' dir='ltr'>θένους</span> <span class='ocrx_word' id='word_1_794' title='bbox 2571 4958 2604 5027; x_wconf 78' lang='grc' dir='ltr'>ἢ</span> <span class='ocrx_word' id='word_1_795' title='bbox 2636 4959 2811 5027; x_wconf 79' lang='grc' dir='ltr'>χήρας</span> <span class='ocrx_word' id='word_1_796' title='bbox 2832 4956 2907 5025; x_wconf 74' lang='grc' dir='ltr'>μὴ</span> <span class='ocrx_word' id='word_1_797' title='bbox 2938 4956 3187 5006; x_wconf 85' lang='grc' dir='ltr'>εἰσιέναι.</span> <span class='ocrx_word' id='word_1_798' title='bbox 3221 4952 3547 5021; x_wconf 69' lang='grc' dir='ltr'>Κληρικοὶῆ</span> <span class='ocrx_word' id='word_1_799' title='bbox 3581 4955 3809 5023; x_wconf 75' lang='grc' dir='ltr'>ἐγκρα-</span> 
     </span>
    </p>
   </div>
   <div class='ocr_carea' id='block_1_109' title="bbox 2298 5040 3811 5119">
    <p class='ocr_par' dir='ltr' id='par_1_109' title="bbox 2298 5040 3811 5119">
     <span class='ocr_line' id='line_1_109' title="bbox 2298 5040 3811 5119; baseline 0.001 -18"><span class='ocrx_word' id='word_1_800' title='bbox 2298 5070 2314 5101; x_wconf 81' lang='lat' dir='ltr'><strong>t</strong></span> <span class='ocrx_word' id='word_1_801' title='bbox 2361 5049 2645 5116; x_wconf 85' lang='grc' dir='ltr'>τευόμενοι</span> <span class='ocrx_word' id='word_1_802' title='bbox 2681 5047 2815 5117; x_wconf 69' lang='grc' dir='ltr'>προς</span> <span class='ocrx_word' id='word_1_803' title='bbox 2850 5048 3021 5117; x_wconf 79' lang='grc' dir='ltr'>χήρας</span> <span class='ocrx_word' id='word_1_804' title='bbox 3054 5045 3088 5119; x_wconf 72' lang='grc' dir='ltr'>ἢ</span> <span class='ocrx_word' id='word_1_805' title='bbox 3122 5040 3446 5116; x_wconf 81' lang='grc' dir='ltr'>παρθένους,</span> <span class='ocrx_word' id='word_1_806' title='bbox 3480 5049 3530 5098; x_wconf 87' lang='grc' dir='ltr'><strong>εί</strong></span> <span class='ocrx_word' id='word_1_807' title='bbox 3574 5047 3811 5117; x_wconf 69' lang='grc' dir='ltr'>μὴκατ⁹</span> 
     </span>
    </p>
   </div>
   <div class='ocr_carea' id='block_1_110' title="bbox 2296 5139 3808 5209">
    <p class='ocr_par' dir='ltr' id='par_1_110' title="bbox 2296 5139 3808 5209">
     <span class='ocr_line' id='line_1_110' title="bbox 2296 5139 3808 5209; baseline 0.004 -18"><span class='ocrx_word' id='word_1_808' title='bbox 2296 5160 2313 5191; x_wconf 79' lang='grc' dir='ltr'><strong>ι</strong></span> <span class='ocrx_word' id='word_1_809' title='bbox 2354 5139 2658 5209; x_wconf 74' lang='grc' dir='ltr'>ἐπιτροπὴν</span> <span class='ocrx_word' id='word_1_810' title='bbox 2699 5140 2793 5191; x_wconf 78' lang='grc' dir='ltr'>καὶ</span> <span class='ocrx_word' id='word_1_811' title='bbox 2837 5140 3143 5192; x_wconf 88' lang='grc' dir='ltr'>συναίνεσιν</span> <span class='ocrx_word' id='word_1_812' title='bbox 3176 5139 3269 5192; x_wconf 84' lang='grc' dir='ltr'><strong>τοῦ</strong></span> <span class='ocrx_word' id='word_1_813' title='bbox 3310 5141 3443 5194; x_wconf 83' lang='grc' dir='ltr'>ίδίου</span> <span class='ocrx_word' id='word_1_814' title='bbox 3482 5142 3808 5198; x_wconf 77' lang='grc' dir='ltr'>ἐπισκόπου</span> 
     </span>
    </p>
   </div>
   <div class='ocr_carea' id='block_1_111' title="bbox 2298 5230 3811 5301">
    <p class='ocr_par' dir='ltr' id='par_1_111' title="bbox 2298 5230 3811 5301">
     <span class='ocr_line' id='line_1_111' title="bbox 2298 5230 3811 5301; baseline 0.005 -19"><span class='ocrx_word' id='word_1_815' title='bbox 2298 5250 2316 5282; x_wconf 82' lang='lat' dir='ltr'><strong>t</strong></span> <span class='ocrx_word' id='word_1_816' title='bbox 2356 5232 2389 5300; x_wconf 77' lang='grc' dir='ltr'><strong>ἦ</strong></span> <span class='ocrx_word' id='word_1_817' title='bbox 2428 5232 2534 5283; x_wconf 84' lang='grc' dir='ltr'>τῶν</span> <span class='ocrx_word' id='word_1_818' title='bbox 2565 5230 2978 5300; x_wconf 77' lang='grc' dir='ltr'>πρεσϐυτέρων,</span> <span class='ocrx_word' id='word_1_819' title='bbox 3014 5232 3088 5301; x_wconf 85' lang='grc' dir='ltr'>μὴ</span> <span class='ocrx_word' id='word_1_820' title='bbox 3120 5233 3409 5285; x_wconf 83' lang='grc' dir='ltr'>είσίτωσαν</span> <span class='ocrx_word' id='word_1_821' title='bbox 3437 5248 3451 5263; x_wconf 77' lang='grc'><strong><em>⁸</em></strong></span> <span class='ocrx_word' id='word_1_822' title='bbox 3494 5235 3591 5287; x_wconf 78' lang='grc' dir='ltr'><strong>καὶ</strong></span> <span class='ocrx_word' id='word_1_823' title='bbox 3632 5237 3811 5291; x_wconf 77' lang='grc' dir='ltr'>τοῦτο</span> 
     </span>
    </p>
   </div>
   <div class='ocr_carea' id='block_1_112' title="bbox 2301 5322 3810 5395">
    <p class='ocr_par' dir='ltr' id='par_1_112' title="bbox 2301 5322 3810 5395">
     <span class='ocr_line' id='line_1_112' title="bbox 2301 5322 3810 5395; baseline 0.005 -23"><span class='ocrx_word' id='word_1_824' title='bbox 2301 5340 2315 5371; x_wconf 92' lang='grc' dir='ltr'><strong>ι</strong></span> <span class='ocrx_word' id='word_1_825' title='bbox 2353 5322 2408 5374; x_wconf 78' lang='grc' dir='ltr'><strong>δὲ</strong></span> <span class='ocrx_word' id='word_1_826' title='bbox 2444 5325 2520 5391; x_wconf 81' lang='grc' dir='ltr'>μὴ</span> <span class='ocrx_word' id='word_1_827' title='bbox 2551 5322 2703 5389; x_wconf 89' lang='grc' dir='ltr'>μόνοι</span> <span class='ocrx_word' id='word_1_828' title='bbox 2738 5323 3083 5386; x_wconf 80' lang='grc' dir='ltr'>ποιείτωσαν,</span> <span class='ocrx_word' id='word_1_829' title='bbox 3124 5322 3261 5375; x_wconf 58' lang='grc' dir='ltr'>ἀλλὰ</span> <span class='ocrx_word' id='word_1_830' title='bbox 3304 5325 3443 5390; x_wconf 72' lang='grc' dir='ltr'>μετὰ</span> <span class='ocrx_word' id='word_1_831' title='bbox 3488 5325 3810 5395; x_wconf 82' lang='grc' dir='ltr'>συγκληρι-</span> 
     </span>
    </p>
   </div>
   <div class='ocr_carea' id='block_1_113' title="bbox 2300 5406 3809 5483">
    <p class='ocr_par' dir='ltr' id='par_1_113' title="bbox 2300 5406 3809 5483">
     <span class='ocr_line' id='line_1_113' title="bbox 2300 5406 3809 5483; baseline 0.007 -22"><span class='ocrx_word' id='word_1_832' title='bbox 2300 5430 2318 5461; x_wconf 77' lang='grc' dir='ltr'><strong>ι</strong></span> <span class='ocrx_word' id='word_1_833' title='bbox 2363 5411 2495 5473; x_wconf 83' lang='grc' dir='ltr'>κῶν,</span> <span class='ocrx_word' id='word_1_834' title='bbox 2548 5411 2579 5476; x_wconf 80' lang='grc' dir='ltr'>ἢ</span> <span class='ocrx_word' id='word_1_835' title='bbox 2648 5411 2784 5481; x_wconf 84' lang='grc' dir='ltr'>μετά</span> <span class='ocrx_word' id='word_1_836' title='bbox 2840 5410 3063 5476; x_wconf 80' lang='grc' dir='ltr'>τούτων,</span> <span class='ocrx_word' id='word_1_837' title='bbox 3126 5412 3244 5477; x_wconf 85' lang='grc' dir='ltr'>μεθ’</span> <span class='ocrx_word' id='word_1_838' title='bbox 3295 5406 3371 5466; x_wconf 80' lang='grc' dir='ltr'>ὧν</span> <span class='ocrx_word' id='word_1_839' title='bbox 3407 5414 3435 5465; x_wconf 86' lang='grc' dir='ltr'><strong>ό</strong></span> <span class='ocrx_word' id='word_1_840' title='bbox 3498 5417 3809 5483; x_wconf 76' lang='grc' dir='ltr'>ἐπίσκοπος</span> 
     </span>
    </p>
   </div>
   <div class='ocr_carea' id='block_1_114' title="bbox 2299 5503 3794 5575">
    <p class='ocr_par' dir='ltr' id='par_1_114' title="bbox 2299 5503 3794 5575">
     <span class='ocr_line' id='line_1_114' title="bbox 2299 5503 3794 5575; baseline 0.004 -22"><span class='ocrx_word' id='word_1_841' title='bbox 2299 5521 2316 5553; x_wconf 82' lang='lat' dir='ltr'><strong>t</strong></span> <span class='ocrx_word' id='word_1_842' title='bbox 2358 5504 2391 5572; x_wconf 76' lang='grc' dir='ltr'><strong>ἡ</strong></span> <span class='ocrx_word' id='word_1_843' title='bbox 2414 5504 2461 5555; x_wconf 85' lang='grc' dir='ltr'>οἱ</span> <span class='ocrx_word' id='word_1_844' title='bbox 2493 5503 2851 5572; x_wconf 71' lang='grc' dir='ltr'>πρεσϐύτεροι</span> <span class='ocrx_word' id='word_1_845' title='bbox 2883 5503 3033 5571; x_wconf 79' lang='grc' dir='ltr'>μόνοι</span> <span class='ocrx_word' id='word_1_846' title='bbox 3069 5504 3249 5573; x_wconf 80' lang='grc' dir='ltr'>ἔχουσι</span> <span class='ocrx_word' id='word_1_847' title='bbox 3282 5505 3381 5574; x_wconf 78' lang='grc' dir='ltr'>τὴν</span> <span class='ocrx_word' id='word_1_848' title='bbox 3411 5505 3621 5558; x_wconf 76' lang='grc' dir='ltr'>εἴσοδον</span> <span class='ocrx_word' id='word_1_849' title='bbox 3644 5508 3794 5575; x_wconf 73' lang='grc' dir='ltr'>πρὸς</span> 
     </span>
    </p>
   </div>
   <div class='ocr_carea' id='block_1_115' title="bbox 2308 5596 3801 5666">
    <p class='ocr_par' dir='ltr' id='par_1_115' title="bbox 2308 5596 3801 5666">
     <span class='ocr_line' id='line_1_115' title="bbox 2308 5596 3801 5666; baseline 0.005 -21"><span class='ocrx_word' id='word_1_850' title='bbox 2308 5613 2325 5645; x_wconf 78' lang='grc' dir='ltr'><strong>ι</strong></span> <span class='ocrx_word' id='word_1_851' title='bbox 2363 5596 2461 5657; x_wconf 74' lang='grc' dir='ltr'>τὰς</span> <span class='ocrx_word' id='word_1_852' title='bbox 2498 5596 2943 5664; x_wconf 77' lang='grc' dir='ltr'>τοιουτοτρόπους</span> <span class='ocrx_word' id='word_1_853' title='bbox 2983 5598 3277 5661; x_wconf 84' lang='grc' dir='ltr'>γυναῖκας,</span> <span class='ocrx_word' id='word_1_854' title='bbox 3332 5596 3364 5663; x_wconf 80' lang='grc' dir='ltr'>ἢ</span> <span class='ocrx_word' id='word_1_855' title='bbox 3399 5597 3536 5648; x_wconf 80' lang='grc' dir='ltr'>ὅπου</span> <span class='ocrx_word' id='word_1_856' title='bbox 3566 5598 3801 5666; x_wconf 81' lang='grc' dir='ltr'>πάρεισι</span> 
     </span>
    </p>
   </div>
   <div class='ocr_carea' id='block_1_116' title="bbox 2310 5685 3469 5755">
    <p class='ocr_par' dir='ltr' id='par_1_116' title="bbox 2310 5685 3469 5755">
     <span class='ocr_line' id='line_1_116' title="bbox 2310 5685 3469 5755; baseline 0.002 -18"><span class='ocrx_word' id='word_1_857' title='bbox 2310 5706 2323 5737; x_wconf 86' lang='grc' dir='ltr'><strong>ι</strong></span> <span class='ocrx_word' id='word_1_858' title='bbox 2366 5686 2620 5755; x_wconf 74' lang='grc' dir='ltr'>κληρικοὶ</span> <span class='ocrx_word' id='word_1_859' title='bbox 2648 5685 2679 5754; x_wconf 77' lang='grc' dir='ltr'>ἢ</span> <span class='ocrx_word' id='word_1_860' title='bbox 2711 5685 2918 5755; x_wconf 75' lang='grc' dir='ltr'>ἔντιμοί</span> <span class='ocrx_word' id='word_1_861' title='bbox 2942 5702 3087 5747; x_wconf 81' lang='grc' dir='ltr'>τινες</span> <span class='ocrx_word' id='word_1_862' title='bbox 3122 5687 3469 5751; x_wconf 84' lang='grc' dir='ltr'>Χριστιανοί.</span> 
     </span>
    </p>
   </div>
   <div class='ocr_carea' id='block_1_117' title="bbox 2295 5778 3805 5853">
    <p class='ocr_par' dir='ltr' id='par_1_117' title="bbox 2295 5778 3805 5853">
     <span class='ocr_line' id='line_1_117' title="bbox 2295 5778 3805 5853; baseline 0.002 -24"><span class='ocrx_word' id='word_1_863' title='bbox 2295 5779 2486 5831; x_wconf 68' lang='grc' dir='ltr'><strong>ΒΑΛΣ.</strong></span> <span class='ocrx_word' id='word_1_864' title='bbox 2528 5778 3010 5849; x_wconf 82' lang='grc' dir='ltr'>Ἐγκρατευόμενοι</span> <span class='ocrx_word' id='word_1_865' title='bbox 3061 5779 3306 5851; x_wconf 81' lang='grc' dir='ltr'>λέγονται</span> <span class='ocrx_word' id='word_1_866' title='bbox 3347 5780 3395 5832; x_wconf 75' lang='grc' dir='ltr'>οἱ</span> <span class='ocrx_word' id='word_1_867' title='bbox 3439 5781 3683 5853; x_wconf 60' lang='grc' dir='ltr'>μονίιχοὶ,</span> <span class='ocrx_word' id='word_1_868' title='bbox 3722 5781 3805 5846; x_wconf 79' lang='grc' dir='ltr'>ὡς</span> 
     </span>
    </p>
   </div>
  </div>
