3982 6450
247 370 342 435 165

1316 376 1390 433 1N
1433 372 1597 434 CAN.
1638 371 1763 430 XLI
1808 372 2015 431 CONC.
2042 371 2415 433 CARTIIAG.

3358 369 3458 437 166

245 486 570 554 παρίσταται
598 487 755 540 τοῦτο
791 489 905 542 ἀπο
935 489 1026 543 τοῦ
1061 493 1123 542 ιϐ’
1164 492 1384 551 κανόνος
1416 488 1508 540 τοῦ
1559 488 1778 556 μεγάλω

1903 498 2112 538 eanone
2141 485 2208 538 19
2239 487 2416 551 magni
2444 485 2624 540 Basilii
2649 488 2969 540 ostenditur.
3006 487 3138 541 Dicit
3166 501 3293 554 ergo
3321 503 3450 556 pur-

246 576 542 629 Βασιλείου.
575 579 708 646 Φησὶ
764 579 898 646 γοῦν
930 580 959 631 ὁ
988 582 1175 649 παρὼν
1207 579 1384 633 κανὼν
1421 581 1494 647 μὴ
1523 576 1792 642 ὲντυγκά·

247 682 351 716 νειν
383 667 674 735 κληρικοὺς
701 669 734 736 ἢ
766 671 1033 736 μοναχοὺς
1064 672 1261 739 χήραις
1297 668 1328 737 ἢ
1366 667 1664 736 παρθένοις
1693 683 1793 715 και

248 755 603 824 θιερωμέναις
634 758 855 820 πάντως
881 759 1086 823 οὕσαις,
1117 762 1165 811 εἰ
1200 759 1274 828 μὴ
1309 757 1460 828 παρὰ
1514 756 1619 809 τῶν
1671 757 1794 805 ἐπι-

249 847 460 898 σκόπων
497 845 661 913 ἢτῶν
712 849 1122 919 πρεσϐυτέρων,
1159 850 1357 918 δηλαδὴ
1393 848 1467 918 μὴ
1515 845 1796 912 παρόντων

246 936 581 1000 ἐπισκόπων,
632 922 1006 1006 ἐπιτραπείεν.
1063 939 1172 992 Καὶ
1219 941 1336 991 τότε
1387 940 1444 990 δὲ
1515 936 1588 1005 μὴ
1646 935 1795 1002 μόνοι

245 1025 554 1092 εἰσίτωσαν,
591 1028 731 1080 ἀλλά
759 1032 898 1095 μετά
925 1030 1328 1100 συγκληρικῶν,
1365 1030 1396 1098 ἢ
1433 1028 1550 1096 μετ’
1569 1028 1793 1078 ἐκείνων

246 1115 362 1184 μεθ’
393 1109 466 1170 ὦν
493 1117 588 1169 καὶ
631 1118 657 1169 ό
691 1119 988 1181 ἐπίσκοπος
1011 1121 1102 1172 καὶ
1123 1123 1171 1172 oi.
1203 1119 1561 1188 πρεσϐύτεροι
1594 1115 1794 1168 εἰσίασι

246 1207 377 1277 πρὸς
416 1209 617 1270 αὐτάςο
650 1208 682 1276 ἢ
738 1208 855 1260 ἐκεῖ
891 1209 1366 1277 ἐντυγχανέτωσαν
1418 1207 1630 1266 αύταίς,
1657 1205 1789 1255 ὅπου

242 1297 348 1349 εἰσί
375 1296 626 1366 κληρικοὶ
664 1297 696 1364 ἢ
757 1297 967 1367 ἔντιμοί
1006 1315 1150 1360 τινες
1181 1296 1520 1367 Χριστιανοί.
1553 1298 1625 1348 Τὸ
1672 1295 1791 1348 κατ’

241 1387 541 1454 ἐπιτροπὴν
574 1385 633 1437 δὲ
664 1385 695 1450 ἢ
739 1388 1048 1439 συναίνεσιν
1084 1391 1318 1456 εἴρηται.
1354 1388 1488 1439 διότι
1536 1386 1567 1456 ἢ
1606 1387 1694 1437 διά
1741 1401 1792 1435 τι

241 1476 506 1546 χρήσιμον
557 1477 636 1545 τῷ
667 1478 950 1548 ἐπισκόπῳ
993 1481 1084 1529 καὶ
1131 1481 1198 1548 τῇ
1253 1479 1520 1548 ἐκκλησίᾳ
1585 1479 1792 1544 γίνεται

246 1567 391 1636 παρὰ
415 1567 619 1620 τούτων
646 1569 679 1637 ἡ
712 1569 954 1637 ἐντυχία,
1003 1570 1093 1621 καὶ
1137 1569 1488 1636 ἐπιτρέπουσι
1522 1569 1721 1635 ταύτην
1743 1569 1792 1619 οἰ

241 1660 544 1722 ἐπίσκοποι,
592 1659 624 1728 ἢ
664 1659 751 1710 διὰ
777 1661 985 1712 οἰκείαν
1024 1661 1402 1729 χρησιμότητα
1431 1660 1520 1711 καὶ
1553 1662 1788 1726 αἴτησιν,

239 1748 328 1799 καὶ
351 1747 627 1814 ὀφείλουσι
659 1751 927 1801 ωναινείν
957 1750 1004 1800 ol
1032 1751 1338 1802 ἐπίσκοποι.
1385 1749 1677 1816 ’Λνάγνωθι
1697 1746 1790 1800 τοῦ

237 1839 500 1906 παρόντος
535 1840 913 1907 συντάγματος
943 1839 1122 1890 τίτλου
1160 1845 1229 1890 ια’
1261 1857 1384 1907 κεφ.
1405 1846 1466 1904 ε’,
1495 1840 1711 1892 συνόδου
1737 1845 1788 1903 ς’

238 1929 427 1980 κανόνα
469 1927 577 1996 με,
627 1931 722 1981 καὶ
771 1931 871 1999 τῆς
932 1930 1046 2000 ρλγ¹
1127 1932 1554 1984 Ἰουστινιανείου
1592 1934 1789 2002 νεαρᾶς

232 2035 351 2085 καφ.
382 2019 450 2078 6',
481 2021 599 2088 ἦτοι
633 2037 753 2087 κεφ.
788 2022 851 2072 ιε’
902 2021 993 2074 τοῦ
1025 2023 1065 2074 δ’
1093 2022 1296 2090 βιϐλίου
1324 2023 1430 2074 τῶν
1466 2022 1784 2085 Βασιλικῶν,

232 2109 359 2177 ὅπερ
392 2109 748 2178 κατεστρώθη
782 2111 838 2162 ἐν
878 2111 954 2178 τῷ
986 2109 1074 2180 μζ¹
1123 2112 1310 2164 κανόνι
1340 2112 1437 2182 τῆς
1471 2112 1638 2180 ἕκτης
1660 2129 1787 2164 συν-

232 2201 365 2254 έᾶου.

297 2292 543 2344 ΖΩΝΛΡ.
580 2291 808 2358 Φεύγειν
854 2293 952 2355 τὰς
993 2295 1287 2364 ὑπολήψεις
1316 2294 1785 2365 παρηγγέλθημευ

231 2383 276 2434 οἱ
315 2383 519 2442 πιστοὶ,
567 2381 664 2434 κᾶν
693 2378 790 2434 ὦσι
819 2382 1052 2451 ψευδεῖς,
1093 2386 1186 2436 καὶ
1224 2384 1299 2453 τῷ
1330 2383 1603 2451 θεσπεσίῳ
1627 2387 1779 2454 εἰρη-

233 2488 313 2524 vat
347 2472 548 2539 Παύλῳ
611 2474 1002 2539 Ἀπρόσχηποι
1034 2475 1290 2542 γίνεσθε,
1316 2475 1413 2526 καὶ
1445 2475 1782 2538 Ἰουδαίοις,

229 2564 318 2614 ml
347 2565 636 2627 Ἕλλησι,
663 2564 762 2616 καί
796 2563 864 2630 τῇ
909 2565 1237 2631 Ἐκκλησίᾳ
1281 2565 1387 2619 τοῦ
1438 2565 1607 2618 Θεοῦ.
1641 2566 1782 2618 Ταύ-

228 2668 337 2714 ταις
362 2653 457 2706 οὖν
487 2655 608 2714 ταῖς
661 2652 1077 2721 παραγγελίαις,
1112 2653 1247 2706 ἀλλὰ
1291 2653 1396 2723 μὴν
1433 2654 1526 2706 καὶ¹
1569 2655 1782 2721 ἑτέραις

229 2747 313 2796 καὶ
339 2747 387 2796 οἱ
417 2745 666 2812 Πατέρες
697 2739 844 2797 οὗτοι
875 2745 1157 2814 ἑπόμενοι,
1192 2748 1326 2814 φασί
1357 2748 1493 2816 πρὸς
1523 2749 1698 2817 χήρας
1746 2748 1778 2818 ἢ

227 2836 556 2902 παρθένους,
596 2836 799 2905 δηλαδὴ
828 2836 1260 2906 καθιερωμένας,
1285 2837 1360 2907 μὴ
1391 2838 1618 2892 εἰσιέναι
1653 2840 1782 2907 κληο

232 2929 410 2994 ρικοὺς
443 2928 480 2996 ἢ
509 2928 1034 2996 ἐγκρατευομένους.
1064 2929 1200 2990 Τοὺς
1229 2931 1501 2998 μοναχοὺς
1536 2927 1593 2981 δὲ
1642 2929 1777 2982 ὠνό-

227 3035 398 3084 μασαν
428 3021 936 3090 ἐγκρατευομένους
971 3021 1109 3074 κατὰ
1138 3020 1229 3074 τὸν
1259 3021 1433 3089 μέγαν
1465 3023 1774 3088 Βασίλειον,

1899 589 2023 627 sens
2055 588 2248 636 canon,
2284 589 2380 627 nec
2410 575 2592 628 clerici
2622 573 2702 628 vel
2736 577 2981 628 monachi
3014 592 3137 630 cum
3175 577 3346 629 \‘in'uis
3372 580 3454 630 vel

1899 666 2214 733 virginibus,
2235 680 2353 732 qute
2377 674 2504 720 sunt
2528 667 2746 721 omnino
2769 677 3114 732 consecratae,
3139 668 3420 736 colloquan
3440 696 3455 708 -

1901 769 2005 814 tur,
2039 755 2140 808 nisi
2187 754 2238 808 id
2283 756 2359 808 eis
2394 757 2461 811 ab
2504 757 2790 824 episcopis,
2824 758 2902 811 vel
2947 758 3297 826 presbyteris,
3352 773 3454 812 non

1897 845 2254 912 praasemibus
2297 845 2504 897 scilicet
2543 845 2832 914 episcopis,
2879 846 3244 913 permittatur.
3290 846 3454 900 Porro

1898 950 1962 987 ne
1997 944 2122 987 tunc
2151 947 2366 1001 quoque
2397 935 2495 988 soli
2536 936 2925 1000 ingrediantur,
2965 936 3060 989 sed
3093 951 3211 989 cum
3242 939 3452 990 concle-

1901 1025 2052 1089 ricis,
2083 1025 2167 1077 vel
2198 1040 2318 1077 eum
2352 1025 2478 1086 illis,
2512 1041 2630 1078 cum
2665 1026 2860 1093 quibus
2891 1026 3052 1078 etiam
3088 1026 3370 1095 cpiscopus
3399 1039 3453 1078 et

1897 1114 2197 1185 presbyteri
2227 1116 2291 1169 ad
2321 1130 2414 1168 eas
2458 1117 2830 1186 ingrediuntur
2866 1133 2882 1170 :
2917 1117 2998 1170 vel
3028 1129 3121 1171 eas
3167 1118 3271 1172 illic
3315 1117 3451 1170 allo-

1896 1219 2152 1277 quuntur,
2183 1209 2270 1263 ubi
2299 1218 2422 1263 sunt
2455 1208 2637 1270 clerici
2659 1253 2674 1274 ,
2709 1210 2790 1264 vel
2817 1209 2980 1278 aliqui
3005 1210 3158 1264 bona:
3179 1210 3456 1264 existima.

1898 1300 2061 1353 tionis
2105 1297 2424 1353 Christiani.
2471 1299 2604 1353 Illud
2634 1309 2837 1365 autem,
2871 1316 2936 1354 ex
2985 1301 3339 1368 permissione
3375 1301 3456 1354 χιιι

1897 1403 2184 1451 consensu,
2213 1389 2412 1441 dictum
2446 1397 2548 1454 est,
2584 1404 2648 1443 eo
2674 1391 2814 1458 quod
2851 1391 2932 1444 vel
2967 1400 3191 1459 propter
3225 1391 3450 1458 aliquid,

1894 1480 2033 1544 quod
2081 1488 2165 1532 est
2219 1479 2474 1547 episcopo
2523 1478 2749 1548 ejusque
2795 1479 3051 1533 Ecclesia:
3093 1481 3453 1544 conducibdc,

1894 1585 2013 1621 cum
2046 1569 2124 1622 eis
2153 1568 2478 1636 colloquium
2522 1568 2768 1632 habetur,
2801 1570 2962 1638 idque
2990 1570 3308 1639 permittunt
3335 1575 3447 1638 cpi-

1892 1660 2074 1727 scopi;
2109 1658 2188 1713 vel
2211 1667 2433 1728 propter
2455 1673 2608 1713 suam
2633 1660 2916 1715 utilitatem
2948 1669 3002 1714 et
3037 1661 3368 1728 petitionem,
3400 1673 3454 1714 et

1893 1749 2089 1802 debent
2129 1749 2438 1804 consentire
2469 1750 2726 1818 episcopi.
2768 1748 2907 1820 Lege
2946 1752 3228 1820 praesentis
3270 1755 3452 1819 operis

1826 1802 1863 1870 ⁸³
1893 1841 1977 1893 tit.
2011 1841 2071 1893 n
2110 1853 2228 1908 cap.
2261 1802 2327 1903 δέ
2359 1802 2547 1910 synodi
2571 1802 2748 1897 sellae
2773 1802 3149 1897 eiurare
3186 1802 3242 1896 et
3287 1802 3454 1896 ira;

1890 1931 2035 1984 niani
2066 1931 2286 1985 novellae
2325 1931 2429 1986 135
2460 1946 2582 2001 cap.
2610 1931 2667 1994 2,
2697 1933 2811 1986 sive
2840 1947 2964 1998 cap.
3001 1933 3068 1987 15
3108 1934 3227 1988 libri
3271 1952 3320 1987 iv
3351 1934 3454 1985 lla-

1889 2023 2028 2076 silic.
2059 2023 2199 2091 quod
2229 2023 2390 2077 situm
2422 2032 2500 2077 est
2535 2025 2586 2076 in
2614 2038 2820 2078 canone
2842 2025 2908 2078 47
2935 2035 3101 2079 sexta:
3131 2026 3339 2096 synodi.

1957 2293 2204 2349 ZONAB.
2263 2294 2380 2350 Non
2432 2298 2876 2352 committendum
2917 2305 2986 2351 ‘ut
3050 2297 3446 2350 incommodius

1886 2385 2084 2453 aliquid
2125 2387 2188 2440 de
2225 2387 2456 2441 fidelium
2494 2387 2751 2452 moribus,
2791 2389 3034 2456 quamvis
3066 2387 3200 2441 falso
3233 2388 3452 2456 evulge-

1888 2485 1993 2539 tur,
2031 2477 2138 2529 divi
2186 2493 2401 2546 quoque
2450 2476 2601 2532 Pauli
2647 2481 2863 2533 oraculo
2906 2480 3295 2533 admonemur:
3330 2479 3451 2532 Sine

1885 2569 2189 2635 oﬂ'ensione,
2226 2569 2436 2634 inquit,
2468 2579 2629 2622 estote
2663 2569 2888 2631 Jndteis,
2921 2579 2966 2622 et
2999 2569 3217 2628 (ἐνατία.
3260 2581 3306 2621 et
3347 2569 3450 2622 Ec-

1882 2657 2056 2711 clesia:
2095 2658 2191 2711 Dei
2235 2659 2301 2712 “.
2336 2658 2479 2724 Quas
2522 2659 2736 2727 quidem
2781 2661 3187 2727 prmeeptiones,
3235 2670 3288 2712 et
3325 2677 3451 2713 vero

1880 2749 2014 2802 alias
2064 2763 2278 2817 quoque
2320 2750 2487 2804 seruti
2537 2748 2693 2815 hujus
2724 2749 2913 2819 synodi
2942 2747 3147 2812 Patres,
3179 2751 3242 2802 ad
3270 2749 3450 2804 viduas

1881 2849 1971 2890 aut
2018 2839 2082 2892 ad
2129 2841 2365 2908 virgines
2393 2878 2406 2902 ,
2444 2854 2538 2893 eas
2585 2839 2828 2893 videlicet
2872 2853 2988 2907 quae
3032 2851 3256 2892 sacratae
3299 2851 3447 2904 sunt,

1879 2929 2111 2983 clericos
2148 2939 2239 2983 aut
2274 2930 2656 2982 continentiam
2703 2929 2976 2997 professos
3021 2931 3232 2998 ingredi
3267 2932 3442 2984 haud-

1877 3033 2146 3088 quaquam
2195 3019 2359 3072 licere
2405 3021 2718 3074 decernunt.
2766 3019 2960 3073 Eorutu
3009 3036 3171 3089 porro
3205 3023 3444 3087 nomine,

223 3107 274 3170 ὃς
309 3111 438 3179 περὶ
481 3110 778 3178 ὁμολογίας
824 3110 918 3163 τοῦ
963 3110 1322 3180 παρθενεύειν
1353 3113 1778 3184 διαταττόμενος

1881 3109 1970 3177 qui
2004 3109 2389 3162 continentiam
2419 3107 2651 3176 professi
2687 3117 2834 3174 sunt,
2869 3112 3160 3165 monachos
3193 3111 3441 3181 designa-

225 3201 276 3250 ἰν
304 3198 366 3252 ιθ¹
391 3201 560 3253 αὐτοῦ
599 3201 788 3254 κανόνι
839 3203 1006 3270 φησίν
1033 3219 1047 3234 ο
1115 3203 1347 3273 Ἀνδρῶν
1382 3204 1438 3257 δέ
1487 3206 1779 3276 ὁμολογίαν

223 3288 313 3340 οὐκ
352 3289 622 3358 [γνωμςν,
665 3291 806 3361 πλὴν
827 3293 876 3344 εἰ
912 3293 985 3361 μή
1015 3310 1157 3355 τινες
1190 3295 1415 3356 ἑαυτοὺς
1436 3295 1513 3364 τῷ
1537 3297 1776 3364 τάγματι

225 3379 322 3430 τῶν
347 3381 687 3446 μοναςόντων
725 3382 1235 3451 ἐγκατηρίθμησαν,
1282 3384 1330 3436 οἳ
1381 3385 1518 3437 κατὰ
1553 3386 1611 3438 τὸ
1654 3403 1780 3438 σω-

221 3467 463 3534 πῶμενον
489 3467 711 3521 δοκοῦσι
743 3471 1148 3538 παραδέχεσθαι
1184 3472 1281 3542 τὴν
1335 3475 1600 3544 ἀγαμίαν.
1635 3477 1774 3539 Τοὺς

222 3550 307 3607 οὖν
364 3558 667 3628 κληρικοὶρς
731 3560 828 3612 καὶ
882 3559 1007 3622 τοὺς
1054 3560 1575 3633 ἐγκρατευομένους,
1621 3568 1774 3637 εἰμὴ

225 3648 362 3715 παρὰ
390 3647 486 3700 τοῦ
515 3651 821 3702 ἐπισκόπου
861 3651 892 3720 ἢ
942 3653 1050 3705 τῶν
1110 3655 1517 3725 πρεσσυτέρων,
1574 3659 1772 3728 δηλαδὴ

223 3736 290 3805 μὴ
337 3739 606 3809 παρόντος
642 3742 966 3805 ἐπισκόπου,
997 3743 1372 3811 ἐπιτραπεῖεν,
1430 3749 1505 3815 μὴ
1547 3749 1772 3802 εἰσιέναι

220 3827 528 3881 κελεύουσιν
580 3832 660 3892 εἰς
710 3831 806 3894 τὰς
839 3833 1137 3900 εἰρημένας
1170 3836 1460 3901 γυναῖκας’
1505 3838 1599 3890 καὶ
1651 3841 1771 3892 τότε

217 3914 265 3966 δέ
303 3919 376 3984 μὴ
407 3920 567 3986 μόνοι
596 3921 915 3986 είσίτωσαν,
970 3921 1105 3975 ἀλλὰ
1140 3923 1277 3992 μετὰ
1311 3927 1695 3994 συγκληρικῶν
1735 3929 1767 3996 ἢ

221 4011 324 4072 μετ’
346 4009 597 4072 ἐκείνων,
632 4011 752 4078 μεθ’
781 4005 878 4076 ὧν,
909 4013 1003 4066 καὶ
1023 4015 1050 4066 ό
1083 4015 1376 4077 ἐπίσκοπος
1417 4018 1511 4069 καὶ
1553 4020 1600 4070 οἰ
1631 4037 1761 4089 πρε·

219 4094 455 4164 σῦύτεροι
487 4098 692 4150 εἰσίασι
719 4099 855 4168 πρὸς
876 4101 1063 4164 αὑτάς·
1097 4104 1130 4174 ἢ
1157 4104 1273 4156 ἐκεῖ
1294 4108 1766 4176 ἐντυγχανέτωσαν

219 4189 415 4252 αὑταῖς,
449 4190 586 4241 ὅπου
610 4189 718 4241 εἰσὶ
768 4189 1038 4260 κληρικοὶ,
1091 4195 1122 4262 ἢ
1173 4195 1312 4247 ὅπου
1377 4200 1518 4250 εἰσὶν
1561 4199 1767 4268 ἔντιμοί

213 4293 341 4341 τινες
368 4281 712 4348 Χριστιανοὶ,
741 4279 884 4335 ὥστε
940 4284 1123 4337 πᾶσαν
1161 4285 1398 4354 ὑποψίαν
1467 4293 1768 4361 περιαιρεῖ-

215 4365 345 4421 σθαι.
383 4370 522 4423 Κατ’
560 4372 866 4442 ἐπιτροπὴν
891 4373 969 4439 δὲ,
998 4381 1168 4444 φησιν
1190 4379 1217 4430 ό
1260 4378 1460 4445 κανὼν,
1514 4383 1546 4450 ἢ
1575 4383 1767 4436 συναί-

1884 3206 2027 3260 runt,
2057 3211 2120 3252 ex
2160 3211 2351 3265 magno
2384 3195 2605 3259 Basilio,
2645 3197 2734 3265 qui
2769 3198 2834 3251 de
2859 3199 3199 3266 professione
3227 3201 3445 3270 virgini-

1882 3289 2007 3340 tatis
2047 3287 2402 3356 praecipiens,
2437 3287 2842 3342 undevicesimo
2877 3302 3086 3341 canone
3116 3306 3130 3341 :
3170 3287 3440 3353 Virorum,

1880 3377 2077 3446 inquit,
2116 3377 2315 3430 nullam
2350 3379 2597 3433 novimus
2631 3378 3041 3446 professionem,
3083 3392 3438 3447 praeterquam

1877 3470 1920 3523 si
1973 3471 2065 3538 qui
2118 3469 2325 3539 seipsos
2375 3471 2762 3525 monachorum
2813 3471 2991 3525 ordini
3037 3474 3433 3542 Inanciparurut,

1875 3563 1966 3629 qni
2006 3559 2223 3628 quidem
2263 3559 2482 3615 silentio
2509 3560 2821 3614 cmlibatum
2853 3562 3103 3614 videntur
3129 3561 3435 3616 admittere.

1874 3647 2065 3702 Clerici
2113 3648 2293 3717 igitur,
2336 3657 2390 3701 et
2436 3647 2527 3716 qui
2585 3649 2974 3702 continentiam
3021 3651 3250 3718 professi
3293 3664 3437 3713 sunt,

1876 3737 1974 3789 nisi
2020 3736 2088 3789 ab
2129 3737 2408 3805 episeopo,
2443 3737 2526 3789 vel
2595 3752 2624 3790 a
2654 3738 3011 3807 presbyteris,
3063 3739 3153 3794 illo
3192 3740 3438 3793 videlicet

1872 3827 2115 3892 absente,
2161 3826 2464 3881 facultatem
2513 3827 2944 3896 impetraverint,
2988 3838 3438 3882 connncmoratas

1873 3916 2127 3968 mulieres
2175 3915 2323 3970 adire
2397 3915 2748 3982 prohibentur
2791 3933 2805 3969 :
2839 3927 2891 3970 et
2933 3932 3064 3970 vero
3095 3931 3269 3985 neque
3311 3928 3436 3971 tunc

1872 4018 2084 4072 quoque
2113 4003 2237 4064 soli,
2267 4004 2359 4057 sed
2397 4003 2479 4057 vel
2512 4005 2809 4058 consociati
2851 4005 3088 4070 clericis,
3115 4007 3196 4061 vel
3225 4021 3434 4071 eorum,

1869 4107 2006 4161 quos
2048 4109 2229 4148 secum
2285 4093 2575 4164 episc0pus
2618 4104 2669 4148 et
2721 4098 3017 4167 presbyteri
3077 4100 3141 4151 ad
3185 4097 3302 4152 illas
3342 4101 3435 4150 ad-

1867 4195 2056 4238 euntes
2077 4183 2333 4236 adhibere
2357 4184 2550 4248 solent,
2577 4187 2831 4240 comitatu
2863 4189 2998 4255 septi
3030 4187 3430 4256 ingrediantur;

1868 4283 1960 4329 aut
1997 4275 2087 4329 ubi
2134 4275 2316 4330 clerici
2349 4277 2546 4344 aliique
2589 4278 2796 4330 honesti
2847 4277 3097 4331 homines
3136 4279 3428 4332 Christiani

1868 4365 2154 4428 intersint,
2206 4373 2264 4418 ut
2312 4366 2506 4419 nullius
2551 4369 2844 4435 suspicioni
2880 4367 3214 4436 relinquatur
3257 4369 3429 4434 locus,

213 4472 341 4512 νισιν
365 4459 458 4512 τοῦ
491 4461 626 4512 ἰδίου
657 4463 984 4517 ἐπισκόπου.
1015 4465 1086 4516 Ἣ
1107 4465 1214 4534 γὰρ
1244 4468 1455 4529 ἐκεῖνος
1476 4449 1759 4540 ἐπιτρέψει

1881 4471 1960 4512 :as
2008 4456 2370 4525 alloquantur.
2415 4456 2486 4509 Ex
2521 4459 2876 4524 permissione
2903 4469 3106 4524 autem,
3137 4461 3310 4529 inquit
3339 4479 3432 4517 ea-

214 4547 280 4616 τῷ
299 4548 548 4620 κληρικῷ
567 4549 661 4619 ἀφ’
691 4551 892 4604 ἑαυτοῦ
929 4554 1170 4622 κινηθεὶς
1200 4556 1289 4608 διά
1318 4573 1439 4609 τινα
1465 4559 1676 4628 χρείαν,
1723 4561 1756 4630 ἡ

215 4655 342 4702 τινος
398 4644 510 4695 τῶν
569 4644 878 4712 εἰρημένων
933 4646 1258 4715 αἰτήσαντος
1309 4654 1594 4717 συντυχεῖν
1638 4654 1759 4713 ταῖς

213 4728 520 4799 εἰρημέναις
554 4734 801 4801 γυναιξὶν
822 4734 1001 4800 αἰτίας
1035 4737 1376 4808 ἀπαιτούσης
1406 4741 1433 4791 ό
1458 4741 1756 4804 ἐπίσκοπος

215 4827 454 4877 συναινεῖ⁸

213 4995 411 5053 ΑΡΙΣΤ.
454 5022 471 5052 ι
514 5002 782 5070 Κληρικοί
817 5003 912 5055 καὶ
968 5005 1431 5075 ἐγκρατευόμενοι
1477 5008 1675 5078 χήραις
1721 5009 1752 5076 ἢ

275 5103 290 5135 t
327 5089 620 5158 παρθένοις
652 5091 727 5160 μὴ
757 5095 1130 5161 προσιέτωσαν
1154 5097 1204 5147 εἰ
1237 5097 1625 5166 μὴὲπισκόπου
1658 5099 1751 5150 καὶ

273 5193 288 5224 ι
323 5180 699 5249 πρεσϐυτέρου
728 5185 962 5254 ἐπιταγῇ
986 5199 1003 5216 ο
1033 5186 1126 5237 καὶ
1146 5185 1288 5238 οὕτω
1310 5187 1384 5257 μὴ
1413 5189 1584 5257 μόνοι,
1612 5191 1749 5242 ἀλλὰ

272 5283 286 5314 ι
329 5270 445 5336 μεθ’
488 5265 568 5323 ὧν
621 5273 980 5342 πρεσϐύτεροι
1030 5278 1122 5328 καὶ
1180 5278 1422 5330 διάκονοι
1477 5279 1608 5346 πρὸς
1656 5283 1750 5344 τὰς

271 5373 286 5402 ι
324 5359 582 5422 τοιαύτας
615 5362 871 5416 εἰσίασιν.
912 5382 931 5415 ι

266 5447 347 5495 Δεῖ
380 5451 564 5501 πᾶσαν
585 5447 727 5502 εἶναι
756 5455 1054 5520 ἀσφάλειαν
1085 5457 1192 5509 τῶν
1213 5460 1492 5527 παρθένων
1526 5461 1616 5512 καὶ
1640 5462 1742 5514 τῶν

209 5537 389 5601 χηρῶν,
422 5541 534 5591 τῶν
579 5544 933 5612 τεταγμένων
959 5552 1022 5620 τῇ
1066 5549 1378 5620 Ἐκκλησία,
1408 5552 1501 5605 καὶ
1522 5551 1613 5605 ὑπ’
1640 5553 1736 5606 αὖ·

273 5711 348 5768 "l
381 5717 503 5774 Cor.
543 5736 598 5787 ι,
637 5721 730 5775 52.

1865 4564 1996 4613 non,
2055 4549 2257 4617 prOprii
2314 4549 2576 4617 episcopi,
2624 4550 2704 4602 vel
2750 4566 3033 4605 consensu.
3071 4550 3203 4605 Nam
3253 4555 3330 4608 vel
3385 4557 3428 4609 is

1865 4655 1963 4694 sua
2030 4649 2220 4708 sponte
2265 4638 2465 4694 clerico
2502 4641 2570 4695 ob
2615 4641 2896 4696 utilitatem
2951 4643 3179 4710 aliquam
3216 4644 3264 4695 id
3308 4661 3425 4714 per-

1864 4730 2063 4793 mittet,
2091 4730 2173 4784 vel
2214 4731 2282 4784 ab
2325 4728 2506 4797 aliquo
2537 4745 2722 4784 eorum
2760 4745 2894 4798 quos
2927 4731 3161 4787 diximus
3191 4747 3422 4803 togatus,

1868 4821 1960 4889 qui
1983 4828 2324 4873 enumeratas
2361 4820 2631 4886 mulieres,
2668 4821 2808 4890 jnsta
2847 4835 3006 4874 causa
3038 4822 3421 4888 intercedente,

1865 4911 2153 4965 cenvenire
2178 4911 2324 4975 velit,
2360 4912 2643 4979 episcopus
2670 4920 2892 4966 annuet.

1862 4999 2086 5054 ARlST.
2127 5018 2144 5052 ι
2187 5001 2379 5056 Clerici
2414 5011 2462 5056 et
2500 5005 2838 5057 continentes
2866 5007 2932 5059 ad
2966 5007 3154 5060 viduas
3190 5004 3268 5056 vel
3310 5002 3418 5055 vir-

1935 5111 1957 5150 ι
1997 5095 2149 5162 gines
2192 5109 2259 5147 ne
2294 5093 2588 5158 accedant;
2627 5095 2726 5148 nisi
2751 5094 2902 5163 jussu
2943 5097 3176 5165 episcopi
3206 5105 3258 5147 et
3298 5107 3420 5160 pre-

1933 5196 1948 5228 ι
1991 5180 2189 5248 sbyteri
2222 5195 2235 5231 :
2263 5188 2316 5232 et
2338 5179 2414 5232 sic
2445 5192 2547 5231 non
2569 5179 2689 5245 soli,
2721 5179 2810 5232 sed
2837 5195 2955 5232 cum
2990 5182 3075 5244 iis,
3097 5180 3416 5250 quibuscum

1922 5289 1938 5321 ι
1978 5269 2277 5340 presbyteri
2305 5278 2356 5322 et
2387 5270 2594 5324 diaconi
2626 5272 2691 5323 ad
2726 5285 2817 5324 eas
2851 5272 3135 5325 accedunt.
3181 5287 3198 5320 ι

1923 5462 2148 5517 Omnem
2169 5475 2378 5530 oportet
2403 5463 2640 5516 adhiberi
2667 5479 2848 5516 curant
2876 5464 3136 5532 virginum
3160 5473 3210 5517 et
3235 5464 3419 5517 vidua-

1860 5569 1976 5608 rum
2023 5555 2074 5607 in
2118 5553 2354 5609 Ecclesia
2403 5555 2836 5620 constitutarum,
2879 5563 2932 5607 et
2973 5553 3040 5607 ab
3072 5569 3131 5610 ea
3166 5555 3417 5612 altarum.
