4000 6442
3715 282 3832 348 176

2334 432 2352 466 ι
2390 414 2444 469 δὲ
2478 416 2627 486 παρὰ
2656 414 2883 485 γνώμην
2912 419 3098 467 τούτου
3121 411 3227 465 οὔδ’
3267 408 3513 478 ἀνάγκης
3545 404 3833 459 συνωθου-

2332 525 2351 557 ι
2390 523 2489 577 σης
2518 506 2840 571 καταλλάξει
2874 504 3254 575 μιτανοοῦντα.
3282 520 3301 553 ι

615 306 715 368 1Ἱ5
1842 297 2117 359 ΤΗΕΟΙ).
2149 296 2174 355 1

2295 294 2543 361 SAMON

685 441 704 474 ι
738 421 1024 491 Presbyter
1063 428 1238 473 autem
1290 424 1482 487 praeter
1526 414 1643 484 ejus
1674 414 2018 477 sententiam,
2055 428 2147 466 ne-
2179 421 2224 474 Α

681 532 700 564 ‹
737 512 986 567 cessitate
1014 509 1342 579 impellente,
1371 505 1739 576 pmoitentiam
1772 512 2015 573 agentem
2039 517 2143 556 non

680 622 699 654 ι
741 601 1131 657 reconciliabit.
1171 589 1198 651 ι’

678 695 778 761 Qui
814 710 843 748 a
884 694 993 747 Deo
1022 693 1221 761 ligandi
1255 700 1307 745 et
1356 688 1599 744 solvendi
1650 696 1970 754 p0testatem
1997 698 2149 737 acce-

605 795 822 856 perunt,
869 788 1163 840 secundum
1217 783 1535 836 delictorum
1565 778 1874 847 qualitatem
1904 785 1958 829 et
1984 776 2150 829 deliu-

609 877 896 943 quentibus
986 875 1415 933 conversionem,
1498 868 1758 937 supplicia
1837 870 2147 919 decernent.

606 965 896 1033 Presbyter
952 972 1151 1025 autem,
1207 971 1402 1028 przeter
1452 956 1689 1025 episcopi
1747 954 2064 1009 sententiam
2089 967 2150 1005 ea

608 1073 707 1111 nec
745 1068 940 1121 angere
996 1062 1176 1120 potest
1226 1063 1322 1102 nec
1356 1048 1614 1106 minuere,
1658 1059 1755 1096 nec
1781 1041 2148 1111 paenitentiam

612 1158 829 1214 agentes
858 1143 922 1195 ad
959 1144 1185 1210 gratiam
1221 1137 1483 1205 recipere,
1520 1145 1571 1185 et
1599 1135 1794 1185 divinis
1830 1146 1922 1185 eos
1946 1131 2151 1198 dignari

606 1232 979 1293 sacramentis,
1010 1227 1254 1298 quamvis
1321 1239 1545 1293 peregre
1598 1222 1875 1291 profectus
1908 1220 1979 1272 sit
2036 1220 2149 1286 epi-

609 1337 827 1390 sropus.

2326 680 2387 732 ΟΞ
2414 680 2565 749 παρὰ
2589 679 2721 733 Θεοῦ
2745 680 3001 742 λαϐόντες
3025 678 3272 743 ἐξουσίαν
3296 676 3517 745 δεσμεῖν
3543 679 3640 726 καὶ
3661 671 3833 724 λύειν

2255 771 2383 839 πρὸς
2420 770 2517 839 τὴν
2548 770 2807 835 ποιότητα
2828 769 2935 823 τῶν
2959 766 3372 838 ἁμαρτημάτων
3418 768 3514 816 καὶ
3559 763 3661 831 τὴν
3689 763 3830 813 ὲπι-

2256 861 2491 929 στροφὴν
2544 859 2637 911 τοῦ
2680 859 3055 928 ἡμαρτηκότος
3110 859 3178 910 τά
3224 856 3478 923 ἐπιτίμια
3534 853 3827 922 ὁρίσουσι.

2260 952 2634 1019 Πρεσδύτερος
2667 950 2721 1001 δὲ
2758 950 2909 1017 παρὰ
2940 949 3164 1017 γνώμην
3211 946 3308 1000 τοῦ
3339 947 3645 999 ἐπισκόπου
3684 941 3827 994 οὕτε

2255 1040 2436 1101 αὕξειν
2468 1041 2499 1105 ἢ
2532 1040 2716 1107 μειοῦν
2743 1040 2880 1092 αὑτά
2904 1039 3148 1102 δύναται,
3177 1037 3301 1089 οὔτε
3327 1047 3458 1098 τοὺς
3492 1032 3834 1103 μετανοοῦν-

2256 1148 2354 1191 τας
2388 1130 2798 1191 καταλλάσσειν,
2828 1130 2927 1181 κᾶν
2961 1131 3214 1197 ἀποδημῇ
3268 1129 3299 1179 ό
3341 1127 3660 1188 ἐπίσκοπος,
3724 1125 3835 1175 καὶ

2257 1223 2367 1274 τῶν
2391 1223 2550 1275 θείων
2569 1223 2765 1284 αὐτοὺς
2794 1223 2980 1288 ἀξιοῦν
3007 1223 3387 1290 άγιασμάτων.

2854 1397 3091 1449 ΚΑΝΩΝ
3125 1398 3237 1450 MZ'

2262 1505 2278 1536 ι
2324 1488 2454 1554 Περὶ
2491 1486 2796 1554 παρθένων.
2830 1487 2989 1539 Ὥστε
3039 1489 3136 1549 τάς
3171 1487 3320 1555 ἱερὰς
3344 1485 3669 1556 παρθένους,
3723 1485 3833 1537 ὅτι

2340 1594 2357 1625 ‹
2397 1576 2503 1628 τῶν
2532 1578 2783 1646 πατέρων
2811 1577 3172 1647 χωρίσωνται,
3213 1575 3272 1638 ὲξ
3304 1568 3379 1628 ὧν
3425 1572 3831 1642 ἐφυλάττοντο,

2336 1683 2354 1714 ι
2393 1667 2459 1733 τῇ
2510 1664 2604 1716 τοῦ
2652 1666 2969 1727 ἐπισκόπου,
3027 1665 3058 1732 ἢ
3115 1664 3280 1718 αὑτοῦ
3332 1666 3563 1725 ἀπόντος
3621 1666 3690 1733 τῇ
3717 1662 3839 1714 τοῦ

2333 1772 2350 1803 ι
2390 1755 2758 1823 πρεσϐυτέρου
2790 1756 3016 1823 προνοίᾳ
3063 1756 3183 1816 ταῖς
3207 1755 3562 1823 τιμιωτέραις
3585 1753 3821 1820 γυναιξὶ

2337 1862 2354 1893 ι
2392 1843 2807 1911 παρατίθεσθαι,
2844 1844 2875 1912 ἢ
2904 1847 3019 1911 ἅμα
3052 1843 3413 1904 κατοικούσας
3457 1843 3692 1911 ἀλλήλας
3723 1860 3840 1910 φυ-

2339 1953 2356 1984 ι
2397 1936 2630 1995 λάττειν,
2665 1936 2749 1986 ἵνα
2776 1934 2847 2002 μὴ
2875 1934 3151 2002 πανταχοῦ
3180 1934 3517 2002 πλαζόμεναι
3560 1933 3658 1998 τὴν
3685 1933 3840 1984 ύπό-

2337 2046 2354 2074 ι
2397 2026 2554 2094 ληψιν
2594 2025 2836 2091 βλάψωσι
2868 2027 2965 2091 τῆς
3010 2024 3357 2092 Ἐκκλησίας.
3396 2043 3413 2072 ι

2333 2116 2523 2167 ΒΑΛΣ.
2569 2114 2629 2166 Ἥ
2668 2114 2764 2183 μὲν
2797 2120 2915 2184 ρκγ’
2962 2115 3394 2173 ’1ουστινιάνειος
3423 2114 3613 2181 νεαρὰ,
3650 2114 3847 2182 ἤγουν

2260 2208 2322 2258 τὸ
2349 2208 2388 2258 δ’
2420 2224 2546 2272 κεςρ.
2584 2205 2676 2258 τοῦ
2730 2204 2777 2257 α’
2809 2205 2989 2258 τίτλου
3030 2204 3126 2257 τοῦ
3160 2204 3200 2256 δ’
3242 2206 3450 2274 βιϐλίου
3485 2205 3620 2271 φησι.
3650 2206 3845 2256 ταῦτα

2266 2296 2444 2367 ῥητῶς
2469 2312 2482 2326 ·
2520 2296 2606 2347 Ἐν
2638 2298 2807 2348 ἅπασι
2842 2296 2899 2347 δὲ
2929 2298 3039 2357 τοῖς
3096 2297 3502 2365 μοναστηρίοις,
3532 2297 3675 2363 ἂπερ
3716 2314 3844 2348 κοι-

2266 2386 2412 2439 νόϐια
2447 2384 2759 2447 καλοῦνται,
2790 2386 3088 2455 κελεύομεν
3140 2388 3281 2438 κατὰ
3320 2388 3447 2447 τοὺς
3499 2388 3844 2454 μοναχικοὺς

2265 2479 2493 2539 κανόνας
2525 2481 2581 2529 ὲν
2610 2478 2690 2528 ἑνὶ
2723 2476 2855 2546 οἴκῳ
2883 2478 3090 2541 πάντας
3122 2481 3311 2540 οἰκεῖν,
3343 2481 3436 2530 καὶ
3471 2478 3668 2540 κοινῶς
3698 2481 3845 2545 τρέο

2266 2569 2477 2635 φεσθαι,
2515 2570 2655 2621 κατὰ
2711 2569 2801 2620 τὸν
2845 2572 3033 2637 ὅμοιον
3087 2570 3307 2638 τρόπον,
3344 2569 3437 2621 καὶ
3488 2571 3545 2619 ὲν
3581 2569 3661 2619 ἐνὶ
3691 2568 3848 2634 οἴκῳ

2265 2659 2472 2719 πάντας
2526 2658 2948 2726 κεχωρισμένως
2998 2657 3305 2723 καθεύδειν,
3360 2658 3499 2709 ὥστε
3531 2658 3847 2725 άμςιὸαδὺν

2265 2748 2513 2816 ἀλλήλοις
2546 2747 2851 2815 μαρτυρίαν
2902 2747 2998 2814 τῆς
3031 2745 3306 2815 σώφρονος
3342 2747 3619 2813 διαγωγῆς
3671 2762 3845 2812 παρ-

616 2861 821 2911 beant:
875 2855 1062 2906 iisdem
1104 2848 1352 2903 omnibus
1386 2848 1547 2899 etiam
1600 2846 1650 2896 in
1690 2843 2011 2896 letninarum
2045 2856 2163 2894 mo-

2296 2855 2409 2904 χειν
2437 2838 2632 2898 αὐτούς
2652 2854 2665 2867 ·
2700 2830 2906 2888 τούτων
2936 2838 3190 2889 ἁπάντων
3222 2837 3315 2888 καὶ
3374 2839 3505 2903 περὶ
3537 2835 3605 2887 τὰ
3658 2853 3846 2903 μονα-

618 2946 868 3001 nasteriis
916 2941 1307 3006 asceteriisque
1358 2936 1603 2989 servatis.
1667 2934 1910 2986 Praesens
1987 2941 2163 2982 autem

2290 2930 2462 2997 ιτήρια
2491 2928 2584 2981 καὶ
2609 2928 2914 2994 άσκητήρια
2941 2928 3047 2979 τῶν
3078 2926 3355 2992 γυναικῶν
3409 2927 3849 2993 παραψυλαττο-

615 3054 785 3089 canon
824 3033 1031 3094 statuit,
1071 3039 1127 3082 ιιι
1164 3028 1397 3095 virgines
1427 3024 1531 3076 Deo
1564 3023 1842 3087 dedicata,
1875 3037 1902 3073 a
1936 3019 2165 3087 pr0ptiis

2290 3019 2447 3069 ιένων
2470 3031 2483 3044 ο
2512 3017 2540 3068 ὁ
2574 3017 2628 3067 δὲ
2654 3016 2841 3082 παρὼν
2868 3015 3045 3065 κανὼν
3079 3015 3371 3083 διορίζεται
3422 3017 3520 3076 τὰς
3547 3014 3847 3067 ἀνατεθει-

619 3128 860 3197 patribus
924 3130 1207 3191 separatm,
1239 3133 1338 3171 non
1375 3132 1467 3185 per
1499 3132 1555 3168 se
1584 3116 1775 3181 degant
1806 3130 1817 3165 :
1852 3112 1943 3165 sed
1974 3114 2096 3177 quia
2137 3124 2163 3160 a

2290 3109 2436 3168 ιένας
2494 3107 2571 3175 τῷ
2605 3106 2723 3173 Θεῷ
2761 3105 3080 3174 παρθένους,
3143 3105 3516 3174 χωριζομένας
3570 3106 3681 3159 άπὸ
3724 3106 3853 3157 τῶν

620 3222 860 3291 patribus
887 3215 1266 3273 servabantur,
1309 3218 1429 3279 post
1459 3224 1641 3262 earum
1686 3216 1860 3257 autem
1900 3204 1953 3255 in
1988 3201 2166 3255 eccle-

2290 3199 2483 3250 ιίκσίων
2510 3199 2781 3265 πατέρων,
2816 3196 2892 3264 μὴ
2912 3194 3034 3247 καθ’
3060 3195 3259 3257 ἑαυτὰς
3286 3196 3492 3262 διάγειν
3513 3236 3528 3260 ,
3561 3196 3679 3249 ἀλλ’
3710 3198 3857 3248 ἐπεὶ

617 3286 694 3363 sia
729 3307 1146 3365 dedicationem,
1175 3316 1235 3354 ea
1268 3312 1476 3368 patrum
1505 3297 1745 3350 custodia
1772 3302 1822 3347 et
1855 3291 2167 3346 observatio

2290 3288 2421 3355 ταρὰ
2450 3287 2558 3337 τῶν
2590 3286 2842 3353 πατέρων
2874 3286 3254 3351 ἐφυλάττοντο,
3288 3287 3320 3353 ὴ
3352 3286 3407 3337 δὲ
3459 3286 3683 3353 τοιαύτη
3736 3303 3854 3353 φυ-

620 3401 887 3462 cessavit;
915 3390 1379 3460 debentepiseopi,
1412 3388 1492 3441 vel
1521 3388 1584 3439 iis
1612 3384 1922 3439 absentibus
1947 3382 2170 3449 presby-

2290 3376 2412 3445 κακὴ
2442 3376 2577 3443 μετά
2608 3376 2707 3443 τὴν
2732 3376 2811 3432 είς
2841 3374 2936 3443 τὴν
2974 3374 3298 3442 Ἐκκλησίαν
3343 3374 3597 3426 ἀνάθεσιν
3648 3374 3855 3427 αὐτῶν

627 3489 755 3551 teri,
780 3503 869 3540 eas
901 3481 1220 3537 venerandis
1259 3476 1569 3530 mulieribus
1617 3473 1849 3533 tradere,
1901 3479 1957 3521 ut
2002 3471 2069 3522 ab
2108 3468 2173 3519 iis

2290 3465 2585 3530 ἰιπέλειψεν,
2622 3464 2927 3529 ὀφείλουσιν
2958 3465 3006 3515 oi
3039 3464 3326 3515 ἐπίσκοποι
3353 3463 3385 3530 ἢ
3434 3462 3643 3515 τούτων
3664 3464 3856 3515 ἀπόν-

623 3597 719 3648 per
783 3588 1125 3631 communem
1172 3572 1292 3623 vita:
1348 3568 1663 3621 serietatem
1723 3566 2023 3615 serventur.
2079 3559 2173 3611 Sin

2290 3570 2380 3604 :wv
2399 3553 2447 3603 οί
2473 3551 2828 3620 πρεσδύτεροι
2862 3550 3211 3618 παραδιδόναι
3258 3549 3455 3612 ταύτας
3489 3553 3718 3618 σεμναῖς
3742 3567 3857 3618 γυ-

622 3672 824 3729 minus,
884 3678 1071 3717 omnes
1116 3674 1284 3714 sacra:
1340 3657 1573 3724 virgines
1624 3652 1782 3707 simul
1840 3649 2174 3712 habitent,ut

2290 3641 2470 3705 ναιξὶν,
2510 3641 2593 3707 ἐφ’
2626 3638 2667 3704 ᾧ
2698 3641 2802 3692 ὑπὸ
2832 3640 3037 3691 τούτων
3068 3640 3155 3691 διὰ
3202 3639 3301 3721 τῆς
3325 3640 3596 3708 ὁμοζωῖας
3634 3641 3856 3706 φυλάτο

624 3759 783 3815 simnl
846 3757 1084 3807 viventes
1139 3751 1343 3817 seipsas
1411 3748 1636 3797 invicem
1690 3749 1905 3795 servent
1944 3756 1956 3790 :
1991 3749 2043 3791 et
2070 3752 2174 3791 non

2290 3732 2492 3785 τεσθαι.
2534 3732 2609 3783 Ἦ
2635 3734 2682 3781 εί
2717 3730 2790 3799 μὴ
2849 3729 3027 3792 τοῦτο,
3065 3730 3245 3788 πάσας
3298 3730 3393 3790 τὰς
3434 3730 3585 3796 ἱερὰς
3635 3730 3863 3793 ταύτας

624 3859 868 3903 errantes
896 3885 910 3911 ,
976 3859 1069 3897 seu
1102 3842 1189 3893 hic
1239 3848 1289 3892 et
1325 3837 1430 3889 illic
1479 3829 2174 3902 agentes,‘ecclesiasticam

2290 3823 2577 3892 παρθένους
2603 3820 2734 3888 ὁμοῦ
2767 3823 3063 3883 κατοικεῖν,
3098 3821 3183 3870 ἵνα
3214 3818 3453 3882 συζῶσαι
3483 3819 3863 3885 φυλάττωσιν

623 3946 745 3995 vitae
766 3944 1100 3993 honestatem
1122 3940 1175 3983 et
1204 3926 1622 3982 moderationem
1651 3922 1908 3990 polluant,
1928 3919 2174 3986 quoniam

2290 3914 2533 3982 ὶλλὴλας,
2567 3913 2661 3964 καὶ
2691 3911 2764 3979 μὴ
2790 3910 3145 3976 πλαξόμεναι,
3203 3912 3371 3980 ⁴ἤγουν
3427 3909 3553 3978 τῇδε
3607 3910 3859 3961 κάκεῖσε

629 4048 731 4085 non
762 4033 954 4083 bonam
1001 4025 1081 4077 sui
1141 4016 1592 4074 existimationem
1642 4013 1929 4080 prmbeant.
1962 4010 2024 4062 Et
2071 4009 2174 4061 haec

2290 4004 2651 4073 Βιατρίὸουσαι
2708 4002 2805 4071 τὴν
2836 4003 3298 4069 ὲκκλησιαστικὴν
3348 4000 3648 4069 εὐκοσμίαν
3680 4001 3864 4070 μολύ-

629 4122 842 4188 (pridem
874 4118 1017 4183 leges
1040 4121 1093 4164 et
1143 4122 1401 4161 canones.
1443 4104 1611 4157 Hodie
1640 4113 1813 4154 autern
1843 4115 2026 4167 parum
2058 4097 2174 4166 quid

2290 4113 2416 4150 νωσι
2447 4095 2536 4182 διά
2591 4094 2685 4145 τοῦ
2731 4094 2932 4145 διδόναι
2972 4094 3073 4144 οὐκ
3124 4092 3331 4160 ἀγαθὰς
3377 4091 3669 4159 ὑπολήψεις
3724 4092 3862 4143 κατ’

628 4172 810 4265 eorum
845 4172 1349 4273 velupropemodum
1396 4195 1528 4248 nihil
1569 4195 1645 4245 ﬁt.
1700 4192 1832 4244 Nam
1865 4202 2035 4256 neque
2070 4202 2174 4239 mo'

2290 4189 2481 4240 αὐτῶν.
2510 4172 2621 4239 Rati
2651 4190 2676 4239 ὁ
2711 4187 2808 4254 μὲν
2838 4186 2998 4253 νόμος
3028 4186 3120 4237 καὶ
3143 4186 3193 4236 οί
3239 4186 3464 4245 κανόνες
3518 4185 3576 4234 ὲν
3610 4182 3860 4243 τούτοις·

1061 1407 1219 1477 57o
1237 1401 1459 1457 cauos
1497 1397 1699 1453 XLVII.

617 1525 632 1556 ι
670 1505 743 1558 De
799 1500 1116 1571 virginibus.
1172 1495 1240 1549 Ut
1299 1508 1468 1547 sacra:
1522 1492 1793 1558 virgines,
1845 1486 2060 1556 quando
2122 1500 2150 1537 a

684 1613 701 1643 ι
746 1594 986 1662 patribus
1028 1601 1257 1656 quorum
1292 1584 1463 1636 oculis
1506 1582 1649 1633 domi
1700 1578 2151 1637 observabantur,

682 1705 700 1736 ι
737 1691 997 1751 separata:
1044 1677 1265 1739 iuerint,
1296 1673 1561 1741 episcopi,
1609 1671 1689 1722 vel
1742 1670 1853 1736 ipso
1910 1668 2153 1728 absente,

696 1794 714 1826 ι
758 1771 1059 1843 presbyteri
1120 1768 1459 1839 providentia
1492 1760 1975 1817 venerabilioribus
2004 1756 2157 1809 femio
2189 1753 2229 1805 Β

690 1884 706 1914 ι
757 1865 837 1916 nis
870 1860 1337 1919 eommendentur,
1375 1854 1455 1907 vel
1490 1864 1545 1906 ut
1584 1851 1741 1904 simul
1773 1849 2072 1902 habitantes
2101 1860 2159 1896 se

690 1974 707 2006 ι
752 1957 978 2007 invicem
1001 1950 1334 2012 custodiant;
1361 1960 1428 1999 ne
1464 1946 1662 2012 passim
1698 1941 1942 2009 vagando
1971 1937 2161 1991 existi-

692 2067 709 2095 ι
747 2044 1032 2097 mationem
1063 2038 1316 2092 Ecclesiae
1352 2037 1567 2088 ltetlant.
1608 2051 1628 2084 ι

683 2133 873 2187 BALS.
928 2131 1231 2185 Centesima
1324 2125 1575 2177 vicesima
1640 2122 1793 2173 tertia
1870 2115 2157 2172 Justiniaui

612 2225 843 2285 novella,
894 2237 988 2277 seu
1050 2233 1165 2286 cap.
1214 2217 1267 2281 4,
1326 2216 1484 2284 primi
1541 2215 1619 2265 tit.
1657 2212 1749 2263 lib.
1781 2227 1857 2271 tv,
1890 2212 2001 2262 haec
2032 2208 2160 2261 dicit

615 2325 797 2385 aperte
864 2330 878 2365 ε
936 2312 995 2364 ln
1047 2310 1293 2362 omnibus
1351 2317 1530 2358 autem
1607 2300 1969 2364 monasmriis,
2043 2315 2162 2367 qua:

614 2405 857 2461 emnobia
888 2412 1168 2463 \‘0L‘8llllll‘,
1198 2398 1464 2465 iubemus,
1497 2404 1574 2457 ut,
1605 2398 1900 2446 scenmtum
1926 2402 2163 2442 canones

617 2494 964 2555 monastieos,
1006 2496 1059 2543 in
1098 2504 1200 2541 una
1242 2486 1400 2539 domo
1428 2496 1615 2536 omnes
1644 2481 1888 2533 habitent
1928 2488 1980 2531 et
2014 2491 2161 2529 com-

614 2585 847 2638 umniter
896 2583 1130 2644 alantur,
1178 2587 1232 2630 et
1272 2575 1523 2629 similiter
1552 2573 1603 2625 in
1639 2588 1740 2623 una
1790 2571 1945 2623 tlomu
1973 2582 2163 2620 omnes

615 2676 901 2745 separatim
946 2671 1250 2732 dormiant;
1305 2678 1363 2719 ut
1414 2666 1513 2718 sibi
1580 2663 1808 2717 invicem
1877 2661 2164 2713 moderatae

617 2766 1070 2834 temperantisque
1141 2761 1259 2813 vitae
1330 2756 1559 2811 rationis
1623 2752 1992 2807 testimonium
2029 2765 2165 2817 prae—

630 4302 785 4356 nachi
866 4293 1317 4351 monasteriolum
1383 4286 1616 4338 virorum
1676 4281 1837 4334 simul
1919 4278 2179 4338 habitant,

2285 4281 2521 4347 σήμερον
2571 4276 2628 4327 δὲ
2678 4274 2783 4327 ἀπὸ
2812 4274 3017 4326 τούτων
3067 4275 3209 4336 τέως
3260 4275 3338 4334 είς
3373 4272 3520 4341 ἡμᾶς
3581 4271 3787 4340 μικρὸν
3822 4274 3860 4341 ἦ

629 4408 803 4459 neque
839 4387 1082 4441 ascetriae
1114 4400 1127 4436 :
1165 4384 1216 4434 in
1247 4380 1375 4433 solis
1405 4386 1579 4428 autem
1611 4373 1891 4426 mulierum
1923 4369 2174 4423 ccenobiit

2290 4370 2437 4422 οὐδὲν
2472 4367 2653 4435 σχεδὸν
2686 4366 2930 4432 γίνεται·
2961 4362 3085 4415 οὗτε
3117 4364 3225 4432 γάρ
3278 4364 3326 4413 oi
3366 4361 3591 4431 μοναχοὶ
3624 4361 3735 4412 τῶν
3766 4363 3868 4413 ἀν-

631 4479 976 4536 tnnnasteriis
1002 4485 1249 4529 servatur
1280 4472 1393 4523 haec
1447 4464 1747 4518 communis
1779 4461 1937 4515 simul
1976 4460 2185 4513 vivendi

631 4575 769 4625 ratio
804 4579 857 4624 et
924 4565 1206 4621 habitatio.
1258 4562 1409 4627 Apud
1438 4556 1660 4610 Latinos
1688 4564 1866 4608 autem
1909 4554 2189 4620 hucusque

632 4672 875 4717 servatur
904 4674 966 4712 ea
995 4658 1115 4708 vita:
1147 4654 1303 4706 ratio.
1333 4650 1532 4703 Omnes
1578 4648 1721 4700 enim
1752 4643 2002 4698 monachi
2030 4642 2188 4697 simul

631 4758 917 4809 comedunt
943 4762 996 4805 et
1036 4748 1329 4803 dormiunt.
1402 4741 1538 4809 Lege
1583 4750 1633 4793 et
1676 4753 1934 4793 eanonem
1982 4738 2011 4788 (ἱ
2052 4750 2191 4803 prte-

636 4848 803 4900 scntis
837 4840 1024 4911 synodi
1070 4852 1122 4890 et
1154 4852 1271 4905 qua:
1307 4836 1357 4886 in
1411 4848 1474 4886 eo
1523 4840 1644 4883 sunt
1687 4828 1878 4898 (fusius
1908 4827 2049 4879 enim
2080 4825 2185 4877 illic

638 4943 925 4989 tractatum
983 4939 1084 4989 est,
1152 4925 1415 4994 Quomodo
1470 4929 1858 4973 consecrantur
1910 4916 2184 4981 virgines,

634 5034 796 5081 etiam
825 5027 939 5076 sine
966 5018 1262 5074 tuonachali
1291 5014 1518 5084 habitu),
1547 5022 1597 5065 et
1630 5024 1886 5064 canonem
1919 5008 1984 5061 18
2018 5008 2189 5061 sancti

637 5118 839 5171 Basilii.

708 5377 955 5434 ZONAR.
991 5375 1151 5429 Sexto
1177 5372 1337 5440 hujus
1368 5369 1556 5439 synodi
1581 5382 1782 5421 canone
1812 5367 1875 5419 de
1897 5363 2194 5431 puellarum

646 5473 1055 5527 consecratione
1094 5475 1175 5517 est
1208 5474 1406 5515 artum.
1450 5460 1594 5523 Quas
1644 5460 1803 5526 igitur
1851 5456 1920 5507 ibi
1960 5461 2198 5506 sacratas

642 5565 865 5633 pitetlas,
931 5560 1031 5612 hoc
1065 5558 1181 5607 loco
1219 5570 1402 5606 sacras
1436 5551 1672 5616 virgines
1722 5547 2031 5599 nominavit.
2063 5543 2191 5595 Nam

646 5671 738 5724 pro
772 5647 1379 5719 virginibuspuellarum
1416 5657 1609 5694 nomen
1661 5652 1917 5704 usurpare
1954 5652 2065 5689 mos
2090 5643 2189 5688 est.

2287 4459 2473 4529 δρῲων
2499 4456 2874 4525 μοναστηρίων
2892 4452 3026 4521 ὁμοῦ
3054 4452 3425 4514 κατοικοῦσιν,
3443 4450 3565 4503 οὔτε
3588 4452 3644 4502 al
3672 4452 3867 4521 ἀσκήο

2285 4566 2435 4617 τριαι
2456 4562 2468 4574 ·
2501 4548 2587 4609 είς
2615 4546 2751 4613 μόνα
2784 4546 2837 4596 δὲ
2870 4547 2937 4596 τά
2971 4545 3256 4609 γυναικεῖα
3287 4542 3529 4593 κοινόὸια
3580 4554 3874 4610 μοναστῇ-

2295 4655 2385 4707 ρια
2417 4636 2759 4703 συντηρεῖται
2789 4637 2821 4702 ἡ
2853 4633 3005 4701 κοινὴ
3035 4633 3212 4683 δίαιτα
3242 4632 3336 4682 καὶ
3372 4630 3643 4681 κατοικία.
3678 4632 3775 4691 Εἰς
3804 4633 3869 4684 δὲ

2288 4726 2410 4786 τοὺς
2432 4724 2687 4786 Λατίνους
2713 4726 2846 4784 τέως
2877 4724 2904 4791 η
2937 4722 3349 4789 τοιουτότροπος
3373 4719 3618 4787 διαγωγὴ
3652 4736 3878 4790 συντη-

2297 4819 2489 4887 ρεῖται.
2526 4817 2731 4875 Πάντες
2758 4816 2865 4883 γὰρ
2898 4814 2947 4864 οἱ
2987 4816 3208 4882 μοναχοὶ
3266 4812 3402 4880 ὁμοῦ
3457 4812 3550 4863 καὶ
3611 4811 3877 4864 ἐσθίουσι

2297 4909 2386 4960 καὶ
2411 4906 2802 4957 ὑπνώττουσιν.
2848 4904 3146 4969 Ἀνάγνωθι
3179 4904 3273 4954 καὶ⁵
3303 4903 3390 4953 τὸν
3422 4901 3477 4963 ς’
3532 4902 3735 4953 κανόνα
3764 4904 3879 4969 τῆς

2299 4996 2573 5065 παρούσης
2600 4996 2837 5058 συνόδου,
2867 4996 2960 5047 καὶ
2988 4995 3054 5046 τά
3080 4996 3136 5045 ὲν
3167 4993 3317 5061 αὐτῷ
3354 4992 3727 5061 (πλατύτερον
3753 4996 3880 5063 γάρ

2300 5090 2475 5139 ἐκεῖσε
2510 5087 2769 5156 διελὴφθη
2810 5086 2926 5147 πῶς
2987 5084 3247 5154 παρθένοι
3305 5083 3709 5152 καθιεροῦνται,
3768 5090 3882 5137 καὶ

2299 5178 2418 5244 δίχα
2451 5178 2542 5228 τοῦ
2575 5176 2900 5245 μοναστικοῦ
2961 5178 3273 5245 σχήματος)
3306 5174 3518 5227 καὶτὸν
3553 5180 3623 5243 ιη’
3658 5177 3886 5229 κανόνα

2298 5269 2392 5320 τοῦ
2428 5270 2581 5333 ἁγίου
2612 5268 2913 5320 Βασιλείου.

2374 5360 2616 5413 ΖΩΝΛΡ.
2660 5361 2744 5410 Ἐν
2778 5360 2919 5428 ἕκτῳ
2948 5360 3128 5411 κανόνι
3162 5362 3261 5427 τῆς
3306 5358 3585 5426 παρούσης
3645 5360 3885 5412 συνόδου

2304 5454 2520 5520 εἴρηται
2559 5450 2680 5515 περὶ
2712 5451 2884 5519 κορῶν
2914 5448 3320 5517 καθιερώσεως.
3384 5453 3480 5510 "At;
3508 5449 3643 5516 γοῦν
3672 5451 3849 5503 ὲκὰλε
3869 5482 3884 5491 -

2305 5561 2393 5594 σεν
2430 5544 2540 5591 ὲ.κεί
2568 5544 2732 5609 κόρας
2765 5542 3211 5609 καθιερουμένας,
3254 5539 3491 5592 ἐνταῦθα
3542 5540 3695 5608 ἱερὰς
3723 5539 3883 5608 παρ-

2305 5636 2487 5685 Οένουε
2522 5632 2790 5700 ὠνόμασε.
2856 5632 3036 5698 Κόρα;
3093 5632 3199 5699 γάρ
3256 5633 3349 5692 τὰς
3406 5631 3711 5698 παρθένους
3751 5632 3895 5693 ἔθος-
