4000 6442
170 400 246 462 IT!

1151 392 1230 451 IN
1259 391 1422 452 CAN.
1462 359 1706 450 XLVIII
1743 391 1949 454 coxo.
1979 391 2355 452 caurum.

3250 382 3349 443 178

167 513 338 564 λαλεῖν.
419 507 856 577 ’Δνατιθεμένων
920 504 1014 559 οὑν
1087 504 1166 574 τῷ
1229 503 1349 572 Θεῷ
1410 503 1687 572 παρθένων

1797 503 1923 569 Qum
1952 519 2009 558 se
2035 518 2165 574 ergo
2204 503 2442 572 virgines
2478 501 2589 553 Deo
2621 499 2893 558 dicabant,
2933 495 3344 547 continentiam-

166 603 387 670 ἁγνεύειν
416 597 793 670 ὁμολογουσῶν
817 599 847 652 6
872 598 1169 658 ἐπίσκοπος
1195 595 1364 657 αὑτὰς
1388 594 1690 663 ἀνεδέχετο.

166 697 305 758 Λέγει
333 687 425 745 οὖν
468 692 498 743 ὁ
539 688 724 743 κανὼν
754 688 838 742 ὅτι
871 688 956 742 δεῖ
995 687 1087 740 τὸν
1121 685 1419 739 ἐπίσκοπον
1449 687 1695 753 προνοεῖν

163 781 339 844 αὐτῶν,
363 781 397 850 ἢ
432 781 524 834 ὅτε
567 780 792 842 ἀπεστι,
822 778 953 840 τοὺς
983 775 1410 847 πρεσϐυτέρους,
1446 775 1539 827 καὶ
1573 774 1690 826 ἐπεί

163 874 435 925 διίστανται
466 869 576 924 τῶν
598 870 856 938 πατέρων
884 867 1064 920 αὐτῶν
1098 866 1190 936 ὑφ’
1217 860 1292 920 ὧν
1313 864 1694 932 ἐφυλάττοντο,

162 960 526 1031 παραδίδοσθαι
555 959 727 1022 αὑτὰς
759 960 990 1028 σεμναῖς
1031 957 1303 1025 γυναιξὶν,
1333 955 1475 1009 ὥστε
1517 971 1698 1008 συνοι-

162 1055 260 1106 κείν
295 1052 502 1114 αὑταῖς,
534 1053 628 1104 καὶ
656 1047 1082 1118 καταρτίζεσθαι
1109 1049 1188 1108 είς
1209 1047 1426 1117 ἀρετὴν,
1459 1046 1492 1115 ἢ
1518 1047 1698 1107 πάσας

158 1145 243 1204 τὰς
273 1142 416 1212 ἱερὰς
444 1140 648 1201 ταύτας
675 1139 982 1208 παρθένους
1000 1137 1134 1205 ὁμοῦ
1172 1139 1458 1200 συνοικεῖν,
1489 1137 1575 1189 ίνα
1601 1151 1696 1187 συ-

161 1236 310 1299 ζὼσαι
337 1232 515 1301 ὁρῷεν
555 1232 812 1301 ἀλλήλας,
836 1231 930 1283 καὶ
957 1229 1298 1299 φυλάττοιεν,
1331 1229 1426 1282 καὶ
1462 1228 1537 1298 μὴ
1561 1228 1696 1282 πλαο

161 1325 382 1389 ζόμεναι,
409 1322 580 1390 ἤγουν
613 1320 743 1389 τῇδε
778 1320 1004 1372 κάκεῖσε
1050 1315 1364 1384 περιιοῦσαι
1387 1355 1403 1380 ,
1439 1320 1533 1372 καὶ
1565 1317 1701 1370 πλα-

161 1413 374 1480 νώμεναι
411 1409 663 1480 βλάψωσι
718 1409 817 1480 τὴν
873 1406 1140 1476 ὑπόληψιν
1197 1408 1298 1476 τῆς
1350 1407 1697 1476 Ἐκκλησίας,

161 1503 410 1556 τουτέστιν
443 1501 865 1568 ὑπολαμϐάνειν
887 1500 988 1552 οὑκ
1016 1499 1226 1566 ἀγαθὰς
1259 1499 1563 1566 ὑπολήψεις
1593 1515 1698 1552 πα-

166 1591 527 1659 ρασκευάσωσί
554 1608 714 1654 τινας
745 1592 874 1660 περὶ
895 1591 990 1659 τῆς
1007 1589 1360 1659 Ἐκκλησίας.
1407 1587 1700 1659 Ἐκκλησία

159 1685 204 1737 δέ
227 1685 364 1738 ἐστιν
394 1685 423 1738 ὁ
462 1682 578 1737 τῶν
611 1683 818 1736 πιστῶν
852 1681 1173 1750 ἀθροισμός.

160 1863 354 1917 ΑΡΙΣΤ.
392 1882 412 1914 ι
456 1863 524 1917 Ἦ
555 1863 646 1916 διὰ
679 1863 974 1931 παρθενίαν
1001 1863 1093 1917 τοῦ
1125 1863 1333 1934 πατρὸς
1360 1865 1701 1934 ἀφισταμένη

191 1971 206 2000 ι
241 1955 353 2015 ταῖς
382 1954 752 2022 τιμιωτάταις
781 1953 890 2006 τῶν
915 1953 1194 2022 γυναικῶν
1223 1955 1609 2026 παρατίθεται.
1640 1976 1658 2010 ι

215 2134 295 2184 Δεῖ
324 2134 414 2186 τὸν
436 2135 741 2188 ἐπίσκοπον
769 2135 880 2189 τῶν
923 2137 1082 2207 ἱερῶν
1118 2139 1407 2208 παρθένων
1453 2141 1700 2196 τίθεσθαι

159 2222 387 2288 πρόνοιαν
415 2239 430 2254 ·
465 2224 560 2276 καὶ
593 2225 644 2276 εί
674 2225 783 2278 τῶν
812 2227 1032 2278 οίκείων
1065 2229 1320 2300 πατέρων
1345 2222 1510 2283 αὖται
1537 2249 1701 2300 χωρι-

159 2309 322 2375 σθῶσι,
348 2313 483 2382 παρ’
514 2308 595 2366 ῶν
623 2314 1001 2380 ἐφυλάττοντο,
1050 2319 1172 2380 ταῖς
1204 2321 1564 2387 τιμιωτάταις
1597 2339 1697 2388 γυ·-

159 2401 304 2466 ναιξὶν
334 2405 414 2465 είς
471 2405 810 2474 ἐπιτήρησιν
841 2407 1348 2478 παραδιδόσθωσαν,
1405 2413 1545 2468 ῶστε
1579 2414 1697 2482 ἅμα

158 2489 361 2560 ἀλλήλας
391 2497 702 2549 κατοικεῖν.

704 2585 943 2639 ΚΔΝΩΝ
980 2588 1120 2642 MH’.

161 2687 176 2717 ι
218 2670 339 2739 Περὶ
361 2671 472 2724 τῶν
500 2673 879 2728 ἀσθενούντων
915 2677 1008 2729 καὶ
1047 2678 1186 2749 ὑπὲρ
1230 2679 1410 2734 αὑτῶν
1459 2683 1692 2752 ἀποκρί-

220 2774 236 2806 ι
267 2758 447 2810 νεσθαι
482 2759 562 2827 μὴ
603 2760 935 2829 δυναμένων.
964 2764 1125 2818 ’Ὥστε
1157 2768 1282 2830 τοὺς
1314 2769 1692 2836 ἀσθενοῦντας,

216 2847 450 2911 ιοῐτινες
482 2850 632 2917 ὑπὲρ
666 2851 875 2904 ἑαυτῶν
929 2855 1323 2926 ἀποκρίνεσθαι
1385 2863 1445 2913 οὑ
1505 2863 1696 2917 δύναν-

215 2955 230 2984 ι
263 2955 366 3002 ται,
432 2940 558 2994 τότε
596 2940 970 3010 βαπτίζεσθαι,
1013 2947 1100 3000 ὅτε
1147 2951 1210 3017 τῇ
1268 2952 1446 3003 αὐτῶν
1502 2972 1692 3023 προαι-

217 3049 232 3079 ι
267 3033 406 3098 ρέσει
455 3033 564 3100 τὴν
596 3034 724 3102 περὶ
754 3034 933 3087 αὑτῶν
967 3039 1272 3108 μαρτυρίαν
1305 3043 1534 3113 κινδύνῳ
1579 3045 1692 3114 ἰδίῳ

213 3139 227 3167 ι
265 3123 501 3176 είπωσιν.
545 3141 565 3175 ε

207 3211 386 3266 ΒΑΛΣ.
407 3215 570 3278 Τινές
605 3215 834 3285 ἐζήτουν
858 3215 1118 3282 ἀπίστους
1149 3221 1300 3284 τίνάς
1322 3223 1687 3294 βαπτισθῆναι

154 3301 272 3352 κιτά
300 3303 392 3364 τάς
419 3305 749 3367 τελευταίας
773 3306 951 3360 αὐτῶν
970 3308 1265 3371 ἀναπνοὰς
1296 3329 1327 3363 κ
1343 3313 1399 3364 αὶ
1422 3313 1520 3365 οὑκ
1542 3316 1691 3383 είση-

157 3388 367 3456 κούοντο,
393 3391 482 3446 διά
523 3392 592 3443 τὸ
640 3394 770 3456 τοὺς
817 3396 1174 3461 ἀσθενοῦντας
1213 3405 1288 3469 μὴ
1335 3402 1593 3456 δύνασθαι
1621 3406 1687 3458 δι’

160 3476 341 3529 ἑαυτῶν
377 3481 668 3547 ὁμολογεῖν
703 3482 804 3544 τάς
839 3483 930 3536 τοῦ
965 3485 1121 3551 ἁγίου
1155 3485 1530 3556 βαπτίσματος
1567 3509 1689 3545 συνο

155 3562 315 3628 θήκας.
341 3569 476 3622 Φασὶ
490 3570 624 3636 γοῦν
659 3573 704 3624 οξ
731 3573 972 3644 Πατέρες
1010 3577 1107 3638 δτι,
1144 3576 1239 3630 ἐὰν
1260 3577 1306 3630 oi
1341 3580 1688 3646 ἀσθενο”ντες

154 3649 333 3717 ὃείξωσι
357 3661 688 3730 προαίρεσιν
718 3664 852 3732 περὶ
881 3664 974 3716 τοῦ
1004 3665 1209 3720 ἐθέλειν
1241 3668 1438 3733 αὐτοὺς
1490 3671 1683 3738 βαπτι-

156 3743 336 3814 σθῆναι.
374 3753 469 3803 καὶ
531 3753 732 3805 εἴπωσι
763 3755 996 3826 κινδύνῳ
1041 3758 1155 3826 ίδίῳ
1191 3759 1373 3829 ζητεῖν
1400 3762 1460 3813 τὸ
1499 3762 1691 3831 βάπτι-

156 3851 263 3898 σμα.
311 3840 809 3910 ἀπαρεμποδίστως
863 3845 1344 3916 βαπτισθῄσονται,
1374 3853 1442 3905 δι’
1482 3855 1686 3924 ἐτέρων

153 3929 228 3989 τὰς
253 3930 540 4000 ὁμολογίας
579 3934 916 4003 ποιούμενοι.
949 3939 1058 3991 Καὶ
1082 3939 1238 3992 τοῦτο
1264 3942 1382 4009 μὲν,
1407 3944 1495 3996 ὅτε
1528 3946 1688 4014 τυχὸν

155 4016 198 4065 tv
227 4022 294 4087 τῷ
325 4022 634 4094 τελευτᾷνή
668 4026 889 4097 τοιαύτη
930 4029 1136 4082 τούτων
1172 4033 1489 4102 προαίρεσις
1522 4037 1690 4089 κατά·

153 4106 278 4172 δηλος
301 4112 547 4181 γένηται.
589 4116 651 4167 Εί
681 4117 735 4168 δὲ
767 4117 890 4170 τότε
932 4121 1031 4187 μὲν
1061 4121 1216 4174 οὐδέν
1256 4140 1308 4175 τι
1338 4125 1579 4178 τοιοῦτον
1609 4129 1686 4178 εί-

155 4200 250 4247 πεῖν
273 4199 548 4266 δύνανται,
583 4204 673 4255 διὰ
725 4204 826 4271 τὴν
852 4206 1098 4275 ἀνάγκην
1127 4209 1224 4275 τῆς
1265 4211 1442 4275 νόσου,
1482 4230 1688 4281 μαρτυο

156 4289 296 4350 ρείται
331 4292 387 4343 δὲ
421 4294 581 4358 παρά
637 4309 801 4346 τινων
831 4293 906 4357 ὡς
942 4296 991 4348 oi
1034 4297 1264 4353 τοιοῦτοι
1312 4301 1406 4352 καί⁸
1455 4299 1557 4373 πρὸ
1587 4303 1688 4372 τῆς

158 4379 318 4442 μανὲας
339 4382 566 4451 τυχδνῆ
606 4383 706 4452 τῆς
745 4383 914 4454 ἄλλης
962 4389 1322 4452 κινδυνώδους
1354 4392 1513 4445 νόσου
1566 4395 1685 4448 ὀλο-

1795 609 1899 664 que
1925 595 2340 664 profitebantur,
2371 607 2464 647 eas
2519 591 2808 658 episcopus
2863 586 3182 654 excipiebat.
3220 583 3343 649 Epi-

1795 686 1942 753 scopi
1996 685 2160 753 igitur
2205 683 2286 737 vel
2333 682 2792 751 presbyterorum,
2828 686 2870 731 si
2917 677 2958 731 is
3015 678 3187 739 abest,
3218 689 3346 728 cura

1797 776 2240 844 providentiaque
2284 789 2377 827 eas
2411 772 2670 841 regendas
2720 785 2836 823 esse
2880 788 2893 823 :
2937 777 2994 821 ct
3038 766 3289 833 quoniam
3320 784 3348 818 a

1797 867 2113 934 parentibus
2198 866 2385 921 divisre
2463 874 2608 926 sunt,
2673 877 2900 930 quorum
2986 859 3154 912 oculis
3208 860 3347 910 domi

1796 958 2246 1018 observabuntur.
2301 955 2542 1009 honestis
2593 952 2932 1011 mulieribus.
2983 967 3102 1003 cum
3156 950 3350 1018 quibus

1800 1058 1905 1097 una
1946 1044 2198 1110 degentes
2252 1044 2317 1096 ad
2357 1043 2610 1096 virtutem
2657 1041 3032 1102 informentur,
3066 1054 3158 1092 eas
3192 1054 3354 1092 com-

1799 1135 2038 1188 mendari
2068 1151 2131 1189 ac
2150 1134 2309 1199 tradi,
2328 1149 2498 1187 canon
2527 1133 2712 1198 jubet;
2737 1133 2819 1184 vel
2847 1132 2897 1184 in
2929 1145 3034 1183 uno
3061 1130 3353 1194 eodemque

1799 1225 2152 1280 contubernio
2185 1225 2343 1278 simul
2377 1239 2566 1278 omnes
2597 1224 2858 1292 ejusmodi
2907 1238 3090 1276 sacras
3121 1221 3351 1282 virgines

1801 1314 2015 1381 degere,
2048 1324 2108 1368 ut
2138 1321 2321 1366 mutuo
2349 1329 2471 1367 sese
2505 1322 2724 1380 aspectu
2756 1312 2992 1365 vicissim
3024 1309 3351 1370 custodiant,

1802 1419 1975 1476 neque
1995 1421 2124 1460 vero
2157 1406 2260 1459 huc
2293 1405 2422 1458 illud
2445 1414 2691 1458 errantes
2716 1419 2778 1458 ac
2820 1417 2964 1469 vagae
2997 1401 3351 1455 existimatio-

1804 1512 1923 1551 nem
1952 1497 2204 1552 Ecclesiae
2264 1496 2492 1563 laedant;
2544 1496 2648 1550 hoc
2695 1504 2798 1560 est,
2852 1492 3247 1561 suspicionibus
3290 1491 3358 1541 de

1805 1587 2043 1642 Ecclesia
2084 1603 2273 1658 parum
2321 1587 2624 1643 commodis
2685 1585 3029 1641 occasionem
3085 1582 3364 1636 nonnullis

1803 1680 2098 1746 praebeant.
2150 1678 2245 1733 Est
2299 1693 2428 1734 vero
2485 1678 2728 1734 Ecclesia
2768 1677 3001 1732 fidelium
3075 1675 3358 1727 nudtitudo

1801 1771 1916 1821 sive
1938 1777 2256 1823 conventus.

1733 1826 1772 1880 Β
1805 1859 2030 1914 ARIST.
2077 1877 2096 1913 ι
2145 1861 2274 1927 Qua:
2313 1874 2343 1912 a
2373 1869 2527 1930 patre
2581 1859 2911 1931 virginitatis
2959 1858 3130 1927 gratia
3170 1870 3353 1911 seces-

1879 1969 1898 2002 ι
1937 1950 2096 2013 serit,
2164 1951 2647 2007 venerabilioribus
2743 1950 2957 2006 feminis
3020 1946 3362 2004 commende-

1878 2060 1897 2092 ι
1937 2051 2041 2096 tur.
2077 2061 2096 2094 ι

1869 2130 2094 2200 Oportet
2145 2134 2454 2202 episcopum
2503 2148 2778 2189 sacrarum
2837 2132 3105 2202 virginum
3166 2145 3350 2184 curam

1801 2222 2020 2290 habere,
2052 2233 2103 2278 et
2134 2225 2178 2279 si
2209 2226 2310 2279 illm
2345 2241 2374 2279 a
2404 2225 2518 2278 suis
2541 2225 2806 2290 patribus,
2836 2224 3033 2292 quibus
3070 2224 3354 2276 custoditur:

1800 2312 1970 2377 fuere,
2028 2326 2371 2383 separentur,
2422 2315 2900 2369 venerauilissimis
2947 2313 3264 2370 mulieribus
3302 2311 3351 2362 in

1798 2405 2229 2459 observationem
2269 2406 2574 2468 tradantur,
2611 2415 2668 2459 ut
2704 2420 2887 2460 secum
2925 2406 3154 2459 invicem
3184 2405 3354 2458 coha-

1798 2491 1996 2547 bitcnt.

2239 2585 2396 2656 571
2423 2585 2648 2642 CANON
2687 2584 2911 2641 XLVIII.

1801 2691 1820 2726 ι
1862 2673 1933 2728 De
1969 2675 2032 2728 iis
2058 2677 2146 2744 qui
2195 2689 2322 2731 sunt
2353 2677 2548 2731 infirmi
2580 2686 2632 2732 et
2673 2693 2768 2747 pro
2809 2693 2866 2734 se
2897 2678 3221 2748 respondere
3257 2692 3354 2730 ne.-

1875 2784 1893 2816 ι
1931 2777 2151 2834 queunt.
2181 2765 2250 2820 Ut
2287 2769 2376 2837 qui
2405 2781 2530 2822 sunt
2562 2767 2779 2833 infirmi,
2811 2769 2899 2837 qui
2929 2769 3142 2834 quidem
3168 2781 3265 2835 pro
3296 2783 3356 2820 se

1876 2871 1894 2903 ι
1933 2857 2258 2923 respondere
2313 2873 2417 2911 non
2483 2866 2744 2923 possunt,
2815 2867 2940 2911 tunc
2989 2857 3352 2922 baptizenlur,

1871 2961 1891 2995 ι
1928 2949 2146 3013 quando
2169 2949 2442 3003 voluntate
2461 2964 2553 3002 sua
2579 2950 2643 3004 de
2663 2962 2721 3004 se
2747 2948 3110 3004 testimonium
3140 2947 3356 3017 proprio

1869 3053 1889 3087 ι
1925 3038 2160 3105 periculo
2194 3040 2448 3095 dixerint.
2491 3059 2509 3090 ι

1863 3213 2055 3270 BALS.
2096 3213 2322 3281 Quidam
2352 3217 2624 3284 petebant,
2654 3225 2712 3271 ut
2744 3217 2988 3272 infideles
3016 3217 3252 3271 nonnulli
3288 3218 3352 3271 ad

1792 3315 2088 3359 extremum
2144 3306 2394 3372 spiritum
2462 3306 2872 3374 baptizarentur
2919 3323 2933 3361 :
2985 3321 3084 3361 nec
3135 3309 3353 3361 fuerunt

1791 3395 2047 3456 exauditi,
2085 3409 2152 3448 eo
2179 3397 2317 3460 quod
2356 3411 2462 3449 non
2498 3399 2702 3464 possint
2732 3397 2933 3451 infirmi
2965 3412 3060 3469 per
3089 3413 3146 3452 se
3177 3398 3349 3452 sancti

1789 3484 2129 3552 baptismatis
2158 3497 2309 3552 pacta
2338 3496 2391 3537 et
2415 3497 2678 3541 conventa
2715 3488 2973 3554 profiteri.
3009 3489 3198 3542 Dicunt
3221 3504 3350 3558 ergo

1789 3573 1996 3638 Patres,
2038 3575 2176 3644 quod
2219 3577 2263 3629 si
2304 3577 2360 3639 ii,
2408 3579 2497 3647 qui
2549 3589 2676 3633 sunt
2712 3580 2935 3646 infirmi,
2986 3596 3043 3636 se
3086 3581 3349 3648 baptizari

1790 3665 1924 3720 velle
1954 3667 2308 3733 ostenderint,
2334 3682 2497 3735 seque
2521 3671 2734 3738 proprio
2761 3671 2996 3739 periculo
3025 3672 3344 3738 lJuNismtltlt

1790 3770 2032 3822 quaerere
2060 3758 2286 3812 dixerint
2311 3775 2324 3824 ;
2358 3760 2473 3812 sine
2503 3761 2887 3828 impedimento
2912 3763 3346 3831 baptizalmutur,

1790 3863 1885 3917 per
1915 3849 2048 3901 alios
2082 3859 2233 3914 pacta
2263 3850 2530 3917 promissa
2564 3849 2847 3906 facientes.
2883 3854 3062 3921 Atque
3099 3855 3199 3908 hoc
3230 3856 3350 3922 qui-

1788 3937 1907 3991 dem
1935 3941 2148 4008 quando
2177 3939 2316 3994 forte
2353 3941 2496 3994 inter
2520 3944 2854 3998 moriendum
2883 3946 3003 3999 talis
3035 3961 3219 3998 eorum
3252 3962 3350 3996 vo-

1789 4027 1969 4081 luntas
2013 4040 2195 4098 aperta
2238 4029 2417 4084 fuerit.
2466 4030 2520 4084 Si
2567 4043 2744 4088 autem
2781 4046 2906 4090 tunc
2939 4037 3161 4103 quidem
3212 4038 3344 4089 nihil

1790 4126 2012 4186 possunt
2051 4119 2316 4186 ejusmodi
2351 4123 2554 4186 dicere,
2591 4135 2809 4191 propter
2849 4127 3018 4178 morbi
3056 4127 3351 4177 uecessitm

1793 4215 1896 4260 tem
1923 4224 1936 4272 ;
1973 4210 2331 4263 testificantur
2360 4221 2537 4265 autem
2569 4212 2757 4280 aliqui,
2787 4215 2928 4280 quod
2959 4225 3082 4268 ante
3114 4213 3346 4267 furorem

1791 4299 2024 4353 fortasse
2070 4301 2153 4352 vel
2187 4301 2417 4366 aliquem
2451 4301 2611 4356 alium
2653 4304 3013 4372 periculosum
3042 4305 3282 4356 morbum
3315 4305 3346 4356 ii

1791 4403 1854 4443 ex
1889 4397 1998 4442 toto
2029 4389 2231 4444 vellent
2264 4407 2444 4446 annuo
2481 4382 2954 4461 haptizarifrngo,
3002 4395 3346 4457 baptizabun-

153 4463 308 4534 451a),-
334 4469 684 4539 προῃροῦντο
717 4470 1104 4556 βαπτισθῆναι,
1137 4476 1347 4546 ἐρωτῶ,
1383 4478 1682 4556 βαπτισθής

1793 4486 1879 4532 tur
1932 4481 2150 4543 annon?
2190 4481 2418 4538 Salutio.
2452 4483 2580 4537 Mihi
2615 4485 2844 4547 videtur,
2877 4485 3018 4552 quod
3049 4486 3162 4536 sine
3202 4489 3343 4550 peri-

154 4559 356 4627 οονταιῆ
402 4559 499 4625 οὖ;
549 4563 764 4623 Λύσις.
805 4546 974 4628 Ἲίμοὶ
1010 4567 1157 4616 δοκεῖ
1193 4565 1267 4628 ὡς
1303 4546 1681 4637 ἀπαρεμποδίλ

156 4657 264 4706 στως
287 4647 759 4718 βαπτισθήσονται
785 4649 877 4702 διά
904 4649 1001 4722 τὴν
1031 4655 1088 4705 ἐν
1121 4655 1280 4726 ὑγεία
1313 4657 1523 4724 ἀγαθὴν
1554 4661 1682 4727 πρός

153 4731 269 4824 iter;
300 4741 496 4794 αὐτῶν.
554 4741 777 4794 Τούτων
807 4743 864 4795 δὲ
905 4743 1080 4804 οὑτως
1113 4747 1368 4816 ἐχόντων,
1403 4752 1476 4820 μὴ
1522 4753 1682 4824 εἴπῃς

151 4822 220 4883 ὡς.
257 4829 369 4883 ἐπεὶ
393 4835 420 4883 ὁ
443 4831 641 4902 παρὼν
678 4834 862 4887 κανὼν
890 4835 1461 4903 διορίζεταιέκείνους
1488 4822 1682 4910 βαπτί-

153 4912 300 4975 ζεσθαι
329 4924 451 4985 τοὺς
477 4923 901 4992 ἐνδειξαμένους
924 4927 1244 4998 προαίρεσιν
1297 4931 1510 5001 ἀγαθὴν
1576 4934 1679 5003 πρὸ

152 5006 227 5097 τῆς
251 5011 412 5075 νόσου,
467 5014 500 5084 ἢ
546 5014 671 5066 κατ’
727 5017 898 5084 αὑτὴν
951 5019 1052 5086 τὴν
1106 5021 1283 5084 νόσον,
1327 5023 1385 5086 ἐξ
1432 5027 1678 5097 ἀνάγκης

153 5096 311 5153 ἐκεῖνοι
335 5104 426 5156 καὶ
455 5105 823 5173 ἀποκάρσεως
854 5108 1274 5179 ἀξιωθήσονται,
1310 5114 1359 5163 of
1418 5118 1560 5169 κατά
1586 5096 1677 5171 τον

153 5189 304 5254 καιρὸν
333 5195 596 5266 τελευτῆς
633 5196 740 5265 πρὸ
774 5197 872 5265 τῆς
906 5198 1219 5264 τελευταίας
1272 5203 1548 5274 ἀναπνοῆς
1589 5213 1676 5261 ὲν-

152 5276 410 5350 δειξάμενοι
467 5287 736 5357 πρόθεσιν
799 5291 1177 5359 ἀποκάρσεως.
1234 5288 1394 5348 Οὗτοι
1441 5300 1548 5368 γὰρ
1581 5302 1674 5353 τοῦ

154 5368 468 5429 ἰςτιτιλευτίου
495 5377 713 5444 ἐφοδίου
755 5379 849 5432 τοῦ
881 5381 1171 5449 ἀγγελικοῦ
1209 5389 1486 5454 σχήματος
1531 5391 1679 5443 ἀδιαι-

154 5459 338 5524 ετίκτως
361 5465 782 5535 ἀξιωθήσονται,
821 5469 914 5520 ὲάν
945 5471 1081 5534 τέως
1109 5473 1365 5544 αἴσθησιν
1395 5475 1487 5527 τοῦ
1525 5495 1672 5543 γινο-

158 5550 280 5609 sive)
311 5555 487 5622 ἔχωσι.
512 5559 641 5619 Τοῖς
670 5559 769 5625 μὶν
791 5561 898 5630 γὰρ
931 5561 1255 5630 ὀρθοδάξοιςν
1295 5565 1368 5628 ὡς
1396 5567 1672 5631 “tum”

154 5636 226 5705 τὴν
253 5643 538 5709 μέλλουσαν
569 5648 755 5709 κρίσιν
785 5649 876 5701 τοῦ
905 5651 1063 5717 Θεοῦ,
1087 5655 1118 5723 ἡ
1146 5656 1404 5724 μετάνοια
1426 5659 1672 5724 σύνοικός

159 5730 374 5789 muni.
426 5740 532 5801 πᾶς
583 5741 911 5810 Χριστιανὸς
974 5747 1115 5799 κατά
1168 5748 1435 5824 πρόληψιν
1487 5752 1671 5814 ἔφεσιν

1785 4565 1906 4620 culo
1923 4566 2353 4636 baptizabuntur,
2379 4581 2598 4639 propter
2619 4573 2810 4624 bonam
2838 4588 3020 4625 eorum
3047 4573 3094 4624 in
3114 4576 3347 4626 sanitate

1786 4658 2163 4714 intentionem.
2207 4660 2339 4713 Cum
2391 4661 2502 4715 haec
2557 4673 2732 4716 autem
2783 4664 2849 4714 ita
2895 4678 2952 4715 se
2999 4663 3246 4721 habeant.
3281 4685 3347 4717 nt:

1784 4748 2009 4812 dixeris,
2041 4749 2180 4817 quod
2212 4751 2467 4820 quoniam
2516 4767 2751 4820 praesens
2790 4770 2959 4807 canon
3005 4757 3192 4808 statuit
3225 4757 3344 4810 illos

1781 4837 2171 4906 baptizaudos,
2224 4843 2316 4908 qui
2377 4844 2571 4897 bonam
2632 4845 2960 4897 voluntatem
3012 4849 3343 4901 ostenderint

1782 4941 1907 4984 ante
1945 4931 2213 4998 morbum,
2249 4933 2328 4987 vel
2369 4933 2421 4988 in
2457 4934 2572 5002 ipso
2612 4936 2838 4999 morbo;
2889 4937 2962 4988 illi
2992 4953 3204 5007 quoque
3251 4956 3344 4991 ue-

1780 5023 2021 5076 cessario
2067 5033 2344 5078 tonsuram
2393 5035 2773 5094 assequentur,
2824 5029 2912 5094 qui
2969 5038 3093 5082 ante
3135 5042 3342 5096 tempus

1781 5115 1970 5168 mortis
1994 5121 2048 5168 et
2078 5116 2305 5170 extremi
2330 5117 2572 5184 spiritus,
2607 5127 2662 5171 ut
2693 5118 3063 5182 tenderentur,
3095 5121 3338 5174 volunta—

1780 5215 1884 5258 tem
1921 5207 2281 5262 ostenderint.
2323 5208 2384 5261 Hi
2416 5208 2559 5262 enim
2589 5218 2889 5264 extremum
2935 5213 3158 5279 angelici
3199 5215 3337 5265 ami-

1777 5305 1895 5350 ctus
1937 5297 2187 5351 viaticum
2219 5297 2526 5352 indiStincte
2569 5313 2949 5367 assequentur,
2979 5304 3021 5356 si
3053 5301 3169 5372 ejus
3199 5306 3338 5369 quod

1780 5389 1836 5439 tit
1872 5404 2089 5443 sensum
2121 5391 2370 5444 habeant.
2403 5389 2734 5446 Orthodoxis
2768 5395 2937 5458 cnim,
2970 5403 3025 5445 ut
3061 5395 3151 5463 qui
3189 5393 3336 5448 futu-

1779 5495 1892 5532 rum
1938 5482 2027 5534 Dei
2057 5481 2314 5550 judicium
2343 5494 2579 5550 sperent,
2614 5487 2926 5553 paenitentia
2957 5487 3253 5550 cohabitat,
3283 5502 3336 5544 et

1775 5567 2002 5640 quilibet
2058 5559 2338 5642 proposito
2390 5574 2731 5630 Christianus
2781 5577 3072 5639 desiderat,
3129 5589 3188 5632 ut
3244 5593 3345 5647 per

1776 5674 2052 5719 tonsuram
2094 5667 2141 5720 ei
2190 5681 2284 5722 sua
2337 5681 2556 5737 peccata
2612 5671 2973 5728 remittantur.
3027 5671 3336 5725 lntidelibus

1775 5766 1950 5811 autem
1987 5772 2092 5810 non
2138 5765 2216 5812 est
2255 5758 2564 5815 necessario
2602 5773 2941 5829 consequens
2973 5760 3220 5827 baptismi
3248 5763 3338 5811 de-
