4000 6434
578 397 678 459 ιῖἴ)

1822 385 2099 447 'I'HEOD.
2142 370 2540 444 BAL'SAth

3696 378 3804 442 180

569 512 822 566 ιιὶιίετίιιηι
856 527 870 564 :
913 507 1081 577 magis
1118 519 1245 575 ergo
1279 503 1508 557 dicimus
1535 515 1720 555 eorum
1754 514 1874 554 esse
1908 481 2132 553 insum—

2253 506 2347 566 μχει
2406 497 2499 549 τοῦ
2541 495 2964 565 συγχωρηθῆναι
2998 494 3084 546 διά
3135 494 3234 561 τῆς
3292 492 3655 561 ἀποκάρσεως
3701 496 3806 550 τὰς

571 613 702 666 tmn,
755 610 811 652 ut
845 615 964 653 curn
1019 585 1233 665 propri'a
1278 592 1656 662 superstitione
1707 589 2026 646 moriantur,
2073 595 2128 639 et

573 705 819 748 sanctum
879 693 1040 744 etiam
1092 686 1415 756 baptismum
1479 683 1760 736 irrideant.
1822 679 1934 732 Nisi
1996 693 2124 746 ergo

573 788 892 840 ostendatur
917 798 1008 836 eos
1057 783 1180 834 dum
1208 787 1390 834 essent
1421 777 1560 838 sani,
1589 773 1847 842 baptizari
1878 770 2131 831 voluisse,

572 875 655 927 vel
682 876 869 928 saltem
895 874 1022 925 dum
1049 880 1327 934 merotant,
1351 869 1489 922 inter
1513 866 1843 919 moriendum
1870 862 2134 928 baptismo

571 966 714 1030 digiti
750 982 852 1018 non
889 963 1248 1016 habebantur.

2229 589 2510 658 ἁμαρτίας
2543 587 2709 640 αὑτοῦ
2730 602 2766 618 θ’
2788 590 2899 650 τοῖς
2923 587 2979 638 δέ
3004 586 3252 646 ἀπίστοις
3279 587 3380 637 οὐκ
3443 582 3504 647 ἐξ
3551 581 3809 648 ἀνάγκης

2230 681 2473 749 ἑπομένη
2497 678 2646 731 ἐστὶν
2679 679 2712 746 ἡ
2748 678 2933 745 ἔφεσις
2988 676 3084 728 τοῦ
3145 673 3558 743 βαπτίσματος·
3601 670 3807 739 μᾶλλον

2241 772 2339 841 μὲν
2367 771 2458 824 οὖν
2486 771 2625 824 κατὰ
2663 769 2932 840 πρόληψιν
2955 769 3189 837 λέγομεν
3210 766 3355 834 ἔχειν
3384 765 3582 823 αὐτοὺς
3614 765 3810 830 ἐφεσιν

2243 867 2384 932 μετά
2418 867 2514 934 τῆς
2548 864 2757 925 οἰκείας
2783 863 3080 932 θρησκείας
3107 861 3417 920 ἀποθανεῖν,
3449 856 3545 908 καὶ
3567 870 3812 920 καταγε-

2241 956 2338 1024 λᾷν
2371 956 2426 1008 δέ
2459 960 2551 1009 καὶ
2581 955 2674 1009 τοῦ
2713 956 2857 1007 θείου
2891 955 3283 1020 βαπτίσματος.
3308 952 3370 1003 Et
3403 947 3536 1016 γοῦν
3569 949 3630 1000 οὐ
3698 945 3812 998 δεί-

576 1075 765 1108 κνυται
801 1057 862 1108 τὸ
891 1057 1068 1110 οέλειν
1085 1055 1304 1115 τούτους
1324 1055 1380 1104 ἐν
1417 1051 1574 1118 ὑγεία
1597 1050 1754 1110 ὄντας
1777 1046 2157 1114 βαπτισθῆναι,
2200 1047 2232 1116 ἢ
2286 1048 2388 1100 κᾶν
2431 1052 2487 1103 ἐν
2514 1049 2591 1119 τῷ
2633 1047 3036 1118 νοσηλεύεσθαι,
3093 1047 3192 1100 οὐκ
3243 1042 3641 1112 ἀξιωθήσονται
3709 1036 3809 1091 τοῦ

575 1149 948 1218 βαπτὲσματος
988 1149 1074 1198 ὅτε
1106 1145 1446 1198 τελευτῶσιν.

644 1239 896 1293 ΖΟΝΑΠ.
943 1237 1040 1302 Qui
1091 1251 1155 1290 ex
1213 1235 1400 1288 morbo
1450 1234 1621 1286 aliove
1646 1232 1974 1286 “discrimine
2027 1241 2132 1285 tam

582 1334 716 1385 trale
742 1331 917 1384 aﬂ’ecti
947 1341 1089 1384 sunt.
1130 1341 1185 1380 ut
1220 1343 1397 1393 neque
1429 1341 1706 1380 sermones
1733 1327 2003 1382 conferre,
2038 1339 2137 1376 ηας

577 1439 717 1489 que,
775 1441 839 1474 an
891 1422 1152 1490 baptizari
1212 1422 1467 1487 eripiant,
1528 1419 1732 1485 roganti
1805 1417 2133 1483 respondere

569 1527 787 1583 queant,
826 1516 905 1566 ινα-Ι
936 1515 1096 1568 etiam
1138 1514 1209 1566 ita
1244 1513 1341 1564 sibi
1390 1512 1570 1564 animo
1613 1525 1717 1562 non
1763 1516 2030 1568 constent,
2075 1514 2133 1557 ut

571 1622 636 1659 ne
682 1623 742 1661 ea
773 1606 1010 1671 quidem,
1045 1619 1163 1670 quae
1199 1611 1476 1670 rogantur,
1518 1600 1853 1666 intelligant;
1891 1607 2000 1648 tum
2035 1596 2129 1650 de-

567 1713 711 1751 mum
751 1696 1011 1763 baptizari
1056 1704 1288 1761 oportet,
1338 1695 1380 1747 si
1433 1708 1490 1746 se
1538 1690 1796 1758 baptizari
1844 1687 1978 1742 velle
2023 1702 2125 1739 non

567 1787 811 1840 obscuris
854 1798 1010 1839 antea
1053 1786 1262 1838 iudiciis
1292 1783 1662 1852 probaverint,
1697 1793 1863 1846 seque
1909 1779 2128 1845 proprio

567 1879 803 1947 periculo
835 1878 1159 1945 baptismum
1187 1890 1426 1944 miserere
1461 1875 1714 1935 dixerint,
1748 1873 1818 1922 ita
1852 1870 2126 1931 nimirum,

569 1975 628 2019 ut
662 1966 762 2018 nisi
810 1965 928 2018 lidei
965 1964 1261 2030 tlepositutn
1294 1961 1708 2018 cnstodiverint,
1753 1957 1851 2024 ipsi
1897 1956 1948 2008 in
1980 1953 2128 2022 peri-

566 2058 744 2110 eulum
770 2058 1002 2110 veniant.
1024 2055 1176 2120 Quod
1202 2056 1245 2107 si
1268 2053 1334 2104 ab
1364 2053 1564 2119 aliquo,
1599 2052 1908 2117 priusquam
1935 2047 2124 2099 morbo

570 2159 922 2217 premeretur,
961 2147 1282 2214 baptismum
1329 2142 1675 2208 postulatum,
1728 2138 1997 2206 aliquibus
2043 2146 2128 2187 ta-

2317 1231 2560 1290 ZQNAP,
2597 1230 2734 1291 Τοὺς
2776 1231 2840 1283 ἐκ
2890 1229 3062 1282 νόσων
3098 1229 3130 1298 ἧ
3162 1243 3323 1280 τινων
3372 1222 3813 1288 συμπτωμάτων

2242 1324 2426 1384 κακῶς
2451 1324 2690 1392 ἔχοντας,
2718 1321 2858 1374 ὥστε
2885 1321 2958 1391 μὴ
2985 1317 3488 1385 δύνασθαιόμιλεῖν,
3520 1315 3643 1382 μηδ’
3668 1315 3814 1365 ἀπο-

2239 1416 2516 1484 κρίνεσθαι
2549 1414 2951 1482 ἐρωτωμένους,
2985 1415 3031 1464 εί
3077 1411 3349 1480 βούλοιντο
3413 1404 3810 1475 βαπτισθῆναι,

2236 1507 2268 1574 ἢ
2305 1510 2396 1560 καὶ
2421 1511 2512 1558 τὸν
2539 1506 2663 1559 νοῦν
2700 1508 2830 1569 ἴσως
2882 1504 3312 1575 βεϐλαμμένους,
3361 1502 3437 1564 ώς
3469 1496 3608 1567 μηδέ
3664 1497 3816 1548 νοεῖν

2235 1601 2269 1654 ἃ
2304 1601 2642 1668 ἐρωτῶνται,
2668 1601 2789 1652 τότε
2829 1599 2933 1669 χρὴ
2986 1597 3289 1666 βαπτίζειν,
3344 1595 3434 1646 ὅτε
3481 1587 3816 1658 προαίρεσιν

2234 1689 2504 1752 δείξουσιν
2559 1689 2608 1742 εί
2661 1687 2933 1757 βούλοιντο
2986 1685 3391 1756 βαπτισθῆναι·
3453 1679 3551 1733 καὶ
3606 1676 3820 1729 εἴπωσι

2234 1779 2460 1848 κινδύνῳ
2495 1779 2608 1848 ίδίῳ
2637 1779 2819 1848 ζητεῖν
2870 1778 2930 1831 τὸ
2973 1777 3272 1846 βάπτισμα,
3306 1773 3467 1835 ὥστε,
3496 1771 3546 1822 εἰ
3582 1767 3656 1837 μὴ
3707 1763 3820 1832 τὴν

2232 1869 2412 1924 πίστιν
2463 1869 2807 1936 φυλάξουσιν,
2845 1869 3040 1932 αὐτοὺς
3091 1863 3442 1919 κινδυνεύειν.
3478 1861 3537 1914 El
3564 1859 3620 1910 δὲ
3656 1871 3819 1924 μαρ-

2233 1962 2479 2027 τυρεῖται
2508 1961 2588 2012 ὅτι
2639 1960 2732 2011 καὶ⁵
2780 1959 2887 2027 πρὸ
2920 1959 3014 2025 τῆς
3039 1956 3323 2015 ἀσθενείας
3384 1952 3566 2018 ἐζήτει
3617 1946 3678 1999 τδ
3707 1943 3819 2010 βά⁴

2233 2065 2467 2118 πτισμα,
2530 2051 2884 2118 ὑπερετίθετο
2911 2050 2965 2101 δὲ
2997 2049 3066 2101 δι’
3097 2047 3279 2105 αίτίας
3329 2042 3504 2102 τινὰς,
3536 2039 3629 2091 καὶ
3661 2039 3815 2096 τότε,

2237 2137 2343 2190 κᾶν
2383 2139 2456 2207 μὴ
2480 2137 2707 2209 δύνηται
2734 2136 3149 2207 ἀποκρίνεσθαι,
3183 2131 3637 2202 βαπτισθήσεται.

571 2255 784 2294 ntenex
819 2239 997 2293 causis
1023 2237 1245 2290 dilatum
1302 2234 1489 2296 fuisse,
1552 2240 1802 2285 testatum
1845 2230 1947 2287 sit;
1996 2228 2290 2293 hominem,
2331 2231 2582 2298 quamvis
2650 2231 2979 2299 respondere
3014 2229 3221 2295 nequit,
3275 2220 3628 2278 nihilominus
3707 2213 3821 2268 ba-

570 2334 761 2403 ptizari
794 2334 987 2402 placet.

570 2427 796 2482 ARIST.
841 2447 859 2478 ι
915 2425 1013 2491 Qui
1071 2433 1290 2494 prepter
1344 2422 1711 2476 infirmitatem
1771 2432 1868 2487 pro
1923 2432 1983 2472 se
2031 2430 2135 2469 non

650 2537 668 2567 ι
711 2519 1019 2583 respondet,
1062 2526 1188 2569 tunc
1235 2513 1580 2580 baptizatur,
1629 2525 1749 2563 cum
1800 2524 1896 2563 sua
1941 2520 2138 2577 sponte

647 2627 665 2658 ι
707 2608 1069 2660 testimonium
1105 2593 1330 2658 tletlcrit.
1373 2621 1386 2632 ’

644 2701 868 2766 Oportet
903 2713 1020 2751 eum
1069 2696 1158 2765 qui
1209 2695 1512 2762 baptizatur
1558 2692 1782 2762 gratiam
1828 2689 2134 2759 percipere,

571 2802 621 2843 et
661 2789 882 2858 mystice
914 2789 1242 2854 interrogata
1275 2784 1596 2852 intelligere,
1626 2791 1681 2834 et
1712 2780 1776 2832 ad
1806 2795 1868 2832 ea
1903 2794 2125 2846 respon-

568 2883 718 2935 dere.
767 2881 822 2934 Si
859 2881 980 2947 quis
1026 2886 1203 2929 autem
1235 2892 1377 2939 eum,
1414 2875 1503 2942 qui
1554 2873 1881 2942 respondere
1926 2869 2128 2937 nequit,

572 2983 755 3038 utpote
783 2969 1075 3026 infirmum.
1120 2966 1385 3034 baptizari
1435 2966 1604 3032 cupit,
1640 2973 1769 3016 tunc
1803 2961 2128 3028 baptizetur,

569 3062 786 3132 quando
834 3061 943 3123 ille,
984 3060 1071 3124 qui
1101 3060 1200 3110 hoc
1253 3057 1420 3121 cupit,
1467 3070 1566 3108 suo
1617 3053 1854 3120 periculo
1898 3061 2130 3104 testatus

569 3150 751 3213 fuerit,
776 3164 834 3204 se
860 3161 1048 3203 exacte
1079 3147 1276 3200 inﬁrmi
1315 3146 1457 3199 scire
1491 3143 1840 3203 voluntatem,
1872 3141 2012 3208 quod
2042 3139 2137 3190 ba-

567 3245 824 3312 ptismum
860 3242 912 3295 in
945 3239 1226 3295 desideriis
1254 3237 1470 3298 habeat,
1508 3245 1561 3288 et
1604 3232 1777 3285 adhuc
1820 3231 2137 3283 desiderans

570 3316 804 3387 maneat.

992 3424 1154 3492 572
1187 3418 1415 3475 CANON
1459 3416 1644 3471 xux.

577 3537 597 3568 ι
639 3517 712 3570 De
752 3513 980 3569 scenicis
1015 3513 1385 3582 ptemteutiam
1431 3508 1713 3575 agentibus
1745 3515 1800 3559 et
1849 3505 1913 3556 ad
1959 3503 2137 3556 Domi-

647 3626 665 3657 ι
702 3623 826 3660 nttm
862 3603 1156 3659 c0nversis.
1195 3598 1264 3655 Ut
1289 3599 1523 3654 scenicis
1548 3609 1602 3650 et
1634 3595 1810 3648 mimis
1835 3603 1887 3648 et
1919 3593 2139 3660 reliquis

644 3718 661 3748 ι
697 3696 959 3764 ejusmodi
1009 3691 1271 3760 personis,
1308 3690 1392 3743 vel
1443 3687 1724 3757 apostatis,
1761 3684 2137 3752 paenitentiam

646 3806 665 3838 ι
704 3783 1003 3855 agentibus,
1029 3790 1083 3834 et
1104 3795 1162 3833 se
1193 3780 1258 3832 ad
1287 3777 1451 3830 Deum
1479 3773 1940 3838 convertentibus,
1967 3770 2139 3839 gratia

649 3897 666 3933 ς
706 3875 788 3929 Vel
821 3872 1185 3928 reconciliatio
1213 3884 1320 3923 non
1354 3878 1596 3922 necetur.
1639 3884 1658 3917 ι

651 4053 845 4110 BALS.
898 4051 1106 4107 Scenici
1137 4059 1190 4105 et
1223 4050 1369 4103 mimi
1397 4057 1545 4112 sunt,
1578 4061 1682 4101 non
1713 4045 2008 4116 thymelici,
2047 4043 2138 4112 qni

573 4159 764 4201 cantus
791 4144 1167 4213 epitltalamios
1192 4158 1311 4194 cum
1333 4141 1550 4194 musicis
1574 4149 1778 4192 canunt
1812 4139 2143 4190 instrumen-

576 4243 667 4303 tis,
699 4239 734 4293 ii
765 4238 904 4291 cnim
932 4234 1294 4302 Sltttlintegrz'e
1324 4230 1739 4284 existimationis
1763 4246 1774 4280 :
1802 4229 1895 4281 sed
1927 4227 2141 4280 Ιιῖειι-ίο.

575 4349 669 4393 nes
700 4345 761 4383 ac
789 4330 1050 4390 ludiones,
1083 4325 1173 4392 qui
1209 4337 1395 4377 servos
1425 4334 1478 4375 et
1507 4322 1704 4375 milites
1732 4331 1784 4374 et
1814 4318 2064 4372 mulieres
2089 4326 2144 4371 et

2239 2415 2462 2470 ΑΡΙΣΤ.
2500 2432 2518 2465 ι
2573 2414 2632 2465 '0
2672 2414 2740 2465 δι’
2766 2412 3049 2465 ἀσθένειαν
3086 2407 3159 2478 μὴ
3187 2403 3623 2474 ἀποκρινόμενος
3662 2396 3819 2467 ὑπὲρ

2317 2526 2337 2559 ι
2377 2505 2570 2560 ἑαυτοῦ
2602 2505 2720 2558 τότε
2745 2501 3111 2572 βαπτιζὲσθω,
3140 2500 3267 2550 ὅταν
3304 2499 3369 2565 τῇ
3402 2491 3564 2546 αὐτοῦ
3605 2506 3817 2561 προαι-

2321 2619 2340 2651 ι
2377 2600 2527 2667 ρέσει
2557 2596 2631 2665 δῷ
2657 2597 2757 2665 τὴν
2784 2592 3116 2663 μαρτυρίαν.
3152 2607 3168 2640 ι

2314 2694 2405 2744 Δεῖ
2424 2691 2514 2743 τὸν
2542 2687 2941 2758 βαπτιζόμενον
2969 2686 3065 2749 τῆς
3091 2681 3312 2750 χάριτος
3352 2673 3820 2736 ἐπαισθάνεσθαι,

2242 2784 2340 2838 καὶ
2367 2783 2434 2836 τὰ
2472 2778 2755 2850 μυστικῶς
2796 2773 3129 2845 ἐρωτώμενα
3165 2768 3421 2825 συνιέναι,
3448 2768 3544 2819 καὶ
3575 2763 3826 2833 ἀποκρί-

2239 2872 2428 2926 νεσθαι
2469 2869 2607 2940 πρὸς
2653 2867 2818 2920 αὑτά.
2871 2865 2933 2917 Ei
2985 2863 3040 2915 δέ
3085 2879 3169 2922 τις
3215 2859 3308 2912 τὸν
3383 2858 3459 2926 μὴ
3513 2857 3825 2920 δυνάμενον

2245 2962 2638 3032 ἀποκριθῆναι,
2673 2959 2750 3020 ώς
2792 2953 3143 3013 ἀσθενοῦντα,
3185 2951 3408 3004 ἀπαιτεῖ
3429 2947 3821 3016 βαπτισθῆναι,

2239 3056 2360 3109 τότε
2395 3051 2759 3121 βαπτιζέσθω,
2820 3050 2949 3100 ὅταν
2993 3045 3177 3104 αύτδς,
3227 3045 3255 3094 ὁ
3319 3040 3479 3092 τοῦτο
3536 3036 3822 3094 ἀπαιτῶν,

2166 3112 2207 3163 c
2244 3112 2475 3208 κινδύνῳ
2509 3142 2624 3208 ἰδίῳ
2654 3136 3098 3206 διαμαρτύρηται
3137 3132 3237 3200 τὴν
3281 3129 3447 3182 αὑτοῦ
3477 3126 3704 3195 γνώμην
3732 3127 3825 3177 εί-

2241 3237 2388 3290 δέναι
2438 3231 2678 3302 ἀκριϐῶς
2741 3223 3262 3286 τοῦνάσθενοῦντος,
3320 3220 3397 3281 ώς
3450 3217 3697 3288 ἐπζητεῖ
3757 3215 3825 3275 τὸ

2241 3327 2545 3395 βάπτισμα,
2589 3318 2683 3372 καὶ
2704 3317 2950 3386 ἐπιμένει
2977 3313 3176 3367 ποθῶν.

2803 3404 3039 3460 ΚΑΝΩΝ
3069 3399 3202 3459 ΜΘ’.

2251 3530 2268 3560 ι
2314 3509 2449 3576 Περὶ
2500 3500 2775 3572 σκηνικῶν
2838 3495 3245 3566 μετανοούντων
3302 3491 3398 3544 καὶ
3453 3485 3825 3556 ἐπιστρεφόν-

2317 3621 2336 3651 ι
2372 3616 2478 3650 των
2521 3595 2659 3664 πρὸς
2689 3593 2777 3644 τὸν
2834 3590 3060 3658 Κύριον.
3118 3586 3284 3638 Ὥστε
3349 3585 3460 3642 τοῖς
3531 3577 3818 3646 σκηνικοῖς

2320 3710 2338 3743 ι
2376 3692 2467 3743 καὶ
2522 3689 2705 3757 μίμοις
2768 3683 2863 3736 καὶ
2926 3682 3038 3742 τοῖς
3097 3678 3304 3736 λοιποῖς
3380 3671 3824 3737 τοιουτοτρόποις

2319 3798 2337 3830 ι
2382 3775 2720 3848 προσώποις,
2751 3772 2782 3839 ἢ
2815 3769 3173 3828 ἀποστάταις,
3214 3763 3538 3834 μετανοοῦσι
3577 3762 3670 3812 καὶ
3694 3762 3826 3810 ἐπι-

2320 3889 2339 3921 (
2379 3867 2672 3937 στρέφουσι
2696 3865 2834 3933 πρὸς
2864 3863 2952 3915 τον
2984 3861 3138 3921 Θεὸν,
3200 3857 3358 3926 χάριν
3400 3856 3432 3923 ἢ
3466 3851 3824 3920 καταλλαγὴν

2319 3979 2338 4011 ι
2379 3963 2453 4029 μὴ
2482 3955 2790 4027 ἀρνεῖσθαι.
2835 3971 2850 4002 i

2314 4051 2510 4103 ΒΑΛΣ.
2543 4045 2799 4112 Σκηνικοὶ
2818 4042 2912 4096 καὶ
2937 4041 3088 4110 μῖμοί
3116 4044 3256 4091 εἰσιν
3281 4038 3403 4106 οὐχὶ
3429 4039 3477 4088 ot
3503 4033 3825 4102 θυμελικοὶ,

2244 4145 2293 4196 οἱ
2324 4143 2422 4204 τὰς
2459 4138 2853 4204 ἐπιθαλαμίους
2880 4133 3019 4204 ᾠδὰς
3061 4132 3196 4198 μετὰ
3251 4127 3528 4197 μουσικῶν
3561 4126 3825 4194 ὀργάνων

2247 4236 2486 4304 ᾅδοντεςθ
2518 4224 2665 4283 οὗτοι
2699 4229 2808 4295 γὰρ
2844 4224 3052 4291 ἐντιμοί
3085 4225 3226 4274 εἰσιν
3251 4237 3266 4252 ο
3305 4220 3441 4271 ἀλλά
3463 4219 3511 4269 ei
3544 4217 3827 4283 παιγνιῶ-

2246 4343 2356 4388 ται,
2392 4325 2439 4374 oi
2470 4321 2691 4380 δούλους
2733 4318 2824 4370 καὶ
2872 4311 3210 4379 στρατιώτας
3265 4311 3357 4363 καὶ
3399 4311 3666 4376 γυναῖκας
3722 4309 3827 4360 καὶ

575 4423 712 4475 alias
743 4421 1003 4488 quasdam
1038 4431 1298 4484 personas
1329 4415 1627 4474 imitantur,
1664 4421 1717 4464 et
1754 4411 1802 4462 in
1840 4409 2030 4462 facient
2062 4407 2136 4460 fe-

2253 4418 2410 4485 ἐτερα
2483 4413 2751 4483 πρόσωπα
2822 4406 3169 4474 μιμούμενοι,
3250 4404 3344 4454 καὶ
3407 4401 3547 4454 κατὰ
3611 4401 3827 4470 κὸρῤης

577 4517 743 4567 riunt.
779 4510 931 4563 Sicut
969 4510 1069 4561 hoc
1103 4521 1167 4558 ex
1207 4505 1379 4571 primo
1423 4515 1476 4556 et
1508 4511 1702 4570 quarto
1737 4501 1934 4568 capite,
1985 4502 2066 4553 tit.
2104 4499 2140 4552 2

575 4604 670 4656 lib.
725 4615 814 4652 χχι
870 4597 1085 4650 Basilio.
1136 4592 1457 4648 ostenditur.
1513 4590 1710 4643 Dicunt
1759 4605 1888 4657 ergo
1930 4589 2139 4650 Patres,

575 4707 764 4744 omnes
789 4691 877 4756 qui
911 4689 988 4742 sic
1015 4693 1259 4755 peccant,
1296 4691 1350 4738 et
1385 4693 1586 4736 temere
1616 4695 1678 4733 ac
1711 4680 1846 4733 citra
1877 4679 2140 4733 delectum

577 4783 742 4835 \itam
793 4778 1118 4842 instituunt;
1156 4775 1285 4843 quin
1334 4784 1388 4827 et
1423 4780 1720 4842 apostatas,
1774 4771 1875 4823 hoc
1917 4780 2017 4833 est,
2051 4785 2143 4823 eos

576 4872 668 4940 qui
691 4867 1159 4924 Christianismum
1185 4865 1610 4932 abnegaverunt,
1645 4861 1708 4914 ad
1745 4862 1908 4915 Deum
1937 4875 1996 4914 se
2023 4874 2148 4914 con-

580 4973 873 5021 vertentes,
903 4975 994 5012 seu
1024 4955 1392 5025 pwnitentiam
1419 4963 1661 5020 agentes,
1689 4968 1792 5005 non
1817 4967 1936 5005 esse
1959 4967 2148 5004 aman-

582 5057 805 5111 tlaudOs,
842 5048 935 5103 sed
969 5049 1049 5102 eis
1082 5049 1313 5100 dandam
1348 5061 1468 5099 esse
1497 5045 1727 5113 gratiam
1765 5059 1856 5097 seu
1897 5054 2147 5112 peccato-

581 5161 697 5197 rum
725 5140 1115 5199 remissionem,
1135 5150 1187 5192 et
1207 5137 1704 5191 reconciliationem
1730 5136 1842 5189 sive
1867 5150 2144 5203 pinnarum

582 5235 926 5293 solutionem.

652 5326 902 5381 ZONAR.
957 5324 1126 5379 Scena
1179 5322 1410 5377 imitatio
1458 5323 1672 5375 dicitur.
1719 5319 1819 5385 Qui
1851 5335 1977 5386 ergo
2010 5335 2150 5369 nunc

590 5423 772 5483 duces,
803 5433 944 5472 nunc
990 5431 1197 5479 servos,
1241 5429 1384 5468 nunc
1434 5413 1532 5466 alia
1569 5428 1915 5480 personarum
1953 5424 2148 5478 genera

590 5510 890 5569 imitantur,
921 5507 1117 5561 scenici
1157 5506 1522 5558 nominantur.
1559 5502 1629 5555 Ex
1657 5503 1756 5555 hoc
1784 5515 2028 5560 numero,
2062 5499 2149 5566 qui

591 5614 771 5654 coram
802 5596 1214 5664 imperatoribus
1245 5604 1411 5648 artem
1441 5594 1769 5652 factitarent,
1799 5592 1942 5659 leges
1968 5590 2153 5643 civiles

593 5692 644 5752 in
678 5690 877 5745 honore.
910 5687 1144 5740 ltabnet‘e
1183 5704 1194 5737 :
1227 5689 1316 5755 qui
1355 5701 1482 5739 vero
1526 5685 1578 5735 in
1626 5683 1839 5751 publico
1872 5691 2010 5734 cmtn
2047 5683 2154 5748 plc-

596 5781 901 5860 bcettlthue
975 5779 1322 5833 conventibus
1385 5776 1718 5832 ltistriOniam
1792 5783 2149 5834 exercerent,

2245 4504 2592 4573 τυπτόμενοι·
2627 4499 2811 4559 καθὼς
2841 4496 3001 4549 τοῦτο
3021 4496 3356 4561 παρίσταται
3388 4491 3495 4544 ἀπὸ
3523 4490 3617 4542 τοῦ
3652 4496 3699 4542 α’
3725 4492 3830 4543 καὶ

2246 4596 2287 4652 δ’
2323 4614 2448 4662 κεφ.
2477 4594 2571 4646 τοῦ
2604 4589 2648 4661 β’
2671 4590 2851 4643 τίτλον
2878 4587 2969 4639 τοῦ
2999 4584 3085 4638 κα⁹
3105 4585 3313 4655 βιϐλίου
3345 4582 3455 4633 τῶν
3479 4579 3827 4633 Βασιλικῶν.

2244 4689 2383 4740 Φασὶ
2408 4683 2541 4752 γοῦν
2571 4684 2620 4733 οἱ
2656 4680 2898 4748 Πατέρες
2921 4678 3128 4737 πάντας
3160 4675 3286 4735 τοὺς
3308 4673 3376 4723 τά
3392 4671 3616 4722 τοιαῦτα
3639 4673 3821 4739 ἁμαρ-

2247 4781 2534 4836 τάνοντας,
2563 4769 3001 4836 καὶσάδιαφόρως
3041 4767 3274 4828 ζῶντας,
3307 4763 3442 4814 ἀλλά
3462 4762 3567 4831 μὴν
3581 4762 3674 4814 καὶ
3696 4763 3833 4824 τοὺς

2249 4871 2587 4929 ἀποστάτας,
2622 4860 3020 4920 τουτέστιτοὺς
3055 4855 3475 4926 ἀρνησαμένους
3523 4855 3614 4905 τὸν
3689 4853 3835 4921 Χρι-

2254 4960 2608 5026 στιανισμὸν,
2653 4953 3082 5021 ἐπιστρέφοντας
3133 4948 3267 5016 πρὸς
3315 4946 3449 4998 Θεὸν
3481 4945 3603 5012 ἦτοι
3659 4961 3825 5011 μεταε

2254 5049 2528 5108 νοοῦντας,
2587 5044 2659 5113 μὴ
2702 5037 3156 5109 ἀποπέμπεσθαι,
3199 5035 3333 5087 ἀλλὰ
3386 5035 3586 5086 διδόναι
3642 5035 3834 5094 αὐτοῖς

2255 5142 2435 5208 χάριν,
2462 5139 2631 5205 ἡγουν
2654 5135 2847 5200 ἄφεσιν
2870 5129 2977 5181 τῶν
3003 5125 3309 5194 ἁμαρτιῶν,
3341 5123 3433 5174 καὶ
3456 5122 3831 5192 καταλλαγὴν,

2256 5229 2376 5296 ἦτοι
2407 5224 2561 5276 λύσιν
2587 5224 2696 5274 τῶν
2733 5220 3050 5287 ἐπιτιμίων.

2326 5316 2570 5369 ΖΩΝΑΡ.
2623 5311 2804 5379 Σκηνὴ
2863 5311 3082 5376 λέγεται
3132 5308 3514 5378 ἡύπόκρισις.
3573 5305 3635 5356 Οί
3697 5305 3822 5370 γοῦε

2258 5407 2681 5478 ὑποκρινόμενοι
2739 5401 2868 5453 ποτὲ
2931 5405 3297 5471 στρατη·ίοῦς,
3387 5398 3518 5450 ποτὲ
3579 5395 3831 5458 δούλους,

2260 5500 2389 5553 ποτὲ
2437 5499 2481 5549 δ’
2543 5497 2707 5565 ’ἐτερα
2772 5493 3066 5561 πρόσωπα,
3133 5490 3491 5557 ὀνομάζονται
3555 5487 3833 5555 σκηνικοί.

2260 5591 2476 5643 Τούτων
2503 5588 2559 5639 δὲ
2586 5587 2712 5645 τοὺς
2749 5583 2847 5652 μὲν
2891 5583 3122 5635 ἐνώπιον
3161 5579 3431 5650 βασιλέων
3477 5577 3656 5628 ταῦτα
3696 5578 3835 5627 ὐπο-

2262 5679 2617 5749 κρινομένους
2666 5674 2914 5743 ἐντίμους
2968 5672 3184 5742 ἔχουσιν
3217 5672 3267 5721 οἱ
3318 5669 3476 5736 νόμοι
3533 5666 3636 5735 τῆς
3676 5667 3835 5718 πολι.

2267 5772 2434 5832 τείας·
2474 5770 2592 5827 τοὺς
2632 5767 2686 5820 δὲ
2738 5769 2794 5820 ἐν
2857 5763 3198 5832 πανηγίρεσι
3257 5764 3348 5811 καὶ
3401 5759 3585 5826 δήμων
3644 5756 3830 5820 ἄλλοις
