4000 6468
514 398 610 466 191

1760 393 2018 452 ΪΙΙΕΟυ.
2059 391 2451 451 BALSAMON

590 533 610 564 ι
645 509 1004 566 ecclesiastico
1053 508 1355 558 admonitus
1391 521 1491 557 nou
1543 512 1776 557 mutatus
1799 513 1901 566 est,
1952 516 2046 552 au-
2080 500 2128 556 Α

590 620 609 651 ι
647 599 897 654 ‹·ιοι·ἰιιι1ε
939 597 1220 665 jttdiriaria
1263 596 1629 662 prohibeatur.
1672 611 1688 642 ι

585 692 684 755 Qui
718 691 785 742 ab
816 687 1128 741 ortbodoxis
1169 686 1488 751 baptizatur,
1521 693 1608 734 aut
1635 683 1933 746 ordinatur,
1976 695 2062 736 se-

515 782 746 835 runduut
788 780 1099 845 baptismum
1180 786 1271 826 :ntt
1326 775 1610 827 secundum
1660 775 2054 827 ordinationem

517 888 619 923 nou
661 871 862 936 recipit.
895 869 994 921 Sed
1020 879 1074 920 et
1106 868 1258 927 illud.
1284 868 1348 918 ab
1399 880 1500 917 uua
1529 865 1748 920 civitate
1775 867 1839 918 ad
1873 866 2064 917 civita-

517 973 620 1012 teut
654 962 806 1012 aliam
839 959 1113 1011 transferri
1147 961 1487 1026 episcopum,
1521 972 1572 1012 et
1602 972 1835 1027 prxesens
1861 971 2060 1018 canon,

513 1058 567 1101 rt
591 1048 677 1101 alii
712 1063 816 1100 non
843 1048 995 1114 pauci
1027 1048 1358 1102 diversarum
1392 1052 1716 1120 synodorum
1746 1047 2052 1116 prohibent.

518 1138 617 1191 llic
658 1140 838 1203 itaque
861 1137 1182 1189 Cresconius
1217 1138 1499 1207 episcopus
1525 1179 1538 1203 ,
1572 1154 1719 1192 suam
1755 1138 2062 1204 relinquens

517 1228 809 1282 Ecclesiam
842 1237 934 1278 aut
968 1229 1254 1292 paroeciam
1283 1269 1295 1292 ,
1337 1239 1387 1282 et
1434 1231 1499 1282 ad
1549 1232 1870 1282 (Jeneenscm
1920 1237 2065 1280 trau-

517 1317 698 1369 silieus
728 1316 1021 1370 Ecclesiam
1050 1353 1064 1377 ,
1097 1327 1151 1369 et
1199 1318 1392 1384 saepius
1438 1319 1667 1370 fraterne
1701 1318 2001 1370 admonitus
2035 1331 2063 1367 a

516 1409 874 1462 ronfratribus
909 1416 962 1460 et
1014 1409 1392 1462 comministris
1435 1409 1544 1461 suis
1590 1423 1704 1460 eam
1763 1409 2066 1474 relinquere

517 1498 830 1558 I‘Icclesiam,
864 1505 915 1550 et
947 1512 1046 1549 non
1083 1512 1390 1563 persuasus,
1423 1498 1597 1550 effecit
1627 1507 1683 1549 ut
1714 1507 1765 1550 et
1791 1498 1939 1550 inviti
1977 1512 2063 1549 re.

518 1586 688 1646 pinnis
735 1587 1099 1653 magistratum
1157 1587 1386 1652 adirent,
1435 1589 1692 1654 abeoque
1742 1587 2056 1640 auct0ritale

515 1673 794 1740 iudiciaria
833 1674 1137 1741 pelleretur.

1080 1847 1309 1901 CANON
1370 1846 1500 1903 LIII.

523 1956 544 1985 ι
582 1937 719 2002 Quot
777 1939 1008 2006 episcopi
1069 1941 1372 2007 episcopum
1408 1941 1658 1994 ordinare
1713 1940 1924 1993 debent.
1955 1940 2064 2002 lIo_

596 2045 613 2074 ι
660 2036 877 2078 noratus
929 2037 982 2079 et
1033 2027 1282 2080 Urbanus
1325 2029 1558 2094 epis-cepi
1596 2028 1872 2092 dixerunt;
1932 2029 2066 2082 Illud

602 2134 619 2164 ι
654 2129 865 2181 quoque
911 2116 1065 2168 nobis
1117 2116 1423 2169 mandatum
1451 2124 1552 2167 est.
1594 2115 1726 2180 Quia
1768 2133 1828 2170 ex
1883 2116 2070 2171 vicinis

593 2221 614 2251 ι
655 2207 756 2258 ιΙιιο
789 2204 983 2256 fratres
1018 2205 1185 2257 nostri
1229 2204 1487 2256 Numidiae
1520 2206 1755 2273 episcopi
1807 2207 2062 2260 sacerdo—

599 2311 615 2340 ‹
660 2305 762 2344 lt'llt
796 2293 1045 2345 ordinare
1101 2293 1212 2346 ausi
1248 2301 1410 2351 sunt.
1455 2292 1663 2345 nonnisi
1717 2307 1744 2344 a
1781 2293 2058 2348 duodecim

597 2401 612 2430 ι
659 2381 767 2434 fleri
819 2382 1015 2435 debere
1059 2382 1451 2434 ordinationem
1486 2382 1769 2436 censeatis.
1821 2384 2071 2439 Aurelius

595 2490 615 2522 ι
655 2473 933 2539 cpiscOpns
970 2472 1134 2533 dixit;
1183 2472 1418 2537 Antiqua
1453 2471 1620 2523 forma
1646 2475 1968 2535 servabitur,
2014 2485 2072 2527 ut

598 2579 614 2607 ι
656 2575 759 2612 non
794 2562 1071 2628 pauciores
1095 2576 1252 2625 quam
1300 2571 1404 2614 tres
1433 2563 1709 2614 constituti
1744 2566 1807 2615 ad
1841 2565 2067 2633 episcopi

595 2673 616 2703 ι
650 2652 1046 2707 ordinationem
1095 2653 1355 2707 sullicianl
1384 2671 1396 2715 ;
1434 2669 1498 2706 eo
1530 2656 1668 2721 quod
1704 2656 1899 2722 Tripoli
1933 2656 2070 2711 forte

606 2762 622 2790 ι
664 2752 718 2795 et
759 2745 947 2796 Arzuas
995 2743 1236 2795 barbarae
1291 2742 1494 2795 scilicet
1533 2755 1714 2811 gentes
1762 2761 1925 2814 pmpe
1957 2747 2072 2801 siue

601 2851 616 2881 1
655 2842 798 2884 sunt.
831 2831 1029 2899 Tripoli
1065 2840 1240 2884 autem
1271 2831 1526 2899 quinque,
1575 2834 1715 2900 iique
1746 2836 1847 2887 soli
1899 2846 2026 2888 sunt
2055 2879 2068 2901 ,

596 2941 615 2970 ι
654 2932 709 2973 ιιι
743 2922 912 2982 scitis,
957 2920 1195 2988 episcopi
1236 2937 1248 2970 :
1293 2933 1346 2972 et
1379 2921 1489 2972 fleri
1525 2930 1693 2987 potest
1738 2933 1792 2974 ut
1842 2940 1977 2989 sa'pe
2006 2941 2069 2979 ex

604 3027 620 3058 ι
657 3025 720 3062 eo
751 3025 972 3062 numero
1013 3012 1116 3060 duo
1162 3009 1335 3076 aliqua
1372 3012 1686 3063 necessitate
1715 3013 2070 3068 detineantur.

605 3119 621 3148 ι
668 3099 756 3152 Est
797 3101 932 3150 enim
963 3097 1195 3158 ιὶἱίῐῑισίιο,
1231 3109 1284 3150 ut
1314 3115 1377 3152 ex
1407 3101 1593 3168 quovis
1626 3115 1844 3153 nurnero
1876 3103 2073 3166 possint
2100 3104 2144 3164 C

603 3208 622 3242 ι
665 3206 849 3242 omnes
880 3189 1104 3246 adesse;
1145 3203 1198 3242 et
1244 3193 1341 3243 IIOC
1377 3209 1477 3242 non
1512 3192 1668 3245 debet
1701 3192 2074 3257 impedimento

602 3302 618 3328 ι
658 3296 774 3334 esse
801 3282 1016 3334 utilitati
1057 3282 1324 3335 Evt-leum.
1359 3281 1487 3332 Nam
1523 3291 1574 3334 et
1605 3283 1657 3333 in
1687 3281 1785 3334 hac
1813 3281 2072 3348 Ecclesia,

615 3389 630 3417 ι
672 3371 736 3421 ad
770 3386 926 3436 quam
981 3381 1156 3423 vestra
1220 3372 1476 3423 sanctitas
1528 3372 1812 3424 convenire
1863 3372 2073 3438 dignata

610 3476 629 3506 ι
671 3469 770 3517 est,
813 3459 1160 3525 frequentius,
1188 3470 1239 3512 et
1275 3460 1385 3511 fere
1421 3461 1504 3512 die
1539 3459 1827 3516 dominico.
1864 3461 1952 3523 qui
1987 3475 2076 3510 or-

612 3568 630 3598 ι
675 3550 941 3609 dinantur,
997 3550 1278 3603 habemus.
1311 3549 1553 3614 Nunquid
1602 3563 1726 3616 ergo
1779 3548 2080 3616 frequenter

612 3657 630 3686 ι
677 3652 953 3703 possumus
988 3637 1267 3690 duodecim
1306 3636 1388 3688 vel
1424 3636 1631 3697 decem,
1661 3637 1742 3688 vel
1777 3653 1877 3688 non
1913 3638 2080 3690 multo

612 3748 628 3776 σ
670 3728 944 3792 pauciores
972 3731 1267 3781 coniiocare
1295 3727 1612 3794 episcopos?
1644 3727 1746 3778 Sed
1789 3727 1924 3779 dvtos
1963 3743 2082 3794 pro-

610 3838 626 3866 ι
668 3819 892 3884 pinquos
934 3816 1260 3883 conjungere
1306 3826 1385 3869 est
1419 3831 1550 3868 meae
1595 3818 1841 3883 parvitali
1899 3817 2074 3870 facile.

612 3929 630 3958 ι
667 3909 1017 3971 Quamobrem
1071 3917 1244 3966 vestra
1292 3923 1497 3962 mecum
1542 3909 1686 3962 videt
1720 3909 1949 3963 charitas
1983 3910 2083 3964 hoc

608 4019 626 4050 ε
671 4014 774 4053 non
807 4015 964 4067 posse
987 4001 1207 4054 servari.
1240 4019 1258 4050 1

607 4261 796 4316 BALS.
833 4261 944 4314 Duo
977 4262 1207 4328 episcopi
1253 4262 1305 4314 iu
1337 4261 1591 4314 Numidia
1635 4263 1940 4330 episropum
1991 4282 2082 4317 or-

539 4357 804 4406 dinarunt.
842 4352 1183 4412 Sacerdotem
1214 4352 1353 4404 enim
1409 4366 1501 4417 pro
1533 4353 1780 4418 episcopo
1812 4354 1896 4406 hic
1929 4355 2085 4408 debe-

541 4459 656 4498 mus
696 4444 1008 4511 intelligere.
1040 4441 1297 4505 Quoniam
1335 4442 1583 4493 saeerdos
1607 4441 1684 4491 vel
1729 4444 1793 4492 ab
1826 4460 1929 4494 uuo
1969 4447 2083 4498 solo

538 4538 786 4602 cpiscopo
821 4534 1132 4596 ordinatur;
1170 4541 1226 4584 ut
1255 4532 1364 4582 vult
1412 4531 1446 4583 2
1477 4547 1596 4583 can.
1630 4531 1684 4583 S.
1715 4533 1897 4596 Apost.
1932 4534 2076 4586 Peti-

543 4634 729 4676 rorunt
764 4639 889 4687 ergo
921 4622 1221 4673 Ilonoratus
1260 4631 1307 4673 el
1345 4619 1591 4673 Urbanus
1642 4621 1897 4688 episcopi,
1946 4624 2086 4675 sicut

541 4711 645 4762 illis
673 4711 977 4768 utattdatum
1029 4709 1223 4772 fuerat,
1272 4719 1328 4762 ut
1377 4725 1481 4761 non
1525 4709 1749 4774 amplius
1799 4726 1827 4763 a
1878 4713 2084 4765 duobus

541 4799 806 4865 cpiscoliis
839 4799 1117 4852 ordinetur
1141 4800 1444 4866 episcopus.
1479 4801 1568 4851 sed
1601 4815 1627 4850 a
1674 4801 1951 4854 duodecim
1989 4817 2002 4853 :
2035 4812 2087 4854 et

545 4892 816 4959 respondit
859 4891 1128 4953 Aurelius,
1159 4891 1351 4948 debere
1388 4893 1586 4944 sertari
1623 4891 1780 4960 577
1812 4896 2084 4959 antiquam

544 4983 764 5033 formam
805 4981 916 5033 sive
957 4996 1233 5045 canonenv,
1270 4991 1321 5032 et
1349 4980 1592 5033 sumeerc
1626 4985 1688 5033 ad
1729 4983 1965 5049 episeopi
1997 4998 2086 5032 or-

543 5071 865 5122 dinationem
896 5079 1001 5123 tres
1032 5071 1326 5137 episcopos,
1361 5071 1487 5136 quia
1536 5086 1672 5136 sa-pe
1722 5072 1920 5123 multos
1962 5086 2089 5124 cou-

547 5161 724 5208 vouire
753 5158 961 5211 difﬁcile
992 5170 1104 5222 est;
1135 5171 1187 5212 ct
1223 5174 1288 5212 ne
1318 5160 1419 5212 hoc
1447 5160 1514 5210 sit
1544 5159 1919 5223 ItttpCtIIllanlo
1944 5159 2088 5211 utili-

547 5247 639 5299 t.ni
671 5246 938 5311 Ecclesia,
968 5249 1336 5314 episc0porum
1373 5247 1576 5299 scilicet
1601 5247 1948 5310 ordinationi,
1977 5248 2088 5312 epi-

547 5352 738 5400 scopus
771 5339 925 5390 debet
950 5338 1031 5388 vel
1084 5352 1111 5387 a
1162 5338 1329 5390 tribus
1380 5337 1507 5390 solis
1542 5337 1775 5390 ordinari
1809 5337 2091 5403 episcopis,

547 5429 745 5481 scilicet
772 5444 796 5480 a
826 5427 1228 5493 metropolitano
1256 5437 1309 5479 et
1337 5428 1400 5478 ab
1428 5428 1544 5479 aliis
1579 5428 1806 5479 duobus.
1837 5426 1926 5479 Sic
1950 5427 2089 5477 enim

547 5519 651 5570 erit
707 5519 876 5571 facilis
916 5519 1283 5586 episcoporum
1334 5517 1616 5569 ordinatio.
1663 5514 1792 5569 Nota
1849 5529 1978 5581 ergo
2027 5532 2092 5567 ex

553 5609 794 5674 p::l‘SCllII
847 5621 1085 5669 canone,
1148 5607 1288 5674 quod
1343 5622 1444 5659 non
1503 5607 1803 5659 necessnrio
1853 5620 1878 5655 a
1927 5604 2096 5657 tribus

554 5695 969 5761 provincialibus
999 5698 1260 5765 CpiSf‘OllIS
1295 5697 1571 5748 ordinatur
1601 5697 1902 5763 episcopus;
1941 5699 2030 5748 sed
2061 5714 2088 5749 ιι

2116 4415 2158 4468 D

2229 521 2247 550 ι
2295 501 2792 570 καταγγελλόμενος
2845 500 2905 552 οὐ
2968 499 3326 568 μεθίσταται,
3383 498 3730 567 ἀρχοντικῶς

2241 611 2259 643 ι
2312 593 2518 646 κεκωλύ
2527 593 2654 646 σθω.
2700 611 2717 643 ι

2243 683 2299 735 ⁸0
2332 682 2481 750 παρὰ
2523 683 2818 752 όρθοδόξων
2866 682 3184 750 βαπτισθεὶς
3233 682 3265 751 ἢ
3325 680 3733 751 χειροτονηθεὶς

2161 770 2408 840 δεύτερον
2430 773 2707 839 βάπτισμα
2727 771 2758 838 ἢ
2781 771 3036 839 δευτέραν
3053 771 3385 840 χειροτονίαν
3407 772 3468 822 ού
3481 766 3734 838 δέχεται.

2174 860 2331 911 Ἀλλὰ
2358 861 2451 912 καὶ
2492 863 2552 912 τὸ
2580 861 2686 912 ἀπὸ
2717 861 2925 923 πόλεως
2949 862 3245 914 ἐπίσκοπον
3267 862 3347 923 είς
3391 861 3586 929 ἑτέραν
3629 859 3737 910 πό-

2163 952 2244 1002 λιν
2269 951 2622 1018 μεθίστασθαι
2646 953 2738 1004 καὶ
2777 955 2804 1004 ό
2830 951 3018 1022 παρὼν
3055 951 3257 1016 κανὼν,
3290 953 3385 1004 καὶ
3417 951 3594 1033 ἐτηροι
3626 951 3737 1003 οὐκ

2161 1040 2326 1105 ὀλίγοι
2352 1041 2618 1108 διαφόρων
2641 1041 2873 1094 συνόδων
2910 1041 3230 1096 κωλύουσιν.
3276 1041 3336 1092 ’0
3393 1037 3522 1107 γοῦν
3581 1042 3734 1108 Κρε-

2165 1129 2390 1192 σκὼνιος
2468 1127 2621 1194 οὗτος
2678 1131 3004 1193 ἐπίσκοπος,
3049 1132 3149 1198 τὴν
3223 1130 3357 1183 ίδίαν
3406 1129 3736 1183 καταλιπὼν

2164 1220 2454 1288 ἐκκλησίαν
2504 1221 2536 1289 ἢ
2593 1220 2903 1291 παροικίαν,
2959 1222 3052 1273 καὶ
3111 1221 3208 1288 τῆς
3268 1219 3470 1273 Κενεοῦ
3525 1219 3736 1280 ἐπιϐὰς

2165 1309 2486 1377 ἐκκλησίας,
2544 1312 2636 1363 καὶ
2683 1312 2940 1374 πολλάκις
3000 1311 3300 1378 ἁδελφικῶς
3358 1312 3738 1376 ὑπομνησθεὶς

2166 1401 2312 1468 παρὰ
2339 1398 2445 1449 τῶν
2476 1398 2814 1466 συναδέλφων
2848 1399 2941 1450 καὶ
2973 1395 3399 1464 συλλειτουργῶν
3429 1394 3594 1446 αὐτοῦ
3624 1394 3734 1462 τὴν

2165 1488 2414 1541 τοιαύτην
2448 1490 2770 1540 καταλιπεῖν
2797 1488 3109 1555 ἐκκλησίαν.
3165 1488 3260 1539 καὶ
3323 1487 3394 1553 μὴ
3460 1486 3732 1548 πεισθεὶς,

2168 1575 2545 1641 παρεσκεύασε
2577 1577 2674 1628 καὶ
2724 1577 2954 1636 ἄκοντας
2985 1574 3182 1634 αὐτοὺς
3219 1574 3295 1642 τῷ
3339 1574 3482 1625 κατὰ
3544 1573 3737 1642 χώραν

2168 1665 2386 1734 ἄρχοντι
2422 1665 2756 1733 προσελθεῖν,
2783 1666 2875 1716 καὶ
2904 1666 2992 1717 ὑπ’
3043 1665 3249 1717 ἐκείνου
3303 1663 3737 1728 ἐξουσιαστικῶς

2173 1757 2502 1824 κωλυθῆναι.

2759 1845 2992 1899 ΚΑΝΩΝ
3036 1847 3158 1898 Nl".

2176 1953 2193 1985 ι
2241 1935 2402 1989 Πόσοι
2426 1937 3029 1989 ἐπίσκοποιέπίσκοπον
3050 1941 3375 2007 χειροτονεῖν
3397 1937 3730 2002 ὀφείλουσιν,

2245 2046 2263 2078 ι
2319 2025 2620 2099 Ὀνωρᾶτος
2667 2029 2762 2081 καὶ
2839 2027 3114 2096 Οὐρϐανὸς
3175 2030 3462 2080 ἐπίσκοποι
3533 2023 3735 2080 εἷπον⁹

2244 2136 2261 2168 ι
2307 2119 2541 2169 Κάκεῖνο
2570 2120 2700 2186 ἡμῖν
2729 2118 2986 2186 ἐνετάλθη
3013 2135 3030 2150 ο
3053 2119 3238 2188 ἐπειδὴ
3277 2120 3340 2171 ἐκ
3368 2117 3459 2170 τοῦ
3503 2117 3740 2185 πλησίον

2245 2223 2265 2256 ι
2329 2206 2547 2273 ἀδελφοὶ
2611 2205 2766 2274 ἡμῶν
2810 2205 2902 2258 δύο
2957 2205 3245 2258 ἐπίσκοποι
3291 2205 3389 2274 τῆς
3416 2203 3738 2272 Νουμηδίας

2246 2313 2264 2344 ι
2312 2296 2689 2364 χειροτονῆσαι
2746 2295 3049 2364 ἐτόλμησαν
3125 2295 3314 2362 ἱερέα,
3391 2293 3615 2361 κρίνατε
3654 2294 3739 2362 μὴ

2243 2404 2262 2436 ι
2304 2387 2551 2452 γενέσθαι
2609 2387 2938 2456 χειροτονίας
2985 2390 3298 2440 ἐπισκόπων
3374 2389 3421 2437 εί
3479 2386 3552 2454 μὴ
3622 2384 3741 2436 ὑπὸ

2247 2495 2265 2528 ι
2309 2479 2534 2531 δώδεκα.
2559 2479 2825 2546 Αὐρήλιος
2855 2478 3151 2539 ἐπίσκοπος
3183 2475 3336 2529 εἶπεν
3367 2494 3380 2508 ο
3413 2476 3472 2528 ’0
3508 2477 3745 2544 ἀρχαῖος

2245 2588 2263 2619 ι
2308 2571 2475 2631 τύπος
2501 2569 2924 2638 φυλαχθήσεται,
2966 2567 3052 2620 ἵνα
3083 2567 3157 2636 μὴ
3180 2567 3397 2635 ἥττονες
3421 2565 3585 2635 τριῶν
3621 2565 3742 2617 τῶν

2247 2679 2263 2709 ι
2310 2661 2629 2727 ὀρισθέντων
2660 2661 2736 2719 είς
2761 2658 3088 2729 χειροτονίαν
3116 2657 3426 2710 ἐπισκόπων
3474 2656 3743 2724 ἀρκέσω-

2248 2767 2264 2799 ι
2313 2765 2430 2800 σιν’
2466 2749 2596 2799 διότι
2649 2748 2704 2799 ἐν
2754 2747 3006 2814 Τριπόλει
3055 2745 3212 2815 τυχὸν
3260 2744 3355 2797 καὶ
3400 2746 3458 2796 ἐν
3514 2743 3742 2812 Ἀρζοῖῃ

2249 2858 2266 2888 ι
2311 2838 2468 2904 δῆλον
2499 2836 2886 2904 παρέγκεινται
2921 2835 3165 2904 βάρϐαρα
3210 2834 3355 2902 ἔθνη.
3399 2833 3486 2885 Ἐν
3533 2831 3742 2900 Τριπό-

2250 2946 2267 2975 ι
2313 2926 2391 2976 λει
2425 2926 2479 2976 δὲ
2505 2926 2683 2984 πέντε,
2739 2923 2829 2975 καὶ
2869 2924 3017 2990 μόνοι
3065 2925 3217 2986 εἰσὶν,
3281 2923 3355 2982 ὡς
3411 2921 3739 2988 γινώσκετε,

2250 3034 2267 3064 ι
2315 3017 2598 3066 ἐπίσκοποι
2624 3034 2637 3045 ·
2674 3017 2765 3069 καὶ
2786 3014 3006 3067 δυνατὴν
3040 3014 3096 3080 ἐξ
3140 3014 3301 3066 αὐτοῦ
3335 3014 3588 3074 πολλάκις
3637 3012 3744 3065 τοῦ

2252 3120 2270 3150 ι
2316 3103 2544 3169 ἀριθμοῦ
2580 3105 2701 3164 τοὺς
2724 3103 2814 3154 δύο
2845 3103 3051 3172 ἀνάγκη
3084 3105 3186 3154 τινὶ
3217 3101 3556 3167 κατέχεσθαι.
3591 3103 3744 3150 Aua-

2252 3210 2269 3241 ι
2314 3194 2466 3260 χερῖες
2495 3193 2599 3260 γάρ
2635 3195 2776 3243 ἐστιν
2820 3193 2877 3256 ἐξ
2926 3193 3232 3257 οἱανδήποτε
3263 3189 3496 3258 ἀριθμοῦ
3529 3189 3745 3251 πάντας

2252 3299 2270 3332 ι
2317 3283 2574 3334 δύνασθαι
2620 3283 2945 3350 ἀπαντῆσαι,
3010 3283 3102 3333 καὶ
3177 3283 3252 3348 μὴ
3313 3280 3512 3346 ὀφείλει
3578 3280 3745 3331 τοῦτο

2257 3388 2274 3419 ι
2321 3370 2450 3421 αὐτὸ
2473 3369 2831 3438 παρεμποδὼν
2870 3365 3006 3421 εἶναι
3033 3367 3107 3438 τῷ
3137 3369 3386 3438 χρησίμῳ
3409 3369 3507 3434 τῆς
3535 3369 3745 3436 ἐκκλη-

2256 3478 2272 3508 ι
2323 3459 2458 3518 σίας.
2499 3460 2604 3510 Καὶ
2628 3460 2731 3526 γὰρ
2763 3461 2841 3521 είς
2885 3458 3088 3526 ταύτην
3145 3459 3240 3524 τὴν
3288 3456 3600 3526 ἐκκλησίαν,
3656 3461 3747 3522 είς

2255 3567 2272 3597 ι
2318 3550 2380 3617 ἢν
2407 3550 2736 3617 κατηξίωσεν
2768 3551 2800 3617 ἠ
2833 3547 3070 3616 ὑμετέρα
3121 3547 3390 3600 συνελθεῖν
3436 3548 3744 3616 ἁγιωσύνῃ,

2257 3654 2275 3686 ι
2324 3638 2531 3704 συχνῶς
2561 3638 2652 3689 καὶ
2685 3637 2866 3704 σχεδον
2899 3636 3039 3688 κατὰ
3086 3638 3366 3706 Κυριακὴν
3404 3653 3750 3705 χειροτονου-

2256 3743 2273 3775 ι
2323 3727 2514 3792 μένους
2544 3725 2755 3793 ἔχομεν.
2775 3726 2864 3793 Μὴ
2891 3726 2997 3794 ἄρα
3023 3725 3251 3789 δύναμαι
3277 3725 3509 3794 συνεχῶς
3531 3724 3747 3778 δώδεκα

2258 3831 2276 3864 ι
2321 3815 2352 3880 ἢ
2383 3814 2511 3866 δέκα
2537 3815 2566 3882 ἢ
2593 3815 2709 3882 οὐχὶ
2733 3816 2863 3866 πολὺ
2894 3815 3140 3874 ἐλάττους
3189 3815 3474 3882 συγκαλεῖν
3519 3816 3752 3867 ἐπισκό-

2258 3921 2276 3953 ι
2324 3921 2475 3964 πους.
2503 3905 2603 3956 Δύο
2628 3906 2682 3956 δὲ
2713 3905 2954 3970 γείτονας
2987 3905 3310 3974 προσζεῦξαι
3347 3906 3569 3974 εὐχερὲς
3619 3907 3746 3957 ἐστι

2259 4013 2275 4043 ι
2323 3996 2385 4060 τῇ
2420 3995 2521 4062 ἐιιῆ
2564 3994 2883 4062 βραχύτητι.
2915 3995 3004 4046 Διὸ
3033 3996 3132 4064 ὁρᾷ
3159 3998 3253 4047 σὺν
3283 3995 3402 4064 ἐμοὶ
3429 3997 3461 4065 ἡ
3497 3995 3748 4064 ὑμετέρα

2261 4104 2279 4134 ι
2325 4086 2507 4154 ἀγάπη
2555 4085 2708 4137 τοῦτο
2771 4084 2902 4138 αὐτὸ
2966 4086 3039 4155 μὴ
3113 4085 3365 4140 δύνασθαι
3417 4085 3746 4156 παραφυλα-

2260 4193 2278 4225 ι
2323 4176 2535 4243 χθῆναι.
2578 4195 2596 4227 1

2257 4267 2449 4318 ΒᾹΛΣ.
2478 4265 2577 4316 Δύο
2608 4263 2885 4318 ἐπίσκοποι
2930 4266 3336 4333 εχειροτόνησαν
3378 4268 3455 4326 είς
3513 4267 3753 4336 Νουμηο

2185 4360 2301 4411 δίαν
2330 4359 2620 4409 ἐπίσκοπον
2649 4370 2662 4382 ⁶
2691 4354 2779 4404 τὸν
2813 4356 2919 4422 γὰρ
2955 4356 3098 4426 ίερέα
3127 4355 3355 4407 ἐνταῦθα
3399 4359 3476 4417 εἰς
3523 4357 3752 4408 ἐπίσκο-

2187 4464 2285 4498 πον
2324 4444 2676 4510 ὑποληπτέον.
2713 4441 2854 4492 Διότι
2886 4442 3062 4511 ἱερεὺς
3087 4444 3180 4494 καὶ
3212 4443 3359 4511 παρὰ
3414 4443 3572 4510 μένου
3626 4446 3758 4509 ένδς

2185 4537 2562 4604 χειροτονεῖται
2612 4531 2930 4594 ἐπισκόπου,
2995 4533 3132 4584 κατὰ
3177 4533 3266 4584 τὸν
3321 4533 3365 4596 β’
3408 4534 3603 4586 κανόνα
3633 4536 3758 4588 τῶν

2186 4626 2353 4690 ἁγίων
2411 4620 2739 4675 ἀποστόλων.
2800 4620 3095 4688 Ἐζήτησαν
3148 4618 3238 4683 οὖν
3287 4621 3586 4691 Ὀνωρᾶτος
3651 4628 3760 4679 καὶ

2189 4712 2457 4780 υύρϐανὸς
2488 4713 2533 4761 οί
2559 4710 2862 4768 ἐπίσκοποι,
2897 4707 3075 4768 καθὼς
3111 4708 3489 4776 ἐνετάλθησαν,
3550 4715 3758 4778 μηκέτι

2187 4802 2288 4853 ὑπὸ
2317 4801 2403 4850 δύο
2433 4799 2738 4848 ἐπισκόπων
2765 4796 3179 4863 χειροτονεῖσθαι
3237 4796 3552 4858 ἐπίσκοπον,
3612 4798 3762 4852 ἀλλὰ

2190 4892 2293 4943 ὑπὸ
2327 4887 2531 4940 δώδεκα
2563 4902 2577 4916 ο
2611 4887 2700 4938 καὶ
2725 4886 3096 4952 ἀπελογήσατο
3143 4888 3170 4936 ό
3211 4885 3476 4956 Αὐρήλιος
3513 4887 3764 4954 ὀφείλειν

2191 4978 2548 5047 φυλάττεσθαι
2570 4977 2659 5028 τὸν
2687 4976 2908 5042 ἀρχαῖον
2944 4973 3108 5025 τύπον
3137 4974 3254 5043 ἦτοι
3283 4975 3374 5028 τὸν
3409 4978 3623 5041 κανόνα,
3656 4980 3762 5033 καὶ

2190 5073 2377 5138 ἀρκεῖν
2405 5072 2480 5128 εἰς
2512 5066 2807 5119 ἐπισκόπου
2835 5063 3161 5133 χειροτονίαν
3195 5068 3527 5127 ἐπισκόπους
3580 5072 3761 5138 τρεῖς,

2190 5161 2268 5210 ὅτι
2296 5155 2549 5214 πολλάκις
2575 5154 2828 5222 δυσχερές
2858 5155 2972 5205 ἐστι
3020 5153 3244 5216 πολλοὺς
3292 5155 3563 5208 συνελθεῖν
3597 5175 3610 5187 ο
3658 5161 3764 5211 καὶ

2192 5249 2277 5300 ἴνα
2315 5246 2388 5315 μὴ
2445 5247 2666 5311 γένηται
2715 5242 2872 5294 τοῦτο
2934 5243 3180 5309 ἐμποδὼν
3222 5245 3298 5311 τῷ
3353 5247 3630 5315 χρησίμῳ,
3655 5250 3762 5320 τῆς

2192 5335 2505 5402 ἐκκλησίας,
2561 5335 2725 5400 ήγουν
2776 5332 2840 5399 τῇ
2905 5330 3202 5400 χειροτονίᾳ
3249 5332 3357 5383 τῶν
3418 5335 3762 5406 ἐπισκόπων,

2193 5426 2394 5493 ὀφείλει
2429 5425 2576 5491 παρὰ
2603 5424 2766 5491 τριῶν
2799 5422 2890 5473 καὶ
2920 5421 3095 5486 μόνων
3148 5422 3457 5474 ἐπισκόπων
3511 5442 3762 5494 χειροτο-

2197 5516 2395 5568 νεῖσθαι
2445 5513 2756 5572 ἐπίσκοπος,
2787 5512 2949 5580 ἤγουν
2996 5510 3143 5578 παρὰ
3206 5515 3601 5582 μητροπολίτου
3660 5523 3764 5574 καὶ

2199 5607 2344 5674 παρὰ
2421 5604 2617 5672 ἐτέρων
2671 5601 2781 5653 δύο.
2878 5599 3031 5652 Οὕτω
3080 5600 3187 5668 γὰρ
3242 5602 3461 5670 εὐχερὲς
3518 5605 3671 5661 gn“
3728 5617 3760 5679 ἡ

2201 5698 2304 5749 τῶν
2343 5695 2650 5749 ἐπισκόπων
2684 5691 2996 5760 χειροτονία.
3027 5691 3333 5760 Σημεὲιοσαι
3363 5691 3454 5745 οὖν
3499 5695 3605 5747 ἀπὸ
3661 5701 3762 5753 τοῦ
