4000 6440
225 277 320 340 193

1286 283 1367 342 ΙΝ
1408 273 1573 340 CAN-
1615 281 1740 339 ων
1779 280 1980 342 CONC.
2016 276 2394 343 CARTHAG.

3339 270 3438 336 194

233 389 501 460 παρόντος
525 392 744 457 κανόνος
778 394 862 447 ὅτι
888 395 986 448 οὐκ
1015 393 1073 458 ἐξ
1127 394 1369 462 ἀνάγκης
1433 395 1580 462 παρὰ
1628 392 1793 460 τριῶν

1897 393 2300 460 metropolitano
2331 402 2383 443 et
2409 390 2615 443 duobus
2645 388 2784 451 aliis.
2810 386 3020 441 etiamsi
3050 401 3156 439 non
3193 385 3300 440 sint
3336 386 3437 453 ipsi

227 482 542 535 ἐπισκόπων
612 484 969 554 ἐπαρχιωτῶν
1031 487 1409 556 χειροτονεῖται
1474 485 1789 542 ἐπίσκοπος,

237 570 372 623 ἀλλὰ
402 569 553 641 παρὰ
577 571 671 625 τοῦ
706 574 1096 645 μητροπολίτου
1125 575 1216 628 καὶ¹
1258 574 1458 643 ἐτέρων
1517 572 1631 633 δύο,
1687 570 1792 622 κᾶν

231 660 307 730 μὴ
366 655 498 713 ὦσιν
547 657 689 714 οὗτοι
745 663 1099 731 ἐπαρχιίῖηαι.
1166 665 1224 716 Ὀ
1274 664 1330 715 δὲ
1397 659 1794 732 μητροπολίτης

240 750 467 808 Ἐφόσου
533 751 736 812 ἐκεῖνος
803 755 968 820 κυρὸς
1037 752 1425 822 Χριστοφόρος,
1467 749 1792 817 Είσκαλόνην

233 837 614 905 χειροτονήσας
643 837 939 890 ἐπίσκοπον
970 838 1110 891 κατὰ
1151 838 1353 904 ταύτην
1406 834 1791 904 βασιλεύουσαν

225 925 334 974 τῶν
370 923 572 976 πόλεων
604 923 773 992 χωρὶς
826 925 1123 993 παρουσίας
1161 924 1482 992 οίουδήτινος
1520 920 1792 989 ἐπαρχιῶ-

225 1032 352 1079 του,
386 1016 579 1085 ᾐτιάθη
605 1016 947 1083 παραλόγως,
980 1015 1052 1077 ὡς
1085 1016 1208 1084 ἐμοὶ
1234 1015 1400 1066 δοκεῖ.
1462 1007 1625 1064 Εἶπον
1687 1011 1793 1080 γάρ

225 1122 370 1167 τινες
421 1106 654 1173 ὀφείλειν
709 1105 800 1158 τὸν
837 1106 1247 1174 ’μητροπολίτην
1309 1102 1447 1173 μετὰ
1521 1105 1794 1170 ἐπαρχιω-

227 1194 339 1246 τῶν
400 1195 464 1247 τὸ
511 1195 788 1262 ἐλάχιστον
828 1192 922 1245 δύο
972 1192 1067 1255 τὰς
1116 1191 1441 1261 χειροτονίας
1480 1191 1650 1242 ποιεῖν
1684 1187 1790 1241 τῶν

239 1285 576 1348 ἐπισκόπων,
609 1283 795 1353 ὥσπερ
825 1284 921 1337 καὶ
947 1283 1043 1344 τὰς
1072 1282 1302 1352 ψήφους.

305 1374 550 1426 ΖΩΝΑΡ.
576 1374 678 1424 Δύο
704 1374 1029 1434 ἐπισκόπους
1060 1376 1190 1439 φασι
1221 1370 1590 1440 χειροτονῆσαι
1609 1368 1786 1439 ίερέα·

231 1465 384 1531 ίερέα
413 1464 469 1516 δέ
497 1463 586 1514 τδν
610 1462 909 1515 ἐπίσκοπον
935 1461 1079 1529 λέγει
1097 1477 1113 1494 ο
1152 1460 1518 1532 πρεσϐύτερον
1560 1463 1668 1528 γὰρ
1697 1458 1790 1510 καὶ

229 1549 308 1616 εἷς
339 1555 636 1613 ἐπίσκοπος
667 1553 980 1621 χειροτονεῖ,
1013 1550 1151 1603 κατὰ
1178 1553 1270 1603 τὸν
1318 1550 1568 1619 δεύτερον
1593 1547 1791 1601 κανόνα

230 1645 336 1697 τῶν
368 1645 538 1709 ἁγίων
567 1642 876 1696 ἀποστόλων
898 1657 912 1672 ·
945 1641 1040 1695 καὶ
1080 1640 1321 1708 ἀξιοῦσιν
1372 1639 1651 1710 ὁρισθῆναι
1686 1638 1790 1692 ὑπὸ

231 1735 443 1787 δώδεκα
468 1732 889 1803 χειροτονεῖσθαι
927 1733 1238 1785 ἐπίσκοπον.
1285 1730 1550 1800 Αὐρήλιος
1599 1730 1654 1781 δέ
1703 1729 1792 1781 τὸν
1818 1711 1867 1772 Β

234 1826 460 1894 ἀρχαῖον
488 1823 657 1875 τύπον
679 1822 788 1874 δεῖν
819 1822 1179 1890 φυλάττεσθαι
1197 1820 1487 1892 ἀπεκρίθη,
1521 1819 1687 1871 τύπον
1701 1817 1792 1870 τὸν

233 1916 434 1968 κανόνα
461 1913 657 1980 λέγων,
691 1912 786 1964 καὶ
812 1914 962 1979 τρεῖς
1009 1912 1341 1974 ἐπισκόπους
1371 1913 1448 1967 εἰς
1494 1911 1791 1962 ἐπισκόπου

231 2000 566 2071 χειροτονίαν
593 2001 779 2068 ἀρκεῖν
807 1999 1141 2067 ἀπεφήνατο.
1179 1998 1454 2068 Ἐπὴγαγε
1479 1998 1533 2051 δὲ
1566 1998 1659 2051 καὶ
1708 2000 1790 2050 αι-

230 2095 373 2156 τίας,
409 2092 501 2144 Ἐν
541 2091 795 2162 Ἀρζουῖῃ
817 2089 1103 2158 ’φάμενος,
1165 2089 1495 2159 παράκειται
1545 2088 1792 2158 βάρϐαρα

232 2185 382 2254 ἔθνη,
423 2184 566 2238 ὥστε
589 2181 676 2234 διὰ
712 2181 870 2234 τοῦτο
893 2180 1211 2251 δυσχέρειαν
1239 2176 1378 2232 εἶναι
1438 2180 1793 2248 συνέρχεσθαι

230 2273 356 2332 τοὺς
386 2270 716 2331 ἐπισκόπους
755 2284 771 2299 ο
817 2271 879 2322 ἐν
903 2268 1153 2337 Τριπόλει
1207 2268 1262 2320 δέ
1296 2268 1456 2320 πέντε
1494 2269 1631 2318 εἰσὶν
1679 2267 1795 2319 ἐπί-

238 2377 458 2415 σκοποι·
492 2361 767 2429 Τρίπολιν,
801 2360 902 2428 τὴν
932 2359 990 2411 ἐν
1005 2359 1234 2428 Ἀφρικῇ
1264 2358 1461 2424 λέγων,
1511 2358 1603 2409 καὶ
1657 2374 1793 2424 συμ-

233 2452 406 2504 ϐαίνει
427 2450 582 2512 τινὰς
611 2449 716 2501 τῶν
742 2447 902 2500 πέντε
933 2447 1034 2501 ύπό
1051 2464 1191 2509 τινος
1217 2447 1459 2515 ἀνάγκης
1497 2447 1795 2498 κωλύεσθαι

235 2538 738 2594 συνελθεῖν.“Τοῦτο
762 2535 878 2601 οὖν,
934 2539 1116 2607 φησιν,
1163 2537 1264 2589 οὐκ
1305 2537 1506 2603 ὀφείλει
1548 2536 1796 2605 ἐμπόδιον

236 2627 373 2684 εἶναι
400 2628 480 2698 τῷ
505 2631 756 2700 χρησίμῳ
776 2629 874 2699 τῆς
903 2629 1244 2697 Ἐκκλησίας,
1291 2627 1533 2680 τουτέστι
1561 2629 1629 2697 τῇ
1689 2627 1796 2678 τῶν

238 2722 551 2774 ἐπισκόπων
585 2718 905 2790 χειροτονίᾳ.
930 2720 970 2770 Χ
981 2720 1208 2789 ρήσιμον
1236 2719 1343 2788 γὰρ
1372 2720 1439 2787 τῇ
1478 2717 1793 2787 Ἐκκλησία,

238 2811 355 2880 ἦτοι
411 2815 523 2873 τοῖς
584 2812 813 2874 πιστοῖς,
875 2811 910 2877 ἡ
957 2809 1063 2862 τῶν
1113 2810 1421 2862 ἐπισκόπων
1476 2808 1795 2877 χειροτονία,

239 2904 359 2954 ἀντὶ
382 2900 479 2952 τοῦ
511 2899 770 2970 χρειώδης
799 2900 1090 2967 ἀναγκαία.
1118 2901 1162 2952 Τ
1164 2900 1287 2952 οὖτο
1313 2899 1406 2952 05v
1454 2899 1514 2950 τὸ
1539 2898 1642 2951 ὑπὸ
1671 2898 1796 2950 πολ-

1893 482 2264 548 provinciales.
2296 481 2386 535 Ille
2417 489 2594 535 autem
2631 478 2826 547 Ephesi
2859 478 3304 544 metropolitanus
3337 477 3437 530 do—

1891 571 2068 623 minus
2098 568 2537 635 Christopborus,
2567 567 2655 632 qui
2691 564 2982 620 Iscalouem
3007 565 3313 632 episcopum
3349 578 3441 620 0r-

1892 658 2094 712 dinavit
2137 658 2190 710 in
2236 657 2338 709 hac
2382 655 2562 722 regina
2612 654 2850 719 urbium,
2911 653 3111 723 absque
3155 653 3439 722 praesentia

1890 748 2126 814 cujusvis
2182 746 2544 814 provincialis,
2602 755 2796 814 praeter
2853 744 3153 808 rationem,
3203 753 3260 796 ut
3310 743 3438 794 milii

1891 839 2120 902 videtur,
2169 847 2450 892 accusatus
2487 838 2604 890 fuit.
2657 835 2914 890 Dicebam
2961 834 3104 887 enim
3158 833 3438 897 nonnulli,

1889 929 2086 982 debere
2114 927 2577 990 metropolitanum
2599 963 2615 987 ,
2645 941 2766 980 cum
2799 922 3214 991 provincialibus
3243 925 3307 974 ad
3339 923 3440 974 mi-

1887 1031 1990 1069 nus
2020 1015 2251 1080 duobus,
2283 1015 2658 1083 episcoporum
2687 1013 3056 1068 ordinationes
3077 1011 3278 1077 facere,
3304 1013 3444 1066 sicut

1892 1114 1948 1158 ct
1984 1104 2303 1160 electiones.

1955 1376 2205 1431 ZONAR.
2269 1378 2381 1431 Duo
2438 1378 2708 1447 episcopi,
2771 1380 3054 1447 inquiunt,
3107 1381 3438 1435 sacerdotem

1887 1468 2174 1535 quemdam
2209 1483 2462 1522 creavere
2503 1468 2819 1537 (sacerdotis
2842 1483 2974 1522 vero
2999 1470 3217 1522 nomine
3242 1471 3449 1538 episcu.

1888 1572 1984 1623 pus
2011 1556 2345 1624 intelligitur;
2363 1571 2483 1610 nam
2509 1558 2880 1626 presbyterum
2909 1558 2989 1610 vel
3013 1573 3147 1612 unus
3163 1559 3448 1625 episcopus

1893 1656 2060 1710 creat,
2093 1661 2156 1698 ex
2188 1655 2492 1700 sanctorum
2526 1646 2888 1712 apostolorum
2921 1661 3123 1701 canone
3162 1651 3220 1717 2)
3259 1659 3439 1716 atque.

1895 1745 1952 1789 ut
1977 1735 2255 1789 duodecim
2292 1735 2344 1788 in
2385 1737 2634 1804 episcopo
2668 1739 3037 1790 consecrando
3063 1738 3444 1796 adhibeantur.

1894 1827 2108 1880 decerni
2137 1828 2424 1893 postulant.
2457 1827 2704 1881 Aurelius
2736 1843 2865 1882 vero
2894 1829 3168 1895 antiquam
3196 1826 3445 1890 farinam,

1893 1933 2148 1970 canonem
2202 1918 2446 1971 videlicet
2499 1919 2779 1987 antiquum
2829 1922 3148 1973 servandum
3196 1935 3313 1973 esse
3362 1935 3448 1972 rc-

1895 2008 2126 2074 spoudit.
2156 2024 2218 2062 ac
2251 2018 2359 2061 tres
2391 2009 2668 2077 episcopos
2694 2010 2780 2061 uni
2811 2013 3172 2064 consecrando
3203 2011 3447 2064 suliicere

1896 2098 2276 2162 pronuntiavit.
2301 2097 2637 2166 Causamque
2670 2100 2860 2153 deinde
2886 2101 3166 2168 subiunxit
3185 2140 3200 2164 ,
3235 2101 3445 2160 Anum,

1894 2187 2098 2248 dicens,
2135 2186 2372 2240 barbara:
2415 2197 2599 2253 gentes
2632 2188 2896 2253 adjacent,
2929 2199 2986 2240 ut
3021 2198 3296 2257 propterea
3329 2194 3448 2254 epi-

1898 2290 2087 2340 scopos
2115 2279 2406 2329 convenire
2440 2276 2653 2330 diliicile
2679 2278 2747 2330 sit
2779 2296 2792 2331 :
2825 2277 3024 2344 Tripoli
3053 2288 3254 2343 autem,
3293 2282 3449 2344 quin-

1895 2381 1997 2434 que
2029 2367 2124 2418 soli
2160 2377 2285 2418 sunt
2315 2367 2547 2433 episcopi
2571 2366 2863 2434 (Tiipolim.
2888 2382 3005 2421 eam
3035 2384 3156 2436 quae
3189 2371 3238 2421 in
3275 2369 3448 2423 Al‘rica

1896 2467 1998 2520 est,
2033 2456 2322 2526 intelligit).
2348 2472 2411 2509 ac
2440 2472 2506 2509 ex
2534 2459 2768 2524 quiaque
2792 2457 2895 2510 illis
2923 2468 3192 2512 unumaut
3225 2461 3449 2513 alterum
3551 2475 3558 2490 *

1899 2549 2200 2602 necessario
2256 2549 2634 2616 impedimento
2691 2548 2918 2602 detineri
2975 2549 3130 2604 facile
3180 2561 3284 2606 est.
3337 2550 3448 2603 Hm:

1899 2627 2083 2707 igitur,
2160 2640 2377 2707 inquit,
2443 2640 2814 2694 ecclesiastica:
2876 2640 3136 2704 utilitati,
3192 2642 3452 2694 creationi

1899 2745 2089 2798 nempe
2125 2732 2516 2798 episcoporum,
2552 2735 2768 2783 obstare
2794 2746 2896 2783 non
2932 2731 3109 2783 debet.
3143 2729 3281 2783 Utile
3310 2734 3450 2785 enim

1897 2832 1982 2878 est
2014 2821 2283 2882 Ecclesiae.
2316 2822 2415 2876 hoc
2445 2830 2547 2884 est,
2580 2821 2844 2881 ﬁdelibus,
2877 2823 3152 2888 episcopos
3175 2824 3408 2876 constitn
3435 2861 3454 2888 ,

1900 2914 1950 2965 id
2003 2920 2106 2975 est,
2137 2910 2476 2964 commodum
2533 2910 2894 2963 necessarium
2942 2920 3044 2964 est.
3097 2911 3454 2976 Quamobrem

240 2993 346 3045 λῶν
375 2994 792 3061 χειροτονεῖσθαι
824 2992 1141 3057 ἐπίσκοπον,
1175 2991 1360 3060 ὁρᾶτε,
1410 2991 1592 3058 φησιν,
1627 2989 1707 3040 ὅτι
1736 2987 1794 3039 ού

1901 3000 2022 3061 hoc,
2050 2998 2246 3066 inquit,
2277 3006 2333 3050 ut
2362 3000 2410 3050 in
2437 2997 2670 3066 episc0pi
2706 2997 3110 3052 consecratione
3141 2999 3319 3066 plures
3342 3000 3458 3066 epi-

240 3082 464 3134 δύναται
494 3079 848 3150 φυλαχθῆναι.

236 3256 458 3309 ΔΡΙΣΤ.
502 3272 522 3306 ‹
569 3255 659 3325 Μὴ
700 3254 955 3316 ἐλάττους
981 3253 1148 3325 τριῶν
1170 3253 1483 3307 ἐπισκόπων
1511 3254 1592 3314 εἰς
1619 3269 1797 3321 χειρο-

311 3367 330 3397 r
376 3347 556 3399 τονίαν
583 3346 883 3398 ἐπισκόπου
917 3345 1274 3414 ἀρκείτωσαν.
1315 3362 1333 3395 ι

305 3439 514 3498 Πάντες
545 3438 665 3506 μὲν,
697 3438 746 3489 εί
774 3437 1015 3500 δυνατὸν,
1064 3437 1111 3488 oi
1145 3437 1242 3503 τῆς
1270 3436 1534 3505 ἐπαρχίας
1586 3437 1801 3488 ἐπίσκο-

235 3547 331 3581 ποι
353 3528 625 3595 ὀφείλουσι
655 3527 792 3596 μετὰ
826 3526 1048 3595 γνώμης
1074 3525 1168 3578 τοῦ
1224 3527 1616 3594 μητροπολίτου
1679 3543 1801 3577 συν-

235 3618 634 3686 έρχεσθαι,και
661 3618 785 3679 τοὺς
835 3617 1165 3679 ἐπισκόπους
1225 3615 1596 3684 ψηφίζεσθαι·
1652 3619 1698 3668 εί
1746 3617 1800 3667 δὲ

235 3711 314 3776 μὴ
344 3707 567 3760 δυνατὸν
594 3708 800 3769 πάντας
823 3706 1089 3759 συνελθεῖν
1113 3706 1199 3759 διά
1228 3723 1348 3757 τινα
1372 3707 1634 3774 ἀνάγκην,
1693 3706 1797 3757 κᾶν

236 3799 385 3866 τρεῖς
414 3795 479 3849 τὸ
515 3797 787 3865 ἐλάχιστον
818 3795 896 3848 δεῖ
925 3797 1195 3865 παρεῖναι,
1240 3795 1545 3862 συμψήφων
1583 3795 1801 3863 γινομέ-

238 3903 347 3937 νων
379 3885 476 3936 καὶ
511 3883 618 3937 τῶν
645 3884 892 3937 ἀπόντων
915 3882 1002 3934 διὰ
1025 3882 1384 3950 γραμμάτων.

831 3993 1064 4046 ΚᾹΝΩΝ
1102 3991 1223 4044 NA'.

244 4104 265 4136 ι
311 4089 474 4140 Πόσοι
507 4085 792 4136 ἐπίσκοποι
844 4081 1198 4149 προστεθῆναι
1246 4079 1549 4146 ὀφείλουσιν
1571 4080 1646 4148 τῷ
1686 4081 1805 4149 ἀρι-

315 4195 334 4226 r
380 4175 504 4244 θμῴ
533 4175 639 4224 τῶν
669 4170 1130 4240 χειροτονούντων,
1168 4169 1262 4220 ἐὰν
1296 4171 1420 4237 περὶ
1452 4169 1544 4221 1:05
1578 4171 1803 4237 μέλὶον-

313 4287 332 4317 ε
377 4283 469 4327 τος
488 4261 906 4334 χειροτονεῖσθαι
937 4261 1236 4312 ἐπισκόπου
1264 4259 1538 4326 ἀντιλογία
1559 4262 1800 4328 γένηται.

314 4372 335 4404 ε
392 4354 600 4405 Ἐκεῖνο
627 4352 681 4404 δὲ
705 4351 883 4420 ὁρίσαι
916 4350 1016 4413 δεῖ,
1050 4349 1209 4412 ὥστε,
1239 4351 1333 4402 ἐὰν
1363 4366 1489 4401 ποτε
1514 4353 1646 4418 προς
1674 4353 1791 4403 ἐπιο
1825 4349 1870 4401 D

314 4461 331 4491 ι
379 4441 547 4509 λογὴν
567 4439 864 4492 ἐπισκόπου
895 4439 1250 4505 συνέλθωμεν,
1272 4440 1362 4490 καὶ
1392 4441 1598 4508 ἀναφυῇ
1621 4457 1698 4500 τις
1716 4442 1808 4490 ἀν-

315 4552 332 4580 ι
375 4528 606 4594 τιλογία,
625 4525 808 4594 ἐπειδὴ
821 4527 886 4578 τὰ
899 4526 1116 4578 τοιαῦτα
1135 4527 1264 4595 παρ’
1282 4529 1409 4595 ἡμῖν
1422 4527 1809 4598 ἐτρακταῖσθη-

314 4641 331 4672 ι
383 4638 503 4681 σαν,
527 4618 795 4686 τολμηρὸν
819 4612 956 4669 εἶναι
986 4618 1170 4668 λοιπὸν
1187 4619 1333 4686 τρεῖς
1361 4617 1555 4685 μόνους
1584 4621 1713 4688 πρὸς
1748 4623 1806 4672 τὸ

313 4731 331 4760 r
381 4711 620 4778 καθᾶραι
671 4707 763 4759 τὸν
821 4705 1400 4775 χειροτονηθησόμενον
1475 4709 1804 4778 εὑρεθῆναι·

315 4823 333 4853 ι
380 4803 516 4854 ἀλλὰ
577 4799 654 4868 τῷ
712 4797 1058 4866 προλεχθέντι
1113 4796 1329 4866 ἀριθμῷ
1398 4799 1662 4869 προστεθῇ
1729 4797 1807 4863 εἷς

313 4911 330 4941 ι
381 4893 475 4942 καὶ
505 4889 596 4940 δύο
629 4889 720 4940 ἐπὶ
751 4885 912 4938 αὑτοῦ
937 4887 1027 4938 1:05
1054 4886 1207 4948 λαοῦ,
1243 4887 1302 4938 o5
1337 4887 1520 4954 μέλλει
1545 4890 1805 4958 ζχειροτο-

315 5001 332 5030 r
382 4979 610 5039 νεῖσθαι,
650 4975 977 5039 ἐξετασθῶσι
1018 4975 1231 5043 πρῶτον
1274 4976 1344 5026 τὰ
1401 4977 1662 5042 πρόσωπα
1703 4979 1805 5029 τῶν

315 5092 331 5119 σ
379 5067 771 5133 ἀντιλεγόντων
794 5080 808 5093 ·
848 5065 926 5127 είς
957 5063 1181 5132 ὕστερον
1207 5065 1314 5134 γὰρ
1351 5065 1440 5116 καὶ
1494 5065 1561 5116 τὰ
1612 5083 1806 5134 προτε-

315 5180 333 5210 r
382 5158 608 5226 θειμένα
641 5154 992 5222 συζευχθῶσι,
1031 5156 1124 5206 καὶ
1174 5154 1260 5206 ὅτε
1322 5154 1556 5223 καθαρὸς
1614 5156 1804 5220 φανείη

320 5272 334 5304 ι
382 5251 476 5303 ἐπὶ
503 5249 769 5317 δημοσίας
805 5244 1142 5313 προσόψεως,
1175 5241 1271 5296 εἷθ’
1308 5244 1448 5297 οὕτω
1499 5261 1806 5313 χειροτονη-

317 5361 334 5392 ε
386 5343 528 5409 θείη.
571 5339 697 5390 Ἐὰν
725 5333 819 5390 οὖν
847 5338 1000 5389 τοῦτο
1021 5335 1488 5404 ἀποκαταδὲχηιαι
1518 5337 1804 5404 ὴύμετέρα

319 5451 337 5483 ι
383 5431 686 5498 ἁγιωσύνη,
721 5432 787 5494 τῇ
819 5429 1138 5495 ὁμονοητικῇ
1169 5425 1458 5491 ἀποκρίσει
1493 5425 1584 5476 τοῦ
1605 5425 1799 5492 ὑμετέ-

315 5543 334 5574 ς
386 5540 476 5592 ρου
510 5519 817 5587 ἀξιώματος
867 5516 1206 5586 βεϐαιωθείη.
1250 5517 1380 5567 Ἀπὸ
1426 5516 1640 5568 πάντων
1698 5515 1800 5568 τῶν

314 5635 330 5665 ι
376 5612 693 5664 ἐπισκόπων
727 5607 940 5677 ἐλέχθη·
977 5611 1117 5662 Πάνυ
1148 5608 1388 5676 ἀρέσκει.
1424 5624 1440 5656 ι

1900 3091 2044 3159 sr0pi
2084 3089 2454 3151 adhibeantur,
2488 3089 2689 3142 servari
2729 3104 2833 3142 non
2867 3103 3049 3156 posse,
3079 3103 3174 3142 vos
3219 3089 3320 3157 ipsi
3367 3089 3455 3142 fa-

1901 3182 2002 3233 cile
2036 3181 2479 3232 animadvertitis.

1900 3268 2126 3322 ARIS'I‘.
2167 3287 2183 3317 ι
2221 3267 2416 3321 Tribus
2464 3267 2744 3335 pauciores
2785 3268 3050 3334 episcopis
3099 3269 3164 3322 ad
3211 3271 3456 3338 episc0pi

1978 3378 1998 3409 ι
2033 3359 2424 3412 ordinationem
2458 3357 2600 3409 haud
2634 3357 2924 3410 sulliciunl.
2965 3376 2984 3408 ι

1964 3445 2163 3499 Omnes
2195 3445 2434 3512 quidem,
2469 3445 2510 3496 si
2549 3442 2661 3496 ﬁeri
2698 3455 2893 3511 patcst,
2917 3447 3204 3513 provincia
3225 3449 3458 3515 episcopl

1902 3536 2327 3602 metropolitano:
2359 3536 2624 3587 sententia
2664 3537 2951 3589 convenire
2983 3537 3196 3601 debent,
3248 3546 3302 3591 et
3345 3542 3460 3606 cpi-

1903 3642 2092 3694 sc0p0s
2123 3628 2396 3680 ordinare.
2431 3625 2486 3678 Si
2522 3627 2848 3693 impossibile
2881 3635 3056 3680 autem
3083 3629 3238 3682 fuerit
3270 3645 3459 3683 omnes

1902 3718 2213 3775 convenire,
2270 3726 2488 3783 propter
2521 3717 2755 3782 aliquam
2804 3717 3204 3783 necessitatem,
3261 3720 3454 3773 saltem

1905 3821 2015 3861 tres
2051 3808 2326 3860 minimum
2363 3808 2550 3860 adesse
2575 3817 2805 3875 Oportet.
2838 3810 2999 3863 etiam
3034 3811 3345 3865 absentibus
3371 3825 3466 3880 per

1903 3898 2112 3951 litteras
2145 3911 2465 3950 consensum
2497 3913 2649 3949 suum
2695 3898 3076 3964 prrebentibus.

2479 3986 2704 4040 CANON
2742 3986 2876 4040 LIV.

1913 4096 1930 4128 ι
1973 4083 2110 4143 Quot
2141 4076 2376 4143 cpisc0pi
2415 4076 2573 4143 adjici
2613 4076 2841 4130 debeant
2885 4093 3109 4133 numero
3156 4096 3341 4135 eorum
3372 4083 3464 4150 qui

1983 4187 2001 4217 ι
2046 4169 2314 4224 ordinant.
2353 4168 2395 4218 si
2433 4167 2499 4220 de
2534 4168 2835 4220 ordinando
2868 4170 3117 4238 episcopo
3151 4171 3312 4226 fuerit
3340 4188 3466 4226 con-

1984 4275 2002 4307 ι
2040 4256 2466 4309 tradietio.‘lllud
2503 4268 2683 4309 autem
2746 4259 2967 4310 delinire
3014 4271 3248 4327 oportet.
3320 4272 3374 4315 ut
3419 4266 3462 4315 si

1981 4367 1998 4398 ι
2042 4349 2108 4400 ad
2151 4349 2385 4416 CpiSt‘Opi
2419 4349 2738 4402 electionem
2786 4350 3105 4419 quandoque
3145 4355 3468 4405 eouvcneri.

1987 4455 2004 4488 ι
2042 4453 2177 4497 ntus.
2207 4450 2257 4490 et
2285 4440 2470 4492 oborta
2502 4436 2662 4490 fuerit
2694 4437 2869 4505 aliqua
2904 4441 3287 4504 contradiclivi,
3317 4456 3477 4509 post—'

1987 4547 2004 4577 ‹
2043 4543 2201 4594 quam
2244 4542 2305 4579 ea
2343 4542 2368 4576 a
2408 4528 2562 4581 nobis
2593 4537 2817 4581 tractata
2852 4527 3047 4580 fuerint
3073 4544 3191 4583 esse
3211 4532 3466 4597 deinceps

1987 4636 2003 4667 ι
2052 4618 2212 4670 nimis
2248 4621 2416 4669 audax
2461 4619 2752 4684 inceptum,
2789 4629 2894 4671 tros
2930 4619 3070 4672 solos
3108 4620 3173 4672 ad
3215 4634 3334 4673 eum
3372 4623 3467 4673 de-

1981 4724 1999 4756 ι
2044 4709 2366 4773 ponendum,
2397 4707 2487 4773 qui
2537 4708 2869 4762 ordinandus
2909 4717 3007 4772 est,
3060 4709 3330 4763 inveniri:
3367 4712 3463 4764 sed

1984 4815 2001 4845 ι
2044 4796 2290 4863 ρτςειιὶιιιο
2318 4811 2539 4848 numero
2571 4796 2894 4863 adjiciantur
2921 4813 3076 4859 unus,
3113 4799 3193 4850 vel
3237 4799 3362 4860 duo,
3413 4811 3465 4852 et

1984 4904 2006 4936 ι
2040 4887 2089 4937 in
2123 4887 2308 4937 eodem
2345 4885 2559 4952 populo,
2591 4885 2740 4952 cujus
2775 4897 2856 4940 est
2883 4890 3230 4953 ordinandus,
3261 4892 3466 4941 exami-

1985 4993 2002 5025 ι
2045 4984 2241 5027 nentur
2271 4977 2502 5039 primum
2543 4989 2785 5042 persona:
2831 4991 3018 5029 eorum
3067 4977 3157 5044 qui
3191 4981 3456 5030 contradi-

1986 5085 2003 5115 ι
2041 5076 2200 5130 ειιιιι;
2227 5075 2408 5130 postea
2441 5076 2617 5118 autent
2647 5074 2700 5118 et
2721 5080 2837 5134 quae
2865 5078 2988 5119 sunt
3023 5073 3294 5135 proposita
3323 5082 3457 5119 con-

1988 5177 2004 5208 ι
2043 5157 2367 5226 jungantur;
2405 5166 2457 5209 et
2488 5155 2702 5223 quando
2735 5158 2785 5208 in
2823 5168 3041 5222 aspectu
3077 5158 3254 5226 populi
3299 5173 3467 5225 purus

1985 5266 2002 5298 ι
2045 5259 2098 5300 ει
2129 5248 2379 5299 innocens
2407 5245 2732 5312 apparuerit,
2753 5245 2945 5299 deinde
2973 5249 3050 5300 sic
3074 5249 3375 5300 ordinetur.
3409 5247 3467 5299 Si

1980 5356 2000 5389 ι
2042 5337 2140 5391 hoc
2174 5350 2299 5405 ergo
2331 5335 2579 5388 admittat
2628 5348 2808 5388 vestra
2862 5339 3124 5389 saueiitas
3150 5374 3165 5400 ,
3211 5342 3464 5389 concordi

1983 5447 2000 5478 ι
2040 5439 2225 5481 vestrae
2275 5428 2546 5492 dign’tatfs
2595 5428 2946 5494 rcSpousione
2998 5429 3323 5481 stabiliatnr.
3386 5429 3467 5480 Ab

1982 5543 1998 5570 ι
2039 5521 2282 5574 omnibus
2308 5520 2572 5586 episcopis
2606 5517 2804 5570 dictum
2840 5529 2918 5571 cst
2955 5535 2966 5570 :
2995 5517 3156 5571 Valde
3188 5521 3380 5586 placet.
