4000 6464
643 311 744 372 199

1881 300 2157 362 THEOD.
2213 301 2607 359 BALSAMON

3751 295 3871 356 200

644 434 749 476 tum
779 421 822 476 si
863 433 983 473 reus
1013 419 1064 472 in
1097 417 1272 488 populi
1326 419 1640 484 conspectu,
1680 411 1730 465 id
1787 419 1889 470 est,
1923 411 1974 462 in
2008 420 2186 476 aperta
2211 410 2299 462 illa
2320 410 2694 476 disquisitione
2718 423 2774 461 se
2799 408 3072 461 innoxium
3128 407 3454 476 probaverit,
3515 409 3585 461 ita
3634 410 3864 462 demum

643 517 712 567 ad
746 515 1088 580 episc0patus
1123 509 1435 580 dignitatem
1491 507 1641 562 evehi
1693 505 1866 556 liceat.
1918 501 2066 555 Ilanc
2100 501 2201 555 sibi
2224 504 2542 557 sententiam
2595 517 2782 556 omnes
2813 501 3045 569 episcopi
3103 503 3446 554 vehementer
3500 500 3716 567 placere
3765 510 3866 551 re-

645 604 993 670 sponderunt.

655 689 875 745 AltIST.
949 710 967 740 ι
1002 691 1260 758 Episcopo
1313 705 1342 741 a
1383 689 1549 742 tribus
1602 688 1862 754 episcopis
1912 686 2104 747 electo,
2139 684 2182 737 si

2292 682 2507 737 ΑΡΙΣΤ.
2549 698 2567 728 ι
2615 680 2942 731 Ἑπισκόττου
2979 679 3081 731 ὑπὸ
3121 678 3286 748 τριῶν
3336 679 3648 728 ἐπισκόπων
3681 676 3858 742 ψηφι-

721 798 740 828 ‹
771 781 1134 832 controversia
1173 781 1236 833 de
1265 794 1327 831 eo
1379 788 1678 841 moveatur,
1717 779 1808 830 alii
1865 778 1970 830 duo
2003 776 2191 837 adiun-

717 887 734 919 ι
771 878 998 933 gantur;
1046 878 1097 919 et
1162 869 1259 930 sie,
1293 882 1408 933 qua:
1469 869 1532 920 ad
1594 883 1713 920 eum
1746 873 1988 934 spectant
2019 866 2084 916 ab
2127 865 2190 917 iis

720 981 737 1011 ι
773 961 1191 1014 examinentur:
1241 971 1294 1014 et
1347 962 1390 1014 si
1451 976 1615 1028 purus
1657 961 1992 1029 apparuerit,
2045 957 2191 1010 ordi-

718 1068 736 1101 ι
775 1064 950 1108 ttelttr,
987 1069 1006 1101 ι

1235 1139 1458 1194 CANON
1485 1139 1592 1193 LV.

648 1243 665 1274 ι
718 1225 786 1281 L't
815 1229 1149 1286 ab'Eeclesia
1207 1228 1612 1295 Cartliaginensi
1655 1229 1765 1280 dies
1796 1226 2012 1280 Pascha:
2054 1242 2192 1278 nun-

701 1336 736 1367 ιι
779 1320 958 1371 tietur.
984 1319 1286 1372 Ilonoralus
1309 1331 1359 1372 et
1378 1317 1625 1372 Urbanus
1648 1318 1877 1384 episcopi
1903 1318 2146 1369 dixerunt
2173 1336 2186 1370 :

717 1424 737 1456 ‹
776 1406 910 1471 Quia
962 1409 1134 1460 omnia
1167 1423 1284 1476 qtne
1318 1415 1441 1460 sunt
1479 1409 1528 1459 in
1566 1417 1750 1459 nostro
1779 1407 2189 1459 eommonitorio

718 1516 736 1547 ι
776 1499 1101 1566 conjungere
1144 1508 1376 1567 Oportet,
1410 1498 1690 1565 adjicimus
1740 1510 1998 1564 prteterea
2044 1498 2188 1565 quod

728 1605 745 1634 ε
786 1585 941 1639 nobis
1002 1589 1309 1640 mandatum
1357 1598 1438 1640 est
1473 1589 1538 1640 de
1570 1589 1654 1639 die
1691 1587 1922 1649 Paschze,
1961 1597 2018 1637 ιιι
2055 1587 2192 1639 sicut

717 1693 735 1724 ι
781 1684 864 1728 est
905 1687 1240 1738 consuetum,
1281 1691 1490 1744 semper
1523 1677 1589 1729 ab
1639 1675 1870 1729 Eccleéia
1905 1675 2186 1742 Carthagi-

723 1784 741 1813 ι
794 1765 963 1816 ιιὶιλιιεί
996 1781 1374 1831 pra'pareinnr,
1401 1777 1451 1818 et
1481 1782 1581 1818 non
1617 1767 1668 1818 in
1691 1773 1912 1833 angusto
1942 1765 2192 1831 temporis

712 1873 729 1904 ι
766 1855 1066 1907 intervallo.
1096 1856 1346 1906 Aurelius
1369 1858 1646 1922 episcopus
1674 1857 1840 1908 dixit:
1877 1852 1930 1908 Si
1953 1856 2192 1907 videatur

708 1961 727 1991 ι
769 1953 959 1995 vestra:
983 1945 1255 1995 sanetitati
1281 1980 1295 2003 ,
1335 1947 1454 2010 quin
1482 1945 1821 1996 nn;niininuts
1855 1959 1949 1994 nos
1972 1946 2074 2008 jam
2103 1943 2189 1995 diu

714 2049 733 2080 ι
767 2045 887 2083 esse
931 2033 1224 2098 professos,
1289 2033 1513 2099 singulis
1576 2034 1729 2085 annis
1783 2033 2072 2084 convenire
2122 2032 2184 2082 ad
2223 2037 2264 2090 Β

716 2139 732 2169 ι
768 2124 1146 2187 (μιαιι-ειιιιιιιιις
1199 2124 1413 2189 quando
1453 2124 1502 2174 in
1566 2138 1728 2190 unum
1761 2123 2184 2180 convcuerimus.

706 2224 725 2257 ι
770 2218 896 2260 tunc
931 2208 1268 2275 cvnlpabitnr
1289 2211 1459 2262 sarcti
1485 2210 1604 2263 l‘aSt
1623 2212 1700 2261 ha-
1716 2211 1823 2261 dies
1845 2226 1938 2276 per
1967 2210 2185 2277 legatos.

713 2314 730 2344 ι
764 2298 852 2362 qui
889 2298 939 2347 in
994 2299 1200 2364 synodo
1246 2301 1602 2350 invenientur.
1649 2300 1955 2351 Honoratus
1997 2309 2049 2349 et
2084 2299 2185 2352 Ur-

713 2403 730 2432 ι
769 2385 940 2437 banus
969 2386 1206 2454 episcopi
1242 2389 1484 2440 dixerunt
1510 2405 1522 2439 :
1553 2387 1701 2440 Nunc
1753 2404 1845 2453 per
1873 2399 2184 2452 praesentem

725 2492 742 2522 ι
781 2485 1102 2526 conventum
1155 2475 1409 2542 petimus,
1451 2488 1506 2527 ιιι
1539 2488 1746 2529 nostras
1778 2479 2077 2544 provincias
2108 2479 2189 2530 lit-

717 2583 735 2614 ι
774 2563 1213 2617 terisinformare
1265 2566 1578 2632 dignemini.
1638 2568 1883 2620 Aurelius
1905 2561 2186 2635 episcopus

715 2673 732 2704 ι
771 2654 935 2718 dixit;
967 2653 1200 2708 Necesse
1234 2665 1316 2708 est
1347 2656 1418 2708 ita
1455 2657 1589 2709 ﬁcri.

709 2937 904 2991 BALS.
939 2937 1070 2990 Cum
1105 2936 1411 2989 Honoratus
1460 2948 1513 2989 et
1569 2936 1818 2991 Urbanus
1851 2937 2179 3004 petivissent,

638 3035 696 3075 nt
734 3033 1147 3095 cognosceretur
1169 3025 1282 3078 dies
1325 3024 1547 3076 Pascha:
1580 3039 1646 3076 ex
1675 3023 1910 3077 Ecclesia
1963 3024 2188 3075 Cartha-

637 3115 865 3181 ginensi,
898 3123 954 3166 ut
1006 3115 1303 3182 cognitione
1343 3113 1498 3180 longo
1540 3125 1662 3166 ante
1715 3124 1946 3180 tempore
1971 3114 2090 3163 data
2122 3111 2186 3163 ad

632 3217 750 3255 eam
779 3211 1241 3270 prrepararentur;
1293 3203 1564 3269 respondit
1596 3201 1849 3253 Aurelius
1887 3201 2024 3268 quod
2058 3201 2183 3266 quia

633 3294 986 3345 constitutum
1021 3303 1121 3356 est,
1158 3303 1213 3345 ut
1242 3293 1464 3360 singulis
1492 3293 1646 3344 annis
1677 3292 1766 3343 liat
1799 3291 2056 3360 synodus,
2083 3290 2184 3342 hoc

633 3395 851 3449 quoque
881 3381 989 3434 ﬁet.
1021 3381 1283 3435 Similiter
1310 3397 1430 3434 cum
1461 3381 1618 3433 iidem
1646 3381 1978 3445 petivissent,
2011 3391 2066 3431 ut
2094 3394 2185 3432 eo-

644 3485 764 3524 rum
799 3486 1006 3538 quoque
1049 3471 1461 3524 infortuarentnr
1494 3471 1802 3538 provinciae,
1834 3471 1932 3523 hoc
1977 3485 2188 3537 (Illoque

635 3559 747 3613 liei‘i
776 3571 1034 3613 statutum
1064 3570 1144 3612 est

703 3753 957 3807 ZONAR.
991 3751 1149 3806 Plura
1181 3753 1252 3804 illi
1287 3754 1336 3805 in
1371 3753 1637 3804 mandatis
1671 3753 1957 3816 habebant,
1989 3754 2054 3807 de
2074 3755 2188 3821 qui-

635 3832 734 3896 hus
765 3845 818 3895 in
856 3847 1060 3910 synodo
1093 3844 1250 3895 verba
1286 3842 1463 3896 facere
1488 3844 1620 3910 jnssi
1663 3841 1894 3896 fuerant.
1927 3844 2182 3908 Quoniam

634 3933 816 3999 igitur,
860 3933 1127 3998 inquiunt,
1159 3934 1334 3984 omnia
1367 3932 1734 4001 coniungenda
1763 3943 1908 3992 sunt,
1947 3935 2047 3986 hoc
2079 3944 2179 3995 est,

635 4022 1005 4089 Superioribus
1031 4022 1380 4084 annectenda,
1409 4037 1525 4088 qum
1561 4022 1612 4072 in
1641 4021 2061 4074 Commonitorio
2090 4038 2184 4075 no-

634 4114 716 4163 liis
767 4113 959 4163 tradita
1017 4121 1145 4164 sunt
1208 4114 1528 4178 conscripta,
1578 4111 1704 4163 illud
1755 4127 1964 4178 quoque
2005 4122 2184 4165 nostro

636 4202 1033 4268 hypomneniati
1097 4202 1431 4267 adjungimus
1488 4203 1552 4253 de
1613 4203 1696 4254 die
1751 4201 1986 4263 Pascha,
2036 4214 2182 4256 utea

635 4294 840 4346 scilicet
884 4293 1036 4345 nobis
1072 4296 1136 4344 ab
1163 4291 1398 4344 Ecclesia
1426 4293 1830 4360 Carthaginiensi
1856 4295 2178 4356 declaretur,

630 4392 736 4451 quo
767 4399 865 4437 nos
913 4385 975 4435 ad
1036 4398 1152 4436 eam
1188 4383 1555 4437 celebrandum
1608 4385 1772 4438 multo
1806 4394 1926 4448 ante
1964 4400 2179 4452 compa-

633 4483 829 4536 teinns,
874 4490 1042 4540 neque
1066 4475 1115 4525 in
1149 4478 1420 4542 angustias
1457 4483 1753 4540 temporum
1783 4476 2043 4536 deductis,
2071 4486 2177 4527 tum

631 4566 840 4615 demum
872 4579 933 4614 ea
981 4564 1132 4616 nobis
1168 4565 1449 4617 indicetur.
1482 4565 1560 4616 Ad
1591 4580 1706 4628 qua:
1736 4565 2012 4617 Aurelius:
2042 4565 2177 4626 Quo:

2373 791 2390 822 ι
2438 771 2700 838 ζομένου,
2758 773 2804 822 εἰ
2857 769 3128 836 ἀντιλογία
3183 767 3406 835 γένηται
3461 766 3590 834 περὶ
3655 763 3859 824 αὑτοῦ,

2369 879 2388 911 ι
2432 862 2610 929 ἕτεροι
2662 861 2752 912 δύο
2813 859 3369 928 προσζευχθὴτωσανο
3426 856 3518 907 καὶ
3585 853 3728 906 οὕτω
3784 855 3860 904 τὰ

2367 967 2386 1001 ι
2429 951 2548 1002 κατ’
2581 949 2740 1001 αὑτὸν
2772 949 2861 1000 ὑπ’
2895 949 3070 999 αὐτῶν
3125 948 3484 1014 ἐξετασθήτωο
3527 947 3618 996 καὶ
3643 947 3714 1000 ,εἰ
3742 959 3861 1010 φα-

2368 1058 2387 1091 (
2429 1043 2541 1108 νείη
2574 1041 2832 1109 καθαρὸς,
2865 1040 3292 1108 χειροτονείσθω.
3329 1057 3348 1089 ι

2861 1130 3091 1181 ΚΑΝΩΝ
3143 1129 3264 1180 ΝΕ’.

2298 1241 2318 1274 ‹
2369 1222 2530 1274 Ὥστε
2563 1221 2670 1272 ἀπὸ
2702 1221 2799 1288 τῆς
2847 1221 3160 1293 ἐκκλησίας⁸
3194 1221 3539 1288 Καρχηδόνος
3591 1219 3868 1284 ἀγγέλλε-

2371 1335 2387 1365 ι
2436 1311 2557 1362 σθαι
2583 1312 2677 1380 τὴν
2695 1313 2904 1381 ἡμέραν
2931 1312 3022 1364 τοῦ
3051 1308 3571 1380 Πάσχα.⁸ονωρό’.τος
3597 1315 3692 1363 και
3710 1311 3789 1361 0νῦ
3801 1327 3870 1379 ρο

2371 1429 2388 1458 ι
2436 1409 2593 1468 δανδς
2634 1407 2683 1458 οξ
2730 1409 3014 1458 ἐπίσκοποι
3067 1403 3238 1456 εῐπον·
3305 1403 3523 1471 Ἐπειδὴ
3580 1402 3648 1454 τὰ
3682 1405 3742 1453 ἐν
3776 1400 3864 1466 τῷ

2372 1519 2388 1550 ι
2436 1500 2843 1566 Κομμονιτορίῳ
2878 1497 3034 1567 ἡμῶν
3064 1499 3238 1548 πάντα
3260 1495 3337 1545 δεῖ
3371 1492 3644 1557 συζεῦξαι,
3681 1507 3869 1560 προσ-

2369 1610 2386 1640 σ
2430 1592 2650 1658 τίθεμεν
2709 1591 2788 1640 ἔτι
2827 1589 2923 1656 μὲν
2964 1589 3214 1640 ἐνταλθὲν
3243 1589 3373 1655 ήμῖν
3405 1587 3531 1652 περὶ
3580 1585 3678 1651 τῆς
3713 1582 3853 1651 ὴμέ-

2369 1702 2386 1732 ι
2435 1700 2531 1750 ρας
2583 1681 2674 1733 τοῦ
2729 1683 2939 1748 Πάσχα,
2992 1681 3077 1730 ἵνα
3131 1680 3268 1731 κατὰ
3300 1680 3358 1729 τὸ
3391 1677 3580 1737 εἰωθὸς
3611 1674 3721 1726 ἀπὸ
3755 1675 3864 1740 τῆς

2369 1792 2385 1823 ι
2445 1773 2766 1842 Ἐκκλησίας
2789 1771 3130 1840 Καρχηδόνος
3161 1771 3243 1821 ἀεὶ
3271 1764 3863 1834 παρασκευαζώμεθα,

2367 1882 2386 1914 ‹
2431 1865 2523 1914 καὶ
2549 1863 2621 1930 μὴ
2657 1865 2712 1912 ὲν
2750 1861 2918 1930 στενῷ
2940 1861 3032 1912 τοῦ
3055 1861 3243 1928 χρόνου
3279 1859 3626 1926 διαστήματι.
3665 1856 3863 1923 Αὐρή-

2368 1971 2385 2002 ι
2432 1954 2541 2014 λιος
2571 1953 2865 2012 ἐπίσκοπος
2894 1947 3063 2002 εἶπεν·
3112 1949 3234 2000 Ἐὰν
3264 1949 3392 2015 δοκῇ
3447 1949 3512 2014 τῇ
3564 1943 3860 2011 ἁγιωσύνῃ

2365 2063 2383 2095 ι
2431 2044 2604 2109 ὑμῶν,
2631 2043 2818 2111 ἐπειδὴ
2854 2041 3179 2110 μεμνήμεθα
3208 2040 3306 2108 ἤδη
3340 2040 3402 2088 ὲκ
3452 2035 3645 2086 πολλοῦ
3704 2035 3864 2103 ἡμᾶς

2364 2154 2380 2185 ι
2429 2133 2949 2201 ἐπαγγειλαμένους,
3010 2131 3149 2183 ὥστε
3179 2133 3236 2181 ὲν
3270 2127 3521 2185 ἑκάστοις
3583 2125 3864 2182 ἐνιαυτοῖς

2365 2241 2382 2271 ι
2430 2221 2780 2290 συνέρχεσθαι
2809 2222 2940 2288 προς
2966 2219 3025 2270 τὸ
3054 2236 3108 2270 σι
3129 2220 3318 2285 ζητεῖν,
3351 2217 3475 2267 ὅταν
3505 2216 3581 2274 εἰς
3611 2214 3670 2264 ἓν
3706 2230 3846 2264 συν·

2365 2329 2382 2360 ι
2429 2310 2696 2376 έλθωμεν,
2760 2309 2878 2359 τότε
2937 2307 3306 2374 διαδοοήσεται
3339 2304 3430 2356 τοῦ
3465 2303 3618 2368 ἁγίου
3656 2301 3858 2373 Πάσχα

2365 2417 2382 2450 ι
2430 2400 2461 2466 ἡ
2493 2399 2671 2467 ἡμέρα
2699 2397 2786 2449 διὰ
2815 2397 2922 2447 τῶν
2951 2395 3393 2464 εὑρεθησομένων
3449 2396 3504 2444 ὲν
3549 2395 3616 2460 τῇ
3644 2390 3856 2458 συνόδῳ

2365 2506 2382 2538 ι
2429 2503 2626 2556 τοποτη
2639 2487 2838 2555 ρητῶν.
2865 2486 3166 2554 ὐνωρᾶτος
3208 2484 3301 2536 καὶ
3327 2483 3398 2533 Οὐ
3410 2482 3599 2551 ρὸανὸς
3625 2481 3858 2531 ἐπίσκοέ

2365 2596 2383 2627 ι
2431 2595 2520 2628 ποι
2548 2574 2732 2629 εἷπον·
2764 2575 2876 2630 Νῦν
2905 2577 2989 2626 δια
3017 2575 3111 2643 τῆς
3148 2573 3426 2642 παρούσης
3477 2570 3859 2631 συνελεύσεως

2363 2686 2382 2721 ι
2427 2669 2705 2738 αἰτοῦμεν,
2735 2669 2821 2720 ἵνα
2849 2668 3138 2736 γράμμασι
3165 2665 3412 2716 τυπῶσαι
3442 2664 3538 2726 τὰς
3567 2662 3856 2732 ἡμετέρας

2364 2761 2688 2828 «ἐπαρχίας
2761 2756 3155 2824 καταξιώσητε.
3205 2755 3466 2823 Αὐρήλιος
3545 2752 3858 2813 ἐπίσκοπος

2366 2869 2383 2900 ι
2429 2848 2601 2901 εἶπεν
2645 2848 2965 2914 Ἀναγκαῖόν
2989 2849 3135 2898 ἐστιν
3169 2844 3310 2896 οὓτω
3341 2844 3615 2911 γενέσθαι.
3647 2860 3667 2893 ι

2359 2941 2554 2992 ΒΔΛΣ.
2613 2938 2720 2990 Τοῦ
2765 2939 3067 3006 ὐνωράτου
3093 2937 3184 2988 καὶ
3225 2937 3314 2987 τοῦ
3349 2933 3628 3002 Οὑρὸανοῦ
3678 2933 3856 3001 ζητη-

2291 3029 2497 3079 οάντων
2561 3027 2867 3095 γνωσθῆναι
2897 3027 2993 3092 τὴν
3027 3015 3237 3094 ήμέρᾶν
3291 3025 3384 3075 τοῦ
3441 3024 3632 3092 Πάσχα
3662 3025 3854 3084 αὐτοτς

2288 3118 2394 3168 ἀπὸ
2427 3117 2526 3182 τῆς
2567 3117 2888 3185 Ἑκκλησίας
2925 3116 3286 3184 Καρχηδόνος,
3320 3115 3394 3175 ὡς
3448 3115 3535 3175 ἂν,
3589 3114 3856 3181 εἱδήσεως

2287 3208 2569 3276 διδομένης
2601 3208 2705 3276 πρὸ
2752 3207 2942 3276 καιροῦ
3005 3207 3267 3269 πλείονος,
3321 3205 3859 3276 παρασκευάζωνται

2295 3297 2429 3366 πρὸς
2461 3297 2685 3365 ταύτην,
2738 3297 3010 3366 ἀπεκρίθη
3043 3300 3070 3348 6
3100 3297 3364 3368 Αὐρήλιος
3402 3298 3506 3360 ὅτι,
3558 3296 3683 3347 ἐπεὶ
3727 3294 3859 3346 καθ’

2293 3386 2518 3437 ἕκαστον
2554 3388 2796 3439 ἐνιαυτὸν
2837 3388 3145 3439 τετύπωται
3211 3387 3422 3440 σύνοδον
3469 3385 3719 3453 γίνεσθαι
3756 3384 3858 3435 καὶ

2291 3475 2465 3528 τοῦτο.
2513 3476 2783 3536 Ὡσαύτως
2811 3477 3160 3544 ζητησάντων
3231 3477 3338 3528 τῶν
3365 3477 3544 3527 αὐτῶν
3589 3476 3860 3543 τυπωθῆὸ

2292 3583 2374 3617 ναι
2407 3565 2498 3616 καὶ
2524 3565 2618 3625 τὰς
2655 3566 2855 3616 τούτων
2879 3567 3162 3634 ἐπαρχίας,
3189 3565 3393 3634 ὡρίσθη
3424 3565 3677 3632 γενέσθαι
3731 3570 3836 3618 καὶ

2290 3656 2468 3710 τοῦτο.

2362 3749 2606 3801 ΖΩΝΑΡ.
2636 3748 2773 3816 Περὶ
2824 3761 3095 3814 οιαφορων
3131 3746 3437 3800 ὑποθέσεων
3479 3746 3856 3816 ὲνετάλθησαν

2288 3833 2430 3891 οῦτοι
2484 3841 2658 3890 εἰπεῖν
2691 3841 2748 3889 ἐν
2797 3841 2860 3907 τῇ
2890 3840 3102 3907 συνόδῳ,
3158 3839 3251 3890 καί
3286 3856 3451 3906 φασιν
3499 3840 3600 3902 ὅτι,
3657 3841 3857 3907 ἐπειδὴ

2288 3929 2461 3978 πάντα
2489 3928 2568 3977 δεῖ
2596 3926 2868 3990 συζεῦξαι,
2900 3927 3064 3995 ’ήγουν
3097 3928 3332 3993 συνάψαι
3358 3927 3466 3987 τοῖς
3490 3927 3854 3995 προλαϐοῦσι,

2285 4018 2393 4075 τοῖς
2421 4019 2474 4067 ὲν
2503 4016 2577 4083 τῷ
2607 4017 3020 4084 Κομμονιτορίῳ
3045 4017 3216 4083 ήμῶν,
3251 4018 3359 4078 τοῖς
3392 4017 3448 4066 ὲν
3476 4016 3552 4084 τῷ
3584 4018 3858 4085 ὲνταλτη-

2291 4105 2387 4171 ρίῳ
2421 4105 2575 4172 ἡμῶν
2603 4105 2966 4172 προστίθεμεν
3000 4110 3126 4173 περὶ
3159 4107 3254 4174 τῆς
3278 4107 3488 4175 ἡμέρας
3507 4107 3600 4158 τοῦ
3626 4108 3786 4176 Πάσχ
3835 4147 3851 4171 ,

2288 4195 2370 4245 ἵνα
2399 4195 2526 4263 δηλη
2560 4197 2686 4262 ἡμῖν
2717 4195 2939 4262 γένηται
2973 4196 3080 4246 ἀπὸ
3104 4196 3203 4264 τῆς
3241 4196 3575 4264 Ἐκκλησίας
3613 4199 3852 4268 Καρχη-

2283 4285 2449 4346 δόνος,
2486 4289 2576 4337 καὶ
2612 4288 3154 4356 παρασκευαζώμεθα
3206 4290 3342 4356 πρὸς
3377 4290 3548 4356 αὐτὴν
3575 4291 3684 4357 πρὸ
3714 4295 3854 4343 πολ-

2284 4374 2396 4437 λοῦ,
2436 4379 2526 4426 καὶ⁹
2562 4377 2634 4444 μὴ
2669 4380 2724 4428 ὲν
2757 4379 2925 4444 στενῴ
2952 4379 3276 4446 διαστήματι
3326 4381 3519 4448 χρόνου
3569 4381 3854 4449 μηνύηται

2283 4469 2434 4535 ἡμῖν.
2489 4468 2629 4537 Πρὸς
2659 4469 2685 4519 ὃ
2717 4471 2744 4519 ὁ
2775 4469 3042 4538 Αὐρήλιος
3093 4470 3362 4538 ἀπεκρίθη
3415 4471 3518 4533 ὅτι,
3564 4471 3691 4523 ἐπεὶ
3727 4473 3853 4523 καθ’

2283 4559 2510 4610 ἕκαστον
2565 4560 2808 4611 ἐνιαυτόν
2855 4560 3160 4612 τετύπωται
3225 4560 3439 4613 σύνοδον
3482 4561 3758 4626 γίνεσθαι,
3795 4567 3853 4613 ἑν

633 4653 798 4715 niam,
852 4651 1045 4719 inquit,
1098 4654 1357 4718 synodum
1395 4665 1526 4720 quot
1575 4656 1731 4706 annis
1767 4656 1945 4706 haberi
1981 4655 2181 4706 consti-

2292 4650 2359 4717 τῷ
2414 4649 2588 4716 καιρῴ
2631 4651 2725 4711 τῆς
2782 4651 2999 4701 συνόδου
3051 4651 3481 4717 γνωρισθήσεται
3527 4655 3618 4702 καὶ
3669 4654 3701 4721 ἡ
3749 4654 3851 4705 τοῦ

633 4751 802 4794 totum
855 4749 956 4803 est,
1011 4743 1192 4810 synodi
1253 4753 1488 4810 tempore
1549 4745 1761 4798 Paseliae
1822 4760 2033 4813 quaque
2066 4745 2179 4797 dies

631 4831 946 4898 proferetur.
999 4831 1151 4895 Quod
1206 4846 1330 4884 vero
1371 4835 1494 4884 dicti
1535 4837 1766 4898 episcopi
1820 4836 2176 4901 postulabant,

633 4921 686 4971 id
716 4933 851 4982 erat,
880 4931 1073 4973 ttttunc
1104 4923 1378 4986 temporis,
1405 4921 1451 4971 in
1484 4924 1768 4987 provinciae
1787 4939 1893 4975 sum
1914 4931 2179 4976 conventu

629 5011 843 5063 Pascha:
899 5011 1009 5063 dies
1050 5012 1381 5063 dcliniretur.
1414 5012 1605 5064 Verum
1649 5014 1697 5063 id
1737 5013 1943 5064 factum
1989 5014 2169 5077 fuerit,

626 5116 810 5160 necne,
850 5101 948 5152 hoc
977 5117 1181 5153 canone
1214 5117 1469 5169 nusquam
1504 5103 1817 5169 explicatur.

622 5190 844 5244 AlllST.
907 5208 924 5239 ι
981 5189 1034 5241 1n
1071 5193 1268 5258 synodo
1300 5195 1662 5244 anniversaria
1710 5194 2033 5249 celebritatis
2072 5195 2174 5248 Pa-

673 5294 692 5325 σ
727 5280 917 5332 scindis
940 5279 1053 5330 dies
1073 5284 1136 5330 ab
1166 5279 1402 5332 Ecclesia
1443 5282 1850 5350 Cartliaginensi
1896 5286 2169 5336 renuntie-

696 5387 712 5414 ί
751 5381 850 5421 tur.
885 5389 901 5418 ι

685 5457 833 5519 Quod
879 5462 927 5510 in
964 5460 1166 5528 synodo
1210 5461 1460 5526 quotanis
1487 5460 1662 5513 habita
1699 5463 1748 5513 in
1787 5461 2170 5515 EcolesiaCar-

620 5549 918 5616 ιιι-εἱειειιεί
955 5555 1067 5603 dies
1102 5551 1317 5604 Pascha:
1353 5554 1735 5619 siguiIiCandns
1771 5563 1870 5616 cst,
1914 5562 1965 5606 et
2002 5554 2052 5605 in
2077 5568 2165 5607 ca-

619 5656 752 5694 none
785 5641 848 5693 El
875 5641 1143 5693 decretum
1178 5639 1291 5693 fuit.

2285 4745 2472 4809 Πάσχα
2495 4745 2699 4811 ἡμέρα.
2749 4744 2811 4793 οι
2841 4744 2894 4793 δὲ
2930 4745 3205 4810 εἰρημένοι
3263 4744 3546 4794 ἐπίσκοποι
3599 4742 3850 4812 ὴξίωσαν

2285 4835 2342 4884 ὲν
2393 4836 2464 4900 τῇ
2526 4833 2829 4884 συνελεύσει
2892 4835 2988 4899 τῆς
3048 4836 3314 4901 ἐπαρχίας
3362 4835 3541 4886 αὐτῶν
3592 4835 3689 4887 τοῦ
3721 4839 3850 4887 τότε

2287 4924 2472 4989 καιροῦ
2524 4925 2836 4991 τυπωθῆναι
2888 4928 2985 4984 τὰς
3032 4926 3248 4992 ἡμέρας
3304 4925 3397 4976 τοῦ
3459 4926 3672 4993 Πάσχα.
3722 4928 3849 4979 Εῐτε

2281 5013 2336 5063 δὲ
2361 5013 2730 5081 ἐτυπώθησαν,
2777 5016 2880 5064 εἴτε
2914 5016 3008 5082 μὴ,
3045 5017 3071 5064 ὁ
3105 5015 3278 5066 κανὼν
3307 5017 3365 5065 ού
3399 5016 3661 5083 περιέχει.

2276 5187 2490 5239 ΑΡΙΣΤ.
2526 5207 2542 5237 ι
2592 5189 2675 5238 Ἑν
2721 5206 2786 5256 τη
2847 5190 2968 5240 κατ’
3005 5189 3119 5250 ἔτος
3183 5190 3384 5272 σξνόδῳ
3417 5191 3771 5256 αγγεὶλέσθω
3818 5195 3849 5260 ἡ

2351 5299 2366 5328 ι
2429 5280 2607 5348 ἡμέρα
2669 5280 2758 5330 τοῦ
2817 5281 3000 5348 Πάσχα
3049 5282 3198 5350 παρὰ
3257 5285 3352 5352 τῆς
3413 5285 3468 5333 ὲν
3529 5285 3847 5352 Καρχηδόνι

2351 5389 2366 5418 ι
2419 5370 2765 5436 Ἰ⁴ῖκκ>ηοία;.

2342 5458 2410 5508 Τὸ
2441 5460 2496 5506 ἐν
2528 5462 2590 5523 τῇ
2635 5457 2748 5507 κατ’
2778 5459 2892 5516 ἔτος
2947 5458 3204 5526 γινομένῃ
3250 5458 3448 5525 συνόδῳ
3497 5460 3574 5519 εἰς
3625 5460 3728 5528 τὴν
3789 5478 3849 5512 εν

2274 5548 2575 5614 Καρχηδόνι
2615 5547 2932 5612 Ἐκκλησίαν
2963 5549 3054 5617 τὴν
3076 5552 3284 5618 ἡμέραν
3307 5551 3398 5601 τοῦ
3423 5550 3612 5618 Πάσχα
3645 5557 3851 5619 γνωρί-

2276 5639 2459 5699 ζεσθαι
2515 5640 2606 5688 καὶ
2642 5640 2695 5688 ὲν
2725 5641 2797 5705 τῷ
2824 5637 2890 5688 ἰδ’
2926 5644 3102 5692 κανόνι
3135 5641 3363 5710 ὡρίσθη.
