  <div class='ocr_page' id='page_1' title='image "/cluster/home/n/w/nwhite01/storage/ocr_20150623/138/ien.35556001660133/113.png"; bbox 0 0 4000 6458; ppageno 0'>
   <div class='ocr_carea' id='block_1_1' title="bbox 582 255 2162 330">
    <p class='ocr_par' dir='ltr' id='par_1_1' title="bbox 582 255 2162 327">
     <span class='ocr_line' id='line_1_1' title="bbox 582 255 2162 327; baseline 0.006 -12"><span class='ocrx_word' id='word_1_1' title='bbox 582 255 689 316; x_wconf 72' lang='grc'><strong>283</strong></span> <span class='ocrx_word' id='word_1_2' title='bbox 1836 266 1932 323; x_wconf 77' lang='grc' dir='ltr'>ΤΗ</span> <span class='ocrx_word' id='word_1_3' title='bbox 1946 267 2107 327; x_wconf 81' lang='lat' dir='ltr'><strong>EOD.</strong></span> <span class='ocrx_word' id='word_1_4' title='bbox 2153 268 2162 324; x_wconf 76' lang='lat' dir='ltr'><strong>l</strong></span> 
     </span>
    </p>
   </div>
   <div class='ocr_carea' id='block_1_2' title="bbox 2248 255 3828 330">
    <p class='ocr_par' dir='ltr' id='par_1_2' title="bbox 2252 261 3828 330">
     <span class='ocr_line' id='line_1_2' title="bbox 2252 261 3828 330; baseline 0.001 -3"><span class='ocrx_word' id='word_1_5' title='bbox 2252 270 2382 328; x_wconf 71' lang='lat' dir='ltr'><strong>LSA</strong></span> <span class='ocrx_word' id='word_1_6' title='bbox 2393 272 2547 330; x_wconf 78' lang='grc' dir='ltr'><strong>ΜοΝ</strong></span> <span class='ocrx_word' id='word_1_7' title='bbox 3703 261 3828 328; x_wconf 65' lang='grc' dir='ltr'>εσῑ</span> 
     </span>
    </p>
   </div>
   <div class='ocr_carea' id='block_1_3' title="bbox 1146 374 2726 440">
    <p class='ocr_par' dir='ltr' id='par_1_3' title="bbox 1146 374 2214 440">
     <span class='ocr_line' id='line_1_3' title="bbox 1146 374 2214 440; baseline 0.011 -12"><span class='ocrx_word' id='word_1_8' title='bbox 1146 374 1370 440; x_wconf 72' lang='grc' dir='ltr'><strong>ΟᾼΝΟΝ</strong></span> <span class='ocrx_word' id='word_1_9' title='bbox 1425 376 1582 430; x_wconf 66' lang='lat' dir='ltr'><strong>LV&#39;ll.</strong></span> <span class='ocrx_word' id='word_1_10' title='bbox 2169 391 2214 440; x_wconf 76' lang='grc' dir='ltr'><strong>Δ</strong></span> 
     </span>
    </p>
   </div>
   <div class='ocr_carea' id='block_1_4' title="bbox 1648 374 3228 440">
    <p class='ocr_par' dir='ltr' id='par_1_4' title="bbox 2169 386 3228 440">
     <span class='ocr_line' id='line_1_4' title="bbox 2169 386 3228 440; baseline 0 0"><span class='ocrx_word' id='word_1_11' title='bbox 2169 391 2214 440; x_wconf 76' lang='grc' dir='ltr'><strong>Δ</strong></span> <span class='ocrx_word' id='word_1_12' title='bbox 2818 386 3056 440; x_wconf 55' lang='grc' dir='ltr'><strong>ΚᾹΝΩΝ</strong></span> <span class='ocrx_word' id='word_1_13' title='bbox 3105 387 3228 440; x_wconf 73' lang='lat' dir='ltr'><strong>NZ‘.</strong></span> 
     </span>
    </p>
   </div>
   <div class='ocr_carea' id='block_1_5' title="bbox 588 461 2168 546">
    <p class='ocr_par' dir='ltr' id='par_1_5' title="bbox 588 461 2137 542">
     <span class='ocr_line' id='line_1_5' title="bbox 588 461 2137 542; baseline 0.002 -25"><span class='ocrx_word' id='word_1_14' title='bbox 588 479 607 512; x_wconf 83' lang='grc' dir='ltr'>ι</span> <span class='ocrx_word' id='word_1_15' title='bbox 650 461 716 517; x_wconf 91' lang='lat' dir='ltr'><strong>Ut</strong></span> <span class='ocrx_word' id='word_1_16' title='bbox 747 462 1027 529; x_wconf 76' lang='lat' dir='ltr'><strong>dimeeses,</strong></span> <span class='ocrx_word' id='word_1_17' title='bbox 1057 464 1156 517; x_wconf 87' lang='lat' dir='ltr'><strong>nisi</strong></span> <span class='ocrx_word' id='word_1_18' title='bbox 1190 466 1388 533; x_wconf 87' lang='lat' dir='ltr'><strong>proprii</strong></span> <span class='ocrx_word' id='word_1_19' title='bbox 1417 465 1650 542; x_wconf 58' lang='lat' dir='ltr'><strong>episcoiii</strong></span> <span class='ocrx_word' id='word_1_20' title='bbox 1683 479 1968 530; x_wconf 59' lang='lat' dir='ltr'><strong>consensu,</strong></span> <span class='ocrx_word' id='word_1_21' title='bbox 2002 465 2137 520; x_wconf 86' lang='lat' dir='ltr'><strong>alius</strong></span> 
     </span>
    </p>
   </div>
   <div class='ocr_carea' id='block_1_6' title="bbox 2246 461 3826 546">
    <p class='ocr_par' dir='ltr' id='par_1_6' title="bbox 2252 471 3826 546">
     <span class='ocr_line' id='line_1_6' title="bbox 2252 471 3826 546; baseline 0.001 -24"><span class='ocrx_word' id='word_1_22' title='bbox 2252 489 2270 522; x_wconf 83' lang='grc' dir='ltr'>ι</span> <span class='ocrx_word' id='word_1_23' title='bbox 2317 472 2481 527; x_wconf 83' lang='grc' dir='ltr'><strong>Ὥστε</strong></span> <span class='ocrx_word' id='word_1_24' title='bbox 2511 475 2609 538; x_wconf 81' lang='grc' dir='ltr'>τὰς</span> <span class='ocrx_word' id='word_1_25' title='bbox 2638 475 2957 544; x_wconf 87' lang='grc' dir='ltr'>διοικήσεις,</span> <span class='ocrx_word' id='word_1_26' title='bbox 2991 480 3038 530; x_wconf 82' lang='grc' dir='ltr'>εἰ</span> <span class='ocrx_word' id='word_1_27' title='bbox 3071 478 3146 546; x_wconf 74' lang='grc' dir='ltr'>μὴ</span> <span class='ocrx_word' id='word_1_28' title='bbox 3174 477 3314 530; x_wconf 84' lang='grc' dir='ltr'><strong>κατά</strong></span> <span class='ocrx_word' id='word_1_29' title='bbox 3367 473 3682 528; x_wconf 74' lang='grc' dir='ltr'>συναίνεσιν</span> <span class='ocrx_word' id='word_1_30' title='bbox 3716 471 3826 524; x_wconf 81' lang='grc' dir='ltr'><strong>τοῦ</strong></span> 
     </span>
    </p>
   </div>
   <div class='ocr_carea' id='block_1_7' title="bbox 662 556 2242 636">
    <p class='ocr_par' dir='ltr' id='par_1_7' title="bbox 662 556 2139 625">
     <span class='ocr_line' id='line_1_7' title="bbox 662 556 2139 625; baseline 0.003 -23"><span class='ocrx_word' id='word_1_31' title='bbox 662 571 681 602; x_wconf 83' lang='grc' dir='ltr'>ι</span> <span class='ocrx_word' id='word_1_32' title='bbox 728 556 1009 622; x_wconf 73' lang='lat' dir='ltr'><strong>episcolius</strong></span> <span class='ocrx_word' id='word_1_33' title='bbox 1042 570 1148 609; x_wconf 87' lang='lat' dir='ltr'><strong>non</strong></span> <span class='ocrx_word' id='word_1_34' title='bbox 1174 597 1176 599; x_wconf 51' lang='grc' dir='ltr'><strong>μ</strong></span> <span class='ocrx_word' id='word_1_35' title='bbox 1198 557 1478 624; x_wconf 75' lang='lat' dir='ltr'><strong>Suscipiat.</strong></span> <span class='ocrx_word' id='word_1_36' title='bbox 1535 556 1820 625; x_wconf 75' lang='lat' dir='ltr'><strong>Epigonius</strong></span> <span class='ocrx_word' id='word_1_37' title='bbox 1855 556 2139 625; x_wconf 60' lang='lat' dir='ltr'><strong>episcopus</strong></span> 
     </span>
    </p>
   </div>
   <div class='ocr_carea' id='block_1_8' title="bbox 2243 556 3823 636">
    <p class='ocr_par' dir='ltr' id='par_1_8' title="bbox 2321 562 3823 636">
     <span class='ocr_line' id='line_1_8' title="bbox 2321 562 3823 636; baseline 0.001 -20"><span class='ocrx_word' id='word_1_38' title='bbox 2321 583 2340 616; x_wconf 84' lang='grc' dir='ltr'><strong>ι</strong></span> <span class='ocrx_word' id='word_1_39' title='bbox 2389 566 2521 619; x_wconf 99' lang='grc' dir='ltr'>ἰδίου</span> <span class='ocrx_word' id='word_1_40' title='bbox 2549 569 2867 631; x_wconf 72' lang='grc' dir='ltr'>ἐπισκόπου,</span> <span class='ocrx_word' id='word_1_41' title='bbox 2892 569 3187 622; x_wconf 72' lang='grc' dir='ltr'>ἐπίσκοπον</span> <span class='ocrx_word' id='word_1_42' title='bbox 3215 569 3402 636; x_wconf 66' lang='grc' dir='ltr'>ἕτερον</span> <span class='ocrx_word' id='word_1_43' title='bbox 3429 567 3504 636; x_wconf 81' lang='grc' dir='ltr'>μὴ</span> <span class='ocrx_word' id='word_1_44' title='bbox 3530 562 3823 634; x_wconf 78' lang='grc' dir='ltr'>δέχεσθαι.</span> 
     </span>
    </p>
   </div>
   <div class='ocr_carea' id='block_1_9' title="bbox 659 641 2239 723">
    <p class='ocr_par' dir='ltr' id='par_1_9' title="bbox 659 644 2136 715">
     <span class='ocr_line' id='line_1_9' title="bbox 659 644 2136 715; baseline 0.003 -23"><span class='ocrx_word' id='word_1_45' title='bbox 659 660 677 692; x_wconf 79' lang='grc' dir='ltr'><strong>ι</strong></span> <span class='ocrx_word' id='word_1_46' title='bbox 721 644 886 696; x_wconf 84' lang='lat' dir='ltr'><strong>dixit:</strong></span> <span class='ocrx_word' id='word_1_47' title='bbox 920 645 974 697; x_wconf 89' lang='lat' dir='ltr'><strong>lu</strong></span> <span class='ocrx_word' id='word_1_48' title='bbox 1013 646 1194 699; x_wconf 87' lang='lat' dir='ltr'><strong>multis</strong></span> <span class='ocrx_word' id='word_1_49' title='bbox 1222 646 1440 715; x_wconf 82' lang='lat' dir='ltr'><strong>synodis</strong></span> <span class='ocrx_word' id='word_1_50' title='bbox 1461 655 1805 700; x_wconf 77' lang='lat' dir='ltr'><strong>constitutum</strong></span> <span class='ocrx_word' id='word_1_51' title='bbox 1837 657 1922 700; x_wconf 83' lang='lat' dir='ltr'><strong>est</strong></span> <span class='ocrx_word' id='word_1_52' title='bbox 1956 661 2136 700; x_wconf 84' lang='lat' dir='ltr'><strong>sacer-</strong></span> 
     </span>
    </p>
   </div>
   <div class='ocr_carea' id='block_1_10' title="bbox 2246 641 3826 723">
    <p class='ocr_par' dir='ltr' id='par_1_10' title="bbox 2318 641 3826 723">
     <span class='ocr_line' id='line_1_10' title="bbox 2318 641 3826 723; baseline -0.001 -17"><span class='ocrx_word' id='word_1_53' title='bbox 2318 673 2336 705; x_wconf 85' lang='grc' dir='ltr'>ι</span> <span class='ocrx_word' id='word_1_54' title='bbox 2383 655 2690 723; x_wconf 84' lang='grc' dir='ltr'>Ἐπιγόνιος</span> <span class='ocrx_word' id='word_1_55' title='bbox 2726 641 3025 716; x_wconf 76' lang='grc' dir='ltr'>ἐπίσκοπος</span> <span class='ocrx_word' id='word_1_56' title='bbox 3058 653 3212 711; x_wconf 80' lang='grc' dir='ltr'>εἶπεν</span> <span class='ocrx_word' id='word_1_57' title='bbox 3239 674 3253 690; x_wconf 76' lang='grc' dir='ltr'><strong>ο</strong></span> <span class='ocrx_word' id='word_1_58' title='bbox 3293 658 3383 710; x_wconf 85' lang='grc' dir='ltr'>Ἐν</span> <span class='ocrx_word' id='word_1_59' title='bbox 3419 656 3643 716; x_wconf 84' lang='grc' dir='ltr'>πολλαῖς</span> <span class='ocrx_word' id='word_1_60' title='bbox 3686 668 3826 705; x_wconf 79' lang='grc' dir='ltr'>συν·</span> 
     </span>
    </p>
   </div>
   <div class='ocr_carea' id='block_1_11' title="bbox 660 733 2240 818">
    <p class='ocr_par' dir='ltr' id='par_1_11' title="bbox 660 733 2139 805">
     <span class='ocr_line' id='line_1_11' title="bbox 660 733 2139 805; baseline 0.001 -20"><span class='ocrx_word' id='word_1_61' title='bbox 660 750 675 781; x_wconf 87' lang='grc' dir='ltr'>ι</span> <span class='ocrx_word' id='word_1_62' title='bbox 725 733 888 787; x_wconf 92' lang='lat' dir='ltr'><strong>dotali</strong></span> <span class='ocrx_word' id='word_1_63' title='bbox 920 751 1199 800; x_wconf 84' lang='lat' dir='ltr'><strong>consessu,</strong></span> <span class='ocrx_word' id='word_1_64' title='bbox 1233 745 1291 788; x_wconf 92' lang='lat' dir='ltr'><strong>ut</strong></span> <span class='ocrx_word' id='word_1_65' title='bbox 1323 737 1521 803; x_wconf 78' lang='lat' dir='ltr'><strong>populi,</strong></span> <span class='ocrx_word' id='word_1_66' title='bbox 1557 735 1650 804; x_wconf 87' lang='lat' dir='ltr'><strong>qui</strong></span> <span class='ocrx_word' id='word_1_67' title='bbox 1683 736 1734 788; x_wconf 89' lang='lat' dir='ltr'><strong>in</strong></span> <span class='ocrx_word' id='word_1_68' title='bbox 1785 736 2038 805; x_wconf 68' lang='lat' dir='ltr'><strong>parmciis</strong></span> <span class='ocrx_word' id='word_1_69' title='bbox 2071 737 2139 788; x_wconf 82' lang='lat' dir='ltr'><strong>ab</strong></span> 
     </span>
    </p>
   </div>
   <div class='ocr_carea' id='block_1_12' title="bbox 2244 733 3824 818">
    <p class='ocr_par' dir='ltr' id='par_1_12' title="bbox 2321 743 3824 818">
     <span class='ocr_line' id='line_1_12' title="bbox 2321 743 3824 818; baseline -0.001 -23"><span class='ocrx_word' id='word_1_70' title='bbox 2321 764 2338 795; x_wconf 85' lang='grc'><strong><em>‹</em></strong></span> <span class='ocrx_word' id='word_1_71' title='bbox 2386 746 2524 809; x_wconf 78' lang='grc' dir='ltr'>όδοις</span> <span class='ocrx_word' id='word_1_72' title='bbox 2596 747 2827 816; x_wconf 81' lang='grc' dir='ltr'><strong>ὥρισται</strong></span> <span class='ocrx_word' id='word_1_73' title='bbox 2900 749 3159 818; x_wconf 77' lang='grc' dir='ltr'><strong>συνεδρίῳ</strong></span> <span class='ocrx_word' id='word_1_74' title='bbox 3228 747 3524 817; x_wconf 82' lang='grc' dir='ltr'>ἱερατικῷ,</span> <span class='ocrx_word' id='word_1_75' title='bbox 3588 746 3682 798; x_wconf 76' lang='grc' dir='ltr'><strong>ἵνα</strong></span> <span class='ocrx_word' id='word_1_76' title='bbox 3745 743 3824 795; x_wconf 66' lang='grc' dir='ltr'>τὰ</span> 
     </span>
    </p>
   </div>
   <div class='ocr_carea' id='block_1_13' title="bbox 654 824 2234 911">
    <p class='ocr_par' dir='ltr' id='par_1_13' title="bbox 654 824 2136 895">
     <span class='ocr_line' id='line_1_13' title="bbox 654 824 2136 895; baseline 0.004 -23"><span class='ocrx_word' id='word_1_77' title='bbox 654 838 671 872; x_wconf 88' lang='grc' dir='ltr'>ι</span> <span class='ocrx_word' id='word_1_78' title='bbox 715 824 982 891; x_wconf 87' lang='lat' dir='ltr'><strong>episcopis</strong></span> <span class='ocrx_word' id='word_1_79' title='bbox 1010 826 1379 890; x_wconf 75' lang='lat' dir='ltr'><strong>continentur,</strong></span> <span class='ocrx_word' id='word_1_80' title='bbox 1410 827 1497 893; x_wconf 91' lang='lat' dir='ltr'><strong>qui</strong></span> <span class='ocrx_word' id='word_1_81' title='bbox 1553 841 1825 894; x_wconf 82' lang='lat' dir='ltr'><strong>nunquam</strong></span> <span class='ocrx_word' id='word_1_82' title='bbox 1863 829 2136 895; x_wconf 85' lang='lat' dir='ltr'><strong>proprium</strong></span> 
     </span>
    </p>
   </div>
   <div class='ocr_carea' id='block_1_14' title="bbox 2243 824 3823 911">
    <p class='ocr_par' dir='ltr' id='par_1_14' title="bbox 2316 832 3823 911">
     <span class='ocr_line' id='line_1_14' title="bbox 2316 832 3823 911; baseline 0 -25"><span class='ocrx_word' id='word_1_83' title='bbox 2316 859 2335 886; x_wconf 74' lang='grc' dir='ltr'><strong>ι</strong></span> <span class='ocrx_word' id='word_1_84' title='bbox 2385 838 2564 908; x_wconf 80' lang='grc' dir='ltr'><strong>πλήθη</strong></span> <span class='ocrx_word' id='word_1_85' title='bbox 2594 840 2659 890; x_wconf 71' lang='grc' dir='ltr'>τὰ</span> <span class='ocrx_word' id='word_1_86' title='bbox 2692 843 2749 890; x_wconf 88' lang='grc' dir='ltr'>ὲν</span> <span class='ocrx_word' id='word_1_87' title='bbox 2779 843 2898 902; x_wconf 76' lang='grc' dir='ltr'>ταῖς</span> <span class='ocrx_word' id='word_1_88' title='bbox 2945 840 3260 911; x_wconf 85' lang='grc' dir='ltr'>παροικίαις</span> <span class='ocrx_word' id='word_1_89' title='bbox 3305 839 3414 892; x_wconf 80' lang='grc' dir='ltr'><strong>ἀπδ</strong></span> <span class='ocrx_word' id='word_1_90' title='bbox 3444 836 3554 890; x_wconf 80' lang='grc' dir='ltr'>τῶν</span> <span class='ocrx_word' id='word_1_91' title='bbox 3586 832 3823 888; x_wconf 65' lang='grc' dir='ltr'>ἐπισκό-</span> 
     </span>
    </p>
   </div>
   <div class='ocr_carea' id='block_1_15' title="bbox 653 920 2134 988">
    <p class='ocr_par' dir='ltr' id='par_1_15' title="bbox 653 920 2134 988">
     <span class='ocr_line' id='line_1_15' title="bbox 653 920 2134 988; baseline 0.005 -25"><span class='ocrx_word' id='word_1_92' title='bbox 653 921 1018 984; x_wconf 71' lang='lat' dir='ltr'><strong>«episcopum</strong></span> <span class='ocrx_word' id='word_1_93' title='bbox 1072 920 1390 983; x_wconf 76' lang='lat' dir='ltr'><strong>habuerunt,</strong></span> <span class='ocrx_word' id='word_1_94' title='bbox 1450 920 1548 973; x_wconf 84' lang='lat' dir='ltr'><strong>nisi</strong></span> <span class='ocrx_word' id='word_1_95' title='bbox 1608 935 1672 972; x_wconf 79' lang='lat' dir='ltr'><strong>ex</strong></span> <span class='ocrx_word' id='word_1_96' title='bbox 1729 935 1988 973; x_wconf 71' lang='lat' dir='ltr'><strong>cometisu</strong></span> <span class='ocrx_word' id='word_1_97' title='bbox 2021 921 2134 988; x_wconf 82' lang='lat' dir='ltr'><strong>epi-</strong></span> 
     </span>
    </p>
   </div>
   <div class='ocr_carea' id='block_1_16' title="bbox 657 1010 2136 1080">
    <p class='ocr_par' dir='ltr' id='par_1_16' title="bbox 657 1010 2136 1080">
     <span class='ocr_line' id='line_1_16' title="bbox 657 1010 2136 1080; baseline 0.005 -25"><span class='ocrx_word' id='word_1_98' title='bbox 657 1026 673 1055; x_wconf 78' lang='grc' dir='ltr'><strong>ι</strong></span> <span class='ocrx_word' id='word_1_99' title='bbox 719 1010 888 1076; x_wconf 78' lang='lat' dir='ltr'><strong>scopi,</strong></span> <span class='ocrx_word' id='word_1_100' title='bbox 942 1028 968 1061; x_wconf 82' lang='lat' dir='ltr'><strong>a</strong></span> <span class='ocrx_word' id='word_1_101' title='bbox 1007 1025 1112 1076; x_wconf 89' lang='lat' dir='ltr'><strong>quo</strong></span> <span class='ocrx_word' id='word_1_102' title='bbox 1162 1025 1188 1062; x_wconf 86' lang='lat' dir='ltr'><strong>a</strong></span> <span class='ocrx_word' id='word_1_103' title='bbox 1244 1011 1510 1078; x_wconf 83' lang='lat' dir='ltr'><strong>principio</strong></span> <span class='ocrx_word' id='word_1_104' title='bbox 1560 1021 1829 1072; x_wconf 83' lang='lat' dir='ltr'><strong>tenentur,</strong></span> <span class='ocrx_word' id='word_1_105' title='bbox 1886 1010 2136 1080; x_wconf 82' lang='lat' dir='ltr'><strong>proprios</strong></span> 
     </span>
    </p>
   </div>
   <div class='ocr_carea' id='block_1_17' title="bbox 651 1100 2132 1169">
    <p class='ocr_par' dir='ltr' id='par_1_17' title="bbox 651 1100 2132 1169">
     <span class='ocr_line' id='line_1_17' title="bbox 651 1100 2132 1169; baseline 0.003 -20"><span class='ocrx_word' id='word_1_106' title='bbox 651 1117 668 1149; x_wconf 76' lang='grc' dir='ltr'><strong>ι</strong></span> <span class='ocrx_word' id='word_1_107' title='bbox 718 1100 1037 1162; x_wconf 60' lang='grc' dir='ltr'>ιίίιοειοωε,</span> <span class='ocrx_word' id='word_1_108' title='bbox 1095 1101 1142 1151; x_wconf 88' lang='lat' dir='ltr'><strong>id</strong></span> <span class='ocrx_word' id='word_1_109' title='bbox 1171 1112 1253 1153; x_wconf 85' lang='lat' dir='ltr'><strong>est</strong></span> <span class='ocrx_word' id='word_1_110' title='bbox 1311 1103 1612 1169; x_wconf 71' lang='lat' dir='ltr'><strong>episcopos,</strong></span> <span class='ocrx_word' id='word_1_111' title='bbox 1667 1117 1770 1153; x_wconf 88' lang='lat' dir='ltr'><strong>non</strong></span> <span class='ocrx_word' id='word_1_112' title='bbox 1822 1103 2132 1169; x_wconf 78' lang='lat' dir='ltr'><strong>accipiant:</strong></span> 
     </span>
    </p>
   </div>
   <div class='ocr_carea' id='block_1_18' title="bbox 649 1191 2135 1262">
    <p class='ocr_par' dir='ltr' id='par_1_18' title="bbox 649 1191 2135 1262">
     <span class='ocr_line' id='line_1_18' title="bbox 649 1191 2135 1262; baseline 0.004 -24"><span class='ocrx_word' id='word_1_113' title='bbox 649 1208 667 1238; x_wconf 71' lang='grc' dir='ltr'>ι</span> <span class='ocrx_word' id='word_1_114' title='bbox 716 1191 970 1256; x_wconf 72' lang='lat' dir='ltr'><strong>quoniam</strong></span> <span class='ocrx_word' id='word_1_115' title='bbox 1027 1193 1234 1246; x_wconf 72' lang='lat' dir='ltr'><strong>scilicet</strong></span> <span class='ocrx_word' id='word_1_116' title='bbox 1287 1193 1524 1260; x_wconf 80' lang='lat' dir='ltr'><strong>quidam,</strong></span> <span class='ocrx_word' id='word_1_117' title='bbox 1573 1193 1910 1262; x_wconf 79' lang='lat' dir='ltr'><strong>tyrannidem</strong></span> <span class='ocrx_word' id='word_1_118' title='bbox 1947 1208 2135 1261; x_wconf 87' lang='lat' dir='ltr'><strong>quam-</strong></span> 
     </span>
    </p>
   </div>
   <div class='ocr_carea' id='block_1_19' title="bbox 649 1283 2134 1347">
    <p class='ocr_par' dir='ltr' id='par_1_19' title="bbox 649 1283 2134 1347">
     <span class='ocr_line' id='line_1_19' title="bbox 649 1283 2134 1347; baseline 0.003 -17"><span class='ocrx_word' id='word_1_119' title='bbox 649 1299 665 1330; x_wconf 82' lang='grc' dir='ltr'><strong>ι</strong></span> <span class='ocrx_word' id='word_1_120' title='bbox 711 1283 830 1334; x_wconf 83' lang='lat' dir='ltr'><strong>dam</strong></span> <span class='ocrx_word' id='word_1_121' title='bbox 896 1288 1151 1347; x_wconf 70' lang='lat' dir='ltr'><strong>assecuti,</strong></span> <span class='ocrx_word' id='word_1_122' title='bbox 1211 1283 1438 1336; x_wconf 76' lang='lat' dir='ltr'><strong>fratrum</strong></span> <span class='ocrx_word' id='word_1_123' title='bbox 1490 1285 1927 1336; x_wconf 89' lang='lat' dir='ltr'><strong>communionem</strong></span> <span class='ocrx_word' id='word_1_124' title='bbox 1979 1299 2134 1337; x_wconf 82' lang='lat' dir='ltr'><strong>aver-</strong></span> 
     </span>
    </p>
   </div>
   <div class='ocr_carea' id='block_1_20' title="bbox 653 1374 2132 1442">
    <p class='ocr_par' dir='ltr' id='par_1_20' title="bbox 653 1374 2132 1442">
     <span class='ocr_line' id='line_1_20' title="bbox 653 1374 2132 1442; baseline -0.001 -17"><span class='ocrx_word' id='word_1_125' title='bbox 653 1395 670 1425; x_wconf 78' lang='grc' dir='ltr'>ι</span> <span class='ocrx_word' id='word_1_126' title='bbox 723 1384 940 1438; x_wconf 86' lang='lat' dir='ltr'><strong>santur;</strong></span> <span class='ocrx_word' id='word_1_127' title='bbox 975 1389 1134 1441; x_wconf 90' lang='lat' dir='ltr'><strong>porro</strong></span> <span class='ocrx_word' id='word_1_128' title='bbox 1161 1385 1213 1428; x_wconf 91' lang='lat' dir='ltr'><strong>et</strong></span> <span class='ocrx_word' id='word_1_129' title='bbox 1241 1376 1454 1441; x_wconf 90' lang='lat' dir='ltr'><strong>quando</strong></span> <span class='ocrx_word' id='word_1_130' title='bbox 1499 1374 1631 1428; x_wconf 82' lang='lat' dir='ltr'><strong>viles</strong></span> <span class='ocrx_word' id='word_1_131' title='bbox 1675 1375 1972 1442; x_wconf 84' lang='lat' dir='ltr'><strong>abjectique</strong></span> <span class='ocrx_word' id='word_1_132' title='bbox 2005 1387 2132 1426; x_wconf 89' lang='lat' dir='ltr'><strong>eva-</strong></span> 
     </span>
    </p>
   </div>
   <div class='ocr_carea' id='block_1_21' title="bbox 647 1464 2134 1533">
    <p class='ocr_par' dir='ltr' id='par_1_21' title="bbox 647 1464 2134 1533">
     <span class='ocr_line' id='line_1_21' title="bbox 647 1464 2134 1533; baseline -0.001 -16"><span class='ocrx_word' id='word_1_133' title='bbox 647 1487 663 1517; x_wconf 83' lang='grc' dir='ltr'>ι</span> <span class='ocrx_word' id='word_1_134' title='bbox 712 1468 904 1530; x_wconf 81' lang='lat' dir='ltr'><strong>serint,</strong></span> <span class='ocrx_word' id='word_1_135' title='bbox 946 1481 1130 1517; x_wconf 81' lang='lat' dir='ltr'><strong>rursus</strong></span> <span class='ocrx_word' id='word_1_136' title='bbox 1164 1470 1398 1533; x_wconf 81' lang='lat' dir='ltr'><strong>quadam</strong></span> <span class='ocrx_word' id='word_1_137' title='bbox 1429 1464 1572 1516; x_wconf 84' lang='lat' dir='ltr'><strong>velut</strong></span> <span class='ocrx_word' id='word_1_138' title='bbox 1599 1467 1815 1531; x_wconf 86' lang='lat' dir='ltr'><strong>antiqua</strong></span> <span class='ocrx_word' id='word_1_139' title='bbox 1850 1464 2134 1532; x_wconf 85' lang='lat' dir='ltr'><strong>tyrannide</strong></span> 
     </span>
    </p>
   </div>
   <div class='ocr_carea' id='block_1_22' title="bbox 651 1555 2133 1614">
    <p class='ocr_par' dir='ltr' id='par_1_22' title="bbox 651 1555 2133 1614">
     <span class='ocr_line' id='line_1_22' title="bbox 651 1555 2133 1614; baseline -0.005 -1"><span class='ocrx_word' id='word_1_140' title='bbox 651 1581 670 1613; x_wconf 77' lang='grc' dir='ltr'>ι</span> <span class='ocrx_word' id='word_1_141' title='bbox 717 1561 818 1614; x_wconf 79' lang='lat' dir='ltr'><strong>sibi</strong></span> <span class='ocrx_word' id='word_1_142' title='bbox 848 1558 1082 1614; x_wconf 78' lang='lat' dir='ltr'><strong>dominia</strong></span> <span class='ocrx_word' id='word_1_143' title='bbox 1119 1557 1429 1610; x_wconf 75' lang='lat' dir='ltr'><strong>vendiCnnt.</strong></span> <span class='ocrx_word' id='word_1_144' title='bbox 1465 1555 1613 1608; x_wconf 77' lang='lat' dir='ltr'><strong>Mulli</strong></span> <span class='ocrx_word' id='word_1_145' title='bbox 1648 1565 1826 1606; x_wconf 82' lang='lat' dir='ltr'><strong>autem</strong></span> <span class='ocrx_word' id='word_1_146' title='bbox 1874 1555 2035 1606; x_wconf 81' lang='lat' dir='ltr'><strong>etiam</strong></span> <span class='ocrx_word' id='word_1_147' title='bbox 2069 1569 2133 1606; x_wconf 72' lang='lat' dir='ltr'><strong>ex</strong></span> 
     </span>
    </p>
   </div>
   <div class='ocr_carea' id='block_1_23' title="bbox 2317 927 3818 1000">
    <p class='ocr_par' dir='ltr' id='par_1_23' title="bbox 2317 927 3818 1000">
     <span class='ocr_line' id='line_1_23' title="bbox 2317 927 3818 1000; baseline -0.001 -21"><span class='ocrx_word' id='word_1_148' title='bbox 2317 947 2334 978; x_wconf 79' lang='grc' dir='ltr'>ι</span> <span class='ocrx_word' id='word_1_149' title='bbox 2389 946 2501 980; x_wconf 87' lang='grc' dir='ltr'><strong>πων</strong></span> <span class='ocrx_word' id='word_1_150' title='bbox 2535 929 2895 1000; x_wconf 73' lang='grc' dir='ltr'><strong>κατεχόμενα,</strong></span> <span class='ocrx_word' id='word_1_151' title='bbox 2927 931 2994 983; x_wconf 78' lang='grc' dir='ltr'><strong>τά</strong></span> <span class='ocrx_word' id='word_1_152' title='bbox 3037 931 3167 984; x_wconf 79' lang='grc' dir='ltr'>ἴδιον</span> <span class='ocrx_word' id='word_1_153' title='bbox 3197 929 3497 983; x_wconf 74' lang='grc' dir='ltr'>ἐπίσκοπον</span> <span class='ocrx_word' id='word_1_154' title='bbox 3532 927 3818 997; x_wconf 74' lang='grc' dir='ltr'>μηδέποτε</span> 
     </span>
    </p>
   </div>
   <div class='ocr_carea' id='block_1_24' title="bbox 2317 1015 3819 1089">
    <p class='ocr_par' dir='ltr' id='par_1_24' title="bbox 2317 1015 3819 1089">
     <span class='ocr_line' id='line_1_24' title="bbox 2317 1015 3819 1089; baseline 0.001 -20"><span class='ocrx_word' id='word_1_155' title='bbox 2317 1037 2334 1069; x_wconf 80' lang='grc' dir='ltr'><strong>ι</strong></span> <span class='ocrx_word' id='word_1_156' title='bbox 2381 1018 2650 1089; x_wconf 71' lang='grc' dir='ltr'>ἐσχηκότα</span> <span class='ocrx_word' id='word_1_157' title='bbox 2673 1023 2719 1070; x_wconf 83' lang='grc' dir='ltr'><strong>εί</strong></span> <span class='ocrx_word' id='word_1_158' title='bbox 2744 1020 2816 1088; x_wconf 80' lang='grc' dir='ltr'>μὴ</span> <span class='ocrx_word' id='word_1_159' title='bbox 2848 1022 2989 1073; x_wconf 70' lang='grc' dir='ltr'>κατὰ</span> <span class='ocrx_word' id='word_1_160' title='bbox 3018 1019 3326 1072; x_wconf 73' lang='grc' dir='ltr'>συναίνεσιν</span> <span class='ocrx_word' id='word_1_161' title='bbox 3352 1015 3444 1072; x_wconf 87' lang='grc' dir='ltr'><strong>τοῦ</strong></span> <span class='ocrx_word' id='word_1_162' title='bbox 3476 1017 3819 1070; x_wconf 74' lang='grc' dir='ltr'>ὲπιτκόπίυ.</span> 
     </span>
    </p>
   </div>
   <div class='ocr_carea' id='block_1_25' title="bbox 2319 1104 3824 1181">
    <p class='ocr_par' dir='ltr' id='par_1_25' title="bbox 2319 1104 3824 1181">
     <span class='ocr_line' id='line_1_25' title="bbox 2319 1104 3824 1181; baseline -0.004 -21"><span class='ocrx_word' id='word_1_163' title='bbox 2319 1130 2336 1160; x_wconf 79' lang='grc' dir='ltr'>ι</span> <span class='ocrx_word' id='word_1_164' title='bbox 2383 1112 2510 1178; x_wconf 83' lang='grc' dir='ltr'>παρ’</span> <span class='ocrx_word' id='word_1_165' title='bbox 2554 1104 2614 1163; x_wconf 74' lang='grc' dir='ltr'>οὗ</span> <span class='ocrx_word' id='word_1_166' title='bbox 2663 1109 2899 1181; x_wconf 79' lang='grc' dir='ltr'>ἐξαρχῆς</span> <span class='ocrx_word' id='word_1_167' title='bbox 2948 1110 3304 1178; x_wconf 78' lang='grc' dir='ltr'>κατέχονται,</span> <span class='ocrx_word' id='word_1_168' title='bbox 3347 1108 3422 1178; x_wconf 78' lang='grc' dir='ltr'>μὴ</span> <span class='ocrx_word' id='word_1_169' title='bbox 3472 1105 3824 1175; x_wconf 73' lang='grc' dir='ltr'>λαμϐάνοιεν</span> 
     </span>
    </p>
   </div>
   <div class='ocr_carea' id='block_1_26' title="bbox 2317 1195 3823 1265">
    <p class='ocr_par' dir='ltr' id='par_1_26' title="bbox 2317 1195 3823 1265">
     <span class='ocr_line' id='line_1_26' title="bbox 2317 1195 3823 1265; baseline -0.003 -14"><span class='ocrx_word' id='word_1_170' title='bbox 2317 1221 2336 1251; x_wconf 80' lang='grc' dir='ltr'><strong>ι</strong></span> <span class='ocrx_word' id='word_1_171' title='bbox 2387 1200 2599 1265; x_wconf 84' lang='grc' dir='ltr'>ἰθυντάς</span> <span class='ocrx_word' id='word_1_172' title='bbox 2631 1202 2811 1265; x_wconf 87' lang='grc' dir='ltr'>ἰδίους,</span> <span class='ocrx_word' id='word_1_173' title='bbox 2842 1201 2986 1254; x_wconf 84' lang='grc' dir='ltr'>τοῦτ’</span> <span class='ocrx_word' id='word_1_174' title='bbox 3017 1203 3166 1254; x_wconf 80' lang='grc' dir='ltr'>εστιν</span> <span class='ocrx_word' id='word_1_175' title='bbox 3215 1200 3580 1252; x_wconf 69' lang='grc' dir='ltr'>ἑπισκόπουςο</span> <span class='ocrx_word' id='word_1_176' title='bbox 3616 1195 3823 1263; x_wconf 78' lang='grc' dir='ltr'>ἐπειδή</span> 
     </span>
    </p>
   </div>
   <div class='ocr_carea' id='block_1_27' title="bbox 2313 1289 3822 1362">
    <p class='ocr_par' dir='ltr' id='par_1_27' title="bbox 2313 1289 3822 1362">
     <span class='ocr_line' id='line_1_27' title="bbox 2313 1289 3822 1362; baseline -0.003 -19"><span class='ocrx_word' id='word_1_177' title='bbox 2313 1312 2332 1342; x_wconf 80' lang='grc' dir='ltr'>ι</span> <span class='ocrx_word' id='word_1_178' title='bbox 2378 1310 2522 1352; x_wconf 79' lang='grc' dir='ltr'>τινες</span> <span class='ocrx_word' id='word_1_179' title='bbox 2544 1293 2765 1362; x_wconf 80' lang='grc' dir='ltr'>δηλαδή,</span> <span class='ocrx_word' id='word_1_180' title='bbox 2799 1291 3112 1362; x_wconf 79' lang='grc' dir='ltr'><strong>τυραννίδος</strong></span> <span class='ocrx_word' id='word_1_181' title='bbox 3139 1292 3283 1354; x_wconf 84' lang='grc' dir='ltr'>τινὸς</span> <span class='ocrx_word' id='word_1_182' title='bbox 3318 1289 3822 1358; x_wconf 69' lang='grc' dir='ltr'>έπιτετυχηκότες,</span> 
     </span>
    </p>
   </div>
   <div class='ocr_carea' id='block_1_28' title="bbox 2314 1382 3819 1452">
    <p class='ocr_par' dir='ltr' id='par_1_28' title="bbox 2314 1382 3819 1452">
     <span class='ocr_line' id='line_1_28' title="bbox 2314 1382 3819 1452; baseline -0.004 -18"><span class='ocrx_word' id='word_1_183' title='bbox 2314 1403 2331 1434; x_wconf 80' lang='grc' dir='ltr'><strong>ι</strong></span> <span class='ocrx_word' id='word_1_184' title='bbox 2378 1383 2477 1452; x_wconf 78' lang='grc' dir='ltr'>τὴν</span> <span class='ocrx_word' id='word_1_185' title='bbox 2531 1384 2638 1437; x_wconf 86' lang='grc' dir='ltr'><strong>τῶν</strong></span> <span class='ocrx_word' id='word_1_186' title='bbox 2686 1385 2932 1451; x_wconf 79' lang='grc' dir='ltr'>ἀδελφῶν</span> <span class='ocrx_word' id='word_1_187' title='bbox 2981 1384 3272 1436; x_wconf 78' lang='grc' dir='ltr'>κοινωνίαν</span> <span class='ocrx_word' id='word_1_188' title='bbox 3329 1382 3819 1448; x_wconf 75' lang='grc' dir='ltr'><strong>ἀποστρέφονται·</strong></span> 
     </span>
    </p>
   </div>
   <div class='ocr_carea' id='block_1_29' title="bbox 2313 1467 3825 1541">
    <p class='ocr_par' dir='ltr' id='par_1_29' title="bbox 2313 1467 3825 1541">
     <span class='ocr_line' id='line_1_29' title="bbox 2313 1467 3825 1541; baseline -0.003 -18"><span class='ocrx_word' id='word_1_189' title='bbox 2313 1491 2330 1523; x_wconf 83' lang='grc' dir='ltr'>ι</span> <span class='ocrx_word' id='word_1_190' title='bbox 2376 1474 2468 1527; x_wconf 65' lang='grc' dir='ltr'><strong>καὶ</strong></span> <span class='ocrx_word' id='word_1_191' title='bbox 2508 1474 2638 1525; x_wconf 82' lang='grc' dir='ltr'>ὅταν</span> <span class='ocrx_word' id='word_1_192' title='bbox 2693 1474 2748 1526; x_wconf 84' lang='grc' dir='ltr'>δὲ</span> <span class='ocrx_word' id='word_1_193' title='bbox 2797 1471 3310 1541; x_wconf 83' lang='grc' dir='ltr'>ἀποφαυλισθῶσιν,</span> <span class='ocrx_word' id='word_1_194' title='bbox 3355 1471 3430 1531; x_wconf 86' lang='grc' dir='ltr'>ὼς</span> <span class='ocrx_word' id='word_1_195' title='bbox 3477 1469 3544 1521; x_wconf 82' lang='grc' dir='ltr'>ἂν</span> <span class='ocrx_word' id='word_1_196' title='bbox 3602 1467 3660 1520; x_wconf 79' lang='grc' dir='ltr'>εἷ</span> <span class='ocrx_word' id='word_1_197' title='bbox 3700 1483 3825 1518; x_wconf 87' lang='grc' dir='ltr'>τινι</span> 
     </span>
    </p>
   </div>
   <div class='ocr_carea' id='block_1_30' title="bbox 2312 1556 3816 1632">
    <p class='ocr_par' dir='ltr' id='par_1_30' title="bbox 2312 1556 3816 1632">
     <span class='ocr_line' id='line_1_30' title="bbox 2312 1556 3816 1632; baseline -0.001 -19"><span class='ocrx_word' id='word_1_198' title='bbox 2312 1581 2328 1613; x_wconf 80' lang='grc' dir='ltr'><strong>ι</strong></span> <span class='ocrx_word' id='word_1_199' title='bbox 2376 1563 2581 1632; x_wconf 76' lang='grc' dir='ltr'>παλαιᾷ</span> <span class='ocrx_word' id='word_1_200' title='bbox 2603 1565 2876 1632; x_wconf 82' lang='grc' dir='ltr'>τυραννίδι</span> <span class='ocrx_word' id='word_1_201' title='bbox 2899 1563 3212 1623; x_wconf 70' lang='grc' dir='ltr'>δεσποτείας</span> <span class='ocrx_word' id='word_1_202' title='bbox 3233 1561 3444 1621; x_wconf 77' lang='grc' dir='ltr'>ἑαυτοῖς</span> <span class='ocrx_word' id='word_1_203' title='bbox 3470 1556 3816 1612; x_wconf 73' lang='grc' dir='ltr'>ὲκδικοῦσιν.</span> 
     </span>
    </p>
   </div>
   <div class='ocr_carea' id='block_1_31' title="bbox 647 1642 2227 1721">
    <p class='ocr_par' dir='ltr' id='par_1_31' title="bbox 647 1642 2207 1721">
     <span class='ocr_line' id='line_1_31' title="bbox 647 1642 2207 1721; baseline -0.005 -18"><span class='ocrx_word' id='word_1_204' title='bbox 647 1672 663 1703; x_wconf 79' lang='grc' dir='ltr'>ι</span> <span class='ocrx_word' id='word_1_205' title='bbox 710 1651 1060 1720; x_wconf 71' lang='lat' dir='ltr'><strong>presbyteris,</strong></span> <span class='ocrx_word' id='word_1_206' title='bbox 1091 1647 1256 1702; x_wconf 54' lang='lat' dir='ltr'><strong>inniti</strong></span> <span class='ocrx_word' id='word_1_207' title='bbox 1288 1658 1339 1701; x_wconf 89' lang='lat' dir='ltr'><strong>et</strong></span> <span class='ocrx_word' id='word_1_208' title='bbox 1376 1646 1548 1710; x_wconf 87' lang='lat' dir='ltr'><strong>stulti,</strong></span> <span class='ocrx_word' id='word_1_209' title='bbox 1587 1645 1830 1698; x_wconf 77' lang='lat' dir='ltr'><strong>cervices</strong></span> <span class='ocrx_word' id='word_1_210' title='bbox 1875 1642 2134 1695; x_wconf 85' lang='lat' dir='ltr'><strong>adversus</strong></span> <span class='ocrx_word' id='word_1_211' title='bbox 2167 1705 2207 1721; x_wconf 70' lang='lat'>_</span> 
     </span>
    </p>
   </div>
   <div class='ocr_carea' id='block_1_32' title="bbox 2244 1642 3824 1721">
    <p class='ocr_par' dir='ltr' id='par_1_32' title="bbox 2316 1649 3824 1721">
     <span class='ocr_line' id='line_1_32' title="bbox 2316 1649 3824 1721; baseline -0.003 -17"><span class='ocrx_word' id='word_1_212' title='bbox 2316 1673 2332 1704; x_wconf 82' lang='grc' dir='ltr'>ι</span> <span class='ocrx_word' id='word_1_213' title='bbox 2381 1655 2572 1707; x_wconf 77' lang='grc' dir='ltr'>Πολλοὶ</span> <span class='ocrx_word' id='word_1_214' title='bbox 2600 1654 2655 1706; x_wconf 82' lang='grc' dir='ltr'>δὲ</span> <span class='ocrx_word' id='word_1_215' title='bbox 2682 1656 2774 1706; x_wconf 73' lang='grc' dir='ltr'><strong>καὶ</strong></span> <span class='ocrx_word' id='word_1_216' title='bbox 2811 1656 2874 1707; x_wconf 81' lang='grc' dir='ltr'>ὲκ</span> <span class='ocrx_word' id='word_1_217' title='bbox 2905 1653 3013 1706; x_wconf 84' lang='grc' dir='ltr'><strong>τῶν</strong></span> <span class='ocrx_word' id='word_1_218' title='bbox 3047 1652 3434 1721; x_wconf 79' lang='grc' dir='ltr'>πρεσϐυτέρων</span> <span class='ocrx_word' id='word_1_219' title='bbox 3459 1693 3473 1716; x_wconf 92' lang='grc'><strong>,</strong></span> <span class='ocrx_word' id='word_1_220' title='bbox 3508 1649 3824 1718; x_wconf 80' lang='grc' dir='ltr'>φυσιούμε-</span> 
     </span>
    </p>
   </div>
   <div class='ocr_carea' id='block_1_33' title="bbox 647 1705 2227 1817">
    <p class='ocr_par' dir='ltr' id='par_1_33' title="bbox 647 1705 2209 1812">
     <span class='ocr_line' id='line_1_33' title="bbox 647 1705 2209 1812; baseline -0.006 -17"><span class='ocrx_word' id='word_1_221' title='bbox 647 1764 664 1795; x_wconf 76' lang='grc' dir='ltr'>ι</span> <span class='ocrx_word' id='word_1_222' title='bbox 711 1745 994 1812; x_wconf 86' lang='lat' dir='ltr'><strong>episcopos</strong></span> <span class='ocrx_word' id='word_1_223' title='bbox 1028 1742 1263 1808; x_wconf 76' lang='lat' dir='ltr'><strong>erigunt,</strong></span> <span class='ocrx_word' id='word_1_224' title='bbox 1327 1738 1724 1790; x_wconf 86' lang='lat' dir='ltr'><strong>umltitudinem</strong></span> <span class='ocrx_word' id='word_1_225' title='bbox 1777 1734 2042 1789; x_wconf 75' lang='lat' dir='ltr'><strong>conviviis</strong></span> <span class='ocrx_word' id='word_1_226' title='bbox 2079 1742 2132 1787; x_wconf 91' lang='lat' dir='ltr'><strong>et</strong></span> <span class='ocrx_word' id='word_1_227' title='bbox 2167 1705 2209 1760; x_wconf 74' lang='grc' dir='ltr'><strong><em>Β</em></strong></span> 
     </span>
    </p>
   </div>
   <div class='ocr_carea' id='block_1_34' title="bbox 2247 1705 3827 1817">
    <p class='ocr_par' dir='ltr' id='par_1_34' title="bbox 2317 1705 3827 1817">
     <span class='ocr_line' id='line_1_34' title="bbox 2317 1705 3827 1817; baseline -0.004 -19"><span class='ocrx_word' id='word_1_228' title='bbox 2317 1766 2333 1798; x_wconf 86' lang='grc' dir='ltr'>ι</span> <span class='ocrx_word' id='word_1_229' title='bbox 2381 1764 2459 1799; x_wconf 88' lang='grc' dir='ltr'><strong>νοι</strong></span> <span class='ocrx_word' id='word_1_230' title='bbox 2491 1749 2586 1799; x_wconf 67' lang='grc' dir='ltr'><strong>καὶΙ</strong></span> <span class='ocrx_word' id='word_1_231' title='bbox 2623 1747 2821 1817; x_wconf 71' lang='grc' dir='ltr'>μωροὶ,</span> <span class='ocrx_word' id='word_1_232' title='bbox 2853 1749 2978 1810; x_wconf 84' lang='grc' dir='ltr'>τοὺς</span> <span class='ocrx_word' id='word_1_233' title='bbox 3009 1705 3243 1816; x_wconf 49' lang='grc' dir='ltr'>αύγένας</span> <span class='ocrx_word' id='word_1_234' title='bbox 3283 1705 3618 1796; x_wconf 78' lang='grc' dir='ltr'>ἐπανιστῶσι</span> <span class='ocrx_word' id='word_1_235' title='bbox 3666 1705 3827 1794; x_wconf 72' lang='grc' dir='ltr'>κατὰ</span> 
     </span>
    </p>
   </div>
   <div class='ocr_carea' id='block_1_35' title="bbox 649 1825 2229 1906">
    <p class='ocr_par' dir='ltr' id='par_1_35' title="bbox 649 1825 2132 1902">
     <span class='ocr_line' id='line_1_35' title="bbox 649 1825 2132 1902; baseline -0.005 -17"><span class='ocrx_word' id='word_1_236' title='bbox 649 1854 665 1885; x_wconf 84' lang='grc' dir='ltr'>ι</span> <span class='ocrx_word' id='word_1_237' title='bbox 714 1835 968 1902; x_wconf 78' lang='lat' dir='ltr'><strong>malignis</strong></span> <span class='ocrx_word' id='word_1_238' title='bbox 1016 1832 1258 1885; x_wconf 85' lang='lat' dir='ltr'><strong>consiliis</strong></span> <span class='ocrx_word' id='word_1_239' title='bbox 1307 1831 1654 1897; x_wconf 80' lang='lat' dir='ltr'><strong>instigantes,</strong></span> <span class='ocrx_word' id='word_1_240' title='bbox 1715 1835 1773 1878; x_wconf 88' lang='lat' dir='ltr'><strong>ut</strong></span> <span class='ocrx_word' id='word_1_241' title='bbox 1828 1825 2132 1878; x_wconf 83' lang='lat' dir='ltr'><strong>inordinata</strong></span> 
     </span>
    </p>
   </div>
   <div class='ocr_carea' id='block_1_36' title="bbox 2245 1825 3825 1906">
    <p class='ocr_par' dir='ltr' id='par_1_36' title="bbox 2317 1831 3825 1906">
     <span class='ocr_line' id='line_1_36' title="bbox 2317 1831 3825 1906; baseline -0.005 -16"><span class='ocrx_word' id='word_1_242' title='bbox 2317 1859 2334 1890; x_wconf 76' lang='grc' dir='ltr'>ι</span> <span class='ocrx_word' id='word_1_243' title='bbox 2383 1839 2489 1893; x_wconf 83' lang='grc' dir='ltr'>τῶν</span> <span class='ocrx_word' id='word_1_244' title='bbox 2515 1841 2732 1892; x_wconf 86' lang='grc' dir='ltr'>οἰκείων</span> <span class='ocrx_word' id='word_1_245' title='bbox 2763 1842 3104 1903; x_wconf 77' lang='grc' dir='ltr'>ἐπισκόπων,</span> <span class='ocrx_word' id='word_1_246' title='bbox 3143 1839 3203 1891; x_wconf 70' lang='grc' dir='ltr'>τὸ</span> <span class='ocrx_word' id='word_1_247' title='bbox 3233 1837 3438 1906; x_wconf 83' lang='grc' dir='ltr'>πλῆθος</span> <span class='ocrx_word' id='word_1_248' title='bbox 3480 1831 3825 1902; x_wconf 75' lang='grc' dir='ltr'>συμποσίοις</span> 
     </span>
    </p>
   </div>
   <div class='ocr_carea' id='block_1_37' title="bbox 650 1918 2230 1998">
    <p class='ocr_par' dir='ltr' id='par_1_37' title="bbox 650 1918 2130 1979">
     <span class='ocr_line' id='line_1_37' title="bbox 650 1918 2130 1979; baseline -0.006 -2"><span class='ocrx_word' id='word_1_249' title='bbox 650 1945 668 1977; x_wconf 77' lang='grc' dir='ltr'>ι</span> <span class='ocrx_word' id='word_1_250' title='bbox 717 1925 1089 1979; x_wconf 66' lang='lat' dir='ltr'><strong>benevolentia</strong></span> <span class='ocrx_word' id='word_1_251' title='bbox 1127 1938 1220 1977; x_wconf 84' lang='lat' dir='ltr'><strong>eos</strong></span> <span class='ocrx_word' id='word_1_252' title='bbox 1269 1924 1370 1976; x_wconf 85' lang='lat' dir='ltr'><strong>sibi</strong></span> <span class='ocrx_word' id='word_1_253' title='bbox 1425 1920 1722 1974; x_wconf 86' lang='lat' dir='ltr'><strong>directores</strong></span> <span class='ocrx_word' id='word_1_254' title='bbox 1777 1918 2130 1970; x_wconf 85' lang='lat' dir='ltr'><strong>constituant.</strong></span> 
     </span>
    </p>
   </div>
   <div class='ocr_carea' id='block_1_38' title="bbox 2245 1918 3825 1998">
    <p class='ocr_par' dir='ltr' id='par_1_38' title="bbox 2316 1924 3825 1998">
     <span class='ocr_line' id='line_1_38' title="bbox 2316 1924 3825 1998; baseline -0.005 -17"><span class='ocrx_word' id='word_1_255' title='bbox 2316 1949 2332 1980; x_wconf 82' lang='grc' dir='ltr'><strong>ι</strong></span> <span class='ocrx_word' id='word_1_256' title='bbox 2375 1930 2470 1982; x_wconf 77' lang='grc' dir='ltr'>καὶ</span> <span class='ocrx_word' id='word_1_257' title='bbox 2511 1930 2829 1982; x_wconf 90' lang='grc' dir='ltr'>κακοοελέσι</span> <span class='ocrx_word' id='word_1_258' title='bbox 2885 1929 3244 1998; x_wconf 73' lang='grc' dir='ltr'>συμϐουλίαις</span> <span class='ocrx_word' id='word_1_259' title='bbox 3287 1929 3682 1996; x_wconf 86' lang='grc' dir='ltr'>διεγείροντες,</span> <span class='ocrx_word' id='word_1_260' title='bbox 3738 1924 3825 1984; x_wconf 73' lang='grc' dir='ltr'><strong>ὡς</strong></span> 
     </span>
    </p>
   </div>
   <div class='ocr_carea' id='block_1_39' title="bbox 650 2008 2230 2090">
    <p class='ocr_par' dir='ltr' id='par_1_39' title="bbox 650 2008 2134 2082">
     <span class='ocr_line' id='line_1_39' title="bbox 650 2008 2134 2082; baseline -0.005 -15"><span class='ocrx_word' id='word_1_261' title='bbox 650 2038 666 2067; x_wconf 81' lang='grc' dir='ltr'>ι</span> <span class='ocrx_word' id='word_1_262' title='bbox 719 2016 829 2069; x_wconf 92' lang='lat' dir='ltr'><strong>lloc</strong></span> <span class='ocrx_word' id='word_1_263' title='bbox 862 2025 1037 2068; x_wconf 82' lang='lat' dir='ltr'><strong>autem</strong></span> <span class='ocrx_word' id='word_1_264' title='bbox 1089 2015 1371 2082; x_wconf 70' lang='lat' dir='ltr'><strong>insigniter</strong></span> <span class='ocrx_word' id='word_1_265' title='bbox 1401 2013 1691 2078; x_wconf 79' lang='lat' dir='ltr'><strong>optandum</strong></span> <span class='ocrx_word' id='word_1_266' title='bbox 1746 2024 1774 2060; x_wconf 85' lang='lat' dir='ltr'><strong>a</strong></span> <span class='ocrx_word' id='word_1_267' title='bbox 1822 2018 1994 2061; x_wconf 77' lang='lat' dir='ltr'><strong>vestra</strong></span> <span class='ocrx_word' id='word_1_268' title='bbox 2041 2008 2134 2060; x_wconf 86' lang='lat' dir='ltr'><strong>be-</strong></span> 
     </span>
    </p>
   </div>
   <div class='ocr_carea' id='block_1_40' title="bbox 2248 2008 3828 2090">
    <p class='ocr_par' dir='ltr' id='par_1_40' title="bbox 2315 2016 3828 2090">
     <span class='ocr_line' id='line_1_40' title="bbox 2315 2016 3828 2090; baseline -0.001 -20"><span class='ocrx_word' id='word_1_269' title='bbox 2315 2039 2332 2070; x_wconf 82' lang='grc' dir='ltr'>ι</span> <span class='ocrx_word' id='word_1_270' title='bbox 2379 2022 2602 2074; x_wconf 77' lang='grc' dir='ltr'>ἄτακτοι</span> <span class='ocrx_word' id='word_1_271' title='bbox 2648 2020 2831 2090; x_wconf 79' lang='grc' dir='ltr'>εὐνοίᾳ</span> <span class='ocrx_word' id='word_1_272' title='bbox 2882 2020 3108 2082; x_wconf 84' lang='grc' dir='ltr'>τούτους</span> <span class='ocrx_word' id='word_1_273' title='bbox 3136 2019 3362 2081; x_wconf 74' lang='grc' dir='ltr'>ἑαυτοὺς</span> <span class='ocrx_word' id='word_1_274' title='bbox 3415 2019 3630 2080; x_wconf 68' lang='grc' dir='ltr'>ἰθυντέις</span> <span class='ocrx_word' id='word_1_275' title='bbox 3679 2016 3828 2068; x_wconf 82' lang='grc' dir='ltr'>καθ-</span> 
     </span>
    </p>
   </div>
   <div class='ocr_carea' id='block_1_41' title="bbox 645 2098 2225 2180">
    <p class='ocr_par' dir='ltr' id='par_1_41' title="bbox 645 2098 2132 2164">
     <span class='ocr_line' id='line_1_41' title="bbox 645 2098 2132 2164; baseline -0.004 -7"><span class='ocrx_word' id='word_1_276' title='bbox 645 2127 663 2157; x_wconf 72' lang='grc' dir='ltr'>ι</span> <span class='ocrx_word' id='word_1_277' title='bbox 711 2104 1014 2159; x_wconf 82' lang='lat' dir='ltr'><strong>nevolentia</strong></span> <span class='ocrx_word' id='word_1_278' title='bbox 1047 2103 1379 2164; x_wconf 86' lang='lat' dir='ltr'><strong>obtinemus,</strong></span> <span class='ocrx_word' id='word_1_279' title='bbox 1429 2101 1742 2155; x_wconf 80' lang='lat' dir='ltr'><strong>fidelissime</strong></span> <span class='ocrx_word' id='word_1_280' title='bbox 1804 2098 1968 2152; x_wconf 81' lang='lat' dir='ltr'><strong>frater</strong></span> <span class='ocrx_word' id='word_1_281' title='bbox 2021 2099 2132 2152; x_wconf 84' lang='lat' dir='ltr'><strong>Au-</strong></span> 
     </span>
    </p>
   </div>
   <div class='ocr_carea' id='block_1_42' title="bbox 2240 2098 3820 2180">
    <p class='ocr_par' dir='ltr' id='par_1_42' title="bbox 2316 2107 3820 2180">
     <span class='ocr_line' id='line_1_42' title="bbox 2316 2107 3820 2180; baseline -0.003 -17"><span class='ocrx_word' id='word_1_282' title='bbox 2316 2131 2334 2163; x_wconf 77' lang='lat' dir='ltr'><strong>r</strong></span> <span class='ocrx_word' id='word_1_283' title='bbox 2381 2112 2638 2166; x_wconf 84' lang='grc' dir='ltr'>ιστάνειν.</span> <span class='ocrx_word' id='word_1_284' title='bbox 2678 2109 2854 2164; x_wconf 82' lang='grc' dir='ltr'>Τοῦτο</span> <span class='ocrx_word' id='word_1_285' title='bbox 2909 2110 2966 2164; x_wconf 67' lang='grc' dir='ltr'>δὲ</span> <span class='ocrx_word' id='word_1_286' title='bbox 3013 2111 3300 2180; x_wconf 65' lang='grc' dir='ltr'>επισήμως</span> <span class='ocrx_word' id='word_1_287' title='bbox 3349 2111 3601 2164; x_wconf 81' lang='grc' dir='ltr'>εὐκταῖον</span> <span class='ocrx_word' id='word_1_288' title='bbox 3658 2107 3820 2175; x_wconf 82' lang='grc' dir='ltr'><strong>παρά</strong></span> 
     </span>
    </p>
   </div>
   <div class='ocr_carea' id='block_1_43' title="bbox 646 2192 2226 2271">
    <p class='ocr_par' dir='ltr' id='par_1_43' title="bbox 646 2192 2135 2268">
     <span class='ocr_line' id='line_1_43' title="bbox 646 2192 2135 2268; baseline -0.005 -15"><span class='ocrx_word' id='word_1_289' title='bbox 646 2222 662 2253; x_wconf 84' lang='grc' dir='ltr'>ι</span> <span class='ocrx_word' id='word_1_290' title='bbox 711 2201 828 2263; x_wconf 91' lang='lat' dir='ltr'><strong>reli,</strong></span> <span class='ocrx_word' id='word_1_291' title='bbox 881 2200 1022 2268; x_wconf 90' lang='lat' dir='ltr'><strong>quod</strong></span> <span class='ocrx_word' id='word_1_292' title='bbox 1058 2211 1198 2266; x_wconf 63' lang='lat' dir='ltr'><strong>saepe</strong></span> <span class='ocrx_word' id='word_1_293' title='bbox 1239 2195 1501 2264; x_wconf 83' lang='lat' dir='ltr'><strong>ejusmodi</strong></span> <span class='ocrx_word' id='word_1_294' title='bbox 1544 2209 1730 2248; x_wconf 87' lang='lat' dir='ltr'><strong>eorum</strong></span> <span class='ocrx_word' id='word_1_295' title='bbox 1783 2192 2135 2262; x_wconf 84' lang='lat' dir='ltr'><strong>appetitiones</strong></span> 
     </span>
    </p>
   </div>
   <div class='ocr_carea' id='block_1_44' title="bbox 2242 2192 3822 2271">
    <p class='ocr_par' dir='ltr' id='par_1_44' title="bbox 2315 2198 3822 2271">
     <span class='ocr_line' id='line_1_44' title="bbox 2315 2198 3822 2271; baseline -0.004 -17"><span class='ocrx_word' id='word_1_296' title='bbox 2315 2221 2334 2254; x_wconf 78' lang='grc' dir='ltr'>ι</span> <span class='ocrx_word' id='word_1_297' title='bbox 2383 2206 2478 2271; x_wconf 79' lang='grc' dir='ltr'>τῆς</span> <span class='ocrx_word' id='word_1_298' title='bbox 2533 2200 2809 2271; x_wconf 72' lang='grc' dir='ltr'>ὑμετέρας</span> <span class='ocrx_word' id='word_1_299' title='bbox 2851 2200 3156 2271; x_wconf 84' lang='grc' dir='ltr'>κατέχομεν</span> <span class='ocrx_word' id='word_1_300' title='bbox 3213 2201 3480 2263; x_wconf 84' lang='grc' dir='ltr'>διανοίας,</span> <span class='ocrx_word' id='word_1_301' title='bbox 3513 2198 3822 2251; x_wconf 72' lang='grc' dir='ltr'>πιστότατα</span> 
     </span>
    </p>
   </div>
   <div class='ocr_carea' id='block_1_45' title="bbox 645 2284 2225 2363">
    <p class='ocr_par' dir='ltr' id='par_1_45' title="bbox 645 2284 2134 2358">
     <span class='ocr_line' id='line_1_45' title="bbox 645 2284 2134 2358; baseline -0.006 -15"><span class='ocrx_word' id='word_1_302' title='bbox 645 2312 663 2343; x_wconf 75' lang='grc' dir='ltr'><strong>ι</strong></span> <span class='ocrx_word' id='word_1_303' title='bbox 713 2310 817 2345; x_wconf 90' lang='lat' dir='ltr'><strong>non</strong></span> <span class='ocrx_word' id='word_1_304' title='bbox 868 2292 1161 2344; x_wconf 87' lang='lat' dir='ltr'><strong>admittens</strong></span> <span class='ocrx_word' id='word_1_305' title='bbox 1207 2287 1552 2358; x_wconf 88' lang='lat' dir='ltr'><strong>prohibuisti.</strong></span> <span class='ocrx_word' id='word_1_306' title='bbox 1603 2285 1829 2352; x_wconf 80' lang='lat' dir='ltr'><strong>PrOpter</strong></span> <span class='ocrx_word' id='word_1_307' title='bbox 1874 2284 2134 2352; x_wconf 77' lang='lat' dir='ltr'><strong>malignas</strong></span> 
     </span>
    </p>
   </div>
   <div class='ocr_carea' id='block_1_46' title="bbox 2242 2284 3822 2363">
    <p class='ocr_par' dir='ltr' id='par_1_46' title="bbox 2314 2290 3822 2363">
     <span class='ocr_line' id='line_1_46' title="bbox 2314 2290 3822 2363; baseline -0.002 -18"><span class='ocrx_word' id='word_1_308' title='bbox 2314 2314 2332 2345; x_wconf 74' lang='grc' dir='ltr'>ι</span> <span class='ocrx_word' id='word_1_309' title='bbox 2383 2293 2576 2360; x_wconf 74' lang='grc' dir='ltr'>ἀδελφὲ</span> <span class='ocrx_word' id='word_1_310' title='bbox 2624 2294 2881 2363; x_wconf 77' lang='grc' dir='ltr'>Δύρήλιε,</span> <span class='ocrx_word' id='word_1_311' title='bbox 2912 2294 2995 2346; x_wconf 85' lang='grc' dir='ltr'>ὅτι</span> <span class='ocrx_word' id='word_1_312' title='bbox 3061 2293 3322 2356; x_wconf 77' lang='grc' dir='ltr'>πολλάκις</span> <span class='ocrx_word' id='word_1_313' title='bbox 3391 2292 3486 2354; x_wconf 84' lang='grc' dir='ltr'>τὰς</span> <span class='ocrx_word' id='word_1_314' title='bbox 3543 2290 3822 2351; x_wconf 81' lang='grc' dir='ltr'>τοιαύτας</span> 
     </span>
    </p>
   </div>
   <div class='ocr_carea' id='block_1_47' title="bbox 646 2377 2226 2454">
    <p class='ocr_par' dir='ltr' id='par_1_47' title="bbox 646 2377 2134 2452">
     <span class='ocr_line' id='line_1_47' title="bbox 646 2377 2134 2452; baseline -0.009 -13"><span class='ocrx_word' id='word_1_315' title='bbox 646 2406 663 2452; x_wconf 71' lang='grc' dir='ltr'>ι</span> <span class='ocrx_word' id='word_1_316' title='bbox 704 2397 878 2439; x_wconf 84' lang='lat' dir='ltr'><strong>autem</strong></span> <span class='ocrx_word' id='word_1_317' title='bbox 899 2400 1080 2438; x_wconf 90' lang='lat' dir='ltr'><strong>eormn</strong></span> <span class='ocrx_word' id='word_1_318' title='bbox 1099 2383 1451 2451; x_wconf 76' lang='lat' dir='ltr'><strong>cegitatioues</strong></span> <span class='ocrx_word' id='word_1_319' title='bbox 1470 2393 1520 2430; x_wconf 86' lang='lat' dir='ltr'><strong>et</strong></span> <span class='ocrx_word' id='word_1_320' title='bbox 1540 2381 1776 2445; x_wconf 82' lang='lat' dir='ltr'><strong>improbe</strong></span> <span class='ocrx_word' id='word_1_321' title='bbox 1799 2377 2134 2430; x_wconf 87' lang='lat' dir='ltr'><strong>consentien-</strong></span> 
     </span>
    </p>
   </div>
   <div class='ocr_carea' id='block_1_48' title="bbox 2244 2377 3824 2454">
    <p class='ocr_par' dir='ltr' id='par_1_48' title="bbox 2317 2381 3824 2454">
     <span class='ocr_line' id='line_1_48' title="bbox 2317 2381 3824 2454; baseline -0.001 -19"><span class='ocrx_word' id='word_1_322' title='bbox 2317 2404 2335 2435; x_wconf 82' lang='grc' dir='ltr'>ι</span> <span class='ocrx_word' id='word_1_323' title='bbox 2381 2386 2554 2452; x_wconf 73' lang='grc' dir='ltr'>ὁρμὰς</span> <span class='ocrx_word' id='word_1_324' title='bbox 2595 2384 2670 2453; x_wconf 79' lang='grc' dir='ltr'>μὴ</span> <span class='ocrx_word' id='word_1_325' title='bbox 2703 2384 3133 2454; x_wconf 76' lang='grc' dir='ltr'>προσδεχόμενος</span> <span class='ocrx_word' id='word_1_326' title='bbox 3167 2383 3468 2446; x_wconf 81' lang='grc' dir='ltr'>ὲκώλυσας.</span> <span class='ocrx_word' id='word_1_327' title='bbox 3497 2383 3597 2436; x_wconf 80' lang='grc' dir='ltr'>Διά</span> <span class='ocrx_word' id='word_1_328' title='bbox 3621 2383 3680 2436; x_wconf 81' lang='grc' dir='ltr'>δὲ</span> <span class='ocrx_word' id='word_1_329' title='bbox 3713 2381 3824 2443; x_wconf 77' lang='grc' dir='ltr'>τὰς</span> 
     </span>
    </p>
   </div>
   <div class='ocr_carea' id='block_1_49' title="bbox 653 2469 2233 2541">
    <p class='ocr_par' dir='ltr' id='par_1_49' title="bbox 653 2469 2135 2538">
     <span class='ocr_line' id='line_1_49' title="bbox 653 2469 2135 2538; baseline -0.008 -9"><span class='ocrx_word' id='word_1_330' title='bbox 653 2501 670 2529; x_wconf 77' lang='grc' dir='ltr'><strong>ι</strong></span> <span class='ocrx_word' id='word_1_331' title='bbox 717 2485 787 2534; x_wconf 88' lang='lat' dir='ltr'><strong>tia</strong></span> <span class='ocrx_word' id='word_1_332' title='bbox 812 2478 1030 2530; x_wconf 86' lang='lat' dir='ltr'><strong>consilia</strong></span> <span class='ocrx_word' id='word_1_333' title='bbox 1054 2479 1152 2528; x_wconf 91' lang='lat' dir='ltr'><strong>hoc</strong></span> <span class='ocrx_word' id='word_1_334' title='bbox 1180 2475 1319 2536; x_wconf 77' lang='lat' dir='ltr'><strong>dico,</strong></span> <span class='ocrx_word' id='word_1_335' title='bbox 1381 2488 1484 2524; x_wconf 89' lang='lat' dir='ltr'><strong>nun</strong></span> <span class='ocrx_word' id='word_1_336' title='bbox 1517 2473 1708 2524; x_wconf 81' lang='lat' dir='ltr'><strong>debere</strong></span> <span class='ocrx_word' id='word_1_337' title='bbox 1765 2469 2135 2538; x_wconf 79' lang='lat' dir='ltr'><strong>propriumin-</strong></span> 
     </span>
    </p>
   </div>
   <div class='ocr_carea' id='block_1_50' title="bbox 2237 2469 3817 2541">
    <p class='ocr_par' dir='ltr' id='par_1_50' title="bbox 2316 2474 3817 2541">
     <span class='ocr_line' id='line_1_50' title="bbox 2316 2474 3817 2541; baseline -0.001 -15"><span class='ocrx_word' id='word_1_338' title='bbox 2316 2494 2333 2526; x_wconf 79' lang='grc' dir='ltr'><strong>ι</strong></span> <span class='ocrx_word' id='word_1_339' title='bbox 2379 2475 2486 2528; x_wconf 86' lang='grc' dir='ltr'><strong>τῶν</strong></span> <span class='ocrx_word' id='word_1_340' title='bbox 2508 2475 2766 2528; x_wconf 77' lang='grc' dir='ltr'>τοιούτων</span> <span class='ocrx_word' id='word_1_341' title='bbox 2803 2476 3120 2538; x_wconf 80' lang='grc' dir='ltr'>κακοθελετς</span> <span class='ocrx_word' id='word_1_342' title='bbox 3151 2477 3384 2539; x_wconf 80' lang='grc' dir='ltr'>ἑννοίας,</span> <span class='ocrx_word' id='word_1_343' title='bbox 3413 2476 3508 2528; x_wconf 80' lang='grc' dir='ltr'><strong>καὶ</strong></span> <span class='ocrx_word' id='word_1_344' title='bbox 3537 2477 3605 2528; x_wconf 77' lang='grc' dir='ltr'>τὰ</span> <span class='ocrx_word' id='word_1_345' title='bbox 3662 2474 3817 2541; x_wconf 79' lang='grc' dir='ltr'>φαύ-</span> 
     </span>
    </p>
   </div>
   <div class='ocr_carea' id='block_1_51' title="bbox 648 2557 2228 2635">
    <p class='ocr_par' dir='ltr' id='par_1_51' title="bbox 648 2557 2133 2630">
     <span class='ocr_line' id='line_1_51' title="bbox 648 2557 2133 2630; baseline -0.011 -7"><span class='ocrx_word' id='word_1_346' title='bbox 648 2592 665 2623; x_wconf 85' lang='grc' dir='ltr'>ι</span> <span class='ocrx_word' id='word_1_347' title='bbox 710 2572 1014 2624; x_wconf 80' lang='lat' dir='ltr'><strong>stitutorem</strong></span> <span class='ocrx_word' id='word_1_348' title='bbox 1070 2563 1316 2630; x_wconf 80' lang='lat' dir='ltr'><strong>populum</strong></span> <span class='ocrx_word' id='word_1_349' title='bbox 1356 2561 1625 2628; x_wconf 81' lang='lat' dir='ltr'><strong>accipere,</strong></span> <span class='ocrx_word' id='word_1_350' title='bbox 1667 2560 1757 2628; x_wconf 90' lang='lat' dir='ltr'><strong>qui</strong></span> <span class='ocrx_word' id='word_1_351' title='bbox 1807 2557 1863 2610; x_wconf 88' lang='lat' dir='ltr'><strong>in</strong></span> <span class='ocrx_word' id='word_1_352' title='bbox 1911 2572 1971 2610; x_wconf 87' lang='lat' dir='ltr'><strong>ea</strong></span> <span class='ocrx_word' id='word_1_353' title='bbox 2015 2570 2133 2622; x_wconf 73' lang='lat' dir='ltr'><strong>qua:</strong></span> 
     </span>
    </p>
   </div>
   <div class='ocr_carea' id='block_1_52' title="bbox 2235 2557 3815 2635">
    <p class='ocr_par' dir='ltr' id='par_1_52' title="bbox 2317 2565 3815 2635">
     <span class='ocr_line' id='line_1_52' title="bbox 2317 2565 3815 2635; baseline -0.001 -18"><span class='ocrx_word' id='word_1_354' title='bbox 2317 2586 2334 2618; x_wconf 78' lang='grc' dir='ltr'>ι</span> <span class='ocrx_word' id='word_1_355' title='bbox 2380 2567 2487 2630; x_wconf 82' lang='grc' dir='ltr'><strong>λως</strong></span> <span class='ocrx_word' id='word_1_356' title='bbox 2533 2567 2970 2635; x_wconf 61' lang='grc' dir='ltr'>συμφωνούμενα.</span> <span class='ocrx_word' id='word_1_357' title='bbox 3019 2566 3385 2635; x_wconf 78' lang='grc' dir='ltr'>βουλεύματα,</span> <span class='ocrx_word' id='word_1_358' title='bbox 3435 2565 3594 2618; x_wconf 87' lang='grc' dir='ltr'>τοῦτο</span> <span class='ocrx_word' id='word_1_359' title='bbox 3640 2566 3815 2632; x_wconf 88' lang='grc' dir='ltr'>λέγω,</span> 
     </span>
    </p>
   </div>
   <div class='ocr_carea' id='block_1_53' title="bbox 647 2647 2227 2727">
    <p class='ocr_par' dir='ltr' id='par_1_53' title="bbox 647 2647 2133 2725">
     <span class='ocr_line' id='line_1_53' title="bbox 647 2647 2133 2725; baseline -0.013 -7"><span class='ocrx_word' id='word_1_360' title='bbox 647 2684 666 2716; x_wconf 80' lang='grc' dir='ltr'>ι</span> <span class='ocrx_word' id='word_1_361' title='bbox 714 2663 911 2717; x_wconf 86' lang='lat' dir='ltr'><strong>dicitur</strong></span> <span class='ocrx_word' id='word_1_362' title='bbox 962 2655 1216 2725; x_wconf 75' lang='lat' dir='ltr'><strong>partBeia,</strong></span> <span class='ocrx_word' id='word_1_363' title='bbox 1272 2653 1497 2719; x_wconf 86' lang='lat' dir='ltr'><strong>antiquo</strong></span> <span class='ocrx_word' id='word_1_364' title='bbox 1549 2651 1806 2718; x_wconf 72' lang='lat' dir='ltr'><strong>episcopo</strong></span> <span class='ocrx_word' id='word_1_365' title='bbox 1860 2647 2133 2715; x_wconf 81' lang='lat' dir='ltr'><strong>subjectus</strong></span> 
     </span>
    </p>
   </div>
   <div class='ocr_carea' id='block_1_54' title="bbox 2240 2647 3820 2727">
    <p class='ocr_par' dir='ltr' id='par_1_54' title="bbox 2318 2654 3820 2727">
     <span class='ocr_line' id='line_1_54' title="bbox 2318 2654 3820 2727; baseline 0 -19"><span class='ocrx_word' id='word_1_366' title='bbox 2318 2677 2333 2708; x_wconf 89' lang='grc' dir='ltr'>ι</span> <span class='ocrx_word' id='word_1_367' title='bbox 2385 2659 2458 2727; x_wconf 79' lang='grc' dir='ltr'>μὴ</span> <span class='ocrx_word' id='word_1_368' title='bbox 2525 2657 2762 2724; x_wconf 80' lang='grc' dir='ltr'>ὀφείλειν</span> <span class='ocrx_word' id='word_1_369' title='bbox 2825 2656 3144 2726; x_wconf 87' lang='grc' dir='ltr'>καθηγητὴν</span> <span class='ocrx_word' id='word_1_370' title='bbox 3217 2657 3347 2709; x_wconf 85' lang='grc' dir='ltr'>ίδιον</span> <span class='ocrx_word' id='word_1_371' title='bbox 3421 2654 3680 2719; x_wconf 74' lang='grc' dir='ltr'>δέξασθαι</span> <span class='ocrx_word' id='word_1_372' title='bbox 3749 2656 3820 2708; x_wconf 81' lang='grc' dir='ltr'>τὸ</span> 
     </span>
    </p>
   </div>
   <div class='ocr_carea' id='block_1_55' title="bbox 646 2738 2226 2820">
    <p class='ocr_par' dir='ltr' id='par_1_55' title="bbox 646 2738 2132 2820">
     <span class='ocr_line' id='line_1_55' title="bbox 646 2738 2132 2820; baseline -0.013 -11"><span class='ocrx_word' id='word_1_373' title='bbox 646 2777 663 2808; x_wconf 84' lang='grc' dir='ltr'><strong>ι</strong></span> <span class='ocrx_word' id='word_1_374' title='bbox 714 2765 1053 2820; x_wconf 83' lang='lat' dir='ltr'><strong>nequaquam</strong></span> <span class='ocrx_word' id='word_1_375' title='bbox 1102 2747 1378 2814; x_wconf 83' lang='lat' dir='ltr'><strong>preprium</strong></span> <span class='ocrx_word' id='word_1_376' title='bbox 1431 2742 1743 2809; x_wconf 88' lang='lat' dir='ltr'><strong>episcopum</strong></span> <span class='ocrx_word' id='word_1_377' title='bbox 1805 2740 2009 2792; x_wconf 79' lang='lat' dir='ltr'><strong>habuit.</strong></span> <span class='ocrx_word' id='word_1_378' title='bbox 2069 2738 2132 2791; x_wconf 87' lang='lat' dir='ltr'><strong>Et</strong></span> 
     </span>
    </p>
   </div>
   <div class='ocr_carea' id='block_1_56' title="bbox 2242 2738 3822 2820">
    <p class='ocr_par' dir='ltr' id='par_1_56' title="bbox 2316 2748 3822 2820">
     <span class='ocr_line' id='line_1_56' title="bbox 2316 2748 3822 2820; baseline 0.001 -21"><span class='ocrx_word' id='word_1_379' title='bbox 2316 2767 2332 2799; x_wconf 80' lang='grc' dir='ltr'><strong>ι</strong></span> <span class='ocrx_word' id='word_1_380' title='bbox 2384 2748 2604 2816; x_wconf 83' lang='grc' dir='ltr'>πλῆθος,</span> <span class='ocrx_word' id='word_1_381' title='bbox 2639 2749 2698 2799; x_wconf 67' lang='grc' dir='ltr'>τὸ</span> <span class='ocrx_word' id='word_1_382' title='bbox 2729 2749 2786 2799; x_wconf 81' lang='grc' dir='ltr'>ὲν</span> <span class='ocrx_word' id='word_1_383' title='bbox 2815 2751 2880 2817; x_wconf 80' lang='grc' dir='ltr'>τῇ</span> <span class='ocrx_word' id='word_1_384' title='bbox 2908 2749 3176 2819; x_wconf 75' lang='grc' dir='ltr'>λεγομένῃ</span> <span class='ocrx_word' id='word_1_385' title='bbox 3202 2749 3467 2820; x_wconf 82' lang='grc' dir='ltr'>παροικίᾳ</span> <span class='ocrx_word' id='word_1_386' title='bbox 3510 2748 3822 2817; x_wconf 83' lang='grc' dir='ltr'>ὑποκείμε-</span> 
     </span>
    </p>
   </div>
   <div class='ocr_carea' id='block_1_57' title="bbox 647 2831 2227 2908">
    <p class='ocr_par' dir='ltr' id='par_1_57' title="bbox 647 2831 2132 2907">
     <span class='ocr_line' id='line_1_57' title="bbox 647 2831 2132 2907; baseline -0.008 -13"><span class='ocrx_word' id='word_1_387' title='bbox 647 2866 666 2900; x_wconf 70' lang='grc' dir='ltr'><strong>ι</strong></span> <span class='ocrx_word' id='word_1_388' title='bbox 716 2848 834 2900; x_wconf 85' lang='lat' dir='ltr'><strong>ideo</strong></span> <span class='ocrx_word' id='word_1_389' title='bbox 870 2842 911 2894; x_wconf 90' lang='lat' dir='ltr'><strong>si</strong></span> <span class='ocrx_word' id='word_1_390' title='bbox 945 2839 1081 2907; x_wconf 83' lang='lat' dir='ltr'><strong>quod</strong></span> <span class='ocrx_word' id='word_1_391' title='bbox 1114 2839 1232 2890; x_wconf 87' lang='lat' dir='ltr'><strong>dico</strong></span> <span class='ocrx_word' id='word_1_392' title='bbox 1264 2835 1525 2886; x_wconf 63' lang='lat' dir='ltr'><strong>universae</strong></span> <span class='ocrx_word' id='word_1_393' title='bbox 1554 2831 1908 2886; x_wconf 75' lang='lat' dir='ltr'><strong>sanctissimae</strong></span> <span class='ocrx_word' id='word_1_394' title='bbox 1931 2831 2132 2900; x_wconf 88' lang='lat' dir='ltr'><strong>synodo</strong></span> 
     </span>
    </p>
   </div>
   <div class='ocr_carea' id='block_1_58' title="bbox 2236 2831 3816 2908">
    <p class='ocr_par' dir='ltr' id='par_1_58' title="bbox 2315 2837 3816 2908">
     <span class='ocr_line' id='line_1_58' title="bbox 2315 2837 3816 2908; baseline 0.003 -21"><span class='ocrx_word' id='word_1_395' title='bbox 2315 2859 2329 2887; x_wconf 81' lang='grc' dir='ltr'>ι</span> <span class='ocrx_word' id='word_1_396' title='bbox 2382 2855 2469 2890; x_wconf 93' lang='grc' dir='ltr'><strong>νον</strong></span> <span class='ocrx_word' id='word_1_397' title='bbox 2521 2838 2734 2906; x_wconf 80' lang='grc' dir='ltr'>ἀρχαίῳ</span> <span class='ocrx_word' id='word_1_398' title='bbox 2796 2837 3117 2907; x_wconf 70' lang='grc' dir='ltr'>ἑπισκόπῳ,</span> <span class='ocrx_word' id='word_1_399' title='bbox 3171 2841 3265 2891; x_wconf 75' lang='grc' dir='ltr'>καὶ</span> <span class='ocrx_word' id='word_1_400' title='bbox 3321 2839 3594 2908; x_wconf 79' lang='grc' dir='ltr'>μηδέποτε</span> <span class='ocrx_word' id='word_1_401' title='bbox 3671 2840 3816 2892; x_wconf 86' lang='grc' dir='ltr'>ῐδιον</span> 
     </span>
    </p>
   </div>
   <div class='ocr_carea' id='block_1_59' title="bbox 647 2920 2227 3006">
    <p class='ocr_par' dir='ltr' id='par_1_59' title="bbox 647 2920 2130 3006">
     <span class='ocr_line' id='line_1_59' title="bbox 647 2920 2130 3006; baseline -0.01 -19"><span class='ocrx_word' id='word_1_402' title='bbox 647 2959 665 2990; x_wconf 73' lang='grc' dir='ltr'>σ</span> <span class='ocrx_word' id='word_1_403' title='bbox 714 2937 905 3006; x_wconf 83' lang='lat' dir='ltr'><strong>placet,</strong></span> <span class='ocrx_word' id='word_1_404' title='bbox 944 2930 1315 2983; x_wconf 79' lang='lat' dir='ltr'><strong>conﬁrmetur.</strong></span> <span class='ocrx_word' id='word_1_405' title='bbox 1353 2924 1603 2977; x_wconf 86' lang='lat' dir='ltr'><strong>Aurelius</strong></span> <span class='ocrx_word' id='word_1_406' title='bbox 1632 2923 1919 2991; x_wconf 86' lang='lat' dir='ltr'><strong>episcopus</strong></span> <span class='ocrx_word' id='word_1_407' title='bbox 1951 2920 2086 2973; x_wconf 76' lang='lat' dir='ltr'><strong>dixit</strong></span> <span class='ocrx_word' id='word_1_408' title='bbox 2118 2937 2130 2972; x_wconf 92' lang='lat'>:</span> 
     </span>
    </p>
   </div>
   <div class='ocr_carea' id='block_1_60' title="bbox 2238 2920 3818 3006">
    <p class='ocr_par' dir='ltr' id='par_1_60' title="bbox 2315 2930 3818 3002">
     <span class='ocr_line' id='line_1_60' title="bbox 2315 2930 3818 3002; baseline 0.003 -22"><span class='ocrx_word' id='word_1_409' title='bbox 2315 2950 2330 2980; x_wconf 77' lang='grc' dir='ltr'><strong>ι</strong></span> <span class='ocrx_word' id='word_1_410' title='bbox 2382 2931 2674 2982; x_wconf 78' lang='grc' dir='ltr'>ἐπίσκοπον</span> <span class='ocrx_word' id='word_1_411' title='bbox 2699 2931 2952 2999; x_wconf 55' lang='grc' dir='ltr'>ἐσχηκός·</span> <span class='ocrx_word' id='word_1_412' title='bbox 2975 2931 3084 2993; x_wconf 72' lang='grc' dir='ltr'>Διὸ,</span> <span class='ocrx_word' id='word_1_413' title='bbox 3116 2930 3208 2982; x_wconf 70' lang='lat' dir='ltr'><strong>saw</strong></span> <span class='ocrx_word' id='word_1_414' title='bbox 3239 2932 3499 3002; x_wconf 81' lang='grc' dir='ltr'>συμπάσῃ</span> <span class='ocrx_word' id='word_1_415' title='bbox 3536 2934 3601 3000; x_wconf 79' lang='grc' dir='ltr'>τῇ</span> <span class='ocrx_word' id='word_1_416' title='bbox 3638 2933 3818 2998; x_wconf 83' lang='grc' dir='ltr'>ἁγιω-</span> 
     </span>
    </p>
   </div>
   <div class='ocr_carea' id='block_1_61' title="bbox 643 3014 2223 3109">
    <p class='ocr_par' dir='ltr' id='par_1_61' title="bbox 643 3014 2205 3109">
     <span class='ocr_line' id='line_1_61' title="bbox 643 3014 2205 3109; baseline -0.009 -32"><span class='ocrx_word' id='word_1_417' title='bbox 643 3047 658 3077; x_wconf 83' lang='grc' dir='ltr'>ι</span> <span class='ocrx_word' id='word_1_418' title='bbox 712 3025 915 3079; x_wconf 76' lang='lat' dir='ltr'><strong>Fratris</strong></span> <span class='ocrx_word' id='word_1_419' title='bbox 952 3031 1004 3074; x_wconf 90' lang='lat' dir='ltr'><strong>et</strong></span> <span class='ocrx_word' id='word_1_420' title='bbox 1030 3019 1329 3088; x_wconf 90' lang='lat' dir='ltr'><strong>coepiscopi</strong></span> <span class='ocrx_word' id='word_1_421' title='bbox 1379 3016 1548 3070; x_wconf 88' lang='lat' dir='ltr'><strong>nostri</strong></span> <span class='ocrx_word' id='word_1_422' title='bbox 1605 3014 1966 3083; x_wconf 84' lang='lat' dir='ltr'><strong>prosecutioni</strong></span> <span class='ocrx_word' id='word_1_423' title='bbox 2026 3026 2131 3065; x_wconf 90' lang='lat' dir='ltr'><strong>non</strong></span> <span class='ocrx_word' id='word_1_424' title='bbox 2161 3047 2205 3109; x_wconf 63' lang='grc' dir='ltr'>ε</span> 
     </span>
    </p>
   </div>
   <div class='ocr_carea' id='block_1_62' title="bbox 2237 3014 3817 3109">
    <p class='ocr_par' dir='ltr' id='par_1_62' title="bbox 2316 3019 3817 3092">
     <span class='ocr_line' id='line_1_62' title="bbox 2316 3019 3817 3092; baseline -0.006 -21"><span class='ocrx_word' id='word_1_425' title='bbox 2316 3039 2333 3071; x_wconf 81' lang='grc' dir='ltr'><strong>ι</strong></span> <span class='ocrx_word' id='word_1_426' title='bbox 2381 3021 2516 3092; x_wconf 77' lang='grc' dir='ltr'>τὰτῃ</span> <span class='ocrx_word' id='word_1_427' title='bbox 2552 3019 2751 3085; x_wconf 79' lang='grc' dir='ltr'>συνόδῳ</span> <span class='ocrx_word' id='word_1_428' title='bbox 2783 3019 2994 3091; x_wconf 78' lang='grc' dir='ltr'><strong>ἀρέσκῃ</strong></span> <span class='ocrx_word' id='word_1_429' title='bbox 3025 3019 3085 3071; x_wconf 73' lang='grc' dir='ltr'><strong>τὸ</strong></span> <span class='ocrx_word' id='word_1_430' title='bbox 3125 3020 3258 3089; x_wconf 78' lang='grc' dir='ltr'>παρ’</span> <span class='ocrx_word' id='word_1_431' title='bbox 3294 3019 3451 3088; x_wconf 73' lang='grc' dir='ltr'>ἐμοῦ,</span> <span class='ocrx_word' id='word_1_432' title='bbox 3497 3021 3780 3091; x_wconf 76' lang='grc' dir='ltr'>βεϐαιωθή</span> <span class='ocrx_word' id='word_1_433' title='bbox 3805 3051 3817 3062; x_wconf 95' lang='grc'><strong>.</strong></span> 
     </span>
    </p>
   </div>
   <div class='ocr_carea' id='block_1_63' title="bbox 647 3104 2227 3179">
    <p class='ocr_par' dir='ltr' id='par_1_63' title="bbox 647 3104 2204 3176">
     <span class='ocr_line' id='line_1_63' title="bbox 647 3104 2204 3176; baseline -0.01 -8"><span class='ocrx_word' id='word_1_434' title='bbox 647 3137 664 3168; x_wconf 80' lang='grc' dir='ltr'><strong>ι</strong></span> <span class='ocrx_word' id='word_1_435' title='bbox 712 3115 906 3171; x_wconf 63' lang='lat' dir='ltr'><strong>resisto</strong></span> <span class='ocrx_word' id='word_1_436' title='bbox 942 3129 955 3176; x_wconf 90' lang='lat'><strong>;</strong></span> <span class='ocrx_word' id='word_1_437' title='bbox 990 3111 1082 3164; x_wconf 90' lang='lat' dir='ltr'><strong>sed</strong></span> <span class='ocrx_word' id='word_1_438' title='bbox 1120 3113 1219 3162; x_wconf 90' lang='lat' dir='ltr'><strong>hoc</strong></span> <span class='ocrx_word' id='word_1_439' title='bbox 1278 3123 1363 3160; x_wconf 89' lang='lat' dir='ltr'><strong>me</strong></span> <span class='ocrx_word' id='word_1_440' title='bbox 1426 3117 1480 3160; x_wconf 89' lang='lat' dir='ltr'><strong>et</strong></span> <span class='ocrx_word' id='word_1_441' title='bbox 1524 3106 1719 3160; x_wconf 83' lang='lat' dir='ltr'><strong>fecisse</strong></span> <span class='ocrx_word' id='word_1_442' title='bbox 1760 3114 1814 3158; x_wconf 86' lang='lat' dir='ltr'><strong>et</strong></span> <span class='ocrx_word' id='word_1_443' title='bbox 1865 3104 2131 3157; x_wconf 81' lang='lat' dir='ltr'><strong>facturum</strong></span> <span class='ocrx_word' id='word_1_444' title='bbox 2172 3104 2204 3109; x_wconf 72' lang='lat'><strong><em>&#39;</em></strong></span> 
     </span>
    </p>
   </div>
   <div class='ocr_carea' id='block_1_64' title="bbox 2236 3104 3816 3179">
    <p class='ocr_par' dir='ltr' id='par_1_64' title="bbox 2313 3105 3816 3179">
     <span class='ocr_line' id='line_1_64' title="bbox 2313 3105 3816 3179; baseline 0.001 -17"><span class='ocrx_word' id='word_1_445' title='bbox 2313 3128 2330 3162; x_wconf 87' lang='grc' dir='ltr'>ι</span> <span class='ocrx_word' id='word_1_446' title='bbox 2376 3128 2472 3164; x_wconf 88' lang='grc' dir='ltr'>τω.</span> <span class='ocrx_word' id='word_1_447' title='bbox 2505 3110 2770 3179; x_wconf 78' lang='grc' dir='ltr'>Αὐρήλιος</span> <span class='ocrx_word' id='word_1_448' title='bbox 2796 3110 3095 3172; x_wconf 80' lang='grc' dir='ltr'>ἐπίσκοπος</span> <span class='ocrx_word' id='word_1_449' title='bbox 3119 3105 3242 3162; x_wconf 78' lang='grc' dir='ltr'>εἰπε</span> <span class='ocrx_word' id='word_1_450' title='bbox 3263 3127 3276 3141; x_wconf 92' lang='grc'><strong>·</strong></span> <span class='ocrx_word' id='word_1_451' title='bbox 3311 3109 3416 3163; x_wconf 87' lang='grc' dir='ltr'><strong>Τοῦ</strong></span> <span class='ocrx_word' id='word_1_452' title='bbox 3442 3111 3678 3179; x_wconf 82' lang='grc' dir='ltr'>ἀδελφοῦ</span> <span class='ocrx_word' id='word_1_453' title='bbox 3712 3113 3816 3165; x_wconf 78' lang='grc' dir='ltr'><strong>καὶ</strong></span> 
     </span>
    </p>
   </div>
   <div class='ocr_carea' id='block_1_65' title="bbox 646 3193 2226 3273">
    <p class='ocr_par' dir='ltr' id='par_1_65' title="bbox 646 3193 2131 3273">
     <span class='ocr_line' id='line_1_65' title="bbox 646 3193 2131 3273; baseline -0.009 -16"><span class='ocrx_word' id='word_1_454' title='bbox 646 3225 663 3257; x_wconf 77' lang='grc' dir='ltr'>ι</span> <span class='ocrx_word' id='word_1_455' title='bbox 711 3204 984 3273; x_wconf 82' lang='lat' dir='ltr'><strong>proliteor,</strong></span> <span class='ocrx_word' id='word_1_456' title='bbox 1032 3199 1238 3252; x_wconf 86' lang='lat' dir='ltr'><strong>scilicet</strong></span> <span class='ocrx_word' id='word_1_457' title='bbox 1289 3197 1429 3265; x_wconf 84' lang='lat' dir='ltr'><strong>apud</strong></span> <span class='ocrx_word' id='word_1_458' title='bbox 1480 3211 1574 3250; x_wconf 88' lang='lat' dir='ltr'><strong>eos</strong></span> <span class='ocrx_word' id='word_1_459' title='bbox 1622 3197 1714 3263; x_wconf 90' lang='lat' dir='ltr'><strong>qui</strong></span> <span class='ocrx_word' id='word_1_460' title='bbox 1764 3193 2131 3256; x_wconf 90' lang='lat' dir='ltr'><strong>consentiunt,</strong></span> 
     </span>
    </p>
   </div>
   <div class='ocr_carea' id='block_1_66' title="bbox 2236 3193 3816 3273">
    <p class='ocr_par' dir='ltr' id='par_1_66' title="bbox 2313 3201 3816 3271">
     <span class='ocr_line' id='line_1_66' title="bbox 2313 3201 3816 3271; baseline 0.003 -18"><span class='ocrx_word' id='word_1_461' title='bbox 2313 3221 2330 3253; x_wconf 80' lang='grc' dir='ltr'><strong>ι</strong></span> <span class='ocrx_word' id='word_1_462' title='bbox 2380 3203 2780 3254; x_wconf 86' lang='grc' dir='ltr'>συνεπισκόπου</span> <span class='ocrx_word' id='word_1_463' title='bbox 2839 3202 2999 3271; x_wconf 84' lang='grc' dir='ltr'>ήμῶν</span> <span class='ocrx_word' id='word_1_464' title='bbox 3069 3204 3134 3270; x_wconf 77' lang='grc' dir='ltr'>τῇ</span> <span class='ocrx_word' id='word_1_465' title='bbox 3211 3201 3630 3270; x_wconf 75' lang='grc' dir='ltr'>ὲξακολουθήσει</span> <span class='ocrx_word' id='word_1_466' title='bbox 3708 3206 3816 3258; x_wconf 85' lang='grc' dir='ltr'><strong>ούκ</strong></span> 
     </span>
    </p>
   </div>
   <div class='ocr_carea' id='block_1_67' title="bbox 650 3285 2230 3365">
    <p class='ocr_par' dir='ltr' id='par_1_67' title="bbox 650 3285 2132 3357">
     <span class='ocr_line' id='line_1_67' title="bbox 650 3285 2132 3357; baseline -0.009 -9"><span class='ocrx_word' id='word_1_467' title='bbox 650 3317 666 3347; x_wconf 78' lang='grc' dir='ltr'>ι</span> <span class='ocrx_word' id='word_1_468' title='bbox 717 3310 822 3348; x_wconf 92' lang='lat' dir='ltr'><strong>non</strong></span> <span class='ocrx_word' id='word_1_469' title='bbox 857 3293 1026 3344; x_wconf 81' lang='lat' dir='ltr'><strong>solum</strong></span> <span class='ocrx_word' id='word_1_470' title='bbox 1053 3288 1469 3357; x_wconf 71' lang='lat' dir='ltr'><strong>Carthaginiensi</strong></span> <span class='ocrx_word' id='word_1_471' title='bbox 1506 3285 1780 3350; x_wconf 55' lang='lat' dir='ltr'><strong>Eceiesizr,</strong></span> <span class='ocrx_word' id='word_1_472' title='bbox 1827 3289 1919 3339; x_wconf 89' lang='lat' dir='ltr'><strong>sed</strong></span> <span class='ocrx_word' id='word_1_473' title='bbox 1969 3285 2132 3337; x_wconf 86' lang='lat' dir='ltr'><strong>etiam</strong></span> 
     </span>
    </p>
   </div>
   <div class='ocr_carea' id='block_1_68' title="bbox 2236 3285 3816 3365">
    <p class='ocr_par' dir='ltr' id='par_1_68' title="bbox 2312 3292 3816 3365">
     <span class='ocr_line' id='line_1_68' title="bbox 2312 3292 3816 3365; baseline 0.002 -19"><span class='ocrx_word' id='word_1_474' title='bbox 2312 3312 2329 3345; x_wconf 85' lang='grc' dir='ltr'><strong>ι</strong></span> <span class='ocrx_word' id='word_1_475' title='bbox 2377 3293 2708 3361; x_wconf 83' lang='grc' dir='ltr'>ἀνθίσταμαι</span> <span class='ocrx_word' id='word_1_476' title='bbox 2735 3309 2748 3325; x_wconf 89' lang='grc'>·</span> <span class='ocrx_word' id='word_1_477' title='bbox 2789 3292 2926 3346; x_wconf 86' lang='grc' dir='ltr'><strong>ἀλλά</strong></span> <span class='ocrx_word' id='word_1_478' title='bbox 2957 3293 3116 3347; x_wconf 83' lang='grc' dir='ltr'>τοῦτο</span> <span class='ocrx_word' id='word_1_479' title='bbox 3167 3294 3267 3364; x_wconf 78' lang='grc' dir='ltr'><strong>ἐμὲ</strong></span> <span class='ocrx_word' id='word_1_480' title='bbox 3323 3295 3418 3349; x_wconf 78' lang='grc' dir='ltr'>καὶ</span> <span class='ocrx_word' id='word_1_481' title='bbox 3461 3297 3816 3365; x_wconf 79' lang='grc' dir='ltr'>πεποιηκότα</span> 
     </span>
    </p>
   </div>
   <div class='ocr_carea' id='block_1_69' title="bbox 645 3375 2132 3439">
    <p class='ocr_par' dir='ltr' id='par_1_69' title="bbox 645 3375 2132 3439">
     <span class='ocr_line' id='line_1_69' title="bbox 645 3375 2132 3439; baseline -0.008 -1"><span class='ocrx_word' id='word_1_482' title='bbox 645 3407 662 3438; x_wconf 77' lang='grc' dir='ltr'><strong>ι</strong></span> <span class='ocrx_word' id='word_1_483' title='bbox 712 3390 962 3439; x_wconf 83' lang='lat' dir='ltr'><strong>universo</strong></span> <span class='ocrx_word' id='word_1_484' title='bbox 1025 3381 1350 3436; x_wconf 84' lang='lat' dir='ltr'><strong>sacerdotali</strong></span> <span class='ocrx_word' id='word_1_485' title='bbox 1412 3378 1710 3432; x_wconf 87' lang='lat' dir='ltr'><strong>c0nsortio.</strong></span> <span class='ocrx_word' id='word_1_486' title='bbox 1777 3378 1911 3431; x_wconf 83' lang='lat' dir='ltr'><strong>Sunt</strong></span> <span class='ocrx_word' id='word_1_487' title='bbox 1991 3375 2132 3429; x_wconf 90' lang='lat' dir='ltr'><strong>enim</strong></span> 
     </span>
    </p>
   </div>
   <div class='ocr_carea' id='block_1_70' title="bbox 644 3470 2130 3550">
    <p class='ocr_par' dir='ltr' id='par_1_70' title="bbox 644 3470 2130 3550">
     <span class='ocr_line' id='line_1_70' title="bbox 644 3470 2130 3550; baseline -0.008 -19"><span class='ocrx_word' id='word_1_488' title='bbox 644 3498 662 3531; x_wconf 80' lang='grc' dir='ltr'><strong>ι</strong></span> <span class='ocrx_word' id='word_1_489' title='bbox 711 3479 949 3550; x_wconf 83' lang='lat' dir='ltr'><strong>plurimi,</strong></span> <span class='ocrx_word' id='word_1_490' title='bbox 984 3476 1076 3544; x_wconf 88' lang='lat' dir='ltr'><strong>qui</strong></span> <span class='ocrx_word' id='word_1_491' title='bbox 1107 3489 1226 3529; x_wconf 91' lang='lat' dir='ltr'><strong>cum</strong></span> <span class='ocrx_word' id='word_1_492' title='bbox 1255 3472 1491 3540; x_wconf 80' lang='lat' dir='ltr'><strong>propriis</strong></span> <span class='ocrx_word' id='word_1_493' title='bbox 1527 3471 1738 3539; x_wconf 88' lang='lat' dir='ltr'><strong>populis</strong></span> <span class='ocrx_word' id='word_1_494' title='bbox 1775 3470 2130 3535; x_wconf 75' lang='lat' dir='ltr'><strong>conspirant;</strong></span> 
     </span>
    </p>
   </div>
   <div class='ocr_carea' id='block_1_71' title="bbox 645 3560 2135 3636">
    <p class='ocr_par' dir='ltr' id='par_1_71' title="bbox 645 3560 2135 3636">
     <span class='ocr_line' id='line_1_71' title="bbox 645 3560 2135 3636; baseline -0.006 -18"><span class='ocrx_word' id='word_1_495' title='bbox 645 3589 663 3618; x_wconf 79' lang='grc' dir='ltr'><strong>ι</strong></span> <span class='ocrx_word' id='word_1_496' title='bbox 708 3584 842 3636; x_wconf 90' lang='lat' dir='ltr'><strong>quos</strong></span> <span class='ocrx_word' id='word_1_497' title='bbox 870 3566 1111 3634; x_wconf 86' lang='lat' dir='ltr'><strong>quidem,</strong></span> <span class='ocrx_word' id='word_1_498' title='bbox 1147 3573 1205 3615; x_wconf 83' lang='grc' dir='ltr'>ιιι</span> <span class='ocrx_word' id='word_1_499' title='bbox 1237 3561 1438 3614; x_wconf 76' lang='lat' dir='ltr'><strong>dictum</strong></span> <span class='ocrx_word' id='word_1_500' title='bbox 1492 3572 1597 3623; x_wconf 87' lang='lat' dir='ltr'><strong>est,</strong></span> <span class='ocrx_word' id='word_1_501' title='bbox 1645 3560 1928 3621; x_wconf 84' lang='lat' dir='ltr'><strong>seduCunt,</strong></span> <span class='ocrx_word' id='word_1_502' title='bbox 1978 3569 2135 3609; x_wconf 82' lang='lat' dir='ltr'><strong>aures</strong></span> 
     </span>
    </p>
   </div>
   <div class='ocr_carea' id='block_1_72' title="bbox 637 3649 2136 3716">
    <p class='ocr_par' dir='ltr' id='par_1_72' title="bbox 637 3649 2136 3716">
     <span class='ocr_line' id='line_1_72' title="bbox 637 3649 2136 3716; baseline -0.009 -4"><span class='ocrx_word' id='word_1_503' title='bbox 637 3679 655 3711; x_wconf 78' lang='grc' dir='ltr'>ι</span> <span class='ocrx_word' id='word_1_504' title='bbox 702 3673 886 3711; x_wconf 85' lang='lat' dir='ltr'><strong>eorum</strong></span> <span class='ocrx_word' id='word_1_505' title='bbox 931 3655 1229 3716; x_wconf 79' lang='lat' dir='ltr'><strong>titillantes,</strong></span> <span class='ocrx_word' id='word_1_506' title='bbox 1279 3662 1329 3704; x_wconf 89' lang='lat' dir='ltr'><strong>et</strong></span> <span class='ocrx_word' id='word_1_507' title='bbox 1375 3650 1619 3703; x_wconf 86' lang='lat' dir='ltr'><strong>homines</strong></span> <span class='ocrx_word' id='word_1_508' title='bbox 1668 3651 1787 3701; x_wconf 71' lang='lat' dir='ltr'><strong>vita:</strong></span> <span class='ocrx_word' id='word_1_509' title='bbox 1836 3649 2136 3714; x_wconf 69' lang='lat' dir='ltr'><strong>desperatae</strong></span> 
     </span>
    </p>
   </div>
   <div class='ocr_carea' id='block_1_73' title="bbox 645 3739 2130 3814">
    <p class='ocr_par' dir='ltr' id='par_1_73' title="bbox 645 3739 2130 3814">
     <span class='ocr_line' id='line_1_73' title="bbox 645 3739 2130 3814; baseline -0.007 -12"><span class='ocrx_word' id='word_1_510' title='bbox 645 3770 662 3802; x_wconf 78' lang='grc' dir='ltr'>ι</span> <span class='ocrx_word' id='word_1_511' title='bbox 711 3750 1092 3814; x_wconf 68' lang='lat' dir='ltr'><strong>damnataeque</strong></span> <span class='ocrx_word' id='word_1_512' title='bbox 1131 3741 1537 3795; x_wconf 76' lang='lat' dir='ltr'><strong>adulationibus</strong></span> <span class='ocrx_word' id='word_1_513' title='bbox 1585 3741 1650 3792; x_wconf 90' lang='lat' dir='ltr'><strong>ad</strong></span> <span class='ocrx_word' id='word_1_514' title='bbox 1687 3754 1744 3792; x_wconf 84' lang='lat' dir='ltr'><strong>se</strong></span> <span class='ocrx_word' id='word_1_515' title='bbox 1792 3739 2130 3803; x_wconf 81' lang='lat' dir='ltr'><strong>allicientes;</strong></span> 
     </span>
    </p>
   </div>
   <div class='ocr_carea' id='block_1_74' title="bbox 645 3830 2134 3911">
    <p class='ocr_par' dir='ltr' id='par_1_74' title="bbox 645 3830 2134 3911">
     <span class='ocr_line' id='line_1_74' title="bbox 645 3830 2134 3911; baseline -0.007 -17"><span class='ocrx_word' id='word_1_516' title='bbox 645 3862 664 3894; x_wconf 72' lang='grc' dir='ltr'>ι</span> <span class='ocrx_word' id='word_1_517' title='bbox 714 3841 890 3911; x_wconf 87' lang='lat' dir='ltr'><strong>potius</strong></span> <span class='ocrx_word' id='word_1_518' title='bbox 921 3848 1098 3890; x_wconf 87' lang='lat' dir='ltr'><strong>autem</strong></span> <span class='ocrx_word' id='word_1_519' title='bbox 1155 3832 1344 3898; x_wconf 83' lang='lat' dir='ltr'><strong>inflati,</strong></span> <span class='ocrx_word' id='word_1_520' title='bbox 1381 3843 1435 3886; x_wconf 91' lang='lat' dir='ltr'><strong>et</strong></span> <span class='ocrx_word' id='word_1_521' title='bbox 1477 3832 1543 3884; x_wconf 86' lang='lat' dir='ltr'><strong>ab</strong></span> <span class='ocrx_word' id='word_1_522' title='bbox 1589 3832 1689 3883; x_wconf 91' lang='lat' dir='ltr'><strong>hoc</strong></span> <span class='ocrx_word' id='word_1_523' title='bbox 1732 3830 2005 3883; x_wconf 79' lang='lat' dir='ltr'><strong>COIISOl‘liO</strong></span> <span class='ocrx_word' id='word_1_524' title='bbox 2051 3843 2134 3884; x_wconf 88' lang='lat' dir='ltr'><strong>se-</strong></span> 
     </span>
    </p>
   </div>
   <div class='ocr_carea' id='block_1_75' title="bbox 643 3921 2134 4003">
    <p class='ocr_par' dir='ltr' id='par_1_75' title="bbox 643 3921 2134 4003">
     <span class='ocr_line' id='line_1_75' title="bbox 643 3921 2134 4003; baseline -0.007 -18"><span class='ocrx_word' id='word_1_525' title='bbox 643 3951 661 3984; x_wconf 79' lang='grc' dir='ltr'>ι</span> <span class='ocrx_word' id='word_1_526' title='bbox 707 3935 852 4003; x_wconf 83' lang='lat' dir='ltr'><strong>ipsos</strong></span> <span class='ocrx_word' id='word_1_527' title='bbox 884 3941 1196 3997; x_wconf 85' lang='lat' dir='ltr'><strong>separantes</strong></span> <span class='ocrx_word' id='word_1_528' title='bbox 1235 3943 1246 3977; x_wconf 89' lang='lat'>:</span> <span class='ocrx_word' id='word_1_529' title='bbox 1285 3927 1373 3993; x_wconf 84' lang='lat' dir='ltr'><strong>qui</strong></span> <span class='ocrx_word' id='word_1_530' title='bbox 1405 3924 1620 3993; x_wconf 86' lang='lat' dir='ltr'><strong>quidem</strong></span> <span class='ocrx_word' id='word_1_531' title='bbox 1673 3923 1898 3991; x_wconf 72' lang='lat' dir='ltr'><strong>proprio</strong></span> <span class='ocrx_word' id='word_1_532' title='bbox 1934 3921 2134 3990; x_wconf 87' lang='lat' dir='ltr'><strong>pepulo</strong></span> 
     </span>
    </p>
   </div>
   <div class='ocr_carea' id='block_1_76' title="bbox 650 4015 2136 4086">
    <p class='ocr_par' dir='ltr' id='par_1_76' title="bbox 650 4015 2136 4086">
     <span class='ocr_line' id='line_1_76' title="bbox 650 4015 2136 4086; baseline -0.007 -9"><span class='ocrx_word' id='word_1_533' title='bbox 650 4045 667 4077; x_wconf 82' lang='grc' dir='ltr'>ι</span> <span class='ocrx_word' id='word_1_534' title='bbox 718 4024 1032 4085; x_wconf 85' lang='lat' dir='ltr'><strong>innitentes,</strong></span> <span class='ocrx_word' id='word_1_535' title='bbox 1071 4035 1212 4086; x_wconf 57' lang='lat' dir='ltr'><strong>sape</strong></span> <span class='ocrx_word' id='word_1_536' title='bbox 1241 4018 1471 4081; x_wconf 76' lang='lat' dir='ltr'><strong>evocati,</strong></span> <span class='ocrx_word' id='word_1_537' title='bbox 1517 4027 1574 4069; x_wconf 90' lang='lat' dir='ltr'><strong>ut</strong></span> <span class='ocrx_word' id='word_1_538' title='bbox 1625 4016 1840 4068; x_wconf 80' lang='lat' dir='ltr'><strong>veniant</strong></span> <span class='ocrx_word' id='word_1_539' title='bbox 1874 4015 1939 4068; x_wconf 83' lang='lat' dir='ltr'><strong>ad</strong></span> <span class='ocrx_word' id='word_1_540' title='bbox 1972 4030 2136 4083; x_wconf 83' lang='lat' dir='ltr'><strong>syno-</strong></span> 
     </span>
    </p>
   </div>
   <div class='ocr_carea' id='block_1_77' title="bbox 648 4109 2132 4176">
    <p class='ocr_par' dir='ltr' id='par_1_77' title="bbox 648 4109 2132 4176">
     <span class='ocr_line' id='line_1_77' title="bbox 648 4109 2132 4176; baseline -0.005 -10"><span class='ocrx_word' id='word_1_541' title='bbox 648 4135 668 4166; x_wconf 71' lang='grc' dir='ltr'><strong><em>ο</em></strong></span> <span class='ocrx_word' id='word_1_542' title='bbox 717 4116 870 4176; x_wconf 88' lang='lat' dir='ltr'><strong>dum,</strong></span> <span class='ocrx_word' id='word_1_543' title='bbox 915 4120 1187 4172; x_wconf 86' lang='lat' dir='ltr'><strong>recusant,</strong></span> <span class='ocrx_word' id='word_1_544' title='bbox 1242 4119 1300 4160; x_wconf 91' lang='lat' dir='ltr'><strong>ut</strong></span> <span class='ocrx_word' id='word_1_545' title='bbox 1359 4109 1448 4176; x_wconf 90' lang='lat' dir='ltr'><strong>qui</strong></span> <span class='ocrx_word' id='word_1_546' title='bbox 1505 4111 1728 4160; x_wconf 89' lang='lat' dir='ltr'><strong>timeant</strong></span> <span class='ocrx_word' id='word_1_547' title='bbox 1783 4122 1850 4159; x_wconf 89' lang='lat' dir='ltr'><strong>ne</strong></span> <span class='ocrx_word' id='word_1_548' title='bbox 1902 4109 2132 4161; x_wconf 86' lang='lat' dir='ltr'><strong>absurda</strong></span> 
     </span>
    </p>
   </div>
   <div class='ocr_carea' id='block_1_78' title="bbox 647 4199 2133 4267">
    <p class='ocr_par' dir='ltr' id='par_1_78' title="bbox 647 4199 2133 4267">
     <span class='ocr_line' id='line_1_78' title="bbox 647 4199 2133 4267; baseline -0.004 -11"><span class='ocrx_word' id='word_1_549' title='bbox 647 4227 664 4256; x_wconf 73' lang='grc' dir='ltr'>ι</span> <span class='ocrx_word' id='word_1_550' title='bbox 714 4221 899 4260; x_wconf 87' lang='lat' dir='ltr'><strong>eorum</strong></span> <span class='ocrx_word' id='word_1_551' title='bbox 935 4203 1072 4254; x_wconf 84' lang='lat' dir='ltr'><strong>facta</strong></span> <span class='ocrx_word' id='word_1_552' title='bbox 1128 4200 1565 4254; x_wconf 88' lang='lat' dir='ltr'><strong>manifestentnr.</strong></span> <span class='ocrx_word' id='word_1_553' title='bbox 1619 4199 1744 4252; x_wconf 90' lang='lat' dir='ltr'><strong>Dico</strong></span> <span class='ocrx_word' id='word_1_554' title='bbox 1781 4213 1932 4267; x_wconf 84' lang='lat' dir='ltr'><strong>ergo,</strong></span> <span class='ocrx_word' id='word_1_555' title='bbox 1969 4199 2014 4252; x_wconf 88' lang='lat' dir='ltr'><strong>si</strong></span> <span class='ocrx_word' id='word_1_556' title='bbox 2054 4200 2133 4250; x_wconf 90' lang='lat' dir='ltr'><strong>vi-</strong></span> 
     </span>
    </p>
   </div>
   <div class='ocr_carea' id='block_1_79' title="bbox 645 4293 2225 4369">
    <p class='ocr_par' dir='ltr' id='par_1_79' title="bbox 645 4293 2135 4360">
     <span class='ocr_line' id='line_1_79' title="bbox 645 4293 2135 4360; baseline -0.005 -9"><span class='ocrx_word' id='word_1_557' title='bbox 645 4321 663 4351; x_wconf 84' lang='grc'>‹</span> <span class='ocrx_word' id='word_1_558' title='bbox 710 4300 890 4360; x_wconf 87' lang='lat' dir='ltr'><strong>detur,</strong></span> <span class='ocrx_word' id='word_1_559' title='bbox 947 4296 1201 4350; x_wconf 82' lang='lat' dir='ltr'><strong>omnibus</strong></span> <span class='ocrx_word' id='word_1_560' title='bbox 1256 4293 1433 4348; x_wconf 87' lang='lat' dir='ltr'><strong>modis</strong></span> <span class='ocrx_word' id='word_1_561' title='bbox 1490 4307 1611 4346; x_wconf 90' lang='lat' dir='ltr'><strong>cum</strong></span> <span class='ocrx_word' id='word_1_562' title='bbox 1663 4293 1741 4346; x_wconf 90' lang='lat' dir='ltr'><strong>eis</strong></span> <span class='ocrx_word' id='word_1_563' title='bbox 1809 4293 2135 4345; x_wconf 85' lang='lat' dir='ltr'><strong>contendere</strong></span> 
     </span>
    </p>
   </div>
   <div class='ocr_carea' id='block_1_80' title="bbox 2236 4293 3816 4369">
    <p class='ocr_par' dir='ltr' id='par_1_80' title="bbox 2317 4293 3816 4369">
     <span class='ocr_line' id='line_1_80' title="bbox 2317 4293 3816 4369; baseline 0.003 -22"><span class='ocrx_word' id='word_1_564' title='bbox 2317 4313 2334 4347; x_wconf 77' lang='grc' dir='ltr'>ι</span> <span class='ocrx_word' id='word_1_565' title='bbox 2381 4294 2643 4356; x_wconf 79' lang='grc' dir='ltr'>πολλάκις</span> <span class='ocrx_word' id='word_1_566' title='bbox 2677 4293 3075 4364; x_wconf 76' lang='grc' dir='ltr'>συγκληθέντες</span> <span class='ocrx_word' id='word_1_567' title='bbox 3102 4295 3275 4348; x_wconf 79' lang='grc' dir='ltr'>ἐλθεῖν</span> <span class='ocrx_word' id='word_1_568' title='bbox 3310 4299 3388 4358; x_wconf 89' lang='grc' dir='ltr'><strong>εἰς</strong></span> <span class='ocrx_word' id='word_1_569' title='bbox 3409 4298 3629 4350; x_wconf 85' lang='grc' dir='ltr'>σύνοδον</span> <span class='ocrx_word' id='word_1_570' title='bbox 3665 4315 3816 4369; x_wconf 86' lang='grc' dir='ltr'>παρ-</span> 
     </span>
    </p>
   </div>
   <div class='ocr_carea' id='block_1_81' title="bbox 643 4370 2223 4457">
    <p class='ocr_par' dir='ltr' id='par_1_81' title="bbox 643 4370 2190 4453">
     <span class='ocr_line' id='line_1_81' title="bbox 643 4370 2190 4453; baseline -0.005 -7"><span class='ocrx_word' id='word_1_571' title='bbox 643 4416 658 4446; x_wconf 79' lang='grc' dir='ltr'>ι</span> <span class='ocrx_word' id='word_1_572' title='bbox 706 4395 1004 4453; x_wconf 86' lang='lat' dir='ltr'><strong>debemus,</strong></span> <span class='ocrx_word' id='word_1_573' title='bbox 1061 4399 1117 4440; x_wconf 89' lang='lat' dir='ltr'><strong>ut</strong></span> <span class='ocrx_word' id='word_1_574' title='bbox 1178 4404 1281 4442; x_wconf 91' lang='lat' dir='ltr'><strong>non</strong></span> <span class='ocrx_word' id='word_1_575' title='bbox 1336 4389 1509 4440; x_wconf 91' lang='lat' dir='ltr'><strong>solum</strong></span> <span class='ocrx_word' id='word_1_576' title='bbox 1569 4387 1636 4440; x_wconf 87' lang='lat' dir='ltr'><strong>iis</strong></span> <span class='ocrx_word' id='word_1_577' title='bbox 1695 4402 1799 4440; x_wconf 93' lang='lat' dir='ltr'><strong>non</strong></span> <span class='ocrx_word' id='word_1_578' title='bbox 1849 4370 2190 4440; x_wconf 78' lang='lat' dir='ltr'><strong>serventurl</strong></span> 
     </span>
    </p>
   </div>
   <div class='ocr_carea' id='block_1_82' title="bbox 2236 4370 3816 4457">
    <p class='ocr_par' dir='ltr' id='par_1_82' title="bbox 2315 4385 3816 4457">
     <span class='ocr_line' id='line_1_82' title="bbox 2315 4385 3816 4457; baseline 0.003 -20"><span class='ocrx_word' id='word_1_579' title='bbox 2315 4406 2332 4437; x_wconf 85' lang='grc' dir='ltr'><strong>ι</strong></span> <span class='ocrx_word' id='word_1_580' title='bbox 2380 4385 2658 4439; x_wconf 89' lang='grc' dir='ltr'>αιτοῦνται</span> <span class='ocrx_word' id='word_1_581' title='bbox 2687 4425 2701 4447; x_wconf 87' lang='grc'><strong>,</strong></span> <span class='ocrx_word' id='word_1_582' title='bbox 2752 4387 2827 4448; x_wconf 84' lang='grc' dir='ltr'><strong>ὡς</strong></span> <span class='ocrx_word' id='word_1_583' title='bbox 2869 4386 3194 4456; x_wconf 77' lang='grc' dir='ltr'>φοεούμενοι</span> <span class='ocrx_word' id='word_1_584' title='bbox 3237 4392 3434 4457; x_wconf 84' lang='grc' dir='ltr'>μήπως</span> <span class='ocrx_word' id='word_1_585' title='bbox 3479 4390 3549 4441; x_wconf 79' lang='grc' dir='ltr'>τὰ</span> <span class='ocrx_word' id='word_1_586' title='bbox 3599 4390 3816 4445; x_wconf 80' lang='grc' dir='ltr'>τούτων</span> 
     </span>
    </p>
   </div>
   <div class='ocr_carea' id='block_1_83' title="bbox 2313 3385 3817 3457">
    <p class='ocr_par' dir='ltr' id='par_1_83' title="bbox 2313 3385 3817 3457">
     <span class='ocr_line' id='line_1_83' title="bbox 2313 3385 3817 3457; baseline 0.003 -21"><span class='ocrx_word' id='word_1_587' title='bbox 2313 3405 2330 3436; x_wconf 75' lang='grc' dir='ltr'><strong>ι</strong></span> <span class='ocrx_word' id='word_1_588' title='bbox 2380 3387 2471 3437; x_wconf 63' lang='grc' dir='ltr'>καὶ</span> <span class='ocrx_word' id='word_1_589' title='bbox 2529 3385 2835 3454; x_wconf 84' lang='grc' dir='ltr'>ποιήσαντα</span> <span class='ocrx_word' id='word_1_590' title='bbox 2886 3385 3179 3454; x_wconf 81' lang='grc' dir='ltr'>ὁμολογῶ,</span> <span class='ocrx_word' id='word_1_591' title='bbox 3229 3385 3435 3457; x_wconf 80' lang='grc' dir='ltr'>δηλαδὴ</span> <span class='ocrx_word' id='word_1_592' title='bbox 3496 3391 3626 3457; x_wconf 74' lang='grc' dir='ltr'>περὶ</span> <span class='ocrx_word' id='word_1_593' title='bbox 3679 3391 3817 3452; x_wconf 76' lang='grc' dir='ltr'>τοὺς</span> 
     </span>
    </p>
   </div>
   <div class='ocr_carea' id='block_1_84' title="bbox 2311 3495 2331 3526">
    <p class='ocr_par' dir='ltr' id='par_1_84' title="bbox 2311 3495 2331 3526">
     <span class='ocr_line' id='line_1_84' title="bbox 2311 3495 2331 3526; baseline 0 0"><span class='ocrx_word' id='word_1_594' title='bbox 2311 3495 2331 3526; x_wconf 68' lang='grc'>1</span> 
     </span>
    </p>
   </div>
   <div class='ocr_carea' id='block_1_85' title="bbox 651 4475 2231 4554">
    <p class='ocr_par' dir='ltr' id='par_1_85' title="bbox 651 4477 2138 4554">
     <span class='ocr_line' id='line_1_85' title="bbox 651 4477 2138 4554; baseline -0.005 -18"><span class='ocrx_word' id='word_1_595' title='bbox 651 4504 664 4536; x_wconf 90' lang='grc' dir='ltr'>ι</span> <span class='ocrx_word' id='word_1_596' title='bbox 709 4483 971 4554; x_wconf 77' lang='lat' dir='ltr'><strong>ejusmodi</strong></span> <span class='ocrx_word' id='word_1_597' title='bbox 1001 4480 1290 4544; x_wconf 75' lang='lat' dir='ltr'><strong>diteceses,</strong></span> <span class='ocrx_word' id='word_1_598' title='bbox 1328 4481 1420 4531; x_wconf 86' lang='lat' dir='ltr'><strong>sed</strong></span> <span class='ocrx_word' id='word_1_599' title='bbox 1467 4493 1563 4531; x_wconf 87' lang='lat' dir='ltr'><strong>nec</strong></span> <span class='ocrx_word' id='word_1_600' title='bbox 1609 4479 1838 4546; x_wconf 65' lang='lat' dir='ltr'><strong>propriae</strong></span> <span class='ocrx_word' id='word_1_601' title='bbox 1882 4477 2138 4531; x_wconf 65' lang='lat' dir='ltr'><strong>Ecclesiae</strong></span> 
     </span>
    </p>
   </div>
   <div class='ocr_carea' id='block_1_86' title="bbox 2233 4475 3813 4554">
    <p class='ocr_par' dir='ltr' id='par_1_86' title="bbox 2316 4475 3813 4552">
     <span class='ocr_line' id='line_1_86' title="bbox 2316 4475 3813 4552; baseline 0.004 -25"><span class='ocrx_word' id='word_1_602' title='bbox 2316 4496 2334 4527; x_wconf 79' lang='grc' dir='ltr'><strong>ι</strong></span> <span class='ocrx_word' id='word_1_603' title='bbox 2377 4477 2710 4544; x_wconf 83' lang='grc' dir='ltr'>ἀτοπήματα</span> <span class='ocrx_word' id='word_1_604' title='bbox 2738 4477 2991 4546; x_wconf 82' lang='grc' dir='ltr'>φανερωο</span> <span class='ocrx_word' id='word_1_605' title='bbox 3005 4477 3158 4529; x_wconf 88' lang='grc' dir='ltr'>ὡσιν.</span> <span class='ocrx_word' id='word_1_606' title='bbox 3187 4478 3345 4545; x_wconf 86' lang='grc' dir='ltr'>Λέγω</span> <span class='ocrx_word' id='word_1_607' title='bbox 3375 4475 3489 4542; x_wconf 74' lang='grc' dir='ltr'>οὖν,</span> <span class='ocrx_word' id='word_1_608' title='bbox 3519 4481 3613 4533; x_wconf 75' lang='grc' dir='ltr'><strong>ἐὰν</strong></span> <span class='ocrx_word' id='word_1_609' title='bbox 3648 4480 3813 4552; x_wconf 78' lang='grc' dir='ltr'>δοκῇ,</span> 
     </span>
    </p>
   </div>
   <div class='ocr_carea' id='block_1_87' title="bbox 2319 5321 2337 5353">
    <p class='ocr_par' dir='ltr' id='par_1_87' title="bbox 2319 5321 2337 5353">
     <span class='ocr_line' id='line_1_87' title="bbox 2319 5321 2337 5353; baseline 0 0"><span class='ocrx_word' id='word_1_610' title='bbox 2319 5321 2337 5353; x_wconf 76' lang='grc' dir='ltr'>ι</span> 
     </span>
    </p>
   </div>
   <div class='ocr_carea' id='block_1_88' title="bbox 2321 5597 2338 5628">
    <p class='ocr_par' dir='ltr' id='par_1_88' title="bbox 2321 5597 2338 5628">
     <span class='ocr_line' id='line_1_88' title="bbox 2321 5597 2338 5628; baseline 0 0"><span class='ocrx_word' id='word_1_611' title='bbox 2321 5597 2338 5628; x_wconf 70' lang='grc'><strong>1</strong></span> 
     </span>
    </p>
   </div>
   <div class='ocr_carea' id='block_1_89' title="bbox 2380 3475 3816 3550">
    <p class='ocr_par' dir='ltr' id='par_1_89' title="bbox 2380 3475 3816 3550">
     <span class='ocr_line' id='line_1_89' title="bbox 2380 3475 3816 3550; baseline 0.005 -21"><span class='ocrx_word' id='word_1_612' title='bbox 2380 3475 2759 3546; x_wconf 81' lang='grc' dir='ltr'>ὁμονοοῦντας,</span> <span class='ocrx_word' id='word_1_613' title='bbox 2789 3477 2850 3530; x_wconf 87' lang='grc' dir='ltr'><strong>ού</strong></span> <span class='ocrx_word' id='word_1_614' title='bbox 2890 3477 3052 3546; x_wconf 67' lang='grc' dir='ltr'>μόνον</span> <span class='ocrx_word' id='word_1_615' title='bbox 3103 3481 3171 3550; x_wconf 78' lang='grc' dir='ltr'>τῇ</span> <span class='ocrx_word' id='word_1_616' title='bbox 3226 3482 3283 3532; x_wconf 82' lang='grc' dir='ltr'>ὲν</span> <span class='ocrx_word' id='word_1_617' title='bbox 3327 3482 3636 3550; x_wconf 78' lang='grc' dir='ltr'>Καρχηδόνι</span> <span class='ocrx_word' id='word_1_618' title='bbox 3678 3481 3816 3536; x_wconf 84' lang='grc' dir='ltr'><strong>Ἐκ-</strong></span> 
     </span>
    </p>
   </div>
   <div class='ocr_carea' id='block_1_90' title="bbox 2380 3569 3815 3647">
    <p class='ocr_par' dir='ltr' id='par_1_90' title="bbox 2380 3569 3815 3647">
     <span class='ocr_line' id='line_1_90' title="bbox 2380 3569 3815 3647; baseline 0.004 -25"><span class='ocrx_word' id='word_1_619' title='bbox 2380 3569 2600 3639; x_wconf 77' lang='grc' dir='ltr'>κ).ησίᾳ,</span> <span class='ocrx_word' id='word_1_620' title='bbox 2633 3569 2768 3621; x_wconf 88' lang='grc' dir='ltr'><strong>ἀλλά</strong></span> <span class='ocrx_word' id='word_1_621' title='bbox 2808 3570 2904 3622; x_wconf 84' lang='grc' dir='ltr'><strong>καὶ</strong></span> <span class='ocrx_word' id='word_1_622' title='bbox 2951 3572 3098 3642; x_wconf 80' lang='grc' dir='ltr'>πάσῃ</span> <span class='ocrx_word' id='word_1_623' title='bbox 3154 3575 3220 3642; x_wconf 78' lang='grc' dir='ltr'>τῇ</span> <span class='ocrx_word' id='word_1_624' title='bbox 3275 3574 3526 3644; x_wconf 83' lang='grc' dir='ltr'>ίερατικῇ</span> <span class='ocrx_word' id='word_1_625' title='bbox 3568 3577 3815 3647; x_wconf 81' lang='grc' dir='ltr'>συγκλη-</span> 
     </span>
    </p>
   </div>
   <div class='ocr_carea' id='block_1_91' title="bbox 2382 3659 3817 3732">
    <p class='ocr_par' dir='ltr' id='par_1_91' title="bbox 2382 3659 3817 3732">
     <span class='ocr_line' id='line_1_91' title="bbox 2382 3659 3817 3732; baseline 0.006 -20"><span class='ocrx_word' id='word_1_626' title='bbox 2382 3659 2566 3730; x_wconf 85' lang='grc' dir='ltr'>ρώσει.</span> <span class='ocrx_word' id='word_1_627' title='bbox 2605 3661 2724 3713; x_wconf 77' lang='grc' dir='ltr'><strong>Εἰσὶ</strong></span> <span class='ocrx_word' id='word_1_628' title='bbox 2774 3661 2883 3729; x_wconf 84' lang='grc' dir='ltr'>γὰρ</span> <span class='ocrx_word' id='word_1_629' title='bbox 2941 3662 3182 3714; x_wconf 75' lang='grc' dir='ltr'>πλεῖστοι</span> <span class='ocrx_word' id='word_1_630' title='bbox 3242 3665 3618 3732; x_wconf 82' lang='grc' dir='ltr'>συμπνέοντες</span> <span class='ocrx_word' id='word_1_631' title='bbox 3691 3670 3817 3732; x_wconf 76' lang='grc' dir='ltr'>τοῖς</span> 
     </span>
    </p>
   </div>
   <div class='ocr_carea' id='block_1_92' title="bbox 2379 3752 3814 3822">
    <p class='ocr_par' dir='ltr' id='par_1_92' title="bbox 2379 3752 3814 3822">
     <span class='ocr_line' id='line_1_92' title="bbox 2379 3752 3814 3822; baseline 0.008 -19"><span class='ocrx_word' id='word_1_632' title='bbox 2379 3754 2602 3808; x_wconf 75' lang='grc' dir='ltr'>οἰκείοις</span> <span class='ocrx_word' id='word_1_633' title='bbox 2659 3752 2958 3822; x_wconf 72' lang='grc' dir='ltr'>πλήθεσινσ</span> <span class='ocrx_word' id='word_1_634' title='bbox 2994 3754 3176 3816; x_wconf 77' lang='grc' dir='ltr'>ἅτινα,</span> <span class='ocrx_word' id='word_1_635' title='bbox 3228 3755 3303 3818; x_wconf 85' lang='grc' dir='ltr'>ὡς</span> <span class='ocrx_word' id='word_1_636' title='bbox 3353 3755 3629 3820; x_wconf 71' lang='grc' dir='ltr'>λέλεκται,</span> <span class='ocrx_word' id='word_1_637' title='bbox 3661 3759 3814 3814; x_wconf 71' lang='grc' dir='ltr'>ἀπα-</span> 
     </span>
    </p>
   </div>
   <div class='ocr_carea' id='block_1_93' title="bbox 2374 3843 3816 3912">
    <p class='ocr_par' dir='ltr' id='par_1_93' title="bbox 2374 3843 3816 3912">
     <span class='ocr_line' id='line_1_93' title="bbox 2374 3843 3816 3912; baseline 0.004 -17"><span class='ocrx_word' id='word_1_638' title='bbox 2374 3843 2530 3907; x_wconf 83' lang='grc' dir='ltr'>τῶσι,</span> <span class='ocrx_word' id='word_1_639' title='bbox 2559 3843 2853 3912; x_wconf 88' lang='grc' dir='ltr'>κνήθοντες</span> <span class='ocrx_word' id='word_1_640' title='bbox 2902 3845 3004 3906; x_wconf 72' lang='grc' dir='ltr'>τὰς</span> <span class='ocrx_word' id='word_1_641' title='bbox 3043 3845 3214 3907; x_wconf 72' lang='grc' dir='ltr'>ἀκοὰς</span> <span class='ocrx_word' id='word_1_642' title='bbox 3248 3846 3463 3912; x_wconf 64' lang='grc' dir='ltr'>αὐτῶν,</span> <span class='ocrx_word' id='word_1_643' title='bbox 3489 3849 3586 3899; x_wconf 80' lang='grc' dir='ltr'><strong>καὶ</strong></span> <span class='ocrx_word' id='word_1_644' title='bbox 3638 3849 3816 3902; x_wconf 66' lang='grc' dir='ltr'>κολαο</span> 
     </span>
    </p>
   </div>
   <div class='ocr_carea' id='block_1_94' title="bbox 2376 3931 3814 4005">
    <p class='ocr_par' dir='ltr' id='par_1_94' title="bbox 2376 3931 3814 4005">
     <span class='ocr_line' id='line_1_94' title="bbox 2376 3931 3814 4005; baseline 0.004 -20"><span class='ocrx_word' id='word_1_645' title='bbox 2376 3931 2628 3994; x_wconf 84' lang='grc' dir='ltr'>κεύοντες</span> <span class='ocrx_word' id='word_1_646' title='bbox 2683 3933 2819 4001; x_wconf 79' lang='grc' dir='ltr'>πρὸς</span> <span class='ocrx_word' id='word_1_647' title='bbox 2876 3935 3106 3994; x_wconf 70' lang='grc' dir='ltr'>ἑαυτοὺς</span> <span class='ocrx_word' id='word_1_648' title='bbox 3155 3933 3479 4003; x_wconf 77' lang='grc' dir='ltr'>ἀνθρώπους</span> <span class='ocrx_word' id='word_1_649' title='bbox 3523 3953 3814 4005; x_wconf 82' lang='grc' dir='ltr'>κατεγνω-</span> 
     </span>
    </p>
   </div>
   <div class='ocr_carea' id='block_1_95' title="bbox 2380 4023 3816 4096">
    <p class='ocr_par' dir='ltr' id='par_1_95' title="bbox 2380 4023 3816 4096">
     <span class='ocr_line' id='line_1_95' title="bbox 2380 4023 3816 4096; baseline 0.005 -20"><span class='ocrx_word' id='word_1_650' title='bbox 2380 4024 2578 4093; x_wconf 82' lang='grc' dir='ltr'>σμένου</span> <span class='ocrx_word' id='word_1_651' title='bbox 2623 4023 2780 4093; x_wconf 80' lang='grc' dir='ltr'>βίου·</span> <span class='ocrx_word' id='word_1_652' title='bbox 2830 4025 3034 4093; x_wconf 75' lang='grc' dir='ltr'>μᾶλλον</span> <span class='ocrx_word' id='word_1_653' title='bbox 3085 4025 3141 4078; x_wconf 79' lang='grc' dir='ltr'>δὲ</span> <span class='ocrx_word' id='word_1_654' title='bbox 3193 4028 3554 4096; x_wconf 78' lang='grc' dir='ltr'>φυσιούμενοι</span> <span class='ocrx_word' id='word_1_655' title='bbox 3600 4034 3695 4082; x_wconf 76' lang='grc' dir='ltr'><strong>καὶ</strong></span> <span class='ocrx_word' id='word_1_656' title='bbox 3743 4031 3816 4083; x_wconf 65' lang='grc' dir='ltr'>ἑκ</span> 
     </span>
    </p>
   </div>
   <div class='ocr_carea' id='block_1_96' title="bbox 2380 4111 3815 4188">
    <p class='ocr_par' dir='ltr' id='par_1_96' title="bbox 2380 4111 3815 4188">
     <span class='ocr_line' id='line_1_96' title="bbox 2380 4111 3815 4188; baseline -0.017 -5"><span class='ocrx_word' id='word_1_657' title='bbox 2380 4114 2478 4182; x_wconf 73' lang='grc' dir='ltr'><strong>τῆς</strong></span> <span class='ocrx_word' id='word_1_658' title='bbox 2531 4111 2968 4183; x_wconf 76' lang='grc' dir='ltr'>συγκληρὼσεως</span> <span class='ocrx_word' id='word_1_659' title='bbox 3007 4114 3210 4183; x_wconf 78' lang='grc' dir='ltr'>ταύτης</span> <span class='ocrx_word' id='word_1_660' title='bbox 3259 4117 3492 4177; x_wconf 80' lang='grc' dir='ltr'>ἑαυτοὺς</span> <span class='ocrx_word' id='word_1_661' title='bbox 3545 4119 3815 4188; x_wconf 74' lang='grc' dir='ltr'>χωρίζου-</span> 
     </span>
    </p>
   </div>
   <div class='ocr_carea' id='block_1_97' title="bbox 2383 4204 3812 4276">
    <p class='ocr_par' dir='ltr' id='par_1_97' title="bbox 2383 4204 3812 4276">
     <span class='ocr_line' id='line_1_97' title="bbox 2383 4204 3812 4276; baseline 0.002 -19"><span class='ocrx_word' id='word_1_662' title='bbox 2383 4222 2510 4267; x_wconf 72' lang='grc' dir='ltr'>τεςο</span> <span class='ocrx_word' id='word_1_663' title='bbox 2553 4205 2747 4268; x_wconf 76' lang='grc' dir='ltr'>οἵτινες</span> <span class='ocrx_word' id='word_1_664' title='bbox 2811 4204 2890 4274; x_wconf 86' lang='grc' dir='ltr'>τῷ</span> <span class='ocrx_word' id='word_1_665' title='bbox 2961 4205 3074 4276; x_wconf 81' lang='grc' dir='ltr'>ἰδίῳ</span> <span class='ocrx_word' id='word_1_666' title='bbox 3127 4205 3325 4274; x_wconf 75' lang='grc' dir='ltr'>πλήθει</span> <span class='ocrx_word' id='word_1_667' title='bbox 3371 4207 3812 4276; x_wconf 74' lang='grc' dir='ltr'>ὲπερειδόμενοι,</span> 
     </span>
    </p>
   </div>
   <div class='ocr_carea' id='block_1_98' title="bbox 657 4565 2237 4641">
    <p class='ocr_par' dir='ltr' id='par_1_98' title="bbox 657 4571 2138 4641">
     <span class='ocr_line' id='line_1_98' title="bbox 657 4571 2138 4641; baseline -0.005 -13"><span class='ocrx_word' id='word_1_668' title='bbox 657 4596 668 4628; x_wconf 94' lang='grc' dir='ltr'><strong>ι</strong></span> <span class='ocrx_word' id='word_1_669' title='bbox 714 4591 829 4641; x_wconf 72' lang='lat' dir='ltr'><strong>quae.</strong></span> <span class='ocrx_word' id='word_1_670' title='bbox 856 4573 994 4626; x_wconf 84' lang='lat' dir='ltr'><strong>male</strong></span> <span class='ocrx_word' id='word_1_671' title='bbox 1024 4572 1089 4624; x_wconf 83' lang='lat' dir='ltr'><strong>ad</strong></span> <span class='ocrx_word' id='word_1_672' title='bbox 1122 4572 1265 4639; x_wconf 87' lang='lat' dir='ltr'><strong>ipsos</strong></span> <span class='ocrx_word' id='word_1_673' title='bbox 1287 4583 1681 4639; x_wconf 79' lang='lat' dir='ltr'><strong>pervenerunt;</strong></span> <span class='ocrx_word' id='word_1_674' title='bbox 1718 4582 1770 4625; x_wconf 88' lang='lat' dir='ltr'><strong>et</strong></span> <span class='ocrx_word' id='word_1_675' title='bbox 1824 4580 1880 4623; x_wconf 88' lang='lat' dir='ltr'><strong>ut</strong></span> <span class='ocrx_word' id='word_1_676' title='bbox 1909 4571 2138 4624; x_wconf 89' lang='lat' dir='ltr'><strong>authen-</strong></span> 
     </span>
    </p>
   </div>
   <div class='ocr_carea' id='block_1_99' title="bbox 2234 4565 3814 4641">
    <p class='ocr_par' dir='ltr' id='par_1_99' title="bbox 2314 4565 3814 4637">
     <span class='ocr_line' id='line_1_99' title="bbox 2314 4565 3814 4637; baseline 0.005 -21"><span class='ocrx_word' id='word_1_677' title='bbox 2314 4587 2332 4616; x_wconf 75' lang='grc' dir='ltr'>ι</span> <span class='ocrx_word' id='word_1_678' title='bbox 2379 4565 2671 4635; x_wconf 73' lang='grc' dir='ltr'>ὀφείλομεν</span> <span class='ocrx_word' id='word_1_679' title='bbox 2708 4568 2868 4618; x_wconf 76' lang='grc' dir='ltr'>παντὶ</span> <span class='ocrx_word' id='word_1_680' title='bbox 2925 4567 3112 4636; x_wconf 70' lang='grc' dir='ltr'>τρόπῳ</span> <span class='ocrx_word' id='word_1_681' title='bbox 3144 4568 3518 4634; x_wconf 70' lang='grc' dir='ltr'>ἀγωνίσασθαι</span> <span class='ocrx_word' id='word_1_682' title='bbox 3567 4570 3814 4637; x_wconf 77' lang='grc' dir='ltr'>τούτοις,</span> 
     </span>
    </p>
   </div>
   <div class='ocr_carea' id='block_1_100' title="bbox 2386 4658 3814 4731">
    <p class='ocr_par' dir='ltr' id='par_1_100' title="bbox 2386 4658 3814 4731">
     <span class='ocr_line' id='line_1_100' title="bbox 2386 4658 3814 4731; baseline 0.005 -22"><span class='ocrx_word' id='word_1_683' title='bbox 2386 4659 2653 4728; x_wconf 81' lang='grc' dir='ltr'>μὴμόνον</span> <span class='ocrx_word' id='word_1_684' title='bbox 2685 4660 2781 4720; x_wconf 81' lang='grc' dir='ltr'>τὰς</span> <span class='ocrx_word' id='word_1_685' title='bbox 2833 4658 3085 4721; x_wconf 72' lang='grc' dir='ltr'>τοιαύτας</span> <span class='ocrx_word' id='word_1_686' title='bbox 3129 4659 3429 4729; x_wconf 79' lang='grc' dir='ltr'>διοικήσεις</span> <span class='ocrx_word' id='word_1_687' title='bbox 3487 4662 3561 4731; x_wconf 80' lang='grc' dir='ltr'><strong>μή</strong></span> <span class='ocrx_word' id='word_1_688' title='bbox 3610 4663 3814 4730; x_wconf 78' lang='grc' dir='ltr'>φυλατ-</span> 
     </span>
    </p>
   </div>
   <div class='ocr_carea' id='block_1_101' title="bbox 2384 4747 3812 4819">
    <p class='ocr_par' dir='ltr' id='par_1_101' title="bbox 2384 4747 3812 4819">
     <span class='ocr_line' id='line_1_101' title="bbox 2384 4747 3812 4819; baseline 0.003 -18"><span class='ocrx_word' id='word_1_689' title='bbox 2384 4749 2594 4813; x_wconf 87' lang='grc' dir='ltr'>τεσθαι,</span> <span class='ocrx_word' id='word_1_690' title='bbox 2643 4747 2777 4800; x_wconf 84' lang='grc' dir='ltr'><strong>ἀλλά</strong></span> <span class='ocrx_word' id='word_1_691' title='bbox 2827 4748 2960 4817; x_wconf 78' lang='grc' dir='ltr'>μηδὲ</span> <span class='ocrx_word' id='word_1_692' title='bbox 3004 4749 3101 4810; x_wconf 74' lang='grc' dir='ltr'>τὰς</span> <span class='ocrx_word' id='word_1_693' title='bbox 3155 4748 3288 4810; x_wconf 88' lang='grc' dir='ltr'>ἰδίας</span> <span class='ocrx_word' id='word_1_694' title='bbox 3335 4747 3664 4819; x_wconf 86' lang='grc' dir='ltr'>Ἐκκλησίας</span> <span class='ocrx_word' id='word_1_695' title='bbox 3709 4754 3812 4815; x_wconf 86' lang='grc' dir='ltr'>τὰς</span> 
     </span>
    </p>
   </div>
   <div class='ocr_carea' id='block_1_102' title="bbox 2384 4839 3815 4906">
    <p class='ocr_par' dir='ltr' id='par_1_102' title="bbox 2384 4839 3815 4906">
     <span class='ocr_line' id='line_1_102' title="bbox 2384 4839 3815 4906; baseline 0.002 -13"><span class='ocrx_word' id='word_1_696' title='bbox 2384 4842 2569 4902; x_wconf 83' lang='grc' dir='ltr'>κακῶς</span> <span class='ocrx_word' id='word_1_697' title='bbox 2612 4841 2691 4901; x_wconf 85' lang='grc' dir='ltr'><strong>εἰς</strong></span> <span class='ocrx_word' id='word_1_698' title='bbox 2735 4839 2932 4902; x_wconf 81' lang='grc' dir='ltr'>αὐτοὺς</span> <span class='ocrx_word' id='word_1_699' title='bbox 2983 4839 3400 4906; x_wconf 83' lang='grc' dir='ltr'>περιελθούσας,</span> <span class='ocrx_word' id='word_1_700' title='bbox 3439 4841 3536 4894; x_wconf 76' lang='grc' dir='ltr'>καὶ</span> <span class='ocrx_word' id='word_1_701' title='bbox 3583 4842 3673 4894; x_wconf 79' lang='grc' dir='ltr'>ἵνα</span> <span class='ocrx_word' id='word_1_702' title='bbox 3714 4844 3815 4896; x_wconf 82' lang='grc' dir='ltr'>αύ-</span> 
     </span>
    </p>
   </div>
   <div class='ocr_carea' id='block_1_103' title="bbox 2379 4931 3814 5003">
    <p class='ocr_par' dir='ltr' id='par_1_103' title="bbox 2379 4931 3814 5003">
     <span class='ocr_line' id='line_1_103' title="bbox 2379 4931 3814 5003; baseline 0.003 -18"><span class='ocrx_word' id='word_1_703' title='bbox 2379 4932 2637 4994; x_wconf 86' lang='grc' dir='ltr'>θεντικῶς</span> <span class='ocrx_word' id='word_1_704' title='bbox 2664 4931 2901 5002; x_wconf 71' lang='grc' dir='ltr'>δημοσίᾳ.</span> <span class='ocrx_word' id='word_1_705' title='bbox 2946 4933 3344 4998; x_wconf 71' lang='grc' dir='ltr'>ὲκϐάλλωνται,</span> <span class='ocrx_word' id='word_1_706' title='bbox 3376 4937 3469 4986; x_wconf 76' lang='grc' dir='ltr'><strong>καὶ</strong></span> <span class='ocrx_word' id='word_1_707' title='bbox 3509 4935 3648 5003; x_wconf 83' lang='grc' dir='ltr'>αύτῇ</span> <span class='ocrx_word' id='word_1_708' title='bbox 3703 4937 3814 4989; x_wconf 79' lang='grc' dir='ltr'><strong>τῶν</strong></span> 
     </span>
    </p>
   </div>
   <div class='ocr_carea' id='block_1_104' title="bbox 2389 5021 3814 5095">
    <p class='ocr_par' dir='ltr' id='par_1_104' title="bbox 2389 5021 3814 5095">
     <span class='ocr_line' id='line_1_104' title="bbox 2389 5021 3814 5095; baseline 0.004 -20"><span class='ocrx_word' id='word_1_709' title='bbox 2389 5022 2779 5093; x_wconf 83' lang='grc' dir='ltr'>πρωτευόντων</span> <span class='ocrx_word' id='word_1_710' title='bbox 2809 5021 3050 5093; x_wconf 79' lang='grc' dir='ltr'>καθέδρᾳ</span> <span class='ocrx_word' id='word_1_711' title='bbox 3107 5024 3500 5078; x_wconf 87' lang='grc' dir='ltr'>ἀποκινῶνται.</span> <span class='ocrx_word' id='word_1_712' title='bbox 3532 5025 3652 5095; x_wconf 78' lang='grc' dir='ltr'>Χρὴ</span> <span class='ocrx_word' id='word_1_713' title='bbox 3704 5028 3814 5095; x_wconf 78' lang='grc' dir='ltr'>γὰρ</span> 
     </span>
    </p>
   </div>
   <div class='ocr_carea' id='block_1_105' title="bbox 2383 5114 3814 5189">
    <p class='ocr_par' dir='ltr' id='par_1_105' title="bbox 2383 5114 3814 5189">
     <span class='ocr_line' id='line_1_105' title="bbox 2383 5114 3814 5189; baseline 0.001 -20"><span class='ocrx_word' id='word_1_714' title='bbox 2383 5118 2507 5178; x_wconf 83' lang='grc' dir='ltr'>τοὺς</span> <span class='ocrx_word' id='word_1_715' title='bbox 2537 5114 2783 5186; x_wconf 82' lang='grc' dir='ltr'>σύμπασι</span> <span class='ocrx_word' id='word_1_716' title='bbox 2806 5119 2920 5180; x_wconf 85' lang='grc' dir='ltr'>τοῖς</span> <span class='ocrx_word' id='word_1_717' title='bbox 2948 5116 3201 5186; x_wconf 70' lang='grc' dir='ltr'>ἀδελφοῖς</span> <span class='ocrx_word' id='word_1_718' title='bbox 3237 5119 3329 5169; x_wconf 81' lang='grc' dir='ltr'><strong>καὶ</strong></span> <span class='ocrx_word' id='word_1_719' title='bbox 3356 5119 3451 5188; x_wconf 81' lang='grc' dir='ltr'><strong>ὅλῃ</strong></span> <span class='ocrx_word' id='word_1_720' title='bbox 3482 5121 3546 5188; x_wconf 77' lang='grc' dir='ltr'>τῇ</span> <span class='ocrx_word' id='word_1_721' title='bbox 3603 5123 3814 5189; x_wconf 83' lang='grc' dir='ltr'>συνόδῳ</span> 
     </span>
    </p>
   </div>
   <div class='ocr_carea' id='block_1_106' title="bbox 2385 5207 3817 5280">
    <p class='ocr_par' dir='ltr' id='par_1_106' title="bbox 2385 5207 3817 5280">
     <span class='ocr_line' id='line_1_106' title="bbox 2385 5207 3817 5280; baseline 0.003 -20"><span class='ocrx_word' id='word_1_722' title='bbox 2385 5207 2906 5280; x_wconf 81' lang='grc' dir='ltr'>προσκολλωμένους</span> <span class='ocrx_word' id='word_1_723' title='bbox 2938 5207 3013 5278; x_wconf 84' lang='grc' dir='ltr'><strong>μὴ</strong></span> <span class='ocrx_word' id='word_1_724' title='bbox 3067 5211 3226 5278; x_wconf 83' lang='grc' dir='ltr'>μόνον</span> <span class='ocrx_word' id='word_1_725' title='bbox 3280 5211 3378 5278; x_wconf 78' lang='grc' dir='ltr'>τὴν</span> <span class='ocrx_word' id='word_1_726' title='bbox 3421 5212 3631 5264; x_wconf 84' lang='grc' dir='ltr'>οἰκείαν</span> <span class='ocrx_word' id='word_1_727' title='bbox 3683 5231 3817 5266; x_wconf 73' lang='grc' dir='ltr'>κατ-</span> 
     </span>
    </p>
   </div>
   <div class='ocr_carea' id='block_1_107' title="bbox 2389 5299 3817 5371">
    <p class='ocr_par' dir='ltr' id='par_1_107' title="bbox 2389 5299 3817 5371">
     <span class='ocr_line' id='line_1_107' title="bbox 2389 5299 3817 5371; baseline 0.004 -19"><span class='ocrx_word' id='word_1_728' title='bbox 2389 5301 2534 5371; x_wconf 87' lang='grc' dir='ltr'>έχειν</span> <span class='ocrx_word' id='word_1_729' title='bbox 2592 5302 2819 5363; x_wconf 90' lang='grc' dir='ltr'>δικαίως</span> <span class='ocrx_word' id='word_1_730' title='bbox 2875 5300 3172 5370; x_wconf 82' lang='grc' dir='ltr'>καθέδραν,</span> <span class='ocrx_word' id='word_1_731' title='bbox 3231 5299 3346 5353; x_wconf 79' lang='grc' dir='ltr'>ἀλλ’</span> <span class='ocrx_word' id='word_1_732' title='bbox 3411 5301 3489 5352; x_wconf 77' lang='grc' dir='ltr'>ἔτι</span> <span class='ocrx_word' id='word_1_733' title='bbox 3551 5301 3660 5370; x_wconf 80' lang='grc' dir='ltr'>μὴν</span> <span class='ocrx_word' id='word_1_734' title='bbox 3720 5305 3817 5364; x_wconf 75' lang='grc' dir='ltr'><strong>τὰς</strong></span> 
     </span>
    </p>
   </div>
   <div class='ocr_carea' id='block_1_108' title="bbox 2387 5391 3818 5462">
    <p class='ocr_par' dir='ltr' id='par_1_108' title="bbox 2387 5391 3818 5462">
     <span class='ocr_line' id='line_1_108' title="bbox 2387 5391 3818 5462; baseline 0.002 -18"><span class='ocrx_word' id='word_1_735' title='bbox 2387 5392 2642 5455; x_wconf 77' lang='grc' dir='ltr'>τοιαύτας</span> <span class='ocrx_word' id='word_1_736' title='bbox 2699 5394 2995 5462; x_wconf 76' lang='grc' dir='ltr'>διοικήσεις</span> <span class='ocrx_word' id='word_1_737' title='bbox 3051 5391 3386 5460; x_wconf 80' lang='grc' dir='ltr'>κεκτῆσθαι·</span> <span class='ocrx_word' id='word_1_738' title='bbox 3435 5395 3559 5454; x_wconf 71' lang='grc' dir='ltr'>τοὺς</span> <span class='ocrx_word' id='word_1_739' title='bbox 3614 5393 3673 5444; x_wconf 79' lang='grc' dir='ltr'>δὲ</span> <span class='ocrx_word' id='word_1_740' title='bbox 3730 5395 3818 5447; x_wconf 90' lang='grc' dir='ltr'>δο-</span> 
     </span>
    </p>
   </div>
   <div class='ocr_carea' id='block_1_109' title="bbox 2387 5483 3819 5558">
    <p class='ocr_par' dir='ltr' id='par_1_109' title="bbox 2387 5483 3819 5558">
     <span class='ocr_line' id='line_1_109' title="bbox 2387 5483 3819 5558; baseline 0.001 -20"><span class='ocrx_word' id='word_1_741' title='bbox 2387 5485 2616 5546; x_wconf 74' lang='grc' dir='ltr'>κοῦντας</span> <span class='ocrx_word' id='word_1_742' title='bbox 2645 5487 2758 5546; x_wconf 85' lang='grc' dir='ltr'>τοῖς</span> <span class='ocrx_word' id='word_1_743' title='bbox 2806 5486 2956 5547; x_wconf 84' lang='grc' dir='ltr'>ἰδίοις</span> <span class='ocrx_word' id='word_1_744' title='bbox 3004 5485 3183 5553; x_wconf 77' lang='grc' dir='ltr'>ὄχλοις</span> <span class='ocrx_word' id='word_1_745' title='bbox 3233 5483 3542 5554; x_wconf 83' lang='grc' dir='ltr'>ἀρκεῖσθαι,</span> <span class='ocrx_word' id='word_1_746' title='bbox 3585 5487 3680 5538; x_wconf 73' lang='grc' dir='ltr'><strong>καὶ</strong></span> <span class='ocrx_word' id='word_1_747' title='bbox 3716 5487 3819 5558; x_wconf 79' lang='grc' dir='ltr'>τῆς</span> 
     </span>
    </p>
   </div>
   <div class='ocr_carea' id='block_1_110' title="bbox 2387 5576 3813 5647">
    <p class='ocr_par' dir='ltr' id='par_1_110' title="bbox 2387 5576 3813 5647">
     <span class='ocr_line' id='line_1_110' title="bbox 2387 5576 3813 5647; baseline 0.003 -19"><span class='ocrx_word' id='word_1_748' title='bbox 2387 5576 2678 5645; x_wconf 82' lang='grc' dir='ltr'>ἁδελφικῆς</span> <span class='ocrx_word' id='word_1_749' title='bbox 2722 5577 2942 5645; x_wconf 80' lang='grc' dir='ltr'>ἀγάπης</span> <span class='ocrx_word' id='word_1_750' title='bbox 2992 5577 3492 5646; x_wconf 63' lang='grc' dir='ltr'>καταφρονοῦντας,</span> <span class='ocrx_word' id='word_1_751' title='bbox 3531 5579 3607 5645; x_wconf 81' lang='grc' dir='ltr'>μὴ</span> <span class='ocrx_word' id='word_1_752' title='bbox 3645 5579 3813 5647; x_wconf 80' lang='grc' dir='ltr'>μόνον</span> 
     </span>
    </p>
   </div>
   <div class='ocr_carea' id='block_1_111' title="bbox 2387 5667 3816 5738">
    <p class='ocr_par' dir='ltr' id='par_1_111' title="bbox 2387 5667 3816 5738">
     <span class='ocr_line' id='line_1_111' title="bbox 2387 5667 3816 5738; baseline -0.001 -18"><span class='ocrx_word' id='word_1_753' title='bbox 2387 5668 2480 5729; x_wconf 74' lang='grc' dir='ltr'><strong>τὰς</strong></span> <span class='ocrx_word' id='word_1_754' title='bbox 2533 5668 2826 5738; x_wconf 78' lang='grc' dir='ltr'>διοικήσεις</span> <span class='ocrx_word' id='word_1_755' title='bbox 2878 5669 3188 5733; x_wconf 70' lang='grc' dir='ltr'>ἀπολλύειν,</span> <span class='ocrx_word' id='word_1_756' title='bbox 3254 5667 3369 5721; x_wconf 77' lang='grc' dir='ltr'>ἀλλ’</span> <span class='ocrx_word' id='word_1_757' title='bbox 3429 5671 3507 5720; x_wconf 78' lang='grc' dir='ltr'>ἐτι</span> <span class='ocrx_word' id='word_1_758' title='bbox 3561 5669 3692 5738; x_wconf 74' lang='grc' dir='ltr'>μὴν,</span> <span class='ocrx_word' id='word_1_759' title='bbox 3742 5672 3816 5735; x_wconf 76' lang='grc' dir='ltr'>ὡς</span> 
     </span>
    </p>
   </div>
   <div class='ocr_carea' id='block_1_112' title="bbox 650 4660 2136 4732">
    <p class='ocr_par' dir='ltr' id='par_1_112' title="bbox 650 4660 2136 4732">
     <span class='ocr_line' id='line_1_112' title="bbox 650 4660 2136 4732; baseline -0.005 -14"><span class='ocrx_word' id='word_1_760' title='bbox 650 4687 668 4718; x_wconf 75' lang='grc' dir='ltr'><strong>ι</strong></span> <span class='ocrx_word' id='word_1_761' title='bbox 718 4667 821 4718; x_wconf 88' lang='lat' dir='ltr'><strong>tice</strong></span> <span class='ocrx_word' id='word_1_762' title='bbox 855 4663 1066 4732; x_wconf 88' lang='lat' dir='ltr'><strong>publice</strong></span> <span class='ocrx_word' id='word_1_763' title='bbox 1113 4660 1424 4730; x_wconf 68' lang='lat' dir='ltr'><strong>ejiciuntur,</strong></span> <span class='ocrx_word' id='word_1_764' title='bbox 1473 4671 1525 4714; x_wconf 94' lang='lat' dir='ltr'><strong>et</strong></span> <span class='ocrx_word' id='word_1_765' title='bbox 1573 4663 1639 4715; x_wconf 92' lang='lat' dir='ltr'><strong>ab</strong></span> <span class='ocrx_word' id='word_1_766' title='bbox 1684 4663 1797 4729; x_wconf 83' lang='lat' dir='ltr'><strong>ipsa</strong></span> <span class='ocrx_word' id='word_1_767' title='bbox 1847 4662 2136 4727; x_wconf 87' lang='lat' dir='ltr'><strong>primatum</strong></span> 
     </span>
    </p>
   </div>
   <div class='ocr_carea' id='block_1_113' title="bbox 650 4749 2135 4820">
    <p class='ocr_par' dir='ltr' id='par_1_113' title="bbox 650 4749 2135 4820">
     <span class='ocr_line' id='line_1_113' title="bbox 650 4749 2135 4820; baseline -0.003 -14"><span class='ocrx_word' id='word_1_768' title='bbox 650 4780 664 4806; x_wconf 75' lang='grc' dir='ltr'>ι</span> <span class='ocrx_word' id='word_1_769' title='bbox 716 4755 971 4808; x_wconf 73' lang='grc' dir='ltr'>ςςιιιιειίιει</span> <span class='ocrx_word' id='word_1_770' title='bbox 1023 4763 1359 4805; x_wconf 84' lang='lat' dir='ltr'><strong>moveantur.</strong></span> <span class='ocrx_word' id='word_1_771' title='bbox 1421 4751 1647 4820; x_wconf 82' lang='lat' dir='ltr'><strong>Oportet</strong></span> <span class='ocrx_word' id='word_1_772' title='bbox 1695 4753 1839 4805; x_wconf 89' lang='lat' dir='ltr'><strong>enim</strong></span> <span class='ocrx_word' id='word_1_773' title='bbox 1896 4766 2010 4815; x_wconf 89' lang='lat' dir='ltr'><strong>eos,</strong></span> <span class='ocrx_word' id='word_1_774' title='bbox 2047 4749 2135 4816; x_wconf 91' lang='lat' dir='ltr'><strong>qui</strong></span> 
     </span>
    </p>
   </div>
   <div class='ocr_carea' id='block_1_114' title="bbox 644 4829 2139 4911">
    <p class='ocr_par' dir='ltr' id='par_1_114' title="bbox 644 4829 2139 4911">
     <span class='ocr_line' id='line_1_114' title="bbox 644 4829 2139 4911; baseline -0.004 -13"><span class='ocrx_word' id='word_1_775' title='bbox 644 4867 661 4898; x_wconf 85' lang='grc'><strong>‹</strong></span> <span class='ocrx_word' id='word_1_776' title='bbox 705 4844 970 4898; x_wconf 81' lang='lat' dir='ltr'><strong>universis</strong></span> <span class='ocrx_word' id='word_1_777' title='bbox 1008 4841 1263 4896; x_wconf 86' lang='lat' dir='ltr'><strong>fratribus</strong></span> <span class='ocrx_word' id='word_1_778' title='bbox 1292 4852 1345 4896; x_wconf 87' lang='lat' dir='ltr'><strong>et</strong></span> <span class='ocrx_word' id='word_1_779' title='bbox 1395 4843 1490 4895; x_wconf 86' lang='lat' dir='ltr'><strong>leti</strong></span> <span class='ocrx_word' id='word_1_780' title='bbox 1543 4829 1748 4911; x_wconf 61' lang='lat' dir='ltr'><strong>sy&#39;uodo</strong></span> <span class='ocrx_word' id='word_1_781' title='bbox 1799 4840 2139 4909; x_wconf 80' lang='lat' dir='ltr'><strong>agglutinan-</strong></span> 
     </span>
    </p>
   </div>
   <div class='ocr_carea' id='block_1_115' title="bbox 648 4929 2139 5002">
    <p class='ocr_par' dir='ltr' id='par_1_115' title="bbox 648 4929 2139 5002">
     <span class='ocr_line' id='line_1_115' title="bbox 648 4929 2139 5002; baseline -0.005 -14"><span class='ocrx_word' id='word_1_782' title='bbox 648 4960 664 4988; x_wconf 76' lang='grc' dir='ltr'>ι</span> <span class='ocrx_word' id='word_1_783' title='bbox 715 4949 820 4999; x_wconf 89' lang='lat' dir='ltr'><strong>tur,</strong></span> <span class='ocrx_word' id='word_1_784' title='bbox 856 4948 962 4987; x_wconf 91' lang='lat' dir='ltr'><strong>non</strong></span> <span class='ocrx_word' id='word_1_785' title='bbox 1001 4933 1172 4986; x_wconf 87' lang='lat' dir='ltr'><strong>solum</strong></span> <span class='ocrx_word' id='word_1_786' title='bbox 1206 4933 1478 5002; x_wconf 83' lang='lat' dir='ltr'><strong>prOpriam</strong></span> <span class='ocrx_word' id='word_1_787' title='bbox 1508 4931 1820 4985; x_wconf 87' lang='lat' dir='ltr'><strong>cathedram</strong></span> <span class='ocrx_word' id='word_1_788' title='bbox 1861 4932 2004 4998; x_wconf 86' lang='lat' dir='ltr'><strong>juste</strong></span> <span class='ocrx_word' id='word_1_789' title='bbox 2045 4929 2139 4981; x_wconf 92' lang='lat' dir='ltr'><strong>ob-</strong></span> 
     </span>
    </p>
   </div>
   <div class='ocr_carea' id='block_1_116' title="bbox 649 5021 2138 5092">
    <p class='ocr_par' dir='ltr' id='par_1_116' title="bbox 649 5021 2138 5092">
     <span class='ocr_line' id='line_1_116' title="bbox 649 5021 2138 5092; baseline -0.006 -13"><span class='ocrx_word' id='word_1_790' title='bbox 649 5050 665 5079; x_wconf 79' lang='grc' dir='ltr'>ι</span> <span class='ocrx_word' id='word_1_791' title='bbox 712 5028 902 5089; x_wconf 80' lang='lat' dir='ltr'><strong>linere,</strong></span> <span class='ocrx_word' id='word_1_792' title='bbox 937 5026 1027 5078; x_wconf 88' lang='lat' dir='ltr'><strong>sed</strong></span> <span class='ocrx_word' id='word_1_793' title='bbox 1053 5025 1213 5077; x_wconf 88' lang='lat' dir='ltr'><strong>etiam</strong></span> <span class='ocrx_word' id='word_1_794' title='bbox 1240 5023 1500 5092; x_wconf 81' lang='lat' dir='ltr'><strong>ejusmodi</strong></span> <span class='ocrx_word' id='word_1_795' title='bbox 1529 5023 1792 5076; x_wconf 71' lang='lat' dir='ltr'><strong>direct-ses</strong></span> <span class='ocrx_word' id='word_1_796' title='bbox 1822 5021 2138 5089; x_wconf 87' lang='lat' dir='ltr'><strong>possidere:</strong></span> 
     </span>
    </p>
   </div>
   <div class='ocr_carea' id='block_1_117' title="bbox 650 5114 2140 5187">
    <p class='ocr_par' dir='ltr' id='par_1_117' title="bbox 650 5114 2140 5187">
     <span class='ocr_line' id='line_1_117' title="bbox 650 5114 2140 5187; baseline -0.003 -16"><span class='ocrx_word' id='word_1_797' title='bbox 650 5139 666 5171; x_wconf 82' lang='grc' dir='ltr'><strong>ι</strong></span> <span class='ocrx_word' id='word_1_798' title='bbox 709 5135 801 5174; x_wconf 88' lang='lat' dir='ltr'><strong>eos</strong></span> <span class='ocrx_word' id='word_1_799' title='bbox 834 5131 1036 5183; x_wconf 84' lang='lat' dir='ltr'><strong>autem,</strong></span> <span class='ocrx_word' id='word_1_800' title='bbox 1070 5120 1160 5187; x_wconf 88' lang='lat' dir='ltr'><strong>qui</strong></span> <span class='ocrx_word' id='word_1_801' title='bbox 1190 5119 1440 5171; x_wconf 87' lang='lat' dir='ltr'><strong>videntur</strong></span> <span class='ocrx_word' id='word_1_802' title='bbox 1481 5133 1575 5170; x_wconf 87' lang='lat' dir='ltr'><strong>sua</strong></span> <span class='ocrx_word' id='word_1_803' title='bbox 1629 5131 1750 5170; x_wconf 87' lang='lat' dir='ltr'><strong>esse</strong></span> <span class='ocrx_word' id='word_1_804' title='bbox 1801 5114 2140 5168; x_wconf 84' lang='lat' dir='ltr'><strong>multitudine</strong></span> 
     </span>
    </p>
   </div>
   <div class='ocr_carea' id='block_1_118' title="bbox 655 5208 2139 5273">
    <p class='ocr_par' dir='ltr' id='par_1_118' title="bbox 655 5208 2139 5273">
     <span class='ocr_line' id='line_1_118' title="bbox 655 5208 2139 5273; baseline -0.002 -12"><span class='ocrx_word' id='word_1_805' title='bbox 655 5229 674 5261; x_wconf 79' lang='grc' dir='ltr'>ι</span> <span class='ocrx_word' id='word_1_806' title='bbox 725 5211 989 5273; x_wconf 89' lang='lat' dir='ltr'><strong>contenti,</strong></span> <span class='ocrx_word' id='word_1_807' title='bbox 1047 5219 1102 5263; x_wconf 89' lang='lat' dir='ltr'><strong>et</strong></span> <span class='ocrx_word' id='word_1_808' title='bbox 1154 5209 1445 5262; x_wconf 78' lang='lat' dir='ltr'><strong>fraternam</strong></span> <span class='ocrx_word' id='word_1_809' title='bbox 1511 5208 1853 5262; x_wconf 86' lang='lat' dir='ltr'><strong>dilectionem</strong></span> <span class='ocrx_word' id='word_1_810' title='bbox 1892 5215 2139 5260; x_wconf 86' lang='lat' dir='ltr'><strong>contem-</strong></span> 
     </span>
    </p>
   </div>
   <div class='ocr_carea' id='block_1_119' title="bbox 651 5284 2140 5366">
    <p class='ocr_par' dir='ltr' id='par_1_119' title="bbox 651 5284 2140 5366">
     <span class='ocr_line' id='line_1_119' title="bbox 651 5284 2140 5366; baseline -0.002 -14"><span class='ocrx_word' id='word_1_811' title='bbox 651 5321 668 5352; x_wconf 77' lang='grc' dir='ltr'>ι</span> <span class='ocrx_word' id='word_1_812' title='bbox 716 5313 884 5366; x_wconf 79' lang='lat' dir='ltr'><strong>nunt,</strong></span> <span class='ocrx_word' id='word_1_813' title='bbox 949 5315 1052 5354; x_wconf 91' lang='lat' dir='ltr'><strong>non</strong></span> <span class='ocrx_word' id='word_1_814' title='bbox 1128 5302 1299 5355; x_wconf 90' lang='lat' dir='ltr'><strong>solum</strong></span> <span class='ocrx_word' id='word_1_815' title='bbox 1360 5303 1622 5355; x_wconf 88' lang='lat' dir='ltr'><strong>dioeceses</strong></span> <span class='ocrx_word' id='word_1_816' title='bbox 1700 5284 1986 5363; x_wconf 47' lang='lat' dir='ltr'><strong>amitteret</strong></span> <span class='ocrx_word' id='word_1_817' title='bbox 2048 5298 2140 5350; x_wconf 89' lang='lat' dir='ltr'><strong>sed</strong></span> 
     </span>
    </p>
   </div>
   <div class='ocr_carea' id='block_1_120' title="bbox 657 5391 2142 5459">
    <p class='ocr_par' dir='ltr' id='par_1_120' title="bbox 657 5391 2142 5459">
     <span class='ocr_line' id='line_1_120' title="bbox 657 5391 2142 5459; baseline -0.001 -18"><span class='ocrx_word' id='word_1_818' title='bbox 657 5414 674 5441; x_wconf 75' lang='grc' dir='ltr'><strong>τ</strong></span> <span class='ocrx_word' id='word_1_819' title='bbox 723 5395 907 5455; x_wconf 76' lang='lat' dir='ltr'><strong>etiam,</strong></span> <span class='ocrx_word' id='word_1_820' title='bbox 938 5399 994 5444; x_wconf 85' lang='lat' dir='ltr'><strong>ut</strong></span> <span class='ocrx_word' id='word_1_821' title='bbox 1025 5392 1158 5455; x_wconf 80' lang='lat' dir='ltr'><strong>dixi,</strong></span> <span class='ocrx_word' id='word_1_822' title='bbox 1188 5393 1420 5459; x_wconf 87' lang='lat' dir='ltr'><strong>propriis</strong></span> <span class='ocrx_word' id='word_1_823' title='bbox 1451 5392 1582 5445; x_wconf 81' lang='lat' dir='ltr'><strong>locis</strong></span> <span class='ocrx_word' id='word_1_824' title='bbox 1605 5391 1845 5444; x_wconf 69' lang='lat' dir='ltr'><strong>saeculari</strong></span> <span class='ocrx_word' id='word_1_825' title='bbox 1876 5399 2142 5457; x_wconf 80' lang='lat' dir='ltr'><strong>potestate</strong></span> 
     </span>
    </p>
   </div>
   <div class='ocr_carea' id='block_1_121' title="bbox 651 5482 2143 5552">
    <p class='ocr_par' dir='ltr' id='par_1_121' title="bbox 651 5482 2143 5552">
     <span class='ocr_line' id='line_1_121' title="bbox 651 5482 2143 5552; baseline -0.001 -18"><span class='ocrx_word' id='word_1_826' title='bbox 651 5503 671 5534; x_wconf 81' lang='grc'><strong><em>‹</em></strong></span> <span class='ocrx_word' id='word_1_827' title='bbox 721 5485 946 5552; x_wconf 79' lang='lat' dir='ltr'><strong>privari,</strong></span> <span class='ocrx_word' id='word_1_828' title='bbox 1006 5493 1063 5536; x_wconf 84' lang='lat' dir='ltr'><strong>ut</strong></span> <span class='ocrx_word' id='word_1_829' title='bbox 1115 5484 1366 5537; x_wconf 89' lang='lat' dir='ltr'><strong>rebelles.</strong></span> <span class='ocrx_word' id='word_1_830' title='bbox 1424 5483 1728 5537; x_wconf 80' lang='lat' dir='ltr'><strong>llunorattts</strong></span> <span class='ocrx_word' id='word_1_831' title='bbox 1786 5493 1837 5536; x_wconf 88' lang='lat' dir='ltr'><strong>ct</strong></span> <span class='ocrx_word' id='word_1_832' title='bbox 1888 5482 2143 5537; x_wconf 75' lang='lat' dir='ltr'><strong>Urbanus</strong></span> 
     </span>
    </p>
   </div>
   <div class='ocr_carea' id='block_1_122' title="bbox 648 5576 2142 5645">
    <p class='ocr_par' dir='ltr' id='par_1_122' title="bbox 648 5576 2142 5645">
     <span class='ocr_line' id='line_1_122' title="bbox 648 5576 2142 5645; baseline 0.001 -20"><span class='ocrx_word' id='word_1_833' title='bbox 648 5595 667 5625; x_wconf 74' lang='grc' dir='ltr'>ι</span> <span class='ocrx_word' id='word_1_834' title='bbox 717 5578 950 5645; x_wconf 67' lang='grc' dir='ltr'>ορεδυορί</span> <span class='ocrx_word' id='word_1_835' title='bbox 981 5578 1269 5631; x_wconf 76' lang='lat' dir='ltr'><strong>dixerunt:</strong></span> <span class='ocrx_word' id='word_1_836' title='bbox 1313 5576 1540 5630; x_wconf 81' lang='lat' dir='ltr'><strong>Maxima</strong></span> <span class='ocrx_word' id='word_1_837' title='bbox 1579 5577 1916 5644; x_wconf 85' lang='lat' dir='ltr'><strong>providentia</strong></span> <span class='ocrx_word' id='word_1_838' title='bbox 1949 5583 2142 5629; x_wconf 74' lang='lat' dir='ltr'><strong>vestra:</strong></span> 
     </span>
    </p>
   </div>
   <div class='ocr_carea' id='block_1_123' title="bbox 657 5669 2145 5740">
    <p class='ocr_par' dir='ltr' id='par_1_123' title="bbox 657 5669 2145 5740">
     <span class='ocr_line' id='line_1_123' title="bbox 657 5669 2145 5740; baseline 0.003 -24"><span class='ocrx_word' id='word_1_839' title='bbox 657 5683 677 5716; x_wconf 79' lang='grc' dir='ltr'><strong>ι</strong></span> <span class='ocrx_word' id='word_1_840' title='bbox 721 5669 1024 5722; x_wconf 72' lang='lat' dir='ltr'><strong>smt‘titatis</strong></span> <span class='ocrx_word' id='word_1_841' title='bbox 1051 5671 1285 5740; x_wconf 73' lang='lat' dir='ltr'><strong>omnium</strong></span> <span class='ocrx_word' id='word_1_842' title='bbox 1323 5670 1589 5724; x_wconf 71' lang='lat' dir='ltr'><strong>utentibus</strong></span> <span class='ocrx_word' id='word_1_843' title='bbox 1623 5669 1853 5735; x_wconf 83' lang='lat' dir='ltr'><strong>insedit;</strong></span> <span class='ocrx_word' id='word_1_844' title='bbox 1883 5679 1933 5722; x_wconf 82' lang='lat' dir='ltr'><strong>et</strong></span> <span class='ocrx_word' id='word_1_845' title='bbox 1959 5669 2145 5722; x_wconf 73' lang='lat' dir='ltr'><strong>existi-</strong></span> 
     </span>
    </p>
   </div>
  </div>
