4000 6454
606 352 709 413 ΞΟἿ

612 667 715 701 non
747 651 938 710 solum,
969 665 1084 716 QUI!
1128 649 1205 701 sic
1261 649 1395 700 male
1442 657 1565 700 sunt
1601 648 1991 710 administrata,
2041 666 2144 701 nou

611 750 843 801 servent,
884 751 934 791 et
957 739 1169 792 studere
1199 753 1265 790 ne
1302 739 1555 803 deinceps
1611 737 1776 798 fiant;
1823 740 1913 790 sed
1961 747 2012 789 et
2059 738 2154 790 Ec-

617 829 824 888 clesias,
881 844 999 895 qius:
1030 827 1091 880 ad
1124 842 1217 880 eos
1253 826 1391 878 male
1419 825 1767 888 devenerunt,
1804 825 1869 876 ah
1909 826 2012 878 illis
2057 843 2152 878 au-

606 919 785 981 ferre;
819 928 871 969 ct
909 932 966 969 ιιι
997 932 1118 970 cum
1177 925 1436 984 potestate
1491 928 1672 984 aperte
1731 916 2041 983 cjiciantur,
2098 925 2154 968 et

611 1024 703 1070 per
766 1008 1053 1075 primatum
1120 1004 1449 1064 cathedras,
1511 1020 1603 1056 seu
1676 1005 2148 1072 patriarcharum,

608 1099 689 1151 vel
747 1098 1299 1162 ntetmpolitauorum,
1350 1095 1657 1161 abigantur.
1711 1094 1811 1146 Per
1861 1096 2142 1162 primatum

578 1201 780 1242 autem
803 1190 1137 1249 eathedram,
1163 1185 1517 1252 episcopalem
1538 1185 1825 1252 potentiam
1859 1183 2144 1251 significat.

603 1278 838 1348 z‘Equum
862 1278 1000 1330 enim
1018 1288 1120 1339 est,
1154 1277 1345 1343 inquit,
1375 1287 1432 1327 ut
1454 1277 1540 1342 qui
1569 1273 1827 1326 fratribus
1853 1274 2147 1333 adlmreut,

573 1370 690 1438 ⁸(ιιιί
715 1369 924 1421 scilicet
954 1369 1217 1418 universa:
1249 1365 1456 1434 synodo
1487 1365 1852 1426 consentiunt,
1901 1380 2006 1416 non
2060 1381 2148 1417 Su-

599 1459 710 1511 lum
744 1459 986 1525 proprias
1022 1457 1174 1508 sedes
1207 1455 1471 1516 habeant,
1531 1455 1622 1506 sed
1669 1455 1828 1505 etiam
1889 1455 2148 1520 ejusmodi

599 1549 859 1600 olimcescs
891 1547 1200 1613 p05sideant
1236 1562 1248 1597 :
1287 1547 1320 1597 ii
1353 1555 1556 1605 autem,
1594 1546 1682 1612 qui
1720 1545 2068 1596 concordiam
2102 1553 2152 1594 et

599 1636 890 1689 fraternam
927 1637 1242 1688 charitatem
1302 1635 1600 1702 negligunt,
1650 1644 1706 1685 ut
1753 1633 1842 1699 qni
1905 1633 2152 1700 proprios

601 1729 820 1793 populos
850 1725 952 1778 sibi
981 1725 1221 1777 sutlicere
1276 1726 1605 1787 existimant,
1659 1739 1688 1775 a
1746 1724 1942 1788 quibus
1996 1724 2150 1774 electi

1852 353 2124 412 THEOD.
2173 355 2260 412 BA
2275 354 2568 417 LSAMON

611 487 676 521 uc
702 468 928 521 ultsut'da
968 481 1062 519 sua
1099 466 1232 519 facta
1267 467 1676 520 convincaatur.
1715 466 1977 519 Debemus
2005 480 2154 535 ergo,
2191 478 2228 529 Α

611 559 804 622 inquit,
840 561 879 611 si
918 560 1186 619 videatur,
1206 558 1458 610 omnibus
1509 557 1678 610 modis
1720 559 2068 623 contendere,
2106 572 2158 612 ut

3715 351 3820 414 208

2261 487 2347 521 ται
2380 469 2550 521 ἐλθεῖν
2600 472 2679 531 εἰς
2717 469 2954 530 σύνοδον,
2987 467 3157 520 καίτοι
3193 466 3480 533 κλιθέντες
3531 464 3814 521 ποἏλάκις.

2261 560 2354 610 Διά
2406 560 2457 610 τί
2485 560 2542 612 δέ
2589 558 2977 628 παραιτοῦνται
3011 556 3212 620 exeam;
3251 558 3378 608 ’Ὁτι
3414 554 3712 623 φοίοῦνται
3746 553 3818 618 μὴ

2258 648 2554 717 ἐλεγχθῶσι
2597 649 2664 698 τὰ
2717 649 3044 714 ἁτοπήματα
3081 647 3281 697 αὐτῶν.
3340 645 3668 712 Ὀφείλομεν
3701 641 3815 700 οῦν,

2259 741 2442 805 φησὶν,
2477 739 2568 789 ἐὰν
2616 740 2745 789 πᾶσι
2789 737 2937 804 δοκῇ,
2980 739 3152 790 πάντα
3191 733 3390 803 τρόπον
3435 731 3812 798 ἀγωνίσασθαι

2259 829 2332 894 μὴ
2359 828 2516 895 μόνον
2549 826 2616 878 τα
2644 829 2789 878 οὕτω
2839 827 3022 886 κακῶς
3073 821 3415 891 διοικῆθέντα
3445 824 3520 892 μὴ
3549 822 3816 889 φυλάξαι,

2255 919 2551 970 σπουδάσαι
2582 918 2635 968 δέ
2674 919 2870 986 μηκέτι
2895 917 3138 982 γίνεσθαι
3169 912 3262 967 τοῦ
3292 914 3506 976 λοιποῦ,
3546 914 3686 965 ἀλλὰ
3723 915 3820 964 καὶ

2250 1005 2345 1067 τὰς
2400 1007 2712 1074 ἐκκλησίας,
2765 1007 2862 1065 τὰς
2915 1005 3100 1067 κακῶς
3150 1004 3544 1074 περιελθούσας
3608 1005 3818 1068 αὐτοῖς,

2247 1096 2547 1161 ἀφελέσθαι
2582 1096 2641 1159 ἐξ
2675 1096 2874 1159 αὐτῶν,
2913 1098 3007 1147 καὶ
3067 1096 3150 1147 ἵνα
3186 1096 3323 1164 μετά
3369 1094 3613 1157 ἐξουσίας
3659 1111 3824 1159 φανε-

2251 1186 2358 1253 ρῶς
2411 1185 2802 1246 ἐκϐάλλωνται,
2835 1187 3044 1239 καὶδεά
3101 1191 3200 1254 τῆς
3253 1188 3361 1240 τῶν
3417 1188 3818 1256 πρωτευόντων

2248 1275 2513 1342 καθέδρας
2543 1275 2655 1342 ἦτοι
2686 1276 2792 1345 τῶν
2818 1275 3232 1344 πατριαρχῶνίἧ
3259 1278 3366 1328 τῶν
3395 1276 3821 1345 μητροπολιτῶν

2252 1363 2643 1417 ἐκδιώκωνται.
2678 1367 2775 1417 Διά
2805 1365 2859 1417 δέ
2891 1366 2991 1434 τῆς
3043 1367 3312 1434 καθέδρας
3343 1368 3453 1417 τῶν
3505 1368 3828 1435 πρωτευέν-

2250 1469 2356 1502 των
2385 1453 2481 1521 τὴν
2508 1456 2897 1524 ἀρχιερατικὴν
2920 1455 3167 1518 ἐξουσίαν
3197 1457 3475 1526 ἐνέφηνεν.
3505 1457 3822 1525 Ἐνδέχεται

2251 1542 2379 1609 γὰρ,
2429 1545 2581 1607 φησὶ,
2634 1546 2759 1605 τοὺς
2809 1545 3326 1614 προσκολλωμένους
3379 1549 3486 1608 τοῖς
3534 1547 3821 1613 ἀδελφοῖς,

2252 1635 2374 1693 τοὺς
2421 1635 2727 1700 ὁμόφρονας
2770 1634 2973 1704 δηλαδὴ
3006 1637 3246 1706 πάσῃετῇ
3283 1637 3505 1705 συνόδῳ,
3541 1637 3618 1706 μὴ
3655 1638 3824 1704 μόνον

2255 1724 2378 1778 τοὺς
2409 1723 2642 1784 οἰκείους
2668 1723 2888 1791 θρόνους
2917 1725 3081 1792 ἔχειν,
3110 1728 3244 1780 ἀλλὰ
3289 1726 3380 1778 καὶ
3420 1729 3518 1788 τὰς
3552 1727 3824 1786 τοιαύτας

599 1826 724 1869 sunt
751 1817 814 1870 ad
847 1818 1235 1882 episcopatum,
1272 1828 1374 1865 non
1418 1815 1591 1865 solum
1625 1815 1910 1873 tlimceses.
1938 1813 1991 1865 in
2035 1812 2147 1878 qui-

2253 1811 2548 1879 διοικήσεις
2579 1813 2876 1880 κεκτῆσθαι
2898 1829 2911 1843 ο
2949 1815 3072 1876 τοὺς
3112 1813 3168 1865 δὲ
3201 1813 3688 1882 καταφρονοῦντας
3714 1814 3825 1882 τῆς

600 1908 696 1957 bus
728 1904 942 1958 fuerunt
975 1905 1234 1972 episcopi,
1274 1904 1534 1970 perdant;
1578 1905 1670 1956 sed
1721 1905 1880 1955 etiam
1915 1903 2147 1970 propriis

597 1997 726 2049 lacis
750 1997 1050 2064 priventur,
1089 1999 1130 2047 si
1166 1996 1408 2062 proprios
1443 1995 1513 2046 ibi
1551 1993 1685 2046 ullos
1737 1995 1990 2055 habeant,
2049 2009 2148 2046 suae

595 2086 762 2138 culari
793 2095 1058 2152 potestate
1083 2086 1148 2136 ab
1180 2087 1366 2148 eis,-ut
1417 2084 1646 2137 rebelles
1721 2084 2006 2146 exturbati,
2055 2098 2146 2136 seu

597 2191 651 2229 ιιι
691 2179 781 2246 qui
813 2193 1002 2230 manus
1039 2188 1223 2228 contra
1259 2178 1494 2244 erigunt,
1520 2184 1574 2227 et
1605 2176 1902 2228 canonihus
1927 2184 1982 2226 et
2029 2173 2146 2242 epi-

594 2271 771 2334 :.i:0pis
811 2270 1182 2319 adrersantnr.
1227 2265 1304 2318 Ad
1359 2269 1470 2317 haec
1511 2265 1747 2316 nonnulli
1802 2264 2017 2330 quidam
2068 2262 2148 2314 di-

593 2367 806 2419 xa-runt,
837 2359 975 2423 quod
1030 2358 1140 2422 ipsa
1188 2355 1521 2422 providentia
1573 2354 1816 2406 omnium
1872 2353 2144 2407 mentibus

597 2447 806 2506 insedit,
862 2447 910 2496 id
967 2454 1069 2502 est.
1128 2443 1352 2508 placuit.
1414 2443 1731 2508 acquievit:
1773 2443 1959 2494 sedere
2001 2440 2144 2494 enim

595 2537 827 2604 quietem
858 2533 1036 2586 efficit.
1077 2531 1323 2600 Synodus
1355 2538 1532 2580 autem
1559 2531 1695 2582 dixit
1731 2548 1743 2581 :
1779 2530 1977 2582 l’lacet.

2249 1906 2504 1971 ὁμονοίας
2535 1907 2628 1956 καὶ
2671 1907 2769 1973 τῆς
2801 1907 3097 1975 ἀδελφεῆς
3132 1908 3371 1975 ἀγάπης,
3404 1907 3479 1966 ὡς
3512 1906 3824 1964 δοκοῦντας

2250 1993 2535 2062 ἀρκεῖσθαι
2584 1995 2695 2054 τοῖς
2753 1994 2904 2055 ἰδίοις
2954 1994 3151 2060 ὄχλοις,
3186 1996 3318 2063 παρ’
3351 1988 3423 2045 ὧν
3473 1993 3823 2059 ἐπελέγησαν

2251 2082 2331 2142 εἰς
2385 2081 2706 2151 ἐπισκοπὴν,
2742 2083 2816 2151 μὴ
2877 2083 3039 2151 μόνον
3094 2089 3193 2146 τὰς
3247 2083 3566 2148 διοικήσεις,
3619 2086 3674 2132 ἐν
3728 2075 3823 2143 αἷς

2248 2170 2540 2237 γεγόνασιν
2602 2173 2912 2236 ἐπίσκοποι,
2975 2172 3302 2234 ἀπολλύειν,
3363 2173 3498 2225 ἀλλά
3561 2173 3654 2222 καὶ
3707 2172 3825 2222 τῶι

2257 2261 2403 2312 ἰδίων
2459 2261 2639 2313 τόπων
2690 2261 3018 2324 στερεῖσθαι,
3054 2264 3106 2314 ετ
3165 2281 3318 2324 τινας
3367 2259 3510 2331 εἰχον
3565 2261 3820 2322 οἰκείους

2258 2352 2475 2402 ἐκεῖθεν
2504 2352 2676 2413 ὄντες,
2715 2353 3138 2421 ἐκδιωκομένους
3185 2354 3243 2409 ἐΕ
3298 2354 3476 2405 αὐτῶν
3519 2354 3821 2420 ἀρχοντικῇ

2251 2441 2534 2508 δυναστεία
2567 2441 2640 2502 ὠς
2671 2443 2963 2511 ἀντάρτας,
2994 2444 3110 2511 ἦτοι
3140 2443 3215 2505 ὡς
3245 2442 3601 2510 ἀνταίροντας
3625 2443 3821 2508 χεῖρας

2258 2533 2357 2584 καὶ
2384 2531 2824 2599 ἐναντιουμένους
2855 2535 2964 2594 τοῖς
2991 2533 3178 2585 κανόσι
3210 2535 3302 2584 καὶ
3331 2535 3442 2593 τοῖς
3468 2533 3820 2583 ἐπισκόποις.

599 2628 732 2697 Ιίρδς
764 2625 930 2676 ταῦτα
963 2623 1099 2683 τινὲς
1127 2624 1222 2687 μὲν
1252 2617 1402 2672 εἶπον
1425 2623 1505 2672 ὅτι
1538 2623 1568 2688 ἡ
1607 2620 1829 2687 πρόνοια
1853 2619 1989 2688 αὕτη
2021 2620 2139 2681 ταῖς
2199 2621 2416 2674 πάντων
2447 2623 2705 2684 διανοίαις
2751 2622 3106 2692 ἐνεκαθέσθη,
3140 2624 3262 2675 ἀντὶ
3316 2624 3409 2678 τοῦ
3453 2624 3677 2692 ἤρεσεν,
3732 2623 3826 2674 ἀν-

592 2720 802 2788 επαύθη
827 2736 841 2751 ·
874 2718 1176 2770 ἀνάπαυσιν
1232 2715 1342 2785 γὰρ
1387 2715 1445 2766 τὸ
1498 2715 1767 2783 καθῆσθαι
1813 2716 1972 2766 ποιεῖ.
2008 2714 2082 2766 Ἢ
2107 2714 2163 2766 δέ
2191 2716 2406 2778 σύνοδος
2437 2713 2622 2770 εἷπεν·
2659 2716 2931 2787 Ἀρέσκει.

595 2813 754 2882 583
793 2810 1015 2864 ARIST.
1044 2828 1062 2859 ι
1099 2810 1196 2874 Qui
1251 2808 1584 2860 vocationem
1625 2823 1653 2860 a
1703 2807 1908 2877 synodo
1943 2807 2140 2860 factam

667 2921 684 2952 ‹
733 2909 1028 2965 aversatur,
1054 2910 1105 2951 et
1127 2899 1578 2950 multitudinisua:
1598 2897 1831 2949 conﬁsus
1852 2895 2143 2950 fraternam

671 3013 687 3042 ι
729 2993 950 3059 despicit
1001 2991 1291 3042 amicitiam
1337 3004 1348 3038 :
1384 2989 1494 3041 suis
1521 2989 1681 3039 etiam
1715 3002 1809 3054 per
1851 2988 2145 3041 auctorita-

674 3104 691 3135 ς
743 3097 847 3138 tem
887 3081 1286 3148 imperatoriam
1315 3080 1634 3147 privabitur.
1670 3099 1686 3130 ι

665 3174 762 3239 Qui
819 3171 989 3223 aliena
1044 3170 1267 3235 appetit,
1315 3178 1366 3219 et
1425 3181 1645 3231 eorum,
1681 3184 1798 3236 quae
1846 3168 1908 3219 ad
1968 3169 2138 3234 ipsum

595 3267 884 3334 pertint-nt,
917 3259 1194 3313 atnissioni
1250 3259 1584 3327 subjicietur.
1617 3258 1670 3310 Si
1717 3261 1805 3324 qui
1862 3261 2043 3326 itaque
2073 3275 2135 3313 ex

600 3355 860 3425 episcopis
916 3359 1004 3401 aut
1055 3349 1389 3416 presbyteris
1420 3351 1482 3398 ad
1539 3364 1593 3400 se
1622 3349 1866 3414 pit-(Beia
1915 3351 2139 3417 alicujus

601 3443 854 3510 popuhnu
920 3438 1269 3495 attrahentes,
1307 3438 1460 3500 eique
1495 3434 1679 3486 fraude
1719 3447 1772 3487 et
1830 3437 2136 3491 adulatione

603 3535 982 3602 persuadentes
1038 3545 1096 3581 se
1154 3538 1507 3594 pra-,ceptores
1546 3526 1660 3593 ejus
1723 3537 1774 3577 et
1816 3528 2142 3592 dircctores,

601 3629 700 3677 hoc
742 3633 841 3681 est,
872 3611 1469 3688 episcopos'coustitui,
1507 3625 1558 3668 et
1627 3617 1875 3669 recedere
1911 3618 1976 3669 ab
2024 3619 2140 3684 'epi-

602 3727 784 3780 scopo,
824 3712 906 3764 cui
950 3711 1045 3761 ista
1074 3707 1308 3774 parmcia
1344 3715 1510 3757 antea
1551 3707 1793 3769 subjecta
1823 3705 1922 3759 fuit
1949 3725 1961 3771 ;
1988 3717 2038 3760 et
2076 3708 2141 3759 ad

600 3803 860 3869 synodum
929 3797 1126 3860 vocati,
1182 3797 1245 3848 ad
1301 3798 1541 3850 rationes
1601 3796 1898 3849 reddendas
1932 3798 1997 3850 de
2054 3798 2140 3859 iis,

601 3889 789 3954 quibus
815 3895 1031 3952 propter
1062 3885 1217 3936 istam
1264 3897 1478 3935 causam
1513 3893 1852 3946 accusantur,
1885 3885 2138 3938 advenire

604 3977 808 4036 nolunt,
847 3985 900 4024 ut
949 3973 1242 4026 fraternam
1281 3974 1609 4039 contemptui
1647 3973 1906 4026 habentes
1949 3975 2140 4028 amici-

604 4067 752 4126 tiam,
788 4075 838 4116 ι·ι
865 4061 1190 4115 multitudini
1227 4062 1594 4115 conﬁdentes:
1626 4079 1721 4130 per
1768 4065 2140 4118 auctoritatem

603 4155 927 4222 imperialem
963 4154 1120 4206 etiam
1154 4155 1264 4206 suis
1288 4153 1638 4220 privabantur
1667 4152 1938 4208 Eeclesiis.

1166 4326 1389 4380 CANON
1428 4326 1605 4379 LVIII.

2251 2809 2470 2861 ΑΡΙΣΤ.
2547 2828 2565 2859 ι
2617 2809 2675 2861 ’0
2704 2809 2799 2878 τὴν
2826 2809 2973 2879 παρά
2995 2809 3092 2875 τῆς
3129 2809 3345 2862 συνόδου
3377 2809 3566 2878 κλῆσιν
3603 2824 3824 2879 παραι-

2330 2916 2347 2947 ι
2388 2898 2670 2967 τούμενος,
2713 2903 2806 2951 καὶ
2838 2899 2914 2966 τῷ
2957 2900 3174 2968 θαρρεῖν
3222 2900 3298 2966 τῷ
3345 2900 3458 2968 ἰδίῳ
3487 2901 3678 2967 πλήθει
3716 2901 3824 2968 τῆς

2330 3006 2346 3037 ι
2392 2988 2678 3056 ἀδελφικῆς
2714 2990 2932 3057 ἀγάπης
2967 2991 3321 3058 καταφρονῶν
3343 3032 3357 3054 ,
3396 2993 3488 3042 καὶ
3521 2992 3631 3042 τῶν
3670 2991 3820 3044 ἰδίων

2335 3099 2351 3129 ι
2393 3083 2683 3148 ἀρχοντικῇ
2721 3081 3007 3149 δυναστεία
3047 3083 3459 3152 στερηθήσεται.

2341 3168 2397 3223 Ὀ
2436 3171 2540 3221 τῶν
2579 3170 2868 3239 ἀλλοτρίων
2911 3172 3192 3241 ἐφιέμενος
3238 3177 3326 3224 καὶ
3365 3175 3471 3224 τῶν
3504 3175 3822 3244 ἀνηκόντων

2260 3262 2406 3328 αύτῷ
2466 3262 2735 3314 ἔκπτωσιν
2797 3264 3177 3330 ὑποστήσεται.
3230 3264 3295 3315 Εἴ
3350 3281 3494 3326 τινες
3555 3262 3647 3318 οὗν
3706 3267 3818 3316 τῶν

2256 3353 2568 3402 ἐπισκόπων
2623 3353 2653 3421 ἢ
2707 3353 2798 3403 καὶ
2848 3353 2956 3404 τῶν
3003 3353 3409 3422 πρεσϐυτέρων,
3448 3356 3527 3415 εἰς
3585 3356 3819 3417 ἑαυτοὺς

2254 3440 2646 3505 ἀφελκύσαντες
2662 3441 2783 3493 λαὸν
2811 3444 3094 3511 παροικίας
3120 3445 3281 3503 τινὸς,
3314 3446 3405 3495 καὶ
3437 3446 3818 3511 παραπεὶσαν·

2257 3545 2345 3588 τες
2381 3529 2539 3580 αὑτὸν
2567 3530 2749 3600 ἀπάτη
2781 3531 2871 3581 καὶ
2904 3531 3159 3600 κολακείᾳ
3183 3532 3483 3585 διδάσκαλοι
3519 3535 3682 3585 αὑτοῦ
3722 3539 3818 3585 καὶ

2258 3617 2566 3684 καθηγηταὶ
2610 3619 2964 3688 καταστῆναι,
2997 3620 3137 3672 τοῦτ’
3178 3620 3323 3673 ἔστιν
3363 3623 3672 3683 ἐπί.κοποι,
3724 3624 3820 3675 καὶ

2253 3707 2551 3775 ἀποστῆναι
2576 3707 2892 3768 ἐπισκόπου,
2914 3703 3062 3774 ᾧτινι
3091 3712 3120 3777 ἡ
3145 3710 3366 3779 τοιαύτη
3396 3711 3656 3779 παρεικία
3685 3714 3822 3764 ὑπέ-

2256 3813 2405 3848 κειτο
2432 3797 2691 3866 πρότερον
2717 3813 2730 3827 ο
2765 3799 2856 3849 καὶ
2887 3800 3210 3866 καλούμενοι
3242 3803 3319 3863 εἰς
3355 3802 3452 3869 τὴν
3483 3803 3698 3854 σύνοδον
3723 3807 3824 3867 ἐπεὶ

2236 3889 2314 3939 ’τὸ
2365 3888 2804 3954 ἀπολογήσασθαι
2856 3891 2983 3958 περὶ
3037 3888 3109 3943 ὄιν
3154 3892 3584 3958 ἐπεγκαλοῦνται
3629 3896 3824 3949 ἕνεκεν

2251 3977 2452 4044 ταύτης
2479 3977 2801 4042 ὑποθέσεως,
2827 3981 2889 4031 οὐ
2915 3980 3195 4049 θελήσουσι
3218 3986 3602 4050 παρουσεάσαι,
3625 3984 3699 4047 ὠς
3719 3989 3822 4055 τῆς

2256 4064 2547 4134 ἀδελφικῆς
2595 4065 2811 4134 ἀγάπης
2851 4070 3331 4137 καταφρονοῦντες,
3381 4073 3473 4123 καὶ
3510 4073 3587 4140 τῷ
3619 4074 3822 4142 πλήθει

2257 4154 2606 4224 θαρροῦντες,
2631 4156 2850 4208 καὶτῶν
2874 4158 3019 4210 ἰδίων
3042 4160 3349 4228 ἐκκλησιῶν
3376 4163 3818 4231 στερηθήσονται

2255 4245 2342 4296 διὰ
2382 4245 2702 4314 ἀρχοντικῆς
2733 4248 2999 4312 ἐξουσίας.

2828 4340 3065 4391 ΚᾹΝΩΝ
3095 4342 3141 4392 Ν
3149 4343 3225 4397 H'.

607 4437 623 4468 ι
668 4418 817 4481 Quod
868 4416 1025 4468 alieni
1069 4415 1248 4467 clerici
1278 4417 1344 4465 ab
1371 4414 1493 4466 aliis
1520 4415 1784 4481 episcopis
1811 4415 1954 4468 nullo
1983 4417 2142 4469 modo

2255 4445 2270 4476 ι
2318 4427 2453 4496 Περὶ
2508 4426 2597 4478 τοῦ
2654 4428 2964 4496 ἀλλοτρίους
3019 4432 3310 4500 κληρικοὺς
3371 4437 3633 4507 μηδαμῶς
3688 4447 3826 4512 παρ’

678 4527 694 4555 ι
739 4507 1118 4571 suscipiantur.
1160 4505 1458 4569 Epigonius
1499 4504 1781 4572 cpisc0pus
1815 4508 1993 4558 dixit:
2037 4507 2148 4560 lloc

681 4618 697 4647 ι
735 4600 785 4650 in
847 4597 1030 4649 multis
1089 4597 1308 4663 synodis
1357 4594 1729 4654 constitutum,
1784 4610 1923 4647 nunc
1988 4596 2148 4646 etiam

688 4711 713 4734 «ι
748 4689 919 4738 adhuc
977 4702 1004 4735 ιι
1068 4696 1245 4735 vestra
1313 4682 1594 4750 prudentia
1645 4667 2019 4736 confirmatum
2047 4697 2147 4750 est,

687 4797 704 4826 ‹
743 4775 1035 4830 beatissimi
1069 4775 1281 4835 fratres,
1316 4783 1369 4822 ιιι
1405 4771 1582 4823 nullus
1601 4773 1879 4841 episcopus
1920 4773 2147 4827 alienum

694 4887 708 4915 ι
749 4869 847 4918 sibi
897 4866 1152 4917 clericum
1240 4861 1521 4923 vendicet,
1568 4871 1760 4928 prazter
1826 4865 2148 4916 sententiam

691 4974 706 5003 ι
752 4954 946 5020 prioris
999 4955 1111 5018 ejus
1141 4952 1394 5019 episcopi.
1440 4950 1632 5004 Refero
1660 4961 1835 5004 autem
1881 4951 2148 5005 Julianum

695 5065 710 5095 ι
751 5048 951 5110 ingrate
1014 5044 1067 5095 in
1106 5052 1181 5094 t0t
1213 5058 1304 5109 per
1341 5056 1513 5095 meam
1569 5043 1887 5107 parvitatem
1949 5043 1999 5093 in
2029 5057 2147 5096 CIIII]

695 5157 709 5183 ‹
747 5143 992 5201 congesta
1052 5132 1144 5184 Dei
1203 5131 1462 5184 beneficia
1530 5146 1586 5183 se
1636 5131 1888 5198 gessisse,
1950 5139 2004 5184 et
2044 5141 2148 5182 tam

690 5246 704 5275 ι
745 5237 944 5277 temere
968 5232 1021 5275 et
1044 5222 1375 5274 confidenter
1410 5233 1680 5273 versatum
1720 5237 1860 5286 esse,
1897 5233 1955 5274 ut
1986 5223 2077 5289 qui
2121 5237 2148 5273 a

687 5337 701 5364 ε
739 5326 918 5368 tenera
969 5323 1124 5365 atate
1199 5327 1226 5362 a
1294 5327 1378 5362 tne
1447 5311 1744 5374 baptizatus
1780 5323 1881 5374 est,
1937 5320 2152 5379 propter

683 5416 697 5443 ι
743 5399 958 5449 multaut
986 5398 1217 5462 inopiam
1248 5398 1375 5449 mihi
1401 5396 1468 5447 ab
1499 5398 1611 5463 ipso
1637 5399 2063 5462 commendatus,
2097 5409 2149 5451 et

678 5502 694 5533 ι
739 5485 915 5558 inultis
942 5487 1096 5536 anuis
1126 5501 1152 5536 a
1183 5502 1266 5538 tne
1291 5487 1523 5537 nutritus
1573 5497 1626 5538 et
1679 5502 1900 5551 anetus,
1936 5492 2051 5555 qui,
2097 5503 2152 5542 ut

689 5594 706 5625 ι
747 5574 878 5633 di\i,
905 5575 956 5625 in
991 5575 1215 5627 ecclesia
1250 5591 1365 5627 mea
1404 5577 1790 5630 mediocritatis
1821 5595 1951 5632 meae
1993 5596 2150 5634 manu

663 5682 696 5718 ει
737 5666 1034 5732 baptizatus
1085 5678 1183 5727 est,
1218 5675 1264 5720 et
1311 5668 1361 5719 in
1423 5667 1869 5735 .llapalitanorunt
1917 5673 2148 5736 param-ia

2329 4535 2345 4565 ι
2390 4517 2591 4584 ἐτέρων
2620 4517 2971 4585 ὑποδέχεσθαι
3001 4523 3333 4577 ἐπισκόπων.
3365 4526 3669 4594 Ἐπιγόνιος
3697 4534 3820 4583 ἐπί-

2329 4625 2345 4655 ι
2390 4623 2586 4667 σκοπος
2604 4603 2756 4658 εἶπεν
2774 4623 2788 4638 °
2804 4608 2893 4659 Ἐν
2915 4609 3132 4671 πολλαῖς
3156 4613 3392 4676 συνόδοις
3409 4615 3564 4668 τοῦτο
3578 4618 3821 4687 ὁρισθὲν,

2326 4715 2343 4743 ι
2386 4695 2478 4747 καὶ
2527 4695 2617 4760 νῦν
2664 4697 2741 4747 ἔτι
2795 4699 2899 4765 μὴν
2942 4701 3005 4749 ἐκ
3042 4703 3137 4768 τῆς
3187 4703 3460 4771 ὑμετέρας
3507 4707 3820 4777 ἐϐεϐαιώθη

2327 4804 2342 4833 ι
2387 4785 2684 4847 συνέσεως,
2723 4785 3124 4854 μακαριώτατοι
3157 4789 3392 4857 ἀδελφοῖ,
3428 4793 3566 4844 ὥστε
3612 4797 3823 4865 μηδένα

2328 4891 2344 4921 ι
2384 4873 2678 4924 ἐπίσκοπον
2699 4873 3070 4928 ἰδιοποιεῖσθαι
3088 4878 3363 4945 ἀλλότριον
3382 4880 3644 4950 κληρικδν
3670 4887 3824 4952 παρά

2331 4983 2347 5011 ι
2385 4963 2482 5030 τὴν
2540 4961 2718 5030 κρίσιν
2774 4964 2866 5016 τοῦ
2930 4968 3195 5037 προτέρου
3262 4969 3426 5022 αὐτοῦ
3492 4977 3819 5029 ἐπισκόπου.

2329 5071 2344 5098 ‹
2392 5050 2674 5119 ’Λναφέρω
2719 5051 2773 5102 δὲ
2834 5053 3118 5107 ’Ξουλιανὸν
3173 5057 3482 5126 ἀχαρίστως
3530 5063 3823 5130 ἐνεχθέντα

2331 5160 2345 5188 ι
2386 5140 2511 5207 περὶ
2557 5140 2654 5201 τὰς
2693 5142 2780 5192 διὰ
2817 5143 2914 5210 τῆς
2965 5145 3102 5212 ἐμῆς
3152 5144 3490 5216 βραχύτητος
3533 5152 3613 5212 εἰς
3656 5153 3825 5205 αὑτὸν

2329 5248 2344 5276 ι
2388 5230 2748 5296 σωρευθείσας
2773 5235 3038 5297 τοσαύτας
3065 5236 3157 5288 τοῦ
3186 5238 3323 5290 Θεοῦ
3353 5240 3700 5307 εὐεργεσίας,
3734 5248 3823 5297 καί

2328 5340 2344 5370 ι
2383 5319 2520 5371 οὕτω
2575 5324 2856 5389 προπετῶς
2913 5326 3004 5377 καὶ
3078 5329 3360 5398 τολμηρῶς
3409 5330 3822 5400 διαγενόμενον,

2331 5430 2346 5457 ι
2387 5409 2524 5461 ὥστε
2574 5413 2662 5463 τὸν
2698 5414 2803 5465 ἀπὸ
2832 5416 3031 5483 νηπίας
3081 5418 3295 5487 ἡλικίας
3329 5420 3419 5470 ὑπ’
3450 5423 3585 5489 ἐμοῦ
3622 5423 3824 5492 βαπτι-

2329 5519 2346 5549 ι
2390 5500 2604 5567 σθέντα,
2633 5505 2723 5555 τὸν
2752 5506 2846 5557 καὶ
2867 5507 2953 5559 διὰ
2982 5508 3176 5577 πολλὴν
3200 5510 3406 5562 ἔνδειαν
3437 5514 3494 5576 ἐξ
3515 5516 3684 5567 αὑτοῦ
3717 5535 3827 5571 πα-

2331 5612 2344 5636 ι
2388 5591 2676 5656 ρατεθέρντα
2708 5610 2816 5660 μοι,
2846 5597 2936 5645 καὶ
2967 5597 3056 5647 ἐπὶ
3087 5598 3258 5650 πολλὰ
3288 5599 3345 5662 ἐξ
3373 5601 3504 5668 ἐμοῦ
3537 5607 3825 5672 τραρέντα

2332 5699 2349 5730 ι
2393 5682 2480 5731 καὶ
2517 5684 2839 5752 αὐξηθέντα,
2890 5688 3000 5753 τὸν,
3054 5689 3126 5747 ὡς
3172 5686 3344 5755 εἷπον,
3384 5695 3437 5741 ἐν
3586 5698 3692 5764 ἐμῇ
3730 5702 3825 5751 ἐσς-
