4000 6458
604 362 698 425 ΞΠ

1812 363 2086 424 TllEUD.
2129 365 2215 422 BA
2226 364 2520 423 LSAMON

3699 352 3808 416 21?.

608 476 696 543 qui
749 486 997 532 statuunt
1041 491 1144 530 non
1185 477 1461 543 suscipere
1490 475 1689 530 debere
1714 474 1997 542 episcopos
2025 474 2149 526 alia-

2250 479 2304 530 δὲ
2338 479 2462 540 τοὺς
2501 478 2722 538 κανόνας
2767 476 2862 545 τῆς
2909 476 2965 528 έν
3000 474 3248 544 Τρούλλῳ
3289 472 3529 524 συνόδου.
3563 470 3805 521 Γίνωσκε

611 583 730 622 rum
782 570 1059 637 regionum
1117 566 1366 630 clericos,
1433 565 1788 620 exaudiantur
1860 566 2022 619 etiam
2092 564 2145 617 in

609 659 774 711 laicos
800 675 813 711 :
842 667 896 711 et
945 657 1289 726 prohibeatur
1320 656 1552 710 fortasse
1596 655 1813 724 Athyras
1854 659 2145 724 episcopus

611 746 838 812 aliquem
866 746 1115 799 ordinare
1144 743 1357 809 laicum,
1380 744 1470 811 qui
1497 743 1566 796 sit
1601 758 1665 797 ex
1692 743 1908 812 regione
1935 744 2145 813 Sylem-

613 834 744 886 hria:
770 833 1028 902 episcopi,
1058 844 1112 887 et
1149 835 1262 904 ejus
1291 835 1482 888 canoni
1543 837 1822 902 poenisque
1875 834 2146 899 subjectus

611 922 708 985 sit,
760 931 815 976 et
873 938 969 992 pro
997 939 1100 978 uno
1127 939 1189 978 ex
1223 925 1335 991 ejus
1363 925 1491 978 ovili
1550 925 1827 980 habeatur.
1886 924 2146 979 Dicebant

612 1012 753 1064 enim
809 1013 1067 1075 nonnulli,
1133 1015 1270 1080 quod
1327 1028 1390 1068 ex
1447 1015 1694 1082 praesenti
1768 1028 1996 1075 canone,
2056 1013 2145 1079 qui

613 1108 816 1161 dixisse
850 1108 1158 1176 Epigonium
1188 1124 1246 1163 se
1278 1123 1304 1162 a
1347 1108 1560 1163 Juliano
1589 1112 1807 1161 missum
1842 1108 2148 1174 suscepisse

609 1199 826 1262 laicum,
856 1199 970 1268 ejus
989 1198 1179 1261 civem,
1202 1210 1253 1254 et
1283 1215 1402 1252 eum
1441 1201 1490 1252 in
1521 1216 1614 1254 sua
1639 1199 1857 1252 dioecesi
1892 1198 2145 1251 clericum

608 1287 882 1342 ordinasse
932 1288 1178 1353 disserit,
1235 1297 1286 1343 et
1318 1303 1382 1342 ex
1431 1304 1494 1342 eo
1550 1289 1690 1356 quod
1739 1289 1838 1340 hoc
1883 1294 2143 1357 prmtexltl

613 1387 853 1430 uteretur
895 1376 1159 1441 Julianus,
1187 1394 1306 1432 eum
1338 1393 1365 1429 a
1398 1378 1596 1446 sejure
1637 1377 1803 1430 fuisse
1835 1378 2144 1430 ordinatum

607 1467 916 1530 diaconum,
977 1476 1033 1520 ut
1087 1468 1176 1534 qui
1229 1482 1258 1520 a
1304 1482 1398 1519 sua
1459 1466 1900 1519 Bazaritattorum
1932 1466 2146 1532 regione

611 1557 926 1618 excesserit,
956 1555 1293 1618 ostenditur;
1323 1556 1464 1622 quod
1498 1569 1597 1608 nec
1652 1555 1869 1608 alterius
1915 1554 2148 1620 regionis

613 1643 805 1697 laicum
839 1653 1012 1712 potest
1051 1645 1338 1712 episcopus
1362 1643 1614 1695 ordinare
1647 1651 1844 1710 praeter
1885 1641 2144 1710 episcopi.

609 1735 699 1802 qui
732 1748 851 1786 eum
891 1734 1116 1799 obtinet,
1156 1733 1497 1786 sententiam.
1535 1732 1809 1797 Tanquam
1846 1732 1988 1784 enim
2021 1745 2146 1799 pro-

609 1786 774 1878 liibita
801 1834 963 1886 esset,
1015 1828 1080 1877 ab
1103 1786 1384 1892 'Epignnio
1409 1823 1548 1877 faeta
1591 1786 1859 1877 ordinatio
1886 1786 2142 1891 ejus,.qul
2175 1786 2215 1841 Β

611 1915 678 1968 ab
712 1915 802 1968 illo
849 1915 1100 1969 educatus
1157 1914 1367 1977 fuerat,
1418 1914 1557 1983 quod
1591 1924 1730 1968 esset
1780 1915 1892 1980 ipse
1925 1914 2147 1969 alterius

609 2004 863 2072 regionis,
918 2005 1111 2071 adjecit
1156 2005 1482 2073 Epigonitts,
1522 2020 1579 2058 se
1635 2003 1830 2058 Juliani
1876 2005 2147 2059 voluntate

608 2110 727 2148 eum
759 2096 1055 2162 accepisse,
1084 2095 1148 2146 de
1181 2109 1286 2162 quo
1322 2094 1598 2161 agebatur.
1637 2102 1689 2147 et
1719 2106 1999 2164 propterea
2045 2109 2146 2148 nec

609 2185 904 2238 existimari
941 2183 1138 2238 debere
1207 2199 1326 2236 eum
1399 2196 1516 2236 esse
1571 2183 1713 2237 illius
1767 2186 2055 2238 dimcesis:
2094 2193 2147 2238 et

607 2273 977 2341 disceptahant
1012 2287 1130 2327 eum
1167 2279 1311 2327 recte
1349 2287 1377 2324 a
1410 2271 1618 2325 Juliano
1644 2269 1811 2323 fuisse
1837 2274 2142 2326 ordinatum

608 2367 916 2427 diaconum,
967 2371 1024 2414 ttt
1065 2364 1152 2429 qui
1193 2377 1256 2415 ex
1319 2361 1438 2429 ejus
1464 2359 1682 2414 dicecesi
1725 2369 1891 2424 esset,
1923 2359 2146 2429 ejusque

607 2453 741 2507 civis
795 2463 1155 2520 rcpntaretur,
1207 2463 1260 2505 et
1317 2467 1413 2505 nec
1447 2451 1510 2503 ad
1547 2451 1860 2519 Epigonium
1897 2465 2144 2503 reversus

607 2552 770 2604 esset,
833 2540 934 2594 nisi
999 2539 1243 2593 Julianus
1307 2553 1424 2592 eum
1484 2540 1635 2606 prius
1697 2554 1725 2591 a
1785 2552 1879 2592 sua
1933 2539 2148 2607 regione

608 2629 984 2689 abalienasset,
1054 2637 1440 2696 externumque
1484 2629 1716 2693 fecisset,
1768 2639 1820 2683 et
1870 2631 1934 2682 ad
1961 2629 2148 2696 Epigo-

610 2717 754 2767 ninm
791 2715 1040 2769 misisset.
1068 2714 1130 2767 Et
1165 2716 1278 2768 haec
1310 2715 1524 2783 quidem
1564 2717 1614 2768 bi
1649 2727 1895 2780 recte,ut
1935 2728 1986 2771 et
2015 2719 2142 2772 mihi

609 2805 842 2868 videtur,
879 2807 1151 2861 dicebant.
1188 2804 1266 2860 Tu
1327 2817 1509 2861 autem
1542 2809 1797 2861 memoria
1828 2826 1950 2864 tene
1984 2826 2145 2880 syno-

606 2895 780 2950 daletn
811 2897 1226 2953 declarationem
1253 2899 1573 2953 sanctissimi
1607 2900 1925 2967 patriarcha;
1947 2902 2144 2954 domini

609 2985 913 3051 Michaelis,
969 2988 1403 3055 philosophorum
1469 2989 1684 3051 summi,
1737 3003 1855 3057 quae
1906 2991 2017 3044 haec
2079 2991 2142 3042 ad

2248 569 2303 620 δὲ
2326 571 2405 621 δτι
2435 569 2587 634 λόγος
2617 568 2831 634 ἐγένετο
2856 567 3106 627 πολλάκις
3130 567 3294 627 πολὺς
3325 563 3471 631 παρά
3503 565 3567 630 τῇ
3603 561 3805 627 συνόδῳ

2247 659 2349 727 τῆς
2380 657 2485 710 τῶν
2509 654 3500 722 ΚωνσταντινουπολιτώνἙκκλησίας,
3532 653 3579 702 εί
3600 652 3670 703 τὰ
3696 651 3804 701 τῶν

2249 749 2407 802 θείων
2438 749 2696 809 κανόνων,
2729 749 2834 800 τῶν
2861 747 3239 815 διοριζομένων
3269 745 3342 814 μὴ
3369 741 3619 812 δέχεσθαί
3647 757 3803 801 τινας

2247 843 2574 904 ἐπισκόπους
2603 841 2891 909 ἀλλοτρίων
2919 837 3137 905 ένοριῶν
3167 836 3474 906 κληρικοὺς.
3507 831 3802 896 ἐξακούον-

2247 949 2336 985 ται
2371 934 2466 985 καὶ
2499 933 2579 994 είς
2610 932 2825 992 λαῖκούς
2847 948 2862 962 ·
2893 931 2985 982 καὶ
3023 927 3283 979 κωλύεται
3308 925 3469 994 τυχὸν
3507 925 3534 975 ὁ
3560 922 3804 976 ἐπίσκοο

2247 1039 2346 1085 πος
2383 1022 2581 1090 Ἀθύρα
2607 1023 2978 1091 χειροτονῆσαι
2995 1020 3182 1074 λαῖκόν
3211 1036 3327 1072 τινα
3347 1018 3451 1070 ἀπὸ
3470 1018 3566 1084 τῆς
3590 1014 3810 1083 ὲνορίας

2246 1113 2371 1166 δντα
2393 1116 2484 1166 τοῦ
2508 1113 2873 1182 Σηλυμϐρίας,
2903 1114 2997 1166 καὶ
3022 1111 3376 1178 ὑποκείμενον
3401 1108 3477 1176 τῷ
3503 1106 3688 1160 κανόνί
3707 1106 3808 1158 καὶ

2246 1203 2359 1260 τοῖς
2393 1200 2684 1266 ἐπιτιμίοις
2720 1199 2906 1260 αὑτοῦ,
2938 1201 3031 1252 καὶ
3060 1199 3400 1265 λογιζόμενον
3439 1196 3532 1248 ’ἐνα
3565 1195 3673 1246 τῶν
3707 1192 3806 1244 τοῦ

2247 1289 2494 1360 ποιμνίου
2529 1291 2710 1343 αὐτοῦ.
2745 1285 2908 1341 Εἶπον
2942 1291 3048 1357 γάρ
3082 1305 3219 1350 τινες
3254 1289 3327 1347 ὡς
3352 1287 3455 1338 ἀπὸ
3478 1285 3570 1336 τοῦ
3601 1284 3807 1352 παρόν-

2246 1397 2332 1441 τος
2358 1382 2596 1442 κανόνος,
2618 1379 3066 1447 διαλαμϐάνοντος
3091 1379 3260 1430 εἰπεῖν
3285 1377 3374 1427 τδν
3413 1375 3714 1439 Ἐπιγόνιον
3743 1373 3805 1433 ἐξ

2247 1469 2544 1539 ἀποστολῆς
2568 1471 2659 1523 τοῦ
2701 1468 2982 1522 Ἰουλιανοῦ
3014 1468 3346 1536 παραλαϐεῖν
3375 1464 3465 1516 τὸν
3493 1463 3680 1515 λαῐκδν
3706 1478 3812 1513 πο-

2245 1562 2395 1627 λίτην
2416 1563 2543 1614 δντα
2564 1560 2775 1623 τούτου,
2795 1559 2885 1613 καὶ
2907 1557 3276 1628 χειροτονῆσαι
3303 1554 3463 1607 αὐτὸν
3487 1554 3566 1616 είς
3591 1551 3810 1604 οἰκείαν

2245 1655 2456 1722 ένορίαν
2475 1654 2748 1722 κληρικον,
2769 1655 2859 1705 καὶ
2876 1652 2981 1704 ἀπὸ
2997 1651 3089 1703 τοῦ
3115 1647 3546 1718 προφασίζεσθαι
3562 1645 3650 1696 τὸν
3669 1646 3810 1697 Ἰου-

2248 1744 2428 1797 λιανδν
2452 1744 2681 1809 εὐλόγως
2710 1743 2802 1795 ὑπ’
2821 1741 2983 1796 αὑτοῦ
3013 1742 3197 1794 τοῦτον
3226 1736 3666 1808 χειροτονηθῆναι
3689 1735 3809 1786 διά-

2251 1851 2422 1891 κονον.
2446 1833 2518 1893 ὡς
2542 1833 2866 1900 ὡρμημένον
2890 1831 2996 1883 ἀπὸ
3017 1832 3114 1898 τῆς
3145 1830 3358 1896 ὲνορίας
3382 1826 3543 1880 αὑτοῦ
3569 1828 3668 1894 τῆς
3690 1824 3807 1876 τῶν

2250 1923 2626 1992 Βαζαριτανῶν
2670 1922 3026 1992 παρίσταται’
3074 1926 3155 1973 ὅτι
3208 1920 3327 1972 οὐδὲ
3367 1917 3550 1970 λαῖκδν
3608 1914 3808 1983 ἑτέρας

2250 2018 2460 2086 ὲνορίας
2491 2015 2711 2067 δύναται
2742 2014 3034 2074 ἐπίσκοπος
3065 2013 3440 2080 χειροτονῆσαι
3476 2008 3624 2076 παρὰ
3656 2006 3808 2072 γνώ-

2253 2123 2358 2178 μην
2396 2105 2488 2158 τοῦ
2538 2105 2744 2173 ἔχοντος
2784 2103 2968 2156 τοῦτον
3003 2103 3316 2155 ἐπισκόπου.
3357 2102 3446 2160 Ὠς
3481 2100 3586 2164 γάρ
3631 2096 3809 2159 οὔσης

2249 2198 2628 2264 κεκωλυμένης
2667 2195 2766 2261 τῆς
2814 2191 2962 2260 παρά
3007 2191 3097 2244 τοῦ
3157 2190 3461 2255 Ἐπιγονίου
3503 2187 3808 2254 γενομένης

2248 2288 2575 2358 χειροτονίας
2605 2287 2683 2347 είς
2733 2285 2825 2336 τὸν
2848 2285 2936 2335 ὑπ’
2960 2283 3170 2335 ἐκείνου
3200 2279 3595 2348 ἀνατραφέντα,
3627 2278 3713 2328 διὰ
3745 2278 3808 2328 τὸ

2249 2375 2383 2430 εἶναι
2416 2377 2572 2430 αὐτόν
2597 2374 2877 2444 ἀλλοτρίας
2907 2374 3139 2440 ὲνορίας,
3166 2370 3423 2439 προέθετο
3448 2373 3472 2420 ὁ
3493 2369 3807 2433 Ἐπιγόνιος

2249 2467 2388 2520 κατὰ
2435 2467 2656 2532 γνώμην
2697 2464 2789 2516 τοῦ
2847 2462 3129 2516 Ἰουλιανοῦ
3174 2460 3505 2529 παραλαϐεῖν
3540 2460 3629 2510 τὸν
3674 2464 3807 2525 περὶ

2247 2553 2307 2610 οὗ
2328 2561 2354 2609 δ
2378 2557 2554 2624 λόγος,
2575 2557 2666 2606 καὶ
2689 2553 2772 2605 διά
2790 2553 2944 2606 τοῦτο
2972 2553 3104 2623 μηδὲ
3142 2552 3448 2619 λογίζεσθαι
3470 2553 3566 2619 τῆς
3588 2550 3806 2618 ὲνορίας

2248 2647 2457 2700 ἐκείνου
2501 2641 2639 2696 εἶναι
2693 2643 2905 2696 τοῦτον.
2955 2644 3062 2694 Καὶ
3113 2642 3570 2708 ὲδικαιολογοῦντο
3617 2640 3803 2701 καλῶς

2248 2737 2395 2806 παρὰ
2441 2735 2534 2788 τοῦ
2591 2729 2877 2788 Ἰουλιανὸὖ
2935 2732 3372 2800 χειροτονηθῆναι
3417 2732 3507 2782 τὸν
3556 2730 3803 2782 τοιοῦτον

2247 2829 2508 2890 διάκονον,
2544 2825 2617 2886 ώς
2651 2824 2756 2876 ἀπδ
2783 2824 2883 2890 τῆς
2910 2821 3124 2888 ὲνορίας
3154 2822 3278 2874 δντα
3304 2822 3491 2885 αὑτοῦ,
3520 2821 3616 2872 καὶ
3649 2822 3803 2871 πολί-

2246 2934 2349 2984 την
2383 2915 2570 2967 τούτου
2603 2913 2978 2981 λογιζόμενον,
3015 2913 3107 2963 καλ⁵
3136 2911 3254 2963 οὐδὲ
3287 2911 3421 2978 πρὸς
3452 2911 3542 2961 τὸν
3587 2910 3806 2975 Ἐπιγὸ-

2244 3023 2357 3061 νιον
2389 3006 2754 3073 ἀντεστράφη,
2781 3004 2826 3054 εί
2857 3002 2928 3071 μὴ
2959 2999 3296 3070 προέφθασεν
3321 3001 3427 3052 ἀπο
3456 2999 3557 3066 τῆς
3582 2998 3802 3064 ὲνορίας

607 3077 822 3130 Verbum
873 3077 1110 3129 εοηίίηθῑ
1144 3093 1160 3130 ³
1193 3077 1368 3132 Μθηεθ
1432 3079 1729 3138 ηονθηιδτίο
1800 3079 1887 3134 δίε
1947 3081 2140 3148 Primo»
2171 3101 2213 3158 C
2248 3096 2408 3148 αὐτοῦ
2442 3095 2626 3148 τοῦτον
2654 3092 3025 3158 ἀποξενῶσαι,
3061 3092 3152 3141 καὶ
3178 3089 3493 3142 ἀποστεῖλαι
3525 3089 3663 3157 πρὸς
3706 3089 3802 3140 τδν

606 3166 900 3218 indictione
943 3175 1157 3234 quarta,
1199 3166 1518 3232 prtesidente
1555 3169 1894 3222 sanctissimo
1928 3171 2145 3223 domino

611 3251 862 3309 liii-hacle
909 3256 959 3307 in
1012 3254 1277 3309 Alexiat-is
1304 3257 1748 3322 catechumaniis,
1797 3272 1918 3311 cum
1951 3273 2143 3325 magna

603 3345 720 3413 ejus
800 3345 1087 3398 Sanctitate
1163 3360 1265 3397 una
1357 3346 1719 3399 assidentihtts
1797 3347 2149 3400 sanctissimis

607 3435 963 3495 antistitibus,
1023 3433 1292 3501 Stephano
1342 3435 1624 3499 Caesarea},
1682 3435 1902 3490 Nicolao
1934 3435 2146 3504 Ephesi,

602 3523 859 3578 Michaele
889 3522 1180 3590 Heracleae,
1209 3525 1411 3580 Joanne
1436 3526 1640 3596 Cyzici,
1663 3525 1844 3581 Leone
1881 3528 2144 3592 Att-asese,

608 3613 793 3668 Niceta
829 3614 1137 3681 Melitenes,
1163 3616 1361 3670 Basilio
1383 3618 1767 3680 Neocmsare-e,
1797 3618 1935 3672 Luca
1971 3619 2148 3672 Mece-

606 3721 809 3767 sorum,
835 3704 1040 3758 Joanne
1059 3705 1250 3769 Cretae,
1278 3706 1451 3760 Leone
1474 3709 1863 3774 Adrianopolis,
1884 3709 2148 3764 Conslan-

607 3797 718 3849 tittn
775 3795 1179 3857 Euchaitorum,
1254 3796 1486 3866 Georgio
1564 3801 1790 3866 Alaniaz,
1864 3801 2148 3854 Thcodoro

607 3886 956 3955 llethytnnes,
1011 3885 1215 3940 Joanne
1238 3886 1423 3957 Bizyes
1452 3898 1503 3942 et
1538 3891 1777 3944 Romano
1815 3893 1977 3956 Apro,
2012 3908 2148 3960 prte-

605 3978 848 4030 sentibus
896 3977 1056 4028 etiam
1102 3976 1192 4032 Dei
1235 3980 1617 4032 amantissimis
1661 3982 1945 4035 dominicis
1981 3983 2149 4049 magi-

603 4068 865 4119 stratibus
901 4085 912 4119 :
951 4065 1169 4119 Patrum
1199 4069 1460 4120 terminos
1510 4085 1615 4122 non
1662 4073 1979 4136 transgredi,
2016 4087 2151 4139 quos

605 4157 640 4208 ii
669 4156 886 4224 pulchre
937 4165 990 4210 et
1023 4172 1141 4209 cum
1174 4171 1233 4210 ea
1277 4173 1376 4222 qua
1412 4173 1506 4224 per
1552 4170 1633 4212 est
1682 4160 2056 4228 disquisitione
2086 4162 2151 4215 ab

604 4245 757 4298 initio
791 4257 1113 4312 posuerunt;
1159 4250 1250 4301 sed
1283 4263 1381 4300 nec
1436 4249 1610 4302 fossas
1648 4266 1744 4304 nec
1770 4252 1966 4304 vallum
2009 4262 2151 4306 tran-

602 4333 770 4396 silire,
813 4335 900 4402 qui
927 4345 1148 4387 externa
1177 4352 1202 4386 τι
1239 4337 1348 4388 suis
1383 4338 1597 4406 juribus
1637 4339 1847 4402 dividit,
1873 4343 2148 4394 decretum

602 4433 682 4477 est
703 4425 1121 4479 ecclcsiasticmn
1146 4437 1198 4480 et
1230 4428 1312 4480 lex
1361 4428 1538 4481 divina
1570 4431 1750 4482 multis
1784 4437 1911 4482 ante
1934 4432 2144 4485 saaculis
2179 4411 2218 4463 θ

605 4522 824 4566 statuta.
852 4516 1142 4583 0p0rtebat
1169 4532 1296 4586 ergo
1334 4518 1438 4571 hoc
1466 4536 1569 4572 non
1625 4523 1872 4588 ignorare
1897 4536 1989 4576 eos
2013 4563 2027 4586 ,
2058 4523 2146 4590 qui

605 4604 880 4669 ECcIesiis,
908 4621 1025 4673 quae
1052 4607 1165 4660 sitae
1187 4619 1329 4670 sunt,
1382 4610 1576 4675 ubique
1599 4622 1831 4678 praesunt
1862 4653 1876 4676 ,
1911 4623 1962 4666 et
1992 4627 2152 4681 syno-

603 4696 739 4748 dalia
767 4697 981 4750 decreta
1006 4696 1293 4766 legumque
1312 4700 1728 4754 constitutiones
1757 4717 1814 4754 se
1842 4711 2150 4756 servaturos

603 4785 944 4852 proﬁtentur,
977 4796 1027 4840 et
1060 4788 1257 4842 debent
1288 4789 1338 4841 in
1377 4790 1455 4842 eis
1486 4805 1818 4855 permanere,
1852 4802 1904 4846 et
1935 4795 2148 4861 propria

604 4876 819 4940 quidem
850 4877 967 4946 jura
1016 4879 1268 4945 retinere,
1303 4880 1369 4932 ah
1401 4880 1592 4934 alienis
1641 4893 1818 4935 autem
1851 4883 2146 4936 abSIinere.

606 4963 710 5017 Sed
769 4967 951 5020 nescio
995 4983 1225 5034 quanam
1296 4971 1504 5024 ratione
1560 4972 1776 5038 quidam
1817 4973 2145 5026 sanctissimi

605 5056 894 5119 antistites,
948 5057 1106 5127 585
1153 5063 1242 5129 qui
1297 5063 1456 5116 etiam
1509 5063 1749 5125 proxime
1778 5064 1917 5115 hanc
1960 5066 2146 5116 urbem

602 5145 931 5213 imperialem
961 5151 1116 5202 sedes
1141 5151 1468 5218 episoOpales
1511 5152 1685 5204 sortiti
1712 5160 1860 5211 sunt,
1889 5153 2148 5205 diacono-

604 5251 718 5287 rutn
741 5246 793 5290 et
818 5239 1160 5292 sacerdotum
1186 5241 1298 5294 suis
1323 5240 1644 5295 dimccsihus
1666 5257 1769 5294 non
1797 5242 2150 5307 subjectorum

605 5325 969 5381 ordinationes
1028 5329 1164 5381 citra
1232 5331 1390 5383 ultam
1466 5332 1908 5386 observationem
1972 5332 2152 5386 facere

608 5415 926 5484 deprehensi
973 5430 1097 5474 sunt
1131 5439 1142 5474 :
1175 5423 1264 5490 qui
1321 5423 1480 5476 etiam
1525 5423 1591 5478 de
1625 5428 1725 5477 hoc
1755 5439 1781 5476 a
1812 5425 2153 5478 sanctissimo

605 5507 904 5572 patriarcha
958 5511 1173 5564 domino
1231 5496 1368 5565 [inca
1417 5514 1700 5568 decessore
1732 5523 1918 5568 nostro
1965 5515 2152 5568 admo-

607 5597 727 5661 ntti,
759 5609 812 5651 et
843 5600 891 5653 in
928 5602 1198 5655 mandatis
1225 5604 1504 5667 habentes,
1535 5615 1589 5657 ut
1623 5605 1735 5657 haec
1765 5615 1950 5657 contra
1984 5620 2152 5658 cano-

610 5698 704 5738 nes
728 5685 904 5742 facere
924 5689 1250 5756 desinerent,
1287 5707 1461 5755 extra,
1511 5695 1744 5760 inquam,
1780 5708 1885 5746 suae
1917 5694 2150 5760 regionis

2258 3187 2575 3252 Ἐπιγόνων.
2596 3187 2703 3238 Καὶ
2726 3184 2876 3235 αὐτοὶ
2901 3183 2998 3251 μὲν
3018 3177 3167 3234 εἶπον
3193 3181 3363 3231 ταῦτα
3385 3180 3586 3240 καλῶς,
3611 3179 3684 3240 ὼς
3705 3180 3804 3231 καὶ

2248 3278 2369 3343 ἐμοὶ
2396 3276 2560 3326 δοκεῖ.
2598 3275 2668 3325 Σὺ
2703 3274 2757 3325 δὲ
2784 3273 2870 3339 ἔχε
2896 3271 2984 3323 ἐπὶ
3021 3273 3237 3340 μνήμης
3267 3269 3364 3339 τὴν
3393 3268 3676 3336 συνοδικὴν
3707 3284 3799 3333 ση-

2251 3367 2473 3434 μείωσιν
2517 3364 2608 3414 τοῦ
2656 3363 2952 3428 ἀγιωτάτου
2999 3362 3337 3430 πατριάρχου
3379 3360 3544 3428 κυροῦ
3580 3359 3804 3427 Μιχαὴλ

2247 3458 2340 3510 τοῦ
2389 3456 2669 3523 γεγονότος
2714 3455 2917 3506 ὑπάτου
2971 3453 3078 3505 τῶν
3121 3453 3441 3520 φιλοσόφων,
3487 3451 3613 3502 τάδε
3665 3449 3804 3517 πρὸς

2249 3547 2374 3609 ἔπος
2397 3545 2882 3612 διαλαμϐάνουσαν·
2903 3544 3047 3611 Μηνὶ
3070 3543 3358 3612 Νοεμϐρίῳ
3381 3543 3562 3611 ἡμέρα
3587 3539 3783 3610 πρώτῃ

2253 3639 2576 3698 ίνδικτιῶνος
2611 3635 2673 3698 δ’,
2716 3635 3130 3704 προκαθημένου
3173 3635 3266 3687 τοῦ
3301 3637 3606 3702 ἀγιωτάτου
3646 3634 3809 3701 ἡμῶν

2247 3728 2504 3781 δεσπότου
2529 3727 2621 3778 καὶ
2644 3724 3016 3792 οίκουμενικοῦ
3042 3725 3374 3794 πατριάρχου
3398 3724 3567 3793 κυροῦ
3586 3724 3809 3792 Μιχαὴλ

2250 3821 2305 3872 ὲν
2330 3820 2440 3879 τοῖς
2464 3816 2795 3879 ’Λλςξιακοῖς
2829 3816 3322 3884 κατηχουμενείοις,
3351 3816 3812 3884 συνεδριαζόντων

2260 3913 2324 3977 τῇ
2363 3909 2574 3978 μεγάλῃ
2594 3907 2870 3978 ἁγιωσύνῃ
2917 3908 3077 3959 αὑτοῦ
3121 3908 3428 3974 ίερωτάτων
3465 3907 3806 3972 ἀρχιερέων,

2252 3999 2520 4063 Στεφάνου
2559 3997 2927 4062 Καισαρείας,
2972 3995 3237 4047 Νικολάου
3278 3995 3540 4061 Ἐφέσου.
3589 3995 3812 4061 Μιχαὴλ

2263 4087 2607 4155 Ἡρακλείας,
2651 4087 2896 4139 Ἰωάννου
2922 4085 3182 4148 Κυζίκου,
3214 4085 3444 4145 Λέοντος
3486 4085 3810 4152 Ἀμασείας,

2253 4179 2462 4246 Νικήτα
2488 4177 2811 4243 Μελιτηνῆς,
2837 4173 3116 4227 Βασιλείου
3144 4176 3592 4244 Νεοκαισαρείας,
3623 4179 3812 4230 Λουκᾶ

2252 4267 2575 4337 Μουκησῶν,
2619 4266 2861 4318 Ἰωάννου
2892 4267 3130 4334 Κρήτης,
3167 4268 3390 4329 Λέοντος
3428 4269 3811 4336 Ἀδριανουπό-

2253 4361 2409 4423 λεως,
2441 4359 2844 4410 Κωνσταντίνου
2873 4357 3172 4424 Εὐχαῖτων,
3205 4357 3471 4425 Γεωργίου
3508 4360 3809 4426 ’Λλανείας,

2253 4449 2524 4518 Θεοδώρου
2564 4448 2871 4516 Μεθύμνης,
2913 4448 3157 4499 Ἰωάννου
3194 4448 3410 4516 Βιζύης,
3447 4450 3540 4501 καὶ
3590 4451 3814 4517 Ῥωμα..

2253 4540 2344 4591 νοῦ
2369 4541 2581 4607 Ἀπρω,
2610 4538 3028 4606 παρισταμένων
3051 4539 3141 4589 καὶ
3166 4539 3594 4604 θεο·,;ιλεστάτων
3619 4541 3815 4593 δεσπο-

2252 4630 2418 4682 τικῶν
2449 4629 2722 4696 ἀρχόντων
2746 4645 2760 4659 ·
2792 4629 2914 4698 ὅρια
2964 4629 3218 4696 Πατέρων
3256 4631 3327 4696 μὴ
3367 4630 3742 4698 ὑπερϐαίνειν,
3779 4631 3815 4685 ἃ

2255 4720 2434 4781 καλῶς
2464 4715 2605 4773 οὗτοι
2643 4721 2735 4772 καὶ
2770 4719 2906 4788 μετά
2945 4719 3169 4784 δεούσης
3203 4720 3525 4786 δοκιμασίας
3569 4723 3815 4791 ἀρχῆθεν

2253 4809 2526 4874 ἐξέθεντο·
2569 4809 2703 4860 ἀλλὰ
2758 4809 2888 4876 μηδὲ
2935 4809 3072 4874 ὑπὲρ
3120 4808 3190 4860 τὰ
3243 4810 3563 4874 ἐσκαμμένα
3613 4813 3816 4863 καθάλ-

2254 4901 2456 4961 λεσθαι,
2486 4901 2580 4952 καὶ
2609 4899 2853 4966 θριγγίον
2876 4899 3211 4966 ὑπερπηδᾷν.
3245 4899 3569 4966 διαιρετικὸν
3590 4903 3815 4954 ὀθνείων

2252 5007 2310 5041 τε
2343 4991 2435 5042 καὶ
2481 4991 2693 5042 οίκείων
2740 4989 2982 5049 δικαίων,
3028 4988 3476 5056 ἐκκλησιαστικὸν
3501 4991 3679 5058 δόγμα
3721 4995 3817 5046 καὶ

2253 5077 2415 5146 νόμος
2444 5076 2583 5138 θεῖος
2614 5077 2875 5128 ἀνέκαθεν
2912 5075 3180 5142 κείμενος.
3219 5077 3364 5128 Ἔδει
3398 5077 3495 5144 μὲν
3525 5078 3619 5131 οὖν
3656 5083 3817 5134 τοῦτο

2258 5167 2330 5235 μὴ
2369 5167 2580 5230 ἀγνοεῖν
2628 5167 2752 5225 τοὺς
2783 5164 2890 5215 τῶν
2922 5164 3232 5233 ἁπανταχοῦ
3271 5167 3632 5234 διακειμένων
3675 5189 3819 5238 προ.

2253 5256 2575 5324 ’ἱσταμένους
2615 5255 2935 5321 ἐκκλησιῶν.
2972 5255 3065 5306 καὶ
3118 5256 3176 5306 τὸ
3210 5256 3532 5323 ἐπάγγελμα
3589 5260 3817 5328 ἔχοντας

2256 5345 2586 5412 συντήρησιν
2633 5343 3019 5411 θεσπισμάτων
3063 5346 3363 5396 κανονικῶν
3421 5348 3511 5397 καὶ
3571 5354 3819 5418 νομικῶν

2253 5432 2629 5500 διαταγμάτων
2655 5450 2663 5460 ·
2698 5433 2788 5484 κχὶ
2816 5432 2994 5498 μέντοι
3025 5434 3118 5484 καὶ
3144 5434 3405 5500 ἐμμένειν
3433 5436 3642 5500 τούτοις
3672 5444 3820 5505 όφεε-

2255 5524 2464 5585 λοντας,
2513 5523 2604 5575 καὶ
2649 5523 2756 5574 τῶν
2798 5525 3011 5574 οἰκείων
3065 5525 3161 5589 μὲν
3198 5523 3420 5577 δικαίων
3471 5528 3816 5597 ἀντέχεσθαι,

2255 5611 2364 5662 τῶν
2391 5611 2447 5663 δὲ
2481 5610 2771 5679 ἀλλοτρίων
2807 5609 3121 5676 ἀπέχεσθαι.
3169 5609 3307 5660 Ἀλλ’
3340 5611 3436 5662 οὐκ
3467 5606 3563 5664 οἶδ’
3593 5616 3675 5665 ὅτι
3714 5635 3820 5670 πα-

2257 5702 2435 5762 θέντος
2498 5702 2633 5761 τινὲς
2690 5700 2793 5751 τῶν
2858 5698 3159 5770 ίερωτάτων
3209 5700 3538 5771 Effice-pium,
3609 5706 3657 5756 οἰ
3723 5713 3818 5762 καῖε
