4000 6456
573 371 678 444 219

1845 372 2116 433 TllEOD.
2161 371 2246 429 ΒΑ
2259 373 2553 432 LSAHON

3680 366 3792 431 ξ.)ἳο

576 497 694 538 rum
722 496 1004 554 cooptatus
1034 485 1152 550 fuit,
1187 485 1378 538 iterum
1410 486 1734 550 restituere;
1788 488 1889 539 nisi
1938 500 2124 554 segre-

2234 490 2385 541 αὖτὸν
2416 494 2477 557 τῇ
2512 491 2793 558 ἐκκλησίᾳ,
2829 494 2905 554 είς
2938 494 3001 560 ἢν
3053 492 3109 542 τδ
3149 491 3401 559 πρότερον
3448 492 3736 558 μάτηρ-ἔλυε]
3763 509 3777 523 ο

575 583 732 642 gntus
765 590 885 629 esse
909 575 1108 642 cupiat,
1153 577 1305 645 juxta
1361 577 1676 630 vicesimum
1731 580 1918 646 synoli
1969 577 2130 630 Chal-

576 667 897 722 cedonensis
926 683 1184 722 canonem
1210 685 1223 732 ;
1264 676 1449 734 utpote
1479 670 1568 736 qui
1600 671 1898 724 canonibus
1941 669 2130 719 adver-

578 767 749 818 setur,
777 767 829 811 et
861 759 1093 826 propria!
1138 759 1409 812 adhmreat
1459 759 1739 812 voluntati.
1799 761 1865 810 At
1896 760 2131 812 decimus

579 847 842 910 septimus
875 857 1042 900 sextae
1083 849 1136 900 in
1165 847 1350 902 Trttllo
1397 849 1584 917 synodi
1643 863 1812 900 C:tlt0tt
1866 864 2007 910 eum,
2041 849 2130 914 qui

579 932 811 985 alienum
845 934 1030 1002 recipit
1057 935 1337 1000 clericum,
1370 937 1624 1004 illumque
1646 938 1879 1000 ordinat,
1933 937 2130 1006 deponi

575 1020 750 1084 jubet,
782 1038 884 1075 una
919 1039 1037 1076 cum
1069 1040 1134 1078 eo
1175 1026 1260 1091 qui
1294 1027 1576 1079 ordinatus
1619 1027 1737 1080 fuit.

1147 1226 1375 1279 (IANON
1431 1228 1561 1283 LIX.

594 1327 614 1362 1
652 1307 719 1365 Ut
736 1312 1074 1384 Carthaginis
1093 1319 1340 1386 episcopo
1363 1321 1539 1383 liccat,
1557 1324 1852 1386 unrlcvclit,
1875 1324 2127 1378 clericum

654 1419 675 1451 1
718 1403 989 1458 ordinare.
1017 1407 1268 1460 Aurelius
1299 1412 1579 1476 episcopus
1609 1413 1739 1465 dixit
1766 1431 1778 1466 :
1814 1412 2128 1469 Sermonem

654 1508 674 1541 1
723 1507 894 1546 meum
925 1495 1124 1557 audite,
1157 1497 1370 1552 fratres.
1406 1501 1558 1570 Saepe
1606 1505 1803 1568 evenit,
1851 1516 1906 1558 ut
1955 1508 2127 1560 eccle-

657 1599 677 1632 1
723 1584 948 1646 siastici,
1006 1589 1093 1654 qui
1152 1590 1416 1654 indigent,
1480 1594 1738 1647 diaconos
1795 1597 2128 1668 velprcsby-

725 1681 868 1726 teros
904 1675 982 1726 vel
1016 1678 1300 1740 epiScopos
1327 1695 1353 1732 a
1390 1695 1470 1730 mc
1497 1693 1680 1746 petant
1736 1701 1750 1735 :
1785 1699 1880 1748 ego
1928 1696 2124 1748 tamen,

657 1777 677 1809 1
722 1777 924 1815 memor
947 1779 1129 1818 eorum
1152 1784 1268 1836 qua
1295 1772 1582 1823 censtituta
1616 1780 1760 1831 sunt.
1793 1775 1877 1826 illa
1913 1791 2126 1842 Sequor,
2164 1801 2203 1854 Β

725 1861 781 1904 ut
809 1857 1123 1908 canveniam
1174 1860 1484 1925 episcopum
1545 1863 1744 1925 clerici,
1780 1865 1868 1931 qui
1903 1867 2118 1932 petitur,

655 1957 674 1989 1
718 1949 772 1993 et
826 1957 886 1994 ea
933 1945 1013 1996 illi
1047 1950 1348 2011 ostendam,
1385 1953 1522 2017 quod
1558 1954 1646 2020 qui
1709 1963 1832 2007 sunt
1889 1958 2124 2024 cujusvis

658 2045 678 2078 1
725 2027 996 2090 Ecclesiae.
1021 2035 1138 2101 ejus
1167 2037 1418 2091 clericum
1449 2043 1736 2106 po~tnlnnt.
1773 2047 1905 2098 I'Iccc
1949 2057 2123 2099 autem

654 2135 674 2169 1
719 2119 770 2171 in
831 2127 1111 2187 prtesentia
1173 2142 1274 2178 non
1334 2133 1709 2184 contradicunt
1758 2149 1771 2184 :
1825 2149 1889 2185 ne
1952 2145 2124 2189 autem

655 2223 674 2256 1
720 2218 900 2275 postea
963 2213 1260 2280 contingat,
1321 2218 1420 2269 hoc
1473 2227 1576 2282 est,
1631 2235 1694 2274 ne
1746 2223 1875 2274 mibi
1939 2225 2128 2276 adver-

651 2311 672 2345 1
718 2305 925 2359 sentur.
955 2301 1042 2364 qui
1079 2302 1129 2354 in
1174 2303 1273 2355 hoc
1312 2307 1522 2372 negotio
1548 2326 1574 2358 ιι
1623 2323 1706 2361 me
1740 2318 1991 2375 petuntur
2017 2313 2126 2365 clc-

657 2401 675 2434 1
724 2385 816 2437 rici
847 2386 991 2453 (quia
1025 2390 1175 2444 scitis
1210 2406 1292 2443 me
1346 2395 1630 2448 multarum
1677 2399 2020 2455 eet-lesiarum
2073 2413 2127 2457 et

659 2489 680 2526 1
723 2477 1119 2532 ordinationum
1152 2497 1334 2534 curam
1365 2490 1580 2555 genere)
1604 2503 1971 2559 quemcunque
1999 2508 2127 2546 con-

655 2579 673 2613 1
717 2566 1056 2618 sacerdotum
1087 2585 1406 2636 convenero,
1438 2591 1556 2628 cum
1599 2577 1808 2632 duobus
1841 2582 1922 2632 vel
1958 2585 2127 2636 tribus

653 2671 672 2704 1
723 2657 949 2709 testibus
981 2661 1149 2712 nostri
1185 2663 1597 2731 conclericatus,
1636 2669 1679 2720 si
1713 2683 1814 2720 non
1861 2671 2052 2738 impius
2075 2684 2126 2726 et

656 2763 674 2795 1
722 2745 1004 2800 indi-vatus
1041 2751 1288 2804 iuventus
1332 2754 1510 2820 fuerit,
1539 2773 1747 2824 aequum
1785 2770 1866 2815 est
1894 2774 2124 2814 vestram

651 2855 670 2886 1
716 2837 1054 2893 dilecIiOnem
1091 2842 1329 2908 judicare
1362 2846 1486 2912 quid
1516 2847 1695 2901 facere
1723 2858 1986 2915 oporteat.
2024 2853 2128 2920 Ego

656 2945 673 2975 1
719 2928 881 2986 enim,
910 2939 964 2981 ut
992 2932 1162 2996 Scitis,
1193 2935 1403 2998 fratres,
1439 2938 1524 2990 Dei
1553 2940 1812 3003 permissu
1844 2942 2126 2995 multarum

655 3036 676 3069 1
719 3020 1062 3075 ecclesiarum
1105 3039 1290 3078 enrant
1339 3045 1485 3094 gero.
1535 3031 1810 3085 Numidius
1850 3035 2129 3100 episcopus

659 3128 678 3158 1
725 3111 856 3162 dixit
885 3129 896 3166 :
934 3112 1053 3166 lla‘c
1085 3130 1294 3183 scmpcr
1323 3117 1418 3170 fuit
1450 3121 1574 3173 huic
1607 3123 2131 3188 lbronoauctoritas,
2160 3134 2201 3186 C

654 3218 674 3249 1
721 3212 777 3254 ut
811 3204 952 3256 unde
987 3206 1167 3263 vellet.
1203 3210 1348 3262 etde
1394 3227 1716 3279 quocunque
1767 3217 1981 3267 nomine
2032 3215 2126 3268 ad.

652 3308 670 3341 1
718 3295 917 3345 monita
949 3295 1124 3351 fuerit.
1157 3301 1538 3355 convenienter
1569 3303 1989 3369 uniuscujusque
2023 3303 2124 3358 Ec-

656 3397 678 3429 1
727 3383 902 3434 clesiu:
932 3387 1201 3438 desiderio
1230 3391 1435 3442 ordinet
1471 3391 1801 3460 episcopum.
1838 3393 2128 3459 Epigonius

652 3487 674 3518 -1
715 3471 1004 3538 episcopus
1039 3475 1172 3526 dixit
1205 3493 1218 3527 :
1255 3477 1398 3529 Bona
1437 3489 1522 3530 tua
1558 3479 1798 3534 voluntas
1825 3482 2130 3534 moderatur

645 3577 665 3608 1
709 3570 1071 3625 potestatem:
1104 3565 1278 3618 minus
1320 3568 1459 3620 enim
1512 3571 1693 3631 audes,
1743 3585 1902 3636 quam
1954 3578 2126 3637 potes,

659 3666 675 3699 ι
725 3651 777 3702 in
810 3667 870 3702 co
904 3655 1045 3720 quod
1081 3655 1304 3722 teipsuzn
1336 3660 1604 3723 omnibus,
1635 3675 1666 3712 0
1709 3659 1895 3725 frater,
1930 3663 2125 3714 bonum

656 3758 677 3789 1
723 3748 774 3791 et
809 3742 1098 3795 humanum
1153 3749 1425 3802 ostendas.
1489 3748 1618 3802 Nam
1662 3751 1758 3803 hoc
1818 3767 2028 3820 quoque
2074 3755 2126 3806 in

720 3829 1037 3896 tuojndicio
1070 3835 1233 3886 situm
1276 3846 1378 3898 est,
1431 3848 1486 3889 nt
1540 3840 1962 3908 uniuscujusque
2011 3841 2125 3909 epi—

727 3927 877 3990 scopi
915 3939 1198 3990 personam
1239 3927 1520 3993 corrigas:
1561 3929 1714 3995 idque
1751 3931 1801 3982 in
1851 3934 2020 3996 primo
2077 3942 2130 3986 et

722 4011 835 4063 solo
868 4029 1180 4080 congressu.
1222 4018 1261 4067 si
1299 4017 1563 4085 intelligas
1598 4022 1648 4071 in
1686 4021 1839 4086 hujus
1868 4036 1988 4074 esse
2034 4037 2127 4075 ca-

728 4104 924 4155 thedru'
948 4115 1211 4170 potestate
1237 4111 1457 4174 punire;
1489 4111 1739 4176 quoniam
1771 4109 1885 4175 ipse
1911 4127 2128 4167 necesse

726 4194 920 4246 habens
952 4212 1137 4248 omnes
1175 4199 1432 4252 ectlesins
1469 4199 1679 4253 fult-ire.
1728 4201 1874 4255 Unde
1908 4217 2004 4254 nos
2033 4203 2126 4256 tibi

725 4281 1029 4338 facultatem
1069 4302 1174 4338 non
1208 4289 1423 4349 damus,
1472 4292 1562 4343 sed
1616 4305 1678 4343 ea
1727 4301 1813 4343 tua
1855 4292 2127 4347 voluntate

726 4375 1098 4442 obsignarnns,
1131 4387 1187 4432 ιιι
1210 4394 1420 4447 semper
1455 4381 1609 4434 licent
1640 4399 1698 4434 ea
1745 4383 1988 4436 oblinere
2010 4400 2128 4452 quae

723 4558 957 4622 τεΙίιιυοε
1006 4559 1169 4629 588
1221 4564 1312 4629 qui
1369 4573 1718 4630 qureruntnr,
1775 4566 1916 4618 unde
1964 4567 2132 4619 satius

724 4663 845 4701 esse
906 4653 1264 4715 ptimo-xoris.
1345 4652 1776 4708 Postutnetizintts
1845 4657 2126 4722 episcopus

723 4738 845 4790 dixi‘
885 4737 1128 4792 :De'nde
1172 4743 1212 4792 si
1274 4743 1393 4810 quis
1442 4760 1605 4796 unum
1663 4760 1898 4813 eumque
1958 4746 2130 4798 solum

727 4834 1096 4900 presbyt--rum
1154 4834 1365 4897 habeat,
1426 4852 1550 4888 unm
1605 4837 1763 4890 debet
1811 4838 1969 4889 etiam
2020 4838 2133 4903 ipse

730 4936 861 4970 unus
896 4923 960 4971 :ib
992 4936 1054 4973 eo
1085 4924 1323 4975 auferri?
1348 4926 1594 4978 Aurelius
1641 4928 1923 4992 episcopus
1951 4928 2083 4978 dixit
2119 4941 2132 4977 :

733 5007 821 5060 llei
856 5011 1209 5074 periiiissioue
1245 5025 1416 5080 potest
1447 5030 1585 5067 unus
1614 5017 1894 5084 episcopus
1943 5018 2136 5069 multos

725 5100 1066 5169 presbyteros
1101 5105 1352 5157 ordinare
1384 5123 1397 5158 :
1433 5106 1716 5173 presbyter
1761 5117 1935 5159 autent
1981 5120 2136 5176 aptus

733 5191 1059 5258 cpiscopatui
1094 5195 1376 5247 diiiicnlter
1411 5195 1700 5248 invenitur.
1736 5197 1912 5261 Quare
1950 5199 1991 5251 si
2020 5204 2137 5265 quis

660 5297 679 5326 1
727 5279 974 5334 inventus
1004 5282 1164 5336 fuerit
1221 5301 1382 5337 unum
1433 5287 1604 5339 solum
1659 5287 1861 5341 habens
1914 5291 2136 5356 presby-

667 5387 683 5418 1
734 5379 927 5432 terunt,
963 5388 1188 5440 eumque
1215 5383 1392 5442 aptum
1423 5378 1776 5441 episcopatui,
1814 5379 1983 5445 ipsum
2011 5393 2139 5446 quo-

665 5478 682 5509 1
727 5476 829 5526 que
855 5477 1016 5514 unum
1076 5466 1232 5517 debet
1283 5464 1410 5518 dare
1455 5469 1518 5519 ad
1565 5468 1984 5520 ordinationem.
2042 5468 2142 5521 Po-

675 5567 693 5596 1
741 5550 1099 5604 smnictianus
1152 5555 1436 5619 cpiscopus
1491 5555 1622 5607 dixit
1660 5573 1674 5607 :
1710 5555 1849 5622 Ergo
1903 5558 1952 5608 si
2005 5557 2140 5609 alius

667 5655 686 5687 1
733 5643 1014 5707 episcopus
1065 5642 1260 5696 habeat
1313 5644 1630 5698 clericoi'um
1705 5648 2132 5706 multitudinem,

671 5746 686 5776 ι
736 5730 863 5781 nimi
899 5730 1049 5780 debet
1095 5732 1193 5783 alia
1233 5733 1512 5786 multitudo
1558 5737 1858 5790 convenire.
1897 5738 2138 5790 .\urrlius

656 3846 676 3879 C

655 3945 677 3968 ‘I

650 4120 676 4152 1

652 4210 675 4242 1

651 4393 674 4422 4

656 4483 679 4514 1
728 4465 877 4526 velis,
913 4477 964 4520 et
996 4483 1310 4533 promovere
1358 4474 1447 4538 qui
1497 4474 1712 4536 prmsint
1760 4474 2024 4535 ecclesiis,
2077 4466 2208 4527 etD

653 4575 675 4603 1

656 4664 677 4694 1

655 4757 675 4787 1

653 4847 677 4878 ι(

653 4937 676 4966 νε

2233 580 2279 630 εί
2331 580 2401 646 μὴ
2439 581 2682 647 βούλεται
2731 583 3100 650 ἀφωρισμένος
3157 579 3481 634 είναιεκαπὰ
3512 583 3602 632 τὸν
3639 584 3789 633 εἰκο-

2235 669 2356 720 στὸν
2408 671 2604 720 κανόνα
2657 673 2752 736 τῆς
2802 671 2859 722 ὲν
2906 670 3206 739 Χαλκηδόνι
3260 673 3496 730 συνόδου,
3528 672 3606 730 ὡς
3667 674 3786 732 τοῖς

2234 763 2448 812 κανόσιν
2510 763 3086 827 ἑναντιο·3ς.ιενο.ν,.καὶ
3135 763 3226 814 τοῦ
3288 762 3414 813 tofm;
3469 763 3784 831 θελήματος

2232 851 2601 916 ἀντεχόμενος.
2631 852 2687 903 ’0
2716 853 2770 904 δὲ
2794 852 3245 909 ἑπτακαιδέκατος
3277 850 3455 904 κανὼν
3488 853 3588 918 τῆς
3620 855 3678 902 ἐν
3702 850 3782 919 τῷ

2234 941 2482 1009 Τρούλλῳ
2529 943 2692 1009 ἕκτης
2750 946 2966 994 συνόδου
3029 945 3117 995 τὸν
3170 944 3455 1011 δεξάμενον
3503 943 3786 1011 ἀλλότριον

2235 1031 2508 1099 κληρικὸν,
2543 1035 2632 1083 καὶ
2682 1036 3129 1100 χειροτονήσαντα
3167 1033 3350 1096 αὐτὸν,
3397 1033 3783 1100 καθαιρεῖσθαι

2233 1120 2550 1189 προστάττει
2584 1123 2678 1174 συν
2710 1124 2780 1190 τῷ
2813 1125 3235 1191 χειροτονηθέντι

2801 1215 3025 1266 ΚᾹΝΩΝ
3066 1215 3189 1269 NB'.

2241 1319 2259 1351 1
2304 1303 2438 1370 Περὶ
2471 1303 2562 1354 τοῦ
2613 1302 2808 1363 ἐξεῖναι
2840 1305 2917 1372 τῷ
2949 1307 3229 1374 ὲπισκόπῳ
3262 1308 3632 1376 Καρχηδόνος,
3660 1308 3787 1360 ὅθεν

2309 1411 2325 1443 1
2372 1394 2533 1456 θέλει,
2573 1394 2830 1462 κληρικὸν
2865 1401 3206 1465 χειροτονεῖν.
3239 1398 3502 1465 Αὐρήλιος
3552 1399 3781 1450 ἐπίσκο-

2307 1504 2326 1536 1
2373 1502 2468 1545 πος
2497 1481 2644 1538 εἷπε·
2670 1486 2771 1538 Τὸν
2797 1488 2949 1554 λόγον
2985 1505 3088 1555 μου
3125 1488 3507 1556 προσδέξασθε,
3535 1488 3781 1553 ἀδελφοί.

2305 1594 2326 1626 1
2371 1576 2575 1640 Συνέση
2609 1576 2864 1638 πολλάκις
2920 1577 3207 1646 αἰτηθῆναί
3245 1595 3311 1645 με
3343 1579 3447 1630 ἀπὸ
3481 1580 3784 1643 ἐκκλησια-

2308 1682 2328 1716 1
2374 1665 2568 1716 σιτικῶν
2619 1668 2945 1733 ὲνδεομένων
2989 1669 3265 1730 διακόνους
3299 1669 3330 1738 ἦ
3369 1669 3785 1738 πρεσϐυτέρους

2308 1756 2402 1824 «ἢ
2460 1757 2823 1818 ἐπισκόπουςο
2889 1759 2983 1811 καὶ
3037 1760 3185 1825 ὅμως
3258 1761 3604 1827 μεμνημένος
3675 1761 3790 1812 τῶν

2310 1863 2328 1894 1
2374 1843 2697 1911 δρισθέντων
2723 1847 2931 1908 τούτοις
2977 1848 3201 1915 ἕπομαι,
3229 1849 3366 1900 ὥστε
3403 1850 3680 1902 συνελθεῖν
3715 1866 3785 1918 με

2308 1952 2326 1985 1
2370 1934 2444 2003 τῷ
2480 1937 2760 2005 ὲπισκόπῳ
2789 1937 2951 1988 αὐτοῦ
2986 1936 3079 1989 τοῦ
3111 1939 3445 2006 ζητουμένου
3485 1939 3780 2008 κληρικοῦ,

2307 2043 2325 2076 1
2367 2029 2457 2077 καὶ
2487 2025 2654 2079 ταῦτα
2691 2027 2838 2093 αὺτῷ
2869 2027 3182 2096 ἐμφανίσαι,
3210 2029 3292 2080 ὅτι
3319 2028 3577 2096 κληρικδν
3609 2031 3780 2082 αὐτοῦ

2308 2134 2324 2166 ι
2367 2116 2635 2169 αίτοῦνται
2673 2119 2720 2169 ot
2749 2117 2844 2186 τῆς
2887 2120 3204 2187 οίασδήποτε
3261 2119 3606 2188 Ἐκκλησίας.
3654 2122 3786 2173 Ἰδοὺ

2307 2223 2326 2256 1
2367 2202 2456 2258 οὖν
2494 2209 2582 2259 ἐπὶ
2613 2202 2703 2259 τοῦ
2734 2211 2996 2277 παρόντος
3024 2211 3124 2261 οὐκ
3165 2211 3569 2278 ἀντιλέγουσιν·
3606 2211 3691 2262 διὰ
3727 2211 3785 2263 δξ

2307 2315 2325 2347 1
2368 2296 2428 2348 τὸ
2475 2300 2610 2366 μήτε
2674 2302 2810 2365 μετὰ
2857 2301 3025 2354 ταῦτα
3080 2301 3374 2370 συμϐῆναι,
3437 2303 3580 2354 τοῦτ’
3637 2303 3787 2355 ἐστιν

2309 2402 2326 2435 1
2372 2387 2759 2454 ἐναντιωθῆναί
2789 2406 2877 2457 μοι
2901 2391 3058 2442 τοῦτο
3087 2396 3144 2442 ὲν
3167 2392 3341 2458 τούτῳ
3369 2393 3445 2460 τῷ
3492 2395 3784 2460 πράγματι

2309 2493 2325 2524 1
2368 2480 2496 2542 παρ’
2540 2479 2671 2546 ὲμοῦ
2719 2481 3070 2546 αἰτουμένους
3108 2483 3316 2551 (ἐπειδὴ
3351 2483 3527 2535 οίδατε
3573 2485 3789 2536 πολλῶν

2309 2583 2325 2615 ι
2371 2566 2669 2631 ἐκκλησιῶν
2699 2568 2792 2619 καὶ
2825 2570 3169 2638 χειροτονιῶν
3204 2571 3456 2639 φροντίδα
3487 2590 3552 2640 με
3580 2573 3780 2638 βαστάι

2311 2675 2327 2707 1
2371 2656 2501 2721 ζειν)
2560 2659 2905 2729 ᾠτινιδήποτε
2983 2662 3090 2713 τῶν
3170 2663 3462 2730 συνιερέων
3545 2665 3786 2715 συνέλθω

2309 2768 2328 2797 1
2377 2751 2513 2816 μετὰ
2546 2750 2638 2801 δύο
2688 2750 2718 2818 ἢ
2783 2752 2950 2820 τριῶν
3009 2752 3300 2820 μαρτύρων
3359 2755 3453 2820 τῆς
3517 2755 3788 2822 ὑμετέρας

2309 2857 2327 2887 1
2376 2838 2823 2907 συγκληρὼσεως,
2898 2842 2990 2893 ἐὰν
3062 2842 3433 2905 ἀκαοοσίωτος
3512 2845 3789 2911 εὑρεθείη,

2310 2945 2327 2976 1
2372 2927 2578 2979 δίκαιόν
2623 2931 2738 2981 ἐστι
2786 2932 2967 2998 κρῖναι
2998 2931 3092 2998 τὴν
3141 2932 3412 3000 ὑμετέραν
3457 2935 3705 3001 ἀγάπην,
3735 2944 3789 2986 τι

2311 3037 2327 3068 1
2373 3018 2451 3069 δεῖ
2479 3019 2719 3085 ποῖησαι.
2760 3020 2898 3084 Ἐγὼ
2925 3019 3052 3088 γὰρ,
3084 3020 3156 3080 ὼς
3194 3021 3331 3082 ἴστε,
3364 3022 3608 3086 ἀδελφοὶ,
3645 3028 3792 3076 κατὰ

2312 3125 2329 3156 1
2378 3107 2718 3174 συγχώρησιν
2742 3096 2875 3160 Θεοῦ
2906 3110 3110 3162 πολλῶν
3145 3109 3482 3180 Ἐκκλησιῶν
3512 3115 3796 3180 φροντίδος

2309 3217 2326 3248 1
2369 3201 2649 3267 ἀνέχομαι.
2703 3201 3008 3269 Νουμήδιυς
3057 3202 3353 3266 ἑπίσκοπνς
3409 3201 3608 3256 εῐπενο
3677 3207 3791 3258 Ἀεὶ

2309 3308 2324 3339 1
2374 3288 2611 3358 ὑπῆρξεν
2641 3292 2671 3357 ἡ
2703 3289 2956 3341 ageam:
3007 3290 3146 3362 αὕτη
3173 3292 3246 3360 τῷ
3280 3293 3450 3361 θρόνῳ
3477 3294 3670 3363 τούτῳ,
3702 3295 3793 3348 ἵνα

2308 3398 2324 3428 ι
2370 3377 2490 3430 ὅθεν
2539 3379 2720 3441 θέλει,
2771 3382 2863 3432 καὶ
2916 3382 3042 3449 περὶ
3091 3383 3409 3450 οίουδήποτε
3465 3386 3793 3453 προετράπη

2310 3488 2326 3519 1
2371 3469 2629 3537 ὀνόματος
2666 3470 2802 3523 κατὰ
2829 3471 2927 3540 τὴν
2953 3472 3241 3540 ἐπιθυμίαν
3287 3475 3518 3542 ἑκάστης
3563 3475 3797 3543 Ἐκκληο

2308 3576 2326 3609 1
2376 3559 2494 3620 σίας
2523 3561 2844 3627 ἐχειροτόνει
2874 3563 3192 3614 ἐπίσκοπον.
3230 3563 3532 3628 Ἐπιγόνιος
3564 3565 3793 3616 ἐπίσκο-

2309 3667 2327 3698 1
2367 3665 2467 3711 πος
2509 3645 2696 3700 εἶπενο
2740 3650 2803 3702 Ἦ
2831 3653 3191 3716 ἀγαθοθέλεια
3241 3655 3467 3722 μεσάζει
3502 3654 3600 3721 τὴν
3633 3657 3791 3718 ἐξου-

2309 3759 2326 3790 ‹
2373 3740 2531 3800 σίανῤ
2558 3733 2718 3808 ἦττον
2751 3741 2856 3809 γὰρ
2888 3741 3087 3809 τολμᾷς
3114 3743 3252 3810 ἥπερ
3286 3743 3441 3812 δύνῃ,
3481 3745 3697 3812 (Belgae,
3734 3747 3792 3796 ὲν

2309 3850 2326 3881 1
2376 3829 2448 3898 τῷ
2503 3831 2667 3881 πᾶσιν
2720 3831 2908 3882 ἑαυτὸν
2977 3832 3351 3883 ἀποδεικνύειν
3418 3834 3623 3898 ἀγαθὸν
3693 3839 3790 3888 καὶ

2309 3937 2325 3966 1
2370 3919 2767 3984 φιλάνθρωπον.
2806 3919 2988 3985 Ἔχεις
3043 3919 3149 3988 γὰρ
3208 3919 3363 3970 τοῦτο
3415 3923 3470 3970 ὲν
3499 3923 3563 3989 τῇ
3603 3922 3790 3988 κρίσει

2308 4029 2324 4060 1
2375 4028 2489 4072 σου,
2554 4011 2611 4061 τὸ
2655 4009 3097 4079 ἀποθεραπεῦσαι
3146 4011 3259 4070 ἐνὸς
3305 4011 3532 4062 ἑκάστου
3564 4015 3796 4066 ὲπισκὸο

2309 4119 2326 4151 1
2375 4117 2473 4151 που
2506 4101 2562 4152 τὸ
2599 4101 2884 4169 πρόσωπον
2907 4119 2918 4131 ο
2952 4102 3006 4152 ὲν
3037 4100 3222 4170 πρώτῃ
3250 4101 3306 4152 δὲ
3350 4103 3444 4152 καὶ
3496 4102 3630 4173 μόνῃ
3660 4120 3792 4155 συνο

2309 4210 2326 4242 ι
2372 4193 2601 4253 ελεύσει,
2649 4196 2696 4244 εἰ
2734 4193 2948 4264 συνίδῃς
2997 4193 3054 4244 τὸ
3087 4193 3174 4243 ἐπ’
3209 4193 3460 4258 ἐξουσίας
3503 4195 3679 4265 ταύτῃ
3722 4199 3793 4263 τῇ

2311 4301 2328 4332 1
2375 4283 2610 4352 καθέδρᾳ
2667 4281 2806 4335 εἶναι
2867 4284 3215 4350 ἐκδικητέον·
3289 4283 3473 4352 ἐπειδὴ
3541 4286 3797 4354 ἀνάγκην

2312 4391 2329 4422 1
2376 4373 2514 4439 ἔχεις
2564 4373 2718 4433 αὐτὸς
2759 4372 2934 4433 πάσας
2983 4371 3080 4432 τὰς
3131 4371 3456 4440 Ἐκκλησίας
3497 4375 3799 4444 ὑποστηρί-

2315 4482 2332 4515 ι
2383 4463 2516 4525 ζειν.
2549 4463 2707 4515 Ὅθεν
2731 4461 2974 4526 ἐξουσίαν
3009 4479 3087 4514 σοι
3128 4464 3282 4530 ἡμεῖς
3316 4464 3374 4516 οὗ
3409 4463 3646 4528 δίδομεν,
3677 4465 3800 4518 ἀλλ’

2312 4577 2329 4608 1
2377 4555 2838 4624 ὲπισφραγίζομεν
2870 4553 3073 4620 ταύτην
3098 4555 3160 4621 τῇ
3197 4557 3259 4621 σῇ
3286 4556 3627 4622 προαιρέσει,
3654 4557 3800 4610 ὥστε

2311 4667 2327 4697 1
2372 4647 2570 4709 ἐξεῖναι
2625 4646 2709 4696 ἀεὶ
2758 4646 2976 4713 κρατεῖν
3013 4637 3085 4695 ῶν
3119 4644 3184 4696 ἂν
3215 4645 3394 4711 θέλῃς,
3429 4647 3525 4697 καὶ
3568 4663 3798 4714 προχει-

2311 4757 2328 4789 1
2370 4737 2613 4807 ρίζεσθαι
2648 4737 2989 4805 προεστῶτας
3015 4737 3132 4796 ταῖς
3169 4734 3534 4802 Ἐκκλησάιῇ
3564 4739 3802 4800 καὶτοὺς

2312 4849 2328 4880 1
2374 4830 2590 4889 λοιποὺς
2637 4828 2758 4887 τοὺς
2803 4826 3186 4893 ζητουμένους,
3229 4827 3352 4877 ὅθεν
3399 4828 3639 4897 συνίδῃς.
3696 4830 3806 4880 llo-

2314 4939 2331 4970 1
2378 4918 2754 4987 στουμετιανὺς
2810 4918 3106 4980 ἐπίσκοπος
3162 4913 3314 4970 εἶπεν
3341 4935 3354 4949 ·
3393 4917 3545 4979 Εἶτα,
3575 4920 3668 4971 ἐὰν
3705 4937 3798 4981 τις

2313 5030 2332 5062 1
2379 5010 2472 5061 ἕνα
2508 5010 2595 5059 καὶ
2630 5008 2785 5075 μόνον
2810 5008 2905 5078 ἔχῃ
2935 5008 3326 5077 πρεσϐύτερον,
3366 5009 3439 5076 μὴ
3471 5009 3680 5076 ὀφείλει
3708 5011 3804 5061 καὶ

2313 5118 2330 5150 1
2378 5100 2534 5160 αὐτὸς
2584 5101 2610 5150 ὀ
2650 5094 2728 5159 εἷς
2776 5101 2831 5164 ἐξ
2865 5099 3025 5151 αὐτοῦ
3068 5100 3468 5168 ἀφαιρεθῆναι;
3528 5099 3804 5167 Αὐρήλιος

2314 5210 2330 5238 1
2380 5190 2673 5251 ἐπίσκοπος
2707 5183 2896 5240 εἷπενο
2930 5188 3083 5240 Κατὰ
3119 5189 3467 5257 συγχώρησιν
3518 5188 3655 5240 Θεοῦ
3699 5189 3801 5242 δύ-

2314 5299 2332 5331 1
2379 5299 2534 5333 ναται
2590 5284 2616 5333 ό
2678 5276 2757 5341 εἷς
2825 5281 3118 5340 ἐπίσκοπος
3174 5280 3400 5340 πολλοὺς
3461 5285 3797 5349 χειροτονεῖν

2318 5393 2334 5422 ι
2386 5373 2798 5441 πρεσόυτὲρους“
2839 5370 3204 5439 πρεσῦύτερος
3234 5370 3289 5422 δὲ
3321 5369 3454 5439 πρὸς
3485 5372 3799 5441 ἐπισκοπὴν

2316 5482 2331 5513 1
2383 5463 2686 5527 ἐπιτήδειος
2745 5461 3019 5529 δυσχερῶς
3075 5460 3407 5528 εὑρίσκεται.
3452 5459 3542 5510 Διὸ
3586 5461 3680 5512 ἐὰν
3710 5478 3800 5522 τις

2317 5574 2332 5604 1
2381 5555 2574 5622 εὑρεθῇ
2605 5553 2742 5620 ἔχων
2769 5551 2862 5602 ἕνα
2898 5552 3053 5619 μόνον
3080 5551 3471 5618 πρεσϐύτερον,
3505 5552 3601 5600 καὶ
3635 5551 3803 5603 αὑτὸν

2318 5664 2333 5694 1
2378 5647 2441 5712 τῇ
2505 5645 2773 5710 ἐπισκοπῇ
2829 5643 3155 5709 ἐπιτήδειον,
3217 5641 3308 5691 καὶ
3334 5641 3496 5692 αὑτδν
3552 5640 3645 5691 τὸν
3702 5642 3801 5693 ἕνα

2322 5756 2337 5783 1
2387 5734 2585 5801 ὀφείλει
2622 5733 2799 5787 δοῦναι
2834 5734 2906 5794 εἰς
2941 5733 3289 5802 χειροτονίαν.
3329 5732 3800 5799 Πιστουειετιανὶς
