4000 6446
240 351 337 415 933

1338 354 1418 414 ΙΝ
1458 352 1618 413 CAN.
1656 354 1754 413 LX
1781 353 1984 415 CONC.
2025 354 2388 415 CARTHAG.

3346 344 3451 412 934

241 457 434 524 ζητεῖν,
468 457 542 518 ὡς
578 456 886 526 ἀνηκούσαις
927 458 1128 520 αὐτοῖς.
1173 459 1237 511 Ἦ
1277 458 1383 528 γάρ
1424 458 1622 526 Ἀρζύα
1668 460 1797 527 μετὰ

1905 469 2113 515 ctantes
2140 462 2371 515 invadat.
2421 461 2594 514 Arzua
2633 461 2794 525 enim,
2842 475 2961 530 quae.
2993 477 3055 515 ex
3094 459 3326 529 episcom
3369 461 3440 511 fa-

240 548 630 616 παραχώρησιν
653 549 743 601 τοῦ
763 550 1068 602 ἐπισκόπου
1096 549 1382 614 ἀξιωθεῖσα
1400 550 1563 618 τιμῆς
1583 550 1798 601 ἐπισκο-

241 637 419 705 πικῆς,
455 638 636 707 ἐκείνη
672 641 804 708 μόνη
853 640 1058 710 ταύτην
1101 640 1304 708 ὀφείλει
1354 640 1512 708 ἔχειν,
1548 640 1708 710 ἑτέρα
1741 639 1796 690 δὲ

241 725 622 796 eammeam,
643 728 808 797 ἤγουν
833 730 911 798 μὴ
934 730 1332 797 ἀποσπασθείη.
1355 730 1429 798 μὴ
1452 729 1794 798 ἀποτμηθείη

234 814 310 876 είς
350 815 412 867 τὸ
450 817 578 868 ἴδιον
609 818 914 886 κτήσασθαι
944 819 1260 884 ἐπίσκοπον,
1299 819 1344 871 εί
1384 818 1456 888 μὴ
1494 817 1794 870 συναινέσει

243 904 322 958 τοῦ
349 906 752 971 ἐξουσιάζοντος
769 908 940 978 αὐτῆς
959 909 1270 962 ἐπισκόπου.
1299 910 1438 979 Πρὸς
1466 907 1633 962 ταῦτα
1651 909 1677 960 ὁ
1694 909 1797 959 Αὑ-

237 996 385 1062 ρήλιο
423 1036 440 1058 ,
481 997 918 1066 παρασκευάζων
949 999 1251 1052 συναινέσαι
1294 1001 1498 1061 πάντας
1542 997 1667 1060 τοὺς
1702 997 1798 1064 τῆς

237 1085 482 1146 συνόδου,
506 1087 781 1156 ἐπήγαγεν
811 1089 893 1142 ὅτι
935 1091 1046 1142 Ούκ
1093 1090 1414 1157 ἀμφιϐάλλω
1445 1091 1608 1142 πᾶσιν
1636 1089 1799 1158 ἀρέσ‹

234 1189 347 1227 κειν
369 1172 566 1228 ταῦτα.
593 1176 701 1229 Καὶ
731 1177 922 1245 ἐπειδὴ
962 1178 1135 1232 πάντα
1164 1179 1370 1246 νομίζω
1418 1173 1556 1232 εἶναι
1606 1194 1799 1245 τετρα-

230 1265 569 1331 κταῐσμένα,
603 1266 722 1319 ἀντὶ
780 1267 876 1319 τοῦ
926 1270 1293 1337 ἐσκοπημένα,
1344 1269 1793 1337 δεδοκιμασμένοι,

233 1355 594 1426 ἐξητασμένα,
645 1357 861 1421 πάντως
909 1356 1237 1426 βεϐαιώσατε
1263 1357 1430 1410 ταῦτα
1462 1360 1528 1427 τῇ
1557 1356 1797 1426 ὑμετέρᾳ

232 1450 560 1517 ἐκφωνήσει.
593 1449 794 1512 Πάντες
819 1445 992 1500 εἶπον·
1031 1450 1261 1517 Ἦρεσεν
1303 1450 1432 1517 ἡμῖν
1461 1450 1592 1500 πᾶσι
1625 1449 1796 1500 ταῦτα

230 1541 319 1592 καὶ
345 1544 413 1609 τῇ
436 1539 680 1609 ἡμετέρα
709 1540 999 1608 ὑπογραφῇ
1029 1539 1167 1592 αὐτά
1206 1538 1550 1609 βεϐαιοῦμεν.

232 1629 451 1683 ΔΡΙΣΤ.
519 1648 536 1680 ι
577 1630 857 1699 Διοίκησις
915 1631 1008 1682 ἐὰν
1066 1631 1204 1682 κατὰ
1270 1628 1493 1699 γνώμην
1551 1630 1643 1682 τοῦ
1698 1632 1796 1700 τὴν

305 1737 323 1769 t
362 1719 615 1782 ἐξουσίαν
633 1719 846 1787 ιχοντος
867 1719 1140 1788 ἐπιτραπῇ
1168 1717 1298 1770 ἴδιον
1329 1720 1473 1788 σχεῖν
1503 1719 1797 1770 ἐπίσκοπον

300 1825 320 1856 t
358 1809 438 1869 είς
473 1808 570 1868 τάς
599 1807 790 1868 λοιπὰς
819 1806 1115 1875 διοικήσεις
1153 1805 1180 1857 ὁ
1212 1805 1452 1868 τοιοῦτος
1482 1806 1555 1875 μὴ
1611 1806 1796 1858 ἐπιδα-

303 1916 320 1946 t
358 1898 590 1951 λέσθω.»

299 1990 554 2056 Ὠρισται
580 1989 726 2059 παρά
749 1987 978 2060 γνώμην
995 1990 1087 2043 τοῦ
1121 1993 1492 2061 πρωτεύοντος
1513 1993 1568 2046 ἐν
1594 1994 1794 2063 ἑκάστῃ

232 2080 489 2152 ἐπαρχία,
552 2081 625 2149 μή
665 2098 784 2133 τινα
848 2081 954 2134 τῶν
995 2084 1306 2135 ἐπισκόπων
1352 2083 1627 2149 γίνεσθαιο
1661 2085 1794 2135 ἀλλά

235 2172 362 2238 μηδὲ
394 2173 453 2222 ἐν
480 2171 643 2242 κώμῃ
682 2172 806 2235 τινὶ,
837 2172 870 2240 ἦ
904 2175 996 2223 καὶ
1044 2169 1271 2241 βραχείᾳ
1311 2173 1484 2230 πὸὶει.
1521 2175 1579 2223 ἐν
1705 2174 1795 2224 καὶ

231 2256 307 2324 εἷς
337 2261 707 2331 πρεσῦύτερος
737 2263 969 2330 ἐπαρκεῖ
997 2262 1290 2313 ἐπίσκοπον
1324 2263 1702 2325 καθίστασθαι,
1741 2265 1787 2314 εί

237 2353 308 2421 μὴ
337 2351 726 2420 πληθυνθεῖσαι
766 2352 896 2412 ἴσως
925 2345 1081 2404 αὗται
1114 2351 1259 2413 ἄξιαι
1294 2353 1555 2421 κριθῶσιν
1588 2354 1792 2422 ὀνομα-

235 2443 422 2508 σθῆναι
449 2441 765 2494 ὲπισκοπαί.
813 2442 874 2492 Εί
907 2440 1034 2507 γοῦν
1070 2443 1149 2503 είς
1181 2443 1476 2510 παροικίαν
1533 2443 1674 2501 τινὰ,
1735 2447 1791 2494 ὲν

234 2528 264 2603 ᾖ
293 2535 350 2583 τὺ
380 2532 519 2601 πρὶν
553 2532 654 2584 ούκ
691 2527 761 2600 ἦν
795 2530 1113 2596 ἐπίσκοπος,
1150 2538 1290 2584 κατὰ
1319 2532 1542 2600 γνώμην
1571 2533 1664 2584 τοῦ
1690 2533 1786 2601 τὴν

235 2620 482 2685 ἐξουσίαν
547 2621 606 2672 ἐν
665 2621 801 2690 αὐτῇ
861 2621 1075 2688 ἔχοντος
1142 2621 1438 2672 ἐπισκόπου
1497 2623 1792 2673 ἐπίσκοπον

233 2711 482 2775 γενέσθαι
510 2713 811 2779 ἐπιτραπῇ,
847 2709 937 2762 τὸν
975 2709 1098 2761 λαὸν
1136 2711 1314 2778 μόνον,
1344 2712 1423 2769 εἰς
1474 2709 1531 2760 ὃν
1588 2713 1791 2778 ἐχειρο·

233 2799 451 2870 τονήθη,
486 2801 740 2868 κατέχειν
789 2801 1017 2866 ὀςςείλει,
1048 2800 1123 2868 μὴ
1153 2799 1335 2868 μέντοι
1370 2816 1432 2866 γε
1473 2800 1565 2851 καὶ
1599 2800 1789 2869 ἑτέραν

235 2889 523 2943 suam
554 2890 876 2960 παροικίαν.

239 3000 256 3030 ι
309 2981 393 3035 Ἐν
424 2980 594 3051 ταύτῃ
620 2983 686 3049 τῇ
719 2980 920 3048 συνόδῳ
946 2981 1173 3051 ὡρίσθη,
1197 2980 1599 3043 ἴναέπίσκοπος
1622 2979 1786 3050 χωρὶς

310 3097 326 3127 ι
361 3076 724 3144 ἀπολυτικῆς.
758 3074 833 3144 μὴ
890 3072 1115 3140 πλεύσῃ.
1170 3072 1291 3123 Ἐπὶ
1342 3070 1645 3140 Καισαρίου
1697 3069 1858 3148 καὶρ

306 3187 321 3217 ι
373 3164 644 3228 ’Δττικοῦ,
677 3163 785 3216 τῶν
828 3162 1226 3231 λαμπροτάτων
1261 3160 1505 3222 ὑπάτων,
1562 3162 1627 3229 τῇ
1683 3159 1787 3228 πρὸ

303 3275 318 3308 ι
359 3256 421 3321 ἒξ
447 3254 724 3308 καλανδῶν
769 3251 1001 3304 Ἰουλίων
1031 3253 1088 3303 ἐν
1119 3249 1416 3317 Καρχηδόνι
1445 3249 1607 3317 ἤρεσε
1677 3266 1784 3317 μη.

306 3365 324 3396 ι
360 3346 487 3398 δένα
517 3343 626 3396 τῶν
658 3340 975 3394 ἐπισκόπων
1015 3340 1199 3391 πλέειν
1228 3338 1393 3406 χωρὶς
1452 3336 1784 3404 ἀπολυτικῆς

302 3457 320 3488 ι
366 3437 458 3489 τοῦ
497 3434 890 3504 πρωτεύοντος.
921 3432 998 3483 Τά
1027 3430 1393 3499 πεπραγμένα
1419 3430 1446 3480 ὁ
1501 3427 1678 3496 ζητῶν
1729 3430 1784 3480 ὲν

300 3550 318 3579 t
355 3530 470 3590 τοῖς
494 3526 831 3586 αύθεντικοϊς
858 3524 1102 3594 εὑρήσει.
1142 3541 1160 3573 ι

296 3616 544 3670 ΖΩΝΔΡ.
591 3615 949 3681 Ἀπολυτικὴν
998 3611 1142 3678 λέγει
1192 3610 1289 3680 τὴν
1340 3608 1620 3681 εἰρηνικὴν
1668 3609 1784 3661 ἐπι-

233 3707 457 3773 στολήνο
516 3702 867 3773 πρωτεύοντα
934 3700 989 3752 δὲ
1051 3703 1140 3753 τὸν
1208 3704 1553 3769 πατριάρχην
1610 3700 1644 3768 ἢ
1697 3700 1787 3751 τὸν

233 3775 634 3867 μητροπολίτην
658 3793 758 3862 τῆς
785 3792 1097 3862 διοικήσεως
1119 3807 1130 3819 ·
1165 3791 1342 3843 πλέειν
1369 3791 1424 3842 δέ
1459 3791 1520 3841 τὸ
1563 3791 1783 3843 διαπον-

230 3891 355 3952 τίως
386 3879 752 3960 ἀποδημεῖν.»

239 3999 254 4032 ι
303 3982 400 4034 Ἐκ
439 3982 535 4050 τῆς
566 3980 786 4033 συνόδου
817 3977 1020 4046 ταύτης
1069 3979 1430 4046 τοποτηρηταὶ
1460 3978 1594 4044 πρὸς
1632 3976 1784 4046 βασι-

305 4091 323 4120 a
359 4073 490 4133 λέας
518 4071 1002 4140 ὑπογεγραμμένοι
1027 4069 1316 4118 ἐπίσκοποι
1343 4065 1777 4118 ἀποστέλλονται.

305 4180 322 4210 ι
366 4161 524 4214 Μετά
550 4160 648 4228 τὴν
681 4159 945 4211 ὑπατείαν
974 4159 1083 4209 τῶν
1121 4154 1474 4219 ἐνδοξοτάτων
1520 4155 1784 4223 βασιλέων

305 4251 616 4319 ιὈνωρίου
654 4250 966 4316 Αὐγούστου
1021 4247 1096 4316 τῷ
1152 4247 1414 4314 τετάρτῳ,
1465 4249 1557 4296 καὶ
1614 4247 1786 4298 Εὐτυ-

305 4362 322 4391 ι
362 4339 567 4410 χιανοῦ.
600 4338 693 4390 τοῦ
734 4338 1120 4407 λαμπροτάτου
1143 4339 1207 4405 τῇ
1243 4337 1346 4402 πρὸ
1388 4335 1548 4386 πέντε
1590 4334 1786 4386 καλαν-

306 4455 325 4485 t
360 4432 463 4486 δῶν
503 4431 681 4485 Μαΐου
705 4432 762 4482 ἐν
792 4428 1098 4498 Καρχηδόνι
1131 4429 1209 4481 είς
1256 4427 1318 4478 τὸ
1368 4428 1638 4496 σήκρητον
1687 4426 1786 4494 τῆς
1823 4413 1864 4466 θ

307 4544 324 4575 ι
381 4520 760 4588 Ῥεστιτούτης
791 4520 1107 4588 ἐκκλησίας.
1134 4537 1153 4569 ι

792 4607 1015 4676 Πρᾶξις
1043 4609 1228 4675 τρίτη.

241 4723 258 4752 ‹
308 4705 393 4755 Ἐν
422 4703 599 4774 ταύτῃ
635 4702 700 4772 τῇ
762 4700 968 4767 συνόδῳ
1019 4699 1419 4775 τοποτηρησίαν
1474 4695 1788 4760 ἀνεδέξαντο

309 4817 325 4845 ι
379 4797 680 4861 Ἐπιγόνιος
708 4795 800 4844 καὶ
826 4790 1167 4848 Βικεντιανδς
1216 4789 1265 4840 οί
1322 4789 1610 4840 ἐπίσκοποι
1638 4803 1653 4820 ο
1700 4791 1784 4838 ἴνα

307 4905 323 4934 ι
364 4888 527 4953 νόμου
561 4882 867 4947 ἀξιωθῶσιν
901 4880 1052 4948 παρὰ
1085 4879 1193 4942 τῶν
1233 4876 1588 4939 ἐνδοξοτάτων
1639 4876 1790 4944 βασις

311 4995 326 5025 ι
365 4975 497 5027 λ-ων
527 4974 655 5042 περὶ
707 4971 808 5022 τῶν
841 4969 1293 5037 καταφευγόντων
1336 4969 1416 5027 είς
1472 4965 1784 5034 ἐκκλησίαν,

309 5085 324 5114 ι
361 5068 452 5117 καὶ
539 5063 890 5129 οίαιοδήποτε
973 5057 1446 5126 ἐγκεκυλισμένων
1511 5055 1783 5116 εὐθύναις,

309 5176 326 5206 t
359 5155 496 5206 ὣστε
523 5151 725 5222 μηδένα
754 5148 955 5216 τολμᾷν
986 5146 1179 5207 αὐτοὺς
1207 5140 1482 5214 ἀποσπᾷν.
1501 5143 1588 5193 Ἐν
1617 5141 1786 5209 ταύτῃ

309 5263 326 5292 ι
364 5247 427 5313 τῇ
459 5243 660 5309 συνόδῳ
717 5238 979 5307 πρεσϐεία
1033 5234 1427 5288 ἀποστέλλεται
1481 5233 1614 5303 πρδς
1663 5232 1788 5292 τοὺς

311 5352 324 5381 ι
379 5332 594 5399 Ῥώμης
631 5330 720 5381 καὶ
752 5326 1077 5380 Μεδιολάνου
1127 5324 1454 5385 ἐπισκόπους
1501 5323 1626 5389 περὶ
1679 5324 1786 5372 τῶν

312 5443 328 5472 ι
367 5425 573 5492 νηπίων
608 5421 717 5472 τῶν
769 5418 920 5488 παρὰ
956 5421 1064 5478 τοῖς
1107 5416 1402 5486 αἱρετικοῖς
1464 5410 1789 5481 βαπτισθέν-

308 5535 324 5566 t
365 5529 502 5569 των⁶
539 5516 632 5565 καὶ
684 5511 817 5581 πρὸς
875 5511 964 5561 τὸν
1019 5508 1240 5576 βασιλέα
1287 5507 1342 5557 δὲ
1401 5504 1528 5571 περὶ
1575 5503 1668 5553 τοῦ
1721 5506 1787 5553 τὰ

311 5627 327 5658 ι
366 5605 849 5672 ἐγκαταλείμματα
877 5599 979 5650 τῶν
1011 5597 1244 5649 εἰδώλων
1279 5593 1662 5661 ἀψαιρεθῆναι,
1691 5591 1780 5644 καὶ

309 5714 325 5746 ι
366 5697 486 5764 περὶ
515 5695 690 5748 ἄλλων
727 5692 782 5742 δὲ
822 5689 1085 5740 πλείστων
1134 5689 1522 5754 πραγμάτων.»

465 5797 733 5855 Ριτιιοι.
777 5788 888 5847 Gil.
935 5783 1314 5848 CXXKVlll.

1903 554 2104 610 cultate
2148 552 2303 620 digna
2339 551 2676 620 episcopatus
2721 552 2922 605 honore
2965 551 3146 606 habita
3196 562 3297 614 est,
3341 552 3451 605 sola

1902 655 2022 693 eum
2056 642 2300 695 obtinere
2333 643 2486 697 debet
2513 679 2528 704 ,
2573 657 2678 697 non
2710 641 2812 696 alia
2851 657 3062 710 quoque
3087 642 3322 709 decerpi,
3355 655 3449 695 seu

1901 731 2123 786 distrahi
2166 747 2230 786 ac
2261 732 2458 799 divelli,
2497 742 2552 786 ut
2580 732 2850 800 proprium
2887 733 3082 786 habeat
3114 735 3444 800 episcopum,

1903 820 2002 872 uisi
2034 834 2098 873 eo
2123 820 2216 888 qui
2249 820 2356 874 illic
2382 820 2629 889 praesidet
2659 821 2908 889 episcopo
2933 819 3336 889 comprobante.
3366 820 3445 874 Ad

1901 909 2009 962 haec
2031 909 2303 977 Aurelius,
2345 919 2400 963 ut
2427 925 2614 965 eorum
2649 895 2862 964 animos
2884 911 2974 978 qui
3017 911 3068 963 in
3097 912 3296 979 synodo
3324 913 3447 964 adc-

1899 1004 2040 1057 raut,
2095 994 2161 1048 ad
2211 995 2605 1050 assentiendum
2658 999 2849 1050 idonee
2917 1009 3286 1067 compararet,
3331 1000 3446 1053 Non

1897 1082 2102 1147 dubito,
2140 1086 2233 1151 ait,
2268 1086 2396 1154 quin
2428 1087 2543 1141 haec
2588 1088 2835 1143 omnibus
2868 1090 3191 1156 probentur,
3215 1098 3268 1142 et
3320 1091 3445 1157 quia

1899 1179 2222 1238 pertractata
2269 1176 2419 1236 satis.
2471 1176 2573 1230 hoc
2630 1185 2733 1241 est,
2788 1178 3062 1242 meditata,
3113 1179 3440 1239 examinata,

1896 1261 2138 1328 probata,
2165 1265 2339 1317 omnia
2371 1279 2491 1320 esse
2520 1267 2766 1332 arbitror,
2794 1281 2854 1321 ea
2891 1282 2984 1321 vos
3012 1281 3222 1336 quoque
3266 1279 3444 1322 vestra

1898 1353 2160 1406 sententia
2210 1355 2542 1411 conﬁrtnate.
2587 1355 2720 1410 Tum
2768 1358 2980 1426 reliqui,
3030 1355 3096 1410 Et
3141 1358 3290 1412 nobis
3332 1359 3445 1413 haec

1897 1441 2127 1509 placent,
2173 1454 2228 1499 et
2273 1454 2451 1500 nostra
2499 1449 2734 1502 omnium
2780 1448 3169 1516 subscriptione
3207 1450 3444 1503 lit-tuabi»

1899 1545 2034 1586 mus.

1897 1620 2115 1676 ARIST.
2147 1643 2162 1675 ι
2195 1624 2448 1682 ῡίωοοείε
2466 1628 2510 1681 si
2539 1627 2652 1696 ejus
2677 1630 2764 1697 qui
2795 1639 3104 1698 potestatem
3132 1632 3288 1685 habet
3309 1647 3444 1686 sen—

1975 1732 1993 1764 t
2028 1716 2189 1768 tentia
2211 1719 2480 1786 proprium
2504 1719 2702 1774 habere
2730 1721 3037 1788 episcopum
3078 1720 3440 1790 pennitlatttr,

1975 1821 1993 1853 ι
2030 1804 2262 1872 reliquas
2289 1807 2376 1860 ille
2411 1807 2666 1863 dioeceses
2695 1823 2762 1862 ne
2791 1791 3021 1862 invadat.
3054 1825 3072 1858 ι

1970 1980 2246 2036 Decretum
2265 1993 2368 2046 est,
2396 1992 2586 2052 praeter
2615 1985 2856 2052 primatis
2872 1987 3196 2038 sententiam
3233 1986 3285 2037 in
3313 2001 3443 2038 una-

1895 2081 2103 2135 quaque
2141 2071 2430 2137 provincia,
2463 2074 2728 2128 neminem
2755 2074 3130 2145 episcoporum
3159 2076 3296 2130 ﬁeri.
3338 2075 3441 2129 Sed

1895 2157 2052 2228 593
2091 2175 2186 2213 nec
2229 2160 2282 2213 in
2315 2163 2430 2216 vico
2461 2163 2638 2231 aliquo
2671 2174 2761 2216 aut
2789 2179 2950 2236 parva
2989 2165 3221 2231 civitate,
3255 2166 3306 2219 in
3340 2182 3444 2235 qua

1894 2257 1945 2300 et
1998 2264 2132 2303 unus
2172 2252 2450 2320 presbyter
2490 2252 2737 2316 sufﬁciat,
2791 2257 3046 2310 constitui
3099 2257 3441 2326 episcopum;

1894 2339 1995 2392 nisi
2033 2339 2170 2393 forte
2195 2342 2299 2394 illae
2324 2343 2521 2412 populo.
2540 2345 2870 2400 abundantes
2912 2331 3082 2418 digna:
3115 2347 3442 2414 judicemur,

1893 2446 2008 2496 quae
2035 2433 2376 2487 nominentur
2415 2433 2767 2502 episcopatus.
2805 2433 2862 2488 Si
2909 2436 3088 2504 itaque
3122 2435 3176 2488 in
3213 2436 3445 2504 parmcia

1893 2522 2090 2590 aliqua,
2127 2522 2179 2575 in
2213 2537 2315 2590 qua
2361 2535 2517 2577 antea
2553 2539 2661 2578 non
2707 2522 2808 2577 luit
2835 2525 3135 2593 episcopus,
3191 2540 3287 2594 per
3336 2525 3444 2591 epi-

1892 2614 2035 2682 scopi
2065 2616 2116 2667 in
2145 2628 2210 2668 eo
2241 2623 2555 2684 potestatem
2591 2614 2836 2668 habentis
2873 2615 3188 2668 sententiam
3235 2617 3445 2685 episco-

1891 2719 1990 2772 pus
2015 2706 2127 2760 ﬂeri
2151 2706 2508 2773 permittatur,
2536 2705 2787 2776 populum
2813 2706 3013 2771 solum,
3033 2705 3091 2759 in
3113 2720 3264 2774 quem
3294 2705 3443 2760 ordi-

1893 2808 2048 2851 natus
2077 2795 2196 2860 luit,
2228 2797 2459 2851 retinere
2501 2798 2674 2861 debet,
2709 2813 2812 2852 non
2845 2809 3027 2852 autem
3068 2808 3122 2853 et
3146 2797 3304 2851 aliam
3331 2797 3446 2850 vin-

1893 2888 2070 2940 dicare
2099 2887 2405 2955 parteciam.

1898 2996 1916 3026 ι
1948 2977 2005 3030 1n
2044 2976 2141 3030 hac
2159 2976 2363 3046 synodo
2392 2977 2778 3032 constitutuma
2813 2990 2912 3041 eat,
2939 2986 2996 3031 ut
3033 2979 3312 3048 episcopus
3332 2978 3444 3031 sine

1968 3086 1985 3117 ‹
2024 3068 2342 3121 dimissoriis
2397 3068 2586 3123 litteris
2636 3082 2739 3121 non
2791 3067 3022 3136 naviget.
3102 3068 3214 3123 Sub
3261 3069 3444 3123 Caesa-

1973 3177 1989 3208 σ
2031 3158 2111 3211 rio
2159 3165 2211 3210 et
2256 3157 2450 3220 Attico,
2497 3156 2865 3210 illustrissimis
2905 3155 3232 3220 consulibus,
3292 3167 3443 3211 sexu.

1970 3269 1986 3300 ι
2031 3247 2281 3303 calendas
2324 3246 2516 3312 Julias,
2547 3245 2854 3313 Carthagini
2897 3247 3117 3314 placuit,
3168 3255 3225 3299 ut
3267 3245 3444 3297 nullus

1969 3361 1986 3392 ι
2023 3340 2308 3408 episcopus
2336 3338 2448 3393 sine
2483 3335 2726 3404 primatis
2748 3335 3064 3389 dimissoriis
3085 3334 3322 3400 epistolis
3352 3347 3445 3383 nu-

1969 3451 1985 3483 t
2028 3434 2183 3499 viget.
2230 3429 2330 3494 Qui
2389 3437 2507 3481 acta
2535 3426 2743 3494 qumrlt,
2815 3426 2865 3476 in
2918 3422 3244 3477 authenticis
3295 3423 3444 3476 inve-

1967 3541 1984 3572 t
2036 3523 2166 3576 niet.
2215 3539 2234 3572 ι

1973 3611 2221 3665 ZONAR.
2256 3610 2582 3664 Dimissoriae
2612 3610 2826 3664 nomine
2849 3610 3121 3677 paciﬁcam
3144 3608 3441 3675 epistolam,

1894 3702 2136 3772 primatis
2171 3715 2295 3755 vero
2325 3700 2678 3769 appellatione
2718 3698 3076 3766 patriarcham
3106 3707 3198 3748 aut
3241 3705 3440 3748 metro-

1892 3793 2186 3859 politanum
2226 3789 2488 3855 intelligit.
2529 3786 2788 3854 Navigare
2832 3800 2992 3855 porro
3043 3795 3124 3839 est
3152 3787 3440 3854 'utaritituu

1892 3887 2084 3938 itinere
2115 3885 2169 3935 iu
2203 3881 2333 3934 alias
2365 3894 2486 3933 oras
2518 3877 2863 3948 peregrinari.

1901 3998 1917 4028 ι
1955 3979 2029 4031 Ex
2067 3976 2168 4028 hac
2209 3974 2410 4043 synodo
2466 3972 2620 4039 legati
2655 3973 2719 4023 ad
2763 3971 3130 4039 imperatores,
3163 3968 3445 4034 subscripti

1968 4084 1986 4117 ‹
2030 4066 2260 4134 episcopi
2308 4063 2609 4115 mittuntur.
2653 4060 2780 4114 Post
2811 4061 3141 4112 consulatum
3177 4055 3449 4126 gloriosis.

1971 4178 1987 4209 ‹
2026 4159 2280 4211 simorum
2315 4155 2713 4221 imperatorum,
2763 4149 2981 4203 llonorii
3012 4149 3235 4216 Augusti
3272 4148 3448 4215 quarti

1973 4267 1989 4298 ι
2027 4258 2080 4301 et
2115 4242 2430 4313 Eutychiaui
2458 4239 2521 4295 V.
2547 4241 2606 4296 Ο.
2633 4241 2817 4309 quinto
2838 4240 3087 4293 calendas
3133 4237 3299 4293 Maias
3322 4239 3451 4292 Car-

1975 4356 1992 4389 ‹
2035 4337 2245 4406 thagine
2275 4337 2327 4388 in
2355 4341 2566 4390 secreto
2599 4330 2876 4388 Restitutae
2905 4330 3161 4386 ecclesiae.
3204 4348 3218 4377 ›

2499 4584 2647 4638 Actio
2676 4582 2848 4637 tertia.

1895 4719 1910 4750 σ
1951 4699 2005 4752 ln
2047 4699 2148 4752 hae
2174 4698 2374 4767 synodo
2411 4695 2727 4763 legationem
2779 4700 3130 4761 susceperunt
3163 4691 3453 4762 Epigouius

1968 4810 1982 4839 ι
2023 4801 2076 4845 et
2131 4787 2518 4844 Vincentiauus
2571 4785 2805 4854 episc0pi
2870 4794 2927 4836 ut
2973 4784 3142 4851 legem
3194 4784 3332 4836 ferre
3374 4782 3455 4834 di-

1969 4903 1985 4934 ‹
2023 4890 2248 4952 gnentur
2295 4877 2664 4946 gloriosissimi
2721 4877 3073 4945 imperatores
3107 4875 3173 4929 de
3231 4874 3319 4939 iis,
3361 4879 3452 4943 qui

1968 4996 1984 5024 ι
2025 4977 2089 5027 ad
2111 4972 2396 5027 ecclesiam
2423 4969 2795 5036 confugerunt,
2823 4975 2875 5022 et
2903 4967 3309 5036 quibuscunque
3343 4969 3452 5017 cri-

1966 5083 1984 5114 t
2037 5061 2516 5126 minibus_involuti
2553 5068 2820 5120 tenentur,
2865 5068 2920 5112 ut
2970 5071 3123 5111 nemo
3166 5057 3333 5124 possit
3363 5069 3453 5106 eos

1969 5174 1984 5203 ‹
2025 5153 2271 5206 avellere.
2304 5151 2360 5204 In
2408 5152 2504 5203 bac
2530 5149 2733 5218 synodo
2776 5147 2968 5215 legatio
2996 5148 3224 5201 mittitur
3255 5147 3320 5200 ad
3343 5144 3452 5197 llo-

1968 5266 1982 5294 ι
2023 5258 2236 5296 manum
2261 5252 2312 5296 ct
2347 5240 2794 5294 Mediolauensem
2823 5238 3103 5306 episcOpos
3146 5239 3213 5290 de
3245 5237 3298 5288 in
3335 5235 3453 5288 lau-

1966 5353 1982 5384 ι
2025 5335 2164 5386 tibus
2209 5332 2298 5400 qui
2342 5333 2410 5385 ab
2464 5328 2728 5384 ha-reticis
2776 5328 3030 5396 baptizati
3085 5335 3211 5379 sunt
3252 5342 3265 5380 :
3324 5324 3452 5391 quin

1967 5445 1983 5476 ι
2024 5427 2183 5480 etiam
2231 5427 2296 5478 ad
2357 5424 2757 5493 imperatorem,
2812 5431 2871 5473 ut
2903 5419 3166 5474 idolorum
3219 5418 3455 5485 reliquae

1966 5537 1981 5567 ι
2026 5520 2402 5572 auferanturct
2430 5517 2492 5569 dc
2512 5512 2755 5584 plurimis
2775 5513 2893 5567 aliis
2929 5511 3110 5566 rebus.
3147 5527 3168 5560 ι

3101 5758 3134 5816 8
