4000 6460
492 340 595 398 935

1744 330 2000 390 TIIEOD
2062 331 2461 393 BALSAMO‘I

3616 345 3728 411 235

511 479 527 509 ι
567 457 695 511 Post
746 458 1075 505 consulatum
1126 448 1291 502 Flavii
1336 445 1647 501 Stilichonis
1693 445 2060 510 illustrissimi,

2228 442 2381 497 Μετά
2432 446 2530 511 την
2588 441 2854 494 ὑπατείαν
2926 440 3157 493 Φλαϐίου
3241 441 3567 511 Στελίχωνος
3632 442 3734 495 τοῦ

583 565 601 598 ι
641 545 848 599 decimo
890 548 1039 594 sexto
1080 538 1325 597 calendas
1354 536 1522 591 Julias
1548 534 1871 604 Carthagine
1893 532 1945 587 in
1978 547 2061 585 se-

581 653 599 685 ‹
639 643 785 688 creto
816 629 1095 684 Restitute
1117 628 1378 691 ecclesiae,
1412 624 1703 694 praesidens
1732 621 1891 677 simul
1940 636 2059 675 cum

581 744 597 775 ι
638 722 752 777 suis
771 720 1124 789 coepiscopis,
1156 717 1533 772 assistentibus
1584 712 1846 777 diaconis,
1896 714 2063 766 Aure-

581 835 597 866 ι
643 816 749 869 lius
778 814 1064 881 episcopus
1088 811 1223 865 dixit
1252 828 1263 862 :
1296 806 1661 862 Ecclesiarum
1708 804 1824 869 Dei,
1856 818 1975 872 qua:
2008 802 2061 855 in

583 924 599 955 ι
635 914 744 957 tota
767 903 1019 957 Afrorum
1047 899 1264 968 regione
1286 899 1400 952 sita:
1419 903 1565 958 sunt,
1586 894 1937 948 necessitates
1960 905 2062 943 una

581 1015 598 1045 ι
632 1008 838 1049 mecum
871 991 1105 1061 perfecte
1137 990 1238 1043 scit
1262 998 1433 1043 vestra
1460 986 1696 1049 dilectio,
1728 980 2062 1038 sanctissimi

580 1105 598 1137 ι
637 1086 829 1139 fratres
857 1102 871 1138 :
902 1094 955 1137 et
978 1084 1101 1151 quia
1128 1081 1383 1135 Dominus
1407 1078 1670 1149 praestitit,
1695 1086 1750 1130 ut
1778 1076 1963 1130 saltem
1999 1088 2064 1127 ex

581 1193 599 1226 t
641 1182 792 1242 parte
814 1180 1131 1241 congregata
1154 1169 1224 1223 sit
1249 1167 1529 1237 presentia
1552 1165 1718 1221 sancti
1758 1164 1920 1218 vestri
1942 1176 2065 1215 con-

581 1281 597 1314 t
643 1272 853 1325 ventus,
874 1260 1002 1314 mihi
1020 1268 1377 1328 Opportunum
1413 1255 1631 1310 videtur
1653 1253 1887 1316 easdem,
1914 1261 1969 1304 ut
1988 1249 2064 1303 di-

582 1374 597 1403 ι
636 1364 778 1407 ctum
808 1362 912 1415 est,
947 1351 1290 1404 necessitates
1322 1350 1373 1401 in
1421 1347 1652 1401 medium
1698 1343 1909 1407 afferre,
1934 1355 2065 1408 quas

578 1458 598 1493 ι
639 1444 855 1509 propria
882 1440 1242 1495 sollicitudine
1262 1438 1589 1505 investigare
1608 1435 1753 1504 potui
1774 1447 1933 1503 ;quas
1950 1432 2067 1499 qui-

580 1552 597 1583 t
643 1532 763 1586 dem
790 1531 1006 1598 quando
1042 1538 1216 1583 vestra
1243 1527 1580 1582 confirmabit
1607 1526 1909 1587 sinceritas,
1937 1536 2064 1575 con-

579 1643 596 1674 ‹
632 1637 859 1691 sequens
886 1621 1011 1686 erit,
1056 1629 1115 1673 ut
1158 1634 1323 1672 unum
1369 1618 1709 1672 sacerdotum
1759 1630 1823 1669 ex
1881 1622 2066 1667 nostro

580 1736 597 1766 ι
638 1728 858 1768 numero
895 1712 1247 1776 declaremus,
1270 1709 1361 1780 qui
1399 1709 1492 1763 Dei
1524 1707 1722 1761 auxilio
1744 1706 1899 1760 debet
1942 1719 2068 1774 pro-

590 1825 606 1855 ι
646 1818 761 1873 pter
794 1813 999 1858 vestras
1039 1815 1223 1871 preces
1263 1799 1475 1854 easdem
1503 1797 1849 1852 necessitates
1896 1793 2068 1848 susci-
2095 1769 2141 1828 Β

580 1916 596 1949 t
637 1911 783 1968 pere,
815 1907 868 1950 et
899 1894 1110 1950 fortiter
1138 1891 1442 1962 peragendo
1470 1890 1677 1945 deferre
1712 1888 1765 1941 in
1802 1898 2068 1939 transma-

581 2010 596 2040 ι
645 1990 794 2044 rinas
841 1987 1005 2043 Italiae
1048 1994 1265 2056 partes;
1307 1984 1395 2051 qui
1453 1982 1591 2036 hanc
1643 1979 2020 2033 necessitatem
2048 2015 2062 2039 ,

574 2101 599 2131 -ι
635 2082 871 2136 laborem
893 2091 947 2135 et
975 2080 1208 2147 inopiam
1242 2077 1410 2146 possit
1434 2074 1792 2130 sanctissimis
1811 2083 1865 2128 et
1886 2087 2069 2128 sacro-

581 2191 595 2222 ι
634 2185 749 2225 rum
788 2170 1174 2225 comministris
1202 2168 1462 2221 fratribus
1497 2167 1696 2220 nostris
1747 2163 2065 2227 ostendere;

582 2282 600 2313 ι
638 2260 833 2332 partim
884 2259 1099 2330 quidem
1142 2259 1449 2313 venerando
1508 2266 1697 2312 sancto
1763 2256 2069 2324 apostolicae

583 2372 601 2405 I
647 2352 915 2408 cathedrae
939 2351 1190 2421 episcopo
1228 2349 1545 2413 Anastasio;
1581 2349 1776 2416 partim
1810 2357 1988 2401 autem
2014 2354 2069 2400 et

584 2466 602 2495 ι
652 2444 994 2500 sanctissimo
1048 2440 1201 2495 fratri
1234 2440 1459 2494 Venerio
1504 2438 1768 2493 sacerd0ti
1827 2437 2071 2491 ecclesia:

580 2557 601 2588 ι
638 2534 1072 2592 Mediolanensis.
1106 2532 1186 2587 Ab
1218 2532 1285 2586 iis
1308 2532 1452 2586 enim
1501 2529 1709 2584 tbronis
1740 2528 2067 2598 prohibitum

584 2648 603 2680 ι
650 2629 842 2691 fuerat,
906 2634 1050 2696 quod
1118 2622 1393 2677 communi
1462 2620 1700 2690 periculo
1745 2631 2071 2689 magnopere

587 2738 603 2768 ι
648 2716 1061 2786 providendum,
1083 2712 1206 2781 quia
1234 2718 1381 2764 tanta
1411 2718 1492 2778 est
1519 2709 1836 2763 clericorum
1867 2707 2068 2776 inopia,

586 2823 603 2855 ι
640 2814 695 2859 et
721 2804 901 2859 multa
929 2801 1169 2858 ecclesiae
1202 2799 1335 2853 adeo
1372 2805 1497 2850 sunt
1524 2797 1772 2862 desertae,
1805 2805 1862 2850 ut
1894 2796 2071 2850 nullus

590 2917 605 2948 ι
639 2896 809 2966 possit
837 2896 1097 2951 diaconus
1120 2893 1203 2948 vel
1234 2893 1539 2947 illitteratus
1568 2889 1815 2944 inveniri.
1852 2889 1926 2942 De
1947 2888 2071 2941 reli-

599 3007 614 3035 ι
654 2986 774 3055 quis
805 2994 981 3040 autem
1015 2983 1382 3053 superioribus
1420 2981 1701 3035 ordinibus
1729 2989 1783 3033 et
1816 2979 2072 3049 gradibus

585 3100 603 3129 ι
642 3078 923 3131 tacendum
974 3088 1093 3129 esse
1129 3074 1399 3128 existimo.
1443 3069 1578 3125 Nam
1622 3086 1768 3136 cum,
1826 3079 1885 3125 ut
1940 3071 2068 3137 dixi,
2100 3091 2142 3150 α

572 3187 601 3219 τι
644 3167 853 3221 diaconi
891 3164 1250 3219 ministerium
1292 3177 1397 3216 non
1442 3160 1600 3217 facile
1648 3160 1976 3226 inveniatur,
2007 3160 2076 3215 de

586 3279 617 3308 ιι
656 3256 1025 3327 superioribus
1070 3254 1366 3309 honoribus
1401 3252 1569 3306 multo
1602 3262 1685 3305 est
1710 3253 1966 3320 apertius.
2012 3253 2077 3306 Et

602 3370 617 3399 ι
652 3348 990 3418 quotidianas
1052 3345 1383 3400 diversorum
1437 3329 1505 3397 et.
1546 3342 1657 3397 fere
1700 3344 2073 3398 emorientium

614 3460 629 3490 ι
670 3438 985 3508 populorum
1020 3436 1429 3489 lamentationes
1464 3435 1711 3501 deinceps
1734 3448 1842 3488 non
1869 3433 2077 3487 sufferi-

581 3552 607 3580 .t
668 3542 786 3583 mus
840 3546 853 3581 :
915 3526 1109 3595 quibus
1169 3525 1272 3579 nisi
1325 3525 1582 3577 auxilium
1631 3524 1773 3579 ferre
1829 3524 2074 3589 velimus,

593 3642 609 3670 ι
648 3618 811 3689 595
836 3617 1213 3689 gravissimum
1241 3624 1297 3671 et
1317 3616 1680 3670 inexcusabile
1705 3626 1923 3684 pr0pter
1954 3630 2077 3685 pero

596 3730 617 3761 ι
658 3712 797 3766 ditas
824 3709 1033 3765 animas
1061 3706 1311 3763 delictum
1333 3721 1431 3762 nos
1458 3708 1595 3776 apud
1636 3705 1803 3761 Deum
1828 3708 2072 3776 excipit.»

581 4338 784 4393 BALS.
816 4336 1073 4393 Prasenti
1118 4339 1320 4406 scripto
1357 4339 1469 4393 vnlt
1498 4340 1747 4394 Aurelius
1791 4340 2075 4396 certiorem

2240 555 2258 586 ι
2295 536 2787 604 λαμπροτάτου,τῇ
2818 533 2921 604 πρὸ
2955 533 3150 599 δεκαέξ
3183 534 3464 589 καλανδῶν
3497 534 3737 590 Ἰουλίων

2238 645 2255 676 ι
2298 630 2356 679 ἐν
2385 625 2697 695 Καρχηδόνι
2728 627 2807 688 είς
2836 625 2895 677 τὸ
2918 626 3195 696 σήκρητον
3220 626 3322 696 τῆς
3356 626 3735 697 Ῥεστιτούτης

2237 735 2255 769 ι
2295 718 2590 787 ἐκκλησίας
2618 718 2957 787 προκαθίσας
3001 718 3119 787 ἅμα
3150 720 3266 781 τοῖς
3303 718 3735 781 συνεπισκόποις

2242 829 2259 861 ι
2302 810 2491 875 αὑτοῦ,
2551 808 2920 881 παρεστώτων
2959 809 3066 863 τῶν
3122 810 3413 876 διακόνων,
3454 810 3737 880 Αὐρήλιος

2239 920 2257 952 ι
2297 902 2593 963 ἐπίσκοπος
2634 898 2815 954 εἶπεν·
2877 899 2998 954 Τῶν
3054 900 3365 971 ἐκκλησιῶν
3421 900 3519 954 τοῦ
3570 901 3736 966 Θεοῦ,

2240 1012 2257 1043 ι
2293 992 2400 1045 τῶν
2422 992 2529 1046 ἀνά
2558 992 2739 1046 πᾶσαν
2765 992 2861 1063 τὴν
2890 992 2998 1045 τῶν
3021 993 3245 1061 Ἀφρων
3275 990 3458 1063 χώραν
3478 992 3725 1063 καθιδρυι

2240 1097 2259 1130 ι
2298 1080 2496 1148 μένων,
2526 1079 2626 1141 τὰς
2660 1080 2908 1146 ἀνάγκας
2940 1080 3184 1150 ἀκριϐῶς
3212 1082 3326 1149 ἅμα
3355 1082 3481 1151 ἐμοὶ
3509 1082 3741 1136 ἐπίστα-

2243 1186 2260 1219 t
2297 1186 2384 1221 ται
2410 1171 2441 1237 ή
2471 1169 2715 1239 ὑμετέρα
2746 1170 2955 1241 ἀγάπη,
2984 1171 3279 1238 ἁγιώτατοι
3331 1172 3551 1242 ἀδελφοί
3589 1188 3603 1203 ⁸
3644 1174 3738 1226 καὶ

2250 1278 2267 1310 t
2304 1260 2492 1329 ἐπειδὴ
2539 1260 2632 1313 τοῦ
2662 1263 2868 1331 Κυρίου
2922 1264 3253 1332 παρέχοντος
3305 1264 3411 1316 κᾶν
3463 1266 3521 1315 ἐν
3580 1263 3740 1333 μέρε⁹

2245 1368 2262 1400 ι
2310 1350 2549 1420 συνήχθη
2586 1352 2618 1417 ἡ
2651 1352 2924 1419 παρουσία
2945 1353 3042 1423 τῆς
3078 1352 3232 1416 ὁσίας
3273 1353 3430 1423 ὑμῶν
3477 1352 3745 1407 συνελεύ-

2247 1458 2266 1490 ι
2307 1457 2465 1505 σεως,
2499 1442 2644 1494 δοκεῖ
2675 1458 2762 1511 μοι
2792 1445 2871 1506 είς
2910 1444 3073 1513 μέσον
3108 1445 3490 1513 παρακομίσαι
3514 1444 3614 1506 τάς
3646 1444 3745 1495 αὐ-

2247 1547 2264 1579 t
2302 1530 2421 1593 τὰς,
2453 1530 2527 1592 ὡς
2551 1531 2787 1599 εἴρηται,
2815 1533 3083 1599 ἀνάγκας,
3123 1534 3303 1603 ἇσπερ
3338 1534 3519 1604 οίκείᾳ
3579 1540 3743 1603 φρονο

2245 1639 2264 1672 ι
2304 1620 2407 1673 τίδι
2446 1623 2709 1693 ἠδυνήθην
2737 1624 3073 1695 ἀνιχνεῦσαι·
3108 1627 3330 1689 ἅστινας
3360 1626 3523 1696 ήνίκα
3546 1628 3745 1679 ἐπικυ-

2246 1732 2263 1766 ι
2306 1711 2457 1786 ρώσῃ
2486 1716 2518 1785 ἡ
2556 1716 2799 1787 ὑμετέρα
2829 1718 3216 1787 είλικρινότης,
3253 1718 3547 1770 ἀκόλουθον
3582 1717 3748 1770 ἔσται

2244 1823 2261 1855 ι
2297 1804 2685 1869 ἀποδείξασθαι
2716 1808 2812 1861 ἕνα
2845 1809 2994 1879 ἱερέα
3028 1810 3090 1861 ἐκ
3107 1809 3198 1861 τοῦ
3250 1810 3520 1880 ἡμετέρου
3583 1810 3751 1879 ἀριθ-

2246 1913 2263 1945 ι
2304 1894 2429 1965 μοῦ,
2454 1897 2545 1948 τὸν
2579 1897 2862 1965 ὀφείλοντα
2896 1903 2963 1971 τῇ
2988 1899 3081 1953 τοῦ
3115 1902 3321 1971 Κυρίου
3387 1901 3612 1970 βοηθείᾳ
3641 1900 3737 1953 διά

2246 2004 2263 2036 ι
2300 1985 2408 2038 τῶν
2441 1986 2616 2056 εὐχῶν
2641 1988 2793 2056 ὑμῶν
2819 1989 3023 2053 ταύτας
3049 1992 3223 2054 αὐτὰς
3267 1992 3515 2059 ἀνάγκας
3546 1990 3748 2043 ἀναδέ-

2245 2094 2261 2126 ι
2310 2074 2526 2141 ξασθαι,
2564 2079 2659 2129 καὶ
2707 2078 2972 2147 ἀνδρείως
3022 2080 3353 2145 ἐξανυστέας
3402 2078 3749 2148 ἀποκομίσαι

2245 2185 2263 2216 ι
2301 2167 2438 2235 πρὸς
2474 2168 2541 2219 τά
2569 2169 2933 2237 πραγματικά
2962 2171 3061 2237 τῆς
3106 2170 3337 2233 Ἰταλίας
3391 2172 3533 2241 μέρη
3594 2171 3748 2232 ὅστις

2248 2278 2265 2308 t
2303 2258 2505 2329 δυνηθῇ
2535 2260 2710 2329 αὑτήν
2741 2277 2801 2313 τε
2837 2260 2935 2332 τὴν
2992 2261 3240 2330 ἀνάγκην
3281 2263 3376 2315 καὶ
3432 2263 3524 2315 τὸν
3577 2263 3748 2315 πόνον

2245 2368 2263 2400 ‹
2302 2351 2397 2403 καὶ
2423 2350 2520 2421 τὴν
2549 2349 2759 2403 ἔνδειαν
2791 2351 2948 2421 ὑμῶν
2977 2354 3327 2424 παραστῆσαι
3352 2357 3464 2415 τοῖς
3501 2352 3749 2421 ἀγιωτά-

2244 2458 2261 2492 ι
2300 2456 2413 2504 τοις
2445 2442 2692 2511 ἀδελφοῖς
2726 2446 2820 2495 καὶ
2878 2443 3318 2514 συλλειτουργοίς
3342 2445 3502 2515 ἡμῶν
3528 2461 3541 2474 ·
3585 2445 3749 2498 τοῦτο

2246 2549 2263 2583 ι
2302 2532 2402 2601 μὲν
2454 2532 2792 2603 Ἀναστασίῳ
2865 2533 2944 2605 τῷ
2996 2533 3362 2605 προσκυνητῷ
3433 2534 3579 2604 ἀγίῳ
3645 2535 3749 2603 τῆς

2249 2640 2266 2673 ι
2309 2626 2682 2695 ἀποστολικῆς
2728 2625 3001 2697 καθέδρας
3059 2628 3391 2696 ἐπισκόπῳ·
3448 2627 3609 2679 τοῦτο
3686 2627 3748 2678 δὲ

2246 2706 2265 2765 ἑ
2302 2715 2383 2768 ἐτι
2418 2716 2524 2785 μὴν
2558 2719 2651 2769 καὶ
2682 2716 2760 2786 τῷ
2805 2716 3097 2786 ἁγιωτάτῳ
3148 2716 3365 2787 ἀδελφῷ
3393 2716 3634 2786 Βενερίῳ
3663 2716 3746 2783 τῷ

2249 2824 2267 2856 ι
2311 2806 2447 2874 ίερεῐ
2470 2806 2568 2875 τῆς
2590 2807 2937 2860 Μεδιολάνων
2995 2807 3312 2877 ἐκκλησίας.
3386 2808 3481 2860 Ἐκ
3536 2806 3750 2861 τούτων

2248 2911 2266 2944 ι
2303 2895 2412 2964 γάρ
2441 2895 2549 2947 τῶν
2579 2895 2783 2965 θρόνων
2816 2896 3089 2967 ἐκωλύθη,
3143 2898 3280 2968 ὅπερ
3343 2899 3620 2967 ἐπιγνοῖεν
3686 2900 3749 2950 ἐν

2248 3002 2267 3036 ι
2308 2984 2471 3056 κοινῷ
2511 2985 2741 3057 κινδύνῳ
2774 2988 3028 3056 μεγάλως
3057 2989 3297 3057 ὀφείλειν
3350 2989 3745 3061 προνοηθῆναι*

2254 3093 2273 3126 ι
2305 3075 2387 3129 δτι
2415 3076 2650 3145 τοσαύτη
2678 3079 2793 3130 ἐστὶ
2827 3078 3108 3149 κληρικῶν
3136 3080 3336 3145 ἔνδεια,
3396 3080 3491 3132 καὶ
3549 3079 3752 3134 πολλαὶ

2253 3182 2271 3215 ι
2306 3165 2593 3235 ἐκκλησίαι
2624 3165 2793 3231 οὕτως
2818 3168 3158 3241 ὑπάρχουσιν
3184 3168 3402 3240 ἔρημοι,
3437 3170 3513 3231 ῶς
3541 3170 3754 3239 μηδένα

2251 3274 2269 3305 ι
2307 3255 2554 3309 διάκονον
2593 3258 2698 3309 κᾶν
2749 3259 3115 3328 ἀγράμματον
3166 3261 3313 3328 ἔχειν
3370 3261 3751 3331 εὑρίσκεσθαι.

2252 3360 2271 3393 ι
2312 3345 2443 3413 Περὶ
2472 3345 2529 3397 δέ
2551 3345 2659 3397 τῶν
2681 3345 2882 3397 λοιπῶν
2906 3348 3192 3417 ἀνωτέρων
3227 3348 3453 3417 βαθμῶν
3500 3349 3596 3402 καὶ
3648 3349 3753 3402 τά-

2254 3450 2270 3483 t
2308 3432 2443 3497 εεων
2520 3434 2827 3502 σιωπητέον
2894 3436 3289 3504 ὑπολαμϐάνω.
3366 3436 3612 3507 Ἐπειδὴ,
3674 3437 3754 3499 ὡς

2252 3540 2269 3570 t
2310 3517 2485 3586 εἷπον,
2518 3524 2611 3576 ἐάν
2642 3526 2673 3593 ἡ
2702 3523 2797 3577 τοῦ
2828 3525 3077 3578 διακόνου
3135 3527 3410 3598 ὑπουργία
3457 3528 3559 3579 οὐκ
3589 3529 3755 3598 εὐχε-

2262 3632 2279 3664 ι
2320 3614 2427 3683 ρῶς
2459 3614 2807 3683 εὑρίσκηται,
2838 3614 3020 3685 πολλῷ
3052 3616 3215 3669 πλέον
3256 3619 3387 3687 περὶ
3438 3618 3549 3671 τῶν
3605 3619 3753 3671 ἀνω-

2255 3725 2273 3757 ι
2308 3706 2489 3775 τέρων
2549 3706 2728 3775 τιμῶν
2783 3706 3086 3775 κατάδηλον
3151 3709 3408 3779 ὑπάρχει.
3466 3711 3577 3763 Καὶ
3623 3712 3752 3772 τοὺς

2255 3814 2275 3845 ι
2315 3795 2719 3864 καθημερινοὺς
2753 3797 2985 3866 θρήνους
3013 3797 3121 3851 τῶν
3175 3799 3449 3870 διαφόρων
3502 3802 3596 3853 καὶ
3629 3810 3755 3870 σχε·

2260 3902 2279 3935 ι
2312 3884 2399 3936 δὸν
2432 3884 2889 3954 ἀποθνησκόντων
2922 3887 3067 3940 λαῶν
3108 3888 3202 3941 τοῦ
3253 3890 3442 3942 λοιποῦ
3483 3891 3583 3961 οὐχ
3618 3892 3753 3945 ὑπο-

2257 3992 2276 4025 ι
2318 3975 2562 4045 φέρομεν
2584 3990 2598 4006 ·
2629 3971 2713 4038 οἷς
2739 3980 2787 4028 εί
2814 3978 3085 4047 μηδέποτε
3119 3979 3436 4050 θελήσωμεν
3457 3980 3750 4053 βοηθῆσαι,

2251 4083 2273 4116 ἰ
2323 4064 2596 4134 βαρυτάτη
2636 4065 2731 4117 καὶ
2783 4067 3189 4137 ἀναπολόγητος
3237 4070 3388 4122 αίτία
3430 4070 3540 4123 τῶν
3580 4072 3755 4125 ἀπολ-

2255 4175 2273 4207 ι
2314 4156 2565 4225 λυμένιυν
2628 4156 2815 4227 ψυχῶν
2894 4158 3175 4229 ἐκδέχεται
3238 4162 3388 4231 ἡμᾶς
3458 4165 3613 4234 παρά
3673 4166 3754 4235 τῷ

2254 4266 2272 4297 ι
2316 4246 2452 4316 Θεῷ.
2480 4266 2505 4299 ο

2250 4336 2444 4394 ΒΑΛΣ.
2478 4338 2576 4390 Διά
2606 4339 2706 4407 τῆς
2750 4341 3031 4411 παρούσης
3061 4344 3282 4413 γραφῆς
3340 4345 3484 4410 ἀξιοῖ
3510 4348 3539 4400 ό
3562 4346 3752 4419 Δὺρή-
3834 4364 3849 4383 κ

518 4427 629 4483 fieri
653 4442 841 4498 papam
862 4435 913 4481 et
936 4405 1382 4481 Mediolanensem
1407 4428 1740 4497 episc0pum,
1759 4432 1897 4498 quod
1916 4432 1990 4484 Af
1991 4446 2076 4485 ro-

2228 4443 2294 4491 ιος
2320 4427 2538 4498 δοθῆναι
2564 4405 2769 4500 εἴδησιν
2800 4405 2877 4501 τῷ
2910 4405 3115 4504 “an;
3137 4405 3339 4503 κᾷτ’ὲῷ
3373 4405 3750 4503 Μεδιολάνιυν,

514 4534 632 4573 rum
682 4518 929 4587 regiones
969 4532 1095 4571 sunt
1127 4517 1181 4570 in
1226 4532 1445 4586 magnas
1492 4520 1768 4586 angustias
1812 4522 2071 4589 adductae,

515 4625 625 4665 non
655 4611 825 4665 solum
868 4608 1210 4664 sacerdotum
1243 4617 1297 4662 et
1336 4610 1732 4679 episc0porum,
1776 4616 1867 4667 sed
1912 4616 2071 4668 etiam

514 4703 747 4769 ipsorum
791 4699 1175 4765 diaconorum;
1228 4706 1284 4753 et
1332 4710 1387 4751 ut
1433 4709 1624 4754 curent
1668 4703 1900 4771 aliquam
1958 4704 2073 4758 fieri

513 4793 964 4861 dispensationem
1009 4805 1104 4844 seu
1150 4792 1508 4860 provisionem
1564 4794 1616 4845 in
1650 4793 2072 4848 Christianorum

515 4882 797 4934 auxilium.

584 4972 831 5025 ZONAB.
860 4970 990 5037 Qua:
1038 4972 1310 5039 superiore
1356 4966 1686 5026 oratiuncula
1733 4972 2075 5026 continentur

518 5060 633 5113 haec
666 5071 792 5113 sunt
821 5076 834 5113 :
868 5058 1068 5123 Nostis,
1094 5060 1307 5125 fratres,
1342 5058 1539 5131 [inquit
1578 5061 1853 5130 Aurelius]
1881 5064 2075 5129 quibus

516 5151 777 5205 malorum
834 5153 1215 5221 asperitatibus
1276 5169 1462 5207 omnes
1513 5153 1777 5207 Africanae
1836 5156 2075 5209 ecclesia:

516 5240 906 5295 conﬂictentur.
941 5243 1003 5294 Et
1038 5243 1291 5309 quoniam
1312 5244 1355 5297 si
1390 5246 1565 5297 :ninus
1599 5247 1857 5309 universi,
1898 5247 2076 5313 plures

519 5341 662 5385 certe
702 5331 765 5383 ad
809 5333 1077 5399 synodum
1111 5334 1497 5399 convenimus},
1534 5351 1667 5402 quas
1713 5353 1811 5405 ego
1862 5340 2073 5406 qiiiitem

518 5421 850 5473 difﬁcultates
902 5422 1163 5476 sollicitus
1220 5424 1553 5493 investigavi,
1601 5428 1705 5479 hoc
1753 5438 1854 5492 est,
1913 5432 2075 5482 multa

516 5525 645 5563 cura
677 5526 739 5565 ac
767 5512 1042 5580 diligentia
1071 5513 1312 5566 adhibita
1341 5517 1663 5584 conquisivi,
1697 5532 1786 5573 eas
1821 5522 1918 5574 hoc
1946 5534 2076 5575 teni-

523 5615 647 5668 pore
680 5604 732 5653 in
766 5601 993 5654 medium
1031 5603 1273 5671 proferre
1315 5606 1593 5662 constitui.
1647 5608 1931 5678 Reliquum
1977 5614 2077 5665 erit

517 5691 731 5756 deinde,
784 5700 839 5744 ut
877 5692 1105 5765 aliquem
1142 5707 1203 5747 ex
1242 5702 1425 5750 nostro
1469 5713 1689 5754 numero
1719 5700 1997 5769 delegatis,
2043 5722 2069 5758 a

2182 4521 2263 4573 ὅτι
2316 4526 2685 4592 στενοχωρίαν
2743 4525 2989 4594 μεγάλην
3043 4525 3261 4595 ἔχουσιν
3312 4529 3369 4581 αί
3426 4530 3605 4599 χῶραι
3645 4533 3755 4584 τῶν

2187 4614 2411 4682 Ἀφρων
2446 4614 2519 4682 μὴ
2566 4614 2726 4682 μόνον
2769 4615 2960 4685 ἱερέων
2989 4619 3084 4669 καὶ
3117 4620 3460 4683 ἐπισκόπων,
3495 4623 3637 4675 ἀλλά
3660 4626 3750 4676 καὶ

2184 4702 2363 4753 αὐτῶν
2389 4701 2497 4753 τῶν
2527 4702 2812 4768 διακόνων,
2843 4705 2938 4756 καὶ
2975 4708 3263 4775 φροντίσαι
3304 4712 3560 4777 γενέσθαι
3612 4718 3749 4769 οἰκο-

2182 4794 2379 4860 νομίαν
2404 4797 2481 4855 εἰς
2514 4792 2770 4863 βοήθειαν
2812 4794 2921 4849 τῶν
2952 4796 3322 4866 Χριστιανῶν.

2253 4975 2497 5028 ΖΩΝΑΡ.
2531 4975 2698 5029 Τοῦτο
2726 4978 2757 5045 ή
2786 4981 3034 5047 παροῦσα
3059 4980 3204 5049 λέγει
3230 4986 3449 5055 γραφη·
3478 4988 3560 5040 ὅτι
3606 4989 3758 5043 Ἐπί-

2186 5067 2406 5126 στασθε,
2432 5066 2675 5133 ἀδελφοὶ,
2703 5068 2802 5129 τάς
2832 5069 3099 5137 ἀνάγκας,
3131 5071 3198 5135 ἀς
3224 5073 3410 5143 ἔχουσι
3467 5078 3643 5133 πᾶσαι
3697 5086 3753 5135 αἱ

2183 5157 2325 5207 κατά
2358 5158 2452 5225 τὴν
2494 5157 2763 5229 Ἀφρικὴν
2790 5161 3098 5230 ἐκκλησίαι.
3130 5166 3237 5217 Καὶ
3261 5168 3386 5218 ἐπεὶ
3434 5173 3675 5241 συνήχθη
3707 5178 3757 5227 εἰ

2184 5251 2379 5320 καὶμὴ
2414 5254 2561 5305 πᾶσα
2608 5254 2640 5318 ή
2694 5255 2931 5322 σύνοδος,
2976 5257 3113 5311 ἀλλά
3167 5276 3229 5327 γε
3280 5260 3383 5314 κᾶν
3446 5265 3505 5315 ἐν
3568 5266 3757 5337 μέρει,

2183 5342 2327 5393 δοκεῖ
2354 5360 2443 5412 μοι
2474 5345 2751 5413 προθεῖναι
2772 5349 2853 5409 είς
2888 5349 3050 5416 μέσον
3075 5352 3170 5413 τὰς
3194 5356 3451 5418 τοιαύτας
3480 5358 3755 5426 ἀνάγκας,

2183 5433 2246 5495 ἃς
2296 5437 2587 5502 ἐφρόντισα
2617 5439 2710 5489 καὶ
2742 5439 3054 5508 ἀνίχνευσα,
3088 5444 3259 5512 ῆγουν
3300 5448 3577 5515 ἐπιμελῶς
3627 5451 3759 5518 ἐζήο

2183 5544 2341 5596 τησα.
2385 5530 2699 5581 ’Δκόλουθον
2756 5531 2812 5582 δὲ
2876 5531 3052 5599 ἔσται,
3117 5537 3474 5601 ἐπιλέξασθαι
3551 5541 3648 5594 ἕνα
3702 5544 3761 5607 ἐξ

2184 5620 2370 5689 ημῶν,
2419 5620 2567 5681 ὅστις
2620 5622 2823 5682 ταύτας
2871 5625 3203 5695 ἀποκομίσει
3261 5629 3397 5697 πρὸς
3456 5631 3525 5685 τὰ
3576 5634 3757 5703 πέραν

2192 5713 2331 5783 μέρη
2369 5716 2465 5783 τῆς
2521 5713 2769 5783 Ἰταλίας,
2808 5716 2976 5785 ῆγουν
3002 5720 3305 5787 ἀπαγγελεῖ
3325 5721 3402 5792 τῷ
3426 5724 3629 5796 πάππα
3664 5729 3755 5780 καὶ
