4000 6450
201 368 297 430 23Ἱ
1258 367 1340 428 1N
1379 365 1541 428 CAN.
1589 365 1719 425 LXI
1759 364 1965 427 CONC.
2000 362 2373 425 CARTHAG.
3333 353 3436 416 2'38

198 480 271 547 τῷ
311 480 662 534 Μεδιολάνων
687 479 788 550 τὴν
812 481 1054 549 ἀνάγκην
1088 481 1184 533 xui.
1213 481 1307 533 τὸν
1345 479 1504 533 πόνον
1535 480 1632 532 καὶ⁸
1660 479 1758 546 τὴν

1893 491 1969 543 quo
2009 480 2118 532 haec
2142 478 2192 530 in
2221 476 2428 530 Italiam
2467 474 2799 535 deferantur,
2832 488 2923 527 seu
2970 487 3002 541 p
3040 485 3121 540 pas
3147 478 3199 523 et
3226 466 3432 521 Medo-

197 570 398 624 ἔνδειαν
433 571 618 641 ἡμῶν,
650 573 734 624 ὃτι
765 576 1008 641 τοσαύτη
1064 572 1184 623 ἐστὶ
1251 571 1533 642 κληρικῶν
1563 571 1760 629 ἔνδεια,

1893 570 2166 623 anensium
2193 567 2445 634 episcOpo
2487 574 2686 618 nostra:
2728 561 3088 627 difﬁcultates,
3135 561 3286 613 labor
3316 557 3436 612 ino-

195 660 330 713 ὥστε
415 663 615 713 πολλαὶ
691 661 980 732 ἐκκλησίαι
1032 661 1140 712 οὐδ’
1193 659 1290 712 ἕνα
1356 659 1621 723 διάκονον,
1659 657 1763 709 κᾶν

1893 659 2064 727 viaque
2094 656 2489 727 signiﬁcentur.
2519 655 2722 724 Nempe
2754 663 2953 709 tantam
3001 654 3144 721 apud
3178 665 3275 704 nos
3319 663 3435 704 esse

195 753 577 822 ἀγράμματον,
607 753 844 821 ἔχουσιν.
900 752 1024 805 Ἐἀν
1057 751 1116 804 δὲ
1143 751 1404 815 διάκονοι,
1441 750 1629 820 φησὶν,
1665 748 1762 800 οὐκ

1893 747 2190 802 rlericorum
2243 746 2592 817 paucitatem,
2636 755 2694 799 ut
2729 745 2914 799 multa:
2949 743 3190 798 ecclesiae
3219 755 3284 794 ne
3321 742 3437 794 dia-

198 843 434 912 εὒχερῶς
476 843 865 911 εὐρίσκωνται,
931 840 1255 912 σκοπητέον,
1302 842 1352 893 εἰ
1397 841 1445 892 οἱ
1499 837 1763 906 ἀνώτεροι

1897 852 2061 891 onum
2102 837 2339 905 quidem,
2391 840 2471 889 vel
2519 831 2877 898 illitteratum,
2928 835 3182 888 habeant.
3212 829 3362 897 Quod
3388 832 3431 882 si

198 927 416 996 βαθμοὶ,
475 928 646 998 ἠγουν
706 929 1068 999 πρεσϐύτεροι
1129 929 1225 981 καὶ⁵
1298 926 1608 989 ἐπίσκοποι,
1672 926 1762 977 εύ-

1893 925 2137 988 liaconis,
2174 925 2370 993 inquit,
2393 923 2730 977 inveniendis
2773 936 2943 990 nsque
2977 923 3110 974 adeo
3138 918 3434 975 laboratur.

200 1015 553 1086 ρεθήσονταιο
589 1020 674 1072 ὅτι
744 1022 870 1081 τοὺς
914 1019 1148 1090 θρήνους
1186 1019 1309 1081 τοὺς
1363 1016 1764 1086 καθημερινοὺς

1893 1012 2006 1084 ιυὶιι
2036 1015 2102 1067 de
2141 1011 2508 1080 superioribus
2537 1011 2839 1072 ordinibus,
2880 1009 3248 1064 sacerdotibus
3281 1007 3436 1059 nimi-

195 1106 294 1156 τῶν
318 1106 487 1170 λαῶν,
523 1108 635 1160 τῶν
668 1109 856 1178 σχεδὸν
900 1110 964 1161 ὲκ
1010 1110 1109 1178 τῆς
1164 1109 1341 1177 λύπης
1389 1107 1756 1178 θνησκόντων,

1893 1119 1986 1158 um
2005 1112 2059 1158 et
2085 1105 2351 1172 episcopis
2371 1102 2606 1156 futurum
2631 1101 2721 1162 sit,
2746 1099 3088 1169 cogitandum
3111 1114 3125 1161 ;
3155 1112 3329 1166 neque
3352 1111 3441 1148 ve-

195 1199 247 1249 ού
279 1199 544 1267 φέρομεν.
583 1199 652 1251 Ἦ
694 1200 751 1252 δὲ
788 1199 930 1270 λύπη
977 1199 1205 1261 ἐκείνοις
1258 1194 1327 1269 ἦν
1386 1196 1470 1250 ὅτι
1527 1195 1753 1248 ἐπισκό-

1893 1209 1930 1249 ‘o
1959 1194 2303 1262 quotidianas
2323 1193 2639 1262 populorum
2667 1189 3053 1263 querimonias,
3075 1189 3263 1242 dolore
3304 1201 3441 1255 pene

197 1306 322 1352 πους
352 1291 450 1342 καὶ
498 1291 908 1361 πρεσϐυτέρους
967 1292 1064 1343 οὐκ
1103 1287 1271 1360 εἶχον,
1332 1286 1432 1355 οἷς,
1484 1289 1672 1359 φησὶν,
1719 1288 1766 1338 εἰ

1895 1286 2297 1350 abescentium,
2359 1286 2500 1351 quod
2554 1285 2929 1350 episcoporum
2985 1288 3040 1334 et
3095 1279 3437 1334 sacerdotum

197 1381 266 1446 μὴ
301 1378 672 1450 βοηθήσομεν,
709 1381 990 1451 βαρυτάτη
1027 1380 1253 1443 κόλασις
1283 1381 1563 1450 ικδέχεται
1614 1381 1761 1450 ἡμᾶς

1893 1377 2185 1432 ninisteriis
2225 1374 2466 1430 destituti
2508 1374 2638 1437 sint,
2698 1373 2899 1426 diutius
2947 1387 2976 1424 a
3031 1371 3183 1425 nobis
3212 1368 3436 1438 perferri

195 1471 337 1538 παρά
371 1470 450 1540 τῷ
474 1471 594 1541 Θεῷ
626 1472 765 1541 ὑπὲρ
787 1471 896 1524 τῶν
919 1472 1306 1542 ἀπολλυμένων
1331 1471 1517 1542 ψυχῶν

1893 1483 2046 1524 ιοεεθ.
2073 1469 2219 1534 Quos
2250 1468 2488 1537 quidem,
2523 1466 2718 1535 inquit,
2755 1464 2857 1518 nisi
2895 1463 3153 1532 adjuvare
3183 1464 3438 1522 nitamur,

1871 1557 2224 1612 acerbissima
2286 1556 2572 1625 supplicia,
2620 1558 2688 1609 ob
2737 1555 3039 1613 animarum
3101 1554 3439 1622 pereuntium

1869 1648 2158 1717 iacturam,
2191 1662 2288 1701 nos
2320 1662 2347 1700 a
2383 1646 2493 1701 Deo
2533 1661 2754 1699 manere
2778 1643 3070 1714 putandum
3105 1653 3205 1697 est.

779 1738 1017 1792 ΚΔΝΩΝ
1081 1737 1202 1792 ΞΑἏ
2455 1735 2683 1791 CANON
2719 1733 2849 1789 LXI.

201 1849 216 1879 ι
257 1830 417 1882 ’Ὥστε
445 1831 577 1892 τοὺς
613 1832 842 1901 μικροὺς
900 1831 1051 1901 παρά
1116 1833 1229 1894 τοῖς
1269 1835 1618 1896 Δονατισταϊς
1661 1834 1759 1903 βαι

1893 1851 1895 1880 ς
1931 1830 1999 1886 Ut
2021 1831 2254 1898 parvuli,
2275 1830 2364 1899 qui
2391 1844 2420 1883 a
2460 1828 2754 1884 Donatistis
2778 1827 3143 1898 haptizantur,
3175 1829 3226 1880 in
3257 1827 3443 1882 catbo~

265 1937 282 1966 ι
324 1919 710 1985 πτιζομένους,
748 1921 806 1970 ὲν
832 1921 898 1989 τῇ
929 1920 1190 1991 καθολικῇ
1234 1921 1530 1993 Ἐκκλησία
1577 1923 1768 1994 κληρι-

265 2027 283 2059 ι
323 2009 453 2070 κους
478 2010 935 2078 χειροτονεῖσθαι.
969 2010 1078 2077 Διδ,
1126 2012 1313 2083 ἑπειδὴ
1340 2015 1398 2066 ὲν
1424 2015 1491 2084 τῇ
1517 2015 1764 2084 ἀνωτέρα

265 2118 282 2150 ι
317 2099 520 2169 συνόδῳ
541 2101 606 2153 τὸ
633 2099 850 2170 ὁρισθὲν
880 2101 1153 2172 μέμνηται
1180 2102 1296 2173 ἅμα
1317 2105 1438 2173 ἐμοὶ
1463 2107 1497 2172 ἡ
1525 2105 1767 2174 ὑμετέρα

262 2208 280 2240 ι
318 2189 612 2260 ὀμοψυχία,
669 2189 812 2243 ὥστε
877 2193 1002 2254 τοὺς
1062 2195 1212 2262 παρά
1266 2196 1376 2255 τοῖς
1433 2195 1768 2258 δονατισταῖς

264 2298 282 2331 ι
323 2284 552 2351 μικροὺς
622 2281 1056 2352 βαπτιζομένους
1139 2283 1366 2353 μηδέπω
1440 2283 1766 2355 δυναμένους

263 2389 281 2420 ‹
320 2371 617 2438 γινώσκειν
645 2372 744 2440 τῆς
780 2371 993 2444 πλάνης
1021 2374 1200 2428 αὐτῶν
1227 2375 1320 2428 τὸν
1345 2376 1590 2447 ὄλεθρον,
1626 2380 1765 2446 μετὰ

265 2481 282 2512 ι
318 2462 379 2512 τδ
434 2463 625 2531 κεῖραν
673 2461 942 2532 λογισμοῦ
1010 2464 1271 2535 δεκτικὴν
1337 2467 1764 2536 παραγενέσθαι,

263 2545 284 2602 ἰ
320 2553 757 2620 ἐπιγνωσθείσης
810 2553 909 2622 τῆς
961 2553 1253 2624 ἀληθείας,
1293 2557 1393 2626 τὴν
1453 2557 1765 2628 φαυλότητα

267 2661 284 2691 ι
325 2644 552 2696 ἐκείνων
602 2644 1058 2715 βδελυττομένους
1106 2650 1244 2717 πρὸς
1307 2649 1408 2715 τὴν
1470 2649 1763 2720 καθολικὴν

268 2753 287 2786 ι
321 2735 418 2788 τοῦ
448 2735 584 2788 Θεοῦ
601 2735 951 2804 Ἐκκλησίαν,
979 2740 1078 2806 τὴν
1111 2739 1215 2790 ἁνά
1253 2741 1428 2793 πάντα
1451 2742 1542 2792 τὸν
1562 2740 1765 2809 κόσμον

275 2844 294 2876 ι
330 2826 764 2898 διακεχυμένην,
796 2826 944 2888 τάξει
975 2827 1178 2896 ἀρχαίᾳ
1230 2827 1315 2881 διά
1348 2827 1444 2896 τῆς
1469 2829 1763 2893 ἐπιθέσεως

269 2938 285 2966 ι
323 2916 435 2968 τῶν
467 2917 669 2985 χειρῶν
693 2916 1076 2985 ἀναδεχθῆναι,
1102 2918 1227 2981 τοὺς
1274 2919 1548 2982 τοιούτους
1578 2921 1641 2974 ἐκ
1667 2922 1761 2974 τοῦ

264 3026 282 3056 ι
320 3007 420 3076 τῆς
446 3008 655 3076 πλάνης
708 3007 972 3074 ὀνόματος
997 3009 1072 3079 μὴ
1107 3008 1342 3077 ὀφείλειν
1375 3011 1762 3080 ἐμποδίζεσθαι

267 3116 282 3146 ι
321 3097 400 3158 είς
427 3096 580 3160 τάξιν
608 3095 962 3166 κληρώσεως,
998 3086 1199 3150 ὁπόταν
1227 3097 1320 3170 τὴν
1347 3099 1605 3171 ἀληθινὴν
1640 3103 1763 3154 Ἐκ-

269 3207 288 3238 ι
328 3187 560 3258 κλησίαν
632 3189 771 3241 ἰδίαν
822 3188 1003 3241 αὐτῶν
1065 3189 1378 3257 ἑλογίσαντο
1447 3193 1514 3261 τῇ
1585 3191 1763 3246 πίστει
1793 3178 1836 3195 ι’

270 3295 284 3328 ι
329 3277 789 3346 προσερχόμενοι,
820 3277 916 3329 κα)⁸
935 3278 994 3330 tv
1019 3278 1155 3347 αὐτῇ
1194 3277 1270 3348 τῷ
1297 3279 1517 3349 Χριστῷ
1544 3281 1766 3332 πιστεύο

266 3386 282 3418 ι
325 3385 518 3430 σαντες
552 3369 649 3438 τῆς
689 3368 919 3439 Τριάδος
959 3371 1028 3420 τά
1066 3369 1386 3438 ἀγιάσματα
1413 3370 1760 3434 ὑπεδέξαντο.

263 3477 282 3510 ι
323 3442 522 3514 ’Δὶινα
553 3459 738 3512 πάντα
783 3459 956 3527 ἀληθῇ
988 3459 1082 3512 καὶ¹
1120 3459 1253 3526 ᾰγια
1310 3461 1404 3513 καὶ
1464 3461 1584 3513 θεῖα
1620 3458 1760 3514 εἶναι

268 3568 285 3600 ι
325 3550 487 3619 δῆλόν
517 3552 657 3613 ἔστι,
715 3552 812 3603 καὶ
837 3552 893 3603 ὲν
917 3549 1126 3613 τούτοις
1156 3552 1336 3604 πᾶσαν
1371 3553 1470 3621 τὴν
1511 3553 1611 3622 τῆς
1658 3553 1761 3622 ψυο

267 3659 285 3688 ι
323 3640 427 3708 χῆς
455 3640 648 3693 ἐλπίδα
678 3638 970 3711 ὑπάρχειν.
999 3642 1121 3695 Κᾶν
1146 3643 1195 3693 εί
1248 3641 1317 3694 τὰ
1376 3644 1612 3711 μάλιστα
1669 3640 1762 3698 οὖν

267 3749 286 3781 ι
321 3731 416 3782 καὶ
457 3731 491 3795 ή
529 3729 640 3781 τῶν
691 3729 986 3800 αἱρετικῶν
1038 3729 1415 3799 προληφθεῖσα
1464 3733 1638 3803 τόλμα
1686 3737 1762 3803 τῷ

267 3839 285 3871 ι
319 3819 547 3889 ὀνόματι
595 3820 695 3890 τῆς
732 3820 988 3891 ἀληθείας
1019 3822 1406 3895 ἐναντιούμενα
1432 3841 1554 3879 τινα
1583 3841 1763 3895 παρα-

268 3929 287 3962 ι
327 3913 527 3965 διδόναι
565 3913 985 3982 προπετεύεται,
1005 3915 1177 3969 ταῦτα
1209 3917 1395 3987 ἐπειδὴ
1420 3917 1567 3972 ἀπλᾶ
1591 3920 1758 3981 ἐστιν,

269 4023 288 4055 ι
321 4004 648 4066 ὼςδιδάσκει
671 4006 698 4056 ὁ
716 4003 871 4071 ἅγιος
886 4005 1227 4071 Ἀπόστολος,
1246 4007 1440 4077 λέγων,
1467 4029 1483 4062 ι
1499 4007 1590 4072 Εἷς
1607 4010 1759 4073 Θεὸς,

270 4115 286 4144 ι
338 4094 434 4163 μία
464 4093 671 4157 πίστις,
733 4093 793 4145 ἓν
851 4095 1203 4167 βάπτισμα.»
1266 4100 1373 4150 Καὶ
1425 4099 1484 4152 τὸ
1546 4101 1762 4169 ὀφεῖλον

270 4201 288 4233 ι
330 4184 624 4255 προσάπαξ
651 4184 909 4250 δίδοσθαι,
940 4187 1502 4256 ὲτταναληφθῆναιοὺκ
1529 4189 1760 4253 ἔξεστιν,

268 4291 287 4324 ι
327 4274 872 4343 ἀναθεματιζομένου
933 4275 1025 4326 τοῦ
1079 4278 1179 4348 τῆς
1238 4279 1445 4348 πλάνης
1499 4279 1772 4346 ὀνόματος-

266 4383 282 4413 ι
316 4366 401 4418 διά
461 4365 566 4434 τῆς
623 4365 924 4428 ἐπιθέσεως
975 4367 1082 4418 τῶν
1138 4369 1338 4439 χειρῶν
1393 4369 1761 4440 ἀναδεχθῶσιν

271 4475 288 4505 ι
326 4457 518 4524 εἰςτὴν
548 4457 677 4527 μίαν
727 4457 1074 4525 Ἐκκλησίαν,
1106 4459 1339 4529 τὴν,“ὼς
1369 4461 1608 4528 εἴρηται,
1660 4479 1759 4514 πε·
1795 4467 1837 4522 D

278 4567 288 4596 l
327 4549 586 4618 ριστεράν
617 4550 711 4601 καὶ
742 4550 909 4618 μόνην
935 4551 1146 4619 μητέρα
1173 4550 1282 4601 τῶν
1311 4552 1676 4621 Χριστιανῶν,
1706 4555 1762 4605 ἐν

271 4659 287 4687 ι
389 4641 568 4692 πάντα
597 4640 662 4692 τά
695 4639 1014 4708 ἀγιάσματα
1068 4641 1425 4711 σωτηριωδῶς
1446 4641 1640 4695 αἰώνια
1669 4646 1765 4697 καὶ

269 4746 287 4776 ι
330 4728 536 4788 ζωτικά
567 4727 1109 4796 παραλαμϐάνονται,
1144 4732 1302 4782 ἀτινα
1332 4734 1444 4794 τοῖς
1477 4733 1766 4801 ἐπιμένου-

269 4837 287 4866 ι
328 4837 408 4870 σιν
457 4821 513 4870 ἐν
544 4821 608 4888 τῇ
645 4819 855 4886 αίρέσει
891 4820 1137 4888 μεγάλην
1189 4821 1288 4890 τῆς
1319 4823 1618 4893 καταδίκης
1672 4824 1767 4894 τὴν

272 4927 287 4956 ι
320 4910 589 4979 τιμωρίαν
625 4909 962 4978 πορίζουσιν,
985 4910 1070 4962 ἵνα
1097 4911 1238 4979 ὅπερ
1268 4907 1334 4982 ἦν
1381 4913 1568 4974 αὐτοῖς
1601 4915 1656 4965 ἐν
1697 4918 1761 4984 τῇ

275 5018 286 5050 ι
328 5001 554 5072 ἀληθείᾳ
584 4999 722 5070 πρὸς
759 4999 861 5071 τὴν
905 5000 1123 5054 αἰώνιον
1168 5003 1312 5073 ζωὴν
1369 5005 1762 5075 ἀκολουθητέον

269 5106 286 5137 ι
328 5090 755 5160 ῳωτεινοτέρως,
821 5089 984 5148 τοῦτο
1037 5090 1265 5159 γένηται
1327 5094 1521 5156 αὐταῖς
1572 5097 1630 5147 ὲν
1688 5097 1754 5165 τῇ

273 5200 290 5228 ι
333 5180 506 5250 πλάνῃ
543 5180 950 5251 σκοτεινότερον
989 5184 1080 5236 καὶ
1108 5184 1269 5236 πλέον
1297 5184 1764 5257 καταδεδικασμέ-

278 5290 289 5319 ι
328 5288 435 5322 νυν.
463 5271 642 5340 Ὅπερ
671 5270 815 5333 τινὲς
878 5270 1098 5339 ἔφυγον,
1151 5274 1246 5326 καὶ
1294 5275 1393 5344 τῆς
1436 5275 1760 5345 Ἐκκλησίας

273 5380 289 5409 ι
336 5361 430 5428 τῆς
447 5361 736 5431 καθολικῆς
762 5361 967 5431 μητρὸς
981 5363 1048 5416 τὰ
1074 5363 1342 5417 εὐθύτατα
1358 5369 1758 5435 ἐπεγνωκότες,
1816 5377 1828 5384 “

273 5471 291 5499 ι
327 5453 497 5504 πάντα
526 5455 712 5504 ἐκεῖνα
746 5454 816 5503 τὰ
865 5451 996 5519 ἅγια
1047 5455 1326 5523 μυστήρια
1394 5458 1601 5528 φίλτρῳ
1663 5460 1760 5528 τῆς

269 5561 285 5590 ι
328 5539 576 5603 ἀληθείας
631 5540 961 5594 ἐπίστευσαν
1039 5540 1137 5594 καὶ
1218 5542 1563 5608 ὑπεδέξαντο.
1635 5544 1760 5608 Τοῖς

306 5732 356 5760 "
385 5729 574 5801 Ephes.
613 5748 685 5788 tv.
725 5733 778 5785 5.

1949 1942 1966 1973 ι
2001 1923 2102 1976 lica
2118 1921 2359 1976 Ecclesia
2372 1920 2555 1976 clerici
2574 1919 2912 1973 ordinentur.
2937 1917 3168 1971 Proinde
3186 1918 3444 1985 quoniam

1948 2030 1966 2063 ι
2003 2014 2056 2066 in
2083 2013 2362 2081 superiore
2394 2011 2598 2082 synodo
2636 2011 2909 2065 decretum
2940 2025 3059 2065 esse
3090 2023 3197 2063 una
3230 2023 3440 2062 mecum

1951 2123 1968 2155 ι
1999 2113 2175 2159 vestra
2207 2103 2452 2157 meminit
2479 2102 2788 2158 concordia.
2817 2111 2875 2155 ut
2902 2102 3133 2171 parvuli,
3163 2101 3252 2170 qui
3276 2116 3306 2154 a
3335 2100 3442 2154 Do-

1949 2214 1967 2246 ι
2009 2195 2222 2249 natistis
2251 2193 2610 2262 baptizantnr.
2641 2193 2851 2248 erroris
2879 2195 2962 2247 sui
3011 2192 3305 2262 perniciem
3347 2207 3442 2246 co-

1949 2303 1966 2336 ι
2007 2298 2268 2354 gnoscere
2320 2297 2428 2336 non
2475 2283 2734 2347 valentes,
2768 2293 3054 2352 postquam
3105 2284 3172 2338 ad
3221 2291 3439 2338 aetatem

1948 2392 1964 2425 ι
2005 2374 2234 2428 rationis
2274 2387 2527 2442 capacem
2569 2374 2933 2442 pervenerint,
2981 2373 3162 2443 agnita
3193 2375 3438 2438 veritate,

1956 2486 1972 2517 ι
2003 2467 2216 2520 illorum
2257 2463 2662 2535 improbitatem
2700 2464 3055 2519 abhorrentes
3083 2463 3134 2517 in
3169 2463 3445 2519 universa-

1947 2575 1963 2604 ι
2005 2554 2106 2607 lem
2147 2550 2242 2607 Dei
2284 2552 2603 2616 Ecclesmm,
2647 2568 2766 2621 quae
2791 2569 2885 2622 per
2926 2554 3238 2607 universum
3285 2569 3442 2608 mun-

1946 2659 1964 2692 ι
2011 2643 2135 2695 dum
2173 2641 2372 2696 din‘usa
2411 2653 2512 2708 est,
2547 2645 2769 2711 antiquo
2799 2643 3007 2705 ordine,
3048 2657 3145 2710 per
3188 2659 3441 2697 manuum

1869 2747 1872 2751 '
1945 2751 1962 2782 ι
1995 2733 2392 2802 impositionem
2427 2732 2776 2801 recipiantur,
2802 2732 3088 2801 quominus
3131 2732 3440 2801 hujusmodi

1944 2843 1960 2873 ι
2010 2825 2062 2877 in
2086 2821 2378 2876 clericatus
2399 2821 2646 2875 ordinem
2696 2822 3063 2892 provehantur
3114 2821 3316 2876 erroris
3343 2836 3440 2874 no-

1946 2932 1964 2964 ι
2005 2914 2146 2967 mine
2174 2911 2424 2981 impediri
2452 2926 2561 2966 non
2595 2911 2794 2966 debent
2821 2928 2836 2966 :
2867 2911 3085 2981 quando
3115 2926 3295 2965 veram
3339 2910 3441 2967 Ec-

1944 3027 1961 3059 ¢
1997 3009 2217 3063 rlesiam
2265 3021 2418 3061 suam
2452 3006 2724 3076 propriam
2758 3005 3146 3061 existimarunt
3179 3007 3244 3060 ad
3283 3004 3440 3060 (idem

1949 3118 1965 3148 ι
2010 3100 2347 3162 accedentes,
2377 3107 2432 3152 et
2464 3098 2517 3152 in
2546 3097 2660 3166 ipsa
2691 3095 2913 3151 Christo
2946 3096 3234 3151 credentes
3260 3094 3443 3148 Trini-

1943 3208 1960 3238 ι
1999 3190 2122 3243 tatis
2151 3197 2490 3243 sacramenta
2536 3195 2911 3255 susceperunt.
2935 3185 3064 3252 Qua:
3087 3186 3301 3255 quidem
3324 3201 3441 3239 om-

1953 3299 1968 3330 ι
2009 3281 2097 3334 nia
2125 3294 2252 3334 vera
2282 3287 2336 3332 et
2371 3289 2562 3332 sancta
2589 3285 2642 3331 et
2668 3277 2848 3331 divina
2875 3291 2995 3332 esse
3024 3276 3228 3330 clarum
3255 3285 3359 3342 est,
3383 3290 3438 3330 et

1961 3389 1978 3421 ι
2026 3371 2078 3424 in
2128 3370 2196 3423 iis
2237 3383 2452 3423 omnem
2504 3383 2655 3438 spem
2695 3367 2886 3422 anima:
2925 3382 3046 3423 esse
3091 3368 3273 3422 sitam.
3310 3367 3438 3422 Etsi

1944 3480 1962 3512 ι
2002 3462 2236 3516 maxime
2265 3475 2393 3532 ergo
2425 3461 2588 3515 etiam
2614 3460 2988 3515 haereticorum
3012 3460 3323 3528 pracedens
3347 3473 3438 3512 au-

1945 3572 1963 3604 (
2001 3551 2152 3608 dacia
2186 3551 2252 3607 ad
2280 3553 2526 3621 quaedam
2558 3553 2833 3606 contraria
2871 3554 2969 3607 sub
3000 3553 3220 3606 nomine
3244 3551 3442 3607 verita-

1942 3662 1960 3694 ι
2005 3644 2073 3697 tis
2117 3642 2375 3697 tradenda
2423 3649 2672 3711 prompta
2723 3643 2831 3706 sit;
2891 3656 2954 3695 ea
3003 3641 3260 3709 quoniam
3314 3653 3441 3695 sunt

1943 3755 1961 3786 ι
2001 3733 2288 3803 simplicia,
2326 3741 2385 3786 ut
2423 3733 2585 3787 docet
2624 3742 2846 3787 sanctus
2890 3731 3180 3801 Apostolus
3209 3734 3437 3788 dicens:

1944 3846 1960 3876 ι
2000 3825 2154 3881 Unus
2189 3823 2351 3890 Deus,
2397 3838 2505 3879 una
2555 3822 2707 3890 ﬁdes,
2749 3839 2912 3877 unum
2951 3824 3218 3894 baptisma
3255 3841 3270 3890 ;
3326 3843 3345 3875 ι
3387 3837 3442 3877 et

1945 3938 1962 3970 ι
1997 3917 2140 3987 quod
2170 3916 2330 3972 debet
2357 3915 2522 3971 semel
2553 3916 2689 3979 dari,
2719 3930 2826 3970 non
2865 3915 2992 3970 licet
3027 3926 3215 3970 rursus
3239 3916 3437 3984 recipi;

1943 4027 1959 4058 ι
2003 4006 2459 4061 anathematizato
2497 4007 2700 4059 erroris
2732 4002 2970 4071 nomine,
3003 4020 3099 4073 per
3123 4020 3312 4082 manus
3338 4009 3440 4058 im-

1947 4119 1964 4149 ‹
1997 4098 2323 4169 positionem
2347 4099 2398 4151 in
2429 4112 2588 4150 unam
2623 4096 2764 4150 illam
2799 4095 3093 4152 Ecclesiam
3129 4097 3438 4164 suscipian-

1942 4211 1959 4242 ι
1996 4203 2100 4254 tur,
2121 4205 2260 4259 quat,
2307 4189 2587 4242 utdictum
2615 4198 2722 4251 est,
2753 4185 3001 4242 columba
3037 4199 3090 4242 et
3113 4188 3225 4242 sola
3272 4199 3441 4240 mater

1943 4303 1959 4333 ι
2002 4283 2455 4344 Christianorum,
2491 4283 2540 4333 in
2561 4295 2685 4359 qua.
2707 4281 2886 4332 omnia
2931 4288 3272 4333 sacramenta
3297 4280 3441 4331 salu-

1947 4392 1963 4424 ι
2000 4373 2187 4425 tariter
2216 4382 2417 4424 aeterna
2439 4379 2494 4422 et
2521 4369 2732 4422 vivitica
2763 4369 3137 4437 accipiuntur,
3179 4383 3296 4436 quae
3319 4369 3440 4434 qni-

1943 4483 1961 4514 ι
2006 4465 2126 4517 dem
2155 4463 2241 4525 iis,
2273 4461 2365 4530 qui
2409 4470 2626 4516 manent
2649 4461 2702 4514 in
2752 4461 2968 4527 haeresi,
2996 4475 3241 4529 magnam
3291 4474 3398 4528 pra:
3422 4488 3438 4499 -

1944 4556 2128 4607 ibent
2201 4553 2666 4606 condemnationis
2718 4566 2970 4620 poenam,
3025 4560 3084 4604 ut
3123 4550 3263 4619 quod
3321 4558 3437 4601 erat

1940 4663 1958 4695 ι
2001 4645 2134 4713 ipsis
2171 4645 2224 4698 in
2273 4643 2497 4697 veritate
2542 4643 2606 4696 ad
2634 4645 2795 4696 vitam
2834 4651 3090 4697 aeternam
3127 4641 3323 4694 clarius
3349 4655 3437 4695 se-

1940 4757 1956 4787 ι
2000 4736 2296 4806 quendam,
2327 4736 2428 4789 hoc
2463 4737 2634 4788 sitcis
2669 4737 2719 4788 in
2753 4750 2940 4788 errore
2967 4733 3357 4788 tenebricosius
3387 4743 3441 4786 et

1942 4844 1958 4876 ι
2001 4826 2172 4892 magis
2206 4825 2644 4878 condemnatum.
2675 4823 2804 4887 Quae
2834 4824 3051 4891 quidem
3095 4821 3330 4875 nonnulli
3366 4837 3440 4875 vt-

1949 4936 1966 4966 ‹
2014 4924 2218 4980 tarunt,
2242 4926 2297 4970 et
2323 4911 2577 4969 Ecclesia:
2600 4915 2881 4968 catholica:
2910 4915 3098 4969 matris
3125 4916 3304 4984 agnita
3350 4927 3442 4966 ve.

1946 5027 1962 5058 ι
2005 5008 2182 5071 ritate,
2222 5007 2400 5060 omnia
2450 5005 2540 5058 illa
2585 5014 2769 5058 sancta
2829 5005 3084 5075 mysteria
3136 5020 3164 5056 a
3217 5003 3442 5057 veritate

1946 5117 1961 5148 ι
2002 5095 2163 5153 illecti
2208 5097 2556 5153 crediderunt
2596 5105 2650 5150 et
2695 5106 3074 5165 susceperunt.
3129 5096 3198 5149 lis
3233 5098 3443 5163 quanJu

1948 5209 1964 5239 ι
2020 5191 2172 5244 bona:
2220 5191 2342 5244 vitae
2380 5189 2626 5258 probatio
2673 5186 2987 5249 accesserit,
3032 5201 3138 5239 non
3185 5186 3342 5239 dubie
3390 5195 3442 5236 et

1949 5299 1965 5330 ι
2009 5282 2219 5350 integre
2261 5284 2326 5335 ad
2353 5287 2813 5335 sacramentorum
2849 5278 3203 5331 ministerium
3256 5275 3445 5330 mntir-

1948 5391 1964 5422 ι
1999 5379 2322 5426 mabuntnr:
2347 5383 2400 5426 et
2431 5371 2738 5425 maximein
2766 5379 2911 5422 tanta
2938 5384 3115 5422 rerum
3150 5366 3445 5420 necessita-

1949 5483 1966 5513 ι
2017 5474 2066 5516 lc
2093 5479 2249 5517 nemo
2273 5473 2352 5518 est
2381 5463 2470 5532 qui
2503 5463 2605 5516 hoc
2633 5477 2738 5515 non
2767 5461 3046 5514 concedat.
3081 5457 3240 5530 595
3267 5457 3324 5511 Si
3354 5460 3442 5524 qui

1952 5573 1968 5604 ι
2012 5567 2188 5610 autem
2217 5555 2374 5624 hujus
2418 5555 2684 5624 dogmatis
2715 5553 2894 5607 clerici
2933 5565 3056 5606 cum
3107 5547 3446 5602 inultitudins
