  <div class='ocr_page' id='page_1' title='image "/cluster/home/n/w/nwhite01/storage/ocr_20150623/138/ien.35556001660133/131.png"; bbox 0 0 4000 6458; ppageno 0'>
   <div class='ocr_carea' id='block_1_1' title="bbox 516 412 622 474">
    <p class='ocr_par' dir='ltr' id='par_1_1' title="bbox 516 412 622 474">
     <span class='ocr_line' id='line_1_1' title="bbox 516 412 622 474; baseline 0 0"><span class='ocrx_word' id='word_1_1' title='bbox 516 412 622 474; x_wconf 71' lang='lat'><strong>239</strong></span> 
     </span>
    </p>
   </div>
   <div class='ocr_carea' id='block_1_2' title="bbox 597 600 2076 683">
    <p class='ocr_par' dir='ltr' id='par_1_2' title="bbox 597 600 2076 683">
     <span class='ocr_line' id='line_1_2' title="bbox 597 600 2076 683; baseline -0.011 -16"><span class='ocrx_word' id='word_1_2' title='bbox 597 637 612 667; x_wconf 77' lang='grc' dir='ltr'><strong>ι</strong></span> <span class='ocrx_word' id='word_1_3' title='bbox 654 615 742 683; x_wconf 85' lang='lat' dir='ltr'><strong>qui</strong></span> <span class='ocrx_word' id='word_1_4' title='bbox 772 611 985 682; x_wconf 78' lang='lat' dir='ltr'><strong>quidem</strong></span> <span class='ocrx_word' id='word_1_5' title='bbox 1027 617 1242 676; x_wconf 76' lang='lat' dir='ltr'><strong>propter</strong></span> <span class='ocrx_word' id='word_1_6' title='bbox 1268 604 1488 659; x_wconf 87' lang='lat' dir='ltr'><strong>honoris</strong></span> <span class='ocrx_word' id='word_1_7' title='bbox 1533 614 1768 655; x_wconf 90' lang='lat' dir='ltr'><strong>amorem</strong></span> <span class='ocrx_word' id='word_1_8' title='bbox 1808 600 1872 653; x_wconf 87' lang='lat' dir='ltr'><strong>ad</strong></span> <span class='ocrx_word' id='word_1_9' title='bbox 1911 600 2076 652; x_wconf 79' lang='lat' dir='ltr'><strong>vitam</strong></span> 
     </span>
    </p>
   </div>
   <div class='ocr_carea' id='block_1_3' title="bbox 597 692 2081 767">
    <p class='ocr_par' dir='ltr' id='par_1_3' title="bbox 597 692 2081 767">
     <span class='ocr_line' id='line_1_3' title="bbox 597 692 2081 767; baseline -0.01 -9"><span class='ocrx_word' id='word_1_10' title='bbox 597 726 613 758; x_wconf 76' lang='grc' dir='ltr'><strong>ι</strong></span> <span class='ocrx_word' id='word_1_11' title='bbox 644 705 892 767; x_wconf 86' lang='lat' dir='ltr'><strong>suadent,</strong></span> <span class='ocrx_word' id='word_1_12' title='bbox 937 710 991 755; x_wconf 90' lang='lat' dir='ltr'><strong>et</strong></span> <span class='ocrx_word' id='word_1_13' title='bbox 1040 701 1106 751; x_wconf 88' lang='lat' dir='ltr'><strong>ad</strong></span> <span class='ocrx_word' id='word_1_14' title='bbox 1154 695 1381 750; x_wconf 91' lang='lat' dir='ltr'><strong>salutem</strong></span> <span class='ocrx_word' id='word_1_15' title='bbox 1431 692 1664 747; x_wconf 73' lang='lat' dir='ltr'><strong>retinent</strong></span> <span class='ocrx_word' id='word_1_16' title='bbox 1705 692 1849 745; x_wconf 87' lang='lat' dir='ltr'><strong>:boc</strong></span> <span class='ocrx_word' id='word_1_17' title='bbox 1893 692 2081 758; x_wconf 83' lang='lat' dir='ltr'><strong>utique</strong></span> 
     </span>
    </p>
   </div>
   <div class='ocr_carea' id='block_1_4' title="bbox 597 778 2083 864">
    <p class='ocr_par' dir='ltr' id='par_1_4' title="bbox 597 778 2083 864">
     <span class='ocr_line' id='line_1_4' title="bbox 597 778 2083 864; baseline -0.012 -13"><span class='ocrx_word' id='word_1_18' title='bbox 597 821 614 851; x_wconf 72' lang='grc' dir='ltr'><strong>ι</strong></span> <span class='ocrx_word' id='word_1_19' title='bbox 673 797 874 864; x_wconf 79' lang='lat' dir='ltr'><strong>majore</strong></span> <span class='ocrx_word' id='word_1_20' title='bbox 932 793 1308 862; x_wconf 80' lang='lat' dir='ltr'><strong>praedictorum</strong></span> <span class='ocrx_word' id='word_1_21' title='bbox 1362 784 1585 839; x_wconf 69' lang='lat' dir='ltr'><strong>fratrum</strong></span> <span class='ocrx_word' id='word_1_22' title='bbox 1634 782 1957 837; x_wconf 66' lang='lat' dir='ltr'><strong>sententiam</strong></span> <span class='ocrx_word' id='word_1_23' title='bbox 2004 778 2083 833; x_wconf 73' lang='lat' dir='ltr'><strong>fe-</strong></span> 
     </span>
    </p>
   </div>
   <div class='ocr_carea' id='block_1_5' title="bbox 600 872 2085 946">
    <p class='ocr_par' dir='ltr' id='par_1_5' title="bbox 600 872 2085 946">
     <span class='ocr_line' id='line_1_5' title="bbox 600 872 2085 946; baseline -0.013 -3"><span class='ocrx_word' id='word_1_24' title='bbox 600 911 617 942; x_wconf 70' lang='lat' dir='ltr'><strong>c</strong></span> <span class='ocrx_word' id='word_1_25' title='bbox 667 889 899 943; x_wconf 88' lang='lat' dir='ltr'><strong>rentium</strong></span> <span class='ocrx_word' id='word_1_26' title='bbox 953 878 1306 946; x_wconf 81' lang='lat' dir='ltr'><strong>intelligentia</strong></span> <span class='ocrx_word' id='word_1_27' title='bbox 1352 872 1916 943; x_wconf 86' lang='lat' dir='ltr'><strong>comprehendendum</strong></span> <span class='ocrx_word' id='word_1_28' title='bbox 1963 883 2085 924; x_wconf 84' lang='lat' dir='ltr'><strong>esse</strong></span> 
     </span>
    </p>
   </div>
   <div class='ocr_carea' id='block_1_6' title="bbox 601 959 2086 1039">
    <p class='ocr_par' dir='ltr' id='par_1_6' title="bbox 601 959 2086 1039">
     <span class='ocr_line' id='line_1_6' title="bbox 601 959 2086 1039; baseline -0.017 -8"><span class='ocrx_word' id='word_1_29' title='bbox 601 1000 617 1031; x_wconf 76' lang='grc' dir='ltr'><strong>ι</strong></span> <span class='ocrx_word' id='word_1_30' title='bbox 655 977 928 1038; x_wconf 77' lang='lat' dir='ltr'><strong>existimo,</strong></span> <span class='ocrx_word' id='word_1_31' title='bbox 985 983 1040 1026; x_wconf 93' lang='lat' dir='ltr'><strong>ut</strong></span> <span class='ocrx_word' id='word_1_32' title='bbox 1086 968 1411 1039; x_wconf 86' lang='lat' dir='ltr'><strong>sapientiore</strong></span> <span class='ocrx_word' id='word_1_33' title='bbox 1462 977 1560 1016; x_wconf 90' lang='lat' dir='ltr'><strong>suo</strong></span> <span class='ocrx_word' id='word_1_34' title='bbox 1609 959 1837 1015; x_wconf 90' lang='lat' dir='ltr'><strong>consilio</strong></span> <span class='ocrx_word' id='word_1_35' title='bbox 1886 965 2086 1011; x_wconf 68' lang='lat' dir='ltr'><strong>nostrae</strong></span> 
     </span>
    </p>
   </div>
   <div class='ocr_carea' id='block_1_7' title="bbox 602 1045 2082 1124">
    <p class='ocr_par' dir='ltr' id='par_1_7' title="bbox 602 1045 2082 1124">
     <span class='ocr_line' id='line_1_7' title="bbox 602 1045 2082 1124; baseline -0.017 -2"><span class='ocrx_word' id='word_1_36' title='bbox 602 1091 619 1122; x_wconf 76' lang='grc' dir='ltr'><strong>ι</strong></span> <span class='ocrx_word' id='word_1_37' title='bbox 657 1069 928 1124; x_wconf 78' lang='lat' dir='ltr'><strong>relationis</strong></span> <span class='ocrx_word' id='word_1_38' title='bbox 970 1064 1231 1118; x_wconf 89' lang='lat' dir='ltr'><strong>rationem</strong></span> <span class='ocrx_word' id='word_1_39' title='bbox 1275 1057 1612 1117; x_wconf 84' lang='lat' dir='ltr'><strong>discernant,</strong></span> <span class='ocrx_word' id='word_1_40' title='bbox 1644 1060 1698 1107; x_wconf 89' lang='lat' dir='ltr'><strong>et</strong></span> <span class='ocrx_word' id='word_1_41' title='bbox 1738 1063 1836 1104; x_wconf 90' lang='lat' dir='ltr'><strong>nos</strong></span> <span class='ocrx_word' id='word_1_42' title='bbox 1886 1045 2082 1101; x_wconf 82' lang='lat' dir='ltr'><strong>contir-</strong></span> 
     </span>
    </p>
   </div>
   <div class='ocr_carea' id='block_1_8' title="bbox 605 1139 2090 1226">
    <p class='ocr_par' dir='ltr' id='par_1_8' title="bbox 605 1139 2090 1226">
     <span class='ocr_line' id='line_1_8' title="bbox 605 1139 2090 1226; baseline -0.016 -13"><span class='ocrx_word' id='word_1_43' title='bbox 605 1180 624 1213; x_wconf 74' lang='grc' dir='ltr'><strong>ι</strong></span> <span class='ocrx_word' id='word_1_44' title='bbox 659 1175 805 1216; x_wconf 89' lang='lat' dir='ltr'><strong>mare</strong></span> <span class='ocrx_word' id='word_1_45' title='bbox 847 1158 1130 1226; x_wconf 78' lang='lat' dir='ltr'><strong>dignentur</strong></span> <span class='ocrx_word' id='word_1_46' title='bbox 1155 1150 1220 1205; x_wconf 91' lang='lat' dir='ltr'><strong>ad</strong></span> <span class='ocrx_word' id='word_1_47' title='bbox 1255 1150 1306 1204; x_wconf 92' lang='lat' dir='ltr'><strong>id</strong></span> <span class='ocrx_word' id='word_1_48' title='bbox 1329 1145 1470 1216; x_wconf 89' lang='lat' dir='ltr'><strong>quod</strong></span> <span class='ocrx_word' id='word_1_49' title='bbox 1511 1159 1542 1198; x_wconf 87' lang='lat' dir='ltr'><strong>a</strong></span> <span class='ocrx_word' id='word_1_50' title='bbox 1592 1143 1745 1196; x_wconf 89' lang='lat' dir='ltr'><strong>nobis</strong></span> <span class='ocrx_word' id='word_1_51' title='bbox 1798 1139 1864 1193; x_wconf 89' lang='lat' dir='ltr'><strong>dc</strong></span> <span class='ocrx_word' id='word_1_52' title='bbox 1915 1151 1979 1192; x_wconf 89' lang='lat' dir='ltr'><strong>ea</strong></span> <span class='ocrx_word' id='word_1_53' title='bbox 2032 1151 2090 1190; x_wconf 91' lang='lat' dir='ltr'><strong>re</strong></span> 
     </span>
    </p>
   </div>
   <div class='ocr_carea' id='block_1_9' title="bbox 604 1227 2089 1307">
    <p class='ocr_par' dir='ltr' id='par_1_9' title="bbox 604 1227 2089 1307">
     <span class='ocr_line' id='line_1_9' title="bbox 604 1227 2089 1307; baseline -0.016 -3"><span class='ocrx_word' id='word_1_54' title='bbox 604 1272 623 1304; x_wconf 76' lang='grc' dir='ltr'><strong>ι</strong></span> <span class='ocrx_word' id='word_1_55' title='bbox 661 1249 999 1307; x_wconf 88' lang='lat' dir='ltr'><strong>statuendum</strong></span> <span class='ocrx_word' id='word_1_56' title='bbox 1035 1251 1137 1298; x_wconf 89' lang='lat' dir='ltr'><strong>est.</strong></span> <span class='ocrx_word' id='word_1_57' title='bbox 1183 1241 1369 1295; x_wconf 84' lang='lat' dir='ltr'><strong>Solum</strong></span> <span class='ocrx_word' id='word_1_58' title='bbox 1404 1245 1582 1290; x_wconf 81' lang='lat' dir='ltr'><strong>autem</strong></span> <span class='ocrx_word' id='word_1_59' title='bbox 1640 1235 1703 1287; x_wconf 86' lang='lat' dir='ltr'><strong>de</strong></span> <span class='ocrx_word' id='word_1_60' title='bbox 1750 1233 1837 1296; x_wconf 87' lang='lat' dir='ltr'><strong>iis,</strong></span> <span class='ocrx_word' id='word_1_61' title='bbox 1884 1230 1974 1299; x_wconf 92' lang='lat' dir='ltr'><strong>qui</strong></span> <span class='ocrx_word' id='word_1_62' title='bbox 2033 1227 2089 1280; x_wconf 91' lang='lat' dir='ltr'><strong>in</strong></span> 
     </span>
    </p>
   </div>
   <div class='ocr_carea' id='block_1_10' title="bbox 608 1316 2090 1404">
    <p class='ocr_par' dir='ltr' id='par_1_10' title="bbox 608 1316 2090 1404">
     <span class='ocr_line' id='line_1_10' title="bbox 608 1316 2090 1404; baseline -0.017 -10"><span class='ocrx_word' id='word_1_63' title='bbox 608 1362 625 1394; x_wconf 83' lang='grc' dir='ltr'><strong>ι</strong></span> <span class='ocrx_word' id='word_1_64' title='bbox 659 1339 882 1396; x_wconf 83' lang='lat' dir='ltr'><strong>infantia</strong></span> <span class='ocrx_word' id='word_1_65' title='bbox 913 1334 1167 1404; x_wconf 82' lang='lat' dir='ltr'><strong>baptizati</strong></span> <span class='ocrx_word' id='word_1_66' title='bbox 1206 1337 1352 1392; x_wconf 89' lang='lat' dir='ltr'><strong>sunt,</strong></span> <span class='ocrx_word' id='word_1_67' title='bbox 1407 1327 1539 1381; x_wconf 84' lang='lat' dir='ltr'><strong>satis</strong></span> <span class='ocrx_word' id='word_1_68' title='bbox 1597 1324 1878 1385; x_wconf 83' lang='lat' dir='ltr'><strong>habemus,</strong></span> <span class='ocrx_word' id='word_1_69' title='bbox 1924 1327 2006 1382; x_wconf 87' lang='lat' dir='ltr'><strong>ut,</strong></span> <span class='ocrx_word' id='word_1_70' title='bbox 2044 1316 2090 1370; x_wconf 94' lang='lat' dir='ltr'><strong>si</strong></span> 
     </span>
    </p>
   </div>
   <div class='ocr_carea' id='block_1_11' title="bbox 609 1407 2094 1501">
    <p class='ocr_par' dir='ltr' id='par_1_11' title="bbox 609 1407 2094 1501">
     <span class='ocr_line' id='line_1_11' title="bbox 609 1407 2094 1501; baseline -0.019 -14"><span class='ocrx_word' id='word_1_71' title='bbox 609 1452 627 1485; x_wconf 79' lang='grc' dir='ltr'><strong>ι</strong></span> <span class='ocrx_word' id='word_1_72' title='bbox 665 1432 794 1501; x_wconf 79' lang='lat' dir='ltr'><strong>ipsis</strong></span> <span class='ocrx_word' id='word_1_73' title='bbox 831 1429 1026 1498; x_wconf 84' lang='lat' dir='ltr'><strong>placet,</strong></span> <span class='ocrx_word' id='word_1_74' title='bbox 1076 1420 1356 1479; x_wconf 65' lang='lat' dir='ltr'><strong>sententiae</strong></span> <span class='ocrx_word' id='word_1_75' title='bbox 1385 1425 1583 1471; x_wconf 76' lang='lat' dir='ltr'><strong>nostra:</strong></span> <span class='ocrx_word' id='word_1_76' title='bbox 1625 1411 1967 1468; x_wconf 85' lang='lat' dir='ltr'><strong>consentiant</strong></span> <span class='ocrx_word' id='word_1_77' title='bbox 2027 1407 2094 1461; x_wconf 88' lang='lat' dir='ltr'><strong>de</strong></span> 
     </span>
    </p>
   </div>
   <div class='ocr_carea' id='block_1_12' title="bbox 609 1496 2091 1578">
    <p class='ocr_par' dir='ltr' id='par_1_12' title="bbox 609 1496 2091 1578">
     <span class='ocr_line' id='line_1_12' title="bbox 609 1496 2091 1578; baseline -0.017 -3"><span class='ocrx_word' id='word_1_78' title='bbox 609 1544 626 1575; x_wconf 76' lang='grc' dir='ltr'><strong>ι</strong></span> <span class='ocrx_word' id='word_1_79' title='bbox 667 1524 734 1577; x_wconf 92' lang='lat' dir='ltr'><strong>iis</strong></span> <span class='ocrx_word' id='word_1_80' title='bbox 770 1496 1104 1576; x_wconf 75' lang='lat' dir='ltr'><strong>ordinandis.</strong></span> <span class='ocrx_word' id='word_1_81' title='bbox 1130 1511 1321 1566; x_wconf 90' lang='lat' dir='ltr'><strong>Omnia</strong></span> <span class='ocrx_word' id='word_1_82' title='bbox 1345 1523 1495 1578; x_wconf 87' lang='lat' dir='ltr'><strong>ergo,</strong></span> <span class='ocrx_word' id='word_1_83' title='bbox 1529 1519 1647 1575; x_wconf 70' lang='lat' dir='ltr'><strong>quas</strong></span> <span class='ocrx_word' id='word_1_84' title='bbox 1675 1502 1922 1572; x_wconf 86' lang='lat' dir='ltr'><strong>superius</strong></span> <span class='ocrx_word' id='word_1_85' title='bbox 1949 1496 2091 1566; x_wconf 87' lang='lat' dir='ltr'><strong>apud</strong></span> 
     </span>
    </p>
   </div>
   <div class='ocr_carea' id='block_1_13' title="bbox 612 1588 2095 1673">
    <p class='ocr_par' dir='ltr' id='par_1_13' title="bbox 612 1588 2095 1673">
     <span class='ocr_line' id='line_1_13' title="bbox 612 1588 2095 1673; baseline -0.018 -8"><span class='ocrx_word' id='word_1_86' title='bbox 612 1636 630 1665; x_wconf 68' lang='grc' dir='ltr'><strong>ι</strong></span> <span class='ocrx_word' id='word_1_87' title='bbox 672 1610 1040 1668; x_wconf 87' lang='lat' dir='ltr'><strong>sanctissimos</strong></span> <span class='ocrx_word' id='word_1_88' title='bbox 1099 1603 1375 1673; x_wconf 81' lang='lat' dir='ltr'><strong>episcopos</strong></span> <span class='ocrx_word' id='word_1_89' title='bbox 1432 1597 1781 1666; x_wconf 84' lang='lat' dir='ltr'><strong>collegimus,</strong></span> <span class='ocrx_word' id='word_1_90' title='bbox 1848 1588 2095 1645; x_wconf 84' lang='lat' dir='ltr'><strong>facienda</strong></span> 
     </span>
    </p>
   </div>
   <div class='ocr_carea' id='block_1_14' title="bbox 611 1679 2093 1768">
    <p class='ocr_par' dir='ltr' id='par_1_14' title="bbox 611 1679 2093 1768">
     <span class='ocr_line' id='line_1_14' title="bbox 611 1679 2093 1768; baseline -0.018 -9"><span class='ocrx_word' id='word_1_91' title='bbox 611 1725 631 1758; x_wconf 76' lang='grc' dir='ltr'><strong>ι</strong></span> <span class='ocrx_word' id='word_1_92' title='bbox 668 1717 786 1758; x_wconf 87' lang='lat' dir='ltr'><strong>esse</strong></span> <span class='ocrx_word' id='word_1_93' title='bbox 798 1713 1010 1768; x_wconf 71' lang='lat' dir='ltr'><strong>aequum</strong></span> <span class='ocrx_word' id='word_1_94' title='bbox 1029 1704 1209 1752; x_wconf 87' lang='lat' dir='ltr'><strong>censet</strong></span> <span class='ocrx_word' id='word_1_95' title='bbox 1233 1706 1338 1748; x_wconf 89' lang='lat' dir='ltr'><strong>una</strong></span> <span class='ocrx_word' id='word_1_96' title='bbox 1363 1703 1572 1744; x_wconf 87' lang='lat' dir='ltr'><strong>mecum</strong></span> <span class='ocrx_word' id='word_1_97' title='bbox 1596 1695 1770 1743; x_wconf 82' lang='lat' dir='ltr'><strong>vestra</strong></span> <span class='ocrx_word' id='word_1_98' title='bbox 1794 1679 2093 1738; x_wconf 84' lang='lat' dir='ltr'><strong>veneranda</strong></span> 
     </span>
    </p>
   </div>
   <div class='ocr_carea' id='block_1_15' title="bbox 614 1791 1055 1849">
    <p class='ocr_par' dir='ltr' id='par_1_15' title="bbox 614 1791 1055 1849">
     <span class='ocr_line' id='line_1_15' title="bbox 614 1791 1055 1849; baseline -0.018 -1"><span class='ocrx_word' id='word_1_99' title='bbox 614 1814 633 1848; x_wconf 77' lang='grc' dir='ltr'><strong>ι</strong></span> <span class='ocrx_word' id='word_1_100' title='bbox 671 1791 996 1849; x_wconf 76' lang='lat' dir='ltr'><strong>fraternitas.</strong></span> <span class='ocrx_word' id='word_1_101' title='bbox 1035 1806 1055 1840; x_wconf 70' lang='grc' dir='ltr'><strong>ι</strong></span> 
     </span>
    </p>
   </div>
   <div class='ocr_carea' id='block_1_16' title="bbox 2133 1867 2179 1922">
    <p class='ocr_par' dir='ltr' id='par_1_16' title="bbox 2133 1867 2179 1922">
     <span class='ocr_line' id='line_1_16' title="bbox 2133 1867 2179 1922; baseline 0 0"><span class='ocrx_word' id='word_1_102' title='bbox 2133 1867 2179 1922; x_wconf 82' lang='grc' dir='ltr'><strong>Β</strong></span> 
     </span>
    </p>
   </div>
   <div class='ocr_carea' id='block_1_17' title="bbox 624 2423 2106 2502">
    <p class='ocr_par' dir='ltr' id='par_1_17' title="bbox 624 2423 2106 2502">
     <span class='ocr_line' id='line_1_17' title="bbox 624 2423 2106 2502; baseline -0.017 1"><span class='ocrx_word' id='word_1_103' title='bbox 624 2445 814 2502; x_wconf 79' lang='lat' dir='ltr'><strong>BALS.</strong></span> <span class='ocrx_word' id='word_1_104' title='bbox 841 2453 893 2499; x_wconf 91' lang='lat' dir='ltr'><strong>et</strong></span> <span class='ocrx_word' id='word_1_105' title='bbox 935 2438 1185 2497; x_wconf 79' lang='lat' dir='ltr'><strong>ZONAR.</strong></span> <span class='ocrx_word' id='word_1_106' title='bbox 1230 2435 1470 2490; x_wconf 85' lang='lat' dir='ltr'><strong>Donatus</strong></span> <span class='ocrx_word' id='word_1_107' title='bbox 1498 2430 1718 2500; x_wconf 89' lang='lat' dir='ltr'><strong>quidam</strong></span> <span class='ocrx_word' id='word_1_108' title='bbox 1765 2425 1979 2482; x_wconf 88' lang='lat' dir='ltr'><strong>nomine</strong></span> <span class='ocrx_word' id='word_1_109' title='bbox 2006 2423 2106 2480; x_wconf 83' lang='lat' dir='ltr'><strong>luit</strong></span> 
     </span>
    </p>
   </div>
   <div class='ocr_carea' id='block_1_18' title="bbox 556 2522 2105 2599">
    <p class='ocr_par' dir='ltr' id='par_1_18' title="bbox 556 2522 2105 2599">
     <span class='ocr_line' id='line_1_18' title="bbox 556 2522 2105 2599; baseline -0.017 -4"><span class='ocrx_word' id='word_1_110' title='bbox 556 2550 738 2594; x_wconf 79' lang='lat' dir='ltr'><strong>auctor</strong></span> <span class='ocrx_word' id='word_1_111' title='bbox 769 2535 1006 2594; x_wconf 65' lang='lat' dir='ltr'><strong>haeresis,</strong></span> <span class='ocrx_word' id='word_1_112' title='bbox 1036 2530 1127 2599; x_wconf 85' lang='lat' dir='ltr'><strong>qui</strong></span> <span class='ocrx_word' id='word_1_113' title='bbox 1155 2542 1257 2582; x_wconf 92' lang='lat' dir='ltr'><strong>non</strong></span> <span class='ocrx_word' id='word_1_114' title='bbox 1298 2525 1430 2578; x_wconf 86' lang='lat' dir='ltr'><strong>alias</strong></span> <span class='ocrx_word' id='word_1_115' title='bbox 1464 2522 1764 2576; x_wconf 81' lang='lat' dir='ltr'><strong>divinorum</strong></span> <span class='ocrx_word' id='word_1_116' title='bbox 1798 2531 1920 2571; x_wconf 87' lang='lat' dir='ltr'><strong>esse</strong></span> <span class='ocrx_word' id='word_1_117' title='bbox 1992 2529 2105 2583; x_wconf 85' lang='lat' dir='ltr'><strong>my-</strong></span> 
     </span>
    </p>
   </div>
   <div class='ocr_carea' id='block_1_19' title="bbox 554 2609 2108 2693">
    <p class='ocr_par' dir='ltr' id='par_1_19' title="bbox 554 2609 2108 2693">
     <span class='ocr_line' id='line_1_19' title="bbox 554 2609 2108 2693; baseline -0.019 -8"><span class='ocrx_word' id='word_1_118' title='bbox 554 2627 837 2686; x_wconf 83' lang='lat' dir='ltr'><strong>steriorum</strong></span> <span class='ocrx_word' id='word_1_119' title='bbox 883 2621 1192 2693; x_wconf 81' lang='lat' dir='ltr'><strong>participem</strong></span> <span class='ocrx_word' id='word_1_120' title='bbox 1237 2615 1483 2677; x_wconf 84' lang='lat' dir='ltr'><strong>docebat,</strong></span> <span class='ocrx_word' id='word_1_121' title='bbox 1537 2609 1639 2663; x_wconf 89' lang='lat' dir='ltr'><strong>nisi</strong></span> <span class='ocrx_word' id='word_1_122' title='bbox 1696 2622 1756 2661; x_wconf 89' lang='lat' dir='ltr'><strong>os</strong></span> <span class='ocrx_word' id='word_1_123' title='bbox 1789 2609 1842 2659; x_wconf 91' lang='lat' dir='ltr'><strong>in</strong></span> <span class='ocrx_word' id='word_1_124' title='bbox 1891 2617 2108 2658; x_wconf 87' lang='lat' dir='ltr'><strong>manum</strong></span> 
     </span>
    </p>
   </div>
   <div class='ocr_carea' id='block_1_20' title="bbox 558 2695 2107 2783">
    <p class='ocr_par' dir='ltr' id='par_1_20' title="bbox 558 2695 2107 2783">
     <span class='ocr_line' id='line_1_20' title="bbox 558 2695 2107 2783; baseline -0.019 -8"><span class='ocrx_word' id='word_1_125' title='bbox 558 2733 742 2777; x_wconf 87' lang='lat' dir='ltr'><strong>tenens</strong></span> <span class='ocrx_word' id='word_1_126' title='bbox 771 2719 868 2771; x_wconf 92' lang='lat' dir='ltr'><strong>hoc</strong></span> <span class='ocrx_word' id='word_1_127' title='bbox 895 2713 1044 2783; x_wconf 86' lang='lat' dir='ltr'><strong>prius</strong></span> <span class='ocrx_word' id='word_1_128' title='bbox 1074 2708 1371 2769; x_wconf 85' lang='lat' dir='ltr'><strong>salutaret,</strong></span> <span class='ocrx_word' id='word_1_129' title='bbox 1423 2711 1474 2758; x_wconf 92' lang='lat' dir='ltr'><strong>et</strong></span> <span class='ocrx_word' id='word_1_130' title='bbox 1529 2702 1610 2756; x_wconf 87' lang='lat' dir='ltr'><strong>sic</strong></span> <span class='ocrx_word' id='word_1_131' title='bbox 1660 2695 2107 2753; x_wconf 85' lang='lat' dir='ltr'><strong>communicaret.</strong></span> 
     </span>
    </p>
   </div>
   <div class='ocr_carea' id='block_1_21' title="bbox 557 2782 2111 2877">
    <p class='ocr_par' dir='ltr' id='par_1_21' title="bbox 557 2782 2111 2877">
     <span class='ocr_line' id='line_1_21' title="bbox 557 2782 2111 2877; baseline -0.021 -10"><span class='ocrx_word' id='word_1_132' title='bbox 557 2813 704 2866; x_wconf 82' lang='lat' dir='ltr'><strong>illius</strong></span> <span class='ocrx_word' id='word_1_133' title='bbox 755 2782 1159 2877; x_wconf 18' lang='lat' dir='ltr'><strong>ergoihaeresim</strong></span> <span class='ocrx_word' id='word_1_134' title='bbox 1203 2803 1486 2863; x_wconf 86' lang='lat' dir='ltr'><strong>sequentes</strong></span> <span class='ocrx_word' id='word_1_135' title='bbox 1541 2787 1955 2845; x_wconf 87' lang='lat' dir='ltr'><strong>nominabantur</strong></span> <span class='ocrx_word' id='word_1_136' title='bbox 2007 2782 2111 2836; x_wconf 58' lang='lat' dir='ltr'><strong>Do-</strong></span> 
     </span>
    </p>
   </div>
   <div class='ocr_carea' id='block_1_22' title="bbox 560 2873 2114 2958">
    <p class='ocr_par' dir='ltr' id='par_1_22' title="bbox 560 2873 2114 2958">
     <span class='ocr_line' id='line_1_22' title="bbox 560 2873 2114 2958; baseline -0.017 -6"><span class='ocrx_word' id='word_1_137' title='bbox 560 2879 785 2953; x_wconf 73' lang='lat' dir='ltr'><strong>natistae.</strong></span> <span class='ocrx_word' id='word_1_138' title='bbox 819 2873 892 2947; x_wconf 87' lang='lat' dir='ltr'><strong>De</strong></span> <span class='ocrx_word' id='word_1_139' title='bbox 924 2891 992 2946; x_wconf 89' lang='lat' dir='ltr'><strong>iis</strong></span> <span class='ocrx_word' id='word_1_140' title='bbox 1013 2903 1162 2958; x_wconf 87' lang='lat' dir='ltr'><strong>ergo,</strong></span> <span class='ocrx_word' id='word_1_141' title='bbox 1196 2894 1253 2938; x_wconf 89' lang='lat' dir='ltr'><strong>ut</strong></span> <span class='ocrx_word' id='word_1_142' title='bbox 1279 2886 1330 2938; x_wconf 91' lang='lat' dir='ltr'><strong>in</strong></span> <span class='ocrx_word' id='word_1_143' title='bbox 1363 2895 1571 2938; x_wconf 87' lang='lat' dir='ltr'><strong>canone</strong></span> <span class='ocrx_word' id='word_1_144' title='bbox 1595 2879 1662 2932; x_wconf 71' lang='grc'><strong>47</strong></span> <span class='ocrx_word' id='word_1_145' title='bbox 1717 2877 1878 2946; x_wconf 84' lang='lat' dir='ltr'><strong>hujus</strong></span> <span class='ocrx_word' id='word_1_146' title='bbox 1925 2873 2114 2945; x_wconf 88' lang='lat' dir='ltr'><strong>synodi</strong></span> 
     </span>
    </p>
   </div>
   <div class='ocr_carea' id='block_1_23' title="bbox 560 2965 2118 3045">
    <p class='ocr_par' dir='ltr' id='par_1_23' title="bbox 560 2965 2118 3045">
     <span class='ocr_line' id='line_1_23' title="bbox 560 2965 2118 3045; baseline -0.017 -3"><span class='ocrx_word' id='word_1_147' title='bbox 560 2987 759 3042; x_wconf 84' lang='lat' dir='ltr'><strong>dictum</strong></span> <span class='ocrx_word' id='word_1_148' title='bbox 794 2992 896 3045; x_wconf 89' lang='lat' dir='ltr'><strong>est,</strong></span> <span class='ocrx_word' id='word_1_149' title='bbox 925 2981 1098 3033; x_wconf 81' lang='lat' dir='ltr'><strong>visum</strong></span> <span class='ocrx_word' id='word_1_150' title='bbox 1128 2984 1214 3030; x_wconf 87' lang='lat' dir='ltr'><strong>est</strong></span> <span class='ocrx_word' id='word_1_151' title='bbox 1242 2973 1490 3027; x_wconf 88' lang='lat' dir='ltr'><strong>Patribus</strong></span> <span class='ocrx_word' id='word_1_152' title='bbox 1523 2972 1852 3036; x_wconf 85' lang='lat' dir='ltr'><strong>interrogare</strong></span> <span class='ocrx_word' id='word_1_153' title='bbox 1875 3005 1890 3030; x_wconf 92' lang='lat'><strong>,</strong></span> <span class='ocrx_word' id='word_1_154' title='bbox 1928 2978 1995 3018; x_wconf 90' lang='lat' dir='ltr'><strong>an</strong></span> <span class='ocrx_word' id='word_1_155' title='bbox 2036 2965 2118 3018; x_wconf 86' lang='lat' dir='ltr'><strong>in-</strong></span> 
     </span>
    </p>
   </div>
   <div class='ocr_carea' id='block_1_24' title="bbox 566 3055 2114 3137">
    <p class='ocr_par' dir='ltr' id='par_1_24' title="bbox 566 3055 2114 3137">
     <span class='ocr_line' id='line_1_24' title="bbox 566 3055 2114 3137; baseline -0.017 -5"><span class='ocrx_word' id='word_1_156' title='bbox 566 3077 738 3131; x_wconf 77' lang='lat' dir='ltr'><strong>fantes</strong></span> <span class='ocrx_word' id='word_1_157' title='bbox 758 3086 968 3133; x_wconf 87' lang='lat' dir='ltr'><strong>eorum,</strong></span> <span class='ocrx_word' id='word_1_158' title='bbox 995 3071 1086 3137; x_wconf 89' lang='lat' dir='ltr'><strong>qui</strong></span> <span class='ocrx_word' id='word_1_159' title='bbox 1132 3064 1385 3132; x_wconf 83' lang='lat' dir='ltr'><strong>haptizati</strong></span> <span class='ocrx_word' id='word_1_160' title='bbox 1429 3063 1642 3115; x_wconf 81' lang='lat' dir='ltr'><strong>fuerant</strong></span> <span class='ocrx_word' id='word_1_161' title='bbox 1685 3073 1715 3111; x_wconf 91' lang='lat' dir='ltr'><strong>a</strong></span> <span class='ocrx_word' id='word_1_162' title='bbox 1767 3055 2114 3125; x_wconf 86' lang='lat' dir='ltr'><strong>parentibus,</strong></span> 
     </span>
    </p>
   </div>
   <div class='ocr_carea' id='block_1_25' title="bbox 565 3144 2117 3235">
    <p class='ocr_par' dir='ltr' id='par_1_25' title="bbox 565 3144 2117 3235">
     <span class='ocr_line' id='line_1_25' title="bbox 565 3144 2117 3235; baseline -0.015 -15"><span class='ocrx_word' id='word_1_163' title='bbox 565 3167 654 3235; x_wconf 84' lang='lat' dir='ltr'><strong>qui</strong></span> <span class='ocrx_word' id='word_1_164' title='bbox 679 3172 829 3220; x_wconf 90' lang='lat' dir='ltr'><strong>erant</strong></span> <span class='ocrx_word' id='word_1_165' title='bbox 857 3161 955 3230; x_wconf 86' lang='lat' dir='ltr'><strong>ipsi</strong></span> <span class='ocrx_word' id='word_1_166' title='bbox 1003 3157 1316 3217; x_wconf 68' lang='lat' dir='ltr'><strong>Donatistae,</strong></span> <span class='ocrx_word' id='word_1_167' title='bbox 1353 3152 1544 3206; x_wconf 85' lang='lat' dir='ltr'><strong>deinde</strong></span> <span class='ocrx_word' id='word_1_168' title='bbox 1578 3165 1606 3202; x_wconf 89' lang='lat' dir='ltr'><strong>a</strong></span> <span class='ocrx_word' id='word_1_169' title='bbox 1631 3147 1892 3202; x_wconf 87' lang='lat' dir='ltr'><strong>catholica</strong></span> <span class='ocrx_word' id='word_1_170' title='bbox 1931 3144 2117 3198; x_wconf 85' lang='lat' dir='ltr'><strong>Eccle-</strong></span> 
     </span>
    </p>
   </div>
   <div class='ocr_carea' id='block_1_26' title="bbox 565 3233 2118 3317">
    <p class='ocr_par' dir='ltr' id='par_1_26' title="bbox 565 3233 2118 3317">
     <span class='ocr_line' id='line_1_26' title="bbox 565 3233 2118 3317; baseline -0.017 -7"><span class='ocrx_word' id='word_1_171' title='bbox 565 3233 644 3309; x_wconf 77' lang='lat' dir='ltr'><strong>sia</strong></span> <span class='ocrx_word' id='word_1_172' title='bbox 679 3250 908 3317; x_wconf 86' lang='lat' dir='ltr'><strong>suscepti</strong></span> <span class='ocrx_word' id='word_1_173' title='bbox 944 3253 1087 3309; x_wconf 88' lang='lat' dir='ltr'><strong>sunt,</strong></span> <span class='ocrx_word' id='word_1_174' title='bbox 1122 3243 1186 3298; x_wconf 87' lang='lat' dir='ltr'><strong>ad</strong></span> <span class='ocrx_word' id='word_1_175' title='bbox 1217 3239 1612 3296; x_wconf 88' lang='lat' dir='ltr'><strong>ordinationem</strong></span> <span class='ocrx_word' id='word_1_176' title='bbox 1646 3250 1859 3305; x_wconf 86' lang='lat' dir='ltr'><strong>quoque</strong></span> <span class='ocrx_word' id='word_1_177' title='bbox 1889 3235 1939 3286; x_wconf 91' lang='lat' dir='ltr'><strong>in</strong></span> <span class='ocrx_word' id='word_1_178' title='bbox 1974 3233 2118 3286; x_wconf 84' lang='lat' dir='ltr'><strong>clero</strong></span> 
     </span>
    </p>
   </div>
   <div class='ocr_carea' id='block_1_27' title="bbox 561 3329 2119 3414">
    <p class='ocr_par' dir='ltr' id='par_1_27' title="bbox 561 3329 2119 3414">
     <span class='ocr_line' id='line_1_27' title="bbox 561 3329 2119 3414; baseline -0.017 -13"><span class='ocrx_word' id='word_1_179' title='bbox 561 3333 889 3414; x_wconf 71' lang='lat' dir='ltr'><strong>suscipiendi</strong></span> <span class='ocrx_word' id='word_1_180' title='bbox 919 3342 1029 3393; x_wconf 88' lang='lat' dir='ltr'><strong>sint</strong></span> <span class='ocrx_word' id='word_1_181' title='bbox 1057 3376 1071 3401; x_wconf 92' lang='lat'><strong>,</strong></span> <span class='ocrx_word' id='word_1_182' title='bbox 1106 3350 1173 3389; x_wconf 91' lang='lat' dir='ltr'><strong>an</strong></span> <span class='ocrx_word' id='word_1_183' title='bbox 1205 3331 1351 3386; x_wconf 90' lang='lat' dir='ltr'><strong>non?</strong></span> <span class='ocrx_word' id='word_1_184' title='bbox 1384 3329 1497 3384; x_wconf 84' lang='lat' dir='ltr'><strong>Hoc</strong></span> <span class='ocrx_word' id='word_1_185' title='bbox 1521 3342 1648 3397; x_wconf 89' lang='lat' dir='ltr'><strong>ergo</strong></span> <span class='ocrx_word' id='word_1_186' title='bbox 1694 3340 1880 3380; x_wconf 85' lang='lat' dir='ltr'><strong>rursus</strong></span> <span class='ocrx_word' id='word_1_187' title='bbox 1910 3337 2119 3390; x_wconf 87' lang='lat' dir='ltr'><strong>quoque</strong></span> 
     </span>
    </p>
   </div>
   <div class='ocr_carea' id='block_1_28' title="bbox 567 3412 2120 3497">
    <p class='ocr_par' dir='ltr' id='par_1_28' title="bbox 567 3412 2120 3497">
     <span class='ocr_line' id='line_1_28' title="bbox 567 3412 2120 3497; baseline -0.015 -8"><span class='ocrx_word' id='word_1_188' title='bbox 567 3412 854 3489; x_wconf 70' lang='lat' dir='ltr'><strong>introducit</strong></span> <span class='ocrx_word' id='word_1_189' title='bbox 885 3427 1149 3497; x_wconf 80' lang='lat' dir='ltr'><strong>synodus,</strong></span> <span class='ocrx_word' id='word_1_190' title='bbox 1177 3435 1229 3476; x_wconf 90' lang='lat' dir='ltr'><strong>et</strong></span> <span class='ocrx_word' id='word_1_191' title='bbox 1251 3422 1352 3476; x_wconf 79' lang='lat' dir='ltr'><strong>fert</strong></span> <span class='ocrx_word' id='word_1_192' title='bbox 1381 3419 1703 3475; x_wconf 86' lang='lat' dir='ltr'><strong>sententiam</strong></span> <span class='ocrx_word' id='word_1_193' title='bbox 1728 3454 1744 3480; x_wconf 91' lang='lat'><strong>,</strong></span> <span class='ocrx_word' id='word_1_194' title='bbox 1777 3416 1921 3483; x_wconf 87' lang='lat' dir='ltr'><strong>quod</strong></span> <span class='ocrx_word' id='word_1_195' title='bbox 1950 3429 1980 3468; x_wconf 95' lang='lat' dir='ltr'><strong>a</strong></span> <span class='ocrx_word' id='word_1_196' title='bbox 2018 3412 2120 3466; x_wconf 88' lang='lat' dir='ltr'><strong>Do-</strong></span> 
     </span>
    </p>
   </div>
   <div class='ocr_carea' id='block_1_29' title="bbox 564 3506 2120 3579">
    <p class='ocr_par' dir='ltr' id='par_1_29' title="bbox 564 3506 2120 3579">
     <span class='ocr_line' id='line_1_29' title="bbox 564 3506 2120 3579; baseline -0.013 -3"><span class='ocrx_word' id='word_1_197' title='bbox 564 3522 785 3576; x_wconf 65' lang='lat' dir='ltr'><strong>aatistis</strong></span> <span class='ocrx_word' id='word_1_198' title='bbox 856 3520 909 3570; x_wconf 92' lang='lat' dir='ltr'><strong>in</strong></span> <span class='ocrx_word' id='word_1_199' title='bbox 960 3515 1185 3568; x_wconf 74' lang='lat' dir='ltr'><strong>infantia</strong></span> <span class='ocrx_word' id='word_1_200' title='bbox 1238 3511 1530 3579; x_wconf 81' lang='lat' dir='ltr'><strong>baptizati,</strong></span> <span class='ocrx_word' id='word_1_201' title='bbox 1588 3516 1644 3560; x_wconf 95' lang='lat' dir='ltr'><strong>ut</strong></span> <span class='ocrx_word' id='word_1_202' title='bbox 1690 3506 1780 3574; x_wconf 92' lang='lat' dir='ltr'><strong>qui</strong></span> <span class='ocrx_word' id='word_1_203' title='bbox 1837 3516 1963 3558; x_wconf 91' lang='lat' dir='ltr'><strong>tunc</strong></span> <span class='ocrx_word' id='word_1_204' title='bbox 2015 3517 2120 3557; x_wconf 91' lang='lat' dir='ltr'><strong>non</strong></span> 
     </span>
    </p>
   </div>
   <div class='ocr_carea' id='block_1_30' title="bbox 568 3591 2123 3680">
    <p class='ocr_par' dir='ltr' id='par_1_30' title="bbox 568 3591 2123 3680">
     <span class='ocr_line' id='line_1_30' title="bbox 568 3591 2123 3680; baseline -0.015 -14"><span class='ocrx_word' id='word_1_205' title='bbox 568 3609 842 3680; x_wconf 87' lang='lat' dir='ltr'><strong>potuerint</strong></span> <span class='ocrx_word' id='word_1_206' title='bbox 873 3606 1072 3660; x_wconf 86' lang='lat' dir='ltr'><strong>erroris</strong></span> <span class='ocrx_word' id='word_1_207' title='bbox 1102 3603 1394 3672; x_wconf 89' lang='lat' dir='ltr'><strong>perniciem</strong></span> <span class='ocrx_word' id='word_1_208' title='bbox 1422 3610 1712 3667; x_wconf 75' lang='lat' dir='ltr'><strong>agnoscere</strong></span> <span class='ocrx_word' id='word_1_209' title='bbox 1738 3612 1753 3660; x_wconf 86' lang='lat'><strong>;</strong></span> <span class='ocrx_word' id='word_1_210' title='bbox 1807 3594 2017 3662; x_wconf 85' lang='lat' dir='ltr'><strong>quando</strong></span> <span class='ocrx_word' id='word_1_211' title='bbox 2058 3591 2123 3644; x_wconf 91' lang='lat' dir='ltr'><strong>ad</strong></span> 
     </span>
    </p>
   </div>
   <div class='ocr_carea' id='block_1_31' title="bbox 572 3687 2124 3756">
    <p class='ocr_par' dir='ltr' id='par_1_31' title="bbox 572 3687 2124 3756">
     <span class='ocr_line' id='line_1_31' title="bbox 572 3687 2124 3756; baseline -0.014 -1"><span class='ocrx_word' id='word_1_212' title='bbox 572 3713 779 3755; x_wconf 65' lang='lat' dir='ltr'><strong>atatem</strong></span> <span class='ocrx_word' id='word_1_213' title='bbox 809 3694 1052 3755; x_wconf 87' lang='lat' dir='ltr'><strong>rationis,</strong></span> <span class='ocrx_word' id='word_1_214' title='bbox 1091 3695 1192 3745; x_wconf 91' lang='lat' dir='ltr'><strong>hoc</strong></span> <span class='ocrx_word' id='word_1_215' title='bbox 1215 3699 1314 3744; x_wconf 88' lang='lat' dir='ltr'><strong>est.</strong></span> <span class='ocrx_word' id='word_1_216' title='bbox 1351 3687 1649 3756; x_wconf 62' lang='lat' dir='ltr'><strong>prudentiae</strong></span> <span class='ocrx_word' id='word_1_217' title='bbox 1700 3697 1946 3753; x_wconf 87' lang='lat' dir='ltr'><strong>capacem</strong></span> <span class='ocrx_word' id='word_1_218' title='bbox 2001 3697 2124 3750; x_wconf 88' lang='lat' dir='ltr'><strong>per-</strong></span> 
     </span>
    </p>
   </div>
   <div class='ocr_carea' id='block_1_32' title="bbox 571 3772 2124 3853">
    <p class='ocr_par' dir='ltr' id='par_1_32' title="bbox 571 3772 2124 3853">
     <span class='ocr_line' id='line_1_32' title="bbox 571 3772 2124 3853; baseline -0.014 -9"><span class='ocrx_word' id='word_1_219' title='bbox 571 3792 836 3851; x_wconf 83' lang='lat' dir='ltr'><strong>venerint,</strong></span> <span class='ocrx_word' id='word_1_220' title='bbox 865 3794 920 3839; x_wconf 91' lang='lat' dir='ltr'><strong>ut</strong></span> <span class='ocrx_word' id='word_1_221' title='bbox 952 3783 1160 3853; x_wconf 88' lang='lat' dir='ltr'><strong>possint</strong></span> <span class='ocrx_word' id='word_1_222' title='bbox 1192 3779 1468 3834; x_wconf 82' lang='lat' dir='ltr'><strong>veritatem</strong></span> <span class='ocrx_word' id='word_1_223' title='bbox 1500 3776 1800 3843; x_wconf 78' lang='lat' dir='ltr'><strong>intelligere</strong></span> <span class='ocrx_word' id='word_1_224' title='bbox 1824 3785 1874 3827; x_wconf 89' lang='lat' dir='ltr'><strong>ct</strong></span> <span class='ocrx_word' id='word_1_225' title='bbox 1914 3772 2124 3825; x_wconf 89' lang='lat' dir='ltr'><strong>illorum</strong></span> 
     </span>
    </p>
   </div>
   <div class='ocr_carea' id='block_1_33' title="bbox 576 3862 2124 3949">
    <p class='ocr_par' dir='ltr' id='par_1_33' title="bbox 576 3862 2124 3949">
     <span class='ocr_line' id='line_1_33' title="bbox 576 3862 2124 3949; baseline -0.015 -15"><span class='ocrx_word' id='word_1_226' title='bbox 576 3880 966 3949; x_wconf 85' lang='lat' dir='ltr'><strong>improbitatem</strong></span> <span class='ocrx_word' id='word_1_227' title='bbox 996 3873 1171 3927; x_wconf 88' lang='lat' dir='ltr'><strong>odisse</strong></span> <span class='ocrx_word' id='word_1_228' title='bbox 1209 3886 1224 3921; x_wconf 89' lang='lat'><strong>:</strong></span> <span class='ocrx_word' id='word_1_229' title='bbox 1253 3871 1294 3920; x_wconf 87' lang='lat' dir='ltr'><strong>si</strong></span> <span class='ocrx_word' id='word_1_230' title='bbox 1324 3868 1391 3920; x_wconf 89' lang='lat' dir='ltr'><strong>ad</strong></span> <span class='ocrx_word' id='word_1_231' title='bbox 1430 3865 1708 3920; x_wconf 86' lang='lat' dir='ltr'><strong>ecclesiam</strong></span> <span class='ocrx_word' id='word_1_232' title='bbox 1758 3862 2081 3917; x_wconf 86' lang='lat' dir='ltr'><strong>accesserint</strong></span> <span class='ocrx_word' id='word_1_233' title='bbox 2108 3900 2124 3926; x_wconf 88' lang='lat'><strong>,</strong></span> 
     </span>
    </p>
   </div>
   <div class='ocr_carea' id='block_1_34' title="bbox 578 3952 2129 4039">
    <p class='ocr_par' dir='ltr' id='par_1_34' title="bbox 578 3952 2129 4039">
     <span class='ocr_line' id='line_1_34' title="bbox 578 3952 2129 4039; baseline -0.014 -14"><span class='ocrx_word' id='word_1_234' title='bbox 578 3973 612 4025; x_wconf 91' lang='lat' dir='ltr'><strong>ii</strong></span> <span class='ocrx_word' id='word_1_235' title='bbox 639 3985 729 4039; x_wconf 92' lang='lat' dir='ltr'><strong>per</strong></span> <span class='ocrx_word' id='word_1_236' title='bbox 774 3977 1026 4020; x_wconf 87' lang='lat' dir='ltr'><strong>manuum</strong></span> <span class='ocrx_word' id='word_1_237' title='bbox 1078 3958 1470 4029; x_wconf 88' lang='lat' dir='ltr'><strong>impositionem</strong></span> <span class='ocrx_word' id='word_1_238' title='bbox 1523 3953 1885 4022; x_wconf 89' lang='lat' dir='ltr'><strong>suscipiantur</strong></span> <span class='ocrx_word' id='word_1_239' title='bbox 1943 3952 2129 4004; x_wconf 88' lang='lat' dir='ltr'><strong>ordine</strong></span> 
     </span>
    </p>
   </div>
   <div class='ocr_carea' id='block_1_35' title="bbox 578 4041 2130 4129">
    <p class='ocr_par' dir='ltr' id='par_1_35' title="bbox 578 4041 2130 4129">
     <span class='ocr_line' id='line_1_35' title="bbox 578 4041 2130 4129; baseline -0.015 -15"><span class='ocrx_word' id='word_1_240' title='bbox 578 4059 806 4129; x_wconf 88' lang='lat' dir='ltr'><strong>quodam</strong></span> <span class='ocrx_word' id='word_1_241' title='bbox 833 4066 886 4109; x_wconf 90' lang='lat' dir='ltr'><strong>et</strong></span> <span class='ocrx_word' id='word_1_242' title='bbox 919 4068 982 4106; x_wconf 78' lang='lat' dir='ltr'><strong>ex</strong></span> <span class='ocrx_word' id='word_1_243' title='bbox 1010 4050 1180 4103; x_wconf 85' lang='lat' dir='ltr'><strong>forma</strong></span> <span class='ocrx_word' id='word_1_244' title='bbox 1211 4053 1466 4112; x_wconf 80' lang='lat' dir='ltr'><strong>antiqua;</strong></span> <span class='ocrx_word' id='word_1_245' title='bbox 1518 4051 1571 4097; x_wconf 90' lang='lat' dir='ltr'><strong>et</strong></span> <span class='ocrx_word' id='word_1_246' title='bbox 1622 4057 1724 4094; x_wconf 92' lang='lat' dir='ltr'><strong>non</strong></span> <span class='ocrx_word' id='word_1_247' title='bbox 1773 4041 2130 4108; x_wconf 87' lang='lat' dir='ltr'><strong>impediantur</strong></span> 
     </span>
    </p>
   </div>
   <div class='ocr_carea' id='block_1_36' title="bbox 580 4131 2131 4217">
    <p class='ocr_par' dir='ltr' id='par_1_36' title="bbox 580 4131 2131 4217">
     <span class='ocr_line' id='line_1_36' title="bbox 580 4131 2131 4217; baseline -0.013 -15"><span class='ocrx_word' id='word_1_248' title='bbox 580 4145 863 4217; x_wconf 79' lang='lat' dir='ltr'><strong>quominus</strong></span> <span class='ocrx_word' id='word_1_249' title='bbox 898 4143 952 4195; x_wconf 88' lang='lat' dir='ltr'><strong>in</strong></span> <span class='ocrx_word' id='word_1_250' title='bbox 984 4140 1185 4213; x_wconf 87' lang='lat' dir='ltr'><strong>clerum</strong></span> <span class='ocrx_word' id='word_1_251' title='bbox 1219 4136 1591 4196; x_wconf 87' lang='lat' dir='ltr'><strong>admittantur,</strong></span> <span class='ocrx_word' id='word_1_252' title='bbox 1621 4131 1834 4185; x_wconf 86' lang='lat' dir='ltr'><strong>Christo</strong></span> <span class='ocrx_word' id='word_1_253' title='bbox 1858 4145 1988 4199; x_wconf 90' lang='lat' dir='ltr'><strong>pure</strong></span> <span class='ocrx_word' id='word_1_254' title='bbox 2017 4145 2131 4184; x_wconf 87' lang='lat' dir='ltr'><strong>cre-</strong></span> 
     </span>
    </p>
   </div>
   <div class='ocr_carea' id='block_1_37' title="bbox 580 4220 2130 4296">
    <p class='ocr_par' dir='ltr' id='par_1_37' title="bbox 580 4220 2130 4296">
     <span class='ocr_line' id='line_1_37' title="bbox 580 4220 2130 4296; baseline -0.012 -6"><span class='ocrx_word' id='word_1_255' title='bbox 580 4240 784 4296; x_wconf 83' lang='lat' dir='ltr'><strong>dentes,</strong></span> <span class='ocrx_word' id='word_1_256' title='bbox 808 4241 860 4285; x_wconf 88' lang='lat' dir='ltr'><strong>et</strong></span> <span class='ocrx_word' id='word_1_257' title='bbox 888 4239 1086 4282; x_wconf 71' lang='lat' dir='ltr'><strong>sancta:</strong></span> <span class='ocrx_word' id='word_1_258' title='bbox 1119 4224 1402 4280; x_wconf 90' lang='lat' dir='ltr'><strong>Trinitatis</strong></span> <span class='ocrx_word' id='word_1_259' title='bbox 1455 4227 1789 4277; x_wconf 88' lang='lat' dir='ltr'><strong>sacramenta</strong></span> <span class='ocrx_word' id='word_1_260' title='bbox 1843 4235 1936 4274; x_wconf 91' lang='lat' dir='ltr'><strong>seu</strong></span> <span class='ocrx_word' id='word_1_261' title='bbox 1994 4220 2130 4273; x_wconf 89' lang='lat' dir='ltr'><strong>dona</strong></span> 
     </span>
    </p>
   </div>
   <div class='ocr_carea' id='block_1_38' title="bbox 583 4309 2133 4386">
    <p class='ocr_par' dir='ltr' id='par_1_38' title="bbox 583 4309 2133 4386">
     <span class='ocr_line' id='line_1_38' title="bbox 583 4309 2133 4386; baseline -0.01 -8"><span class='ocrx_word' id='word_1_262' title='bbox 583 4324 761 4378; x_wconf 82' lang='lat' dir='ltr'><strong>divina</strong></span> <span class='ocrx_word' id='word_1_263' title='bbox 795 4319 1168 4386; x_wconf 86' lang='lat' dir='ltr'><strong>suscipientes,</strong></span> <span class='ocrx_word' id='word_1_264' title='bbox 1203 4328 1321 4382; x_wconf 73' lang='lat' dir='ltr'><strong>quae</strong></span> <span class='ocrx_word' id='word_1_265' title='bbox 1374 4321 1500 4366; x_wconf 91' lang='lat' dir='ltr'><strong>sunt</strong></span> <span class='ocrx_word' id='word_1_266' title='bbox 1563 4324 1759 4378; x_wconf 83' lang='lat' dir='ltr'><strong>corpus</strong></span> <span class='ocrx_word' id='word_1_267' title='bbox 1815 4318 1868 4362; x_wconf 92' lang='lat' dir='ltr'><strong>et</strong></span> <span class='ocrx_word' id='word_1_268' title='bbox 1916 4309 2133 4376; x_wconf 83' lang='lat' dir='ltr'><strong>sanguis</strong></span> 
     </span>
    </p>
   </div>
   <div class='ocr_carea' id='block_1_39' title="bbox 583 4398 2133 4467">
    <p class='ocr_par' dir='ltr' id='par_1_39' title="bbox 583 4398 2133 4467">
     <span class='ocr_line' id='line_1_39' title="bbox 583 4398 2133 4467; baseline -0.01 -3"><span class='ocrx_word' id='word_1_269' title='bbox 583 4415 744 4467; x_wconf 87' lang='lat' dir='ltr'><strong>unius</strong></span> <span class='ocrx_word' id='word_1_270' title='bbox 768 4421 964 4464; x_wconf 74' lang='lat' dir='ltr'><strong>sanctae</strong></span> <span class='ocrx_word' id='word_1_271' title='bbox 993 4404 1294 4465; x_wconf 86' lang='lat' dir='ltr'><strong>Trinitatis.</strong></span> <span class='ocrx_word' id='word_1_272' title='bbox 1329 4410 1381 4456; x_wconf 90' lang='lat' dir='ltr'><strong>et</strong></span> <span class='ocrx_word' id='word_1_273' title='bbox 1409 4413 1534 4453; x_wconf 84' lang='lat' dir='ltr'><strong>vera</strong></span> <span class='ocrx_word' id='word_1_274' title='bbox 1577 4410 1629 4452; x_wconf 90' lang='lat' dir='ltr'><strong>et</strong></span> <span class='ocrx_word' id='word_1_275' title='bbox 1674 4408 1858 4452; x_wconf 90' lang='lat' dir='ltr'><strong>sancta</strong></span> <span class='ocrx_word' id='word_1_276' title='bbox 1914 4398 2069 4451; x_wconf 91' lang='lat' dir='ltr'><strong>nobis</strong></span> <span class='ocrx_word' id='word_1_277' title='bbox 2104 4411 2133 4448; x_wconf 90' lang='lat' dir='ltr'><strong>a</strong></span> 
     </span>
    </p>
   </div>
   <div class='ocr_carea' id='block_1_40' title="bbox 589 4487 2135 4561">
    <p class='ocr_par' dir='ltr' id='par_1_40' title="bbox 589 4487 2135 4561">
     <span class='ocr_line' id='line_1_40' title="bbox 589 4487 2135 4561; baseline -0.014 -2"><span class='ocrx_word' id='word_1_278' title='bbox 589 4505 870 4559; x_wconf 85' lang='lat' dir='ltr'><strong>Servatorc</strong></span> <span class='ocrx_word' id='word_1_279' title='bbox 906 4497 1123 4560; x_wconf 90' lang='lat' dir='ltr'><strong>tradita,</strong></span> <span class='ocrx_word' id='word_1_280' title='bbox 1148 4492 1237 4561; x_wconf 90' lang='lat' dir='ltr'><strong>qui</strong></span> <span class='ocrx_word' id='word_1_281' title='bbox 1259 4493 1421 4546; x_wconf 89' lang='lat' dir='ltr'><strong>etiam</strong></span> <span class='ocrx_word' id='word_1_282' title='bbox 1485 4505 1514 4542; x_wconf 92' lang='lat' dir='ltr'><strong>a</strong></span> <span class='ocrx_word' id='word_1_283' title='bbox 1562 4487 1721 4542; x_wconf 85' lang='lat' dir='ltr'><strong>Patre</strong></span> <span class='ocrx_word' id='word_1_284' title='bbox 1774 4489 1840 4540; x_wconf 91' lang='lat' dir='ltr'><strong>ad</strong></span> <span class='ocrx_word' id='word_1_285' title='bbox 1897 4497 2135 4540; x_wconf 87' lang='lat' dir='ltr'><strong>nostram</strong></span> 
     </span>
    </p>
   </div>
   <div class='ocr_carea' id='block_1_41' title="bbox 587 4577 2136 4647">
    <p class='ocr_par' dir='ltr' id='par_1_41' title="bbox 587 4577 2136 4647">
     <span class='ocr_line' id='line_1_41' title="bbox 587 4577 2136 4647; baseline -0.012 0"><span class='ocrx_word' id='word_1_286' title='bbox 587 4593 808 4647; x_wconf 69' lang='lat' dir='ltr'><strong>salutem</strong></span> <span class='ocrx_word' id='word_1_287' title='bbox 874 4589 1072 4640; x_wconf 89' lang='lat' dir='ltr'><strong>missus</strong></span> <span class='ocrx_word' id='word_1_288' title='bbox 1117 4592 1236 4644; x_wconf 84' lang='lat' dir='ltr'><strong>est,</strong></span> <span class='ocrx_word' id='word_1_289' title='bbox 1289 4577 1622 4633; x_wconf 81' lang='lat' dir='ltr'><strong>sanctiﬁcata</strong></span> <span class='ocrx_word' id='word_1_290' title='bbox 1677 4588 1852 4630; x_wconf 88' lang='lat' dir='ltr'><strong>autem</strong></span> <span class='ocrx_word' id='word_1_291' title='bbox 1906 4578 2136 4631; x_wconf 80' lang='lat' dir='ltr'><strong>adventu</strong></span> 
     </span>
    </p>
   </div>
   <div class='ocr_carea' id='block_1_42' title="bbox 589 4664 2140 4745">
    <p class='ocr_par' dir='ltr' id='par_1_42' title="bbox 589 4664 2140 4745">
     <span class='ocr_line' id='line_1_42' title="bbox 589 4664 2140 4745; baseline -0.012 -10"><span class='ocrx_word' id='word_1_292' title='bbox 589 4681 757 4736; x_wconf 84' lang='lat' dir='ltr'><strong>sancti</strong></span> <span class='ocrx_word' id='word_1_293' title='bbox 790 4676 1044 4745; x_wconf 89' lang='lat' dir='ltr'><strong>Spiritus.</strong></span> <span class='ocrx_word' id='word_1_294' title='bbox 1083 4672 1173 4725; x_wconf 90' lang='lat' dir='ltr'><strong>Sic</strong></span> <span class='ocrx_word' id='word_1_295' title='bbox 1204 4669 1346 4724; x_wconf 80' lang='lat' dir='ltr'><strong>enim</strong></span> <span class='ocrx_word' id='word_1_296' title='bbox 1391 4675 1682 4722; x_wconf 87' lang='lat' dir='ltr'><strong>censentur</strong></span> <span class='ocrx_word' id='word_1_297' title='bbox 1727 4664 2005 4719; x_wconf 86' lang='lat' dir='ltr'><strong>Trinitatis</strong></span> <span class='ocrx_word' id='word_1_298' title='bbox 2056 4680 2140 4718; x_wconf 84' lang='lat' dir='ltr'><strong>sa-</strong></span> 
     </span>
    </p>
   </div>
   <div class='ocr_carea' id='block_1_43' title="bbox 590 4758 2139 4831">
    <p class='ocr_par' dir='ltr' id='par_1_43' title="bbox 590 4758 2139 4831">
     <span class='ocr_line' id='line_1_43' title="bbox 590 4758 2139 4831; baseline -0.01 -7"><span class='ocrx_word' id='word_1_299' title='bbox 590 4776 877 4824; x_wconf 89' lang='lat' dir='ltr'><strong>cramenta.</strong></span> <span class='ocrx_word' id='word_1_300' title='bbox 915 4763 1135 4830; x_wconf 88' lang='lat' dir='ltr'><strong>Quando</strong></span> <span class='ocrx_word' id='word_1_301' title='bbox 1164 4775 1291 4831; x_wconf 88' lang='lat' dir='ltr'><strong>ergo</strong></span> <span class='ocrx_word' id='word_1_302' title='bbox 1313 4799 1328 4824; x_wconf 91' lang='lat'><strong>,</strong></span> <span class='ocrx_word' id='word_1_303' title='bbox 1363 4759 1643 4827; x_wconf 83' lang='lat' dir='ltr'><strong>inquiunt,</strong></span> <span class='ocrx_word' id='word_1_304' title='bbox 1688 4758 2054 4821; x_wconf 88' lang='lat' dir='ltr'><strong>crediderint,</strong></span> <span class='ocrx_word' id='word_1_305' title='bbox 2087 4765 2139 4810; x_wconf 90' lang='lat' dir='ltr'><strong>et</strong></span> 
     </span>
    </p>
   </div>
   <div class='ocr_carea' id='block_1_44' title="bbox 587 4850 2138 4922">
    <p class='ocr_par' dir='ltr' id='par_1_44' title="bbox 587 4850 2138 4922">
     <span class='ocr_line' id='line_1_44' title="bbox 587 4850 2138 4922; baseline -0.008 -9"><span class='ocrx_word' id='word_1_306' title='bbox 587 4867 916 4914; x_wconf 83' lang='lat' dir='ltr'><strong>sacramenta</strong></span> <span class='ocrx_word' id='word_1_307' title='bbox 950 4853 1290 4922; x_wconf 88' lang='lat' dir='ltr'><strong>susceperint</strong></span> <span class='ocrx_word' id='word_1_308' title='bbox 1333 4889 1348 4914; x_wconf 84' lang='lat'><strong>,</strong></span> <span class='ocrx_word' id='word_1_309' title='bbox 1382 4851 1427 4904; x_wconf 87' lang='lat' dir='ltr'><strong>si</strong></span> <span class='ocrx_word' id='word_1_310' title='bbox 1485 4851 1597 4902; x_wconf 85' lang='lat' dir='ltr'><strong>vita</strong></span> <span class='ocrx_word' id='word_1_311' title='bbox 1647 4863 1859 4918; x_wconf 91' lang='lat' dir='ltr'><strong>quoque</strong></span> <span class='ocrx_word' id='word_1_312' title='bbox 1906 4850 2138 4916; x_wconf 89' lang='lat' dir='ltr'><strong>ipsorum</strong></span> 
     </span>
    </p>
   </div>
   <div class='ocr_carea' id='block_1_45' title="bbox 588 4939 2136 5002">
    <p class='ocr_par' dir='ltr' id='par_1_45' title="bbox 588 4939 2136 5002">
     <span class='ocr_line' id='line_1_45' title="bbox 588 4939 2136 5002; baseline -0.007 -1"><span class='ocrx_word' id='word_1_313' title='bbox 588 4948 888 5001; x_wconf 79' lang='lat' dir='ltr'><strong>examinata</strong></span> <span class='ocrx_word' id='word_1_314' title='bbox 914 4945 1051 4998; x_wconf 91' lang='lat' dir='ltr'><strong>bona</strong></span> <span class='ocrx_word' id='word_1_315' title='bbox 1089 4942 1304 4995; x_wconf 78' lang='lat' dir='ltr'><strong>inventa</strong></span> <span class='ocrx_word' id='word_1_316' title='bbox 1337 4939 1521 5002; x_wconf 79' lang='lat' dir='ltr'><strong>fuerit,</strong></span> <span class='ocrx_word' id='word_1_317' title='bbox 1549 4940 1730 4993; x_wconf 90' lang='lat' dir='ltr'><strong>clerici</strong></span> <span class='ocrx_word' id='word_1_318' title='bbox 1777 4940 1936 4993; x_wconf 87' lang='lat' dir='ltr'><strong>etiam</strong></span> <span class='ocrx_word' id='word_1_319' title='bbox 1991 4939 2136 4991; x_wconf 69' lang='lat' dir='ltr'><strong>(ient.</strong></span> 
     </span>
    </p>
   </div>
   <div class='ocr_carea' id='block_1_46' title="bbox 594 5029 2140 5102">
    <p class='ocr_par' dir='ltr' id='par_1_46' title="bbox 594 5029 2140 5102">
     <span class='ocr_line' id='line_1_46' title="bbox 594 5029 2140 5102; baseline -0.006 -11"><span class='ocrx_word' id='word_1_320' title='bbox 594 5039 664 5091; x_wconf 88' lang='lat' dir='ltr'><strong>De</strong></span> <span class='ocrx_word' id='word_1_321' title='bbox 690 5038 788 5089; x_wconf 87' lang='lat' dir='ltr'><strong>hac</strong></span> <span class='ocrx_word' id='word_1_322' title='bbox 817 5048 944 5102; x_wconf 86' lang='lat' dir='ltr'><strong>ergo</strong></span> <span class='ocrx_word' id='word_1_323' title='bbox 978 5031 1261 5084; x_wconf 83' lang='lat' dir='ltr'><strong>infantium</strong></span> <span class='ocrx_word' id='word_1_324' title='bbox 1298 5045 1458 5084; x_wconf 88' lang='lat' dir='ltr'><strong>causa</strong></span> <span class='ocrx_word' id='word_1_325' title='bbox 1484 5038 1537 5083; x_wconf 93' lang='lat' dir='ltr'><strong>et</strong></span> <span class='ocrx_word' id='word_1_326' title='bbox 1571 5044 1600 5081; x_wconf 91' lang='lat' dir='ltr'><strong>a</strong></span> <span class='ocrx_word' id='word_1_327' title='bbox 1645 5042 1778 5096; x_wconf 80' lang='lat' dir='ltr'><strong>papa</strong></span> <span class='ocrx_word' id='word_1_328' title='bbox 1808 5038 1908 5082; x_wconf 89' lang='lat' dir='ltr'><strong>eta</strong></span> <span class='ocrx_word' id='word_1_329' title='bbox 1941 5029 2140 5082; x_wconf 81' lang='lat' dir='ltr'><strong>Medio-</strong></span> 
     </span>
    </p>
   </div>
   <div class='ocr_carea' id='block_1_47' title="bbox 592 5117 2137 5188">
    <p class='ocr_par' dir='ltr' id='par_1_47' title="bbox 592 5117 2137 5188">
     <span class='ocr_line' id='line_1_47' title="bbox 592 5117 2137 5188; baseline -0.005 -11"><span class='ocrx_word' id='word_1_330' title='bbox 592 5117 887 5179; x_wconf 80' lang='lat' dir='ltr'><strong>lanensium</strong></span> <span class='ocrx_word' id='word_1_331' title='bbox 922 5121 1170 5188; x_wconf 85' lang='lat' dir='ltr'><strong>episcopo</strong></span> <span class='ocrx_word' id='word_1_332' title='bbox 1195 5119 1535 5188; x_wconf 83' lang='lat' dir='ltr'><strong>petiverunt,</strong></span> <span class='ocrx_word' id='word_1_333' title='bbox 1563 5133 1628 5171; x_wconf 91' lang='lat' dir='ltr'><strong>an</strong></span> <span class='ocrx_word' id='word_1_334' title='bbox 1662 5117 1739 5172; x_wconf 91' lang='lat' dir='ltr'><strong>eis</strong></span> <span class='ocrx_word' id='word_1_335' title='bbox 1773 5119 1847 5171; x_wconf 90' lang='lat' dir='ltr'><strong>ita</strong></span> <span class='ocrx_word' id='word_1_336' title='bbox 1876 5119 2137 5172; x_wconf 83' lang='lat' dir='ltr'><strong>videatur.</strong></span> 
     </span>
    </p>
   </div>
   <div class='ocr_carea' id='block_1_48' title="bbox 591 5209 2137 5282">
    <p class='ocr_par' dir='ltr' id='par_1_48' title="bbox 591 5209 2137 5282">
     <span class='ocr_line' id='line_1_48' title="bbox 591 5209 2137 5282; baseline -0.004 -14"><span class='ocrx_word' id='word_1_337' title='bbox 591 5216 645 5268; x_wconf 87' lang='lat' dir='ltr'><strong>Si</strong></span> <span class='ocrx_word' id='word_1_338' title='bbox 674 5214 997 5282; x_wconf 86' lang='lat' dir='ltr'><strong>qui_autcm,</strong></span> <span class='ocrx_word' id='word_1_339' title='bbox 1025 5211 1295 5278; x_wconf 85' lang='lat' dir='ltr'><strong>inquiunt,</strong></span> <span class='ocrx_word' id='word_1_340' title='bbox 1327 5209 1727 5266; x_wconf 86' lang='lat' dir='ltr'><strong>Donatistarum</strong></span> <span class='ocrx_word' id='word_1_341' title='bbox 1778 5211 1981 5273; x_wconf 91' lang='lat' dir='ltr'><strong>clerici,</strong></span> <span class='ocrx_word' id='word_1_342' title='bbox 2016 5226 2137 5263; x_wconf 91' lang='lat' dir='ltr'><strong>cum</strong></span> 
     </span>
    </p>
   </div>
   <div class='ocr_carea' id='block_1_49' title="bbox 589 5301 2136 5371">
    <p class='ocr_par' dir='ltr' id='par_1_49' title="bbox 589 5301 2136 5371">
     <span class='ocr_line' id='line_1_49' title="bbox 589 5301 2136 5371; baseline -0.001 -17"><span class='ocrx_word' id='word_1_343' title='bbox 589 5303 778 5371; x_wconf 80' lang='lat' dir='ltr'><strong>popqu</strong></span> <span class='ocrx_word' id='word_1_344' title='bbox 809 5301 896 5370; x_wconf 89' lang='lat' dir='ltr'><strong>qui</strong></span> <span class='ocrx_word' id='word_1_345' title='bbox 924 5310 1009 5354; x_wconf 88' lang='lat' dir='ltr'><strong>est</strong></span> <span class='ocrx_word' id='word_1_346' title='bbox 1032 5301 1168 5371; x_wconf 89' lang='lat' dir='ltr'><strong>apud</strong></span> <span class='ocrx_word' id='word_1_347' title='bbox 1199 5301 1342 5368; x_wconf 90' lang='lat' dir='ltr'><strong>ipsos</strong></span> <span class='ocrx_word' id='word_1_348' title='bbox 1364 5340 1378 5365; x_wconf 90' lang='lat'><strong>,</strong></span> <span class='ocrx_word' id='word_1_349' title='bbox 1405 5311 1458 5355; x_wconf 89' lang='lat' dir='ltr'><strong>et</strong></span> <span class='ocrx_word' id='word_1_350' title='bbox 1489 5301 1680 5355; x_wconf 89' lang='lat' dir='ltr'><strong>iisdem</strong></span> <span class='ocrx_word' id='word_1_351' title='bbox 1727 5301 2021 5353; x_wconf 88' lang='lat' dir='ltr'><strong>honoribus</strong></span> <span class='ocrx_word' id='word_1_352' title='bbox 2047 5313 2136 5353; x_wconf 89' lang='lat' dir='ltr'><strong>seu</strong></span> 
     </span>
    </p>
   </div>
   <div class='ocr_carea' id='block_1_50' title="bbox 591 5389 2137 5458">
    <p class='ocr_par' dir='ltr' id='par_1_50' title="bbox 591 5389 2137 5458">
     <span class='ocr_line' id='line_1_50' title="bbox 591 5389 2137 5458; baseline 0 -16"><span class='ocrx_word' id='word_1_353' title='bbox 591 5392 859 5458; x_wconf 86' lang='lat' dir='ltr'><strong>grauibus,</strong></span> <span class='ocrx_word' id='word_1_354' title='bbox 920 5390 1084 5445; x_wconf 77' lang='lat' dir='ltr'><strong>velint</strong></span> <span class='ocrx_word' id='word_1_355' title='bbox 1134 5393 1201 5443; x_wconf 89' lang='lat' dir='ltr'><strong>ad</strong></span> <span class='ocrx_word' id='word_1_356' title='bbox 1255 5391 1412 5444; x_wconf 76' lang='lat' dir='ltr'><strong>[idem</strong></span> <span class='ocrx_word' id='word_1_357' title='bbox 1451 5389 1806 5443; x_wconf 82' lang='lat' dir='ltr'><strong>orthodoxam</strong></span> <span class='ocrx_word' id='word_1_358' title='bbox 1839 5391 2137 5453; x_wconf 90' lang='lat' dir='ltr'><strong>accedere;</strong></span> 
     </span>
    </p>
   </div>
   <div class='ocr_carea' id='block_1_51' title="bbox 589 5481 2139 5549">
    <p class='ocr_par' dir='ltr' id='par_1_51' title="bbox 589 5481 2139 5549">
     <span class='ocr_line' id='line_1_51' title="bbox 589 5481 2139 5549; baseline 0.001 -17"><span class='ocrx_word' id='word_1_359' title='bbox 589 5482 677 5549; x_wconf 89' lang='lat' dir='ltr'><strong>qui</strong></span> <span class='ocrx_word' id='word_1_360' title='bbox 712 5483 922 5547; x_wconf 83' lang='lat' dir='ltr'><strong>quidem</strong></span> <span class='ocrx_word' id='word_1_361' title='bbox 950 5481 1127 5536; x_wconf 90' lang='lat' dir='ltr'><strong>clerici</strong></span> <span class='ocrx_word' id='word_1_362' title='bbox 1164 5481 1403 5534; x_wconf 73' lang='lat' dir='ltr'><strong>volentes</strong></span> <span class='ocrx_word' id='word_1_363' title='bbox 1441 5482 1602 5533; x_wconf 85' lang='lat' dir='ltr'><strong>etiam</strong></span> <span class='ocrx_word' id='word_1_364' title='bbox 1641 5482 1777 5549; x_wconf 88' lang='lat' dir='ltr'><strong>apud</strong></span> <span class='ocrx_word' id='word_1_365' title='bbox 1808 5481 2139 5534; x_wconf 75' lang='lat' dir='ltr'><strong>orthodoxos</strong></span> 
     </span>
    </p>
   </div>
   <div class='ocr_carea' id='block_1_52' title="bbox 588 5571 2140 5641">
    <p class='ocr_par' dir='ltr' id='par_1_52' title="bbox 588 5571 2140 5641">
     <span class='ocr_line' id='line_1_52' title="bbox 588 5571 2140 5641; baseline -0.001 -14"><span class='ocrx_word' id='word_1_366' title='bbox 588 5574 640 5627; x_wconf 90' lang='lat' dir='ltr'><strong>in</strong></span> <span class='ocrx_word' id='word_1_367' title='bbox 677 5587 771 5627; x_wconf 90' lang='lat' dir='ltr'><strong>suo</strong></span> <span class='ocrx_word' id='word_1_368' title='bbox 802 5573 1002 5630; x_wconf 82' lang='lat' dir='ltr'><strong>honore</strong></span> <span class='ocrx_word' id='word_1_369' title='bbox 1027 5586 1365 5641; x_wconf 86' lang='lat' dir='ltr'><strong>permanere,</strong></span> <span class='ocrx_word' id='word_1_370' title='bbox 1391 5571 1674 5627; x_wconf 89' lang='lat' dir='ltr'><strong>consulunt</strong></span> <span class='ocrx_word' id='word_1_371' title='bbox 1706 5573 1914 5640; x_wconf 87' lang='lat' dir='ltr'><strong>populo,</strong></span> <span class='ocrx_word' id='word_1_372' title='bbox 1939 5573 2028 5640; x_wconf 82' lang='lat' dir='ltr'><strong>qui</strong></span> <span class='ocrx_word' id='word_1_373' title='bbox 2065 5573 2140 5626; x_wconf 83' lang='lat' dir='ltr'><strong>eis</strong></span> 
     </span>
    </p>
   </div>
   <div class='ocr_carea' id='block_1_53' title="bbox 589 5663 2135 5729">
    <p class='ocr_par' dir='ltr' id='par_1_53' title="bbox 589 5663 2135 5729">
     <span class='ocr_line' id='line_1_53' title="bbox 589 5663 2135 5729; baseline -0.001 -15"><span class='ocrx_word' id='word_1_374' title='bbox 589 5664 788 5726; x_wconf 86' lang='lat' dir='ltr'><strong>subest,</strong></span> <span class='ocrx_word' id='word_1_375' title='bbox 823 5677 883 5716; x_wconf 87' lang='lat' dir='ltr'><strong>ea</strong></span> <span class='ocrx_word' id='word_1_376' title='bbox 919 5678 1037 5729; x_wconf 65' lang='lat' dir='ltr'><strong>quas</strong></span> <span class='ocrx_word' id='word_1_377' title='bbox 1092 5664 1156 5716; x_wconf 90' lang='lat' dir='ltr'><strong>ad</strong></span> <span class='ocrx_word' id='word_1_378' title='bbox 1217 5665 1380 5715; x_wconf 77' lang='lat' dir='ltr'><strong>vitam</strong></span> <span class='ocrx_word' id='word_1_379' title='bbox 1430 5670 1484 5714; x_wconf 91' lang='lat' dir='ltr'><strong>et</strong></span> <span class='ocrx_word' id='word_1_380' title='bbox 1544 5663 1765 5716; x_wconf 85' lang='lat' dir='ltr'><strong>salutem</strong></span> <span class='ocrx_word' id='word_1_381' title='bbox 1814 5663 2135 5729; x_wconf 71' lang='lat' dir='ltr'><strong>pertinent:</strong></span> 
     </span>
    </p>
   </div>
   <div class='ocr_carea' id='block_1_54' title="bbox 588 5751 2140 5822">
    <p class='ocr_par' dir='ltr' id='par_1_54' title="bbox 588 5751 2140 5822">
     <span class='ocr_line' id='line_1_54' title="bbox 588 5751 2140 5822; baseline 0.004 -21"><span class='ocrx_word' id='word_1_382' title='bbox 588 5752 717 5822; x_wconf 70' lang='lat' dir='ltr'><strong>quid</strong></span> <span class='ocrx_word' id='word_1_383' title='bbox 749 5752 827 5807; x_wconf 86' lang='lat' dir='ltr'><strong>cis</strong></span> <span class='ocrx_word' id='word_1_384' title='bbox 860 5751 1156 5808; x_wconf 70' lang='lat' dir='ltr'><strong>faciendum</strong></span> <span class='ocrx_word' id='word_1_385' title='bbox 1184 5763 1262 5809; x_wconf 90' lang='lat' dir='ltr'><strong>est</strong></span> <span class='ocrx_word' id='word_1_386' title='bbox 1287 5753 1308 5806; x_wconf 75' lang='lat'><strong>7</strong></span> <span class='ocrx_word' id='word_1_387' title='bbox 1338 5751 1444 5807; x_wconf 88' lang='lat' dir='ltr'><strong>Sed</strong></span> <span class='ocrx_word' id='word_1_388' title='bbox 1471 5752 1599 5820; x_wconf 79' lang='lat' dir='ltr'><strong>hoc,</strong></span> <span class='ocrx_word' id='word_1_389' title='bbox 1635 5753 1902 5821; x_wconf 90' lang='lat' dir='ltr'><strong>inquiunt,</strong></span> <span class='ocrx_word' id='word_1_390' title='bbox 1930 5768 1957 5805; x_wconf 73' lang='grc' dir='ltr'><strong>ιι</strong></span> <span class='ocrx_word' id='word_1_391' title='bbox 1985 5753 2140 5808; x_wconf 90' lang='lat' dir='ltr'><strong>dictis</strong></span> 
     </span>
    </p>
   </div>
   <div class='ocr_carea' id='block_1_55' title="bbox 1771 389 2488 455">
    <p class='ocr_par' dir='ltr' id='par_1_55' title="bbox 1771 389 2488 455">
     <span class='ocr_line' id='line_1_55' title="bbox 1771 389 2488 455; baseline -0.008 0"><span class='ocrx_word' id='word_1_392' title='bbox 1771 394 2049 455; x_wconf 84' lang='lat' dir='ltr'><strong>THEOD.</strong></span> <span class='ocrx_word' id='word_1_393' title='bbox 2087 391 2176 450; x_wconf 70' lang='grc' dir='ltr'><strong>ΒΛ</strong></span> <span class='ocrx_word' id='word_1_394' title='bbox 2187 389 2488 451; x_wconf 77' lang='lat' dir='ltr'><strong>LSAMON</strong></span> 
     </span>
    </p>
   </div>
   <div class='ocr_carea' id='block_1_56' title="bbox 593 508 2156 587">
    <p class='ocr_par' dir='ltr' id='par_1_56' title="bbox 593 508 2156 587">
     <span class='ocr_line' id='line_1_56' title="bbox 593 508 2156 587; baseline -0.01 -13"><span class='ocrx_word' id='word_1_395' title='bbox 593 542 612 574; x_wconf 71' lang='grc' dir='ltr'><em>ς</em></span> <span class='ocrx_word' id='word_1_396' title='bbox 642 520 922 587; x_wconf 75' lang='lat' dir='ltr'><strong>etcisdcm</strong></span> <span class='ocrx_word' id='word_1_397' title='bbox 954 514 1250 570; x_wconf 84' lang='lat' dir='ltr'><strong>honoribus</strong></span> <span class='ocrx_word' id='word_1_398' title='bbox 1291 514 1356 566; x_wconf 92' lang='lat' dir='ltr'><strong>ad</strong></span> <span class='ocrx_word' id='word_1_399' title='bbox 1386 525 1483 565; x_wconf 86' lang='lat' dir='ltr'><strong>nos</strong></span> <span class='ocrx_word' id='word_1_400' title='bbox 1524 510 1709 564; x_wconf 79' lang='lat' dir='ltr'><strong>venire</strong></span> <span class='ocrx_word' id='word_1_401' title='bbox 1748 508 2079 571; x_wconf 77' lang='lat' dir='ltr'><strong>desiderant,</strong></span> <span class='ocrx_word' id='word_1_402' title='bbox 2108 520 2156 576; x_wconf 72' lang='grc' dir='ltr'><strong>Α</strong></span> 
     </span>
    </p>
   </div>
   <div class='ocr_carea' id='block_1_57' title="bbox 3639 378 3755 442">
    <p class='ocr_par' dir='ltr' id='par_1_57' title="bbox 3639 378 3755 442">
     <span class='ocr_line' id='line_1_57' title="bbox 3639 378 3755 442; baseline -0.043 0"><span class='ocrx_word' id='word_1_403' title='bbox 3639 378 3755 442; x_wconf 72' lang='grc'><strong>210</strong></span> 
     </span>
    </p>
   </div>
   <div class='ocr_carea' id='block_1_58' title="bbox 2265 493 3751 569">
    <p class='ocr_par' dir='ltr' id='par_1_58' title="bbox 2265 493 3751 569">
     <span class='ocr_line' id='line_1_58' title="bbox 2265 493 3751 569; baseline -0.011 -13"><span class='ocrx_word' id='word_1_404' title='bbox 2265 524 2280 555; x_wconf 81' lang='grc' dir='ltr'><strong>ι</strong></span> <span class='ocrx_word' id='word_1_405' title='bbox 2319 504 2603 566; x_wconf 70' lang='grc' dir='ltr'><strong>τοιούτοις,</strong></span> <span class='ocrx_word' id='word_1_406' title='bbox 2647 499 2770 554; x_wconf 78' lang='grc' dir='ltr'><strong>ὅταν</strong></span> <span class='ocrx_word' id='word_1_407' title='bbox 2792 499 2988 568; x_wconf 82' lang='grc' dir='ltr'><strong>δοκιμὴ</strong></span> <span class='ocrx_word' id='word_1_408' title='bbox 3010 498 3246 569; x_wconf 75' lang='grc' dir='ltr'><strong>χρηστοῦ</strong></span> <span class='ocrx_word' id='word_1_409' title='bbox 3286 496 3402 564; x_wconf 86' lang='grc' dir='ltr'><strong>βίου</strong></span> <span class='ocrx_word' id='word_1_410' title='bbox 3436 493 3751 563; x_wconf 73' lang='grc' dir='ltr'><strong>προσέλθοι,</strong></span> 
     </span>
    </p>
   </div>
   <div class='ocr_carea' id='block_1_59' title="bbox 2259 579 3757 663">
    <p class='ocr_par' dir='ltr' id='par_1_59' title="bbox 2259 579 3757 663">
     <span class='ocr_line' id='line_1_59' title="bbox 2259 579 3757 663; baseline -0.01 -17"><span class='ocrx_word' id='word_1_411' title='bbox 2259 615 2274 646; x_wconf 78' lang='grc' dir='ltr'><strong>ι</strong></span> <span class='ocrx_word' id='word_1_412' title='bbox 2310 591 2695 663; x_wconf 77' lang='grc' dir='ltr'><strong>ἀναμφιϐόλως</strong></span> <span class='ocrx_word' id='word_1_413' title='bbox 2719 592 2812 643; x_wconf 74' lang='grc' dir='ltr'><strong>καὶ</strong></span> <span class='ocrx_word' id='word_1_414' title='bbox 2831 590 3139 660; x_wconf 78' lang='grc' dir='ltr'><strong>ὁλοκλήρως</strong></span> <span class='ocrx_word' id='word_1_415' title='bbox 3163 587 3297 658; x_wconf 75' lang='grc' dir='ltr'><strong>πρὸς</strong></span> <span class='ocrx_word' id='word_1_416' title='bbox 3315 583 3616 654; x_wconf 77' lang='grc' dir='ltr'><strong>ὑπουργίαν</strong></span> <span class='ocrx_word' id='word_1_417' title='bbox 3638 579 3757 633; x_wconf 86' lang='grc' dir='ltr'><strong>τῶν</strong></span> 
     </span>
    </p>
   </div>
   <div class='ocr_carea' id='block_1_60' title="bbox 2262 673 3754 753">
    <p class='ocr_par' dir='ltr' id='par_1_60' title="bbox 2262 673 3754 753">
     <span class='ocr_line' id='line_1_60' title="bbox 2262 673 3754 753; baseline -0.01 -17"><span class='ocrx_word' id='word_1_418' title='bbox 2262 705 2279 736; x_wconf 77' lang='grc' dir='ltr'><strong>ι</strong></span> <span class='ocrx_word' id='word_1_419' title='bbox 2319 685 2490 753; x_wconf 86' lang='grc' dir='ltr'><strong>άγίων</strong></span> <span class='ocrx_word' id='word_1_420' title='bbox 2519 682 3077 752; x_wconf 84' lang='grc' dir='ltr'><strong>προσκυρωθήσεται·</strong></span> <span class='ocrx_word' id='word_1_421' title='bbox 3125 680 3219 732; x_wconf 72' lang='grc' dir='ltr'><strong>καὶ</strong></span> <span class='ocrx_word' id='word_1_422' title='bbox 3276 677 3514 748; x_wconf 68' lang='grc' dir='ltr'><strong>μάλιστα</strong></span> <span class='ocrx_word' id='word_1_423' title='bbox 3573 677 3631 725; x_wconf 82' lang='grc' dir='ltr'><strong>έν</strong></span> <span class='ocrx_word' id='word_1_424' title='bbox 3682 673 3754 740; x_wconf 74' lang='grc' dir='ltr'><strong>τῇ</strong></span> 
     </span>
    </p>
   </div>
   <div class='ocr_carea' id='block_1_61' title="bbox 2262 762 3758 844">
    <p class='ocr_par' dir='ltr' id='par_1_61' title="bbox 2262 762 3758 844">
     <span class='ocr_line' id='line_1_61' title="bbox 2262 762 3758 844; baseline -0.009 -18"><span class='ocrx_word' id='word_1_425' title='bbox 2262 795 2278 826; x_wconf 77' lang='grc' dir='ltr'><strong>ι</strong></span> <span class='ocrx_word' id='word_1_426' title='bbox 2319 774 2555 844; x_wconf 81' lang='grc' dir='ltr'><strong>τοσαύτῃ</strong></span> <span class='ocrx_word' id='word_1_427' title='bbox 2576 772 2684 825; x_wconf 92' lang='grc' dir='ltr'><strong>τῶν</strong></span> <span class='ocrx_word' id='word_1_428' title='bbox 2711 772 3049 841; x_wconf 75' lang='grc' dir='ltr'><strong>πραγμάτων</strong></span> <span class='ocrx_word' id='word_1_429' title='bbox 3082 770 3298 838; x_wconf 77' lang='grc' dir='ltr'><strong>ἀνάγκη</strong></span> <span class='ocrx_word' id='word_1_430' title='bbox 3326 768 3499 829; x_wconf 81' lang='grc' dir='ltr'><strong>οὐδείς</strong></span> <span class='ocrx_word' id='word_1_431' title='bbox 3544 767 3699 818; x_wconf 74' lang='grc' dir='ltr'><strong>ἐστιν</strong></span> <span class='ocrx_word' id='word_1_432' title='bbox 3727 762 3758 813; x_wconf 64' lang='grc' dir='ltr'>ὁ</span> 
     </span>
    </p>
   </div>
   <div class='ocr_carea' id='block_1_62' title="bbox 2261 851 3754 935">
    <p class='ocr_par' dir='ltr' id='par_1_62' title="bbox 2261 851 3754 935">
     <span class='ocr_line' id='line_1_62' title="bbox 2261 851 3754 935; baseline -0.008 -20"><span class='ocrx_word' id='word_1_433' title='bbox 2261 884 2278 914; x_wconf 76' lang='grc' dir='ltr'><strong>ι</strong></span> <span class='ocrx_word' id='word_1_434' title='bbox 2317 864 2393 935; x_wconf 79' lang='grc' dir='ltr'><strong>μὴ</strong></span> <span class='ocrx_word' id='word_1_435' title='bbox 2420 863 2576 915; x_wconf 82' lang='grc' dir='ltr'><strong>τοῦτο</strong></span> <span class='ocrx_word' id='word_1_436' title='bbox 2607 861 2970 932; x_wconf 78' lang='grc' dir='ltr'><strong>παραχωρῶν.</strong></span> <span class='ocrx_word' id='word_1_437' title='bbox 3031 862 3093 915; x_wconf 79' lang='lat' dir='ltr'><strong>El</strong></span> <span class='ocrx_word' id='word_1_438' title='bbox 3137 860 3193 913; x_wconf 87' lang='grc' dir='ltr'><strong>δέ</strong></span> <span class='ocrx_word' id='word_1_439' title='bbox 3233 877 3378 922; x_wconf 89' lang='grc' dir='ltr'><strong>τινες</strong></span> <span class='ocrx_word' id='word_1_440' title='bbox 3431 855 3526 911; x_wconf 82' lang='grc' dir='ltr'><strong>τοῦ</strong></span> <span class='ocrx_word' id='word_1_441' title='bbox 3584 851 3754 906; x_wconf 73' lang='grc' dir='ltr'><strong>αὐτοῦ</strong></span> 
     </span>
    </p>
   </div>
   <div class='ocr_carea' id='block_1_63' title="bbox 2263 945 3752 1023">
    <p class='ocr_par' dir='ltr' id='par_1_63' title="bbox 2263 945 3752 1023">
     <span class='ocr_line' id='line_1_63' title="bbox 2263 945 3752 1023; baseline -0.007 -17"><span class='ocrx_word' id='word_1_442' title='bbox 2263 974 2280 1006; x_wconf 76' lang='grc' dir='ltr'><strong>ι</strong></span> <span class='ocrx_word' id='word_1_443' title='bbox 2323 955 2586 1023; x_wconf 88' lang='grc' dir='ltr'><strong>δόγματος</strong></span> <span class='ocrx_word' id='word_1_444' title='bbox 2624 953 2880 1022; x_wconf 79' lang='grc' dir='ltr'><strong>κληρικοὶ</strong></span> <span class='ocrx_word' id='word_1_445' title='bbox 2913 952 3052 1022; x_wconf 85' lang='grc' dir='ltr'><strong>μετὰ</strong></span> <span class='ocrx_word' id='word_1_446' title='bbox 3075 951 3168 1004; x_wconf 82' lang='grc' dir='ltr'><strong>τοῦ</strong></span> <span class='ocrx_word' id='word_1_447' title='bbox 3205 949 3449 1019; x_wconf 81' lang='grc' dir='ltr'><strong>πλήθους</strong></span> <span class='ocrx_word' id='word_1_448' title='bbox 3501 949 3595 1000; x_wconf 73' lang='grc' dir='ltr'><strong>καὶ</strong></span> <span class='ocrx_word' id='word_1_449' title='bbox 3643 945 3752 998; x_wconf 70' lang='grc' dir='ltr'><strong>τῶν</strong></span> 
     </span>
    </p>
   </div>
   <div class='ocr_carea' id='block_1_64' title="bbox 2266 1039 3758 1114">
    <p class='ocr_par' dir='ltr' id='par_1_64' title="bbox 2266 1039 3758 1114">
     <span class='ocr_line' id='line_1_64' title="bbox 2266 1039 3758 1114; baseline -0.007 -18"><span class='ocrx_word' id='word_1_450' title='bbox 2266 1064 2284 1096; x_wconf 78' lang='grc' dir='ltr'><strong>ι</strong></span> <span class='ocrx_word' id='word_1_451' title='bbox 2318 1045 2494 1114; x_wconf 82' lang='grc' dir='ltr'>τιμῶν</span> <span class='ocrx_word' id='word_1_452' title='bbox 2525 1044 2701 1098; x_wconf 82' lang='grc' dir='ltr'><strong>αὐτῶν</strong></span> <span class='ocrx_word' id='word_1_453' title='bbox 2768 1044 2905 1113; x_wconf 83' lang='grc' dir='ltr'><strong>πρὸς</strong></span> <span class='ocrx_word' id='word_1_454' title='bbox 2946 1044 3092 1112; x_wconf 79' lang='grc' dir='ltr'><strong>ἡμᾶς</strong></span> <span class='ocrx_word' id='word_1_455' title='bbox 3154 1042 3328 1094; x_wconf 73' lang='grc' dir='ltr'><strong>ἐλθεῖν</strong></span> <span class='ocrx_word' id='word_1_456' title='bbox 3401 1039 3758 1106; x_wconf 53' lang='grc' dir='ltr'><strong>ποθήσουσιν,</strong></span> 
     </span>
    </p>
   </div>
   <div class='ocr_carea' id='block_1_65' title="bbox 2267 1126 3764 1205">
    <p class='ocr_par' dir='ltr' id='par_1_65' title="bbox 2267 1126 3764 1205">
     <span class='ocr_line' id='line_1_65' title="bbox 2267 1126 3764 1205; baseline -0.009 -16"><span class='ocrx_word' id='word_1_457' title='bbox 2267 1157 2284 1189; x_wconf 80' lang='grc' dir='ltr'><strong>ι</strong></span> <span class='ocrx_word' id='word_1_458' title='bbox 2325 1137 2517 1198; x_wconf 77' lang='grc' dir='ltr'><strong>οἵτινες</strong></span> <span class='ocrx_word' id='word_1_459' title='bbox 2572 1135 2650 1205; x_wconf 81' lang='grc' dir='ltr'><strong>τῷ</strong></span> <span class='ocrx_word' id='word_1_460' title='bbox 2710 1133 2873 1203; x_wconf 79' lang='grc' dir='ltr'><strong>ἔρωτι</strong></span> <span class='ocrx_word' id='word_1_461' title='bbox 2919 1133 3020 1200; x_wconf 79' lang='grc' dir='ltr'><strong>τῆς</strong></span> <span class='ocrx_word' id='word_1_462' title='bbox 3083 1135 3246 1200; x_wconf 79' lang='grc' dir='ltr'><strong>τιμῆς</strong></span> <span class='ocrx_word' id='word_1_463' title='bbox 3323 1126 3764 1198; x_wconf 77' lang='grc' dir='ltr'><strong>συμῦουλεύουσι</strong></span> 
     </span>
    </p>
   </div>
   <div class='ocr_carea' id='block_1_66' title="bbox 2269 1213 3767 1297">
    <p class='ocr_par' dir='ltr' id='par_1_66' title="bbox 2269 1213 3767 1297">
     <span class='ocr_line' id='line_1_66' title="bbox 2269 1213 3767 1297; baseline -0.009 -19"><span class='ocrx_word' id='word_1_464' title='bbox 2269 1248 2285 1278; x_wconf 78' lang='grc' dir='ltr'><strong>ι</strong></span> <span class='ocrx_word' id='word_1_465' title='bbox 2321 1228 2454 1297; x_wconf 81' lang='grc' dir='ltr'><strong>πρὸς</strong></span> <span class='ocrx_word' id='word_1_466' title='bbox 2483 1213 2626 1294; x_wconf 65' lang='grc' dir='ltr'><strong>ζωὴν</strong></span> <span class='ocrx_word' id='word_1_467' title='bbox 2657 1225 2751 1278; x_wconf 76' lang='grc' dir='ltr'><strong>καὶ</strong></span> <span class='ocrx_word' id='word_1_468' title='bbox 2785 1222 3077 1291; x_wconf 72' lang='grc' dir='ltr'><strong>κατέχουσι</strong></span> <span class='ocrx_word' id='word_1_469' title='bbox 3115 1221 3247 1290; x_wconf 80' lang='grc' dir='ltr'><strong>πρὸς</strong></span> <span class='ocrx_word' id='word_1_470' title='bbox 3287 1218 3590 1286; x_wconf 87' lang='grc' dir='ltr'><strong>σωτηρίαν,</strong></span> <span class='ocrx_word' id='word_1_471' title='bbox 3625 1214 3767 1266; x_wconf 77' lang='grc' dir='ltr'><strong>ἀλλά</strong></span> 
     </span>
    </p>
   </div>
   <div class='ocr_carea' id='block_1_67' title="bbox 2273 1307 3769 1383">
    <p class='ocr_par' dir='ltr' id='par_1_67' title="bbox 2273 1307 3769 1383">
     <span class='ocr_line' id='line_1_67' title="bbox 2273 1307 3769 1383; baseline -0.009 -14"><span class='ocrx_word' id='word_1_472' title='bbox 2273 1337 2288 1369; x_wconf 80' lang='grc' dir='ltr'><strong>ι</strong></span> <span class='ocrx_word' id='word_1_473' title='bbox 2327 1320 2483 1371; x_wconf 84' lang='grc' dir='ltr'><strong>τοῦτο</strong></span> <span class='ocrx_word' id='word_1_474' title='bbox 2518 1314 2896 1383; x_wconf 79' lang='grc' dir='ltr'><strong>καταληπτέον</strong></span> <span class='ocrx_word' id='word_1_475' title='bbox 2928 1314 3097 1382; x_wconf 84' lang='grc' dir='ltr'><strong>κρίνω</strong></span> <span class='ocrx_word' id='word_1_476' title='bbox 3130 1314 3193 1381; x_wconf 73' lang='grc' dir='ltr'><strong>τῇ</strong></span> <span class='ocrx_word' id='word_1_477' title='bbox 3246 1310 3454 1379; x_wconf 75' lang='grc' dir='ltr'><strong>μείζονι</strong></span> <span class='ocrx_word' id='word_1_478' title='bbox 3495 1307 3769 1374; x_wconf 77' lang='grc' dir='ltr'><strong>κατανοή-</strong></span> 
     </span>
    </p>
   </div>
   <div class='ocr_carea' id='block_1_68' title="bbox 2271 1399 3771 1477">
    <p class='ocr_par' dir='ltr' id='par_1_68' title="bbox 2271 1399 3771 1477">
     <span class='ocr_line' id='line_1_68' title="bbox 2271 1399 3771 1477; baseline -0.006 -18"><span class='ocrx_word' id='word_1_479' title='bbox 2271 1428 2287 1459; x_wconf 80' lang='grc' dir='ltr'><strong>ι</strong></span> <span class='ocrx_word' id='word_1_480' title='bbox 2330 1426 2410 1461; x_wconf 70' lang='grc' dir='ltr'><strong>σει</strong></span> <span class='ocrx_word' id='word_1_481' title='bbox 2436 1406 2910 1477; x_wconf 74' lang='grc' dir='ltr'><strong>ψηφισθησόμενον</strong></span> <span class='ocrx_word' id='word_1_482' title='bbox 2939 1404 3044 1455; x_wconf 87' lang='grc' dir='ltr'><strong>τῶν</strong></span> <span class='ocrx_word' id='word_1_483' title='bbox 3061 1401 3463 1474; x_wconf 80' lang='grc' dir='ltr'><strong>προλεχοέντων</strong></span> <span class='ocrx_word' id='word_1_484' title='bbox 3486 1399 3771 1466; x_wconf 78' lang='grc' dir='ltr'><strong>ἀδελφῶν,</strong></span> 
     </span>
    </p>
   </div>
   <div class='ocr_carea' id='block_1_69' title="bbox 2270 1490 3770 1572">
    <p class='ocr_par' dir='ltr' id='par_1_69' title="bbox 2270 1490 3770 1572">
     <span class='ocr_line' id='line_1_69' title="bbox 2270 1490 3770 1572; baseline -0.007 -20"><span class='ocrx_word' id='word_1_485' title='bbox 2270 1520 2286 1551; x_wconf 75' lang='grc' dir='ltr'><strong>ι</strong></span> <span class='ocrx_word' id='word_1_486' title='bbox 2325 1501 2412 1552; x_wconf 83' lang='grc' dir='ltr'><strong>ἵνα</strong></span> <span class='ocrx_word' id='word_1_487' title='bbox 2437 1497 2874 1572; x_wconf 17' lang='grc' dir='ltr'><strong>τῇίσυνετωτέρᾳ</strong></span> <span class='ocrx_word' id='word_1_488' title='bbox 2904 1493 3082 1548; x_wconf 83' lang='grc' dir='ltr'><strong>αὐτῶν</strong></span> <span class='ocrx_word' id='word_1_489' title='bbox 3132 1493 3296 1560; x_wconf 82' lang='grc' dir='ltr'><strong>βουλῇ</strong></span> <span class='ocrx_word' id='word_1_490' title='bbox 3331 1491 3432 1559; x_wconf 78' lang='grc' dir='ltr'><strong>τῆς</strong></span> <span class='ocrx_word' id='word_1_491' title='bbox 3483 1490 3770 1559; x_wconf 76' lang='grc' dir='ltr'><strong>ἡμετέρας</strong></span> 
     </span>
    </p>
   </div>
   <div class='ocr_carea' id='block_1_70' title="bbox 2273 1575 3777 1657">
    <p class='ocr_par' dir='ltr' id='par_1_70' title="bbox 2273 1575 3777 1657">
     <span class='ocr_line' id='line_1_70' title="bbox 2273 1575 3777 1657; baseline -0.008 -17"><span class='ocrx_word' id='word_1_492' title='bbox 2273 1608 2291 1640; x_wconf 75' lang='grc' dir='ltr'><strong>ι</strong></span> <span class='ocrx_word' id='word_1_493' title='bbox 2327 1587 2710 1657; x_wconf 78' lang='grc' dir='ltr'><strong>ἀναφορᾶςτὸν</strong></span> <span class='ocrx_word' id='word_1_494' title='bbox 2739 1586 2896 1652; x_wconf 90' lang='grc' dir='ltr'><strong>λόγον</strong></span> <span class='ocrx_word' id='word_1_495' title='bbox 2925 1583 3205 1652; x_wconf 83' lang='grc' dir='ltr'><strong>διαγνῶσι,</strong></span> <span class='ocrx_word' id='word_1_496' title='bbox 3231 1582 3325 1636; x_wconf 79' lang='grc' dir='ltr'><strong>καὶ</strong></span> <span class='ocrx_word' id='word_1_497' title='bbox 3357 1583 3504 1651; x_wconf 71' lang='grc' dir='ltr'><strong>ἡμᾶς</strong></span> <span class='ocrx_word' id='word_1_498' title='bbox 3534 1575 3777 1649; x_wconf 71' lang='grc' dir='ltr'><strong>βεϐαιῶ-</strong></span> 
     </span>
    </p>
   </div>
   <div class='ocr_carea' id='block_1_71' title="bbox 2275 1669 3778 1742">
    <p class='ocr_par' dir='ltr' id='par_1_71' title="bbox 2275 1669 3778 1742">
     <span class='ocr_line' id='line_1_71' title="bbox 2275 1669 3778 1742; baseline -0.007 -12"><span class='ocrx_word' id='word_1_499' title='bbox 2275 1699 2291 1730; x_wconf 77' lang='grc' dir='ltr'><strong>ε</strong></span> <span class='ocrx_word' id='word_1_500' title='bbox 2333 1696 2422 1732; x_wconf 92' lang='grc' dir='ltr'><strong>σαι</strong></span> <span class='ocrx_word' id='word_1_501' title='bbox 2456 1677 2889 1742; x_wconf 81' lang='grc' dir='ltr'><strong>καταξιὼσωσιν,</strong></span> <span class='ocrx_word' id='word_1_502' title='bbox 2934 1677 3012 1737; x_wconf 87' lang='grc' dir='ltr'><strong>είς</strong></span> <span class='ocrx_word' id='word_1_503' title='bbox 3042 1676 3101 1726; x_wconf 78' lang='grc' dir='ltr'><strong>τὸ</strong></span> <span class='ocrx_word' id='word_1_504' title='bbox 3142 1674 3355 1741; x_wconf 81' lang='grc' dir='ltr'><strong>ὀφεῖλον</strong></span> <span class='ocrx_word' id='word_1_505' title='bbox 3402 1671 3531 1741; x_wconf 81' lang='grc' dir='ltr'><strong>περὶ</strong></span> <span class='ocrx_word' id='word_1_506' title='bbox 3574 1669 3778 1731; x_wconf 87' lang='grc' dir='ltr'><strong>τούτου</strong></span> 
     </span>
    </p>
   </div>
   <div class='ocr_carea' id='block_1_72' title="bbox 2278 1757 3779 1837">
    <p class='ocr_par' dir='ltr' id='par_1_72' title="bbox 2278 1757 3779 1837">
     <span class='ocr_line' id='line_1_72' title="bbox 2278 1757 3779 1837; baseline -0.008 -17"><span class='ocrx_word' id='word_1_507' title='bbox 2278 1788 2295 1820; x_wconf 78' lang='grc' dir='ltr'><strong>ι</strong></span> <span class='ocrx_word' id='word_1_508' title='bbox 2330 1769 2421 1821; x_wconf 78' lang='grc' dir='ltr'><strong>τοῦ</strong></span> <span class='ocrx_word' id='word_1_509' title='bbox 2449 1770 2772 1837; x_wconf 85' lang='grc' dir='ltr'><strong>πράγματος</strong></span> <span class='ocrx_word' id='word_1_510' title='bbox 2800 1765 2927 1831; x_wconf 83' lang='grc' dir='ltr'><strong>παρ’</strong></span> <span class='ocrx_word' id='word_1_511' title='bbox 2957 1763 3115 1834; x_wconf 72' lang='grc' dir='ltr'><strong>ἡμῶν</strong></span> <span class='ocrx_word' id='word_1_512' title='bbox 3145 1762 3482 1828; x_wconf 77' lang='grc' dir='ltr'><strong>τυπωθῆναι.</strong></span> <span class='ocrx_word' id='word_1_513' title='bbox 3510 1759 3685 1814; x_wconf 80' lang='grc' dir='ltr'><strong>Μόνον</strong></span> <span class='ocrx_word' id='word_1_514' title='bbox 3715 1757 3779 1810; x_wconf 73' lang='grc' dir='ltr'><strong>δὲ</strong></span> 
     </span>
    </p>
   </div>
   <div class='ocr_carea' id='block_1_73' title="bbox 2283 1848 3776 1926">
    <p class='ocr_par' dir='ltr' id='par_1_73' title="bbox 2283 1848 3776 1926">
     <span class='ocr_line' id='line_1_73' title="bbox 2283 1848 3776 1926; baseline -0.009 -15"><span class='ocrx_word' id='word_1_515' title='bbox 2283 1879 2300 1911; x_wconf 74' lang='grc' dir='ltr'><strong>ι</strong></span> <span class='ocrx_word' id='word_1_516' title='bbox 2336 1857 2464 1926; x_wconf 79' lang='grc' dir='ltr'><strong>περὶ</strong></span> <span class='ocrx_word' id='word_1_517' title='bbox 2490 1856 2597 1908; x_wconf 89' lang='grc' dir='ltr'><strong>τῶν</strong></span> <span class='ocrx_word' id='word_1_518' title='bbox 2621 1856 2677 1908; x_wconf 81' lang='grc' dir='ltr'><strong>ὲν</strong></span> <span class='ocrx_word' id='word_1_519' title='bbox 2701 1854 2984 1922; x_wconf 86' lang='grc' dir='ltr'><strong>νηπιότητι</strong></span> <span class='ocrx_word' id='word_1_520' title='bbox 3001 1852 3404 1920; x_wconf 80' lang='grc' dir='ltr'><strong>βαπτισθέντων</strong></span> <span class='ocrx_word' id='word_1_521' title='bbox 3426 1848 3776 1919; x_wconf 74' lang='grc' dir='ltr'><strong>ἀρκούμεθα,</strong></span> 
     </span>
    </p>
   </div>
   <div class='ocr_carea' id='block_1_74' title="bbox 2279 1939 3782 2016">
    <p class='ocr_par' dir='ltr' id='par_1_74' title="bbox 2279 1939 3782 2016">
     <span class='ocr_line' id='line_1_74' title="bbox 2279 1939 3782 2016; baseline -0.009 -15"><span class='ocrx_word' id='word_1_522' title='bbox 2279 1971 2296 2001; x_wconf 75' lang='grc' dir='ltr'><strong>ι</strong></span> <span class='ocrx_word' id='word_1_523' title='bbox 2335 1950 2445 2014; x_wconf 85' lang='grc' dir='ltr'><strong>ἵνα,</strong></span> <span class='ocrx_word' id='word_1_524' title='bbox 2477 1948 2524 2000; x_wconf 86' lang='grc' dir='ltr'><strong>εί</strong></span> <span class='ocrx_word' id='word_1_525' title='bbox 2556 1947 2780 2016; x_wconf 79' lang='grc' dir='ltr'><strong>ἀρέσκει</strong></span> <span class='ocrx_word' id='word_1_526' title='bbox 2806 1943 3012 2006; x_wconf 77' lang='grc' dir='ltr'><strong>αὐτοῖς,</strong></span> <span class='ocrx_word' id='word_1_527' title='bbox 3043 1947 3108 2012; x_wconf 78' lang='grc' dir='ltr'><strong>τῇ</strong></span> <span class='ocrx_word' id='word_1_528' title='bbox 3131 1945 3376 2013; x_wconf 75' lang='grc' dir='ltr'><strong>ἡμετέρᾳ</strong></span> <span class='ocrx_word' id='word_1_529' title='bbox 3414 1939 3782 2011; x_wconf 79' lang='grc' dir='ltr'><strong>συναινέσωσι</strong></span> 
     </span>
    </p>
   </div>
   <div class='ocr_carea' id='block_1_75' title="bbox 2279 2029 3783 2110">
    <p class='ocr_par' dir='ltr' id='par_1_75' title="bbox 2279 2029 3783 2110">
     <span class='ocr_line' id='line_1_75' title="bbox 2279 2029 3783 2110; baseline -0.008 -17"><span class='ocrx_word' id='word_1_530' title='bbox 2279 2061 2295 2092; x_wconf 82' lang='grc' dir='ltr'><strong>ι</strong></span> <span class='ocrx_word' id='word_1_531' title='bbox 2328 2039 2647 2110; x_wconf 75' lang='grc' dir='ltr'><strong>προαιρέσει</strong></span> <span class='ocrx_word' id='word_1_532' title='bbox 2709 2036 2838 2106; x_wconf 74' lang='grc' dir='ltr'><strong>περὶ</strong></span> <span class='ocrx_word' id='word_1_533' title='bbox 2893 2033 2987 2086; x_wconf 78' lang='grc' dir='ltr'><strong>τοῦ</strong></span> <span class='ocrx_word' id='word_1_534' title='bbox 3043 2033 3467 2104; x_wconf 76' lang='grc' dir='ltr'><strong>χειροτονεῖσθαι</strong></span> <span class='ocrx_word' id='word_1_535' title='bbox 3504 2029 3783 2090; x_wconf 69' lang='grc' dir='ltr'><strong>τούτους.</strong></span> 
     </span>
    </p>
   </div>
   <div class='ocr_carea' id='block_1_76' title="bbox 2278 2121 3784 2198">
    <p class='ocr_par' dir='ltr' id='par_1_76' title="bbox 2278 2121 3784 2198">
     <span class='ocr_line' id='line_1_76' title="bbox 2278 2121 3784 2198; baseline -0.009 -12"><span class='ocrx_word' id='word_1_536' title='bbox 2278 2153 2296 2185; x_wconf 83' lang='grc' dir='ltr'><strong>ι</strong></span> <span class='ocrx_word' id='word_1_537' title='bbox 2335 2133 2521 2186; x_wconf 82' lang='grc' dir='ltr'><strong>Πάντα</strong></span> <span class='ocrx_word' id='word_1_538' title='bbox 2546 2130 2750 2194; x_wconf 82' lang='grc' dir='ltr'><strong>τοίνυν,</strong></span> <span class='ocrx_word' id='word_1_539' title='bbox 2803 2127 2839 2181; x_wconf 74' lang='grc' dir='ltr'><strong>ἃ.</strong></span> <span class='ocrx_word' id='word_1_540' title='bbox 2870 2128 3131 2198; x_wconf 82' lang='grc' dir='ltr'><strong>ἀνωτέρω</strong></span> <span class='ocrx_word' id='word_1_541' title='bbox 3185 2126 3568 2194; x_wconf 75' lang='grc' dir='ltr'><strong>συνηγάγομεν</strong></span> <span class='ocrx_word' id='word_1_542' title='bbox 3619 2121 3784 2191; x_wconf 75' lang='grc' dir='ltr'><strong>παρὰ</strong></span> 
     </span>
    </p>
   </div>
   <div class='ocr_carea' id='block_1_77' title="bbox 2279 2210 3785 2290">
    <p class='ocr_par' dir='ltr' id='par_1_77' title="bbox 2279 2210 3785 2290">
     <span class='ocr_line' id='line_1_77' title="bbox 2279 2210 3785 2290; baseline -0.008 -14"><span class='ocrx_word' id='word_1_543' title='bbox 2279 2245 2296 2277; x_wconf 72' lang='grc' dir='ltr'><strong>ι</strong></span> <span class='ocrx_word' id='word_1_544' title='bbox 2333 2227 2444 2286; x_wconf 77' lang='grc' dir='ltr'><strong>τοῖς</strong></span> <span class='ocrx_word' id='word_1_545' title='bbox 2509 2221 2831 2290; x_wconf 80' lang='grc' dir='ltr'><strong>ἁγιωτάτοις</strong></span> <span class='ocrx_word' id='word_1_546' title='bbox 2888 2219 3232 2282; x_wconf 75' lang='grc' dir='ltr'><strong>ἐπισκόποις,</strong></span> <span class='ocrx_word' id='word_1_547' title='bbox 3300 2217 3549 2284; x_wconf 83' lang='grc' dir='ltr'><strong>πρακτέα</strong></span> <span class='ocrx_word' id='word_1_548' title='bbox 3634 2210 3785 2266; x_wconf 77' lang='grc' dir='ltr'><strong>εἶναι</strong></span> 
     </span>
    </p>
   </div>
   <div class='ocr_carea' id='block_1_78' title="bbox 2284 2305 3777 2382">
    <p class='ocr_par' dir='ltr' id='par_1_78' title="bbox 2284 2305 3777 2382">
     <span class='ocr_line' id='line_1_78' title="bbox 2284 2305 3777 2382; baseline -0.008 -16"><span class='ocrx_word' id='word_1_549' title='bbox 2284 2338 2299 2366; x_wconf 74' lang='grc' dir='ltr'><strong>ι</strong></span> <span class='ocrx_word' id='word_1_550' title='bbox 2335 2314 2531 2367; x_wconf 83' lang='grc' dir='ltr'><strong>δικαιοῖ</strong></span> <span class='ocrx_word' id='word_1_551' title='bbox 2575 2315 2689 2382; x_wconf 77' lang='grc' dir='ltr'><strong>ἀμα</strong></span> <span class='ocrx_word' id='word_1_552' title='bbox 2711 2311 2833 2380; x_wconf 75' lang='grc' dir='ltr'><strong>ἐμοὶ</strong></span> <span class='ocrx_word' id='word_1_553' title='bbox 2875 2314 2906 2377; x_wconf 78' lang='grc' dir='ltr'>ἡ</span> <span class='ocrx_word' id='word_1_554' title='bbox 2933 2311 3146 2378; x_wconf 73' lang='grc' dir='ltr'><strong>ἔντιμος</strong></span> <span class='ocrx_word' id='word_1_555' title='bbox 3185 2307 3337 2377; x_wconf 85' lang='grc' dir='ltr'><strong>ὑμῶν</strong></span> <span class='ocrx_word' id='word_1_556' title='bbox 3386 2305 3706 2373; x_wconf 79' lang='grc' dir='ltr'><strong>ἀδελφότης.</strong></span> <span class='ocrx_word' id='word_1_557' title='bbox 3754 2323 3777 2354; x_wconf 83' lang='grc'><strong><em>›</em></strong></span> 
     </span>
    </p>
   </div>
   <div class='ocr_carea' id='block_1_79' title="bbox 2279 2396 3786 2465">
    <p class='ocr_par' dir='ltr' id='par_1_79' title="bbox 2279 2396 3786 2465">
     <span class='ocr_line' id='line_1_79' title="bbox 2279 2396 3786 2465; baseline -0.007 -9"><span class='ocrx_word' id='word_1_558' title='bbox 2279 2404 2476 2456; x_wconf 85' lang='grc' dir='ltr'><strong>ΒΑΛΣ.</strong></span> <span class='ocrx_word' id='word_1_559' title='bbox 2525 2403 2619 2454; x_wconf 75' lang='grc' dir='ltr'><strong>καὶ</strong></span> <span class='ocrx_word' id='word_1_560' title='bbox 2643 2401 2890 2456; x_wconf 80' lang='grc' dir='ltr'><strong>ΖΩΝΑΡ.</strong></span> <span class='ocrx_word' id='word_1_561' title='bbox 2926 2401 3158 2462; x_wconf 83' lang='grc' dir='ltr'><strong>Δονᾶτός</strong></span> <span class='ocrx_word' id='word_1_562' title='bbox 3210 2415 3296 2460; x_wconf 90' lang='grc' dir='ltr'><strong>τις</strong></span> <span class='ocrx_word' id='word_1_563' title='bbox 3349 2397 3408 2449; x_wconf 85' lang='grc' dir='ltr'><strong>τὸ</strong></span> <span class='ocrx_word' id='word_1_564' title='bbox 3456 2397 3628 2465; x_wconf 76' lang='grc' dir='ltr'><strong>ὄνομα</strong></span> <span class='ocrx_word' id='word_1_565' title='bbox 3690 2396 3786 2446; x_wconf 79' lang='grc' dir='ltr'><strong>αἱ·</strong></span> 
     </span>
    </p>
   </div>
   <div class='ocr_carea' id='block_1_80' title="bbox 2211 2489 3790 2565">
    <p class='ocr_par' dir='ltr' id='par_1_80' title="bbox 2211 2489 3790 2565">
     <span class='ocr_line' id='line_1_80' title="bbox 2211 2489 3790 2565; baseline -0.006 -18"><span class='ocrx_word' id='word_1_566' title='bbox 2211 2495 2416 2565; x_wconf 79' lang='grc' dir='ltr'><strong>ρέσεως</strong></span> <span class='ocrx_word' id='word_1_567' title='bbox 2446 2492 2667 2561; x_wconf 84' lang='grc' dir='ltr'><strong>γέγονεν</strong></span> <span class='ocrx_word' id='word_1_568' title='bbox 2710 2492 2949 2560; x_wconf 70' lang='grc' dir='ltr'><strong>ἀρχηγὸς</strong></span> <span class='ocrx_word' id='word_1_569' title='bbox 2985 2490 3059 2560; x_wconf 78' lang='grc' dir='ltr'><strong>μὴ</strong></span> <span class='ocrx_word' id='word_1_570' title='bbox 3090 2490 3264 2552; x_wconf 79' lang='grc' dir='ltr'><strong>άλλως</strong></span> <span class='ocrx_word' id='word_1_571' title='bbox 3293 2489 3399 2541; x_wconf 87' lang='grc' dir='ltr'><strong>τῶν</strong></span> <span class='ocrx_word' id='word_1_572' title='bbox 3454 2489 3615 2540; x_wconf 83' lang='grc' dir='ltr'><strong>θείων</strong></span> <span class='ocrx_word' id='word_1_573' title='bbox 3681 2504 3790 2557; x_wconf 86' lang='grc' dir='ltr'><strong>μυ-</strong></span> 
     </span>
    </p>
   </div>
   <div class='ocr_carea' id='block_1_81' title="bbox 2213 2581 3790 2657">
    <p class='ocr_par' dir='ltr' id='par_1_81' title="bbox 2213 2581 3790 2657">
     <span class='ocr_line' id='line_1_81' title="bbox 2213 2581 3790 2657; baseline -0.005 -17"><span class='ocrx_word' id='word_1_574' title='bbox 2213 2586 2448 2657; x_wconf 88' lang='grc' dir='ltr'><strong>στηρίων</strong></span> <span class='ocrx_word' id='word_1_575' title='bbox 2501 2583 2942 2656; x_wconf 75' lang='grc' dir='ltr'><strong>μεταλαμϐάνειν</strong></span> <span class='ocrx_word' id='word_1_576' title='bbox 2975 2582 3189 2646; x_wconf 78' lang='grc' dir='ltr'><strong>διδάξας</strong></span> <span class='ocrx_word' id='word_1_577' title='bbox 3235 2584 3282 2634; x_wconf 81' lang='grc' dir='ltr'><strong>εί</strong></span> <span class='ocrx_word' id='word_1_578' title='bbox 3315 2583 3390 2651; x_wconf 80' lang='grc' dir='ltr'><strong>μὴ</strong></span> <span class='ocrx_word' id='word_1_579' title='bbox 3424 2581 3619 2634; x_wconf 85' lang='grc' dir='ltr'><strong>ὀστοῦν</strong></span> <span class='ocrx_word' id='word_1_580' title='bbox 3650 2597 3790 2632; x_wconf 81' lang='grc' dir='ltr'><strong>κατο</strong></span> 
     </span>
    </p>
   </div>
   <div class='ocr_carea' id='block_1_82' title="bbox 2212 2673 3789 2749">
    <p class='ocr_par' dir='ltr' id='par_1_82' title="bbox 2212 2673 3789 2749">
     <span class='ocr_line' id='line_1_82' title="bbox 2212 2673 3789 2749; baseline -0.006 -17"><span class='ocrx_word' id='word_1_581' title='bbox 2212 2679 2351 2749; x_wconf 85' lang='grc' dir='ltr'><strong>έχων</strong></span> <span class='ocrx_word' id='word_1_582' title='bbox 2379 2681 2434 2731; x_wconf 86' lang='grc' dir='ltr'><strong>ὲν</strong></span> <span class='ocrx_word' id='word_1_583' title='bbox 2459 2680 2523 2748; x_wconf 69' lang='grc' dir='ltr'><strong>τῇ</strong></span> <span class='ocrx_word' id='word_1_584' title='bbox 2551 2676 2720 2746; x_wconf 65' lang='grc' dir='ltr'><strong>χειρὶ,</strong></span> <span class='ocrx_word' id='word_1_585' title='bbox 2762 2675 2922 2728; x_wconf 83' lang='grc' dir='ltr'><strong>τοῦτο</strong></span> <span class='ocrx_word' id='word_1_586' title='bbox 2972 2676 3233 2744; x_wconf 84' lang='grc' dir='ltr'><strong>πρότερον</strong></span> <span class='ocrx_word' id='word_1_587' title='bbox 3299 2673 3620 2738; x_wconf 74' lang='grc' dir='ltr'><strong>ἀσπάζοιτο,</strong></span> <span class='ocrx_word' id='word_1_588' title='bbox 3686 2673 3789 2723; x_wconf 71' lang='grc' dir='ltr'><strong>καὶ</strong></span> 
     </span>
    </p>
   </div>
   <div class='ocr_carea' id='block_1_83' title="bbox 2224 2761 3790 2839">
    <p class='ocr_par' dir='ltr' id='par_1_83' title="bbox 2224 2761 3790 2839">
     <span class='ocr_line' id='line_1_83' title="bbox 2224 2761 3790 2839; baseline -0.006 -17"><span class='ocrx_word' id='word_1_589' title='bbox 2224 2769 2365 2822; x_wconf 74' lang='grc' dir='ltr'><strong>οὕτω</strong></span> <span class='ocrx_word' id='word_1_590' title='bbox 2422 2767 2881 2839; x_wconf 76' lang='grc' dir='ltr'><strong>μεταλαμϐάνειν.</strong></span> <span class='ocrx_word' id='word_1_591' title='bbox 2935 2766 2998 2819; x_wconf 74' lang='lat' dir='ltr'><strong>Oi</strong></span> <span class='ocrx_word' id='word_1_592' title='bbox 3055 2761 3148 2818; x_wconf 78' lang='grc' dir='ltr'><strong>οὖν</strong></span> <span class='ocrx_word' id='word_1_593' title='bbox 3194 2765 3403 2816; x_wconf 79' lang='grc' dir='ltr'><strong>ἐκείνου</strong></span> <span class='ocrx_word' id='word_1_594' title='bbox 3463 2763 3790 2833; x_wconf 83' lang='grc' dir='ltr'><strong>αίρεσιῶται</strong></span> 
     </span>
    </p>
   </div>
   <div class='ocr_carea' id='block_1_84' title="bbox 2215 2851 3789 2928">
    <p class='ocr_par' dir='ltr' id='par_1_84' title="bbox 2215 2851 3789 2928">
     <span class='ocr_line' id='line_1_84' title="bbox 2215 2851 3789 2928; baseline -0.008 -13"><span class='ocrx_word' id='word_1_595' title='bbox 2215 2862 2530 2916; x_wconf 65' lang='grc' dir='ltr'><strong>Δονατιστιιλ⁸</strong></span> <span class='ocrx_word' id='word_1_596' title='bbox 2560 2860 2936 2928; x_wconf 78' lang='grc' dir='ltr'><strong>ὀνομάζονται.</strong></span> <span class='ocrx_word' id='word_1_597' title='bbox 2971 2859 3103 2926; x_wconf 76' lang='grc' dir='ltr'><strong>Περὶ</strong></span> <span class='ocrx_word' id='word_1_598' title='bbox 3155 2857 3365 2908; x_wconf 84' lang='grc' dir='ltr'><strong>τούτων</strong></span> <span class='ocrx_word' id='word_1_599' title='bbox 3425 2851 3540 2918; x_wconf 73' lang='grc' dir='ltr'><strong>οἷον,</strong></span> <span class='ocrx_word' id='word_1_600' title='bbox 3594 2854 3667 2915; x_wconf 83' lang='grc' dir='ltr'><strong>ὼς</strong></span> <span class='ocrx_word' id='word_1_601' title='bbox 3724 2855 3789 2905; x_wconf 69' lang='grc' dir='ltr'><strong>ἐν</strong></span> 
     </span>
    </p>
   </div>
   <div class='ocr_carea' id='block_1_85' title="bbox 2216 2947 3791 3025">
    <p class='ocr_par' dir='ltr' id='par_1_85' title="bbox 2216 2947 3791 3025">
     <span class='ocr_line' id='line_1_85' title="bbox 2216 2947 3791 3025; baseline -0.007 -17"><span class='ocrx_word' id='word_1_602' title='bbox 2216 2955 2293 3024; x_wconf 84' lang='grc' dir='ltr'><strong>τῷ</strong></span> <span class='ocrx_word' id='word_1_603' title='bbox 2318 2953 2402 3025; x_wconf 78' lang='grc' dir='ltr'><strong>μζ¹</strong></span> <span class='ocrx_word' id='word_1_604' title='bbox 2429 2954 2615 3008; x_wconf 86' lang='grc' dir='ltr'><strong>κανόνι</strong></span> <span class='ocrx_word' id='word_1_605' title='bbox 2655 2953 2751 3021; x_wconf 77' lang='grc' dir='ltr'><strong>τῆς</strong></span> <span class='ocrx_word' id='word_1_606' title='bbox 2790 2952 3006 3003; x_wconf 77' lang='grc' dir='ltr'><strong>συνόδου</strong></span> <span class='ocrx_word' id='word_1_607' title='bbox 3059 2950 3261 3018; x_wconf 80' lang='grc' dir='ltr'><strong>ταύτης</strong></span> <span class='ocrx_word' id='word_1_608' title='bbox 3330 2949 3569 3019; x_wconf 84' lang='grc' dir='ltr'><strong>είρηται,</strong></span> <span class='ocrx_word' id='word_1_609' title='bbox 3635 2947 3791 3010; x_wconf 77' lang='grc' dir='ltr'><strong>ἔδοξε</strong></span> 
     </span>
    </p>
   </div>
   <div class='ocr_carea' id='block_1_86' title="bbox 2223 3038 3794 3115">
    <p class='ocr_par' dir='ltr' id='par_1_86' title="bbox 2223 3038 3794 3115">
     <span class='ocr_line' id='line_1_86' title="bbox 2223 3038 3794 3115; baseline -0.006 -17"><span class='ocrx_word' id='word_1_610' title='bbox 2223 3049 2335 3108; x_wconf 80' lang='grc' dir='ltr'><strong>τοῖς</strong></span> <span class='ocrx_word' id='word_1_611' title='bbox 2365 3045 2648 3115; x_wconf 84' lang='grc' dir='ltr'><strong>Πατράσιν</strong></span> <span class='ocrx_word' id='word_1_612' title='bbox 2676 3042 2970 3112; x_wconf 77' lang='grc' dir='ltr'><strong>ἐρωτῆσαι,</strong></span> <span class='ocrx_word' id='word_1_613' title='bbox 3003 3043 3049 3092; x_wconf 91' lang='grc' dir='ltr'><strong>εἰ</strong></span> <span class='ocrx_word' id='word_1_614' title='bbox 3082 3041 3151 3092; x_wconf 82' lang='grc' dir='ltr'><strong>τὰ</strong></span> <span class='ocrx_word' id='word_1_615' title='bbox 3176 3043 3343 3110; x_wconf 72' lang='grc' dir='ltr'><strong>νήπια</strong></span> <span class='ocrx_word' id='word_1_616' title='bbox 3387 3040 3564 3093; x_wconf 80' lang='grc' dir='ltr'><strong>αὐτῶν</strong></span> <span class='ocrx_word' id='word_1_617' title='bbox 3590 3038 3794 3106; x_wconf 83' lang='grc' dir='ltr'><strong>βαπτι-</strong></span> 
     </span>
    </p>
   </div>
   <div class='ocr_carea' id='block_1_87' title="bbox 2227 3124 3793 3204">
    <p class='ocr_par' dir='ltr' id='par_1_87' title="bbox 2227 3124 3793 3204">
     <span class='ocr_line' id='line_1_87' title="bbox 2227 3124 3793 3204; baseline -0.005 -16"><span class='ocrx_word' id='word_1_618' title='bbox 2227 3137 2430 3204; x_wconf 82' lang='grc' dir='ltr'><strong>ζόμενα</strong></span> <span class='ocrx_word' id='word_1_619' title='bbox 2465 3135 2615 3203; x_wconf 84' lang='grc' dir='ltr'><strong>παρὰ</strong></span> <span class='ocrx_word' id='word_1_620' title='bbox 2659 3124 2999 3200; x_wconf 78' lang='grc' dir='ltr'><strong>τῶνγονέων</strong></span> <span class='ocrx_word' id='word_1_621' title='bbox 3032 3133 3232 3194; x_wconf 82' lang='grc' dir='ltr'><strong>αὐτῶν,</strong></span> <span class='ocrx_word' id='word_1_622' title='bbox 3300 3129 3640 3182; x_wconf 86' lang='grc' dir='ltr'><strong>Δονατιστῶν</strong></span> <span class='ocrx_word' id='word_1_623' title='bbox 3697 3129 3793 3181; x_wconf 79' lang='grc' dir='ltr'><strong>δν-</strong></span> 
     </span>
    </p>
   </div>
   <div class='ocr_carea' id='block_1_88' title="bbox 2226 3218 3790 3292">
    <p class='ocr_par' dir='ltr' id='par_1_88' title="bbox 2226 3218 3790 3292">
     <span class='ocr_line' id='line_1_88' title="bbox 2226 3218 3790 3292; baseline -0.005 -16"><span class='ocrx_word' id='word_1_624' title='bbox 2226 3241 2353 3291; x_wconf 84' lang='grc' dir='ltr'><strong>των,</strong></span> <span class='ocrx_word' id='word_1_625' title='bbox 2387 3221 2504 3276; x_wconf 82' lang='grc' dir='ltr'><strong>εἶτα</strong></span> <span class='ocrx_word' id='word_1_626' title='bbox 2537 3222 2950 3292; x_wconf 83' lang='grc' dir='ltr'><strong>προσερχόμενα</strong></span> <span class='ocrx_word' id='word_1_627' title='bbox 2990 3225 3053 3289; x_wconf 80' lang='grc' dir='ltr'><strong>τῇ</strong></span> <span class='ocrx_word' id='word_1_628' title='bbox 3107 3220 3368 3287; x_wconf 83' lang='grc' dir='ltr'><strong>καθολικῇ</strong></span> <span class='ocrx_word' id='word_1_629' title='bbox 3464 3218 3790 3288; x_wconf 73' lang='grc' dir='ltr'><strong>Ἐκκλησία,</strong></span> 
     </span>
    </p>
   </div>
   <div class='ocr_carea' id='block_1_89' title="bbox 2221 3312 3795 3385">
    <p class='ocr_par' dir='ltr' id='par_1_89' title="bbox 2221 3312 3795 3385">
     <span class='ocr_line' id='line_1_89' title="bbox 2221 3312 3795 3385; baseline -0.004 -16"><span class='ocrx_word' id='word_1_630' title='bbox 2221 3318 2300 3369; x_wconf 82' lang='grc' dir='ltr'><strong>δεῖ</strong></span> <span class='ocrx_word' id='word_1_631' title='bbox 2326 3313 2715 3385; x_wconf 81' lang='grc' dir='ltr'><strong>προσδέχεσθαι</strong></span> <span class='ocrx_word' id='word_1_632' title='bbox 2747 3315 2836 3364; x_wconf 75' lang='grc' dir='ltr'><strong>καὶ</strong></span> <span class='ocrx_word' id='word_1_633' title='bbox 2865 3316 2920 3364; x_wconf 84' lang='grc' dir='ltr'><strong>έν</strong></span> <span class='ocrx_word' id='word_1_634' title='bbox 2954 3313 3135 3380; x_wconf 74' lang='grc' dir='ltr'><strong>κλήρῳ</strong></span> <span class='ocrx_word' id='word_1_635' title='bbox 3167 3312 3402 3374; x_wconf 80' lang='grc' dir='ltr'><strong>τάττειν,</strong></span> <span class='ocrx_word' id='word_1_636' title='bbox 3426 3312 3546 3381; x_wconf 74' lang='grc' dir='ltr'><strong>ἢμή</strong></span> <span class='ocrx_word' id='word_1_637' title='bbox 3571 3328 3584 3373; x_wconf 91' lang='grc'>;</span> <span class='ocrx_word' id='word_1_638' title='bbox 3618 3312 3795 3364; x_wconf 60' lang='grc' dir='ltr'><strong>Τοῦτ)</strong></span> 
     </span>
    </p>
   </div>
   <div class='ocr_carea' id='block_1_90' title="bbox 2221 3398 3796 3468">
    <p class='ocr_par' dir='ltr' id='par_1_90' title="bbox 2221 3398 3796 3468">
     <span class='ocr_line' id='line_1_90' title="bbox 2221 3398 3796 3468; baseline -0.003 -14"><span class='ocrx_word' id='word_1_639' title='bbox 2221 3398 2312 3454; x_wconf 83' lang='grc' dir='ltr'><strong>οὖν</strong></span> <span class='ocrx_word' id='word_1_640' title='bbox 2347 3403 2438 3453; x_wconf 80' lang='grc' dir='ltr'><strong>καὶ</strong></span> <span class='ocrx_word' id='word_1_641' title='bbox 2476 3401 2694 3468; x_wconf 79' lang='grc' dir='ltr'><strong>πάλινή</strong></span> <span class='ocrx_word' id='word_1_642' title='bbox 2729 3399 2948 3460; x_wconf 78' lang='grc' dir='ltr'><strong>σύνοδος</strong></span> <span class='ocrx_word' id='word_1_643' title='bbox 2985 3400 3216 3466; x_wconf 77' lang='grc' dir='ltr'><strong>εἰσάγει,</strong></span> <span class='ocrx_word' id='word_1_644' title='bbox 3271 3407 3364 3451; x_wconf 83' lang='grc' dir='ltr'><strong>καί</strong></span> <span class='ocrx_word' id='word_1_645' title='bbox 3415 3400 3598 3452; x_wconf 78' lang='grc' dir='ltr'><strong>δίδωσι</strong></span> <span class='ocrx_word' id='word_1_646' title='bbox 3647 3400 3796 3465; x_wconf 85' lang='grc' dir='ltr'><strong>γνώ-</strong></span> 
     </span>
    </p>
   </div>
   <div class='ocr_carea' id='block_1_91' title="bbox 2225 3490 3800 3565">
    <p class='ocr_par' dir='ltr' id='par_1_91' title="bbox 2225 3490 3800 3565">
     <span class='ocr_line' id='line_1_91' title="bbox 2225 3490 3800 3565; baseline -0.002 -22"><span class='ocrx_word' id='word_1_647' title='bbox 2225 3510 2353 3562; x_wconf 88' lang='grc' dir='ltr'><strong>μην,</strong></span> <span class='ocrx_word' id='word_1_648' title='bbox 2392 3492 2530 3543; x_wconf 81' lang='grc' dir='ltr'><strong>ὦστε</strong></span> <span class='ocrx_word' id='word_1_649' title='bbox 2554 3491 2676 3553; x_wconf 79' lang='grc' dir='ltr'><strong>τοὺς</strong></span> <span class='ocrx_word' id='word_1_650' title='bbox 2709 3490 2857 3559; x_wconf 71' lang='grc' dir='ltr'><strong>παρὰ</strong></span> <span class='ocrx_word' id='word_1_651' title='bbox 2888 3494 3001 3552; x_wconf 83' lang='grc' dir='ltr'><strong>τοῖς</strong></span> <span class='ocrx_word' id='word_1_652' title='bbox 3075 3491 3421 3565; x_wconf 79' lang='grc' dir='ltr'><strong>Δονατισταῖς</strong></span> <span class='ocrx_word' id='word_1_653' title='bbox 3490 3492 3546 3542; x_wconf 83' lang='grc' dir='ltr'><strong>ὲν</strong></span> <span class='ocrx_word' id='word_1_654' title='bbox 3598 3490 3800 3557; x_wconf 64' lang='grc' dir='ltr'><strong>νηπιό-</strong></span> 
     </span>
    </p>
   </div>
   <div class='ocr_carea' id='block_1_92' title="bbox 2224 3580 3802 3651">
    <p class='ocr_par' dir='ltr' id='par_1_92' title="bbox 2224 3580 3802 3651">
     <span class='ocr_line' id='line_1_92' title="bbox 2224 3580 3802 3651; baseline -0.003 -17"><span class='ocrx_word' id='word_1_655' title='bbox 2224 3600 2348 3651; x_wconf 87' lang='grc' dir='ltr'><strong>τητι</strong></span> <span class='ocrx_word' id='word_1_656' title='bbox 2383 3582 2847 3650; x_wconf 72' lang='grc' dir='ltr'><strong>βαπτιζομένους,</strong></span> <span class='ocrx_word' id='word_1_657' title='bbox 2885 3581 2957 3640; x_wconf 83' lang='grc' dir='ltr'><strong>ὡς</strong></span> <span class='ocrx_word' id='word_1_658' title='bbox 3007 3582 3082 3648; x_wconf 80' lang='grc' dir='ltr'><strong>μὴ</strong></span> <span class='ocrx_word' id='word_1_659' title='bbox 3117 3580 3379 3632; x_wconf 68' lang='grc' dir='ltr'><strong>δύνασθαι</strong></span> <span class='ocrx_word' id='word_1_660' title='bbox 3435 3582 3554 3632; x_wconf 81' lang='grc' dir='ltr'><strong>τότε</strong></span> <span class='ocrx_word' id='word_1_661' title='bbox 3634 3583 3802 3643; x_wconf 77' lang='grc' dir='ltr'><strong>γινώ-</strong></span> 
     </span>
    </p>
   </div>
   <div class='ocr_carea' id='block_1_93' title="bbox 2227 3669 3798 3741">
    <p class='ocr_par' dir='ltr' id='par_1_93' title="bbox 2227 3669 3798 3741">
     <span class='ocr_line' id='line_1_93' title="bbox 2227 3669 3798 3741; baseline -0.003 -17"><span class='ocrx_word' id='word_1_662' title='bbox 2227 3689 2379 3725; x_wconf 88' lang='grc' dir='ltr'><strong>σκειν</strong></span> <span class='ocrx_word' id='word_1_663' title='bbox 2414 3673 2512 3741; x_wconf 78' lang='grc' dir='ltr'><strong>τῆς</strong></span> <span class='ocrx_word' id='word_1_664' title='bbox 2578 3670 2784 3738; x_wconf 82' lang='grc' dir='ltr'><strong>πλάνης</strong></span> <span class='ocrx_word' id='word_1_665' title='bbox 2843 3671 2933 3722; x_wconf 80' lang='grc' dir='ltr'><strong>τὸν</strong></span> <span class='ocrx_word' id='word_1_666' title='bbox 3009 3669 3251 3739; x_wconf 78' lang='grc' dir='ltr'><strong>ὄλεθρον,</strong></span> <span class='ocrx_word' id='word_1_667' title='bbox 3310 3671 3395 3721; x_wconf 78' lang='grc' dir='ltr'><strong>ὅτε</strong></span> <span class='ocrx_word' id='word_1_668' title='bbox 3447 3671 3523 3728; x_wconf 80' lang='grc' dir='ltr'><strong>εἰς</strong></span> <span class='ocrx_word' id='word_1_669' title='bbox 3575 3671 3798 3738; x_wconf 73' lang='grc' dir='ltr'><strong>ηλικξαν</strong></span> 
     </span>
    </p>
   </div>
   <div class='ocr_carea' id='block_1_94' title="bbox 2225 3760 3798 3830">
    <p class='ocr_par' dir='ltr' id='par_1_94' title="bbox 2225 3760 3798 3830">
     <span class='ocr_line' id='line_1_94' title="bbox 2225 3760 3798 3830; baseline -0.003 -14"><span class='ocrx_word' id='word_1_670' title='bbox 2225 3763 2420 3816; x_wconf 76' lang='grc' dir='ltr'><strong>ἔλθωσι</strong></span> <span class='ocrx_word' id='word_1_671' title='bbox 2479 3762 2730 3830; x_wconf 77' lang='grc' dir='ltr'><strong>δεκτικὴν</strong></span> <span class='ocrx_word' id='word_1_672' title='bbox 2792 3760 3082 3829; x_wconf 79' lang='grc' dir='ltr'><strong>λογισμοῦ,</strong></span> <span class='ocrx_word' id='word_1_673' title='bbox 3114 3761 3376 3825; x_wconf 67' lang='grc' dir='ltr'><strong>,τουτέστι</strong></span> <span class='ocrx_word' id='word_1_674' title='bbox 3454 3762 3798 3828; x_wconf 65' lang='grc' dir='ltr'><strong>φρονήσεως,</strong></span> 
     </span>
    </p>
   </div>
   <div class='ocr_carea' id='block_1_95' title="bbox 2227 3850 3806 3919">
    <p class='ocr_par' dir='ltr' id='par_1_95' title="bbox 2227 3850 3806 3919">
     <span class='ocr_line' id='line_1_95' title="bbox 2227 3850 3806 3919; baseline -0.001 -14"><span class='ocrx_word' id='word_1_675' title='bbox 2227 3853 2368 3905; x_wconf 85' lang='grc' dir='ltr'><strong>ὥστε</strong></span> <span class='ocrx_word' id='word_1_676' title='bbox 2434 3852 2696 3904; x_wconf 85' lang='grc' dir='ltr'><strong>δύνασθαι</strong></span> <span class='ocrx_word' id='word_1_677' title='bbox 2727 3850 2920 3918; x_wconf 79' lang='grc' dir='ltr'><strong>νοῆσαι</strong></span> <span class='ocrx_word' id='word_1_678' title='bbox 2953 3851 3049 3918; x_wconf 78' lang='grc' dir='ltr'><strong>τὴν</strong></span> <span class='ocrx_word' id='word_1_679' title='bbox 3081 3850 3359 3918; x_wconf 80' lang='grc' dir='ltr'><strong>ἀλήθειαν,</strong></span> <span class='ocrx_word' id='word_1_680' title='bbox 3413 3853 3506 3901; x_wconf 69' lang='grc' dir='ltr'><strong>καὶ</strong></span> <span class='ocrx_word' id='word_1_681' title='bbox 3566 3853 3806 3919; x_wconf 78' lang='grc' dir='ltr'><strong>μισῆσαι</strong></span> 
     </span>
    </p>
   </div>
   <div class='ocr_carea' id='block_1_96' title="bbox 2229 3939 3806 4012">
    <p class='ocr_par' dir='ltr' id='par_1_96' title="bbox 2229 3939 3806 4012">
     <span class='ocr_line' id='line_1_96' title="bbox 2229 3939 3806 4012; baseline -0.002 -17"><span class='ocrx_word' id='word_1_682' title='bbox 2229 3945 2327 4012; x_wconf 84' lang='grc' dir='ltr'><strong>τὴν</strong></span> <span class='ocrx_word' id='word_1_683' title='bbox 2359 3943 2586 3996; x_wconf 73' lang='grc' dir='ltr'><strong>ἐκείνων</strong></span> <span class='ocrx_word' id='word_1_684' title='bbox 2614 3941 2964 4008; x_wconf 69' lang='grc' dir='ltr'><strong>φαυλότηταο</strong></span> <span class='ocrx_word' id='word_1_685' title='bbox 2996 3941 3090 3992; x_wconf 84' lang='grc' dir='ltr'><strong>ὲάν</strong></span> <span class='ocrx_word' id='word_1_686' title='bbox 3123 3943 3187 4009; x_wconf 80' lang='grc' dir='ltr'><strong>τῇ</strong></span> <span class='ocrx_word' id='word_1_687' title='bbox 3233 3939 3537 4008; x_wconf 66' lang='grc' dir='ltr'><strong>Ἐκκλησία</strong></span> <span class='ocrx_word' id='word_1_688' title='bbox 3567 3941 3806 4009; x_wconf 78' lang='grc' dir='ltr'><strong>προσέλ-</strong></span> 
     </span>
    </p>
   </div>
   <div class='ocr_carea' id='block_1_97' title="bbox 2233 4029 3805 4100">
    <p class='ocr_par' dir='ltr' id='par_1_97' title="bbox 2233 4029 3805 4100">
     <span class='ocr_line' id='line_1_97' title="bbox 2233 4029 3805 4100; baseline -0.001 -14"><span class='ocrx_word' id='word_1_689' title='bbox 2233 4034 2424 4098; x_wconf 84' lang='grc' dir='ltr'><strong>θωσιν,</strong></span> <span class='ocrx_word' id='word_1_690' title='bbox 2462 4031 2817 4100; x_wconf 78' lang='grc' dir='ltr'><strong>ἀναδέχεσθαι</strong></span> <span class='ocrx_word' id='word_1_691' title='bbox 2848 4030 3073 4091; x_wconf 82' lang='grc' dir='ltr'><strong>τούτους</strong></span> <span class='ocrx_word' id='word_1_692' title='bbox 3099 4029 3190 4082; x_wconf 85' lang='grc' dir='ltr'><strong>διὰ</strong></span> <span class='ocrx_word' id='word_1_693' title='bbox 3222 4031 3312 4098; x_wconf 78' lang='grc' dir='ltr'><strong>ιῆς</strong></span> <span class='ocrx_word' id='word_1_694' title='bbox 3370 4030 3665 4093; x_wconf 75' lang='grc' dir='ltr'><strong>ἐπιθέσεως</strong></span> <span class='ocrx_word' id='word_1_695' title='bbox 3691 4033 3805 4084; x_wconf 87' lang='grc' dir='ltr'><strong>τῶν</strong></span> 
     </span>
    </p>
   </div>
   <div class='ocr_carea' id='block_1_98' title="bbox 2232 4120 3806 4193">
    <p class='ocr_par' dir='ltr' id='par_1_98' title="bbox 2232 4120 3806 4193">
     <span class='ocr_line' id='line_1_98' title="bbox 2232 4120 3806 4193; baseline 0.001 -19"><span class='ocrx_word' id='word_1_696' title='bbox 2232 4124 2430 4193; x_wconf 83' lang='grc' dir='ltr'><strong>χειρῶν</strong></span> <span class='ocrx_word' id='word_1_697' title='bbox 2461 4124 2604 4175; x_wconf 68' lang='grc' dir='ltr'><strong>κατά</strong></span> <span class='ocrx_word' id='word_1_698' title='bbox 2652 4139 2774 4174; x_wconf 87' lang='grc' dir='ltr'><strong>τινα</strong></span> <span class='ocrx_word' id='word_1_699' title='bbox 2811 4121 2962 4186; x_wconf 78' lang='grc' dir='ltr'><strong>τάξιν</strong></span> <span class='ocrx_word' id='word_1_700' title='bbox 3014 4124 3108 4172; x_wconf 81' lang='grc' dir='ltr'><strong>καὶ</strong></span> <span class='ocrx_word' id='word_1_701' title='bbox 3157 4120 3328 4172; x_wconf 85' lang='grc' dir='ltr'><strong>τύπον</strong></span> <span class='ocrx_word' id='word_1_702' title='bbox 3388 4124 3638 4190; x_wconf 78' lang='grc' dir='ltr'><strong>ἀρχαῖον,</strong></span> <span class='ocrx_word' id='word_1_703' title='bbox 3706 4125 3806 4176; x_wconf 74' lang='grc' dir='ltr'><strong>καὶ</strong></span> 
     </span>
    </p>
   </div>
   <div class='ocr_carea' id='block_1_99' title="bbox 2238 4209 3804 4284">
    <p class='ocr_par' dir='ltr' id='par_1_99' title="bbox 2238 4209 3804 4284">
     <span class='ocr_line' id='line_1_99' title="bbox 2238 4209 3804 4284; baseline 0 -19"><span class='ocrx_word' id='word_1_704' title='bbox 2238 4217 2311 4284; x_wconf 85' lang='grc' dir='ltr'><strong>μὴ</strong></span> <span class='ocrx_word' id='word_1_705' title='bbox 2345 4211 2736 4283; x_wconf 74' lang='grc' dir='ltr'><strong>ἐμποδίζεσθαι</strong></span> <span class='ocrx_word' id='word_1_706' title='bbox 2766 4214 2847 4274; x_wconf 82' lang='grc' dir='ltr'><strong>εἰς</strong></span> <span class='ocrx_word' id='word_1_707' title='bbox 2886 4213 2945 4263; x_wconf 83' lang='grc' dir='ltr'><strong>τὸ</strong></span> <span class='ocrx_word' id='word_1_708' title='bbox 3000 4209 3347 4278; x_wconf 81' lang='grc' dir='ltr'><strong>κληρωθῆναι</strong></span> <span class='ocrx_word' id='word_1_709' title='bbox 3400 4212 3804 4277; x_wconf 79' lang='grc' dir='ltr'><strong>πιστεύσαντας</strong></span> 
     </span>
    </p>
   </div>
   <div class='ocr_carea' id='block_1_100' title="bbox 2235 4299 3810 4381">
    <p class='ocr_par' dir='ltr' id='par_1_100' title="bbox 2235 4299 3810 4381">
     <span class='ocr_line' id='line_1_100' title="bbox 2235 4299 3810 4381; baseline 0.001 -26"><span class='ocrx_word' id='word_1_710' title='bbox 2235 4303 2493 4381; x_wconf 81' lang='grc' dir='ltr'><strong>καθαρῶς</strong></span> <span class='ocrx_word' id='word_1_711' title='bbox 2523 4302 2600 4371; x_wconf 81' lang='grc' dir='ltr'><strong>τῷ</strong></span> <span class='ocrx_word' id='word_1_712' title='bbox 2631 4301 2872 4369; x_wconf 83' lang='grc' dir='ltr'><strong>Χριστῷ,</strong></span> <span class='ocrx_word' id='word_1_713' title='bbox 2907 4301 2997 4353; x_wconf 73' lang='grc' dir='ltr'><strong>καὶ</strong></span> <span class='ocrx_word' id='word_1_714' title='bbox 3025 4299 3460 4369; x_wconf 80' lang='grc' dir='ltr'><strong>ὑποδεξαμένους</strong></span> <span class='ocrx_word' id='word_1_715' title='bbox 3508 4303 3605 4370; x_wconf 74' lang='grc' dir='ltr'><strong>τῆς</strong></span> <span class='ocrx_word' id='word_1_716' title='bbox 3637 4304 3810 4370; x_wconf 80' lang='grc' dir='ltr'><strong>ἁγίας</strong></span> 
     </span>
    </p>
   </div>
   <div class='ocr_carea' id='block_1_101' title="bbox 2237 4392 3807 4463">
    <p class='ocr_par' dir='ltr' id='par_1_101' title="bbox 2237 4392 3807 4463">
     <span class='ocr_line' id='line_1_101' title="bbox 2237 4392 3807 4463; baseline 0.002 -18"><span class='ocrx_word' id='word_1_717' title='bbox 2237 4393 2466 4463; x_wconf 90' lang='grc' dir='ltr'><strong>Τριάδος</strong></span> <span class='ocrx_word' id='word_1_718' title='bbox 2506 4393 2572 4443; x_wconf 80' lang='grc' dir='ltr'><strong>τὰ</strong></span> <span class='ocrx_word' id='word_1_719' title='bbox 2642 4393 2982 4460; x_wconf 84' lang='grc' dir='ltr'><strong>ἀγιάσματα,</strong></span> <span class='ocrx_word' id='word_1_720' title='bbox 3041 4392 3157 4458; x_wconf 74' lang='grc' dir='ltr'><strong>ἦτοι</strong></span> <span class='ocrx_word' id='word_1_721' title='bbox 3209 4393 3278 4443; x_wconf 83' lang='grc' dir='ltr'><strong>τά</strong></span> <span class='ocrx_word' id='word_1_722' title='bbox 3334 4392 3483 4460; x_wconf 86' lang='grc' dir='ltr'><strong>δῶρα</strong></span> <span class='ocrx_word' id='word_1_723' title='bbox 3545 4395 3614 4445; x_wconf 78' lang='grc' dir='ltr'><strong>τὰ</strong></span> <span class='ocrx_word' id='word_1_724' title='bbox 3658 4395 3807 4459; x_wconf 71' lang='grc' dir='ltr'><strong>θεία,</strong></span> 
     </span>
    </p>
   </div>
   <div class='ocr_carea' id='block_1_102' title="bbox 2171 4474 3808 4575">
    <p class='ocr_par' dir='ltr' id='par_1_102' title="bbox 2171 4474 3808 4575">
     <span class='ocr_line' id='line_1_102' title="bbox 2171 4474 3808 4575; baseline -0.005 -39"><span class='ocrx_word' id='word_1_725' title='bbox 2171 4521 2214 4575; x_wconf 76' lang='lat' dir='ltr'><strong><em>D</em></strong></span> <span class='ocrx_word' id='word_1_726' title='bbox 2244 4483 2406 4536; x_wconf 82' lang='grc' dir='ltr'><strong>ἆτινα</strong></span> <span class='ocrx_word' id='word_1_727' title='bbox 2440 4483 2498 4533; x_wconf 76' lang='grc' dir='ltr'><strong>τὸ</strong></span> <span class='ocrx_word' id='word_1_728' title='bbox 2525 4482 2684 4549; x_wconf 84' lang='grc' dir='ltr'><strong>σῶμα</strong></span> <span class='ocrx_word' id='word_1_729' title='bbox 2720 4483 2812 4533; x_wconf 80' lang='grc' dir='ltr'><strong>καὶ</strong></span> <span class='ocrx_word' id='word_1_730' title='bbox 2843 4474 2981 4549; x_wconf 76' lang='grc' dir='ltr'><strong>αἷμά</strong></span> <span class='ocrx_word' id='word_1_731' title='bbox 3015 4481 3120 4531; x_wconf 86' lang='grc' dir='ltr'><strong>είσι</strong></span> <span class='ocrx_word' id='word_1_732' title='bbox 3167 4479 3258 4532; x_wconf 84' lang='grc' dir='ltr'><strong>τοῦ</strong></span> <span class='ocrx_word' id='word_1_733' title='bbox 3307 4481 3424 4545; x_wconf 81' lang='grc' dir='ltr'><strong>ένὸς</strong></span> <span class='ocrx_word' id='word_1_734' title='bbox 3482 4483 3581 4552; x_wconf 77' lang='grc' dir='ltr'><strong>τῆς</strong></span> <span class='ocrx_word' id='word_1_735' title='bbox 3639 4486 3808 4551; x_wconf 73' lang='grc' dir='ltr'><strong>ἁγίας</strong></span> 
     </span>
    </p>
   </div>
   <div class='ocr_carea' id='block_1_103' title="bbox 2244 4571 3811 4644">
    <p class='ocr_par' dir='ltr' id='par_1_103' title="bbox 2244 4571 3811 4644">
     <span class='ocr_line' id='line_1_103' title="bbox 2244 4571 3811 4644; baseline -0.003 -20"><span class='ocrx_word' id='word_1_736' title='bbox 2244 4573 2491 4642; x_wconf 83' lang='grc' dir='ltr'><strong>Τριάδος,</strong></span> <span class='ocrx_word' id='word_1_737' title='bbox 2557 4573 2650 4623; x_wconf 71' lang='grc' dir='ltr'><strong>καὶ¹</strong></span> <span class='ocrx_word' id='word_1_738' title='bbox 2721 4571 2897 4640; x_wconf 83' lang='grc' dir='ltr'><strong>ἁληθῆ</strong></span> <span class='ocrx_word' id='word_1_739' title='bbox 2993 4571 3088 4623; x_wconf 74' lang='grc' dir='ltr'><strong>καὶ</strong></span> <span class='ocrx_word' id='word_1_740' title='bbox 3165 4572 3297 4638; x_wconf 74' lang='grc' dir='ltr'><strong>ἅγιά</strong></span> <span class='ocrx_word' id='word_1_741' title='bbox 3368 4575 3476 4627; x_wconf 80' lang='grc' dir='ltr'><strong>εισι</strong></span> <span class='ocrx_word' id='word_1_742' title='bbox 3561 4580 3811 4644; x_wconf 79' lang='grc' dir='ltr'><strong>παραδο-</strong></span> 
     </span>
    </p>
   </div>
   <div class='ocr_carea' id='block_1_104' title="bbox 2241 4661 3814 4738">
    <p class='ocr_par' dir='ltr' id='par_1_104' title="bbox 2241 4661 3814 4738">
     <span class='ocr_line' id='line_1_104' title="bbox 2241 4661 3814 4738; baseline 0.004 -24"><span class='ocrx_word' id='word_1_743' title='bbox 2241 4664 2399 4715; x_wconf 89' lang='grc' dir='ltr'><strong>θέντα</strong></span> <span class='ocrx_word' id='word_1_744' title='bbox 2475 4665 2603 4731; x_wconf 83' lang='grc' dir='ltr'><strong>ἡμῖν</strong></span> <span class='ocrx_word' id='word_1_745' title='bbox 2660 4661 2811 4730; x_wconf 70' lang='grc' dir='ltr'><strong>παρὰ</strong></span> <span class='ocrx_word' id='word_1_746' title='bbox 2888 4661 2984 4712; x_wconf 77' lang='grc' dir='ltr'><strong>τοῦ</strong></span> <span class='ocrx_word' id='word_1_747' title='bbox 3041 4661 3314 4731; x_wconf 80' lang='grc' dir='ltr'><strong>Σωτῆρος,</strong></span> <span class='ocrx_word' id='word_1_748' title='bbox 3366 4663 3424 4726; x_wconf 85' lang='grc' dir='ltr'><strong>ὃς</strong></span> <span class='ocrx_word' id='word_1_749' title='bbox 3481 4666 3574 4717; x_wconf 73' lang='grc' dir='ltr'><strong>καὶ</strong></span> <span class='ocrx_word' id='word_1_750' title='bbox 3655 4672 3814 4738; x_wconf 73' lang='grc' dir='ltr'><strong>παρὰ</strong></span> 
     </span>
    </p>
   </div>
   <div class='ocr_carea' id='block_1_105' title="bbox 2239 4752 3816 4824">
    <p class='ocr_par' dir='ltr' id='par_1_105' title="bbox 2239 4752 3816 4824">
     <span class='ocr_line' id='line_1_105' title="bbox 2239 4752 3816 4824; baseline -0.003 -18"><span class='ocrx_word' id='word_1_751' title='bbox 2239 4757 2329 4806; x_wconf 80' lang='grc' dir='ltr'><strong>τοῦ</strong></span> <span class='ocrx_word' id='word_1_752' title='bbox 2364 4754 2574 4822; x_wconf 77' lang='grc' dir='ltr'><strong>Πατρδς</strong></span> <span class='ocrx_word' id='word_1_753' title='bbox 2601 4752 2880 4819; x_wconf 84' lang='grc' dir='ltr'><strong>ἀπεστάλη</strong></span> <span class='ocrx_word' id='word_1_754' title='bbox 2913 4754 2994 4813; x_wconf 82' lang='grc' dir='ltr'><strong>εἰς</strong></span> <span class='ocrx_word' id='word_1_755' title='bbox 3027 4756 3303 4820; x_wconf 82' lang='grc' dir='ltr'><strong>σωτηρίαν</strong></span> <span class='ocrx_word' id='word_1_756' title='bbox 3365 4755 3543 4823; x_wconf 78' lang='grc' dir='ltr'><strong>ἡμῶν,</strong></span> <span class='ocrx_word' id='word_1_757' title='bbox 3581 4758 3816 4824; x_wconf 74' lang='grc' dir='ltr'><strong>ἁγιαζό-</strong></span> 
     </span>
    </p>
   </div>
   <div class='ocr_carea' id='block_1_106' title="bbox 2245 4842 3817 4914">
    <p class='ocr_par' dir='ltr' id='par_1_106' title="bbox 2245 4842 3817 4914">
     <span class='ocr_line' id='line_1_106' title="bbox 2245 4842 3817 4914; baseline -0.003 -17"><span class='ocrx_word' id='word_1_758' title='bbox 2245 4862 2377 4914; x_wconf 89' lang='grc' dir='ltr'><strong>μενα</strong></span> <span class='ocrx_word' id='word_1_759' title='bbox 2396 4846 2452 4897; x_wconf 83' lang='grc' dir='ltr'><strong>δὲ</strong></span> <span class='ocrx_word' id='word_1_760' title='bbox 2474 4847 2538 4913; x_wconf 80' lang='grc' dir='ltr'><strong>τῇ</strong></span> <span class='ocrx_word' id='word_1_761' title='bbox 2575 4845 2917 4914; x_wconf 66' lang='grc' dir='ltr'><strong>ἐπιφοιτήσει</strong></span> <span class='ocrx_word' id='word_1_762' title='bbox 2969 4842 3059 4895; x_wconf 85' lang='grc' dir='ltr'><strong>τοῦ</strong></span> <span class='ocrx_word' id='word_1_763' title='bbox 3095 4843 3254 4910; x_wconf 88' lang='grc' dir='ltr'><strong>ἁγίου</strong></span> <span class='ocrx_word' id='word_1_764' title='bbox 3285 4845 3622 4914; x_wconf 79' lang='grc' dir='ltr'><strong>Πνεύματος,</strong></span> <span class='ocrx_word' id='word_1_765' title='bbox 3653 4850 3817 4903; x_wconf 71' lang='grc' dir='ltr'><strong>Οὕτω</strong></span> 
     </span>
    </p>
   </div>
   <div class='ocr_carea' id='block_1_107' title="bbox 2241 4933 3812 5007">
    <p class='ocr_par' dir='ltr' id='par_1_107' title="bbox 2241 4933 3812 5007">
     <span class='ocr_line' id='line_1_107' title="bbox 2241 4933 3812 5007; baseline 0.001 -19"><span class='ocrx_word' id='word_1_766' title='bbox 2241 4937 2348 5005; x_wconf 82' lang='grc' dir='ltr'><strong>γὰρ</strong></span> <span class='ocrx_word' id='word_1_767' title='bbox 2372 4937 2473 5004; x_wconf 85' lang='grc' dir='ltr'><strong>τῆς</strong></span> <span class='ocrx_word' id='word_1_768' title='bbox 2513 4934 2740 5004; x_wconf 76' lang='grc' dir='ltr'><strong>’Τριάδος</strong></span> <span class='ocrx_word' id='word_1_769' title='bbox 2764 4933 3074 5000; x_wconf 73' lang='grc' dir='ltr'><strong>λογίζονται</strong></span> <span class='ocrx_word' id='word_1_770' title='bbox 3103 4935 3446 5004; x_wconf 85' lang='grc' dir='ltr'><strong>ἀγιάσματα.</strong></span> <span class='ocrx_word' id='word_1_771' title='bbox 3480 4936 3654 4990; x_wconf 84' lang='grc' dir='ltr'><strong>Ὅταν</strong></span> <span class='ocrx_word' id='word_1_772' title='bbox 3692 4941 3812 5007; x_wconf 70' lang='grc' dir='ltr'><strong>οὖν⁹</strong></span> 
     </span>
    </p>
   </div>
   <div class='ocr_carea' id='block_1_108' title="bbox 2243 5023 3817 5091">
    <p class='ocr_par' dir='ltr' id='par_1_108' title="bbox 2243 5023 3817 5091">
     <span class='ocr_line' id='line_1_108' title="bbox 2243 5023 3817 5091; baseline 0.004 -16"><span class='ocrx_word' id='word_1_773' title='bbox 2243 5026 2394 5091; x_wconf 70' lang='grc' dir='ltr'><strong>φασὶ,</strong></span> <span class='ocrx_word' id='word_1_774' title='bbox 2428 5025 2759 5076; x_wconf 81' lang='grc' dir='ltr'><strong>πιστεύσωσι</strong></span> <span class='ocrx_word' id='word_1_775' title='bbox 2797 5023 2892 5074; x_wconf 80' lang='grc' dir='ltr'><strong>καὶ</strong></span> <span class='ocrx_word' id='word_1_776' title='bbox 2923 5023 2989 5074; x_wconf 79' lang='grc' dir='ltr'><strong>τὰ</strong></span> <span class='ocrx_word' id='word_1_777' title='bbox 3023 5023 3154 5090; x_wconf 71' lang='grc' dir='ltr'><strong>ἅγια</strong></span> <span class='ocrx_word' id='word_1_778' title='bbox 3185 5023 3466 5086; x_wconf 76' lang='grc' dir='ltr'><strong>δέξωνται,</strong></span> <span class='ocrx_word' id='word_1_779' title='bbox 3511 5027 3608 5077; x_wconf 71' lang='grc' dir='ltr'><strong>ἐὰν</strong></span> <span class='ocrx_word' id='word_1_780' title='bbox 3659 5032 3754 5079; x_wconf 75' lang='grc' dir='ltr'><strong>καὶ</strong></span> <span class='ocrx_word' id='word_1_781' title='bbox 3788 5035 3817 5082; x_wconf 82' lang='grc' dir='ltr'>ὁ</span> 
     </span>
    </p>
   </div>
   <div class='ocr_carea' id='block_1_109' title="bbox 2244 5113 3802 5187">
    <p class='ocr_par' dir='ltr' id='par_1_109' title="bbox 2244 5113 3802 5187">
     <span class='ocr_line' id='line_1_109' title="bbox 2244 5113 3802 5187; baseline 0.001 -20"><span class='ocrx_word' id='word_1_782' title='bbox 2244 5116 2355 5184; x_wconf 78' lang='grc' dir='ltr'><strong>βίος</strong></span> <span class='ocrx_word' id='word_1_783' title='bbox 2387 5113 2566 5166; x_wconf 83' lang='grc' dir='ltr'><strong>αὐτῶν</strong></span> <span class='ocrx_word' id='word_1_784' title='bbox 2596 5113 2948 5181; x_wconf 78' lang='grc' dir='ltr'><strong>δοκιμασθεὶς</strong></span> <span class='ocrx_word' id='word_1_785' title='bbox 2987 5115 3224 5184; x_wconf 81' lang='grc' dir='ltr'><strong>χρηστὸς</strong></span> <span class='ocrx_word' id='word_1_786' title='bbox 3255 5115 3476 5184; x_wconf 80' lang='grc' dir='ltr'><strong>εὑρεθῇ,</strong></span> <span class='ocrx_word' id='word_1_787' title='bbox 3509 5118 3604 5168; x_wconf 81' lang='grc' dir='ltr'><strong>καὶ</strong></span> <span class='ocrx_word' id='word_1_788' title='bbox 3663 5119 3802 5187; x_wconf 66' lang='grc' dir='ltr'><strong>κληο</strong></span> 
     </span>
    </p>
   </div>
   <div class='ocr_carea' id='block_1_110' title="bbox 2244 5202 3818 5279">
    <p class='ocr_par' dir='ltr' id='par_1_110' title="bbox 2244 5202 3818 5279">
     <span class='ocr_line' id='line_1_110' title="bbox 2244 5202 3818 5279; baseline 0.002 -21"><span class='ocrx_word' id='word_1_789' title='bbox 2244 5205 2602 5276; x_wconf 82' lang='grc' dir='ltr'><strong>ρωθήσονται.</strong></span> <span class='ocrx_word' id='word_1_790' title='bbox 2638 5206 2771 5274; x_wconf 76' lang='grc' dir='ltr'><strong>Περὶ</strong></span> <span class='ocrx_word' id='word_1_791' title='bbox 2806 5205 3011 5273; x_wconf 87' lang='grc' dir='ltr'><strong>ταύτης</strong></span> <span class='ocrx_word' id='word_1_792' title='bbox 3048 5202 3142 5258; x_wconf 79' lang='grc' dir='ltr'><strong>οὖν</strong></span> <span class='ocrx_word' id='word_1_793' title='bbox 3203 5207 3516 5270; x_wconf 79' lang='grc' dir='ltr'><strong>ὑποθέσεως</strong></span> <span class='ocrx_word' id='word_1_794' title='bbox 3564 5210 3675 5261; x_wconf 78' lang='grc' dir='ltr'><strong>τῶν</strong></span> <span class='ocrx_word' id='word_1_795' title='bbox 3717 5228 3818 5279; x_wconf 80' lang='grc' dir='ltr'><strong>νη-</strong></span> 
     </span>
    </p>
   </div>
   <div class='ocr_carea' id='block_1_111' title="bbox 2241 5295 3816 5368">
    <p class='ocr_par' dir='ltr' id='par_1_111' title="bbox 2241 5295 3816 5368">
     <span class='ocr_line' id='line_1_111' title="bbox 2241 5295 3816 5368; baseline 0.003 -20"><span class='ocrx_word' id='word_1_796' title='bbox 2241 5296 2380 5350; x_wconf 89' lang='grc' dir='ltr'><strong>πίων</strong></span> <span class='ocrx_word' id='word_1_797' title='bbox 2415 5296 2686 5366; x_wconf 75' lang='grc' dir='ltr'><strong>ἐζήτησαν</strong></span> <span class='ocrx_word' id='word_1_798' title='bbox 2717 5298 2808 5346; x_wconf 75' lang='grc' dir='ltr'><strong>καὶ</strong></span> <span class='ocrx_word' id='word_1_799' title='bbox 2829 5295 2979 5363; x_wconf 76' lang='grc' dir='ltr'><strong>παρὰ</strong></span> <span class='ocrx_word' id='word_1_800' title='bbox 3011 5295 3105 5348; x_wconf 85' lang='grc' dir='ltr'><strong>τοῦ</strong></span> <span class='ocrx_word' id='word_1_801' title='bbox 3138 5298 3340 5350; x_wconf 87' lang='grc' dir='ltr'><strong>πάππα</strong></span> <span class='ocrx_word' id='word_1_802' title='bbox 3369 5299 3463 5350; x_wconf 76' lang='grc' dir='ltr'><strong>καὶ</strong></span> <span class='ocrx_word' id='word_1_803' title='bbox 3510 5300 3662 5368; x_wconf 81' lang='grc' dir='ltr'><strong>παρὰ</strong></span> <span class='ocrx_word' id='word_1_804' title='bbox 3714 5303 3816 5352; x_wconf 81' lang='grc' dir='ltr'><strong>τοῦ</strong></span> 
     </span>
    </p>
   </div>
   <div class='ocr_carea' id='block_1_112' title="bbox 2244 5386 3814 5460">
    <p class='ocr_par' dir='ltr' id='par_1_112' title="bbox 2244 5386 3814 5460">
     <span class='ocr_line' id='line_1_112' title="bbox 2244 5386 3814 5460; baseline 0.002 -20"><span class='ocrx_word' id='word_1_805' title='bbox 2244 5388 2585 5440; x_wconf 87' lang='grc' dir='ltr'><strong>Μεδιολάνων</strong></span> <span class='ocrx_word' id='word_1_806' title='bbox 2616 5387 2828 5455; x_wconf 84' lang='grc' dir='ltr'><strong>μαθεῖν,</strong></span> <span class='ocrx_word' id='word_1_807' title='bbox 2861 5390 2909 5438; x_wconf 85' lang='grc' dir='ltr'><strong>εί</strong></span> <span class='ocrx_word' id='word_1_808' title='bbox 2935 5386 3257 5456; x_wconf 80' lang='grc' dir='ltr'><strong>ἀρέσκονται</strong></span> <span class='ocrx_word' id='word_1_809' title='bbox 3284 5391 3351 5458; x_wconf 78' lang='grc' dir='ltr'><strong>τῇ</strong></span> <span class='ocrx_word' id='word_1_810' title='bbox 3375 5388 3576 5460; x_wconf 73' lang='grc' dir='ltr'><strong>γνώμῃ</strong></span> <span class='ocrx_word' id='word_1_811' title='bbox 3605 5391 3814 5444; x_wconf 81' lang='grc' dir='ltr'><strong>αὐτῶν.</strong></span> 
     </span>
    </p>
   </div>
   <div class='ocr_carea' id='block_1_113' title="bbox 2245 5477 3816 5550">
    <p class='ocr_par' dir='ltr' id='par_1_113' title="bbox 2245 5477 3816 5550">
     <span class='ocr_line' id='line_1_113' title="bbox 2245 5477 3816 5550; baseline 0.003 -20"><span class='ocrx_word' id='word_1_812' title='bbox 2245 5480 2308 5531; x_wconf 89' lang='grc' dir='ltr'><strong>Εί</strong></span> <span class='ocrx_word' id='word_1_813' title='bbox 2332 5478 2387 5529; x_wconf 88' lang='grc' dir='ltr'><strong>δέ</strong></span> <span class='ocrx_word' id='word_1_814' title='bbox 2419 5494 2589 5540; x_wconf 83' lang='grc' dir='ltr'><strong>τινες,</strong></span> <span class='ocrx_word' id='word_1_815' title='bbox 2621 5478 2775 5545; x_wconf 79' lang='grc' dir='ltr'><strong>φασὶ,</strong></span> <span class='ocrx_word' id='word_1_816' title='bbox 2823 5477 3076 5546; x_wconf 76' lang='grc' dir='ltr'><strong>κληρικοὶ</strong></span> <span class='ocrx_word' id='word_1_817' title='bbox 3110 5477 3218 5531; x_wconf 89' lang='grc' dir='ltr'><strong>τῶν</strong></span> <span class='ocrx_word' id='word_1_818' title='bbox 3281 5480 3642 5546; x_wconf 80' lang='grc' dir='ltr'><strong>Δονατιστῶν,</strong></span> <span class='ocrx_word' id='word_1_819' title='bbox 3669 5484 3816 5550; x_wconf 83' lang='grc' dir='ltr'><strong>μετά</strong></span> 
     </span>
    </p>
   </div>
   <div class='ocr_carea' id='block_1_114' title="bbox 2239 5571 3814 5642">
    <p class='ocr_par' dir='ltr' id='par_1_114' title="bbox 2239 5571 3814 5642">
     <span class='ocr_line' id='line_1_114' title="bbox 2239 5571 3814 5642; baseline 0.003 -20"><span class='ocrx_word' id='word_1_820' title='bbox 2239 5571 2331 5623; x_wconf 78' lang='grc' dir='ltr'><strong>τοῦ</strong></span> <span class='ocrx_word' id='word_1_821' title='bbox 2366 5571 2497 5639; x_wconf 81' lang='grc' dir='ltr'><strong>παρ’</strong></span> <span class='ocrx_word' id='word_1_822' title='bbox 2530 5573 2713 5632; x_wconf 77' lang='grc' dir='ltr'><strong>αὐτοῖς</strong></span> <span class='ocrx_word' id='word_1_823' title='bbox 2744 5571 2873 5624; x_wconf 84' lang='grc' dir='ltr'><strong>λαοῦ</strong></span> <span class='ocrx_word' id='word_1_824' title='bbox 2906 5575 3001 5624; x_wconf 76' lang='grc' dir='ltr'><strong>καὶ</strong></span> <span class='ocrx_word' id='word_1_825' title='bbox 3040 5572 3149 5626; x_wconf 87' lang='grc' dir='ltr'><strong>τῶν</strong></span> <span class='ocrx_word' id='word_1_826' title='bbox 3178 5573 3356 5640; x_wconf 83' lang='grc' dir='ltr'><strong>τιμῶν</strong></span> <span class='ocrx_word' id='word_1_827' title='bbox 3401 5574 3604 5639; x_wconf 78' lang='grc' dir='ltr'><strong>αὐτῶν,</strong></span> <span class='ocrx_word' id='word_1_828' title='bbox 3639 5575 3814 5642; x_wconf 73' lang='grc' dir='ltr'><strong>ἤγουν</strong></span> 
     </span>
    </p>
   </div>
   <div class='ocr_carea' id='block_1_115' title="bbox 2239 5661 3816 5734">
    <p class='ocr_par' dir='ltr' id='par_1_115' title="bbox 2239 5661 3816 5734">
     <span class='ocr_line' id='line_1_115' title="bbox 2239 5661 3816 5734; baseline 0.004 -21"><span class='ocrx_word' id='word_1_829' title='bbox 2239 5661 2345 5713; x_wconf 87' lang='grc' dir='ltr'><strong>τῶν</strong></span> <span class='ocrx_word' id='word_1_830' title='bbox 2376 5662 2601 5731; x_wconf 85' lang='grc' dir='ltr'><strong>βαθμῶν</strong></span> <span class='ocrx_word' id='word_1_831' title='bbox 2625 5661 2822 5726; x_wconf 80' lang='grc' dir='ltr'><strong>αὐτῶν,</strong></span> <span class='ocrx_word' id='word_1_832' title='bbox 2868 5663 3151 5732; x_wconf 86' lang='grc' dir='ltr'><strong>θελήσουσι</strong></span> <span class='ocrx_word' id='word_1_833' title='bbox 3206 5665 3482 5732; x_wconf 84' lang='grc' dir='ltr'><strong>μετελθεῖν</strong></span> <span class='ocrx_word' id='word_1_834' title='bbox 3536 5668 3674 5728; x_wconf 71' lang='grc' dir='ltr'><strong>πρὸς</strong></span> <span class='ocrx_word' id='word_1_835' title='bbox 3711 5667 3816 5734; x_wconf 75' lang='grc' dir='ltr'><strong>τὴν</strong></span> 
     </span>
    </p>
   </div>
   <div class='ocr_carea' id='block_1_116' title="bbox 2240 5753 3820 5826">
    <p class='ocr_par' dir='ltr' id='par_1_116' title="bbox 2240 5753 3820 5826">
     <span class='ocr_line' id='line_1_116' title="bbox 2240 5753 3820 5826; baseline 0.002 -22"><span class='ocrx_word' id='word_1_836' title='bbox 2240 5753 2514 5822; x_wconf 79' lang='grc' dir='ltr'><strong>ὸρθόδοξον</strong></span> <span class='ocrx_word' id='word_1_837' title='bbox 2544 5753 2741 5819; x_wconf 83' lang='grc' dir='ltr'><strong>πίστιν,</strong></span> <span class='ocrx_word' id='word_1_838' title='bbox 2811 5753 3005 5816; x_wconf 78' lang='grc' dir='ltr'><strong>οἵτινες</strong></span> <span class='ocrx_word' id='word_1_839' title='bbox 3074 5754 3322 5826; x_wconf 72' lang='grc' dir='ltr'><strong>κληρικοὶ</strong></span> <span class='ocrx_word' id='word_1_840' title='bbox 3403 5755 3652 5820; x_wconf 77' lang='grc' dir='ltr'><strong>θέλοντες</strong></span> <span class='ocrx_word' id='word_1_841' title='bbox 3723 5757 3820 5808; x_wconf 79' lang='grc' dir='ltr'><strong>καὶ</strong></span> 
     </span>
    </p>
   </div>
  </div>
