4000 6464
546 367 653 432 243

1789 372 2063 431 ΤΙΙΕΟΙ).
2100 371 2495 432 BALSAMON

3656 376 3771 440 2H

550 481 777 537 ARIST.
815 501 832 534 ι
867 480 1133 537 ldolorum
1168 482 1402 551 reliquite
1451 483 1657 551 penitus
1705 484 2035 539 aboleantur.
2073 502 2091 534 ι

2199 485 2417 540 ΑΡΙΣΤ.
2478 503 2495 535 ι
2532 484 2610 537 Τά
2651 486 3141 557 ἐγκαταλείμματα
3164 489 3273 544 τῶν
3301 488 3536 544 εἰδώλων
3577 491 3765 545 τέλεον

616 672 820 727 Pietate
848 675 1183 743 praevalente,
1212 692 1239 729 e
1275 676 1634 729 fundamentis
1651 676 1761 729 suis
1778 675 2097 729 eradicanda

547 769 669 813 sunt
703 761 962 816 idolorum
995 762 1139 826 fana,
1167 773 1217 816 et
1253 765 1407 817 nullae
1452 767 1670 818 omnino
1722 765 1919 819 erroris
1973 766 2101 819 isto-

546 866 665 902 rum
700 851 943 919 reliquis:
967 863 1373 908 conserventur.

1098 944 1323 998 CANON
1368 944 1523 999 LXII.

554 1051 569 1081 ι
613 1031 677 1085 Ut
703 1035 881 1088 clerici
910 1051 1004 1102 pro
1035 1036 1251 1104 proprio
1281 1038 1516 1104 ipsorum
1545 1037 1744 1102 judicio
1770 1053 1874 1090 non
1904 1052 2100 1105 cogan—

617 1142 632 1170 ι
673 1133 758 1175 tur
790 1124 996 1192 publice
1035 1125 1399 1177 testimonium
1447 1125 1645 1179 dicere.
1695 1123 1957 1177 Praeterea
2007 1140 2101 1191 pe-

625 1228 641 1259 ι
684 1213 895 1265 tendum
932 1222 1031 1273 est,
1070 1222 1127 1264 ut
1170 1223 1409 1266 statuere
1460 1213 1783 1279 dignentur,
1825 1224 1879 1265 ut
1926 1216 1969 1267 si
2010 1214 2101 1280 qui

622 1320 638 1350 ι
684 1302 733 1354 in
767 1301 1005 1356 Ecclesia
1037 1304 1281 1370 quamvis
1314 1318 1529 1358 causam
1558 1346 1569 1361 ,
1603 1302 1724 1367 jure
1772 1305 2062 1370 apostolico
2086 1344 2098 1367 ,

628 1413 643 1441 ι
680 1393 819 1460 quod
854 1393 904 1445 in
939 1392 1180 1448 ecclesiis
1212 1394 1371 1445 situm
1414 1403 1514 1457 est,
1554 1395 1754 1461 agitare
1795 1392 2059 1444 vulnerint
2085 1430 2099 1451 ,

622 1502 637 1531 ι
672 1495 723 1535 οι
752 1483 1064 1535 clericorum
1122 1483 1323 1537 decisio
1349 1483 1437 1534 uni
1465 1482 1600 1537 forte
1647 1485 1782 1551 parti
1816 1482 2102 1551 displicue-

618 1590 635 1621 ι
677 1573 765 1633 rit,
794 1587 897 1625 non
930 1572 1087 1624 licere
1118 1571 1169 1623 in
1192 1571 1451 1636 judicium
1508 1572 1573 1623 ad
1629 1572 1987 1624 testimonium
2018 1571 2099 1623 di-

622 1679 638 1710 ι
680 1660 902 1714 cendum
937 1674 1134 1713 vocare
1163 1660 1420 1713 clericum
1465 1659 1610 1712 illum
1638 1698 1650 1721 ,
1681 1660 1770 1725 qui
1804 1659 1950 1725 prius
1989 1674 2098 1713 rem

618 1768 636 1800 ι
677 1752 840 1817 ipsam
869 1750 1227 1812 examinavit,
1270 1750 1348 1802 vel
1378 1748 1754 1803 examinationi
1800 1748 2047 1802 interfuit
2085 1766 2096 1799 :

617 1856 634 1887 ι
678 1847 736 1891 ιιι
765 1851 860 1889 nec
886 1841 1004 1905 quis
1022 1837 1085 1890 ad
1114 1852 1391 1904 personam
1419 1838 1833 1903 ecclesiasticam
1863 1838 2093 1892 attinens
2135 1866 2171 1917 Β

620 1945 638 1979 ι
682 1927 842 1999 injus
881 1938 1113 1981 vocetur.
1150 1938 1206 1981 ut
1251 1926 1383 1980 ferat
1416 1928 1798 1982 testimonium.
1832 1948 1847 1978 ι

620 2212 809 2273 BALS,
839 2212 1063 2276 Quidam
1095 2213 1294 2275 clerici,
1346 2228 1462 2265 cum
1506 2227 1718 2266 causam
1766 2210 2090 2265 ecclesiasti-

548 2318 663 2356 cam
692 2304 812 2368 jure
839 2302 1131 2370 apostolico
1155 2304 1405 2371 egissent,
1440 2302 1539 2355 hoc
1566 2310 1665 2363 est,
1699 2300 1840 2354 dicto
1886 2308 2094 2366 aposto-

546 2394 648 2444 lico
680 2402 1087 2458 consequenter,
1122 2394 1261 2461 quod
1286 2392 1411 2446 dicit
1446 2412 1458 2445 :
1492 2392 1656 2445 Audet
1693 2392 1804 2458 quis
1848 2398 2092 2453 vestrum,

545 2481 735 2535 habens
799 2484 1078 2549 negotium,
1142 2485 1232 2534 sub
1282 2483 1472 2550 iniquis
1511 2483 1714 2549 judicio
1770 2482 2090 2545 contendere,

544 2581 592 2623 et
618 2589 717 2624 non
758 2573 849 2624 sub
876 2573 1068 2624 sanctis
1092 2572 1114 2622 ?
1136 2572 1212 2624 vel
1242 2572 1423 2633 etiam,
1451 2585 1568 2624 cum
1599 2573 1649 2624 in
1678 2571 2092 2625 ecclesiasticum

542 2661 802 2727 judicium
836 2660 1169 2721 incidissent,
1202 2674 1229 2710 a
1265 2668 1414 2726 parte
1444 2659 1526 2710 cui
1564 2647 1894 2726 displicebat,
1930 2672 1995 2729 ex
2027 2656 2093 2710 iis

541 2750 631 2815 qui
656 2750 1042 2817 judicaverant,
1064 2752 1127 2803 ad
1154 2750 1386 2817 judicent
1413 2749 1782 2816 appellationis
1804 2748 2090 2803 testimonii

542 2837 744 2889 ferendi
770 2838 936 2901 gratia
960 2838 1327 2891 trahebantur.
1357 2834 1533 2889 Visum
1565 2848 1642 2889 cst
1668 2851 1793 2903 ergo
1823 2835 2089 2899 Patribus,

544 2926 606 2975 de
634 2924 695 2975 iis
728 2927 791 2976 ad
822 2925 1165 2991 imperatores
1204 2924 1404 2978 referre
1430 2966 1444 2989 ,
1494 2937 1549 2976 nt
1604 2926 1699 2992 ipsi
1757 2934 2089 2987 statuerent,

542 3013 673 3066 nihil
700 3029 815 3067 csse
836 3015 1098 3081 ejusmodi
1133 3018 1181 3066 in
1218 3023 1484 3081 posterum
1519 3014 1839 3076 faciendum,
1867 3016 1957 3067 sed
1994 3030 2089 3068 ncc

541 3121 660 3156 cum
691 3144 704 3165 ,
738 3105 824 3171 qui
872 3118 1069 3171 genere
1099 3106 1177 3158 vel
1204 3105 1379 3172 aliquo
1431 3104 1533 3158 alio
1565 3105 1721 3157 modo
1747 3105 1811 3157 ad
1857 3104 2088 3170 aliquem

2693 596 2711 628 ι
2747 578 3214 645 ἀφανιζέσθωσαν.
3246 600 3265 633 ι

2284 666 2393 735 Τῆς
2425 666 2705 730 εύσεσείας
2734 668 3155 739 ἐπικρατούσης,
3185 672 3248 724 ἐκ
3289 672 3556 741 θεμελίων
3580 672 3764 723 αὐτῶν

2202 758 2523 827 ἐκριζωτέον
2562 760 2629 812 τὰ
2661 762 2767 813 τῶν
2805 762 3036 815 είδώλων
3062 762 3265 833 τεμένη
3294 779 3308 793 ⁶
3343 763 3435 817 καὶ
3494 764 3662 833 μηδέν
3708 781 3765 815 τι

2201 851 2298 918 τῆς
2324 848 2528 919 πλάνης
2554 850 2731 903 αὐτῶν
2758 852 3171 919 ἐγκατάλειμμα
3204 852 3616 920 περισωζέσθω.

2766 940 3003 993 ΚΑΝΩΝ
3045 939 3163 995 EB’.

2210 1050 2225 1080 ι
2268 1030 2398 1099 Περὶ
2432 1030 2523 1082 τοῦ
2568 1031 2694 1093 τοὺς
2748 1031 3043 1100 κληρικοὺς
3070 1033 3230 1101 χάριν
3268 1032 3611 1096 διαγνώσεως
3662 1035 3765 1103 τῆς

2280 1137 2296 1167 ι
2333 1120 2533 1182 οίκείας
2564 1120 2742 1172 αὐτῶν
2774 1121 3006 1187 κρίσεως
3034 1121 3109 1189 μὴ
3160 1121 3565 1188 ἀναγκάζεσθαι
3595 1123 3765 1191 δημο-

2280 1228 2296 1259 ι
2339 1210 2464 1271 σίως
2508 1212 2826 1278 μαρτυρεῖν.
2860 1212 2954 1262 Δεῖ
2982 1213 3201 1280 αἰτῆσαι
3232 1211 3311 1264 ἔτι
3340 1212 3468 1281 μὴν,
3507 1213 3592 1264 ἵνα
3647 1214 3765 1282 ὁρί-

2281 1320 2296 1348 ι
2341 1317 2427 1351 σαι
2446 1301 2871 1365 καταξιώσωσιν,
2901 1300 3061 1365 ὥστε,
3091 1305 3184 1355 ἐάν
3213 1320 3354 1363 τινες
3384 1292 3765 1372 ἐνἘκκλησία

2281 1407 2297 1437 ι
2337 1391 2653 1457 οἱανδήποτε
2684 1391 2859 1445 αἰτίαν
2892 1393 3233 1462 ἀποστολικῷ
3284 1394 3498 1462 δικαίῳ.
3531 1392 3608 1461 τῷ
3643 1395 3767 1453 ταῖς

2281 1479 2653 1548 (ἐκκλησίαις
2708 1482 3058 1551 ἐπικειμένῳ,
3127 1481 3402 1551 γυμνάσαι
3468 1481 3767 1549 θελήσωσι,

2281 1590 2296 1619 ι
2340 1570 2430 1622 καὶ
2473 1572 2601 1631 ἴσως
2630 1573 2661 1639 ἠ
2688 1572 2825 1642 τομὴ
2853 1573 2959 1625 τῶν
2999 1572 3273 1641 κληρικῶν
3331 1572 3411 1637 τῷ
3465 1570 3543 1623 ἐνὶ
3601 1573 3766 1639 μέρει

2282 1682 2297 1711 ι
2339 1662 2628 1730 ἁπαρέσοι,
2690 1664 2763 1731 μὴ
2825 1662 3023 1728 ἐξεῖναι
3073 1663 3207 1731 πρὸς
3276 1662 3625 1731 δικαστήριον
3680 1662 3766 1723 είς

2283 1771 2299 1801 ι
2351 1753 2655 1820 μαρτυρίαν
2682 1752 3101 1821 προσκαλεῖσθαι
3131 1754 3223 1806 τὸν
3252 1752 3509 1822 κληρικδν
3530 1753 3761 1814 ἐκεῖνον,

2273 1860 2288 1890 ι
2329 1841 2419 1891 τδν
2451 1841 2709 1909 πρότερον
2737 1840 2797 1893 τὸ
2841 1840 2972 1893 αὐτὸ
3033 1841 3266 1909 πρᾶγμα
3319 1842 3669 1909 σκοπήσαντα
3730 1839 3763 1908 ἦ

2274 1953 2289 1983 ι
2330 1931 2421 1985 καὶ
2451 1932 2808 2000 σκοπουμένῳ
2849 1931 3229 2000 παρατυχόντα
3250 1946 3265 1961 ⁸
3300 1930 3387 1983 ῐνα
3420 1930 3551 1999 μηδὲ
3591 1946 3766 1999 προσ·-

2274 2044 2288 2074 ι
2328 2024 2461 2094 ὠπῳ
2500 2040 2581 2084 τις
2608 2020 3046 2092 ἐκκλησιαστικῷ
3078 2020 3372 2089 προσήκων
3397 2019 3597 2089 ὲναχθῇ
3630 2020 3765 2088 περὶ

2270 2134 2286 2166 ι
2325 2114 2418 2167 τοῦ
2448 2112 2685 2180 ὀφείλειν
2709 2114 3027 2181 μαρτυρεῖν.
3060 2130 3078 2163 ι

2264 2202 2458 2259 ΒΑΔΣ.
2488 2200 2643 2263 Τινές
2670 2201 2921 2269 κληρικοὶ
2940 2200 3257 2261 δικάσαντες
3286 2198 3763 2268 ύπόθεσιν”ἐκκλη-

2197 2290 2478 2360 σιαστικὴν
2516 2290 2856 2359 ἀποστολικῷ
2883 2290 3097 2358 δικαίῳ,
3148 2290 3425 2342 τουτέστιν
3473 2288 3761 2356 ἀκολούθῳ

2194 2384 2270 2453 τῷ
2304 2382 2640 2451 ἀποστολικῷ
2693 2382 2860 2451 ῥητῷ,
2930 2380 3009 2451 τῷ
3074 2382 3357 2449 φάσκοντιο
3402 2379 3595 2448 Τολμᾷ
3664 2397 3760 2444 τις

2194 2474 2357 2541 ὑμῶν
2388 2470 2619 2540 πρᾶγμα
2648 2472 2801 2537 ἔχων
2842 2473 3143 2537 κρίνεσθαι
3198 2470 3295 2521 ἐπὶ
3341 2469 3460 2522 τῶν
3508 2469 3758 2532 ἀδίκων,

2194 2566 2289 2617 καί
2322 2564 2454 2630 οὐχί
2507 2563 2603 2615 ἐπὶ
2661 2561 2778 2614 τῶν
2845 2563 3069 2630 ἀγίων;
3122 2562 3153 2629 ἢ
3202 2562 3292 2611 καὶ
3351 2559 3761 2627 παρατυχόντες

2194 2654 2284 2705 ἐπὶ
2312 2653 2963 2721 κρίσειέκκλησιαστικῇ,
3019 2650 3258 2701 εἴλκοντο
3300 2650 3451 2717 παρά
3491 2647 3583 2700 τοῦ
3646 2648 3759 2699 ἀπ-

2194 2743 2563 2811 αρεσκομένου
2594 2742 2789 2810 μέρους
2826 2741 2890 2793 ἐκ
2950 2740 3057 2793 τῶν
3103 2740 3480 2807 δικασαμένων
3531 2739 3611 2799 είς
3662 2737 3758 2789 τδν

2194 2832 2548 2900 ἐκκλητάριον
2578 2831 2837 2901 δικαστὴν
2864 2830 3021 2899 χάριν
3054 2829 3380 2899 μαρτυρίας.
3413 2827 3629 2890 Ἔδοξεν
3660 2822 3758 2879 οὖν

2193 2924 2299 2981 τοῖς
2327 2920 2622 2988 Ιῖατρλάσιν,
2653 2921 2738 2971 ⁵ἱνα
2771 2920 2837 2971 τὰ
2873 2919 3002 2989 περὶ
3032 2918 3223 2970 τούτου
3254 2918 3585 2982 ἀνενέγκωσι
3643 2918 3759 2978 τοῖς

2196 3008 2525 3076 βασιλεῦσιν,
2566 3008 2649 3075 ἐφ’
2676 3002 2923 3077 ᾧόρίσαι
2964 3009 3158 3069 αὐτοὺς
3188 3007 3354 3077 μηδέν
3409 3024 3461 3058 τι
3512 3004 3757 3057 τοιοῦτον

2196 3099 2446 3163 γενέσθαι
2470 3100 2598 3150 ποτέ
2628 3116 2641 3129 ο
2676 3099 2808 3151 ἀλλά
2843 3098 2976 3167 μηδέ
3030 3114 3151 3150 τινα
3213 3098 3563 3166 προσήκοντα
3612 3097 3757 3148 κατὰ

543 3192 961 3246 ecclesiasticum
998 3196 1212 3255 attinet,
1250 3195 1299 3246 in
1335 3195 1695 3247 testimonium
1728 3208 1845 3247 esse
1874 3195 2087 3247 trahen-

2194 3190 2344 3257 γένος
2388 3190 2419 3259 ἢ
2446 3191 2617 3252 ἄλλως
2643 3207 2757 3252 πως
2780 3188 3224 3259 ἐκκλησιαστικῷ
3254 3204 3360 3240 τινι
3388 3186 3639 3238 ἕλκεσθαι
3672 3187 3754 3247 είς

542 3286 685 3337 dum.
714 3284 787 3336 Ac
816 3284 866 3336 in
900 3284 982 3337 bis
1007 3285 1216 3352 quidem
1253 3284 1499 3338 consistit
1532 3300 1726 3338 canon.
1763 3284 1870 3339 Nos
1912 3294 2088 3338 autem

542 3371 702 3437 aliqui
738 3373 989 3439 scripturi
1021 3388 1233 3427 eramus
1261 3377 1325 3427 de
1360 3374 1423 3427 iis
1454 3375 1543 3441 qui
1573 3374 1847 3439 litigarunt
1879 3415 1892 3438 ,
1923 3384 1974 3427 et
2028 3376 2092 3427 de

542 3461 607 3511 iis
630 3460 714 3526 qui
734 3470 859 3513 sunt
888 3462 1096 3514 clericis
1124 3463 1516 3515 necessitudine
1548 3464 1846 3530 conjuncti,
1874 3464 2086 3531 quando

543 3549 683 3602 trahi
713 3549 925 3614 debent,
962 3558 1015 3603 et
1041 3553 1252 3618 quando
1283 3566 1405 3605 non.
1436 3552 1567 3616 Quia
1596 3564 1771 3604 autem
1806 3553 1889 3605 hic
1923 3566 2089 3604 canon

546 3655 649 3693 non
676 3651 753 3694 est
783 3642 1050 3694 decretum
1081 3681 1095 3704 ,
1128 3641 1219 3694 sed
1265 3643 1542 3694 consilium
1579 3681 1592 3704 ,
1640 3652 1695 3695 ut
1744 3643 2091 3711 imperatores

539 3731 655 3798 ejus
691 3731 1100 3792 admoneamur,
1128 3747 1229 3784 non
1262 3740 1343 3785 est
1372 3742 1549 3784 autem
1577 3734 1777 3804 prolata
1834 3732 2088 3796 deﬁnitio,

542 3820 703 3872 multa
730 3821 1186 3886 praetermisimus.
1213 3820 1321 3874 Hoc
1350 3831 1528 3874 autem
1558 3822 1722 3873 solum
1748 3837 1811 3873 ex
1842 3824 2089 3889 praesenti

540 3925 742 3963 canone
774 3910 1107 3973 notavimus;
1156 3912 1296 3977 quod
1339 3911 1620 3977 judiciaria
1678 3911 1854 3964 officia
1918 3912 2090 3964 eccle-

544 4000 879 4053 siasticorum
908 4002 1314 4067 magistratuum
1352 4016 1583 4068 praesens
1608 4015 1817 4069 quoque
1851 4000 2087 4070 synodus

542 4090 777 4157 agnovit,
815 4103 879 4142 eo
918 4090 1055 4155 quod
1083 4090 1225 4143 dicat
1255 4090 1479 4144 clericos
1510 4091 1733 4155 alicujus
1765 4105 1883 4145 esse
1916 4105 2089 4144 caussc

534 4180 762 4245 jndices.

612 4269 769 4337 597
799 4268 1043 4322 ZONAR.
1078 4268 1336 4322 Przcterca
1374 4270 1437 4322 ad
1488 4270 1834 4337 imperatores
1892 4252 2090 4323 rcferre

540 4358 889 4419 constituunt,
913 4366 967 4409 ut
993 4359 1034 4410 si
1056 4360 1142 4424 qui
1174 4360 1222 4409 in
1262 4357 1517 4419 Ecclesia,
1543 4357 1641 4412 hoc
1668 4369 1769 4422 est,
1802 4360 1852 4411 in
1890 4360 2086 4413 clerum

540 4446 776 4513 ascripti,
806 4447 950 4498 litem
1001 4449 1312 4515 quamlibet,
1353 4457 1443 4501 aut
1495 4451 1938 4512 controversiam,
1969 4451 2087 4517 jure

540 4537 826 4600 apostolico
879 4537 1127 4589 Ecclesiis
1182 4533 1463 4599 imposito,
1512 4539 1610 4591 hoc
1674 4548 1796 4596 est.
1868 4540 2087 4593 definito

541 4636 698 4689 atque
732 4626 1025 4690 descripto,
1058 4625 1123 4675 dc
1149 4625 1365 4692 judiciis
1427 4628 1677 4680 nimirum
1734 4629 1872 4694 apud
1910 4626 2088 4680 Eccle-

540 4716 670 4764 siam
716 4713 1050 4777 exercendis,
1090 4714 1337 4780 perseqni
1368 4714 1549 4775 velint,
1605 4714 1837 4781 (divinus
1864 4728 2089 4779 namque

539 4801 810 4868 apostolus
831 4800 1027 4853 Paulus
1085 4806 1148 4852 ad
1200 4801 1510 4855 Corinthios
1549 4804 1828 4856 scribens:
1898 4802 2087 4865 Audet,

540 4890 729 4958 inquit,
761 4892 951 4957 aliquis
980 4902 1223 4953 vestrum,
1268 4894 1528 4960 negotium
1581 4895 1795 4955 habens,
1860 4894 1952 4945 sub
2009 4894 2091 4944 in-

534 4982 675 5048 justo
698 4982 901 5048 judicio
942 4983 1163 5046 experiri
1206 4993 1249 5033 et
1280 4998 1377 5033 non
1406 4982 1498 5033 sub
1525 4983 1717 5034 sanctis
1742 4984 1827 5033 “?
1866 4982 2090 5035 Proinde

543 5078 641 5125 hoc
672 5071 1107 5139 apostolicojure
1140 5072 1379 5125 ecclesia:
1414 5073 1619 5137 deberi,
1677 5083 1925 5139 tanquam
1951 5072 2091 5139 Apoc

540 5158 660 5221 ειυιί
687 5159 903 5210 decrero
938 5159 1004 5210 ita
1069 5160 1415 5212 constitutum
1470 5160 1758 5224 asserunt).
1822 5158 1875 5211 Si
1928 5160 2092 5225 igitur

540 5248 742 5312 clerici,
797 5248 1064 5313 iantiuul,
1118 5250 1251 5316 apud
1303 5251 1583 5303 ecclesiam
1645 5234 1967 5315 disceptent,
2028 5263 2088 5300 ac

541 5339 739 5389 tlecisin
761 5339 1081 5401 causw,hoc
1132 5349 1231 5403 est,
1272 5342 1561 5402 sententia,
1602 5356 1697 5407 per
1754 5354 1912 5406 quam
1970 5353 2091 5392 con-

542 5430 796 5479 troversia
823 5430 1102 5494 deciditur,
1139 5432 1227 5483 uni
1255 5447 1315 5482 ex
1356 5430 1593 5499 partibus
1626 5431 1841 5483 minime
1871 5428 2091 5494 probata

542 5519 718 5579 fuerit,
748 5535 810 5571 ne
840 5530 1013 5573 tamen
1041 5522 1192 5574 altert
1228 5526 1361 5593 parti
1403 5524 1559 5575 liceat
1617 5538 1759 5584 eum,
1809 5536 1902 5589 per
1926 5534 2085 5587 quem

616 5697 651 5727 δ’·
688 5696 852 5749 lCut‘.
891 5714 962 5764 τι,
1003 5701 1044 5754 ι.

2196 3279 2521 3347 μαρτυρίαν.
2567 3280 2674 3331 Καὶ
2705 3281 2731 3329 ὁ
2759 3279 2853 3347 μὲν
2884 3278 3061 3330 κανὼν
3098 3278 3159 3329 ἐν
3210 3276 3441 3337 τούτοις.
3483 3275 3671 3343 Ἡμεῖς
3698 3276 3753 3327 δέ

2194 3371 2486 3438 ἐμέλλομεν
2512 3370 2714 3437 γράψαι
2745 3369 2863 3421 τινὰ
2921 3371 3047 3438 περὶ
3099 3369 3206 3420 τῶν
3256 3368 3593 3419 δικασάντων
3658 3368 3755 3419 καὶ

2197 3461 2321 3527 περὶ
2381 3462 2485 3511 τῶν
2540 3460 3036 3526 προσῳκειωμένων
3090 3462 3199 3520 τοῖς
3257 3460 3563 3525 κληρικοῖς,
3623 3458 3752 3509 πότε

2193 3551 2497 3616 ὀφείλουσιν
2522 3548 2791 3611 ἕλκεσθαι,
2835 3549 2927 3601 καὶ
2960 3548 3085 3601 πότε
3126 3549 3221 3617 μή.
3266 3548 3386 3599 Ὀτι
3415 3548 3469 3598 δέ
3514 3548 3612 3598 οὐκ
3636 3549 3753 3599 ἐστι

2194 3641 2467 3708 θέσπισμα
2500 3641 2527 3691 ό
2558 3638 2751 3703 κανὼν,
2780 3640 2914 3692 ἀλλά
2971 3639 3245 3707 συμϐουλὴ
3291 3639 3447 3707 χάριν
3493 3637 3587 3689 τοῦ
3622 3638 3754 3689 ὑπο-

2198 3730 2499 3799 μνησθῆναι
2532 3731 2657 3798 περὶ
2696 3731 2899 3782 τούτων
2928 3731 3054 3791 τοὺς
3108 3728 3365 3799 βασιλεῖς,
3415 3727 3641 3794 ὁρισμὸς
3697 3729 3754 3780 δὲ

2193 3822 2288 3871 οὐκ
2332 3818 2614 3887 ἐξηνέχθη,
2642 3820 2969 3888 παρήκαμεν
2996 3820 3061 3871 τὰ
3116 3817 3303 3871 πολλά.
3372 3816 3750 3884 Ἐσημειωσάα

2197 3909 2333 3977 μεθα
2362 3910 2414 3960 δὲ
2445 3908 2665 3962 ἀπὸτοῦ
2698 3911 2964 3979 παρόντος
2995 3908 3213 3969 κανόνος
3239 3907 3395 3959 τοῦτο
3442 3907 3619 3974 μόνον,
3669 3909 3755 3959 ὅτι

2192 3999 2256 4047 τὰ
2284 3998 2573 4049 δικαστικά
2602 3998 2829 4065 ὀφφίκια
2851 3999 2956 4050 τῶν
2976 3997 3447 4065 ἐκκλησιαστικῶν
3474 3998 3754 4064 ἀρχόντων

2195 4088 2287 4139 καὶ
2318 4090 2348 4154 ἡ
2385 4088 2634 4156 παροῦσα
2665 4088 2876 4149 σύνοδος
2910 4089 3271 4155 ἐπιγίνωσκεν
3317 4087 3423 4139 ἀπὸ
3448 4088 3541 4139 τοῦ
3570 4086 3756 4153 λέγειν

2195 4179 2486 4244 κληρικοὺς
2520 4178 2790 4246 διαιτῆσαι
2825 4180 3073 4230 ὑποθέσει
3106 4180 3230 4231 τινί.

2264 4267 2505 4319 ΖΩΝΑΡ.
2545 4268 2663 4318 Ἔτι
2694 4268 2971 4337 ἀναφορὰν
3016 4269 3753 4338 βουλεύονταιποιῆσαιπρὸς

2194 4358 2314 4417 τοὺς
2358 4355 2616 4424 βασιλεῖς,
2647 4358 2785 4408 ὥστε
2825 4358 2919 4415 ἐάν
2950 4374 3091 4419 τινες
3120 4361 3178 4409 ἐν
3210 4358 3523 4427 Ἐκκλησία,
3581 4360 3754 4425 ἡγουν

2196 4447 2251 4495 ἐν
2306 4446 2489 4513 κλήρῳ
2549 4446 2987 4513 ἐκκλησιαστικῷ
3030 4451 3376 4515 τεταγμένοι,
3428 4448 3753 4511 οἱανδήποτε

2193 4532 2393 4593 αἰτίαν,
2422 4533 2540 4599 ῆτοι
2565 4533 2744 4601 δίκην,
2771 4532 3029 4584 ὑπόθεσιν
3048 4535 3370 4601 γυμνάσωσι
3402 4536 3754 4603 ἀποστολικῷ

2190 4620 2377 4688 δικαίῳ
2412 4621 2487 4689 τῷ
2520 4625 2637 4684 ταῖς
2692 4621 3035 4691 Ἐκκλησίαις
3068 4624 3416 4691 ἐπικειμένῳ,
3471 4624 3588 4690 ἦτοι
3623 4623 3755 4694 ὠρι-

2194 4714 2395 4782 σμένίρ,
2426 4713 2854 4781 διατεταγμένῳ,
2891 4715 3133 4765 τουτέστι
3158 4715 3310 4781 παρά
3332 4717 3397 4783 τῇ
3454 4714 3753 4785 Ἐκκλησία

2191 4804 2539 4854 δικάσωνται.
2582 4802 2639 4851 '0
2683 4801 2789 4868 γὰρ
2850 4802 3131 4862 θεσπέσιος
3182 4800 3473 4862 ἀπόστολος
3515 4802 3750 4863 Παῦλος.

2194 4891 2497 4958 Κορινθίοις
2524 4890 2769 4957 γράφων,
2796 4891 2927 4958 φησί
2950 4906 2961 4918 °
3002 4888 3193 4956 Τολμᾷ
3214 4907 3303 4954 τις
3323 4889 3489 4957 ὑμῶν
3512 4888 3753 4958 πρᾶγμα

2193 4983 2347 5047 ἔχων
2381 4982 2685 5047 κρίνεσθαι
2735 4980 2833 5031 ἐπί
2882 4981 2999 5032 τῶν
3028 4981 3271 5043 ἀδίκων,
3317 4981 3415 5032 καί
3473 4980 3608 5047 οὐχὶ
3652 4982 3751 5033 ἐπὶ

2192 5072 2307 5122 τῶν
2364 5071 2589 5137 ἁγίων-ς
2625 5068 2795 5121 Τοῦτο
2847 5070 2936 5121 οὖν
2991 5069 3334 5137 ἀποστολικῷ
3377 5070 3573 5137 δικαίῳ
3618 5072 3753 5138 φησὶ

2194 5160 2487 5227 προσήκειν
2515 5161 2631 5219 ταῖς
2658 5159 2990 5225 ἐκκλησίαις,
3022 5158 3094 5219 ὡς
3107 5158 3200 5209 τοῦ
3236 5158 3558 5212 Ἀποστόλου
3583 5158 3744 5212 τοῦτο

2193 5248 2605 5317 διαταξαμένου.
2654 5248 2781 5299 Ἐὰν
2810 5247 2901 5299 οὖν
2946 5248 3216 5316 κληρικοι,
3251 5249 3409 5315 φησι,
3448 5249 3751 5301 δικασθῶσι

2194 5340 2344 5408 παρά
2392 5341 2455 5405 τῇ
2526 5338 2838 5406 Ἐκκλησία,
2874 5338 2965 5389 καὶ
3035 5337 3313 5404 Ἀπαρέσῃ
3361 5337 3440 5385 ἐνὶ
3491 5338 3669 5405 μέρει,
3717 5340 3749 5403 ἡ

2195 5427 2335 5497 τομὴ
2360 5427 2468 5480 τῶν
2509 5426 2899 5493 δικαζομένων,
2928 5427 3047 5494 ἦτοι
3082 5427 3114 5494 ὴ
3143 5426 3418 5493 τέμνουσα
3456 5426 3553 5493 τὴν
3594 5427 3749 5493 δίκην

2198 5520 2491 5584 ἀπόφασις,
2530 5518 2615 5568 ῖνα
2660 5516 2731 5581 μὴ
2762 5515 2852 5583 ἐξῇ
2906 5533 3010 5567 τινι
3048 5516 3154 5567 τῶν
3212 5515 3389 5585 μερῶν
3434 5514 3616 5567 ἕλκειν
3670 5518 3751 5578 εἰς
