4000 6448
242 395 342 460 145

1243 385 1327 448 ΙΝ
1360 383 1524 448 CAN.
1583 379 1780 443 LXIII
1817 377 2025 441 CONC.
2065 371 2435 439 CARTHAG.

3345 353 3452 418 246

239 509 301 561 τὸ
351 504 450 575 τῆς
485 502 747 574 ικκλὴτου
783 503 1136 572 δικαστήριον
1169 503 1305 570 πρὸς
1339 497 1645 571 μαρτυρίαν
1705 495 1796 549 τὸν

1904 505 2060 547 causa
2079 490 2228 560 prius
2255 481 2559 546 examinata
2587 488 2690 547 est,
2727 479 2812 534 vel
2857 477 2947 548 qui
2977 490 3052 575 ⁸ιιι
3081 474 3320 575 iudicata
3355 471 3448 575 ad:

241 594 613 664 δοκιμάσαντα
639 595 907 664 πρότερον
939 592 1041 662 τὴν
1072 591 1347 657 ὑπόθεσιν,
1397 591 1430 660 ἢ
1463 589 1558 643 καὶ
1612 585 1793 658 κρινο-

244 685 411 755 μένης
438 685 844 754 παρατυχόντα,
872 685 965 737 καὶ
1016 683 1104 736 ἵνα
1159 681 1293 752 μηδέ
1341 697 1425 742 τις
1482 679 1789 747 προσήκων,

241 771 542 837 τουτέστιν,
576 774 926 844 ᾠκειωμένος
948 774 1014 825 ὲκ
1042 771 1366 840 συγγενείας
1416 769 1450 838 ἢ
1489 767 1666 830 ἄλλως
1702 767 1795 818 ἐκ·

247 861 618 930 κλησιαστικῷ
671 879 803 927 τινι,
853 862 1083 930 ῑλκηται
1114 863 1195 922 είς
1253 857 1580 930 μαρτυρίαν.
1639 857 1793 918 Τινὲς

251 950 353 1021 γὰρ
431 951 850 1021 ἁπηρίθμηνται
907 951 1002 1004 καὶ
1069 953 1184 1012 τοῖς
1259 949 1554 1009 πολιτικοῖς
1609 946 1795 1015 νόμοις

251 1039 753 1108 ἔξκουσσευόμενοι,
788 1039 928 1093 ὥστε
979 1042 1055 1110 μὴ
1105 1042 1330 1102 ἄκοντες
1373 1038 1685 1108 μαρτυρεῖν,
1720 1035 1795 1098 ὡς

246 1129 304 1181 tv
337 1128 532 1199 βιϐλίῳ
573 1129 804 1200 εὕρηται
853 1137 958 1196 κα’,
992 1132 1095 1184 τίτ.
1151 1130 1221 1197 α’,
1253 1129 1569 1199 κεφαλαίοις
1610 1124 1796 1195 διαφό-

249 1236 382 1287 ροις.

246 1310 464 1363 ΑΡΙΣΤ.
525 1329 543 1362 ι
579 1311 876 1381 Κληρικδς,
927 1311 1158 1379 πρᾶγμα
1213 1308 1459 1371 δικάσας,
1489 1307 1537 1360 εί
1583 1306 1795 1375 ἁπαρεο

326 1419 346 1451 r
386 1417 491 1464 σοι,
558 1402 643 1470 μὴ’
687 1402 960 1455 καλείσθω
1013 1401 1141 1464 περὶ
1197 1397 1362 1452 αὐτοῦ
1413 1396 1552 1466 πρὸς
1592 1412 1794 1465 μαρτυ-

311 1508 330 1540 ι
371 1491 495 1559 ρίαν
539 1493 620 1554 είς
648 1492 1017 1561 δικαστήριον·
1042 1490 1138 1544 καὶ
1183 1489 1321 1552 ὅλως
1342 1485 1797 1556 ἐκκλησιαστικὸν

321 1598 340 1629 ι
383 1579 674 1646 πρόσωπον
739 1580 815 1650 μὴ
878 1579 1153 1649 ὲναγέσθω
1210 1580 1337 1649 περ)⁸
1389 1576 1484 1630 τοῦ
1563 1573 1799 1643 ὀφείλειν

321 1686 341 1719 ε
379 1670 700 1738 μαρτυρεῖν.
732 1689 750 1721 ι

323 1757 451 1811 Ἐἁν
494 1774 638 1820 τινες
662 1761 811 1830 παρὰ
852 1777 960 1814 τινι
1008 1759 1115 1813 τῶν
1159 1757 1434 1827 κληρικῶν
1479 1755 1797 1825 δικασθῆναι

1897 583 2020 646 l‘uit,
2043 581 2111 635 ad
2174 575 2572 649 provocationis
2637 573 2815 628 forum
2873 565 3164 624 testimonii
3236 562 3451 618 dicendi

1899 685 2059 727 causa
2083 653 2330 733 trabere;
2372 679 2544 735 neque
2594 670 2853 734 praeterea
2887 656 3172 728 quisquam
3229 669 3296 708 ex
3356 667 3451 706 co-

1899 760 2095 829 gnatis,
2127 758 2229 811 hoc
2256 764 2360 818 est,
2383 751 2751 810 ecclesiastico
2803 745 3011 803 homini
3047 741 3452 814 propinquitate

1899 860 1989 906 aut
2013 849 2117 904 alia
2139 847 2344 902 ratione
2370 844 2710 913 coniunctus,
2740 843 2804 894 ad
2825 838 3061 893 dandum
3083 832 3452 888 testimonium

1898 950 2139 1010 cogatur.
2193 937 2326 994 Nam
2379 943 2434 992 et
2489 937 2660 1005 legum
2702 932 2940 986 civilium
2980 929 3200 984 decreto
3238 921 3455 994 quidam

1898 1040 2304 1096 enumerantur,
2335 1044 2469 1099 quos
2497 1028 2691 1082 invitos
2720 1024 2784 1080 ad
2838 1019 3204 1078 testimonium
3262 1014 3454 1068 dicen-

1898 1124 2024 1179 dum
2047 1122 2290 1192 compelli
2340 1135 2447 1174 non
2486 1119 2691 1180 sinunt,
2724 1125 2782 1170 ut
2839 1115 2890 1168 in
2949 1111 3046 1166 lib.
3111 1119 3226 1172 ut,
3283 1105 3370 1160 tit.
3402 1104 3453 1167 1,

1899 1215 2126 1270 diversis
2148 1213 2199 1266 in
2232 1211 2494 1279 capitibus
2530 1206 2855 1261 inveniatur.

1897 1303 2125 1358 ARIST.
2170 1321 2190 1354 ι
2221 1301 2481 1364 Clericus,
2504 1299 2595 1368 qui
2626 1310 2844 1351 causam
2872 1292 3152 1362 judicavit,
3187 1289 3232 1344 si
3265 1287 3449 1356 displi-

1975 1411 1994 1445 ε
2025 1401 2129 1458 cet,
2172 1393 2237 1447 ad
2269 1390 2500 1446 dandum
2532 1387 2600 1442 de
2627 1401 2690 1441 ea
2721 1382 3087 1440 testimonium
3124 1379 3190 1434 ad
3219 1375 3452 1432 tribunal

1976 1501 1994 1534 ι
2033 1496 2099 1537 ne
2129 1489 2382 1536 vocetur:
2418 1486 2473 1532 et
2528 1473 2895 1531 ecclesiastica
2947 1469 3168 1524 omnino
3226 1477 3455 1535 persona

1976 1590 1994 1623 ι
2029 1572 2092 1626 ad
2119 1569 2483 1626 testimonium
2533 1563 2864 1622 reddendum
2904 1575 2971 1616 ne
3028 1555 3400 1627 compellatur.
3429 1571 3446 1603 ι

1974 1762 2030 1818 Si
2063 1758 2558 1831 quiaclcricorum
2633 1755 2817 1826 aliquo
2870 1752 3098 1822 iudicari
3153 1749 3453 1818 elegerunt,

250 1849 591 1918 ᾐρετίσαντο,
622 1850 802 1904 καὶτὰ
822 1849 1252 1920 τῆςὺποθέσεως
1289 1847 1656 1916 ἀνεκάλυψαν,
1678 1841 1798 1898 εἶτα

1905 1864 1958 1910 et
1982 1866 2202 1908 causam
2237 1864 2396 1904 suam
2429 1847 2756 1909 indicarunt,
2792 1852 2974 1914 postea
3012 1842 3065 1896 in
3100 1839 3299 1912 judicio
3342 1835 3458 1904 eius

249 1937 339 1990 επὶ
367 1940 435 2006 τῇ
466 1938 756 2005 διαγνώσει
780 1939 945 1994 αὐτοῦ
979 1938 1393 2009 ἀπηρέσθησαν,
1427 1938 1520 1991 καὶ
1559 1935 1799 2004 ἀπῆλθον

249 2029 329 2089 είς
352 2026 414 2080 τὸ
443 2029 757 2097 πρόσφορον
783 2031 966 2092 αὐτοῖς
990 2029 1361 2096 δικαστήριον·
1389 2027 1448 2079 οὐ
1480 2026 1800 2080 καλέσουσιν

249 2117 328 2177 εις
353 2119 664 2187 μαρτυρίαν
692 2119 784 2172 τὸν
813 2119 1112 2172 δικάσαντα
1153 2115 1435 2186 κληρικδν,
1493 2114 1551 2167 τδ
1585 2115 1685 2184 μὲν
1725 2113 1797 2176 ὡς

251 2204 813 2276 ιξκουσσατευόμενον
850 2208 960 2260 ἀπὸ
998 2206 1092 2260 τοῦ
1131 2207 1320 2276 νόμου,
1371 2205 1466 2258 καὶ
1511 2202 1588 2273 μὴ
1634 2203 1802 2268 ἁναγο

253 2293 554 2363 δεξόμενον
598 2297 868 2361 ἀκουσίως
917 2299 1235 2367 μαρτυρεῖν·
1281 2297 1328 2348 οἱ
1377 2295 1483 2365 γὰρ
1531 2294 1608 2356 είς
1649 2291 1801 2360 ίερᾶν

250 2383 596 2455 λειτουργίαν
629 2387 1069 2458 ἀπησχολημένοι
1099 2388 1324 2448 ἄκοντες
1346 2385 1406 2438 οὐ
1441 2383 1797 2454 μαρτυροῦσι⁹

250 2473 310 2524 rb
344 2475 425 2540 δὲ,
461 2477 554 2528 καὶ
603 2476 676 2539 ὡς
706 2476 1064 2548 κωλυόμενον,
1117 2479 1174 2530 tv
1198 2469 1241 2544 ᾧ
1275 2471 1622 2545 προσελήφθη
1661 2475 1802 2543 πρά·

250 2577 418 2629 γματι
451 2567 599 2634 παρὰ
631 2567 737 2620 τῶν
767 2566 949 2637 μερῶν
979 2567 1256 2637 δικαστῆς,
1294 2565 1606 2636 μαρτυρεῖν.

841 2657 1076 2711 KANON
1093 2656 1207 2709 EI".

259 2763 275 2794 ι
315 2746 449 2815 Περὶ
484 2746 581 2799 τοῦ
620 2747 918 2815 ἀφελέσθαι
949 2748 1016 2802 τὰ
1047 2748 1156 2802 τῶν
1196 2749 1466 2818 Ἑλλήνων
1503 2751 1800 2818 συμπόσια.

327 2855 346 2887 r
378 2837 615 2891 Κάκεῖνο
636 2837 714 2890 ἔτι
738 2842 847 2908 μὴν
876 2839 957 2891 δεῖ
979 2838 1199 2907 αἰτῆσαι
1224 2840 1373 2908 παρὰ
1403 2839 1508 2892 τῶν
1539 2841 1805 2906 Χριστιασ

325 2945 344 2978 ι
385 2927 492 2980 νῶν
515 2928 810 2998 βασιλέων*
836 2929 1024 3000 έπειδὴ
1053 2928 1205 2999 παρὰ
1242 2930 1310 2983 τὰ
1340 2929 1457 2983 θεῖα
1489 2931 1803 2998 παραγγέλο

323 3036 344 3068 s
386 3034 532 3087 ματα
585 3020 643 3073 tv
677 3020 892 3083 πολλοῖς
928 3020 1114 3083 τόποις
1154 3019 1432 3089 συμπόσια
1479 3018 1652 3083 οὕτως
1713 3023 1806 3075 tas-

325 3128 344 3159 ι
379 3109 681 3175 τελοῦνται,
711 3113 777 3164 tat
825 3111 921 3181 τῆς
971 3111 1192 3179 ἑθνικῆς
1233 3110 1442 3180 πλάνης
1506 3127 1803 3181 προσενεχ-

323 3218 343 3251 ε
382 3201 567 3265 θέντα,
592 3202 668 3265 ὡς
702 3203 796 3254 καὶ
837 3203 1198 3272 Χριστιανοὺς
1220 3203 1332 3264 τοῖς
1359 3201 1585 3266 Ἕλλησι
1626 3201 1802 3271 λάθρα

330 3309 349 3339 ε
391 3291 765 3360 προσάγεσθαι
794 3291 890 3345 ἰπὶ
918 3294 983 3363 τῇ
1018 3289 1223 3343 τούτων
1254 3291 1443 3359 τελετῇ
1471 3305 1485 3320 ·
1520 3291 1606 3342 ῖνα
1624 3290 1805 3344 κελεύ-

327 3398 345 3430 ι
385 3394 518 3431 σωσι
534 3381 601 3432 τὰ
611 3397 835 3433 τοιαυτα
854 3379 1159 3448 κωλυθῆναι
1174 3380 1266 3432 καὶ
1279 3381 1342 3431 ὲκ
1355 3379 1466 3432 τῶν
1482 3379 1693 3432 πόλεων
1712 3380 1806 3432 καὶ

326 3488 346 3519 ι
384 3469 448 3523 tat
475 3470 585 3522 τῶν
605 3472 850 3537 κτήσεων
868 3485 883 3502 ·
915 3470 1149 3539 μάλιστα
1174 3471 1256 3522 ὅτι
1285 3468 1376 3522 καὶ
1400 3469 1456 3522 tv
1483 3469 1667 3530 αὐτοῖς
1695 3471 1804 3531 τοῖς

328 3578 347 3610 ι
377 3556 640 3625 γενεσίοις
655 3560 763 3612 τῶν
793 3559 1076 3629 μακαρίων
1109 3559 1400 3628 μαρτύρων
1422 3557 1523 3610 ἁνὰ
1537 3573 1685 3619 τινας
1709 3556 1804 3608 πό-

323 3668 340 3696 (
376 3648 488 3710 λεις
504 3647 598 3700 καλ⁵
613 3649 692 3706 εἰς
706 3649 902 3710 αὐτοὺς
914 3647 1039 3710 τοὺς
1063 3649 1240 3716 ίεροὺς
1265 3641 1463 3706 τόπους
1481 3645 1547 3698 τὰ
1567 3643 1789 3698 τοιαῦτα

328 3755 347 3788 ι
383 3733 719 3806 πλημμελεῖν
788 3736 887 3806 οὐχ
917 3737 1261 3807 ὑφορῶνταιο
1315 3738 1375 3803 έν
1404 3734 1492 3801 αἷς
1545 3735 1800 3807 ἡμέραις,

329 3850 348 3880 ‹
383 3830 518 3898 ὅπερ
537 3828 634 3880 καὶ
656 3827 836 3895 λέγειν
849 3827 1075 3896 αἰσχύνη
1108 3827 1536 3898 ὲστὶν,όρχήσεις
1560 3825 1804 3895 μυσαρὰς

334 3934 354 3967 ε
385 3919 466 3978 είς
488 3917 615 3978 τοὺς
637 3917 844 3986 ἁγροὺς
865 3917 958 3968 καὶ
973 3918 1051 3979 είς
1071 3917 1168 3986 τὰς
1192 3917 1447 3980 πλατείας
1477 3915 1801 3975 ἐκτελοῦσιν,

330 4025 348 4058 ι
387 4006 531 4060 ὥστε
575 4008 642 4077 τῇ
680 4007 789 4059 τῶν
831 4005 1247 4059 οίκοδεσποινῶν
1301 4010 1457 4075 τιμῇ,
1503 4008 1596 4059 καὶ
1629 4005 1801 4060 ἄλλων

335 4117 354 4148 ε
392 4095 781 4168 ἀναριθμήτων
828 4097 1103 4164 γυναικῶν
1169 4099 1234 4166 τῇ
1305 4097 1445 4149 αἰδοῖ
1496 4096 1604 4148 τῶν
1653 4097 1800 4149 εὐλα-

331 4207 348 4238 ι
388 4187 499 4241 σῶν
553 4190 634 4251 είς
689 4188 787 4256 τὴν
852 4187 1013 4253 ἁγίαν
1055 4187 1266 4257 ἡμέραν
1324 4189 1800 4257 παραγενομένων.

333 4297 351 4328 ι
389 4278 619 4345 λάγναις
657 4275 882 4357 ὕϐρεσιν
915 4276 1161 4345 ὶφορμᾷν
1187 4293 1202 4308 ο
1259 4276 1336 4339 ὡς
1382 4277 1477 4330 καὶ
1509 4277 1676 4344 αὐτῆς
1706 4277 1802 4343 τῆς

329 4388 345 4418 ε
389 4367 552 4436 ἁγίας
619 4368 856 4431 πίστεως
902 4365 1086 4436 σχεδὸν
1156 4366 1449 4435 φεύγεϐθαι
1507 4365 1602 4436 τὴν
1641 4383 1778 4434 προς

326 4480 344 4512 ι
380 4463 615 4515 ἐλευσιν.
656 4477 675 4514 ι

323 4551 520 4608 ΒΔΔΣ.
565 4550 773 4621 Ὠσπερ
829 4538 1066 4620 σήμερον
1121 4549 1179 4604 tv
1239 4551 1477 4619 μνήμαις
1531 4550 1699 4616 ἁγίων
1743 4551 1808 4601 οὐ

261 4645 414 4709 μόνον
441 4639 584 4693 κατὰ
614 4640 711 4699 τὰς
742 4638 948 4702 πόλεις,
980 4639 1117 4693 ἁλλὰ
1149 4639 1212 4711 δὴ
1244 4641 1337 4693 καὶ
1377 4640 1517 4692 κατὰ
1547 4640 1646 4701 τὰς
1702 4639 1806 4705 ἔξω

255 4731 458 4804 χώρας,
490 4729 737 4797 γίνονται
763 4730 1102 4799 πανηγύρεις
1135 4731 1231 4782 καὶ
1282 4729 1652 4799 χοροστασίαι,
1710 4729 1806 4782 καὶ

257 4820 380 4871 ἄλλα
411 4819 536 4872 τινὰ
563 4819 811 4885 παίγνια,
843 4817 1037 4881 οὕτως,
1064 4819 1137 4880 ὡς
1168 4817 1367 4883 ἔοικεν,
1413 4817 1689 4871 ἐτελοῦντο
1714 4817 1808 4870 καὶ

258 4908 489 4962 ἔκπαλαι
517 4925 531 4938 ⁸
568 4908 708 4976 πλὴν
737 4908 923 4960 ικεῖνα
955 4908 1175 4977 μυσαρὰ
1207 4903 1368 4977 ἦσαν.
1412 4908 1501 4960 Διό
1541 4924 1707 4977 φασιν
1756 4910 1805 4960 οί

259 4997 496 5066 Πατέρες
525 4995 624 5060 ὡς.
657 4997 779 5050 tusi
817 4997 874 5050 tv
913 4996 1132 5059 πολλοῖς
1157 4997 1347 5057 τόποις
1369 4997 1644 5061 συμπόσια
1685 4998 1805 5049 επι-

258 5086 557 5148 τελοῦνται,
582 5087 759 5156 ἀρχὴν
783 5087 1052 5156 ι’σχηκότα
1083 5088 1148 5138 ὲκ
1179 5085 1279 5155 τῆς
1316 5085 1637 5154 Ἑλληνικῆς
1666 5086 1804 5138 πλὰ-

260 5192 368 5244 νης,
397 5171 540 5227 ὥστε
573 5177 630 5227 tv
680 5175 862 5237 αὐτοῖς
906 5174 1234 5243 συνάγεσθαι
1287 5176 1378 5227 καὶ
1425 5168 1801 5245 Χρὶστιανοὺς,

260 5265 344 5316 καὶ
373 5264 645 5317 συντελεῖν
674 5264 850 5316 ταῦτα
897 5265 1008 5326 τοῖς
1044 5263 1296 5331 Ἕλλησι,
1337 5265 1454 5317 δέον
1487 5265 1632 5316 ἐστὶν
1670 5265 1798 5316 ὑπο-

263 5352 555 5421 μνησθῆναι
593 5351 720 5413 τοὺς
767 5351 1022 5419 βασιλεῖς,
1063 5351 1148 5404 ίνα
1184 5349 1471 5405 κωλύσωσι
1513 5351 1684 5403 ταῦτα
1712 5352 1805 5403 καὶ

265 5441 452 5507 μᾶλλον
484 5443 569 5494 ὅτι
601 5440 1047 5511 πλημμελοῦνται
1085 5441 1182 5494 καὶ
1231 5442 1310 5502 είς
1358 5442 1539 5509 ίεροὺς
1586 5441 1802 5503 τόπους.

263 5529 544 5597 Συμῦαίνει
571 5529 681 5599 γὰρ
705 5529 829 5582 οὐδὲ
865 5529 944 5590 είς
981 5529 1280 5598 ἐκκλησίαν
1323 5527 1652 5596 συνάγεσθαι
1705 5530 1805 5591 τὰς

264 5617 641 5687 ειῦλασεστέρας
695 5617 804 5670 τῶν
859 5617 1134 5684 γυναικῶν
1167 5617 1255 5670 διὰ
1307 5617 1373 5671 τὰ
1426 5617 1673 5678 ἀτάκτως
1710 5619 1802 5669 καὶ

267 5707 575 5776 ἀοχηιιόνως
637 5705 940 5771 τηνικαῦτα
993 5707 1275 5771 γινόμενα,
1333 5705 1402 5767 ὡς
1477 5706 1582 5756 τῶν
1632 5704 1800 5757 ταῦτα

1903 1959 2006 1998 non
2029 1942 2399 2023 acquiescant:
2433 1939 2527 1994 sed
2554 1936 2620 1992 ad
2662 1933 2897 1990 tribunal
2947 1932 3016 1986 iis
3040 1940 3245 2023 aptum
3296 1942 3453 2023 acce-

1903 2032 2072 2088 dunt:
2103 2045 2210 2084 non
2247 2018 2582 2083 vocabuntin
2613 2023 2972 2080 testimonium
3005 2020 3259 2075 clericum
3297 2018 3458 2070 istum

1903 2118 1996 2188 qui
2040 2117 2338 2184 judicavit,
2382 2123 2437 2170 et
2488 2121 2546 2168 ut
2603 2123 2921 2168 excusatum
2984 2124 3014 2162 a
3069 2105 3204 2176 lege,
3247 2112 3302 2159 et
3355 2119 3457 2159 non

1903 2216 2148 2262 coactum
2175 2207 2339 2261 invite
2363 2203 2729 2261 testimonium
2773 2202 2904 2255 dare
2963 2199 3076 2268 (qui
3108 2197 3250 2252 enim
3302 2210 3460 2251 sacro

1905 2302 2099 2348 vacant
2121 2292 2444 2355 ministerio,
2470 2289 2622 2344 inviti
2654 2303 2759 2342 non
2793 2283 3099 2352 testantur);
3142 2288 3196 2336 et
3249 2288 3308 2333 ut
3335 2292 3457 2347 pro-

1905 2386 2134 2442 bibitum
2163 2384 2214 2438 in
2249 2382 2481 2452 negotio,
2513 2381 2566 2434 in
2599 2393 2706 2449 quo
2734 2393 2761 2432 a
2792 2374 3032 2448 partibus
3058 2379 3311 2441 acceptus
3343 2377 3460 2424 erat

1897 2478 2082 2547 judex,
2123 2470 2720 2530 testimonium-dicere.

2445 2649 2674 2706 CANON
2733 2645 2914 2703 LXIII.

1913 2760 1930 2794 ι
1961 2739 2030 2795 Ut
2065 2738 2378 2795 auferantur
2410 2737 2716 2792 Graecorum
2748 2733 3016 2789 convivia.
3061 2730 3196 2786 Illud
3239 2735 3458 2798 praetcr-

1994 2843 2102 2884 rea
2179 2841 2210 2879 a
2276 2826 2600 2882 Christianis
2669 2821 3083 2891 imperatoribus
3160 2815 3448 2887 petendum

1983 2939 2002 2971 ε
2045 2928 2160 2974 est:
2195 2917 2451 2989 quoniam
2483 2925 2675 2986 ιιι-αξιοι·
2709 2915 2886 2968 divina
2915 2910 3168 2967 mandata
3196 2909 3246 2961 in
3273 2905 3458 2960 multis

1988 3031 2005 3062 ι
2042 3011 2174 3066 locis
2195 3009 2435 3066 convivia
2472 3008 2552 3062 sic
2582 3015 2936 3076 peraguntur,
2961 3017 3024 3058 ex
3053 2999 3235 3072 gentili
3271 3011 3461 3053 errore

1983 3121 1999 3153 ι
2044 3101 2282 3164 inducta,
2312 3100 2556 3154 utetiam
2587 3095 2885 3153 Christiani
2913 3093 2976 3148 ad
3025 3105 3260 3161 paganos
3309 3089 3461 3144 clan-

1993 3210 2009 3241 r
2051 3189 2233 3244 culum
2281 3189 2334 3241 in
2388 3201 2576 3241 eorum
2624 3183 2992 3238 celebratione
3045 3179 3343 3234 accedant:
3407 3186 3465 3229 ut

1996 3298 2012 3330 ι
2045 3280 2156 3332 haec
2182 3276 2403 3346 jubeant
2431 3285 2485 3329 et
2513 3289 2579 3329 es
2629 3273 2854 3327 urbibus
2912 3281 2966 3325 et
3002 3285 3066 3325 cx
3098 3267 3462 3339 possessioni-

1981 3392 1998 3417 .
2035 3369 2135 3423 bus
2186 3365 2400 3430 arceri;
2454 3365 2706 3426 maxime,
2745 3363 2868 3430 quia
2911 3371 2961 3414 et
3003 3361 3054 3414 in
3106 3361 3235 3428 ipsis
3275 3359 3464 3412 beato-

1984 3478 1999 3508 ι
2032 3471 2146 3512 rum
2177 3465 2469 3526 martyrum
2497 3454 2789 3513 natalibus,
2813 3453 2866 3505 in
2891 3449 3211 3519 quibusdam
3240 3447 3462 3502 urbibus

1993 3567 2011 3597 σ
2043 3547 2280 3603 etiamin
2317 3547 2444 3616 ipsis
2503 3545 2674 3600 sacris
2727 3542 2885 3605 locis,
2935 3538 3198 3608 eiusmodi
3249 3547 3462 3606 peccata

1993 3657 2011 3687 ι
2051 3637 2388 3696 committere
2418 3650 2522 3689 non
2579 3633 2968 3695 reiormidant;
3018 3631 3070 3683 in
3121 3628 3316 3698 quibus
3349 3627 3467 3680 tlie-

1943 3767 1949 3773 .
1981 3747 1998 3775 ε
2031 3727 2150 3788 bus,
2185 3725 2264 3777 vel
2291 3726 2460 3792 pudor
2487 3732 2571 3778 est
2595 3723 2802 3786 dicere,
2846 3720 3208 3775 exsecrandas
3226 3717 3466 3772 saltatio-

1983 3831 2128 3870 tnes
2183 3818 2235 3869 in
2263 3816 2409 3884 agris
2443 3825 2494 3868 et
2549 3814 2739 3882 plateis
2792 3818 3068 3880 peragunt,
3119 3819 3176 3863 ut
3231 3814 3462 3861 matrqu

1989 3924 2006 3956 r
2035 3905 2265 3958 familias
2299 3906 2579 3966 bonorem,
2607 3913 2660 3957 et
2704 3903 2932 3956 aliarum
2989 3898 3462 3954 innumerabilium

1988 4015 2004 4046 ι
2038 3995 2244 4062 piarum
2267 3995 2573 4055 mulierum,
2594 4008 2716 4060 qua:
2737 3999 2926 4046 sancto
2953 3988 3041 4043 die
3065 3989 3278 4049 adsunt,
3307 4001 3463 4040 vere-

1985 4105 2001 4137 ι
2036 4085 2286 4139 cundiam
2344 4084 2558 4138 lascivis
2633 4079 2979 4137 contumeliis
3040 4079 3460 4146 aggrediantur:

1986 4195 2002 4224 ε
2043 4175 2178 4228 adeo
2206 4180 2264 4226 ut
2300 4174 2460 4226 etiam
2498 4171 2665 4240 ipsius
2692 4178 2892 4225 sancta:
2919 4167 3040 4224 ﬁdei
3061 4163 3450 4237 propemodum

1996 4281 2014 4314 ι
2049 4263 2323 4332 aufugiam
2356 4275 2654 4317 accessum.
2676 4279 2695 4311 ι

1980 4539 2173 4596 BALS.
2211 4540 2362 4596 Sicut
2424 4541 2582 4596 hodie
2638 4541 2694 4595 in
2743 4541 3051 4596 sanctorum
3080 4538 3466 4595 anniversariis

1909 4630 2332 4696 celebritatibus,
2358 4645 2461 4684 non
2496 4633 2668 4685 solum
2695 4631 2749 4685 in
2780 4631 3027 4694 urbibus,
3092 4629 3184 4685 sed
3217 4627 3380 4682 etiam
3411 4627 3462 4680 in

1906 4723 2040 4776 vicis
2067 4730 2118 4773 et
2149 4719 2322 4788 pagis,
2352 4720 2481 4773 iiunt
2521 4719 2796 4773 hominum
2817 4728 3113 4772 conventus
3145 4719 3462 4782 cborearque

1907 4812 2200 4873 ducuntur,
2228 4820 2280 4865 et
2311 4809 2415 4864 alia
2453 4810 2696 4881 quaedam
2731 4809 2936 4864 ludicra
2965 4827 2978 4863 :
3014 4809 3113 4871 sic,
3139 4815 3300 4860 utest
3323 4807 3464 4860 veri-

1907 4901 2101 4966 simile,
2146 4901 2268 4954 olim
2297 4916 2512 4969 quoque
2561 4901 2994 4970 peragebantur;
3041 4899 3132 4953 sed
3190 4913 3250 4952 ea
3310 4908 3465 4951 erant

1905 4991 2254 5054 exsecranda.
2290 4990 2353 5045 Et
2379 4992 2499 5046 ideo
2523 4991 2706 5046 dicunt
2747 4989 2954 5057 Patres,
3002 4990 3141 5059 quod
3205 4983 3459 5059 quoniam

1909 5083 2091 5136 multis
2119 5083 2171 5134 in
2207 5083 2342 5135 locis
2376 5083 2623 5136 convivia
2660 5090 3009 5150 peraguntur,
3036 5095 3152 5148 qua
3184 5094 3212 5133 a
3272 5077 3459 5131 Graeco

1906 5186 2091 5226 errore
2121 5173 2427 5226 habuerunt
2459 5170 2780 5239 principium
2804 5177 2862 5224 ut
2894 5169 2946 5222 in
2981 5168 3062 5223 eis
3121 5169 3281 5220 etiam
3339 5179 3465 5220 con-

1906 5263 2153 5316 venirent
2179 5261 2493 5321 Christiani,
2529 5267 2580 5312 et
2607 5259 2794 5313 eadem
2855 5275 2975 5312 cum
3006 5255 3208 5311 Cra-cis
3237 5270 3461 5325 perage.

1905 5357 2059 5405 rent:
2101 5347 2428 5401 admonendi
2493 5354 2618 5401 sunt
2669 5347 3022 5414 imperatores
3073 5352 3130 5396 ut
3173 5356 3235 5397 ea
3280 5344 3458 5412 probi-

1904 5439 2104 5500 beant;
2129 5445 2183 5488 et
2213 5450 2276 5488 eo
2307 5436 2499 5504 magis.
2537 5435 2678 5502 quod
2709 5435 2869 5488 etiam
2906 5433 2957 5486 in
2983 5447 3136 5487 sacra
3190 5431 3303 5486 loca
3337 5444 3459 5499 pec-

1903 5534 2044 5579 cant.
2083 5522 2269 5579 Evenit
2298 5525 2464 5590 enim,
2498 5537 2670 5580 utnec
2701 5524 3064 5595 religiosiores
3105 5523 3355 5577 mulieres
3407 5523 3460 5576 in

1903 5615 2182 5669 ecclesiam
2235 5615 2826 5684 conveniant,propter
2871 5630 2933 5670 ea
2958 5629 3074 5684 qua:
3133 5613 3356 5682 turpiter
3405 5622 3458 5666 et

1902 5705 2155 5760 indecore
2188 5705 2353 5760 ﬁunt:
2379 5720 2574 5777 nempe
2600 5723 2722 5762 cum
2749 5709 2808 5776 ii,
2838 5710 2926 5778 qui
2960 5711 3071 5761 inec
3099 5705 3318 5767 audent,
3352 5702 3454 5754 iiu-
