4000 6432
191 347 288 411 257

1142 337 1225 398 IN
1259 337 1428 395 (IAN.
1475 332 1721 393 LXVIII
1757 332 1965 390 CONC-
2001 332 2380 391 CARTIIAG.

3326 337 3432 398 258

189 459 406 514 ΑΡΙΣΤ.
449 476 469 510 ι
513 457 769 529 Αἰτητὲον
805 459 869 509 ἐκ
899 455 1158 525 βασιλέως
1186 459 1311 523 περὶ
1336 451 1442 504 τῶν
1472 453 1529 504 ἐν
1564 450 1758 517 ἔκκλη-

1869 445 2097 503 ARIST.
2132 467 2150 499 ι
2187 449 2266 500 Ab
2301 451 2624 516 imperatore
2653 451 2940 519 petendum
2994 461 3074 505 est
3124 451 3190 506 de
3245 468 3436 507 manu-

478 566 499 600 ι
549 549 682 611 σίαις
716 551 1016 615 γινομένων
1063 545 1408 614 ἔλευθεριῶν.
1458 562 1475 593 ι

255 641 446 709 Νόμου
516 641 638 693 τότε
707 638 1036 710 κρατοῦντας
1112 637 1236 699 τοὺς
1281 635 1765 704 ἐλευθερουμένους

193 730 412 793 δούλους
450 729 526 800 μὴ
554 729 787 798 ἀλλαχοῦ
834 730 930 792 τὰς
962 727 1272 796 ἐλευθερίας
1297 725 1616 795 λαμϐάνειν,
1650 726 1763 778 ἀλλ’

193 823 226 892 ἢ
258 823 315 874 ἔν
353 825 476 883 ταῖς
535 821 758 888 στήλαις
791 819 899 870 τῶν
945 818 1229 888 βασιλέων,
1262 818 1521 885 δεηθῆναι
1573 818 1606 881 ἡ
1639 820 1763 870 σύν-

194 911 314 976 οδος
379 912 518 978 αὕτη
549 909 643 961 τοῦ
676 909 942 979 βασιλέως
989 912 1100 970 τοῖς
1154 909 1283 979 παρ’
1315 909 1482 977 αὐτῆς
1523 909 1764 961 σταλεῖσι

195 1001 565 1070 πρεσϐευταῖς
589 999 989 1070 προετρέψατο,
1035 999 1110 1061 ὡς
1143 1001 1209 1053 ἂν
1253 999 1326 1069 μὴ
1370 1001 1425 1051 αἱ
1482 999 1764 1067 γινῦμεναι

194 1092 252 1144 iv
274 1093 397 1153 ταῖς
433 1091 756 1160 ἐκκλησίαις
787 1090 1099 1162 ἔλευθερίαι
1127 1091 1214 1143 διὰ
1256 1090 1346 1142 τὸν
1383 1091 1544 1157 νόμον
1573 1088 1763 1141 τοῦτον

195 1181 633 1250 ἀνατρέπωνται,
682 1181 797 1233 ἀλλ’
844 1183 1026 1235 ἀδειαν
1058 1181 1306 1250 φανερῶς
1339 1180 1565 1241 ταύταις
1613 1179 1765 1242 δοθῆ-

194 1291 282 1326 ναι
304 1273 464 1326 τοῦτο
493 1273 780 1343 πράττειν.

780 1363 1022 1418 ΚΔΝΩΝ
1063 1362 1190 1417 EII'.

205 1470 223 1502 ι
270 1451 412 1522 Περὶ
439 1453 693 1505 Αίκυτῐου
749 1453 1051 1507 ἔπισκᾶπου
1101 1452 1195 1506 τοῦ
1255 1451 1761 1515 καταδικασθέντος.

275 1564 293 1596 ι
341 1546 613 1614 Αὐρήλιος
672 1545 971 1606 ἔπίσκοπος
1023 1542 1198 1597 εἶπεν
1234 1543 1341 1597 Τοῦ
1373 1545 1625 1597 Αίκυτίου
1684 1544 1766 1597 ἔτι

269 1651 288 1683 ι
337 1636 470 1702 μὴν,
507 1633 602 1686 τοῦ
629 1633 870 1687 ἔκπαλαι
903 1634 1042 1686 κατὰ
1068 1635 1166 1702 τὴν
1211 1633 1346 1686 ἰδίαν
1375 1634 1533 1698 ἀξίαν
1562 1637 1624 1703 τῇ
1657 1635 1765 1686 τῶν

267 1742 285 1774 ι
332 1725 651 1779 ἐπισκόπων
674 1724 870 1797 γνώμῃ
893 1724 1399 1788 καταδικασθέντος,
1432 1725 1495 1776 τὸ
1531 1726 1765 1794 πρᾶγμα

269 1830 287 1861 ι
331 1814 435 1865 οὐκ
503 1809 652 1882 οἶμαι
687 1789 1027 1882 Ῠπαρεατέον
1061 1815 1128 1883 τῇ
1169 1813 1456 1883 πρεσϐείᾳ·
1508 1789 1614 1878 ἵνα,
1662 1789 1766 1865 Ἵέὰν
1796 1789 1838 1843 Β

270 1920 289 1953 ι
335 1904 504 1971 τυχὸν
554 1902 743 1956 τοῦτον
803 1903 952 1974 εὕροι
988 1905 1045 1955 ἔν
1078 1903 1311 1965 ἐκείνοις
1366 1905 1477 1966 τοῖς
1518 1906 1762 1975 μέρεσιν,

269 2011 287 2042 ι
333 1992 479 2047 ἔστω
539 1996 672 2066 πρὸς
731 1994 1006 2063 φροντίδος
1051 1993 1126 2064 τῷ
1171 1994 1319 2064 αὐτῷ
1354 1995 1568 2064 ἀδελφῷ
1612 1996 1767 2063 ἡμῶν

271 2102 289 2134 ι
337 2085 481 2155 ὑπὲρ
508 2088 605 2156 τῆς
634 2086 1101 2156 ὲκκλησιαστικῆς
1127 2087 1531 2153 καταστάσεως,
1560 2089 1636 2149 ὼς
1665 2091 1767 2158 χρὴ

271 2193 288 2224 ι
334 2177 432 2227 καὶ
453 2178 587 2228 ὅπου
618 2176 736 2242 ἐξὸν
775 2179 884 2246 εἴη,
912 2177 1032 2230 κατ’
1077 2179 1288 2230 ἐκείνου
1343 2178 1766 2248 διαπράξασθαι.

271 2283 290 2314 ι
349 2266 486 2319 Ἀπὸ
543 2267 760 2321 πάντων
825 2268 934 2320 τῶν
989 2270 1305 2323 ἐπισκόπων
1357 2270 1569 2340 ἐλέχθη·
1630 2272 1766 2323 Πολὺ

273 2374 290 2406 ι
337 2357 562 2426 ἀρέσκει
614 2357 706 2410 καὶ
762 2357 901 2424 αὕτη
955 2360 987 2426 ἠ
1041 2358 1483 2428 ἔξακολούθησις·
1535 2362 1766 2428 μάλιστα

273 2463 291 2492 ι
337 2444 421 2494 ὅτι
481 2445 714 2497 ἔκπαλαι
746 2445 1202 2500 καταδεδίκασται
1230 2450 1257 2500 ὁ
1286 2449 1446 2510 αὐτὸς
1495 2449 1767 2514 Αίκύτιος,

271 2553 290 2584 ι
338 2535 704 2600 καλήτούτου
755 2537 1110 2608 ἀναίσχυντος
1166 2538 1436 2607 ἀνησυχία
1489 2541 1628 2609 ὑπὲρ
1670 2541 1768 2608 τῆς

277 2643 293 2672 ι
341 2625 736 2688 καταστάσεως
796 2627 889 2678 καὶ
950 2627 1226 2697 σωτηρίας
1282 2628 1384 2696 τῆς
1449 2629 1768 2698 Ἐκκλησίας

273 2735 292 2764 σ
339 2716 544 2783 μᾶλλον
597 2718 689 2770 καὶ
750 2715 950 2786 μᾶλλον
1024 2719 1296 2788 πανταχοῦ
1375 2721 1768 2789 καταμαχητέα

276 2823 293 2852 ι
341 2803 513 2857 ἔστιν.
571 2805 680 2860 Καὶ
737 2805 1079 2876 ὑπέγραψαν·
1136 2809 1407 2877 Αὐρήλιος
1469 2811 1766 2872 ἐπίσκοπος

275 2912 292 2942 ι
339 2895 436 2962 τῆς
490 2897 547 2947 ἔν
605 2895 913 2966 Καρχηδόνι
945 2899 1234 2968 ἐκκλησίας
1269 2901 1344 2970 τῷ
1393 2902 1620 2971 παρόντι
1665 2904 1770 2971 ψη-

275 3004 292 3034 ι
343 2987 580 3056 φίσματι
635 2988 907 3057 συνῄνεσα
937 3027 952 3053 ,
1019 2993 1114 3043 καὶ⁵
1181 2993 1582 3057 ἁναγνωσθέντι
1631 2995 1766 3044 ὺπέ-

268 3094 286 3124 ‹
335 3079 548 3147 γραψα.
635 3077 870 3148 Ὁμοίως
945 3081 1037 3133 καὶ
1113 3081 1163 3133 οἱ
1236 3081 1413 3134 λοιποὶ
1477 3085 1765 3136 ἐπίσκοποι

271 3184 290 3217 ι
331 3166 674 3236 ὑπέγραψαν.
715 3186 734 3220 ι

265 3257 462 3311 ΒΑΛΣ.
512 3260 572 3311 ’0
622 3260 881 3323 Αίκύτιος
932 3262 1210 3332 καθῃρέθη
1268 3263 1360 3315 καὶ
1386 3264 1482 3331 οὐχ
1508 3263 1767 3332 ἡσύχαζε.

197 3347 364 3418 ὒησὶν
390 3344 484 3401 οὖν
511 3352 539 3401 ὁ
568 3350 859 3419 Αὐρήλιος,
889 3351 976 3404 ἵνα
1020 3354 1116 3404 ἐὰν
1155 3354 1451 3422 εὑρήσουσι
1504 3372 1693 3406 τουτον
1723 3357 1770 3405 oi

197 3441 594 3510 τοποτηρηταὶ,
618 3442 1003 3511 φροντίσωσιν,
1049 3445 1127 3506 ’ὡς
1172 3446 1420 3512 δύναμις,
1459 3444 1688 3513 ποιῆσαί
1717 3461 1769 3496 τι

199 3533 274 3593 τίς
301 3531 472 3602 τιμὴν
527 3533 625 3601 τῆς
682 3534 1146 3606 ὲκκλησιαστικῆς
1215 3540 1624 3599 καταστάσεως,
1684 3535 1770 3588 διὰ

194 3618 290 3670 τοῦ
328 3618 606 3687 παυθῆναι
639 3622 824 3676 αὐτόν.
872 3619 1039 3676 Εἶπον
1065 3624 1120 3677 δὲ
1151 3625 1239 3677 καὶ
1298 3626 1498 3687 πάντες
1541 3625 1615 3688 ὡς
1645 3624 1772 3693 ἀρέ-

198 3726 317 3762 σκει
351 3707 535 3764 τοῦτο.
583 3710 644 3764 ’1-1
673 3715 782 3781 γάρ
817 3713 988 3782 πολλὴ
1041 3716 1396 3784 ἀναισχυντία
1430 3718 1522 3768 καὶ
1551 3715 1771 3783 δχὶησις

193 3802 286 3854 τοῦ
306 3801 574 3853 Αίκυτίου
611 3803 978 3871 άντιμάχεται
1013 3805 1183 3868 αὐτῷ,
1219 3807 1466 3858 τουτέστι
1503 3807 1648 3857 ποιεῖ
1680 3807 1770 3857 καὶ

192 3893 385 3952 αὐτοὺς
421 3892 788 3961 ἀσυμπαθεῖς.

261 3975 507 4030 ΖΩΝΔΡ.
578 3977 636 4029 ’0
707 3980 958 4043 Αίκύτιος
1032 3983 1399 4052 κατεδικάσθη
1460 3987 1611 4054 παρά
1663 3985 1769 4038 τῶν

196 4071 515 4123 ἐπισκόπων
549 4074 642 4123 καὶ
669 4071 960 4141 ἐγυμνὼοη
987 4076 1083 4141 τῆς
1123 4075 1258 4134 ἰδίας
1293 4075 1467 4138 ἀξίας,
1501 4077 1620 4145 ἦτοι
1641 4078 1769 4128 καθ-

193 4161 366 4231 ῃρέθη
406 4177 420 4190 ·
456 4161 567 4212 ὁδὶ
600 4162 697 4229 οὐχ
746 4163 1040 4230 ἡσύχασεν,
1096 4161 1211 4212 ἀλλ’
1270 4163 1545 4232 ἐθορύϐει.
1603 4164 1768 4216 Φασὶν

193 4250 284 4305 οὖν
323 4255 405 4303 ὅτι
445 4253 684 4303 ἔκπαλαι
729 4252 1096 4321 κατεδικάσθη
1138 4254 1278 4305 κατά
1307 4254 1404 4321 τὴν
1435 4255 1571 4306 ἰδίαν
1592 4255 1766 4320 ἀξίαν,

194 4343 360 4413 ἠγουν
395 4343 473 4405 ὡς
505 4338 577 4411 ἦν
612 4341 783 4406 ἄξιος,
827 4341 920 4393 καὶ
955 4342 1015 4394 οὑ
1065 4341 1169 4412 χρὴ
1231 4343 1478 4410 παριδεῖν
1531 4343 1589 4394 τὸ
1641 4345 1771 4412 περὶ

2108 556 2124 588 ι
2157 539 2500 594 missionibus
2533 555 2650 608 quae
2676 542 2726 594 in
2754 542 2998 596 ecclesiis
3040 541 3193 599 fiunt.
3231 562 3251 596 ι

1940 626 2080 697 Lege
2109 636 2236 681 tunc
2274 628 2575 692 obtinente,
2613 639 2670 681 ιιι
2695 631 2836 684 servi
2869 633 3185 685 tnanutnissi
3233 631 3430 687 nullibi

1869 717 2173 774 libertatem
2205 719 2534 787 acciperem,
2562 719 2662 772 nisi
2694 720 2745 772 ιιι
2805 721 3189 788 imperatorum
3225 723 3430 792 cippis::

1867 810 2103 878 synodus
2177 810 2292 863 inec
2354 808 2561 878 legatos
2618 825 2735 864 ase
2789 811 2985 864 missos
3052 813 3428 881 imperatorem

1867 912 2029 952 orare
2086 898 2376 964 hortatur,
2444 909 2499 951 ttt
2558 901 3012 953 manumissiones
3083 901 3136 954 in
3190 903 3433 956 ecclesiis

1866 988 2021 1042 factae
2054 1003 2149 1056 per
2188 989 2344 1042 istam
2408 988 2577 1054 legent
2631 1004 2734 1042 non
2795 999 3202 1054 everterentur;
3241 993 3334 1045 sed
3379 1003 3436 1043 ιιι

1867 1079 1933 1133 iis
1965 1079 2178 1132 licentia
2237 1078 2368 1131 illud
2419 1075 2648 1132 faciendi
2685 1077 2971 1132 manifesto
3021 1063 3430 1135 comfederetur.

2392 1333 2617 1390 (ZANON
2677 1336 2907 1394 LXVIII.

1874 1443 1892 1476 ι
1929 1426 1998 1479 De
2036 1423 2252 1492 Equitio
2307 1425 2562 1493 episeopo
2612 1430 2985 1482 condemnato.
3017 1429 3266 1485 Aurelius
3315 1432 3432 1500 epi-

1950 1531 2190 1584 tseopus
2247 1515 2424 1569 dixit:
2484 1517 2683 1585 Equilii
2721 1529 3004 1588 prieterea,
3067 1536 3162 1588 pro
3216 1523 3427 1576 meritis

1960 1605 2332 1675 «jampridem
2385 1607 2678 1675 episcopali
2745 1609 3016 1664 sententia
3089 1611 3430 1665 condemnati

1952 1714 1969 1746 ι
2002 1698 2273 1765 negotium
2300 1712 2403 1750 non
2437 1699 2690 1752 existimo
2739 1713 2860 1754 esse
2920 1701 3173 1770 legationi
3208 1712 3430 1769 pra-ter-

1955 1804 1972 1835 ι
2003 1787 2324 1837 mittendum
2357 1803 2372 1842 :
2404 1788 2520 1840 utsi
2577 1803 2701 1840 eum
2749 1789 2889 1842 forte
2937 1791 2988 1842 in
3040 1791 3147 1844 illis
3182 1793 3428 1859 partibus

1963 1894 1979 1925 ι
2020 1876 2305 1940 invenerit,
2331 1891 2474 1930 cura:
2496 1877 2568 1930 sit
2599 1878 2697 1943 ipsi
2736 1879 2890 1932 fratri
2918 1890 3123 1943 nostro,
3164 1896 3262 1949 pro
3290 1891 3432 1934 statu

1955 1985 1972 2017 ι
2002 1967 2393 2032 ecclesiastico,
2433 1978 2487 2020 ιιι
2515 1980 2750 2038 oportet,
2775 1980 2828 2024 et
2860 1971 2946 2024 tibi
2982 1972 3215 2039 licuerit,
3248 1972 3438 2026 adver-

1951 2076 1969 2109 ι
2006 2073 2097 2112 ειιε
2147 2051 2294 2111 illum
2375 2073 2659 2129 peragere.
2718 2061 2800 2116 Ab
2848 2063 3101 2118 omnibus
3161 2063 3435 2133 episcopis

1956 2167 1974 2199 t
2005 2150 2206 2203 dictum
2242 2161 2344 2214 est,
2395 2151 2616 2206 Multum
2669 2153 2844 2222 placet
2890 2155 3004 2207 haec
3049 2169 3261 2223 quoque
3309 2169 3439 2208 con-

1961 2257 1978 2290 ι
2009 2244 2285 2309 sequentia
2311 2260 2325 2297 :
2355 2246 2589 2296 maxime
2615 2245 2740 2311 quia
2766 2245 2878 2313 jam
2905 2245 3030 2298 olitu
3052 2246 3442 2299 condemnatus

1964 2352 1982 2381 ι
2011 2344 2094 2385 est
2131 2334 2217 2386 hic
2239 2332 2508 2402 Equitius,
2541 2347 2593 2388 et
2630 2336 2914 2404 impudens
2941 2337 3060 2405 ejus
3091 2336 3427 2405 inquiettttlo,

1971 2441 1988 2472 ι
2028 2438 2126 2491 pro
2151 2432 2292 2477 statu
2325 2435 2376 2477 et
2426 2426 2597 2479 salute
2641 2427 2918 2492 Ecclesiae,
2952 2429 3120 2496 magis
3160 2437 3213 2480 et
3265 2427 3441 2494 magis

1956 2536 1973 2567 t
2013 2521 2211 2586 ubique
2259 2530 2339 2571 est
2390 2521 2772 2588 oppugnanda.
2835 2519 2900 2573 Et
2954 2521 3438 2589 subscripserunt:

1965 2625 1981 2655 ι
2020 2608 2271 2661 Aurelius
2332 2609 2620 2677 cpiscopus
2682 2609 3134 2679 Carthaginensis
3202 2608 3444 2660 ecclesia:

1967 2715 1984 2747 ι
2019 2698 2264 2764 praesenti
2285 2699 2516 2752 decreto
2546 2701 2818 2765 consensi,
2854 2711 2908 2752 et
2945 2699 3080 2753 lecto
3117 2699 3436 2768 subscripsi.

1961 2808 1979 2839 ι
2012 2787 2273 2842 Similiter
2297 2799 2349 2843 et
2387 2789 2582 2859 reliqui
2629 2792 2867 2860 episcopi
2921 2792 3372 2860 subscripserunt.
3417 2808 3438 2844 ι

1946 3272 2136 3326 BALS.
2182 3272 2430 3341 eqtitius
2477 3273 2575 3326 fuit
2614 3273 2912 3342 inpositus,
2974 3285 3026 3328 et
3071 3290 3175 3328 non
3213 3276 3439 3345 quievit.

1873 3360 2015 3416 Dicit
2039 3378 2167 3431 ergo
2201 3364 2474 3427 Aurelius,
2507 3364 2649 3432 quod
2693 3365 2738 3417 si
2767 3379 2890 3418 eum
2921 3363 3080 3435 legati
3118 3368 3442 3429 invenerint,

1873 3461 2086 3514 curent,
2114 3462 2169 3503 ut
2202 3461 2449 3518 possunt,
2477 3453 2676 3521 aliquid
2714 3468 2873 3522 agere
2901 3455 2952 3508 in
2990 3456 3253 3510 honorent
3271 3467 3444 3510 status

1871 3541 2246 3605 ecclesiastici,
2279 3557 2400 3595 eum
2434 3557 2650 3597 cessare
2679 3544 2952 3600 faciendo.
2979 3545 3241 3600 Dixerunt
3266 3559 3441 3599 autem

1873 3648 2061 3686 omnes
2089 3634 2187 3685 huc
2221 3635 2299 3687 eis
2319 3634 2554 3702 placere.
2610 3634 2767 3689 Multa
2820 3638 2965 3690 enim
3019 3640 3346 3707 impudentia
3384 3650 3440 3689 et

1874 3725 2025 3774 tut-ba
2052 3723 2318 3791 Equitiici
2353 3725 2690 3787 adversatur,
2742 3725 2843 3779 hoc
2901 3737 3001 3792 est,
3051 3727 3185 3782 facit
3233 3742 3289 3780 ut
3330 3728 3433 3796 ipsi

1873 3815 2014 3868 nulla
2043 3815 2160 3881 ejus
2200 3815 2569 3868 misericordia
2608 3826 2941 3869 moveantur.

1945 3990 2192 4045 ZONAR.
2223 3991 2471 4058 Equitins
2499 3994 2565 4045 ab
2604 3995 2876 4062 episcopis
2931 3997 3343 4066 condemnatus,
3376 4016 3440 4051 ac

1872 4082 2134 4149 dignitate
2167 4098 2258 4134 sua
2290 4084 2578 4151 spoliatus,
2631 4086 2733 4138 hoc
2765 4097 2873 4149 εει,
2919 4087 3256 4154 depositione
3302 4095 3444 4143 tnui-

1873 4182 2016 4228 tatus
2043 4172 2272 4225 fuiLIlle
2305 4189 2432 4226 vero
2457 4175 2727 4242 inquietus
2759 4186 2950 4229 cuncta
2983 4180 3210 4232 tumultu
3247 4183 3441 4234 misce-

1871 4262 1980 4316 bat.
2016 4260 2148 4314 Etttn
2191 4263 2354 4328 igitur
2380 4263 2493 4331 jam
2524 4264 2677 4328 olim,
2714 4274 2772 4315 ut
2823 4269 3170 4322 commeritus
3227 4270 3428 4334 fuerat,

1872 4351 2188 4403 damnatum
2213 4350 2381 4404 fuisse
2406 4365 2674 4420 asserunt,
2703 4369 2874 4422 neque
2909 4370 3032 4409 vero
3057 4357 3226 4424 ipsius
3274 4376 3439 4427 nego-

195 4435 357 4486 αὑτοῦ
397 4433 657 4502 πρᾶγμα,
688 4433 858 4501 ἧγουν
915 4433 1039 4502 περὶ
1095 4431 1261 4484 αὑτοῦ
1293 4433 1492 4500 πρᾶξιν
1539 4435 1633 4486 καὶ
1664 4435 1763 4502 τὴν

1873 4441 1966 4504 tia,
2005 4442 2104 4494 hoc
2129 4451 2230 4503 est,
2256 4444 2522 4494 actionem
2565 4455 2618 4496 et
2644 4457 2858 4496 causam
2894 4445 3062 4512 ipsius
3114 4461 3232 4500 esse
3270 4455 3437 4517 negti-

196 4523 472 4588 ὑπόθεσιν,
502 4522 620 4575 ἀλλ’
650 4522 994 4574 ἐντείλασθαι
1045 4520 1123 4591 τῷ
1172 4521 1512 4590 στελλομένῳ
1544 4524 1661 4575 ἐκεῖ
1685 4524 1763 4584 είς

198 4613 515 4682 πρεσϐείαν,
540 4613 635 4663 ἐὰν
670 4609 806 4681 εὕρῃ
860 4611 1020 4664 αὑτὸν
1054 4614 1111 4664 ὲν
1147 4611 1374 4674 ἐκείνοις
1413 4615 1522 4674 τοῖς
1550 4613 1764 4682 μέρεσι,

199 4704 283 4757 διὰ
317 4705 605 4775 φροντίδος
653 4703 904 4772 ποιῆσαι,
960 4704 1034 4766 ὡς
1086 4703 1334 4770 δύναται,
1400 4703 1519 4757 κατ’
1555 4705 1764 4756 ἐκείνου

203 4798 444 4867 χωρῆσαι
505 4795 648 4862 ὑπὲρ
693 4792 795 4862 τῆς
846 4793 1309 4862 ἔκκλησιαστικῆς
1351 4795 1761 4859 καταστάσεως,

202 4888 283 4939 ἵνα
309 4889 384 4957 μή
414 4904 498 4949 τις
520 4873 736 4955 ταραχὴ
763 4883 823 4948 ἐξ
851 4885 1058 4938 ἐκείνου
1080 4887 1146 4954 τῇ
1190 4884 1484 4955 Ἐκκλησία
1518 4887 1760 4956 γένηται.

209 4976 269 5030 Ἦ
298 4981 406 5046 γάρ
434 4976 627 5030 τούτου
649 4976 1025 5045 ἀναίσχυντος,
1064 4977 1246 5045 φασὶν,
1282 4978 1574 5048 ἀνησυχία,
1601 4995 1764 5031 τουτ-

201 5067 308 5122 έστι
361 5069 423 5120 τὸ
472 5069 548 5138 μὴ
589 5067 765 5120 θέλειν
832 5067 993 5120 αὑτὸν
1046 5067 1280 5136 ἡσυχίαν
1339 5069 1495 5135 ἄγειν
1525 5068 1582 5130 ἐξ
1612 5073 1766 5120 ἀναι-

203 5158 468 5226 σχυντίας,
534 5157 738 5225 μᾶλλον
787 5158 1140 5225 καὶμᾶλλον,
1176 5158 1294 5208 ἀντὶ
1346 5157 1441 5209 τοῦ
1481 5158 1764 5222 πλειόνως,

202 5249 610 5318 καταμαχητέα,
658 5249 826 5317 ἤγουν
881 5247 1233 5300 ἀνθίστασθαι
1288 5249 1437 5318 αὐτῷ
1496 5251 1764 5302 καὶάντι-

201 5341 451 5407 πράττειν
483 5337 655 5402 ἄξιον.

201 5431 412 5484 ΔΡΙΣΤ.
486 5448 507 5482 ι
595 5431 852 5492 Αἰκύτιος
931 5430 1160 5484 ἔκπαλαι
1221 5432 1640 5496 καταδικασθεὶς
1695 5438 1757 5505 τῇ

271 5539 287 5571 ι
330 5522 436 5576 τῶν
495 5524 817 5575 ἐπισκόπων
863 5522 1079 5595 γνώμῃ,
1131 5526 1225 5577 καὶ
1282 5529 1760 5595 καταναισχυντῶν

272 5630 289 5662 ι
334 5613 471 5682 ὑπὲρ
501 5613 602 5678 τῆς
663 5613 1128 5686 ἑκκλησιαστικῆς
1187 5617 1600 5683 καταστάσεως,
1659 5638 1761 5690 μα-

271 5719 289 5754 ι
330 5706 517 5775 γητέος
552 5704 716 5758 ἔστω.
754 5723 774 5756 ι

1870 4533 2119 4601 gendum,
2156 4531 2253 4585 sed
2288 4533 2357 4597 ei,
2393 4532 2486 4599 qui
2545 4532 2753 4599 legatus
2789 4534 2840 4585 in
2892 4534 3009 4588 illas
3065 4549 3190 4589 oras
3255 4541 3433 4604 profc-

1868 4633 2058 4676 cturus
2098 4631 2200 4686 est,
2235 4623 2676 4691 praecipiendum,
2709 4635 2780 4693 ptt
2828 4625 2870 4678 si
2929 4627 3201 4681 hominem
3253 4630 3305 4681 in
3371 4631 3438 4686 iis

1868 4715 2176 4781 regionibus
2209 4715 2498 4779 invenerit,
2529 4717 2675 4770 omni
2721 4717 2896 4771 studio
2931 4729 2983 4772 et
3015 4716 3211 4773 cona’tu
3245 4733 3434 4775 contra

1870 4805 2015 4858 illum
2047 4821 2142 4873 pro
2172 4805 2543 4860 ecclesiastica
2588 4809 2976 4874 tranquillitate
3004 4820 3222 4879 pugnet,
3274 4813 3436 4881 602

1869 4910 1934 4947 ne
1964 4894 2086 4961 quis
2119 4895 2185 4947 ab
2219 4907 2284 4947 eo
2320 4894 2370 4946 itt
2408 4894 2651 4949 Ecclesia
2687 4888 2949 4951 "tumultus
3012 4900 3258 4954 exsistat.
3299 4902 3430 4955 Cum

1867 4984 2011 5036 ettitn
2062 4982 2228 5046 illius,
2296 4984 2563 5051 inquiunt,
2621 4987 2915 5056 irrequieta
2951 4989 3024 5041 sit
3077 4990 3434 5060 impudentia,

1866 5072 1969 5127 hoc
1992 5084 2096 5138 est,
2114 5087 2235 5127 cum
2256 5084 2475 5141 propter
2494 5075 3136 5144 ιιηριιιιειιιὶαιιῃιιιξειεηι
3156 5094 3313 5148 agere
3331 5097 3433 5133 nu-

1873 5167 1971 5231 lit;
2009 5173 2158 5217 tanto
2190 5165 2360 5233 magis
2385 5164 2542 5218 nobis
2591 5165 2898 5220 faciendum
2969 5178 3072 5232 est,
3120 5179 3178 5222 ut
3242 5180 3430 5223 contra

1866 5272 1989 5309 eum
2022 5270 2338 5325 pugnemus,
2374 5256 2473 5309 ltoe
2533 5267 2615 5311 est
2663 5258 2736 5310 illi
2795 5259 3143 5321 obsistamus,
3211 5260 3432 5331 ejusque

1863 5347 2147 5400 conatibus
2191 5345 2555 5416 refragemur.

1862 5435 2090 5491 ARIST.
2130 5456 2146 5488 ι
2179 5437 2426 5506 Equitius
2452 5439 2775 5510 jampridem
2811 5440 3190 5509 episc0porum
3221 5440 3436 5510 judicio

1948 5547 1966 5579 ι
2014 5530 2429 5598 condemnatus,
2468 5541 2523 5587 et
2571 5533 2912 5602 impudenter
2971 5547 3029 5587 se
3063 5546 3251 5602 gerens
3293 5548 3423 5586 cmi.

1953 5641 1972 5673 l
2013 5631 2092 5674 tra
2117 5623 2540 5680 ecclesiasticam
2589 5624 3063 5680 constitutionem.
3112 5638 3431 5695 oppugnati-

1947 5741 1965 5774 ι
1998 5722 2094 5778 dus
2117 5730 2217 5776 cst.
2246 5739 2263 5771 ι
