4000 6478
536 326 642 392 259

537 539 642 592 tus,
673 529 718 582 si
745 543 803 582 se
824 527 1015 594 injuria
1041 529 1288 581 affectum
1319 527 1545 594 judicat,
1592 529 1656 580 ad
1709 529 1969 595 majorem
2001 545 2061 597 sy

535 622 729 674 nodum
764 620 1028 687 appellare
1073 619 1250 672 debet.
1278 618 1380 670 Sed
1408 618 1750 686 impudenter
1791 633 1850 672 se
1875 633 2082 686 gerere,

532 718 584 760 et
613 709 973 761 sacerdotium
1008 709 1241 762 retinere
1265 724 1385 761 cum
1447 709 1773 763 auctoritate
1804 719 1856 763 ct
1895 711 1942 762 vi
2000 725 2095 763 co-

536 800 674 862 nari,
709 798 841 850 nihil
865 797 1010 850 aliud
1046 806 1318 864 estquam
1377 800 1762 852 ecclesiastica:
1825 799 2094 851 constitu-

537 889 664 941 tioni
706 905 1040 956 oppugnare.
1093 888 1201 942 line
1237 892 1416 957 itaque
1477 890 1682 942 faciens
1737 899 1788 942 et
1857 889 2099 956 Equitius

538 981 633 1031 iste
664 981 935 1032 cathedrae
962 978 1318 1046 llippouensis
1349 980 1656 1047 episcopus,
1717 989 1836 1046 post
1889 981 2102 1045 cpisco-

536 1083 722 1131 perum
748 1069 1066 1120 sententiam
1114 1080 1302 1122 eoatra
1341 1084 1463 1120 cum
1499 1069 1682 1131 latam,
1729 1081 1786 1122 ιιι
1849 1069 2102 1122 ecclesia-

539 1143 683 1209 stica:
713 1157 1086 1210 constitutioni
1114 1161 1454 1213 adversarius
1482 1160 1752 1226 judicatus
1815 1171 1897 1212 est

1124 1333 1271 1383 Actio
1311 1341 1521 1397 quarta.

551 1437 567 1468 ι
608 1419 658 1471 in
694 1419 792 1472 hoc
842 1431 1106 1474 conventu
1167 1424 1296 1476 let-ta
1348 1425 1615 1476 Anastasii
1669 1438 1818 1492 papae
1871 1423 2100 1477 Romani

1785 325 2055 385 THEOD.
2101 328 2496 387 B.-\LS.\.\10N

610 439 902 508 EpiscOpus
925 443 1312 491 condemnatus
1359 439 1425 489 ob
1461 436 1712 500 crimina,
1778 447 1831 490 ct
1883 439 2094 506 dcposi-
2132 446 2169 498 Α

3675 325 3804 388 200

2274 441 2710 504 Καταδικασθεὶς
2766 441 3065 505 ἐπίσκοπος
3113 443 3201 494 ἐπ’
3265 444 3607 512 ἐγκλήμασι,
3677 444 3794 494 καὶ

2208 529 2580 596 καθαιρεθεὶς,
2632 535 2678 582 εἰ
2747 533 2918 584 οἴεται
2967 533 3293 595 ἀδικεῖσθαι,
3352 533 3489 602 πρὸς
3545 531 3804 601 μείζονα

2204 620 2420 671 σύνοδον
2471 620 2822 672 ἐκκαλεῖσθαι
2877 621 3104 690 ὀφείλει·
3155 623 3214 675 τὸ
3256 623 3312 674 δὲ
3367 622 3806 689 ἀναισχυντεῖν,

2200 710 2289 760 καὶ
2315 709 2412 778 τὴν
2466 709 2770 779 ἱερωσύνην
2826 712 3081 763 σπεύδειν
3136 711 3386 779 κατέχειν
3442 709 3811 768 αύθεντικῶς

2200 802 2293 853 καὶ
2327 802 2542 868 βιαίως,
2589 802 2743 853 οὐδέν
2793 819 2844 853 τι
2875 803 3002 855 ἄλλο
3035 804 3184 855 ἐστὶν
3209 803 3242 870 ἢ
3280 802 3342 852 τὸ
3375 799 3810 868 ἀντιμάχεσθαι

2202 895 2266 961 τῇ
2300 894 2730 963 ἐκκλησιαστικῇ
2761 895 3120 946 καταστάσει.
3176 894 3350 945 Τοῦτο
3381 892 3512 959 γοῦν
3541 894 3809 959 ποιήσας

2205 981 2346 1030 καὶὸ
2389 979 2643 1041 Αίκύτιος
2706 974 2881 1046 οὗτος,
2941 986 3039 1050 τῆς
3106 985 3168 1033 ἐν
3223 981 3451 1033 Ὶππῶνι
3509 980 3812 1046 καθέδρας

2203 1068 2521 1132 ἐπίσκοπος,
2553 1073 2688 1137 μετὰ
2726 1071 2821 1140 τὴν
2854 1073 2973 1123 κατ’
3031 1073 3196 1124 αὑτοῦ
3257 1071 3636 1138 ἐξενεχθεῖσιν
3671 1069 3815 1138 κρι-

2215 1172 2298 1207 σιν
2331 1157 2438 1208 τῶν
2468 1159 2782 1211 ἐπισκόπων
2810 1162 2883 1222 ὠς
2921 1161 3160 1222 ἐναντίος
3191 1160 3382 1228 ἐκρίθη
3434 1159 3533 1227 τῆς
3576 1157 3818 1225 ἐκκλη-

2212 1246 2499 1312 σιαστικῆς
2531 1248 2937 1309 καταστάσεως.

2721 1341 2942 1408 Πρᾶξις
2987 1341 3259 1410 τετάρτη.

2211 1448 2230 1479 σ
2286 1430 2374 1482 Ἐν
2420 1434 2594 1504 ταῦτῃ
2657 1437 2722 1503 τῇ
2781 1431 3089 1486 συνελευσει
3152 1431 3594 1499 ἀναγνωσθείσης
3662 1432 3817 1484 ἐπι-

638 1530 654 1558 ι
690 1513 933 1579 epistola,
967 1515 1030 1566 de
1062 1514 1356 1568 DanatiStis
1391 1519 1454 1567 at
1487 1515 1748 1584 synodum
1784 1518 2008 1584 scripta,
2044 1527 2102 1567 ut

629 1620 642 1649 ι
677 1601 778 1669 ipsi
804 1604 1152 1670 recipiantur,
1179 1616 1231 1658 et
1277 1606 1569 1657 clementer
1601 1621 1724 1658 cum
1764 1606 1828 1658 iis
1881 1619 2092 1674 agatur,

624 1708 642 1739 ι
677 1689 864 1744 Patres
888 1691 994 1744 Deo
1016 1699 1070 1744 et
1128 1708 1276 1759 papze
1347 1694 1547 1758 gratias
1592 1694 1844 1761 agebant.
1897 1697 1949 1747 In
2001 1698 2098 1748 huc

621 1798 639 1829 ι
680 1781 909 1833 concilio
930 1781 1175 1848 leguntur
1200 1783 1387 1834 littera:
1407 1784 1674 1836 Anastasii
1700 1784 2104 1852 papzeﬂomani,
2142 1772 2182 1824 Β

2350 1525 2543 1594 στολῆς
2597 1527 2691 1578 τοῦ
2758 1527 2956 1580 πάππα
2990 1526 3206 1596 Ῥώμης
3245 1526 3596 1578 Ἀναστασίου
3649 1526 3821 1591 πρὶς

2356 1611 2454 1678 τὴν
2484 1613 2700 1666 σύνοδον
2727 1617 2854 1681 περ)⁸
2881 1617 2988 1667 τῶν
3015 1615 3376 1678 Δονατιστῶν,
3417 1615 3558 1668 ὥστε
3583 1613 3822 1674 αὐτοὺς

2348 1704 2596 1772 δέχεσθαι
2619 1710 2712 1759 καὶ
2746 1709 2924 1774 ἠπίως
2948 1710 3127 1768 αὐτοῖς
3161 1706 3589 1776 προσφέρεσθαι,
3615 1706 3823 1772 ηὐχα-

2360 1797 2618 1863 ρίστησαν
2642 1801 2685 1848 οἱ
2718 1799 2956 1867 Πατέρες
2983 1799 3058 1866 τῷ
3083 1797 3199 1866 Θεῷ
3227 1798 3320 1850 καὶ
3347 1798 3423 1864 τῷ
3453 1799 3681 1863 πάππα.
3705 1795 3818 1845 Ἐν

629 1887 646 1917 ι
683 1869 745 1920 de
771 1869 1063 1921 Donatistis
1085 1871 1390 1923 Cathnlieos
1421 1872 1702 1938 episcopos
1721 1873 2094 1926 admonentes.

623 1975 639 2005 ι
681 1956 793 2008 Sub
823 1955 1102 2010 Vincentio
1131 1967 1182 2009 ct
1217 1958 1402 2010 Flavio
1425 1959 1742 2012 clarissimis
1765 1961 2105 2021 consulibus,

624 2064 640 2094 ι
674 2047 847 2099 idibus
880 2045 1232 2114 Septembris,
1273 2046 1598 2115 Carthagine
1646 2049 1698 2100 in
1737 2059 1952 2103 secreto
2001 2049 2107 2103 lte-

621 2155 636 2186 ι
674 2137 876 2189 stitutae
925 2136 1190 2200 ecciesim,
1249 2139 1312 2190 ad
1366 2141 1630 2208 synodum
1694 2143 2002 2209 congregati
2054 2153 2106 2192 et

625 2243 641 2274 ι
676 2225 1026 2291 praesidentes
1077 2240 1140 2277 ex
1209 2227 1459 2279 omnibus
1505 2227 1554 2277 in
1589 2227 1768 2280 Africa
1821 2230 2106 2294 provinciis

626 2335 642 2365 ι
681 2317 940 2393 episcopi,
973 2318 1073 2371 hoc
1102 2328 1205 2382 est,
1237 2318 1493 2371 Aurelius
1517 2320 1754 2386 ejusdem
1817 2323 1961 2375 sedis
1990 2323 2103 2388 epi-

635 2423 651 2454 ι
690 2419 884 2472 scopus
913 2420 1033 2460 cum
1061 2407 1175 2459 suis
1207 2405 1598 2469 familiaribus,
1633 2422 1772 2474 quos
1789 2424 1881 2461 sua
1912 2410 2110 2462 indit-at

630 2513 647 2542 ι
680 2495 1031 2561 subscriptio,
1080 2495 1248 2548 dixit:
1318 2495 1498 2549 Lectis
1558 2497 1757 2550 litteris
1813 2499 2106 2552 beatissimi

628 2601 644 2631 ι
683 2581 866 2636 fratris
896 2591 950 2636 et
985 2583 1397 2636 consacerdotis
1448 2583 1617 2636 nostri
1669 2586 1969 2650 Anastasii,
2003 2586 2108 2639 lto-

630 2693 647 2724 ι
683 2690 963 2726 manorum
993 2675 1243 2728 Ecilesiae
1265 2675 1526 2744 episcopi,
1564 2692 1659 2744 per
1679 2692 1811 2744 quas
1836 2676 2106 2740 fraternis,

617 2781 633 2811 ι
679 2762 760 2815 vel
779 2764 957 2831 potius
988 2775 1243 2831 paternre,
1279 2765 1582 2818 dilectionis
1627 2779 1752 2817 cura
1799 2778 1850 2819 et
1881 2768 2108 2819 sinceri-

628 2872 645 2900 ι
685 2862 793 2905 tate
833 2868 933 2906 nos
959 2852 1275 2906 adhortatus
1324 2865 1424 2916 cst,
1463 2865 1519 2906 ut
1551 2855 1614 2907 de
1633 2856 2003 2907 haereticorum
2058 2864 2108 2906 ct

629 2958 647 2989 ι
684 2941 1154 2994 scbismaticorum
1221 2952 1274 2994 ct
1325 2943 1724 2994 Donatistarum
1785 2943 1992 2995 insidiis
2047 2956 2099 2994 et

630 3049 647 3077 σ
692 3029 1047 3096 impudentia,
1083 3045 1204 3096 qua:
1235 3032 1284 3082 in
1318 3032 1563 3082 universa
1592 3032 1840 3082 Afrorum
1881 3032 2098 3095 regione

631 3137 647 3166 ι
692 3119 1012 3172 catholicam
1087 3119 1381 3172 Ecclesiam
1445 3121 1682 3187 grat'iter
1729 3120 2099 3187 depopulatur,
2131 3084 2170 3134 Ω

621 3229 635 3253 ι
682 3210 992 3278 nullomodo
1043 3211 1478 3274 dissimulcmus;
1533 3211 1732 3276 gratias
1772 3212 1978 3277 agimus
2011 3210 2112 3260 Dcn

615 3319 630 3346 ι
668 3300 894 3354 Domino
935 3309 1137 3362 nostro,
1183 3301 1465 3369 quodpiam
1519 3305 1657 3354 hanc
1713 3315 1895 3353 curam
1941 3302 2110 3367 inspi-

617 3409 634 3438 ι
677 3405 795 3443 rare
821 3391 1071 3458 dignatus
1089 3393 1181 3455 sit,
1205 3392 1656 3444 excellentissimo
1676 3404 1726 3443 et
1755 3391 2102 3444 sanctissimo

627 3498 646 3530 ι
682 3480 800 3546 ejus
830 3481 1094 3532 sacerdoti
1139 3495 1233 3546 pro
1273 3480 1530 3532 membris
1563 3479 1765 3532 Christi
1795 3495 1810 3543 ;
1843 3492 1961 3547 quae
2011 3482 2108 3531 etsi

633 3569 733 3618 uin
793 3568 1020 3620 diversis
1078 3566 1294 3634 quidem
1350 3577 1506 3620 terrae
1561 3569 1842 3634 partibus,
1895 3567 1945 3618 in
1991 3581 2094 3617 una

634 3673 656 3703 ε
691 3665 864 3708 tamen
900 3654 1144 3723 corporis
1197 3669 1453 3723 compage
1480 3664 1532 3708 et
1571 3653 1850 3706 harmonia
1905 3655 2104 3707 consti-

627 3760 646 3792 ι
681 3752 792 3794 tuta
823 3752 969 3795 sunt.
1007 3760 1024 3792 ι

1090 4257 1172 4311 CA
1185 4256 1321 4311 NON
1363 4256 1546 4310 LXIX.

613 4352 675 4406 Ut
704 4365 824 4404 cum
861 4347 1159 4403 Donaitstis
1183 4349 1476 4401 clementer
1503 4355 1714 4414 agatur.
1758 4345 1946 4399 Postea
1988 4358 2098 4397 tra-

613 4461 630 4490 ι
672 4440 834 4492 etatis
868 4446 924 4491 et
961 4438 1315 4491 consideratis
1375 4438 1646 4497 omnibus,
1685 4450 1803 4501 qua:
1845 4437 1910 4487 ad
1955 4436 2103 4488 utili-

631 4549 648 4580 ι
688 4540 849 4582 tatem
878 4528 1298 4582 ecclesiasticam
1331 4540 1655 4578 concurrere
1709 4525 1978 4588 videntur,
2007 4539 2092 4576 an-

622 4641 640 4669 ι
677 4629 876 4671 nuente
949 4627 1002 4670 et
1061 4618 1356 4683 inspirante
1410 4614 1592 4666 divino
1654 4614 1876 4680 Spiritu,
1942 4614 2108 4665 satius

627 4728 643 4758 ι
679 4723 797 4760 esse
830 4692 1078 4758 duximus
1111 4721 1236 4757 cunt
1276 4704 1598 4756 memoratis
1632 4702 1941 4754 hominibus
1974 4704 2104 4754 leni-

649 4817 664 4847 ι
705 4810 784 4850 ter
813 4807 867 4848 ct
919 4798 1139 4862 patrium
1185 4810 1365 4862 agere,
1417 4795 1623 4847 etiamsi
1685 4781 1969 4844 maxitnea
2003 4791 2106 4843 Do-

634 4909 650 4939 ι
692 4890 873 4942 minici
904 4889 1148 4955 corporis
1179 4888 1379 4938 unione
1410 4886 1646 4952 inquieta
1680 4884 2023 4936 dissensione
2049 4899 2106 4935 se

617 4997 633 5027 ι
675 4980 1025 5039 abscindunt;
1060 4986 1426 5045 ut,_quantum
1454 4974 1612 5025 estin
1657 4974 1834 5034 nobis,
1858 4973 2108 5024 omnibus

627 5092 642 5121 ι
681 5072 898 5122 οιιιιιὶιιο
930 5082 1110 5120 notua:
1140 5071 1226 5131 sit,
1262 5067 1350 5134 qui
1385 5065 1594 5117 illorum
1629 5066 2006 5115 communione
2047 5075 2102 5114 et

624 5159 1045 5213 «familiaritate
1095 5168 1218 5211 sunt
1257 5157 1448 5211 irretiti
1512 5156 1563 5208 in
1617 5155 1866 5205 omnibus
1917 5153 2108 5205 Africae

628 5274 642 5304 ι
684 5251 1000 5322 provinciis,
1047 5266 1205 5319 quam
1249 5259 1374 5302 sunt
1403 5246 1700 5301 miserabili
1755 5259 1940 5298 errore
1989 5244 2101 5294 illa-

623 5362 640 5392 ι
678 5342 852 5406 queati
885 5357 899 5390 :
927 5340 1084 5403 forte,
1118 5352 1175 5390 ut
1210 5337 1340 5390 dicit
1371 5335 1664 5406 apostolus,
1686 5334 1837 5387 nobis
1869 5333 1920 5384 in
1953 5347 2104 5384 man-

634 5452 650 5482 ι
686 5431 965 5484 suetudine
996 5428 1454 5498 congregantibus
1489 5443 1600 5491 eos,
1625 5425 1712 5494 qui
1748 5428 1958 5479 diversa
1981 5439 2107 5477 sen-

629 5545 644 5574 ι
682 5525 836 5583 tiunt,
869 5521 1013 5573 dabit
1041 5522 1118 5574 eis
1161 5519 1533 5588 pcenitentiam
1589 5521 1651 5570 ad
1711 5515 2106 5585 agnoscendam

628 5633 644 5663 ι
680 5615 978 5675 veritatem,
1045 5622 1206 5676 etut,
1268 5611 1359 5681 qui
1417 5611 1612 5664 diaboli
1672 5609 1880 5675 laqueis
1947 5608 2101 5677 capti

621 5723 636 5754 ι
677 5713 822 5769 sunt,
849 5704 912 5756 ab
932 5704 1044 5773 ipso
1070 5705 1134 5758 ad
1168 5704 1280 5772 ejus
1329 5705 1655 5758 voluntatem
1695 5703 2047 5755 deducantur.
2084 5721 2098 5748 ι

2348 1970 2701 2024 Ἀναστασίου
2732 1973 2825 2024 τοῦ
2877 1974 3065 2042 ἱερέως
3103 1974 3340 2042 Ῥώμης,
3390 1974 3657 2042 περὶτῶν
3695 1975 3780 2022 Ar.

2352 2062 2614 2113 νατιστῶν
2694 2063 3180 2131 ὑπομιμνήσκοντα
3259 2065 3384 2125 τοὺς
3460 2064 3817 2124 καθολικοὺς

2355 2154 2706 2214 ἐπισκόπους.
2772 2155 2892 2204 Ἐπὶ
2925 2154 3196 2208 Βεκεντίου
3247 2157 3339 2206 καὶ
3387 2153 3623 2205 Φλαὸίου
3679 2154 3816 2204 τῶν

2347 2241 2744 2312 λαμπροτάτων
2800 2245 3018 2295 ὑπάτων
3062 2244 3218 2308 εἰδοῖς
3267 2243 3674 2312 Σεπτεμϐρίαις
3738 2244 3815 2294 ἐν

2354 2331 2657 2398 Καρχηδόνι
2727 2333 2804 2392 είς
2852 2333 2910 2383 τὸ
2948 2333 3221 2401 σήκρητον
3268 2333 3366 2400 τῆς
3405 2331 3814 2399 Ῥεστιτούτης

2353 2421 2642 2488 ἐκκλησίας
2677 2423 2809 2491 πρὸς
2859 2423 3074 2474 σύνοδον
3131 2423 3484 2491 συναχθέντες
3513 2424 3608 2474 καὶ
3653 2437 3814 2488 προ-

2294 2529 2309 2559 ι
2359 2512 2675 2574 καθίσαντες
2711 2514 2759 2564 οί
2787 2515 2849 2564 ἐκ
2887 2513 3074 2564 πασῶν
3112 2513 3218 2563 τῶν
3255 2515 3311 2564 ἐν
3349 2514 3582 2580 Ἀφρικῇ
3610 2512 3812 2578 ἐπαρ-

2287 2621 2302 2651 ι
2350 2603 2481 2670 χιῶν
2549 2604 2862 2666 ἐπίσκοποι,
2904 2603 3047 2655 τοῦτ’
3095 2603 3241 2654 ἔστιν
3291 2601 3556 2670 Αὐρήλιος
3611 2604 3641 2651 ὁ
3693 2599 3813 2652 τοῦ

2290 2711 2305 2740 ι
2352 2693 2516 2744 αὐτοῦ
2539 2694 2727 2761 θρόνου
2753 2695 3050 2755 ἐπίσκοπος
3077 2694 3215 2762 μετὰ
3234 2693 3342 2744 τῶν
3361 2693 3564 2759 ἐτέρων
3587 2691 3810 2755 αὑτοῦ,

2291 2803 2306 2833 ι
2355 2784 2445 2845 οὓς
2491 2785 2640 2854 δηλοί
2671 2788 2902 2853 ἡ.οἱκεία
2935 2786 3247 2853 ὑπογραφὴ,
3293 2779 3464 2834 εἶπεν·
3513 2783 3813 2847 Ἀναγνω-

2289 2896 2303 2926 ι
2352 2875 2584 2930 σθέντων
2641 2877 2983 2946 γραμμάτων
3024 2875 3118 2925 τοῦ
3168 2874 3590 2942 μακαριωτάτου
3631 2874 3813 2924 ἀδελ-

2288 1899 2302 1926 ι
2348 1881 2514 1948 ταύτῃ
2569 1885 2632 1950 τῇ
2701 1883 2899 1950 συνόδῳ
2945 1883 3247 1951 γράμματα
3317 1881 3817 1948 ἀναγινώσκονται

2287 2348 2303 2377 (

2287 2989 2302 3018 ι
2355 2969 2455 3033 φοῦ
2493 2971 2586 3020 καὶ
2622 2970 2910 3037 συνιερέως
2943 2969 3101 3035 ἡμῶν
3143 2965 3515 3028 Ἀναστασίου,
3545 2965 3644 3016 τοῦ
3689 2967 3807 3033 τῆς

2287 3080 2301 3108 ι
2360 3059 2646 3127 Ῥωμαίων
2695 3057 3020 3125 Ἐκκλησίας
3051 3057 3374 3118 ἐπισκόπου,
3401 3055 3468 3107 δι’
3511 3049 3585 3106 ὧν
3635 3053 3814 3107 ἀδελ-

2295 3168 2310 3197 (
2367 3150 2551 3216 φικῆς,
2588 3148 2788 3214 μᾶλλον
2845 3147 2898 3197 δὲ
2933 3146 3224 3215 πατρικῆς,
3275 3145 3496 3212 ἀγάπης
3545 3145 3816 3214 μερίμνῃ

2291 3263 2306 3293 ι
2358 3244 2451 3294 καὶ
2503 3240 2885 3309 είλικρινότητι
2937 3240 3080 3306 ἡμᾶς
3110 3236 3501 3307 προετρέψατο,
3531 3235 3617 3287 ἴνα
3660 3238 3816 3303 περὶ

2291 3353 2306 3384 ι
2355 3334 2451 3400 τῆς
2477 3332 2584 3384 τῶν
2608 3330 2897 3399 αἰρετικῶν
2930 3329 3022 3379 καὶ
3050 3325 3419 3396 σχισματικῶν
3449 3323 3812 3378 Δονατιστῶὑ

2288 3445 2304 3476 ι
2359 3423 2646 3488 ἐπιϐουλῆς
2671 3423 2764 3473 καὶ
2799 3419 3202 3488 ἀναισχυντίας,
3253 3417 3352 3485 τῆς
3379 3417 3478 3484 τὴν
3511 3419 3604 3468 καὶ
3649 3417 3814 3469 κατά

2293 3535 2308 3564 ι
2363 3517 2538 3566 πᾶσαν
2571 3513 2668 3580 τὴν
2704 3514 2925 3577 Ἄφρων
2963 3509 3146 3577 χώραν
3173 3507 3464 3576 καθολικὴν
3489 3509 3814 3576 ἐκκλησίαν

2291 3625 2306 3654 ι
2357 3603 2568 3673 βαρέως
2605 3599 2912 3667 πορθούσης
2951 3597 3216 3667 μηδαμῶς
3263 3597 3811 3668 προσποιησώμεθα,

2291 3717 2306 3744 ι
2352 3695 2580 3764 χάριτας
2633 3689 3004 3760 ὁμολογοῦμεν
3059 3689 3137 3758 τῷ
3167 3689 3414 3758 Δεσπότῃ
3446 3688 3602 3756 ἡμῶν
3647 3688 3815 3758 Θεῷ,

2287 3806 2302 3836 ι
2346 3787 2428 3837 ὅτι
2481 3782 2743 3850 τοιαύτην
2792 3779 2994 3848 εὐσεϐῆ
3049 3780 3306 3849 φροντίδα
3354 3777 3667 3847 ἐμπνεῦσαι
3705 3797 3819 3832 κα·

2286 3893 2302 3923 ι
2349 3872 2583 3941 τηξίωσε
2639 3869 2717 3938 τῷ
2779 3868 2954 3930 οὕτως
3006 3869 3277 3936 καλλίστῳ
3335 3869 3432 3920 καὶ
3497 3867 3814 3936 ἁγιωτάτῳ

2285 3983 2301 4014 ι
2351 3959 2516 4014 αὐτοῦ
2575 3961 2710 4027 ίερεῖ
2763 3959 2901 4028 ὑπὲρ
2972 3959 3079 4010 τῶν
3132 3958 3310 4026 μελῶν
3356 3956 3451 4010 τοῦ
3526 3959 3814 4027 Χριστοῦ,

2286 4073 2300 4100 ι
2351 4052 2458 4103 τῶν
2493 4050 2596 4103 κᾶν
2654 4052 2711 4100 ἐν
2765 4049 3040 4117 διαφόροις
3087 4048 3184 4115 τῆς
3242 4049 3342 4116 γῆς
3375 4049 3625 4116 μέρεσιν,
3678 4049 3815 4101 ἀλλ’

2287 4163 2300 4191 ι
2347 4145 2403 4194 ἐν
2449 4143 2546 4210 μιᾷ
2583 4142 2834 4209 σώματος
2863 4140 3098 4208 ἁρμονίᾳ
3126 4139 3566 4206 καθισταμένων.
3620 4157 3642 4190 ι

2791 4233 3031 4283 ΚΑΝΩΝ
3076 4231 3194 4285 ΞΘ’.

2217 4345 2231 4371 ι
2292 4324 2426 4390 Περὶ
2456 4323 2549 4374 τοῦ
2585 4323 2725 4392 μετὰ
2761 4322 2865 4373 τῶν
2913 4323 3252 4373 Δονατιστῶν
3306 4322 3496 4390 πράως
3556 4322 3816 4394 διαπρὰ-

2295 4434 2310 4463 ι
2363 4411 2578 4475 ξασθαι.
2643 4412 2799 4464 Μετὰ
2860 4411 3030 4462 ταῦτα
3077 4404 3506 4480 ψηλαφηθέντων
3543 4415 3638 4465 καὶ
3679 4433 3811 4468 κα.-

2297 4525 2310 4554 ι
2361 4503 2730 4572 τανοηθέντων
2797 4504 3012 4555 πάντων
3070 4503 3179 4554 τῶν
3230 4506 3295 4570 τῇ
3358 4505 3811 4575 ἐκκλησιαστικῇ

2293 4617 2308 4646 ι
2358 4595 2724 4663 χρησιμότητι
2769 4594 3080 4661 συντρέχειν
3111 4593 3434 4656 δοκούντων,
3468 4595 3814 4648 ἐπινεύσανο

2295 4706 2308 4736 ι
2361 4703 2451 4746 τος
2510 4687 2604 4735 καὶ
2667 4685 3034 4751 ἐνηχήσαντος
3091 4684 3182 4734 τοῦ
3265 4684 3582 4751 υνεύματος
3631 4687 3811 4753 Θεοῦ,

2294 4797 2309 4827 ι
2362 4775 2738 4842 ἐπελεξάμεθα
2783 4775 2958 4842 ἠπίως
3015 4775 3108 4828 καὶ
3150 4776 3440 4844 εἰρηνικῶς
3490 4777 3803 4846 διαπράξει-

2295 4888 2310 4917 ι
2360 4869 2480 4920 σθαι
2541 4867 2677 4934 μετὰ
2739 4867 2846 4916 τῶν
2910 4867 3392 4934 μνημονευθέντων
3461 4869 3809 4937 ἀνθρώπων,

2293 4979 2308 5009 ι
2358 4958 2460 5010 κᾶν
2492 4959 2537 5008 εί
2574 4956 2641 5007 τὰ
2676 4956 2913 5024 μάλιστα
2970 4959 3032 5007 ἐκ
3084 4959 3181 5025 τῆς
3222 4958 3315 5010 τοῦ
3366 4958 3652 5025 Κυριακοῦ
3695 4961 3813 5010 σώ-

2299 5069 2314 5098 ι
2365 5065 2531 5117 ματος
2566 5049 2810 5109 ἐνωσεως
2870 5050 3232 5117 ἀνησυχάστῳ
3273 5048 3507 5116 διχονοίᾳ
3566 5052 3816 5119 ἀποσχέ-

2289 5162 2304 5190 ι
2355 5140 2521 5202 ζωσιν
2570 5139 2673 5190 ἀνὰ
2706 5139 2881 5200 πασας
2915 5139 3010 5199 τὰς
3057 5139 3153 5206 τῆς
3195 5137 3462 5207 Ἀφρικῆς
3497 5138 3808 5207 ἐπαρχίας,

2296 5251 2311 5282 ι
2365 5231 2481 5291 πῶς
2534 5229 2712 5298 ἐλεινῇ
2761 5230 2937 5297 πλάνῃ
2976 5229 3366 5297 κατεδέθησαν·
3418 5229 3571 5297 ἴσως,
3609 5231 3812 5294 καθὼς

2294 5343 2310 5373 ι
2357 5324 2506 5387 λέγει
2539 5322 2565 5370 ὁ
2605 5321 2948 5382 Ἄπόστολος,
2982 5320 3139 5389 ἡμῶν
3201 5322 3257 5374 ἐν
3304 5321 3606 5390 ἡμερότητι
3677 5340 3813 5374 συν-

2293 5434 2310 5465 ι
2362 5413 2611 5479 αγόντων
2662 5414 2787 5473 τοὺς
2818 5413 2886 5464 τὰ
2947 5412 3178 5480 διάφορα
3233 5413 3590 5480 φρονοῦντας,
3633 5412 3809 5465 δώσει

2296 5526 2314 5556 ‹
2361 5503 2539 5562 αὐτοῖς
2565 5503 2591 5552 ὁ
2616 5503 2747 5565 Θεὸς
2783 5503 3071 5570 μετάνοιαν
3101 5502 3233 5572 πρὸς
3267 5502 3325 5554 τὸ
3357 5502 3658 5568 ἐπιγνῶναι
3700 5504 3808 5572 τὴν

2294 5626 2308 5654 ι
2359 5605 2640 5674 ἀλήθειαν,
2672 5603 2767 5655 καί
2801 5601 2886 5653 ῐνα
2931 5601 3318 5668 ἁνασςήλωσιν
3357 5599 3407 5649 οἱ
3444 5599 3511 5650 ἐκ
3567 5597 3678 5649 τῶν
3708 5600 3809 5650 τοῦ

2296 5720 2309 5747 ι
2359 5697 2607 5749 διαϐόλου
2662 5694 2870 5763 βρόχων
2937 5689 3470 5762 αἰχμαλωτισθέντες
3519 5688 3672 5760 αύτῷ
3722 5695 3811 5756 εἰς

2292 5809 2308 5840 ‹
2357 5790 2413 5841 τι
2453 5786 2613 5840 αἰτοῦ
2645 5785 2872 5851 θέλημα.
2907 5803 2922 5835 ι
