4000 6472
115 365 191 430 261
1152 345 1232 406 IN
1260 341 1426 404 CAN.
1469 336 1625 400 LXX
1656 331 1866 395 CONC.
1901 321 2279 388 CARTI‘IAG.

1713 450 1756 506 Α
1862 436 2061 491 BALS.
2101 434 2352 487 Przesens
2404 443 2578 481 canon
2612 424 2746 479 nihil
2814 423 2959 478 aliud
3011 422 3160 486 dicit,
3195 437 3356 486 quam

172 474 366 528 ΒΔΔΣ.
416 471 590 525 Οὐδέν
653 484 704 520 τι
739 468 930 535 ἕτερον
977 466 1004 517 ὁ
1044 459 1240 531 παρὼν
1300 453 1484 510 κανὼν
1531 451 1680 515 λέγει

117 565 209 620 ἀλλ’
263 565 298 634 ἢ
352 563 419 616 τὸ
463 563 645 630 ηπίως
701 558 797 611 καὶ
845 551 1140 625 εἰρηνικῶς
1194 542 1676 634 χρήσασθαιλτοὺς

119 631 355 723 Πατέρας
409 654 526 714 τοῖς
578 649 951 708 Δονατισταῖς,
983 643 1088 696 κᾶν
1114 640 1270 695 αὐτοὶ
1307 631 1679 723 ἀποσχίζωσᾼιν

118 719 280 810 ικτῆς
311 739 413 793 τοῦ
447 737 729 808 Κυριακοῦ
771 735 1023 805 σώματος
1067 730 1334 790 ὲνὼσεως,
1398 719 1680 792 κυριακὸν

117 836 161 887 δὲ
185 833 352 903 σῶμα
393 832 495 900 τὴν
534 829 864 899 Ἐκκλησίαν
897 824 1134 896 νοητέον,
1157 819 1224 892 ἦς
1247 816 1454 886 κεφαλὴ
1485 816 1514 866 ὁ
1543 813 1681 880 Χρι-

118 927 227 990 στός
259 928 442 978 ἐστιν·
486 922 519 992 ἢ
553 923 625 975 τὰ
666 923 786 974 θεῖα
845 919 1138 989 μυστήρια,
1179 913 1254 974 ὡς
1316 911 1447 978 περὶ
1505 904 1681 958 ταῦτα

116 1019 327 1071 ἐκείνων
357 1013 780 1084 διαφερομένων
807 1013 922 1073 τοῖς
967 1007 1204 1068 πιστοὶς,
1261 1001 1445 1061 καθὼς
1483 993 1676 1066 προείο

118 1127 293 1180 ρηται.

175 1203 433 1258 ΖΩΝΑΡ.
482 1199 574 1263 Ὠς
597 1200 858 1266 ἀνωτέρω
884 1195 1123 1265 εἴρηται,
1178 1186 1461 1258 ἀναφορὰν
1495 1182 1684 1250 ἐποιή-

119 1310 234 1346 σατο
270 1295 304 1362 η
341 1291 566 1354 σύνοδος
595 1289 736 1358 αὕτη
773 1289 913 1358 πρὸς
951 1286 1042 1337 τὸν
1094 1282 1317 1350 Ῥώμης
1351 1277 1678 1336 ἐπίσκοπον,

118 1386 198 1437 καὶ
237 1383 516 1452 δεξαμένη
555 1381 866 1451 γράμματα
934 1376 1146 1429 ἐκείνου
1205 1369 1462 1425 συνέθετο
1501 1365 1682 1435 ἠπίως

117 1478 197 1528 καὶ
234 1474 536 1545 εἰρηνικῶς
569 1470 884 1542 χρήσασθαι
921 1471 1034 1531 τοῖς
1075 1464 1444 1524 Δονατισταῖς,
1481 1459 1585 1513 κᾶν
1615 1459 1683 1510 τὰ

123 1568 346 1634 μάλιστα
386 1564 754 1634 ἀποσχίζωσι,
796 1561 983 1630 φασιν,
1019 1560 1083 1611 εκ
1116 1558 1217 1626 τῆς
1266 1552 1361 1607 τοῦ
1406 1549 1684 1619 Κυριακοῦ

121 1659 362 1725 σώματος
388 1654 656 1716 ἐνώσεως.
690 1651 970 1722 κυριακὸν
989 1649 1046 1701 δὲ
1070 1647 1248 1716 σῶμα,
1270 1647 1304 1717 ἢ
1322 1647 1420 1713 τὴν
1452 1641 1687 1725 Ἐκκληέ

123 1724 234 1800 σίαν
260 1747 517 1816 ωητέον,
547 1746 667 1814 ἦτοι
703 1742 766 1796 τὺ
790 1742 899 1794 τῶν
953 1737 1250 1809 όρθοδόξων
1282 1735 1583 1803 ἄθροισμα,
1621 1724 1684 1783 οὗ

121 1841 320 1910 κεςαλὴ
382 1839 592 1908 ἦγηται
621 1836 648 1888 δ
678 1834 939 1906 Χριστὸς,
989 1832 1022 1901 ἢ
1066 1831 1345 1898 κυριακὸν
1405 1827 1564 1892 σῶμα
1619 1826 1688 1878 τὰ

123 1935 228 1988 θεῖα
277 1934 587 2005 μυστήρια,
628 1932 758 1998 περὶ
797 1927 970 1980 ταῦτα
1005 1924 1232 1978 ἐκείνων
1278 1921 1687 1992 διαφερομένων

125 2031 226 2090 τοῖς
267 2028 510 2089 πιστοῖς,
557 2026 652 2076 καὶ
692 2021 764 2092 μὴ
818 2020 962 2074 οὕτω
995 2019 1336 2088 μετεχόντων
1366 2014 1567 2075 αὐτῶν,
1615 2013 1690 2075 ὡς

124 2118 152 2185 ἡ
178 2117 502 2186 Ἐκκλησία,
527 2115 642 2168 ἀλλ’
662 2113 853 2184 ἔτερόν
878 2129 997 2164 τινα
1024 2111 1246 2180 τρόπον,
1279 2108 1354 2170 ὡς
1379 2107 1481 2177 ήδη
1504 2105 1692 2176 προεί-

127 2225 276 2277 ρηται
303 2224 317 2238 ·
363 2208 455 2259 ῖνα
504 2207 630 2259 ὅσον
651 2205 713 2258 τὸ
741 2207 802 2257 ὲν
836 2205 990 2274 ἡμῖν,
1047 2202 1170 2255 ἀντὶ
1206 2200 1327 2264 τοῦ,
1384 2200 1509 2252 ὅσον
1555 2200 1691 2265 πρὸς

122 2300 349 2368 δύναμιν
402 2298 683 2370 ἡμετέραν
733 2296 874 2362 ἐστὶ,
926 2294 1084 2364 δῆλον
1135 2293 1363 2361 γένηται
1412 2291 1546 2344 πᾶσι
1580 2292 1692 2352 τοῖς

125 2387 582 2457 συναιρεσιὼταις
615 2386 867 2450 ἑκείνων,
893 2383 1012 2447 πῶς
1055 2383 1270 2451 ὲλεεινῇ
1322 2381 1500 2450 πλάνη
1554 2397 1691 2433 κατ-

128 2480 531 2550 εδεσμήθησαν,
557 2482 653 2530 καὶ
680 2478 900 2545 γνόντες
927 2475 1026 2546 τὴν
1077 2476 1337 2547 ἀλήθειαν
1392 2473 1524 2533 ίσως
1571 2474 1695 2524 ὲπι-

129 2573 426 2642 στρέφωσι.
456 2570 773 2640 Κίχρηνται
821 2568 879 2620 δὲ
921 2568 1016 2620 καὶ
1044 2567 1416 2628 επιστολικαῖς
1461 2565 1694 2627 ἐννοίαις

129 2667 214 2718 καὶ
236 2667 468 2736 μασιὲ

129 2757 338 2813 ΑΡΙΣΤ.
360 2774 380 2806 ι
401 2755 621 2820 Ἔδοξεν
639 2755 820 2826 ἠπίως
845 2752 939 2806 καὶ
954 2752 1244 2824 εἰρηνικῶς
1270 2748 1696 2822 προσενεχθῆναι

197 2865 216 2897 ι
247 2849 364 2908 τοῖς
385 2846 763 2905 Δονατισταῖς,
801 2841 1008 2911 καίπερ
1036 2839 1433 2910 ἀποσχίζουσιν
1465 2840 1696 2898 ἑαυτοὺς

200 2953 219 2984 ι
252 2936 354 3003 τῆς
401 2932 733 3003 Ἐκκλησίας
763 2947 780 2963 ·
814 2931 869 2983 εί
896 2948 1033 2994 πως,
1080 2929 1427 2990 αἰδεσθέντες
1453 2927 1550 2998 τὴν
1570 2926 1698 2978 πο).-

199 3045 218 3076 ς
252 3027 349 3096 uio
373 3025 533 3095 ἡμῶν
553 3024 897 3095 ἡμερότητα,
923 3023 1020 3091 τῆς
1045 3019 1423 3091 αἰχμαλωσίας
1450 3020 1697 3088 ἀνασφὴ-

197 3137 216 3169 l
253 3135 408 3172 ιωσι.
444 3135 463 3169 1

197 3213 284 3266 Δεῖ
307 3212 437 3272 τοὺς
468 3208 564 3262 τοῦ
596 3207 773 3278 πράου
805 3206 900 3260 καὶ
936 3203 1214 3275 εἰρηνικοῦ
1235 3201 1475 3274 Χριστοῦ
1517 3202 1694 3271 μαθη-

135 3305 222 3365 τὰς
247 3303 334 3356 διὰ
368 3300 653 3370 φροντίδος
680 3297 926 3352 τίθεσθαι
953 3297 1081 3359 τοὺς
1109 3295 1515 3364 ἀπεσχίζοντας
1569 3295 1697 3347 ἑαυ-

135 3396 247 3456 τοὺς
275 3395 377 3462 τῆς
414 3390 717 3458 καθολικῆς
757 3389 1086 3456 Ἐκκλησὶας
1140 3385 1415 3448 παντοίως
1442 3384 1696 3438 σπεύδειν

138 3484 478 3548 ἐπισυνάγειν
509 3479 645 3548 μετὰ
669 3477 979 3548 πραότητός
1007 3493 1067 3529 τε
1094 3477 1191 3530 καὶ
1222 3475 1585 3546 ἡμερότητος,
1602 3476 1697 3527 καὶ

142 3572 421 3640 προσενοῧν
447 3572 653 3633 αὐτοὺς
697 3568 858 3630 αὖθις
882 3572 948 3638 τῇ
1007 3567 1342 3636 Ἐκκλησία·
1375 3568 1451 3636 μὴ
1513 3567 1698 3634 μέντοι

141 3681 195 3729 γε
216 3665 265 3716 δι
301 3662 470 3732 μόνον
503 3661 563 3715 τὸ
597 3662 799 3714 οἰκεῖον
855 3659 1157 3726 ἐπιζητεῖν,
1203 3657 1423 3726 καὶτῆς
1455 3657 1563 3708 τῶν
1611 3656 1703 3708 ἆλ-

139 3753 232 3804 λων
263 3751 548 3822 σωτηρίας
575 3752 964 3819 καταφρονεῖν.
993 3750 1092 3801 Διὰ.
1115 3746 1276 3801 τοῦτο
1306 3747 1440 3815 γοῦν
1461 3748 1556 3801 καὶ
1578 3749 1703 3812 τοὺς

140 3847 457 3904 Δονατιστὰς
503 3841 599 3894 τοῦ
657 3839 940 3910 Κυριακοῦ
994 3839 1246 3908 σώματος
1299 3839 1704 3908 ἀποσχίσαντας

143 3935 372 3996 ἑαυτοὺς,
401 3931 502 3985 καὶ
522 3933 592 4000 τῇ
623 3930 806 4000 πλάνῃ
861 3928 1296 3991 καταδεθέντας,
1338 3929 1465 3997 μηδ’
1497 3929 1703 3998 ἡμερόο

143 4042 281 4090 τητος
314 4027 349 4095 ὴ
379 4023 606 4084 σύνοδος
645 4020 816 4091 ὥρισε
848 4020 1167 4091 προσελθεῖν
1206 4020 1418 4083 αὐτοῖς,
1456 4022 1552 4072 καὶ
1604 4037 1700 4070 πα-

150 4116 430 4184 ρακαλέσαι
460 4112 786 4167 καταλιπεῖν
805 4111 903 4182 τὴν
920 4110 1155 4180 πλάνην,
1188 4110 1284 4163 καὶ
1312 4109 1411 4179 τὴν
1444 4109 1705 4179 ἀλήθειαν

1720 3122 1767 3177 C.

3248 310 3356 371 262

1783 533 1972 587 Patres
2038 527 2236 581 leniter
2293 532 2347 576 et
2411 521 2621 590 placide
2681 517 2883 571 debere
2939 514 2992 568 in
3047 512 3360 567 Donatistas

1782 635 1964 691 agere,
1993 617 2207 673 etiamsi
2253 616 2288 668 ii
2322 629 2351 667 a
2417 609 2683 666 Dominici
2745 608 2986 675 corporis
3049 604 3251 659 unione
3301 617 3360 656 se

1789 710 2133 766 abscindat“.
2163 706 2370 760 Domini
2406 712 2585 756 autem
2618 714 2815 768 corpus
2831 700 2913 752 vel
2944 696 3243 751 Ecclesiam
3277 693 3360 746 in-

1794 803 2038 872 telligere
2064 807 2298 868 oportet,
2333 794 2487 862 cujus
2515 791 2677 862 603
2710 798 2873 859 caput
2937 798 3020 841 est
3062 785 3354 841 Christus:

1784 893 1864 945 vel
1888 892 2070 944 divina
2122 886 2400 957 mysteria,
2451 893 2640 949 utp0te
2679 880 2788 933 illis
2836 893 2866 930 a
2917 875 3164 930 ﬁdelibus
3201 875 3254 926 in
3291 872 3360 924 iis

1784 981 2257 1041 dissentientibus,
2294 986 2349 1029 ιιι
2378 986 2537 1028 antea
2569 974 2768 1026 dictum
2807 981 2893 1024 est

1854 1153 2107 1211 ZONAB.
2133 1151 2592 1219 Quemadmodum
2621 1162 2785 1216 supra
2831 1145 3092 1210 diximus,
3113 1145 3357 1212 quaedam

1785 1250 1852 1302 ab
1894 1248 1995 1302 hac
2021 1245 2227 1316 synodo
2255 1245 2320 1296 ad
2343 1243 2651 1295 Romanum
2684 1239 2996 1308 episcopum
3031 1238 3198 1290 relata
3219 1247 3367 1297 sunt,

1786 1354 1951 1408 aquo
1995 1349 2180 1407 postea
2233 1334 2427 1388 litteris
2487 1331 2752 1400 acceptis.
2800 1328 3098 1382 clementer
3154 1336 3210 1379 et
3269 1327 3366 1378 bu-

1787 1441 1942 1480 mane
1975 1421 2429 1479 cumcDonatiStis
2461 1420 2730 1487 agendum
2753 1432 2874 1471 esse
2889 1416 3119 1480 statuit;
3160 1429 3362 1484 quam-

1789 1518 1869 1571 vis
1907 1530 1966 1570 se
1994 1514 2253 1576 maxime,
2293 1511 2569 1581 inquiunt,
2603 1526 2631 1562 a
2675 1509 2936 1563 Dominici
2966 1508 3212 1576 corporis
3247 1506 3368 1560 uni-

1791 1614 1899 1660 tate
1925 1606 2234 1676 sejungaut.
2270 1603 2632 1657 Dominieum.
2666 1615 2795 1655 vero
2850 1615 3068 1666 corpus,
3132 1607 3222 1651 aut
3276 1597 3376 1651 Ec-

1792 1696 2015 1750 clesiam
2074 1693 2310 1757 intcllige
2368 1707 2461 1746 seu
2525 1691 2958 1745 orthodoxornm
3005 1696 3370 1750 conventum,

1725 1775 1765 1830 Ιί
1795 1787 1948 1854 cujus
1980 1795 2142 1853 caput
2172 1783 2420 1838 Christus
2469 1796 2590 1837 esse
2636 1789 2909 1838 censetur.
2961 1788 3053 1832 aut
3108 1778 3370 1847 Dominici

1797 1877 2044 1943 corporis
2078 1884 2291 1929 sacrata
2340 1875 2622 1942 mysteria,
2685 1871 2827 1941 quod
2892 1872 2944 1924 in
3004 1870 3071 1923 iis
3127 1869 3376 1924 videlicet

1796 1967 2033 2021 maxime
2061 1967 2136 2019 illi
2175 1981 2203 2018 a
2247 1964 2498 2019 ﬁdelibus
2561 1963 2934 2024 dissentirent,
2989 1976 3051 2014 ac
3091 1961 3170 2014 eis
3217 1959 3372 2029 longe

1794 2057 2012 2111 diversa
2043 2058 2253 2110 ratione
2278 2056 2344 2109 ab
2369 2071 2430 2110 ea
2464 2070 2624 2124 quam
2657 2052 2901 2108 Ecclesia
2955 2051 3288 2121 praescribit,
3318 2061 3374 2102 ιιι

1789 2148 1903 2217 jam
1934 2159 2090 2201 antea
2119 2147 2382 2208 diximus,
2427 2146 2918 2199 communicarent.
2959 2139 3048 2203 Ut,
3109 2151 3372 2210 quantum

1798 2241 1852 2293 in
1884 2239 2042 2293 nobis
2064 2246 2178 2302 est,
2204 2237 2478 2296 omnibus.
2509 2237 2598 2304 qui
2625 2235 2712 2288 illa
2741 2234 2929 2288 lizcresi
2968 2241 3242 2297 tenentur,
3301 2235 3373 2284 sit

1799 2338 2007 2394 notum,
2062 2343 2222 2398 quam
2261 2326 2556 2381 miserabili
2584 2335 2873 2380 versentur
2903 2327 2954 2379 in
2984 2340 3192 2387 errore,
3242 2340 3368 2394 per-

1797 2430 2090 2491 spectaque
2116 2421 2346 2474 veritate
2381 2417 2615 2472 fortasse
2647 2417 2714 2471 ad
2777 2417 3066 2471 sanitatem
3129 2417 3373 2472 redeant.

1797 2511 1973 2580 Atque
2009 2513 2122 2564 haec
2149 2511 2366 2579 quidem
2401 2508 2717 2576 apostolicis
2761 2517 2816 2562 et
2839 2509 3125 2562 sententiis
3150 2516 3206 2561 et
3249 2523 3367 2560 vcr-

1799 2601 1885 2656 bis
1921 2602 2289 2670 explicavere.

1798 2775 2024 2832 ARIST.
2073 2797 2090 2830 ι
2118 2775 2306 2832 Visum
2341 2775 2544 2840 estfut
2574 2777 2771 2831 leniter
2789 2782 2843 2830 et
2870 2773 3094 2843 pacifica
3117 2790 3239 2829 cum
3271 2773 3371 2828 Do-

1873 2888 1892 2920 ι
1927 2869 2141 2922 natistis
2174 2874 2388 2937 agatur,
2413 2867 2627 2922 etiamsi
2655 2881 2714 2921 se
2746 2867 2812 2920 ab
2850 2865 3092 2923 Ecclesia
3151 2879 3374 2934 separ-

1881 2977 1899 3010 ε
1935 2969 2102 3013 runt:
2138 2961 2182 3015 si
2215 2958 2358 3013 forte
2381 2959 2635 3013 eximiam
2669 2966 2908 3012 nostram
2938 2965 3248 3010 reverentes
3307 2956 3384 3007 le-

1882 3068 1900 3101 ι
1938 3051 2159 3105 nitatem
2185 3064 2214 3104 a
2247 3049 2566 3117 captivitate
2601 3048 2927 3103 liberentur.
2971 3067 2991 3100 ι

1870 3223 2097 3290 Oportet
2131 3224 2281 3278 mitis
2313 3234 2367 3278 et
2393 3223 2603 3293 paciﬁci
2648 3222 2850 3277 Christi
2878 3221 3170 3289 discipulos
3201 3235 3384 3274 curam

1801 3317 1999 3370 habere
2033 3331 2220 3369 eorum
2259 3317 2346 3383 qui
2393 3331 2450 3369 se
2489 3315 2556 3368 ab
2584 3315 2827 3369 Ecclesia
2861 3314 3123 3366 catholica
3156 3327 3377 3382 separa-

1801 3415 1945 3470 runt,
1981 3416 2035 3461 et
2061 3407 2282 3460 omnino
2305 3408 2529 3460 studere
2565 3421 2688 3459 cum
2738 3404 2967 3458 lenitate
3016 3413 3071 3457 et
3124 3419 3384 3457 tnansue‘

1802 3497 1986 3551 tudine
2008 3497 2290 3561 reducere,
2321 3510 2520 3564 eosque
2545 3495 2797 3550 Ecclesia:
2824 3495 3020 3547 iterum
3047 3493 3206 3548 unire
3230 3511 3245 3545 :
3281 3509 3385 3547 non

1802 3589 2016 3656 quidem
2051 3604 2208 3641 suum
2251 3597 2459 3641 tantum
2499 3601 2764 3655 quaerere,
2802 3595 2861 3636 et
2895 3585 3126 3638 aliorum
3159 3587 3386 3639 Salutem

1805 3677 2076 3747 neglectui
2105 3678 2324 3732 habere.
2387 3677 2568 3730 dcirco
2627 3677 2811 3743 itaque
2855 3674 3182 3737 Donatistas,
3236 3675 3385 3742 quia

1809 3767 2084 3821 Dominico
2116 3781 2349 3835 c0rpore
2384 3779 2445 3820 se
2483 3764 2852 3827 absciderunt,
2885 3774 2938 3816 et
2962 3776 3146 3816 errore
3185 3762 3387 3816 detenti

1807 3856 2044 3918 fuerunt,
2073 3858 2310 3924 synodus
2337 3855 2578 3909 decrevit
2609 3868 2730 3907 cum
2759 3853 3180 3908 mansuetudine
3204 3853 3381 3912 adire.

1806 3955 1861 3998 et
1900 3945 2180 4000 adhortari
2214 3957 2463 3997 errorem
2499 3943 2778 4002 deserere.
2808 3950 2863 3994 et
2902 3955 3202 4009 agnoscere
3242 3941 3386 3994 veri-

1808 4044 2019 4100 tatem;
2048 4044 2110 4088 ut
2142 4033 2550 4088 adhortantium
2582 4032 2909 4086 cbaritatem
2963 4041 3017 4086 et
3071 4041 3391 4085 mansuetna

1813 4128 1994 4180 dinem
2033 4127 2174 4180 forte
2199 4132 2534 4186 reverentes,
2571 4138 2600 4177 a
2627 4123 2945 4190 captivitate
2977 4124 3302 4177 liberentur.

148 4207 448 4275 inrvévav
487 4201 860 4276 ἶν’τσωςυτὴν
908 4201 1129 4270 ἀγάπην
1169 4198 1276 4253 τῶν
1341 4200 1808 4270 παρακαλούντων
1853 4215 1950 4268 καὶ
2011 4214 2110 4282 τὴν
2171 4213 2456 4282 πραότητα
2516 4211 2876 4276 αἰδεσθέντες,
2926 4207 3383 4280 ἀνασφὴλωσιτῇς

149 4296 526 4368 “Nam.
735 4380 977 4436 KANON
1038 4381 1150 4452 ou

160 4500 173 4532 ι
204 4482 326 4553 Περὶ
362 4476 714 4551 γραμμάτων
739 4474 1062 4544 ὀφειλόντων
1082 4474 1197 4537 τοῖς
1221 4473 1485 4545 ἄρχουσιν
1519 4473 1706 4545 Ἀφρι-

216 4591 232 4623 ι
265 4575 376 4636 κοῖς
406 4567 813 4637 ἀποσταλῆναι,
841 4564 984 4619 ὥστε
1014 4566 1298 4635 κατάδηλα
1347 4567 1607 4634 γενέσθαι
1639 4569 1707 4620 τὰ

216 4681 233 4712 ι
265 4663 465 4733 μεταξὺ
532 4661 646 4714 τῶν
709 4659 1055 4713 Δονατιστῶν
1107 4659 1201 4712 καὶ
1256 4658 1708 4728 Μαξιμιανιστῶν

219 4772 236 4803 ι
272 4754 606 4824 πραχθέντα.
674 4752 912 4820 Ἦρεσεν
961 4748 1140 4802 τοίνυν
1197 4748 1286 4801 ἵνα
1319 4749 1382 4801 ὲκ
1417 4751 1513 4818 τῆς
1567 4751 1708 4818 ἡμε-

223 4863 241 4894 ι
280 4847 439 4917 τέρας
465 4844 691 4897 συνόδου
721 4840 1031 4910 γράμματα
1049 4839 1185 4909 πρὸς
1211 4839 1336 4901 τοὺς
1375 4838 1472 4908 τῆς
1518 4841 1708 4909 ’Λφρι-

225 4955 243 4984 ε
278 4937 374 5006 κῆς
405 4937 682 5004 ἄρχοντας
728 4931 982 4994 ἱοθῶσιν,
1018 4928 1112 4998 ἀφ’
1150 4922 1226 4984 ὧν
1281 4929 1707 5007 αἰτῆσαιὰρμό-

227 5043 244 5075 ι
276 5026 378 5080 διον
403 5027 588 5088 εδοξεν
624 5024 756 5093 περὶ
778 5023 874 5074 τοῦ
911 5020 1180 5092 βοηθῆσαι
1214 5022 1279 5090 τῇ
1341 5023 1496 5090 κοινῇ
1540 5021 1710 5090 μητρὶ

230 5136 244 5166 ι
276 5123 336 5187 τῇ
353 5116 620 5187 καθολικῇ
655 5113 975 5183 Ἐκκλησία,
998 5114 1055 5164 ὲν
1081 5105 1160 5173 οἷς
1201 5113 1234 5181 ἡ
1260 5111 1366 5163 τῶν
1393 5111 1710 5162 ἐπισκόπων

229 5228 243 5257 ι
271 5208 522 5261 σὺθεντία
561 5208 619 5258 ὲν
647 5207 770 5264 ταῖς
837 5203 1026 5256 πόλεσι
1067 5204 1490 5270 καταφρονεῖται
1517 5216 1532 5231 ’
1563 5199 1708 5251 τοῦτ’

229 5317 245 5350 ι
273 5299 411 5352 εστιν
437 5300 529 5351 ῖνα
557 5297 857 5366 ἀρχοντικῇ
919 5294 1209 5363 δυναστείᾳ
1258 5295 1352 5346 καὶ
1419 5293 1711 5362 ἐπιμελείᾳ

225 5407 241 5438 ι
277 5392 364 5443 καὶ
386 5390 752 5458 Χριστιαθικῇ
785 5387 970 5438 πίστει
1024 5384 1412 5453 ἀναζητήσωσι
1441 5386 1507 5436 τὰ
1561 5387 1714 5451 γενό-

231 5497 244 5528 t
279 5498 406 5548 μενα
438 5483 498 5534 ὲν
524 5481 668 5541 ὅλοις
715 5480 827 5539 τοῖς
864 5477 1068 5540 τόποις,
1097 5476 1155 5529 ὲν
1183 5470 1264 5538 οἷς
1307 5475 1358 5528 οἰ
1381 5476 1714 5543 Μαξιμιανι-

228 5588 243 5619 ι
280 5571 392 5625 σταὶ
425 5571 719 5640 ἔκκλησίας
780 5568 1044 5637 κατέσχον
1069 5582 1085 5599 ·
1124 5567 1206 5619 ἔτι
1230 5567 1285 5620 δὲ
1317 5567 1407 5619 καὶ
1440 5569 1562 5629 τοὺς
1616 5567 1710 5618 ἀπ’

229 5680 244 5713 ι
277 5664 446 5717 αὐτῶν
477 5663 916 5732 ἁποσχίσαντας,
949 5662 1040 5712 καὶ
1061 5659 1346 5729 δημοσίοις
1374 5659 1699 5727 πεπραγμέ-

232 5771 373 5817 rvet;
427 5754 526 5825 τὴν
581 5755 708 5824 περὶ
751 5752 964 5806 τούτων
1017 5753 1217 5819 γνῶσιν
1265 5751 1490 5821 βεϐαίαν
1545 5753 1709 5803 πᾶσιν

232 5861 250 5897 ι
279 5847 580 5916 ἀναγκαίως
610 5846 915 5916 ποιήσωσιν
947 5843 1246 5913 ἐντεθῆναι.
1288 5861 1305 5892 ι

2381 4390 2612 4448 CANON
2657 4389 2819 4445 LXX.

1815 4504 1834 4536 ι
1871 4485 1943 4540 De
1967 4483 2163 4538 litteris
2183 4497 2306 4553 qua:
2346 4482 2485 4536 mitti
2532 4482 2728 4535 debent
2758 4479 3156 4549 magistratibus
3172 4476 3390 4540 African

1903 4592 1920 4625 ι
1953 4582 2009 4628 ut
2035 4573 2178 4627 clara
2213 4565 2322 4628 sint
2371 4587 2488 4642 quae
2550 4573 2696 4626 inter
2747 4570 3056 4624 Donatistae
3116 4577 3167 4619 ct
3217 4566 3386 4620 Maxi-

1884 4684 1902 4716 ι
1941 4666 2226 4720 mianistas
2261 4673 2376 4719 acta
2406 4672 2553 4718 sunt.
2583 4661 2796 4717 Placuit
2846 4676 2976 4740 ergo
3006 4670 3061 4714 ut
3101 4674 3163 4712 ex
3199 4669 3381 4714 nostra

1899 4775 1917 4807 ι
1949 4757 2153 4825 synodo
2184 4755 2379 4810 littera:
2402 4757 2468 4808 ad
2495 4753 2691 4807 Africa:
2731 4753 3077 4822 magistratus
3105 4753 3325 4812 dentur,
3352 4767 3380 4802 a

1890 4865 1907 4897 ι
1945 4849 2140 4916 quibus
2167 4858 2346 4916 petere
2371 4855 2800 4916 consentaneum
2828 4846 3006 4897 visunt
3031 4855 3134 4906 est,
3161 4854 3216 4895 ut
3240 4859 3357 4897 com
3376 4873 3388 4883 -

1898 4958 1914 4989 ι
1952 4940 2096 4991 muni
2133 4939 2287 4992 matri
2345 4913 2634 4992 eatliolica:
2666 4938 2922 4991 Ecclesia:
2976 4950 3133 5004 opem
3194 4934 3388 4996 ferant,

1909 5043 2004 5083 «eo
2034 5032 2176 5097 quod
2209 5028 2587 5098 episcoporum
2615 5028 2911 5081 auctoritas
2966 5026 3016 5078 in
3066 5025 3382 5078 civitatibus

1898 5138 1914 5170 ι
1954 5120 2356 5185 contemnitur;
2396 5121 2583 5184 idest,
2627 5129 2685 5171 ut
2729 5135 2822 5171 sua
2883 5127 3148 5186 potestate
3185 5127 3238 5170 et
3290 5132 3387 5168 au-

1903 5213 2195 5264 rcloritatc
2231 5211 2519 5278 studioque
2576 5217 2630 5263 et
2669 5208 2770 5261 lith
2835 5209 3142 5261 Christiana
3205 5207 3387 5274 inqui-

1910 5321 1928 5352 ι
1963 5311 2082 5353 rant
2111 5316 2231 5368 quae
2283 5302 2335 5354 in
2368 5301 2622 5355 omnibus
2689 5300 2822 5353 locis
2877 5300 3032 5362 ﬁunt,
3086 5299 3138 5351 in
3195 5299 3390 5366 quibus

1895 5412 1912 5442 ι
1949 5393 2360 5446 Μιιιίιιιὶςιιιίειιε
2411 5392 2675 5446 ecclesias
2714 5391 3057 5444 detinuerunt
3083 5405 3096 5441 :
3123 5399 3382 5456 prieterca

1898 5505 1915 5537 ι
1950 5497 2152 5549 autem,
2191 5495 2249 5538 ut
2283 5486 2373 5554 qui
2417 5485 2486 5538 ab
2515 5485 2646 5550 ipsis
2674 5483 2899 5537 abscissi
2947 5490 3090 5545 sunt,
3138 5482 3388 5536 omnibus

1908 5593 1925 5623 ι
1967 5572 2177 5626 firmam
2211 5588 2274 5625 ac
2303 5571 2551 5624 stabilem
2581 5572 2645 5622 de
2667 5571 2730 5623 iis
2754 5571 3110 5638 rcgnitionem
3137 5580 3386 5621 necessa-

1899 5685 1915 5715 ι
1965 5665 2041 5719 rio
2076 5665 2212 5718 actis
2247 5662 2477 5733 publicis
2513 5662 2673 5716 inseri
2717 5660 2936 5714 faciant.
2979 5680 2995 5712 ι
