4000 6436
161 440 255 504 265

219 666 238 699 ι
274 648 430 700 τοῦτο
458 646 867 715 συμϐάλλεσθαι
908 647 974 715 τῇ
1002 645 1115 698 τῶν
1142 643 1488 714 Χριστιανῶν
1517 643 1716 712 εἰρήνῃ

219 757 243 794 ε
277 740 502 808 φανείη,
535 741 592 792 ὲν
636 741 756 800 ταῖς
807 737 971 799 ἰδίαις
1037 740 1228 806 τιμαῖς
1276 737 1480 798 αὐτοὺς
1531 734 1722 788 ἀναδε-

228 850 246 882 ι
284 829 517 900 χθῆναι·
546 829 729 891 καθὼς
768 829 865 880 καὶ
908 831 965 880 ὲν
995 832 1106 887 τοῖς
1140 825 1476 897 προλαὸοὖσι
1504 826 1717 894 χρόνοις

229 939 247 970 ε
289 921 422 989 περί
458 923 555 988 τῆς
597 919 772 987 αὐτῆς
801 917 1142 979 διαστάσεως
1192 915 1449 983 γενέσθαι
1490 914 1722 982 φανερόν

229 1033 248 1065 ι
285 1014 437 1066 ἑστιν
465 1029 480 1044 ·
523 1013 660 1079 ὅπερ
705 1010 920 1063 πολλῶν
974 1009 1072 1063 καὶ
1115 1008 1303 1077 σχεδὸν
1363 1005 1558 1060 πασῶν
1605 1005 1718 1058 τῶν

231 1123 249 1155 ι
291 1106 352 1157 εν
375 1107 443 1174 τῇ
481 1103 718 1173 Ἀφρικῇ
769 1102 1099 1170 ἐκκλησιῶν,
1151 1101 1209 1152 ὲν
1269 1094 1354 1161 αἷς
1404 1099 1438 1168 ἡ
1491 1096 1718 1165 τοιαύτη

231 1213 250 1244 ε
289 1193 467 1261 πλάνη
500 1192 735 1259 ἁνεφύη,
769 1193 838 1244 τὰ
861 1190 1290 1261 παραδείγματα
1326 1187 1715 1258 μαρτύρονται’

231 1302 248 1334 ι
285 1283 384 1352 οὐχ
410 1284 498 1335 ίνα
541 1285 574 1352 ἡ
607 1281 828 1344 σύνοδος
859 1284 891 1350 ἡ
924 1283 980 1334 ὲν
1010 1282 1120 1342 τοῖς
1162 1279 1570 1349 περαματικοῖς
1627 1274 1723 1343 μί-

236 1395 253 1426 t
291 1393 414 1445 ρεσι
478 1376 610 1444 περὶ
658 1373 852 1426 τούτου
908 1372 1000 1426 τοῦ
1076 1372 1401 1442 πράγματος
1454 1366 1724 1435 γενομένη

229 1484 248 1515 ε
281 1463 536 1533 διαλυθῇ,
579 1463 694 1516 ἀλλ’
727 1463 816 1515 ἵνα
847 1463 1022 1514 ἐκεῖνο
1058 1459 1217 1528 μείνῃ
1249 1457 1376 1528 περί
1404 1458 1530 1517 τοὺς
1550 1455 1722 1515 οὕτως

232 1575 249 1604 ι
287 1555 571 1624 μετελθεῖν
600 1554 736 1622 πρὸς
776 1553 875 1621 τὴν
909 1551 1202 1616 καθολικὴν
1241 1547 1566 1616 Ἐκκλησίαν
1599 1547 1723 1614 βου-

229 1663 245 1695 ι
279 1644 564 1713 λομένους,
597 1644 735 1695 ὥστε
785 1642 1056 1711 μηδεμίαν
1080 1642 1171 1692 ἐπὶ
1200 1641 1404 1693 τούτων
1455 1637 1555 1706 τῆς
1614 1636 1727 1688 ἑνό-

233 1756 250 1785 ι
286 1749 454 1803 meo;
485 1733 775 1802 συντομίαν
809 1729 1285 1802 περιεργάζεσθαι.
1303 1730 1381 1781 Δι’
1398 1721 1472 1780 ὧν
1493 1728 1548 1779 δὲ
1565 1724 1726 1780 παντὶ

231 1846 248 1878 ι
281 1828 470 1897 τρόπῳ
508 1825 891 1892 ἐκτελεσθῆναι
923 1824 1017 1874 καὶ
1068 1820 1476 1890 προσδοηθῆναι
1533 1818 1566 1885 ἡ
1595 1815 1728 1868 καθ-

229 1938 247 1968 ε
279 1917 437 1986 ολικὴ
495 1916 679 1983 ἑνότης
743 1913 960 1982 φανερῷ
1030 1911 1210 1981 κέρδει
1262 1910 1371 1962 τῶν
1423 1905 1725 1973 ἀδελφικῶν
1759 1900 1799 1954 Β

227 2026 244 2059 ι
275 2007 466 2076 ψυχῶν
496 2006 692 2074 φανείη
716 2006 774 2056 ἐν
803 2004 917 2064 τοῖς
944 2002 1149 2065 τόποις,
1181 1994 1262 2061 οἷς
1313 1997 1612 2064 διάγουσιν,
1649 1995 1723 2064 μὴ

225 2115 243 2147 ι
283 2095 558 2167 ὲμποδίσῃ
577 2095 801 2153 τούτους
831 2094 892 2146 τὸ
935 2092 1155 2163 ὁρισθὲν
1203 2092 1345 2143 κατὰ
1376 2090 1483 2142 τῶν
1542 2086 1722 2155 τιμῶν

226 2203 244 2234 ι
285 2183 470 2238 αὐτῶν
530 2185 588 2234 έν
621 2185 685 2252 τῇ
742 2182 1093 2251 περαματικῇ
1144 2179 1364 2247 συνόδῳ,
1414 2176 1617 2229 ὁπόταν
1663 2174 1724 2227 τὸ

230 2291 248 2323 ι
288 2271 534 2340 σωθῆναι
589 2270 771 2323 οὐδενὶ⁸
801 2268 1081 2338 προσώπῳ
1113 2261 1722 2326 ἀποκέκλεισται,τοῦτ’

230 2381 248 2411 ε
287 2361 439 2413 ἔστιν
472 2361 560 2413 ῖνα
590 2361 641 2412 οἰ
668 2357 1139 2429 χειροτονηθέντες
1186 2357 1244 2409 εν
1273 2355 1352 2425 τῷ
1384 2356 1494 2406 τῶν
1551 2355 1722 2406 Δονα-

231 2471 250 2501 ι
290 2449 492 2502 τιστῶν
511 2450 694 2519 μέρει,
732 2449 829 2501 ἐὰν
856 2448 993 2517 πρὸς
1047 2447 1146 2517 τὴν
1189 2444 1488 2515 καθολικὴν
1539 2443 1723 2496 πίστιν

234 2561 250 2591 ε
288 2541 674 2612 διορθωθέντες
713 2539 994 2609 μετελθεῖν
1021 2539 1319 2608 θελήσοιεν,
1353 2537 1428 2606 μὴ
1457 2535 1599 2589 κατὰ
1626 2535 1724 2604 τὴν

234 2649 253 2682 ι
290 2629 682 2700 περαματικὴν
750 2630 972 2682 σύνοδον
1036 2627 1113 2698 μὴ
1167 2626 1430 2696 δεχθῶσιν
1482 2629 1541 2679 ὲν
1603 2627 1722 2685 ταῖς

237 2741 254 2770 ε
287 2721 518 2782 οἰκείαις
567 2721 790 2787 τιμαῖς’
844 2717 980 2770 ἀλλὰ
1013 2717 1210 2786 μᾶλλον
1263 2708 1414 2769 οὗτοι
1459 2713 1724 2784 προσδεχ-

239 2831 254 2861 ‹
289 2812 449 2877 θῶσι,
479 2810 550 2863 δι’
582 2804 658 2865 ὧν
686 2812 754 2881 τῇ
786 2810 1044 2881 καθολικῇ
1069 2810 1283 2879 ἑνότητι
1315 2805 1559 2875 γίνεσθαι
1589 2804 1722 2874 πρό-

239 2921 257 2954 (
288 2919 429 2955 νοια.
491 2919 512 2953 ι

234 3015 424 3068 ΒΛΛΣ.
462 3015 573 3068 Καὶ
600 3009 762 3077 οὗτος
796 3015 825 3067 ό
872 3013 1051 3069 κανὼν
1110 3013 1275 3075 ἰδικός
1316 3014 1483 3064 ἐστιν.
1519 3011 1724 3079 Ἥρεσε

172 3106 266 3175 γὰρ
287 3108 402 3168 τοῖς
436 3106 688 3174 Πατράσι
735 3105 985 3175 δέχεσθαι
1023 3105 1149 3168 τοὺς
1179 3103 1286 3156 ἀπὸ
1341 3102 1452 3154 τῶν
1503 3105 1724 3153 Δονατι-

172 3198 301 3249 στῶν
342 3199 814 3268 προσερχομένους
854 3199 918 3266 τῇ
999 3193 1264 3265 ὁρθοδόξῳ
1324 3194 1526 3257 πίστει,
1582 3191 1724 3245 ὥστε

169 3289 302 3356 ἔχειν
328 3290 528 3352 αὐτοὺς
561 3291 686 3351 τοὺς
723 3290 960 3350 οἰκείους
985 3287 1293 3357 ἱερατικοὺς
1330 3282 1724 3354 βαθμοὺςφκᾶν

167 3378 329 3439 Elui;
355 3376 504 3440 εδοξε
523 3376 594 3427 τὰ
623 3377 751 3444 περὶ
773 3375 961 3427 τούτου
1013 3376 1069 3425 ἐν
1094 3377 1158 3443 τῇ
1215 3374 1564 3442 περαματικῇ
1601 3386 1726 3422 συνο

168 3467 282 3534 ὁδῳ,
313 3467 484 3534 ἠγουν
516 3468 584 3535 τῇ
624 3468 682 3517 ἰν
721 3464 943 3534 Ἰταλίᾳ.

233 3576 473 3632 ΖΩΝΔΡ.
509 3579 645 3648 Περὶ
673 3579 1013 3630 Δονατιστῶν
1043 3576 1142 3630 καὶ
1169 3569 1324 3639 οὗτος
1345 3578 1372 3629 6
1407 3575 1587 3630 κανὼν
1613 3575 1728 3628 δια-

167 3669 440 3736 τάττεται,
471 3654 645 3724 πολλᾶ
675 3671 778 3739 μέν
805 3668 1017 3732 διεξιὼν
1039 3669 1135 3722 καὶ
1156 3669 1597 3740 ἀπολογούμενος
1645 3668 1725 3719 ὅτι

162 3761 580 3830 ὲναντιοῦταιτῇ
613 3763 672 3812 ὲν
690 3762 806 3822 τοῖς
845 3762 1036 3828 μέρεσι
1059 3759 1159 3827 τῆς
1198 3758 1430 3820 Ἰταλίας
1457 3758 1727 3830 γενομένῃ

163 3853 378 3919 συνόδῳ,
405 3852 503 3904 καὶ
542 3851 780 3921 ὀρισὰσῃ
804 3850 878 3918 μὴ
902 3849 1158 3920 δέχεσθαι
1179 3850 1307 3911 τοὺς
1335 3851 1398 3901 ὲκ
1439 3851 1538 3918 τῆς
1569 3849 1722 3913 αἰρέ-

161 3959 290 4003 σεως
312 3942 428 3998 τῶν,
452 3941 798 3993 Δονατιστῶν
840 3941 1314 4010 προσερχομένους
1362 3942 1430 4010 τῇ
1460 3939 1726 4010 ὀρθοδόξῳ

161 4038 358 4100 πίστει,
382 4034 528 4088 ὥστε
557 4035 704 4103 ἔχειν
740 4032 895 4095 αὖθις
931 4033 1128 4094 αὐτοὺς
1159 4033 1284 4093 τοὺς
1310 4031 1543 4094 οἰκείους
1574 4034 1724 4100 ίερα-

156 4128 331 4186 τικοὺς
365 4123 642 4194 βαθμούς.
705 4121 903 4172 Τυπῶν
939 4121 996 4172 δὲ
1024 4122 1118 4172 καὶ
1144 4120 1564 4188 διαταττόμενος
1596 4119 1725 4180 τοὺς

157 4213 643 4284 χειροτονηθέντας
695 4212 799 4263 ὑπὸ
853 4211 1189 4263 Δονατιστῶν
1253 4211 1570 4280 κληρικοὺς,
1629 4211 1726 4263 ἐὰν

159 4305 494 4374 προσέλθωσι
533 4309 600 4375 τῇ
660 4304 922 4373 καθολικῇ
967 4302 1290 4373 Ἐκκλησία,
1346 4301 1598 4371 δέχεσθαι
1667 4304 1724 4354 ἐν

1165 443 1245 503 IN
1284 441 1445 504 CAN.
1484 439 1672 502 LXXI
1751 440 1958 505 CONC.
2001 437 2371 503 CARTHAG.

215 578 234 609 ι
271 558 420 626 αὖτῷ
449 559 599 624 τόπῳ
639 557 1016 630 κυϐερνῶντος
1071 557 1170 626 τὴν
1219 556 1565 627 Ἐκκλησίαν,
1618 556 1714 610 εὰν
1743 564 1788 617 Α

3279 443 3384 508 286

1894 556 2239 614 «honoribus
2325 559 2723 627 suScipiatttur:
2803 564 3249 632 quemadmodum
3327 569 3382 620 in

1895 665 1912 694 ι
1949 649 2220 715 prioribus
2285 651 2612 720 temporibus
2669 657 2735 708 de
2791 657 2979 708 eadem
3039 658 3379 711 dissensione

1897 755 1914 785 ι
1953 737 2150 791 factum
2220 755 2341 796 esse
2401 736 2742 798 manifestum
2798 754 2911 807 est;
2974 748 3118 814 quod
3168 748 3383 816 quidem

1895 847 1912 878 ι
1953 829 2243 884 multarum
2293 843 2452 902 atque
2478 835 2610 888 adeo
2636 833 2747 888 fere
2803 837 3044 889 omnium
3094 838 3147 890 in
3205 839 3383 893 Africa

1895 933 1914 964 ι
1947 917 2320 985 ecclesiarum,
2397 922 2450 973 iu
2478 922 2672 989 quibus
2714 922 2801 977 hic
2835 938 2989 977 error
3029 934 3251 980 exortus
3280 937 3384 992 est,

1910 1025 1927 1056 ι
1963 1008 2206 1077 exempla
2239 1019 2524 1064 testantur.
2549 1010 2663 1067 Non
2691 1023 2748 1066 ut
2782 1016 3041 1084 synodus,
3081 1031 3198 1085 qua:
3239 1018 3303 1071 de
3324 1033 3385 1070 ea

1908 1119 1926 1152 ι
1957 1114 2016 1154 re
2049 1099 2190 1155 facta
2229 1112 2321 1156 .est
2349 1103 2404 1156 in
2449 1106 2827 1160 transmarinis
2880 1109 3143 1173 partibus,
3199 1110 3383 1166 dissol-

1899 1211 1917 1242 ε
1951 1205 2142 1257 vatur;
2173 1191 2265 1246 sed
2322 1204 2380 1246 ut
2432 1193 2560 1246 illud
2592 1206 2808 1249 maneat
2841 1197 2982 1266 apud
3025 1213 3140 1261 eos,
3172 1201 3262 1267 qui
3309 1203 3386 1254 sic

1901 1299 1919 1332 ι
1954 1282 2139 1335 volunt
2181 1283 2245 1334 ad
2290 1283 2609 1337 catholicam
2659 1285 2956 1340 Ecclesium
3026 1291 3280 1355 transire,
3329 1302 3388 1346 ιιι

1909 1389 1926 1420 ι
1967 1371 2163 1424 nullam
2199 1373 2338 1426 ineo
2379 1373 2591 1428 uuionis
2624 1376 2991 1429 concisionem
3043 1377 3257 1432 elﬁciat.
3290 1379 3391 1434 Per

1903 1476 2084 1530 «quos
2107 1471 2286 1515 autem
2343 1465 2592 1518 omnibus
2629 1467 2802 1520 modis
2858 1465 2992 1521 είῦυί
3042 1479 3096 1523 ει
3149 1472 3390 1538 adjuvari

1903 1571 1921 1603 ι
1955 1554 2277 1609 catholicam
2314 1556 2588 1621 unionem,
2636 1558 2926 1612 manifesto
2953 1560 3104 1616 lucro
3125 1562 3391 1617 fraterna.

1906 1660 1926 1692 ι
1962 1657 2076 1695 rum
2112 1646 2767 1714 auimarum,apparuerit
2788 1647 2838 1700 in
2862 1648 2925 1701 iis
2950 1648 3083 1702 locis
3114 1651 3168 1704 in
3198 1654 3389 1720 quibus

1905 1750 1923 1782 ι
1954 1732 2176 1800 degunt,
2205 1749 2271 1788 ne
2309 1748 2402 1788 eos
2428 1737 2683 1805 impediat
2712 1742 2854 1806 quod
2895 1741 3155 1796 adversus
3204 1758 3390 1796 eorum

1909 1841 1926 1873 ι
1963 1825 2195 1880 honores
2217 1826 2270 1879 in
2300 1830 2659 1882 transmarina
2688 1833 2894 1900 synodo
2912 1834 3262 1905 constitutum
3289 1844 3391 1888 cst:

1904 1932 1925 1967 ι
1956 1917 2388 1985 quandoquidem
2431 1920 2575 1973 salus
2608 1921 2733 1974 nulli
2775 1936 3019 1988 personae
3047 1925 3263 1978 exclusa
3287 1935 3393 1979 est.

1906 2025 1923 2055 ι
1957 2006 2066 2061 Ηοε
2107 2017 2209 2071 est,
2251 2019 2308 2060 ut
2343 2010 2430 2075 qui
2496 2011 2585 2078 qui
2623 2011 2839 2065 fuerunt
2889 2015 3120 2069 ordinati
3155 2031 3183 2069 a
3238 2029 3392 2086 parte

1906 2116 1923 2147 ι
1971 2097 2389 2164 Donatistarum,
2430 2101 2474 2155 si
2559 2103 2626 2156 ad
2673 2104 2998 2159 catholicam
3059 2106 3213 2161 ﬁdem
3264 2124 3390 2162 cor-

1907 2205 1924 2236 ι
1963 2188 2093 2241 recti
2124 2190 2356 2243 transire
2374 2192 2659 2258 voluerint,
2679 2209 2783 2248 non
2819 2195 3394 2250 secundumtransuta-

1905 2295 1924 2327 ι
1955 2277 2126 2331 rinam
2155 2280 2418 2347 synodum
2471 2297 2575 2334 non
2623 2266 2997 2352 suscipiantur
3057 2285 3110 2338 in
3165 2289 3394 2356 propriis

1907 2368 2291 2423 «honoribus:
2338 2373 2431 2424 sed
2483 2373 2517 2424 ii
2571 2374 2740 2440 magis
2794 2374 3201 2442 suscipiuntur,
3290 2393 3386 2446 per

1909 2475 1924 2504 ι
1955 2471 2091 2524 quos
2123 2458 2408 2513 catholicae
2438 2459 2632 2514 unitati
2673 2462 3008 2529 providetur.

1901 3022 2096 3078 BALS.
2131 3024 2228 3080 Hic
2253 3040 2465 3096 quoque
2493 3043 2663 3084 canon
2717 3040 2799 3084 est
2855 3035 3141 3100 specialis.
3194 3033 3402 3091 Placuit

1830 3114 1973 3167 enim
2017 3114 2291 3179 Patribus,
2330 3126 2387 3170 ut
2422 3119 2512 3187 qui
2546 3135 2608 3172 οε
2655 3121 2946 3177 Donatistis
2979 3125 3044 3178 ad
3092 3124 3251 3180 ﬁdem
3311 3141 3400 3181 or-

1754 3234 1797 3291 c
1833 3201 2424 3268 thodoxamaccedunt,
2477 3209 2550 3260 ita
2601 3212 2986 3278 suscipiantur,
3029 3225 3086 3267 ut
3138 3228 3264 3268 suos
3308 3231 3400 3270 sa-

1831 3307 1957 3345 cros
2007 3294 2210 3360 gradus
2245 3295 2559 3348 obtineant:
2593 3299 2804 3352 etiamsi
2837 3299 2994 3352 aliter
3023 3302 3088 3355 de
3123 3315 3186 3354 eo
3213 3303 3388 3356 visum

1829 3383 1901 3435 sit
1932 3384 1985 3435 in
2016 3386 2375 3438 transmarina
2401 3389 2628 3455 synodo,
2669 3403 2762 3442 seu
2827 3390 2880 3443 in
2918 3389 3091 3444 Italia.

1901 3577 2153 3634 ZONAR.
2219 3582 2292 3636 De
2327 3581 2622 3637 Donatistis
2656 3585 2743 3641 hic
2776 3601 2991 3657 quoque
3053 3603 3223 3643 canon
3284 3601 3396 3644 sta-

1831 3671 1952 3726 tttit.
1993 3670 2695 3743 thuidem,quamobrem
2765 3679 2818 3730 in
2851 3679 3002 3732 Italia
3055 3681 3253 3735 habitas
3307 3697 3399 3751 sy-

1831 3761 1972 3813 nodo
2005 3763 2346 3826 adversetur,
2383 3779 2488 3831 qua
2528 3765 2862 3830 Donatistas,
2896 3767 2940 3820 si
2977 3768 3043 3821 ad
3101 3769 3261 3824 Iidcm
3302 3786 3397 3825 or-

1834 3851 2126 3903 thodoxam
2157 3863 2582 3917 reverterentur,
2622 3857 2784 3925 605
2837 3858 2888 3910 in
2923 3874 3200 3913 sacrorum
3249 3865 3400 3916 ordi-

1829 3957 1955 3994 num
2016 3943 2274 4009 gradibus
2327 3959 2648 4012 permanere
2691 3950 2912 4003 vetitum
2971 3951 3165 4015 fuerat,
3217 3955 3400 4008 multis

1831 4037 2138 4104 exponitet
2196 4039 2604 4093 excusationem
2660 4045 2929 4097 contexit.
2989 4043 3124 4100 Tum
3156 4062 3285 4102 vero
3343 4059 3401 4101 ut

1826 4125 2036 4190 clerici,
2070 4128 2212 4196 quia
2246 4129 2548 4183 Donatistis
2607 4132 2826 4186 ordines
2871 4149 3184 4202 suscepere,
3238 4140 3282 4191 si
3330 4139 3399 4191 ad

1826 4215 2128 4270 Ecclesium
2172 4218 2499 4271 catholicam
2536 4233 2595 4272 se
2623 4220 2932 4285 conferant.
2965 4225 3016 4276 iu
3071 4227 3188 4280 suis
3250 4228 3400 4281 ordi-

1827 4307 1986 4360 nibus
2023 4317 2297 4371 maneant,
2328 4322 2629 4378 eorumque
2679 4315 3079 4382 praerogativis,
3145 4331 3242 4384 pro
3295 4334 3394 4371 cu-

157 4400 262 4459 ταῖς
295 4397 532 4457 οἰκείαις
571 4397 788 4464 τιμαῖς,
829 4394 968 4446 ὥστε
1022 4395 1226 4462 δηλαδὴ
1279 4394 1425 4463 ἔχειν
1479 4395 1722 4454 ὲκείνους

1827 4397 2017 4466 iusque
2047 4400 2252 4453 ordinis
2292 4402 2525 4465 ratione,
2574 4401 2860 4469 fruantur;
2920 4422 3092 4472 neque
3154 4423 3278 4461 vero
3335 4410 3401 4465 iis

158 4489 270 4548 τοὺς
301 4488 544 4549 οἰκείους
593 4485 864 4555 βαθμοὺς,
889 4487 982 4537 καὶ
1012 4485 1133 4538 κατ’
1161 4485 1407 4546 ἐκείνους
1431 4484 1720 4552 τιμᾶσθαι,

1826 4491 2148 4558 spolientur,
2185 4491 2638 4558 quemadmodum
2673 4496 2724 4547 in
2774 4501 3134 4551 transmarina
3192 4503 3398 4568 synodo

160 4577 246 4626 καί
284 4576 360 4644 μὴ
388 4578 536 4628 κατὰ
557 4554 660 4644 τὴν
683 4554 1073 4643 περαματικὴν
1095 4575 1340 4634 σύνοδον,
1369 4573 1444 4644 μὴ
1467 4575 1718 4643 δέχεσθαι

1827 4580 2175 4633 constitutum
2196 4579 2395 4646 fuerat,
2419 4583 2742 4639 decernunt.
2777 4583 3222 4641 Transmarinam
3266 4605 3398 4644 vero

159 4669 272 4728 τοὺς
290 4666 572 4726 τοιούτους
607 4664 666 4716 ἑν
695 4667 814 4726 ταῖς
859 4668 1042 4733 τιμαῖς
1095 4666 1293 4718 αὐτῶν.
1335 4665 1722 4736 Ιίεραματικὴν

159 4756 209 4806 δὲ
231 4757 446 4810 σύνοδον
475 4757 623 4823 λέγει
649 4756 746 4826 τὴν
772 4759 832 4808 ὲν
884 4755 1083 4826 Ἰταλίᾳ
1103 4757 1427 4831 γενομένην,
1462 4757 1536 4817 ὼς
1568 4755 1721 4826 εἰρη-

161 4863 261 4900 ται.
296 4849 621 4916 Δεχομένων
647 4848 778 4916 γὰρ,
801 4851 955 4914 φησί,
1002 4846 1108 4899 τῶν
1136 4844 1482 4898 Δονατιστῶν
1521 4849 1580 4899 ὲν
1608 4848 1722 4908 τοῖς

162 4939 370 5000 οἰκείοις
397 4939 656 5007 βαθμοῖς,
682 4938 918 5004 πρόνοια
967 4937 1178 5005 γίνεται
1225 4943 1291 5008 τῇ
1315 4937 1577 5006 καθολικῇ
1603 4938 1723 4989 ἑνό-

165 5047 278 5098 τητι
297 5046 310 5059 ο
348 5031 620 5082 πλειόνων
647 5028 895 5098 δηλονότι
928 5027 1075 5081 οὕτω
1101 5029 1406 5098 μελλόντων
1434 5030 1722 5100 προσιέναι

167 5123 222 5185 τῇ
253 5119 518 5188 ὀρθοδόξῳ
567 5119 776 5183 πίστει,
835 5119 930 5171 καὶ
970 5120 1219 5188 ένότητος
1272 5119 1571 5190 γενομένης
1610 5119 1721 5173 τῶν

167 5212 538 5265 πιστευόντων.

169 5323 366 5380 ΔΡΙΣΤ.
416 5343 436 5375 ε
475 5325 540 5375 Οἱ
569 5323 673 5376 ὑπὸ
698 5323 806 5375 τῶν
837 5323 1166 5377 Δονατιστῶν
1197 5327 1719 5397 κεχειροτονημένοι,

231 5432 247 5460 ι
288 5417 334 5464 εἰ
367 5414 461 5465 καὶ
484 5414 553 5481 τῇ
595 5411 836 5480 πέραθεν
865 5413 1064 5479 συνόδῳ
1116 5416 1544 5482 μεταμελόμενοι
1580 5421 1724 5471 ἀπο-

230 5524 247 5557 t
288 5507 616 5570 κέκλεινται,
661 5505 776 5557 ἀλλ’
803 5507 925 5558 ἐπεὶ
951 5508 1011 5559 τὸ
1038 5507 1271 5576 σωθῆναι
1301 5511 1504 5572 πάντας
1537 5511 1720 5576 καλὸν,

229 5619 245 5649 ‹
289 5600 660 5670 διορθούμενοι
691 5599 1196 5670 προσδεχέσθωσαν.
1237 5620 1256 5652 ι

225 5710 373 5766 Οὗτοι
402 5715 455 5765 οἰ
491 5711 808 5765 Δονατισταί
840 5713 1288 5781 μεταμελόμενοι,
1328 5716 1424 5767 καὶ
1459 5714 1554 5784 τὴν
1583 5716 1720 5769 ἰδίαν

165 5804 628 5875 ἁναθεματίζοντες
661 5803 892 5873 αἵρεσιν,
914 5804 1004 5857 ἐπὶ
1043 5805 1138 5870 τῆς
1175 5804 1309 5868 ἰδίας
1338 5811 1499 5878 τιμῆς
1537 5808 1720 5875 μένει-1

465 5900 698 5960 Ρλτιωι
720 5937 740 5961 .
781 5897 900 5960 Gtt.
937 5899 1318 5965 CXXXVIII.

1823 4676 2110 4742 synodum,
2142 4689 2260 4728 eam
2287 4690 2406 4743 qua:
2451 4676 2503 4729 in
2546 4677 2732 4756 Italia,
2794 4686 2852 4732 ut
2898 4680 3153 4744 diximus,
3209 4693 3395 4736 coacta

1823 4777 1926 4830 est,
1954 4769 2222 4820 nominat.
2259 4768 2391 4822 Cum
2417 4769 2558 4822 enim
2596 4769 2926 4836 Donatistas,
2959 4769 3158 4838 inquit,
3212 4771 3266 4823 iu
3297 4787 3396 4824 suo

1824 4871 2093 4924 quemque
2124 4857 2314 4909 ordine
2350 4858 2680 4926 suscipimus
2717 4860 3003 4913 catholica
3053 4861 3214 4913 simul
3276 4862 3398 4914 uni-

1825 4947 1920 4998 tati
1955 4945 2341 5015 prospicimus.
2373 4948 2447 5000 Ex
2475 4948 2578 5002 hoc
2637 4963 2870 5015 namque
2927 4948 3042 5012 ﬁet,
3103 4957 3162 5002 ut
3215 4952 3396 5018 plures

1824 5039 2176 5090 orthodoxam
2198 5037 2357 5091 ﬁdem
2392 5037 2813 5105 amplectantur,
2847 5055 2910 5092 ac
2952 5040 3174 5107 proinde
3221 5040 3395 5108 magis

1824 5142 1888 5180 ac
1915 5127 2084 5196 magis
2112 5128 2164 5181 in
2210 5128 2326 5183 dies
2357 5131 2694 5183 credentium
2735 5132 2912 5184 unitas
2941 5132 3228 5184 coalescat.

1828 5328 2051 5384 ARIST.
2091 5348 2109 5380 ι
2144 5328 2244 5396 Qui
2294 5344 2322 5382 a
2392 5328 2685 5384 Donatistis
2727 5330 3083 5396 ordinantur,
3112 5330 3325 5384 etiamsi
3363 5346 3393 5384 a

1900 5441 1918 5473 ι
1958 5425 2165 5494 synodo
2198 5426 2562 5480 transmarina
2599 5425 2977 5494 resipisceutes
3011 5423 3212 5477 exclusi
3243 5434 3390 5489 sunt,

1901 5534 1918 5566 ι
1967 5531 2088 5568 cum
2118 5530 2248 5569 vero
2280 5517 2482 5569 bouttm
2518 5517 2589 5571 sit
2632 5526 2692 5568 ut
2717 5529 2908 5569 omnes
2938 5513 3233 5580 salventur,
3261 5513 3304 5568 si
3337 5530 3395 5567 se

1901 5623 1918 5656 ι
1960 5607 2254 5673 corrigunt,
2295 5608 2641 5676 recipiantur.
2684 5627 2702 5659 ι

1897 5721 1958 5775 lIi
2004 5721 2291 5774 Donatista:
2324 5722 2640 5788 pmnitcntia
2676 5724 2803 5784 acti,
2840 5733 2888 5775 ct
2939 5724 3208 5792 prapriam
3257 5734 3391 5773 ana-

1827 5812 2244 5868 tltcmatizautes
2275 5811 2545 5879 haeresim,
2580 5813 2633 5867 in
2686 5815 2903 5885 preprio
2937 5815 3142 5868 li0uore
3176 5821 3395 5866 manere

2996 5905 3028 5965 9
