4000 6434
590 429 690 492 26Ὶ

1834 423 2107 486 ΤΗΕΟΙ).
2151 424 2546 484 BALSAMON

3722 422 3834 482 ‘268

600 539 1003 606 permittuntur,
1037 550 1088 594 et
1123 541 1176 593 in
1213 541 1488 595 catholica
1517 537 1769 594 Ecclesiae
1803 535 1947 589 clero
1979 534 2132 587 collo-

2289 539 2727 607 υνεχωρὴθησαν,
2758 539 2849 593 καὶ
2885 540 2962 611 τῷ
2997 539 3181 609 κλήρῳ
3208 536 3307 603 τῆς
3342 535 3636 603 καθολικῆς
3710 537 3838 586 ΊΞκ-

599 630 707 682 rari
729 671 742 685 .
767 633 886 698 quia
921 631 1094 684 Africa
1125 632 1287 684 multa
1314 633 1524 686 laborat
1552 630 1865 684 clericorum
1890 632 2144 686 egestate.

1117 805 1341 860 CANUN
1412 805 1621 859 LXX“.

601 915 616 944 ι
663 895 728 948 Ut
759 895 950 962 legatio
980 897 1222 949 mittatur
1256 899 1320 949 ad
1355 895 1658 950 Donatistas
1687 895 1750 947 de
1774 907 2142 963 componenoa

665 1003 684 1036 ι
725 1001 872 1052 pace.
909 986 1095 1040 Postea
1139 988 1357 1053 placuit,
1422 997 1478 1037 ut
1530 986 1612 1038 his
1661 985 1798 1039 actis
1846 999 1910 1038 ex
1963 993 2149 1037 nostro

667 1091 682 1121 ι
725 1089 946 1128 numero
981 1077 1256 1126 mittantur
1304 1075 1462 1144 legati
1515 1091 1610 1141 pro
1644 1073 1980 1142 prmdicanda
2019 1086 2149 1140 pace

664 1181 680 1212 ι
715 1173 766 1216 et
818 1165 1036 1224 unione,
1069 1165 1184 1217 sine
1230 1180 1334 1232 qua
1385 1165 1816 1218 Christianorum
1852 1162 1997 1216 salus
2046 1176 2148 1214 non

666 1273 682 1302 ι
721 1262 896 1320 potest
949 1255 1270 1316 consistere,
1316 1252 1381 1305 ad
1435 1253 1672 1320 ipsorum
1710 1252 2147 1312 Donatistarum,

666 1359 683 1389 ι
719 1342 830 1393 sive
876 1357 1010 1408 quos
1055 1343 1250 1396 habent
1298 1343 1599 1410 episcOpos,
1658 1340 1770 1394 sive
1816 1338 2002 1404 laicos;
2058 1351 2151 1405 per

667 1447 683 1476 ι
724 1444 861 1494 quos
910 1430 1111 1497 legatos
1170 1432 1414 1484 omnibus
1468 1432 1794 1494 innutesrat,
1829 1429 1969 1496 quod
2020 1426 2149 1480 nihil

661 1535 677 1565 ι
720 1518 1138 1583 habentjustum
1192 1520 1453 1573 rationive
1503 1529 1923 1573 consentaneum
1951 1555 1966 1577 ,
2005 1516 2148 1584 quod

662 1626 677 1655 ι
718 1609 896 1660 dicant
926 1610 1177 1662 adversus
1204 1611 1520 1663 catholicam
1546 1609 1842 1664 Ecclesiam
1874 1626 1888 1660 :
1920 1609 2150 1660 maxime

660 1713 677 1745 ι
721 1705 777 1747 ιιι
810 1697 1156 1752 manifestum
1195 1700 1265 1753 sit
1290 1701 1538 1753 omnibus
1567 1713 1661 1766 per
1689 1708 1808 1751 acta
1840 1698 2146 1764 municipa-

664 1804 680 1835 ι
724 1787 790 1839 lia
817 1824 833 1852 ,
865 1789 928 1838 ad
956 1789 1110 1841 iidem
1135 1789 1574 1841 dctnonstrationi
1603 1787 1972 1842 astruendam.
2003 1787 2147 1840 sicut

665 1895 680 1924 ι
723 1877 754 1928 ii
793 1879 857 1929 dc
891 1877 1294 1932 Maximianistis
1327 1879 1555 1946 propriis
1587 1878 1948 1931 schismatieis
1997 1875 2144 1932 rece-
2177 1851 2221 1909 Β

666 1985 682 2015 ι
726 1978 866 2030 ruut;
888 1969 974 2019 uhi
1013 1969 1142 2034 ipsis
1172 1969 1422 2022 divinitus
1449 1968 1782 2030 ostenditur,
1814 1969 1858 2020 si
1895 1969 2144 2022 conside-

658 2075 677 2107 ι
724 2071 842 2110 rare
873 2059 1157 2124 voluerint,
1197 2076 1289 2113 eos
1341 2071 1444 2112 Iam
1484 2059 1681 2126 injuste
1710 2069 1833 2112 tunc
1866 2060 1932 2113 ab
1964 2060 2144 2113 eccle-

663 2164 680 2195 ι
721 2148 936 2198 siastica
976 2151 1172 2202 unione
1220 2150 1488 2202 abscissos
1515 2189 1528 2213 ,
1578 2163 1737 2217 quam
1782 2148 1879 2214 ipsi
1915 2149 2146 2202 clamant

665 2258 679 2284 ι
727 2237 918 2305 injuste
983 2237 1403 2290 Maximianistas
1455 2253 1482 2290 a
1535 2253 1593 2290 se
1623 2251 1742 2291 eSse
1775 2238 2030 2291 divulsos.
2071 2237 2146 2290 Ex

656 2345 672 2375 ι
714 2341 893 2378 eorum
927 2337 1102 2380 autem
1131 2341 1382 2390 numero,
1414 2342 1548 2394 quos
1575 2337 1758 2396 aperta
1787 2327 1983 2394 proprii
2017 2341 2145 2380 eon-

663 2434 678 2465 ι
718 2416 821 2467 silii
884 2420 1205 2470 auctoritate
1255 2419 1792 2477 condemnaverunt,
1849 2425 2034 2483 postea
2089 2415 2141 2467 in

660 2524 675 2554 ι
716 2507 943 2573 propriis
974 2506 1265 2560 honoribus
1294 2515 1644 2572 susceperunt
1673 2522 1685 2557 :
1712 2514 1766 2558 et
1796 2505 2141 2572 baptismum,

661 2614 678 2644 ι
720 2610 877 2660 quem
913 2596 1108 2649 dedere
1137 2597 1196 2658 ii,
1229 2597 1323 2664 qui
1358 2598 1495 2664 apud
1529 2595 1672 2661 ipsos
1721 2594 2060 2648 condemnati
2091 2603 2145 2646 et

659 2706 677 2738 ι
715 2690 870 2755 ejecti
899 2698 1046 2750 sunt,
1076 2689 1425 2750 admiserunt,
1452 2696 1508 2739 ut
1534 2688 1846 2740 ostendatur
1875 2685 2142 2754 quomodo

654 2793 672 2826 ι
714 2776 878 2827 stulto
909 2777 1070 2829 corde
1102 2777 1217 2842 paci
1251 2775 1502 2828 Ecclesia
1541 2776 1912 2838 adversantur,
1943 2789 2060 2841 quae
2085 2776 2138 2825 in

669 2886 684 2914 ι
731 2868 978 2919 universo
1029 2867 1157 2918 orbe
1204 2864 1396 2918 nitl‘usa
1446 2873 1547 2918 est.
1598 2863 1721 2917 llrec
1774 2874 1996 2933 agentes
2047 2877 2142 2930 pro

654 2975 671 3007 ι
719 2967 867 3022 parte
903 2957 1111 3015 Donati,
1157 2965 1211 3008 et
1256 2955 1493 3008 dicentes
1548 2953 1753 3021 seipsos
1809 2969 1915 3007 non
1976 2953 2140 3022 pollui

657 3070 672 3098 ι
716 3049 1090 3101 communione
1116 3061 1324 3108 eorum,
1374 3046 1463 3112 qui
1513 3058 1542 3096 a
1598 3060 1656 3098 se
1717 3055 1934 3113 prepter
1987 3043 2139 3111 pacis

652 3159 669 3188 ι
709 3141 1080 3191 necessitatem
1134 3137 1368 3205 suscepti
1419 3145 1586 3190 sunt:
1627 3137 1907 3188 nobiscum
1961 3142 2137 3186 autem

653 3245 668 3277 ι
714 3229 1122 3286 comeiidentes,
1156 3228 1255 3279 hoc
1281 3237 1382 3289 est,
1421 3241 1543 3278 cum
1574 3225 1836 3278 catholica
1865 3223 2129 3286 Ecclesia,

651 3333 668 3364 ι
712 3332 829 3382 qum:
866 3316 946 3366 vel
989 3315 1039 3366 in
1089 3316 1348 3367 extremis
1397 3315 1640 3380 partibus
1672 3315 1817 3366 orbis
1849 3313 2133 3372 consistit,

651 3424 668 3455 ι
719 3420 811 3472 per
839 3405 1090 3472 pollutam
1119 3419 1302 3457 eorum
1331 3404 1785 3463 couununionem.
1817 3418 1953 3471 quos
1987 3405 2134 3471 prius

647 3515 664 3544 ι
708 3509 895 3547 omnes
931 3495 1278 3557 accusabant,
1315 3496 1456 3562 ipsos
1482 3508 1772 3564 coarguere
1813 3510 1915 3547 non
1946 3505 2136 3563 potuc-

649 3600 666 3632 ι
718 3591 858 3634 runt.
907 3597 925 3630 ι

644 4055 835 4109 ιιιιδ.
878 4054 974 4107 llic
1005 4069 1218 4122 quoque
1266 4071 1502 4123 praesens
1528 4071 1700 4112 canon
1734 4060 1798 4112 de
1839 4059 2134 4116 Donatistis

579 4150 836 4213 loquitur.
874 4147 1054 4199 Visum
1083 4158 1160 4200 est
1193 4149 1334 4200 enim
1366 4159 1422 4201 ut
1446 4149 1606 4217 aliqui
1641 4151 1705 4203 ad
1731 4165 1824 4204 eos
1860 4153 2136 4206 mitteren-

572 4251 658 4290 ιιιι·
689 4239 844 4304 ιιιελιιί
875 4254 969 4304 pro
1010 4255 1138 4306 pace
1165 4249 1216 4291 et
1246 4241 1463 4298 unione,
1499 4251 1551 4291 et
1596 4241 1659 4291 ad
1692 4244 2081 4294 oswmlendnm
2113 4284 2129 4309 ,

569 4327 707 4392 quod
741 4327 774 4377 ii
814 4342 915 4378 non
951 4337 1096 4378 recte
1141 4331 1498 4380 adversantur
1527 4329 1802 4383 catholica:
1840 4331 2128 4396 Ecclesiae;

569 4426 622 4467 ct
655 4418 792 4483 quod
825 4417 988 4482 aliqui
1034 4417 1194 4469 etiam
1220 4431 1311 4470 eos
1361 4432 1422 4469 ex
1475 4417 1903 4482 Maximianistis,
1937 4422 2026 4489 qui
2061 4421 2128 4474 ab

570 4507 648 4557 eis
679 4507 896 4573 injuste,
925 4516 980 4556 ut
1015 4506 1110 4573 ipsi
1146 4507 1351 4569 dicunt,
1384 4508 1731 4561 desciverunt
1761 4548 1777 4571 ,
1805 4511 2124 4578 suscipiunt,

567 4607 616 4647 et
667 4611 786 4648 cum
837 4597 940 4650 illis
994 4599 1427 4662 communicant;
1469 4607 1522 4651 et
1572 4613 1706 4668 quos
1762 4615 1858 4653 suo
1911 4603 2129 4669 proprio

566 4687 795 4739 consilio
819 4687 1264 4747 condemnarunt.
1292 4699 1473 4755 postea
1507 4691 1558 4741 in
1587 4692 1813 4758 propriis
1836 4691 2129 4747 honoribus

566 4785 949 4842 susceperunt;
982 4785 1034 4827 et
1065 4777 1208 4842 quod
1244 4791 1355 4838 eos.
1393 4793 1531 4846 quos
1563 4780 1651 4846 qui
1699 4782 1766 4832 ab
1822 4781 1952 4846 ipsis
1999 4791 2127 4834 sunt

565 4865 926 4928 cmulemnati,
945 4875 1000 4916 et
1028 4866 1094 4917 ab
1120 4879 1182 4918 eo
1201 4868 1344 4932 quod
1369 4867 1470 4920 illis
1495 4882 1576 4920 est
1607 4871 1909 4922 sacerdotio
1938 4870 2123 4936 ejecti,

565 4953 991 5022 haptizavernnt.
1028 4971 1332 5026 suscepere;
1365 4969 1417 5013 et
1451 4961 1592 5026 quod
1621 4964 1733 5014 haec
1769 4972 1990 5030 agentes
2020 4979 2125 5017 non

564 5056 622 5094 se
652 5044 813 5109 pollui
848 5044 1050 5096 dicunt.

633 5216 795 5284 606
819 5217 1063 5270 ZONAR.
1103 5219 1225 5273 llaec
1251 5237 1463 5292 quoque
1489 5223 1556 5276 de
1580 5225 1890 5280 Donatistis.
1921 5228 1998 5281 Ad
2029 5242 2123 5283 eos

567 5322 795 5374 namque
826 5309 958 5360 mitti
1005 5325 1032 5360 e
1060 5313 1298 5379 synodali
1350 5326 1615 5367 conventu
1651 5317 1854 5382 legatos
1903 5318 2121 5386 placuit,

565 5398 654 5463 qui
694 5399 834 5464 ipsos
865 5400 930 5451 ad
964 5415 1170 5468 pacem,
1205 5405 1572 5472 unitatemque
1605 5422 1727 5460 cum
1775 5406 1990 5461 Eccesia
2031 5426 2122 5463 ca-

578 5486 769 5538 tholira
798 5489 1111 5543 tiriuandam
1141 5493 1503 5547 hortarentur.
1529 5495 1762 5550 Doceant
1791 5513 1882 5552 eos
1900 5511 2123 5568 przeter-

565 5589 650 5640 ea,
694 5578 914 5630 minime
951 5589 1091 5634 recte
1124 5580 1323 5644 facere,
1370 5587 1508 5650 quod
1543 5587 1922 5642 ecclesiaSticte
1953 5593 2122 5658 quieti

568 5669 965 5721 constitutionis
992 5672 1377 5736 adversentur;
1417 5689 1586 5741 neque
1611 5676 1734 5742 jure
1770 5690 1989 5747 propter
2023 5682 2122 5736 di-

569 5759 737 5811 visam
769 5760 1004 5828 ipsorum
1034 5766 1459 5820 communionem
1493 5783 1611 5823 cum
1659 5771 1898 5827 Ecclesia
1923 5777 2117 5830 catho-

2250 628 2474 690 κλησίας
2506 629 2913 694 συντάττεσθαι,
2945 631 3032 684 διὰ
3081 631 3140 683 τὸ
3181 627 3278 697 τὴν
3318 625 3581 697 Ἀφρικὴν
3625 625 3837 694 πολλὴν

2250 717 2450 770 ἔνδειαν
2481 720 2755 790 κληρικῶν
2781 720 2946 789 ἔχειν.

2589 879 2594 883 _
2829 809 3066 864 KANQN
3107 809 3228 864 UB'.

2255 917 2272 948 ι
2321 899 2454 968 Περὶ
2481 900 2574 953 τοῦ
2599 900 2893 970 πρεσϐείαν
2923 902 3058 970 πρὸς
3087 902 3211 963 τοὺς
3235 897 3560 960 Δονανιστὰς
3588 899 3840 950 ἀποστα-

2323 1008 2342 1041 ι
2389 991 2545 1058 λῆναι
2600 993 2762 1062 χάριν
2813 989 2906 1046 τοῦ
2967 993 3046 1054 εἰς
3109 991 3208 1061 τὴν
3251 993 3476 1060 εἰρήνην
3530 988 3838 1041 συνθεῖναι.

2323 1099 2344 1131 ι
2393 1083 2624 1149 Ἥρεσεν
2652 1082 2860 1147 ἔπειτα,
2909 1082 3050 1136 ὥστε
3104 1082 3311 1134 τούτων
3342 1079 3703 1151 πραχθέντων
3751 1094 3844 1130 το-

2323 1186 2341 1218 ι
2385 1170 2694 1239 ποτηρητὰς
2727 1174 2856 1240 περὶ
2904 1172 2998 1226 τοῦ
3035 1171 3264 1242 κηρῦξαι
3302 1173 3529 1241 εἰρήνην
3581 1171 3678 1222 καὶ
3725 1169 3846 1222 ἐνό-

2325 1277 2342 1308 ι
2391 1276 2546 1328 τητα,
2593 1256 2804 1330 ἧστινος
2848 1262 3016 1331 χωρὶς
3043 1265 3076 1332 ἡ
3107 1264 3218 1316 τῶν
3263 1264 3602 1330 Χριστιανῶν
3655 1272 3843 1327 σωτηο

2325 1365 2342 1396 ι
2389 1346 2480 1416 ρία
2503 1347 2859 1401 καθίστασθαι
2889 1351 2950 1400 οὐ
2987 1349 3234 1414 δύναται,
3267 1349 3588 1417 πεμφθῆναι
3643 1351 3714 1400 ὲκ
3748 1348 3844 1398 τοῦ

2327 1455 2344 1486 ⁶
2391 1438 2657 1507 ἡμετέρου
2688 1439 2924 1508 ἀριθμοῦ
2965 1440 3102 1509 πρὸς
3139 1442 3265 1502 τοὺς
3297 1441 3408 1492 τῶν
3439 1439 3621 1492 αὐτῶν
3677 1442 3848 1490 Δονα-

2327 1548 2345 1580 ι
2385 1531 2602 1596 τιστῶν,
2669 1533 2776 1586 εἴτε
2832 1533 2983 1596 τινὰς
3037 1534 3251 1602 ἔχουσιν
3314 1536 3675 1596 ἐπισκόπους,
3730 1535 3845 1584 εἴτε

2329 1638 2347 1670 ι
2396 1621 2614 1685 λαῖκούς
2636 1640 2650 1654 ·
2679 1624 2746 1677 δι’
2785 1618 2858 1676 ὧν
2885 1623 3278 1692 τοποτηρητῶν
3302 1625 3468 1675 πᾶσιν
3529 1625 3587 1674 ὲν
3627 1623 3846 1688 γνώσει

2325 1731 2342 1763 ι
2389 1713 2634 1781 γένηται,
2665 1713 2737 1776 ὠς
2780 1714 2931 1766 οὐδὲν
2978 1714 3190 1782 ἔχουσιν
3253 1713 3476 1780 εὔλογον
3541 1713 3690 1764 κατὰ
3739 1715 3846 1778 τῆς

2325 1822 2342 1852 ι
2389 1802 2681 1870 καθολικῆς
2739 1804 3097 1872 Ἐκκλησίας·
3163 1804 3399 1873 μάλιστα
3453 1802 3541 1854 ἵνα
3593 1800 3846 1868 φανερδν

2323 1913 2341 1945 ι
2390 1896 2521 1946 πᾶσι
2584 1895 2812 1963 γένηται
2850 1895 2936 1946 διὰ
2965 1894 3072 1946 τῶν
3123 1893 3553 1961 πολιχνιωτικῶν
3613 1908 3848 1959 πεπρα-

2325 2004 2341 2035 ι
2384 1985 2601 2052 γμένων
2634 1986 2768 2054 πρὸς
2800 1986 3064 2037 πίστωσιν
3093 1986 3190 2053 τῆς
3233 1983 3588 2047 ἀποδείξεως,
3632 1981 3845 2047 ὥσπερ

2323 2090 2341 2122 ι
2388 2075 2540 2125 αὐτοὶ
2562 2075 2692 2141 περὶ
2736 2074 2842 2126 τῶν
2876 2071 3322 2142 Μαξιμιανιστῶν
3371 2073 3478 2124 τῶν
3505 2074 3653 2124 ἰδίων
3718 2089 3845 2140 σχι-

2323 2182 2340 2213 ι
2388 2165 2666 2231 σματικῶν
2699 2165 2961 2234 ἔπραξαν,
2992 2165 3122 2218 ἔνθα
3165 2166 3346 2226 αὐτοῖς
3386 2165 3570 2216 θεόθεν
3613 2165 3847 2216 ἀποδεί-

2320 2270 2337 2302 ι
2385 2269 2624 2330 κνυνται,
2659 2255 2752 2306 ἐὰν
2780 2255 3083 2325 δπισκῆψαι
3104 2255 3402 2325 θελήσοιεν,
3427 2256 3599 2318 οὕτως
3625 2259 3844 2319 ἀδίκως

2320 2362 2337 2394 ι
2385 2345 2504 2396 τότε
2526 2346 2720 2406 αὐτοὺς
2747 2347 2856 2398 ἀπὸ
2901 2347 2999 2415 τῆς
3051 2347 3513 2416 ὲκκλησιαστικῆς
3574 2348 3844 2411 ὲνὼσεως

2321 2451 2339 2482 ι
2385 2434 2808 2502 ἀποσχίσαντας,
2875 2433 3065 2504 ὥσπερ
3128 2437 3425 2504 κράξουσιν
3473 2438 3679 2499 ἀδίκως
3738 2428 3842 2490 ἀπ’

2319 2540 2337 2571 ι
2384 2523 2562 2574 αὐτῶν
2591 2525 2716 2586 τοὺς
2741 2525 3178 2593 Μαξιμιανιστὰς
3218 2526 3313 2578 νῦν
3359 2527 3682 2594 ἀποσχίσαι.
3732 2527 3842 2579 Ἐκ

2317 2632 2335 2664 ι
2382 2613 2436 2665 δὲ
2467 2614 2560 2666 τοῦ
2594 2615 2826 2684 ἀριθμοῦ
2858 2615 3353 2681 τούτων,οὓστινας
3383 2617 3592 2685 φανερᾷ
3611 2617 3716 2684 τῆς
3757 2617 3840 2667 οἰ-

2319 2723 2338 2754 ι
2383 2703 2534 2766 κείας
2567 2705 2761 2773 βουλῆς
2785 2705 3040 2776 αὑθεντίᾳ
3073 2706 3458 2769 κατεδίκασαν,
3479 2706 3617 2773 μετὰ
3647 2706 3838 2759 ταῦτα

2321 2812 2339 2844 ι
2385 2795 2440 2845 ὲν
2469 2797 2590 2856 ταῖς
2622 2796 2778 2856 ἰδίαις
2807 2799 2994 2864 τιμαῖς
3017 2797 3338 2861 ἀνεδέξαντο
3369 2812 3384 2825 '
3415 2797 3512 2848 καὶ
3539 2797 3603 2848 τὸ
3631 2796 3843 2863 βάπτι-

2319 2903 2336 2934 ι
2385 2901 2519 2952 σμα,
2552 2885 2580 2935 ὃ
2611 2887 2664 2936 οἰ
2699 2887 2828 2952 παρ’
2850 2887 3032 2946 αὑτοῖς
3064 2886 3582 2952 καταδεδικασμένοι
3615 2887 3718 2938 καὶ
3742 2889 3840 2940 ὲκο

2319 2991 2337 3023 ι
2385 2974 2709 3043 ϐεϐλημένοι
2750 2975 3038 3041 δεδώκασι,
3085 2975 3496 3045 προσεδέξαντο,
3564 2979 3705 3046 πρὸς
3774 2981 3838 3030 τὸ

2315 3083 2332 3113 ι
2379 3062 2673 3132 δειχθῆναι,
2709 3065 2821 3125 πῶς
2853 3067 3013 3134 μωρᾷ
3045 3065 3240 3134 καρδίᾳ
3295 3066 3714 3118 ἀντιτάσσονται
3763 3071 3835 3136 τῇ

2319 3173 2336 3203 ι
2383 3155 2575 3224 εἰρήνῃ
2601 3155 2696 3222 τῆς
2727 3155 3074 3224 Ἐκκλησίας,
3105 3156 3202 3222 τῆς
3231 3157 3288 3207 ὲν
3330 3157 3492 3208 παντὶ
3526 3156 3603 3224 τῷ
3628 3157 3835 3225 κόσμῳ

2319 3261 2334 3292 ι
2380 3242 3002 3312 διακεχυμένης.’1“αὖτα
3064 3243 3342 3305 ποιοῦντες
3396 3245 3531 3313 ὑπὲρ
3576 3244 3672 3296 τοῦ
3730 3247 3836 3315 μέ-

2319 3356 2335 3382 ι
2383 3349 2510 3400 ρους
2549 3334 2641 3384 τοῦ
2697 3335 2950 3397 Δονάτου,
2997 3335 3088 3385 καὶ
3157 3335 3231 3404 μὴ
3280 3335 3530 3402 λέγοντες
3593 3338 3834 3396 ἑαυτοὺς

2315 3441 2331 3471 ι
2387 3423 2708 3488 μολύνεσθαι
2739 3427 2802 3490 τῇ
2836 3426 3092 3492 κοινωνίᾳ
3117 3427 3224 3476 τῶν
3278 3426 3408 3494 παρ’
3436 3428 3619 3486 αὐτοῖς
3676 3427 3830 3478 ούτω

2316 3533 2332 3562 ι
2379 3513 2464 3564 διὰ
2517 3516 2574 3565 τὸ
2626 3515 2880 3567 ἀκούσιον
2950 3515 3046 3583 τῆς
3104 3517 3327 3583 εἰρήνης
3375 3515 3829 3582 ἀναδεχθέντων·

2315 3625 2332 3654 ι
2383 3608 2511 3672 ἡμῖν
2539 3607 2592 3658 δὲ
2625 3607 3079 3674 φιλονεικοῦντες,
3114 3606 3258 3657 τοῦτ’
3287 3608 3404 3657 ἔστι
3450 3609 3514 3673 τῇ
3551 3605 3824 3676 καθολικῇ

2316 3714 2332 3744 ι
2381 3696 2697 3763 Ἐκκλησία,
2721 3696 2798 3746 ἔτι
2833 3697 2940 3764 μὴν
2972 3697 3064 3746 καὶ
3093 3698 3155 3764 τῇ
3185 3698 3242 3747 ὲν
3286 3697 3397 3756 τοῖς
3434 3695 3688 3762 ἐσχάτοις
3725 3696 3830 3762 μὲ-

2317 3805 2334 3835 ι
2385 3803 2498 3855 ρεσι
2536 3787 2632 3853 τῆς
2659 3788 2756 3854 γῆς
2793 3787 3134 3855 καθεστώσῃ,
3170 3788 3256 3837 διὰ
3273 3787 3380 3853 ’τῆς
3413 3802 3829 3855 ’μεμιασμένης

2315 3898 2332 3929 ι
2378 3880 2580 3929 τούτων
2602 3881 2906 3941 κοινωνίας,
2932 3873 3169 3930 ὧντινων
3189 3878 3453 3946 πρότερον
3479 3880 3828 3949 κατῃτιῶντο

2314 3988 2331 4019 ι
2379 3973 2597 4032 πάντες,
2620 3969 2832 4032 ἐλέγξαι
2857 3969 3050 4029 αὐτοὺς
3083 3970 3182 4018 οὐκ
3212 3968 3570 4036 ἠδυνήθησαν.
3613 3987 3631 4019 ι

2307 4061 2503 4112 ΒΑΛΣ.
2528 4061 2634 4110 Καὶ
2655 4056 2806 4120 οὗτος
2839 4062 2863 4109 ὁ
2888 4059 3074 4127 παρὼν
3105 4059 3284 4112 κανὼν
3315 4064 3443 4125 περὶ
3491 4061 3599 4111 τῶν
3644 4063 3823 4114 Δονα-

2237 4150 2429 4202 τιστὼν
2463 4165 2644 4217 φησιν.
2682 4151 2868 4211 Ἔδοξε
2899 4151 3006 4218 γὰρ
3032 4151 3287 4218 σταλῆναί
3335 4167 3489 4211 τινας
3539 4151 3677 4218 πρὸς
3724 4155 3828 4204 αύ-

2235 4245 2358 4301 τοὺς
2387 4243 2759 4308 τοπςττιρητάς
2788 4243 2948 4307 χάριν
2978 4241 3200 4308 εἰρήνης
3246 4239 3343 4291 καὶ
3387 4242 3652 4307 ἑνώσεως,
3722 4247 3824 4295 καὶ

2236 4333 2392 4398 χάριν
2427 4328 2516 4382 τοῦ
2543 4329 2824 4390 ἀποδεῖξαι
2852 4329 2933 4378 ὃτι
2963 4328 3022 4378 οὑ
3084 4327 3263 4388 καλῶς
3297 4329 3712 4382 ἁντιτάσσονται
3747 4335 3819 4400 τῇ

2238 4420 2491 4488 καθολικῇ
2527 4418 2842 4486 Ἐκκλησία,
2875 4419 2966 4468 καὶ
2994 4418 3074 4469 ὅτι
3103 4418 3354 4477 καίτινες
3390 4417 3496 4467 τῶν
3531 4417 3822 4486 Μαξιμια“-

2231 4513 2424 4565 νιστῶν
2451 4511 2556 4562 τῶν
2582 4510 2995 4578 ἁπσχισάντων
3053 4506 3146 4558 ἀπ’
3205 4507 3385 4558 αὐτῶν
3448 4507 3677 4568 ἀδικῶς,
3739 4508 3820 4570 ὼς

2231 4600 2382 4652 αὐτοὶ
2410 4599 2646 4665 λέγουσι,
2681 4598 2925 4664 δέχονται
2957 4599 3048 4646 καὶ
3079 4595 3538 4661 συγκοινωνοῦσιν
3578 4597 3772 4659 αὐτοῖς
3801 4616 3814 4628 ·

2232 4692 2320 4744 καὶ
2341 4689 2433 4751 οὓς
2465 4666 2618 4740 αὐτοὶ
2641 4687 2699 4751 ἐξ
2732 4685 2930 4746 οἰκείας
2985 4685 3178 4753 βουλῆς
3227 4685 3607 4744 κατεδίκασαν,
3670 4687 3816 4752 μετὰ

2229 4780 2402 4832 ταῦτα
2435 4781 2490 4830 ὲν
2519 4781 2636 4839 ταῖς
2657 4779 2886 4838 οἰκείαις
2911 4777 3094 4844 τιμαῖς
3119 4775 3368 4839 ἐδέξαντο
3400 4789 3413 4802 °
3443 4777 3536 4825 καὶ
3570 4776 3652 4826 ὅτι
3717 4778 3816 4838 οὓς

2229 4870 2404 4932 αὐτοὶ,
2429 4870 2477 4920 οἱ
2509 4869 2635 4935 παρ’
2677 4867 2855 4919 αὐτῶν
2886 4865 3397 4934 καταδεδικασμένοι
3421 4866 3514 4917 καὶ
3543 4867 3814 4936 ἐκϐεϐλη-

2232 4961 2385 5028 μένοι
2420 4959 2516 5026 τῆς
2546 4957 2672 5024 παρ’
2703 4957 2884 5017 αὐτοῖς
2910 4956 3228 5026 ἱερωσύνης,
3287 4955 3611 5022 ἑϐἀπτισαν,
3665 4974 3809 5026 παρ-

2229 5051 2505 5115 εδέξαντο”
2559 5049 2651 5100 καὶ
2709 5048 2790 5098 ὃτι
2833 5046 2952 5098 οὐδὲ
2997 5045 3215 5112 λέγουσι
3265 5043 3589 5114 μολύνεσθαι
3629 5045 3809 5098 ταῦτα

2230 5137 2528 5198 ποιοῦντες.

2299 5230 2541 5282 ΖΩΝΑΡ.
2582 5229 2688 5281 Καὶ
2706 5227 2878 5280 ταῦτα
2896 5229 3020 5296 περὶ
3036 5227 3393 5280 Δονατιστῶνο
3414 5229 3806 5298 τοποτηρητὰς

2226 5321 2332 5390 γὰρ
2349 5320 2488 5384 ἔδοξε
2506 5322 2759 5389 σταλῆναι
2779 5321 2910 5387 πρὸς
2923 5319 3117 5378 αὐτοὺς
3134 5320 3196 5370 ὲκ
3211 5320 3305 5386 τῆς
3325 5318 3544 5370 συνόδου
3563 5336 3808 5388 προσκα·

2227 5410 2819 5479 λουμένουςαύτοὺςεὶς
2858 5409 2918 5460 τὸ
2948 5408 3262 5477 εἰρηνεῦσαι
3302 5410 3390 5460 καὶ
3418 5410 3687 5477 ὲνωθῆναι
3728 5415 3797 5480 τῇ

2227 5505 2488 5572 καθολικῇ
2529 5503 2843 5572 Ἐκκλησία,
2873 5503 2968 5553 καὶ
2999 5501 3377 5563 ἅποδείξοντας
3401 5502 3581 5563 αὐτοῖς
3627 5503 3713 5554 ὅτι
3739 5505 3801 5555 ού

2228 5596 2405 5657 καλῶς
2437 5595 2844 5646 ἀντιτάσσονται
2866 5596 2930 5662 τῇ
2969 5594 3160 5663 εἰρήνῃ
3199 5595 3295 5661 τῆς
3329 5593 3795 5662 ὲκκλησιαστικῆς

2229 5686 2633 5748 καταστάσεως,
2668 5684 2784 5736 οὐδὲ
2831 5683 3057 5744 δικαίως
3085 5683 3444 5750 φιλονεικοῦσι
3481 5688 3544 5754 τῇ
3578 5685 3796 5737 καθολι-

2229 5778 2296 5844 κῇ
2330 5773 2626 5841 Ἐκκλησία
2657 5772 2743 5824 διὰ
2800 5772 2896 5839 τῆς
2937 5772 3346 5840 μεμερισμένης
3371 5773 3554 5829 αὐτῶν
3601 5793 3792 5828 κοινω·
