  <div class='ocr_page' id='page_1' title='image "/cluster/home/n/w/nwhite01/storage/ocr_20150623/138/ien.35556001660133/146.png"; bbox 0 0 4000 6436; ppageno 0'>
   <div class='ocr_carea' id='block_1_1' title="bbox 182 425 280 490">
    <p class='ocr_par' dir='ltr' id='par_1_1' title="bbox 182 425 280 490">
     <span class='ocr_line' id='line_1_1' title="bbox 182 425 280 490; baseline 0.01 -1"><span class='ocrx_word' id='word_1_1' title='bbox 182 425 280 490; x_wconf 72' lang='lat'><strong>9.69</strong></span> 
     </span>
    </p>
   </div>
   <div class='ocr_carea' id='block_1_2' title="bbox 1124 416 2370 485">
    <p class='ocr_par' dir='ltr' id='par_1_2' title="bbox 1124 416 2370 485">
     <span class='ocr_line' id='line_1_2' title="bbox 1124 416 2370 485; baseline -0.006 -1"><span class='ocrx_word' id='word_1_2' title='bbox 1124 424 1205 485; x_wconf 80' lang='lat' dir='ltr'><strong>IN</strong></span> <span class='ocrx_word' id='word_1_3' title='bbox 1255 422 1421 484; x_wconf 81' lang='lat' dir='ltr'><strong>CAN.</strong></span> <span class='ocrx_word' id='word_1_4' title='bbox 1457 419 1709 481; x_wconf 81' lang='lat' dir='ltr'><strong>LXXIII</strong></span> <span class='ocrx_word' id='word_1_5' title='bbox 1745 417 1956 479; x_wconf 75' lang='lat' dir='ltr'><strong>CONC.</strong></span> <span class='ocrx_word' id='word_1_6' title='bbox 1993 416 2370 478; x_wconf 80' lang='lat' dir='ltr'><strong>CARTHAG.</strong></span> 
     </span>
    </p>
   </div>
   <div class='ocr_carea' id='block_1_3' title="bbox 3289 407 3398 471">
    <p class='ocr_par' dir='ltr' id='par_1_3' title="bbox 3289 407 3398 471">
     <span class='ocr_line' id='line_1_3' title="bbox 3289 407 3398 471; baseline -0.028 0"><span class='ocrx_word' id='word_1_7' title='bbox 3289 407 3398 471; x_wconf 77' lang='lat'><strong>270</strong></span> 
     </span>
    </p>
   </div>
   <div class='ocr_carea' id='block_1_4' title="bbox 182 518 1756 604">
    <p class='ocr_par' dir='ltr' id='par_1_4' title="bbox 182 523 1738 604">
     <span class='ocr_line' id='line_1_4' title="bbox 182 523 1738 604; baseline -0.006 -19"><span class='ocrx_word' id='word_1_8' title='bbox 182 536 313 595; x_wconf 78' lang='grc' dir='ltr'><strong>νίας.</strong></span> <span class='ocrx_word' id='word_1_9' title='bbox 342 532 663 604; x_wconf 77' lang='grc' dir='ltr'><strong>Ἐλέγχουσι</strong></span> <span class='ocrx_word' id='word_1_10' title='bbox 691 534 750 587; x_wconf 75' lang='grc' dir='ltr'><strong>δι</strong></span> <span class='ocrx_word' id='word_1_11' title='bbox 776 533 975 594; x_wconf 71' lang='grc' dir='ltr'><strong>αὐτοὺς</strong></span> <span class='ocrx_word' id='word_1_12' title='bbox 1002 531 1077 601; x_wconf 77' lang='grc' dir='ltr'><strong>μὴ</strong></span> <span class='ocrx_word' id='word_1_13' title='bbox 1102 530 1279 592; x_wconf 88' lang='grc' dir='ltr'><strong>καλῶς</strong></span> <span class='ocrx_word' id='word_1_14' title='bbox 1304 527 1612 588; x_wconf 78' lang='grc' dir='ltr'><strong>ποιοῦντας,</strong></span> <span class='ocrx_word' id='word_1_15' title='bbox 1642 523 1738 577; x_wconf 75' lang='grc' dir='ltr'><strong>καὶ</strong></span> 
     </span>
    </p>
   </div>
   <div class='ocr_carea' id='block_1_5' title="bbox 1856 518 3412 604">
    <p class='ocr_par' dir='ltr' id='par_1_5' title="bbox 1856 518 3412 585">
     <span class='ocr_line' id='line_1_5' title="bbox 1856 518 3412 585; baseline -0.003 -11"><span class='ocrx_word' id='word_1_16' title='bbox 1856 524 1947 577; x_wconf 86' lang='lat' dir='ltr'><strong>ica</strong></span> <span class='ocrx_word' id='word_1_17' title='bbox 1972 523 2367 577; x_wconf 73' lang='lat' dir='ltr'><strong>contentionem</strong></span> <span class='ocrx_word' id='word_1_18' title='bbox 2401 520 2622 574; x_wconf 84' lang='lat' dir='ltr'><strong>habere.</strong></span> <span class='ocrx_word' id='word_1_19' title='bbox 2659 518 2812 585; x_wconf 84' lang='lat' dir='ltr'><strong>Quod</strong></span> <span class='ocrx_word' id='word_1_20' title='bbox 2842 530 2967 571; x_wconf 79' lang='lat' dir='ltr'><strong>vero</strong></span> <span class='ocrx_word' id='word_1_21' title='bbox 2997 519 3159 573; x_wconf 89' lang='lat' dir='ltr'><strong>etiam</strong></span> <span class='ocrx_word' id='word_1_22' title='bbox 3208 533 3274 573; x_wconf 88' lang='lat' dir='ltr'><strong>ex</strong></span> <span class='ocrx_word' id='word_1_23' title='bbox 3307 518 3412 571; x_wconf 74' lang='lat' dir='ltr'><strong>Ma-</strong></span> 
     </span>
    </p>
   </div>
   <div class='ocr_carea' id='block_1_6' title="bbox 183 614 1738 690">
    <p class='ocr_par' dir='ltr' id='par_1_6' title="bbox 183 614 1738 690">
     <span class='ocr_line' id='line_1_6' title="bbox 183 614 1738 690; baseline -0.006 -15"><span class='ocrx_word' id='word_1_24' title='bbox 183 625 255 675; x_wconf 83' lang='grc' dir='ltr'><strong>ὖτι</strong></span> <span class='ocrx_word' id='word_1_25' title='bbox 285 625 376 675; x_wconf 78' lang='grc' dir='ltr'><strong>καί</strong></span> <span class='ocrx_word' id='word_1_26' title='bbox 396 639 553 685; x_wconf 83' lang='grc' dir='ltr'><strong>τινας</strong></span> <span class='ocrx_word' id='word_1_27' title='bbox 581 623 691 676; x_wconf 86' lang='grc' dir='ltr'><strong>τῶν</strong></span> <span class='ocrx_word' id='word_1_28' title='bbox 744 619 1213 690; x_wconf 78' lang='grc' dir='ltr'><strong>Μαξιμιανιστῶν,</strong></span> <span class='ocrx_word' id='word_1_29' title='bbox 1257 617 1364 670; x_wconf 84' lang='grc' dir='ltr'><strong>τῶν</strong></span> <span class='ocrx_word' id='word_1_30' title='bbox 1412 614 1738 683; x_wconf 79' lang='grc' dir='ltr'><strong>ἀποσχισάν-</strong></span> 
     </span>
    </p>
   </div>
   <div class='ocr_carea' id='block_1_7' title="bbox 1846 607 3404 679">
    <p class='ocr_par' dir='ltr' id='par_1_7' title="bbox 1846 607 3404 679">
     <span class='ocr_line' id='line_1_7' title="bbox 1846 607 3404 679; baseline -0.003 -14"><span class='ocrx_word' id='word_1_31' title='bbox 1846 611 2171 666; x_wconf 80' lang='lat' dir='ltr'><strong>ximianistis</strong></span> <span class='ocrx_word' id='word_1_32' title='bbox 2220 610 2480 679; x_wconf 84' lang='lat' dir='ltr'><strong>quosdam</strong></span> <span class='ocrx_word' id='word_1_33' title='bbox 2513 608 2831 677; x_wconf 87' lang='lat' dir='ltr'><strong>suscipiunt,</strong></span> <span class='ocrx_word' id='word_1_34' title='bbox 2857 607 2949 677; x_wconf 88' lang='lat' dir='ltr'><strong>qui</strong></span> <span class='ocrx_word' id='word_1_35' title='bbox 2997 609 3063 662; x_wconf 81' lang='lat' dir='ltr'><strong>ab</strong></span> <span class='ocrx_word' id='word_1_36' title='bbox 3092 608 3177 673; x_wconf 87' lang='lat' dir='ltr'><strong>iis,</strong></span> <span class='ocrx_word' id='word_1_37' title='bbox 3208 615 3268 662; x_wconf 87' lang='lat' dir='ltr'><strong>ut</strong></span> <span class='ocrx_word' id='word_1_38' title='bbox 3302 609 3404 677; x_wconf 86' lang='lat' dir='ltr'><strong>ipsi</strong></span> 
     </span>
    </p>
   </div>
   <div class='ocr_carea' id='block_1_8' title="bbox 183 698 1756 775">
    <p class='ocr_par' dir='ltr' id='par_1_8' title="bbox 183 705 1743 775">
     <span class='ocr_line' id='line_1_8' title="bbox 183 705 1743 775; baseline -0.004 -13"><span class='ocrx_word' id='word_1_39' title='bbox 183 729 282 765; x_wconf 69' lang='grc' dir='ltr'><strong>των</strong></span> <span class='ocrx_word' id='word_1_40' title='bbox 312 712 405 765; x_wconf 79' lang='grc' dir='ltr'><strong>ἀπ’</strong></span> <span class='ocrx_word' id='word_1_41' title='bbox 434 712 614 766; x_wconf 83' lang='grc' dir='ltr'><strong>αὐτῶν</strong></span> <span class='ocrx_word' id='word_1_42' title='bbox 642 712 867 774; x_wconf 77' lang='grc' dir='ltr'><strong>ἀδίκως,</strong></span> <span class='ocrx_word' id='word_1_43' title='bbox 901 710 976 775; x_wconf 83' lang='grc' dir='ltr'><strong>ὡς</strong></span> <span class='ocrx_word' id='word_1_44' title='bbox 1006 708 1162 763; x_wconf 83' lang='grc' dir='ltr'><strong>αὐτοὶ</strong></span> <span class='ocrx_word' id='word_1_45' title='bbox 1207 708 1449 774; x_wconf 74' lang='grc' dir='ltr'><strong>λέγουσι,</strong></span> <span class='ocrx_word' id='word_1_46' title='bbox 1502 705 1743 773; x_wconf 80' lang='grc' dir='ltr'><strong>δέχονται</strong></span> 
     </span>
    </p>
   </div>
   <div class='ocr_carea' id='block_1_9' title="bbox 1856 698 3403 775">
    <p class='ocr_par' dir='ltr' id='par_1_9' title="bbox 1856 698 3403 767">
     <span class='ocr_line' id='line_1_9' title="bbox 1856 698 3403 767; baseline -0.003 -10"><span class='ocrx_word' id='word_1_47' title='bbox 1856 713 2115 767; x_wconf 65' lang='lat' dir='ltr'><strong>asserunt,</strong></span> <span class='ocrx_word' id='word_1_48' title='bbox 2146 701 2417 755; x_wconf 87' lang='lat' dir='ltr'><strong>immerito</strong></span> <span class='ocrx_word' id='word_1_49' title='bbox 2446 699 2713 763; x_wconf 77' lang='lat' dir='ltr'><strong>defecere,</strong></span> <span class='ocrx_word' id='word_1_50' title='bbox 2739 707 2793 753; x_wconf 87' lang='lat' dir='ltr'><strong>ct</strong></span> <span class='ocrx_word' id='word_1_51' title='bbox 2825 713 2946 752; x_wconf 90' lang='lat' dir='ltr'><strong>cum</strong></span> <span class='ocrx_word' id='word_1_52' title='bbox 2987 699 3054 753; x_wconf 88' lang='lat' dir='ltr'><strong>iis</strong></span> <span class='ocrx_word' id='word_1_53' title='bbox 3095 698 3403 753; x_wconf 86' lang='lat' dir='ltr'><strong>communi-</strong></span> 
     </span>
    </p>
   </div>
   <div class='ocr_carea' id='block_1_10' title="bbox 185 796 1742 870">
    <p class='ocr_par' dir='ltr' id='par_1_10' title="bbox 185 796 1742 870">
     <span class='ocr_line' id='line_1_10' title="bbox 185 796 1742 870; baseline -0.004 -16"><span class='ocrx_word' id='word_1_54' title='bbox 185 805 269 855; x_wconf 78' lang='grc' dir='ltr'><strong>καὶ</strong></span> <span class='ocrx_word' id='word_1_55' title='bbox 292 802 747 870; x_wconf 57' lang='grc' dir='ltr'><strong>συγκοινωνοὼιν</strong></span> <span class='ocrx_word' id='word_1_56' title='bbox 777 803 988 865; x_wconf 74' lang='grc' dir='ltr'><strong>αὐτοῖς,</strong></span> <span class='ocrx_word' id='word_1_57' title='bbox 1017 802 1107 853; x_wconf 77' lang='grc' dir='ltr'><strong>καὶ</strong></span> <span class='ocrx_word' id='word_1_58' title='bbox 1139 799 1232 862; x_wconf 83' lang='grc' dir='ltr'><strong>οὓς</strong></span> <span class='ocrx_word' id='word_1_59' title='bbox 1262 799 1417 852; x_wconf 81' lang='grc' dir='ltr'><strong>αὺτοῖ</strong></span> <span class='ocrx_word' id='word_1_60' title='bbox 1446 798 1504 862; x_wconf 75' lang='grc' dir='ltr'><strong>ἐξ</strong></span> <span class='ocrx_word' id='word_1_61' title='bbox 1535 796 1742 859; x_wconf 73' lang='grc' dir='ltr'><strong>οἰκείας</strong></span> 
     </span>
    </p>
   </div>
   <div class='ocr_carea' id='block_1_11' title="bbox 185 886 1741 963">
    <p class='ocr_par' dir='ltr' id='par_1_11' title="bbox 185 886 1741 963">
     <span class='ocr_line' id='line_1_11' title="bbox 185 886 1741 963; baseline -0.004 -19"><span class='ocrx_word' id='word_1_62' title='bbox 185 892 371 961; x_wconf 73' lang='grc' dir='ltr'><strong>βουλῆς</strong></span> <span class='ocrx_word' id='word_1_63' title='bbox 410 893 790 957; x_wconf 69' lang='grc' dir='ltr'><strong>κατεδίκασαν,</strong></span> <span class='ocrx_word' id='word_1_64' title='bbox 819 893 955 963; x_wconf 77' lang='grc' dir='ltr'><strong>μετὰ</strong></span> <span class='ocrx_word' id='word_1_65' title='bbox 978 891 1149 945; x_wconf 79' lang='grc' dir='ltr'><strong>ταῦτα</strong></span> <span class='ocrx_word' id='word_1_66' title='bbox 1172 893 1229 943; x_wconf 76' lang='grc' dir='ltr'><strong>εν</strong></span> <span class='ocrx_word' id='word_1_67' title='bbox 1253 891 1375 952; x_wconf 81' lang='grc' dir='ltr'><strong>ταῖς</strong></span> <span class='ocrx_word' id='word_1_68' title='bbox 1399 886 1629 950; x_wconf 89' lang='grc' dir='ltr'><strong>οίκείαις</strong></span> <span class='ocrx_word' id='word_1_69' title='bbox 1659 903 1741 939; x_wconf 77' lang='grc' dir='ltr'><strong>τι⁶</strong></span> 
     </span>
    </p>
   </div>
   <div class='ocr_carea' id='block_1_12' title="bbox 1845 788 3407 862">
    <p class='ocr_par' dir='ltr' id='par_1_12' title="bbox 1845 788 3407 862">
     <span class='ocr_line' id='line_1_12' title="bbox 1845 788 3407 862; baseline -0.003 -16"><span class='ocrx_word' id='word_1_70' title='bbox 1845 802 1990 857; x_wconf 89' lang='lat' dir='ltr'><strong>cant,</strong></span> <span class='ocrx_word' id='word_1_71' title='bbox 2021 806 2265 862; x_wconf 86' lang='lat' dir='ltr'><strong>quosque</strong></span> <span class='ocrx_word' id='word_1_72' title='bbox 2291 800 2448 846; x_wconf 89' lang='lat' dir='ltr'><strong>antea</strong></span> <span class='ocrx_word' id='word_1_73' title='bbox 2473 803 2567 843; x_wconf 88' lang='lat' dir='ltr'><strong>sua</strong></span> <span class='ocrx_word' id='word_1_74' title='bbox 2593 788 2859 844; x_wconf 74' lang='lat' dir='ltr'><strong>sententia</strong></span> <span class='ocrx_word' id='word_1_75' title='bbox 2885 788 3230 851; x_wconf 85' lang='lat' dir='ltr'><strong>damnarunt,</strong></span> <span class='ocrx_word' id='word_1_76' title='bbox 3260 797 3407 857; x_wconf 89' lang='lat' dir='ltr'><strong>post-</strong></span> 
     </span>
    </p>
   </div>
   <div class='ocr_carea' id='block_1_13' title="bbox 1849 875 3406 941">
    <p class='ocr_par' dir='ltr' id='par_1_13' title="bbox 1849 875 3406 941">
     <span class='ocr_line' id='line_1_13' title="bbox 1849 875 3406 941; baseline -0.003 -8"><span class='ocrx_word' id='word_1_77' title='bbox 1849 881 2066 934; x_wconf 83' lang='lat' dir='ltr'><strong>modum</strong></span> <span class='ocrx_word' id='word_1_78' title='bbox 2099 880 2391 935; x_wconf 81' lang='lat' dir='ltr'><strong>lIonoribus</strong></span> <span class='ocrx_word' id='word_1_79' title='bbox 2421 892 2603 932; x_wconf 90' lang='lat' dir='ltr'><strong>eorum</strong></span> <span class='ocrx_word' id='word_1_80' title='bbox 2654 875 2988 931; x_wconf 89' lang='lat' dir='ltr'><strong>conservatis</strong></span> <span class='ocrx_word' id='word_1_81' title='bbox 3032 876 3406 941; x_wconf 85' lang='lat' dir='ltr'><strong>admiserunt;</strong></span> 
     </span>
    </p>
   </div>
   <div class='ocr_carea' id='block_1_14' title="bbox 187 966 1756 1051">
    <p class='ocr_par' dir='ltr' id='par_1_14' title="bbox 187 976 1745 1051">
     <span class='ocr_line' id='line_1_14' title="bbox 187 976 1745 1051; baseline -0.004 -15"><span class='ocrx_word' id='word_1_82' title='bbox 187 986 306 1051; x_wconf 72' lang='grc' dir='ltr'><strong>μαῖς</strong></span> <span class='ocrx_word' id='word_1_83' title='bbox 333 983 581 1047; x_wconf 70' lang='grc' dir='ltr'><strong>ἐδέξαντο</strong></span> <span class='ocrx_word' id='word_1_84' title='bbox 604 1000 619 1016; x_wconf 68' lang='grc' dir='ltr'><strong>ν</strong></span> <span class='ocrx_word' id='word_1_85' title='bbox 685 988 783 1037; x_wconf 79' lang='grc' dir='ltr'><strong>καὶ</strong></span> <span class='ocrx_word' id='word_1_86' title='bbox 825 985 907 1036; x_wconf 81' lang='grc' dir='ltr'><strong>ὅτι</strong></span> <span class='ocrx_word' id='word_1_87' title='bbox 944 981 1038 1043; x_wconf 76' lang='grc' dir='ltr'><strong>οὓς</strong></span> <span class='ocrx_word' id='word_1_88' title='bbox 1085 981 1263 1043; x_wconf 73' lang='grc' dir='ltr'><strong>αὐτοὶ,</strong></span> <span class='ocrx_word' id='word_1_89' title='bbox 1288 980 1339 1032; x_wconf 78' lang='grc' dir='ltr'><strong>οἱ</strong></span> <span class='ocrx_word' id='word_1_90' title='bbox 1400 979 1529 1048; x_wconf 86' lang='grc' dir='ltr'><strong>παρ’</strong></span> <span class='ocrx_word' id='word_1_91' title='bbox 1568 976 1745 1030; x_wconf 78' lang='grc' dir='ltr'><strong>αὐτῶν</strong></span> 
     </span>
    </p>
   </div>
   <div class='ocr_carea' id='block_1_15' title="bbox 1856 966 3407 1051">
    <p class='ocr_par' dir='ltr' id='par_1_15' title="bbox 1856 966 3407 1037">
     <span class='ocr_line' id='line_1_15' title="bbox 1856 966 3407 1037; baseline -0.001 -16"><span class='ocrx_word' id='word_1_92' title='bbox 1856 968 1989 1037; x_wconf 71' lang='lat' dir='ltr'><strong>quod</strong></span> <span class='ocrx_word' id='word_1_93' title='bbox 2019 969 2185 1024; x_wconf 82' lang='lat' dir='ltr'><strong>etiam</strong></span> <span class='ocrx_word' id='word_1_94' title='bbox 2235 968 2370 1024; x_wconf 87' lang='lat' dir='ltr'><strong>alios</strong></span> <span class='ocrx_word' id='word_1_95' title='bbox 2417 968 2487 1023; x_wconf 83' lang='lat' dir='ltr'><strong>ab</strong></span> <span class='ocrx_word' id='word_1_96' title='bbox 2531 967 2597 1022; x_wconf 90' lang='lat' dir='ltr'><strong>iis</strong></span> <span class='ocrx_word' id='word_1_97' title='bbox 2646 968 2968 1037; x_wconf 68' lang='lat' dir='ltr'><strong>baptizatos,</strong></span> <span class='ocrx_word' id='word_1_98' title='bbox 3012 980 3147 1035; x_wconf 76' lang='lat' dir='ltr'><strong>quos</strong></span> <span class='ocrx_word' id='word_1_99' title='bbox 3194 966 3407 1036; x_wconf 90' lang='lat' dir='ltr'><strong>ipsimet</strong></span> 
     </span>
    </p>
   </div>
   <div class='ocr_carea' id='block_1_16' title="bbox 188 1069 1747 1142">
    <p class='ocr_par' dir='ltr' id='par_1_16' title="bbox 188 1069 1747 1142">
     <span class='ocr_line' id='line_1_16' title="bbox 188 1069 1747 1142; baseline -0.003 -16"><span class='ocrx_word' id='word_1_100' title='bbox 188 1074 701 1142; x_wconf 76' lang='grc' dir='ltr'><strong>καταδεδικασμένοι</strong></span> <span class='ocrx_word' id='word_1_101' title='bbox 729 1073 826 1127; x_wconf 77' lang='grc' dir='ltr'><strong>καὶ</strong></span> <span class='ocrx_word' id='word_1_102' title='bbox 854 1070 1240 1141; x_wconf 72' lang='grc' dir='ltr'><strong>ἐκϐεϐλημένοι</strong></span> <span class='ocrx_word' id='word_1_103' title='bbox 1272 1069 1375 1138; x_wconf 82' lang='grc' dir='ltr'><strong>τῆς</strong></span> <span class='ocrx_word' id='word_1_104' title='bbox 1405 1069 1534 1139; x_wconf 83' lang='grc' dir='ltr'><strong>παρ’</strong></span> <span class='ocrx_word' id='word_1_105' title='bbox 1562 1070 1747 1131; x_wconf 81' lang='grc' dir='ltr'><strong>αὐτοῖς</strong></span> 
     </span>
    </p>
   </div>
   <div class='ocr_carea' id='block_1_17' title="bbox 186 1158 1747 1231">
    <p class='ocr_par' dir='ltr' id='par_1_17' title="bbox 186 1158 1747 1231">
     <span class='ocr_line' id='line_1_17' title="bbox 186 1158 1747 1231; baseline -0.003 -16"><span class='ocrx_word' id='word_1_106' title='bbox 186 1162 507 1231; x_wconf 66' lang='grc' dir='ltr'><strong>ἱερωσύνης,</strong></span> <span class='ocrx_word' id='word_1_107' title='bbox 583 1163 887 1216; x_wconf 69' lang='grc' dir='ltr'><strong>ἐϐάπτισαν</strong></span> <span class='ocrx_word' id='word_1_108' title='bbox 933 1159 1313 1231; x_wconf 79' lang='grc' dir='ltr'><strong>παρεδέξαντο,</strong></span> <span class='ocrx_word' id='word_1_109' title='bbox 1354 1162 1449 1214; x_wconf 76' lang='grc' dir='ltr'><strong>καὶ</strong></span> <span class='ocrx_word' id='word_1_110' title='bbox 1481 1161 1564 1212; x_wconf 89' lang='grc' dir='ltr'><strong>ὅτι</strong></span> <span class='ocrx_word' id='word_1_111' title='bbox 1624 1158 1747 1213; x_wconf 69' lang='grc' dir='ltr'><strong>οῦδὲ</strong></span> 
     </span>
    </p>
   </div>
   <div class='ocr_carea' id='block_1_18' title="bbox 184 1247 1277 1318">
    <p class='ocr_par' dir='ltr' id='par_1_18' title="bbox 184 1247 1277 1318">
     <span class='ocr_line' id='line_1_18' title="bbox 184 1247 1277 1318; baseline 0.002 -18"><span class='ocrx_word' id='word_1_112' title='bbox 184 1251 395 1316; x_wconf 71' lang='grc' dir='ltr'><strong>λέγουσι</strong></span> <span class='ocrx_word' id='word_1_113' title='bbox 428 1248 754 1318; x_wconf 78' lang='grc' dir='ltr'><strong>μολύνεσθαι</strong></span> <span class='ocrx_word' id='word_1_114' title='bbox 783 1249 954 1303; x_wconf 81' lang='grc' dir='ltr'><strong>ταῦτα</strong></span> <span class='ocrx_word' id='word_1_115' title='bbox 976 1247 1277 1312; x_wconf 82' lang='grc' dir='ltr'><strong>ποιοῦντες.</strong></span> 
     </span>
    </p>
   </div>
   <div class='ocr_carea' id='block_1_19' title="bbox 184 1447 1751 1535">
    <p class='ocr_par' dir='ltr' id='par_1_19' title="bbox 184 1447 1751 1535">
     <span class='ocr_line' id='line_1_19' title="bbox 184 1447 1751 1535; baseline 0.002 -37"><span class='ocrx_word' id='word_1_116' title='bbox 184 1448 398 1501; x_wconf 77' lang='grc' dir='ltr'><strong>ΑΡίΣΤ.</strong></span> <span class='ocrx_word' id='word_1_117' title='bbox 435 1466 457 1499; x_wconf 86' lang='grc'><em>‹</em></span> <span class='ocrx_word' id='word_1_118' title='bbox 505 1449 707 1517; x_wconf 82' lang='grc' dir='ltr'><strong>Ἤρεσε</strong></span> <span class='ocrx_word' id='word_1_119' title='bbox 742 1448 1001 1518; x_wconf 66' lang='grc' dir='ltr'><strong>πρέσϐεις</strong></span> <span class='ocrx_word' id='word_1_120' title='bbox 1047 1448 1434 1535; x_wconf 73' lang='grc' dir='ltr'><strong>ἀποσταλῆναι,</strong></span> <span class='ocrx_word' id='word_1_121' title='bbox 1487 1447 1751 1519; x_wconf 77' lang='grc' dir='ltr'><strong>κηρύξον-</strong></span> 
     </span>
    </p>
   </div>
   <div class='ocr_carea' id='block_1_20' title="bbox 256 1539 1752 1609">
    <p class='ocr_par' dir='ltr' id='par_1_20' title="bbox 256 1539 1752 1609">
     <span class='ocr_line' id='line_1_20' title="bbox 256 1539 1752 1609; baseline 0.002 -20"><span class='ocrx_word' id='word_1_122' title='bbox 256 1558 273 1589; x_wconf 79' lang='grc' dir='ltr'>ι</span> <span class='ocrx_word' id='word_1_123' title='bbox 315 1556 415 1598; x_wconf 83' lang='grc' dir='ltr'><strong>τας</strong></span> <span class='ocrx_word' id='word_1_124' title='bbox 439 1541 551 1599; x_wconf 81' lang='grc' dir='ltr'><strong>τοῖς</strong></span> <span class='ocrx_word' id='word_1_125' title='bbox 574 1539 921 1599; x_wconf 81' lang='grc' dir='ltr'><strong>Δονατιοταῖς</strong></span> <span class='ocrx_word' id='word_1_126' title='bbox 947 1539 1171 1608; x_wconf 72' lang='grc' dir='ltr'><strong>εἰρήνην</strong></span> <span class='ocrx_word' id='word_1_127' title='bbox 1192 1541 1286 1594; x_wconf 77' lang='grc' dir='ltr'><strong>καὶ</strong></span> <span class='ocrx_word' id='word_1_128' title='bbox 1311 1540 1559 1609; x_wconf 82' lang='grc' dir='ltr'><strong>ἑνότητα,</strong></span> <span class='ocrx_word' id='word_1_129' title='bbox 1588 1555 1752 1609; x_wconf 78' lang='grc' dir='ltr'><strong>μετα-ι</strong></span> 
     </span>
    </p>
   </div>
   <div class='ocr_carea' id='block_1_21' title="bbox 254 1625 1256 1698">
    <p class='ocr_par' dir='ltr' id='par_1_21' title="bbox 254 1625 1256 1698">
     <span class='ocr_line' id='line_1_21' title="bbox 254 1625 1256 1698; baseline 0.005 -21"><span class='ocrx_word' id='word_1_130' title='bbox 254 1646 273 1677; x_wconf 74' lang='lat' dir='ltr'><strong>t</strong></span> <span class='ocrx_word' id='word_1_131' title='bbox 313 1625 620 1695; x_wconf 78' lang='grc' dir='ltr'><strong>τιθεμένοις</strong></span> <span class='ocrx_word' id='word_1_132' title='bbox 646 1627 784 1697; x_wconf 81' lang='grc' dir='ltr'><strong>πρὸς</strong></span> <span class='ocrx_word' id='word_1_133' title='bbox 814 1627 877 1679; x_wconf 78' lang='grc' dir='ltr'><strong>τὸ</strong></span> <span class='ocrx_word' id='word_1_134' title='bbox 900 1627 1197 1698; x_wconf 80' lang='grc' dir='ltr'><strong>όρθόδοξον.</strong></span> <span class='ocrx_word' id='word_1_135' title='bbox 1235 1648 1256 1691; x_wconf 64' lang='grc' dir='ltr'><strong>ι</strong></span> 
     </span>
    </p>
   </div>
   <div class='ocr_carea' id='block_1_22' title="bbox 251 1740 1751 1813">
    <p class='ocr_par' dir='ltr' id='par_1_22' title="bbox 251 1740 1751 1813">
     <span class='ocr_line' id='line_1_22' title="bbox 251 1740 1751 1813; baseline 0 -21"><span class='ocrx_word' id='word_1_136' title='bbox 251 1740 324 1792; x_wconf 82' lang='grc' dir='ltr'><strong>Οὐ</strong></span> <span class='ocrx_word' id='word_1_137' title='bbox 352 1742 515 1809; x_wconf 79' lang='grc' dir='ltr'><strong>μόνον</strong></span> <span class='ocrx_word' id='word_1_138' title='bbox 549 1740 1024 1810; x_wconf 78' lang='grc' dir='ltr'><strong>προσερχομένους</strong></span> <span class='ocrx_word' id='word_1_139' title='bbox 1056 1745 1122 1813; x_wconf 78' lang='grc' dir='ltr'><strong>τῇ</strong></span> <span class='ocrx_word' id='word_1_140' title='bbox 1146 1743 1405 1813; x_wconf 80' lang='grc' dir='ltr'><strong>καθολικῇ</strong></span> <span class='ocrx_word' id='word_1_141' title='bbox 1450 1741 1751 1813; x_wconf 73' lang='grc' dir='ltr'><strong>Ἐκκλησία</strong></span> 
     </span>
    </p>
   </div>
   <div class='ocr_carea' id='block_1_23' title="bbox 1848 1059 3404 1128">
    <p class='ocr_par' dir='ltr' id='par_1_23' title="bbox 1848 1059 3404 1128">
     <span class='ocr_line' id='line_1_23' title="bbox 1848 1059 3404 1128; baseline -0.001 -14"><span class='ocrx_word' id='word_1_142' title='bbox 1848 1062 2295 1125; x_wconf 79' lang='lat' dir='ltr'><strong>condemnarunt,</strong></span> <span class='ocrx_word' id='word_1_143' title='bbox 2323 1073 2384 1114; x_wconf 89' lang='lat' dir='ltr'><strong>ac</strong></span> <span class='ocrx_word' id='word_1_144' title='bbox 2415 1074 2501 1126; x_wconf 89' lang='lat' dir='ltr'><strong>eo,</strong></span> <span class='ocrx_word' id='word_1_145' title='bbox 2538 1059 2625 1128; x_wconf 90' lang='lat' dir='ltr'><strong>qui</strong></span> <span class='ocrx_word' id='word_1_146' title='bbox 2653 1060 2793 1127; x_wconf 85' lang='lat' dir='ltr'><strong>apud</strong></span> <span class='ocrx_word' id='word_1_147' title='bbox 2824 1059 2969 1126; x_wconf 87' lang='lat' dir='ltr'><strong>ipsos</strong></span> <span class='ocrx_word' id='word_1_148' title='bbox 3002 1070 3102 1121; x_wconf 85' lang='lat' dir='ltr'><strong>est,</strong></span> <span class='ocrx_word' id='word_1_149' title='bbox 3130 1073 3284 1113; x_wconf 84' lang='lat' dir='ltr'><strong>sacro</strong></span> <span class='ocrx_word' id='word_1_150' title='bbox 3308 1074 3404 1113; x_wconf 84' lang='lat' dir='ltr'><strong>or-</strong></span> 
     </span>
    </p>
   </div>
   <div class='ocr_carea' id='block_1_24' title="bbox 1850 1146 3405 1216">
    <p class='ocr_par' dir='ltr' id='par_1_24' title="bbox 1850 1146 3405 1216">
     <span class='ocr_line' id='line_1_24' title="bbox 1850 1146 3405 1216; baseline -0.001 -14"><span class='ocrx_word' id='word_1_151' title='bbox 1850 1148 1974 1202; x_wconf 87' lang='lat' dir='ltr'><strong>dine</strong></span> <span class='ocrx_word' id='word_1_152' title='bbox 2008 1156 2311 1212; x_wconf 78' lang='lat' dir='ltr'><strong>moverunt,</strong></span> <span class='ocrx_word' id='word_1_153' title='bbox 2345 1162 2453 1202; x_wconf 89' lang='lat' dir='ltr'><strong>non</strong></span> <span class='ocrx_word' id='word_1_154' title='bbox 2488 1148 2791 1216; x_wconf 87' lang='lat' dir='ltr'><strong>repudiant,</strong></span> <span class='ocrx_word' id='word_1_155' title='bbox 2818 1160 2914 1200; x_wconf 90' lang='lat' dir='ltr'><strong>nec</strong></span> <span class='ocrx_word' id='word_1_156' title='bbox 2940 1146 3103 1199; x_wconf 91' lang='lat' dir='ltr'><strong>ullam</strong></span> <span class='ocrx_word' id='word_1_157' title='bbox 3130 1161 3187 1200; x_wconf 82' lang='lat' dir='ltr'><strong>se</strong></span> <span class='ocrx_word' id='word_1_158' title='bbox 3212 1162 3277 1200; x_wconf 90' lang='lat' dir='ltr'><strong>ex</strong></span> <span class='ocrx_word' id='word_1_159' title='bbox 3304 1148 3405 1202; x_wconf 84' lang='lat' dir='ltr'><strong>hoc</strong></span> 
     </span>
    </p>
   </div>
   <div class='ocr_carea' id='block_1_25' title="bbox 1849 1235 3405 1306">
    <p class='ocr_par' dir='ltr' id='par_1_25' title="bbox 1849 1235 3405 1306">
     <span class='ocr_line' id='line_1_25' title="bbox 1849 1235 3405 1306; baseline 0.001 -15"><span class='ocrx_word' id='word_1_160' title='bbox 1849 1237 2023 1292; x_wconf 80' lang='lat' dir='ltr'><strong>labem</strong></span> <span class='ocrx_word' id='word_1_161' title='bbox 2055 1238 2376 1294; x_wconf 82' lang='lat' dir='ltr'><strong>contrahere</strong></span> <span class='ocrx_word' id='word_1_162' title='bbox 2410 1238 2775 1298; x_wconf 83' lang='lat' dir='ltr'><strong>arbitrantur;</strong></span> <span class='ocrx_word' id='word_1_163' title='bbox 2812 1235 2863 1290; x_wconf 92' lang='lat' dir='ltr'><strong>in</strong></span> <span class='ocrx_word' id='word_1_164' title='bbox 2896 1236 2978 1291; x_wconf 88' lang='lat' dir='ltr'><strong>his</strong></span> <span class='ocrx_word' id='word_1_165' title='bbox 3012 1251 3225 1305; x_wconf 82' lang='lat' dir='ltr'><strong>quoque</strong></span> <span class='ocrx_word' id='word_1_166' title='bbox 3258 1238 3405 1306; x_wconf 85' lang='lat' dir='ltr'><strong>ipsos</strong></span> 
     </span>
    </p>
   </div>
   <div class='ocr_carea' id='block_1_26' title="bbox 1851 1329 3007 1398">
    <p class='ocr_par' dir='ltr' id='par_1_26' title="bbox 1851 1329 3007 1398">
     <span class='ocr_line' id='line_1_26' title="bbox 1851 1329 3007 1398; baseline 0.001 -17"><span class='ocrx_word' id='word_1_167' title='bbox 1851 1343 1956 1385; x_wconf 87' lang='lat' dir='ltr'><strong>non</strong></span> <span class='ocrx_word' id='word_1_168' title='bbox 1990 1329 2333 1385; x_wconf 84' lang='lat' dir='ltr'><strong>mediocriter</strong></span> <span class='ocrx_word' id='word_1_169' title='bbox 2362 1343 2583 1398; x_wconf 83' lang='lat' dir='ltr'><strong>peccare</strong></span> <span class='ocrx_word' id='word_1_170' title='bbox 2611 1330 3007 1384; x_wconf 71' lang='lat' dir='ltr'><strong>demonstrent.</strong></span> 
     </span>
    </p>
   </div>
   <div class='ocr_carea' id='block_1_27' title="bbox 1851 1440 3407 1512">
    <p class='ocr_par' dir='ltr' id='par_1_27' title="bbox 1851 1440 3407 1512">
     <span class='ocr_line' id='line_1_27' title="bbox 1851 1440 3407 1512; baseline 0 -17"><span class='ocrx_word' id='word_1_171' title='bbox 1851 1440 2075 1499; x_wconf 79' lang='lat' dir='ltr'><strong>ARIST.</strong></span> <span class='ocrx_word' id='word_1_172' title='bbox 2112 1462 2131 1495; x_wconf 78' lang='grc' dir='ltr'>ι</span> <span class='ocrx_word' id='word_1_173' title='bbox 2165 1442 2390 1505; x_wconf 82' lang='lat' dir='ltr'><strong>Placuit.</strong></span> <span class='ocrx_word' id='word_1_174' title='bbox 2422 1451 2481 1498; x_wconf 85' lang='lat' dir='ltr'><strong>ut</strong></span> <span class='ocrx_word' id='word_1_175' title='bbox 2531 1443 2692 1512; x_wconf 73' lang='lat' dir='ltr'><strong>legati</strong></span> <span class='ocrx_word' id='word_1_176' title='bbox 2718 1444 3005 1497; x_wconf 81' lang='lat' dir='ltr'><strong>mittantur</strong></span> <span class='ocrx_word' id='word_1_177' title='bbox 3035 1441 3100 1495; x_wconf 89' lang='lat' dir='ltr'><strong>ad</strong></span> <span class='ocrx_word' id='word_1_178' title='bbox 3129 1456 3317 1511; x_wconf 85' lang='lat' dir='ltr'><strong>pacem</strong></span> <span class='ocrx_word' id='word_1_179' title='bbox 3352 1453 3407 1496; x_wconf 84' lang='lat' dir='ltr'><strong>et</strong></span> 
     </span>
    </p>
   </div>
   <div class='ocr_carea' id='block_1_28' title="bbox 1925 1531 3409 1588">
    <p class='ocr_par' dir='ltr' id='par_1_28' title="bbox 1925 1531 3409 1588">
     <span class='ocr_line' id='line_1_28' title="bbox 1925 1531 3409 1588; baseline 0.001 -5"><span class='ocrx_word' id='word_1_180' title='bbox 1925 1550 1945 1583; x_wconf 77' lang='grc' dir='ltr'><strong>ι</strong></span> <span class='ocrx_word' id='word_1_181' title='bbox 1982 1533 2232 1587; x_wconf 91' lang='lat' dir='ltr'><strong>unionem</strong></span> <span class='ocrx_word' id='word_1_182' title='bbox 2267 1532 2560 1588; x_wconf 84' lang='lat' dir='ltr'><strong>Donatistis</strong></span> <span class='ocrx_word' id='word_1_183' title='bbox 2596 1535 2664 1586; x_wconf 89' lang='lat' dir='ltr'><strong>ad</strong></span> <span class='ocrx_word' id='word_1_184' title='bbox 2702 1532 2858 1587; x_wconf 82' lang='lat' dir='ltr'><strong>ﬁdem</strong></span> <span class='ocrx_word' id='word_1_185' title='bbox 2881 1531 3242 1586; x_wconf 78' lang='lat' dir='ltr'><strong>orthodoxam</strong></span> <span class='ocrx_word' id='word_1_186' title='bbox 3278 1547 3409 1586; x_wconf 89' lang='lat' dir='ltr'><strong>con-</strong></span> 
     </span>
    </p>
   </div>
   <div class='ocr_carea' id='block_1_29' title="bbox 1928 1625 2683 1691">
    <p class='ocr_par' dir='ltr' id='par_1_29' title="bbox 1928 1625 2683 1691">
     <span class='ocr_line' id='line_1_29' title="bbox 1928 1625 2683 1691; baseline 0.005 -18"><span class='ocrx_word' id='word_1_187' title='bbox 1928 1641 1949 1673; x_wconf 79' lang='grc' dir='ltr'><strong>ι</strong></span> <span class='ocrx_word' id='word_1_188' title='bbox 1989 1625 2160 1679; x_wconf 83' lang='lat' dir='ltr'><strong>versis</strong></span> <span class='ocrx_word' id='word_1_189' title='bbox 2198 1626 2617 1691; x_wconf 85' lang='lat' dir='ltr'><strong>praedicandam.</strong></span> <span class='ocrx_word' id='word_1_190' title='bbox 2663 1643 2683 1677; x_wconf 75' lang='grc' dir='ltr'><strong>ι</strong></span> 
     </span>
    </p>
   </div>
   <div class='ocr_carea' id='block_1_30' title="bbox 1926 1734 3409 1806">
    <p class='ocr_par' dir='ltr' id='par_1_30' title="bbox 1926 1734 3409 1806">
     <span class='ocr_line' id='line_1_30' title="bbox 1926 1734 3409 1806; baseline 0.001 -17"><span class='ocrx_word' id='word_1_191' title='bbox 1926 1734 2117 1792; x_wconf 81' lang='lat' dir='ltr'><strong>Patres</strong></span> <span class='ocrx_word' id='word_1_192' title='bbox 2160 1737 2213 1790; x_wconf 88' lang='lat' dir='ltr'><strong>hi</strong></span> <span class='ocrx_word' id='word_1_193' title='bbox 2261 1752 2368 1793; x_wconf 91' lang='lat' dir='ltr'><strong>non</strong></span> <span class='ocrx_word' id='word_1_194' title='bbox 2405 1746 2610 1793; x_wconf 88' lang='lat' dir='ltr'><strong>tantum</strong></span> <span class='ocrx_word' id='word_1_195' title='bbox 2656 1736 2969 1806; x_wconf 73' lang='lat' dir='ltr'><strong>iudicarunt</strong></span> <span class='ocrx_word' id='word_1_196' title='bbox 3001 1738 3307 1794; x_wconf 89' lang='lat' dir='ltr'><strong>Douatistas</strong></span> <span class='ocrx_word' id='word_1_197' title='bbox 3344 1737 3409 1790; x_wconf 86' lang='lat' dir='ltr'><strong>ad</strong></span> 
     </span>
    </p>
   </div>
   <div class='ocr_carea' id='block_1_31' title="bbox 186 1823 1756 1923">
    <p class='ocr_par' dir='ltr' id='par_1_31' title="bbox 186 1831 1749 1905">
     <span class='ocr_line' id='line_1_31' title="bbox 186 1831 1749 1905; baseline 0.006 -26"><span class='ocrx_word' id='word_1_198' title='bbox 186 1831 304 1891; x_wconf 61' lang='grc' dir='ltr'><strong>τώς</strong></span> <span class='ocrx_word' id='word_1_199' title='bbox 361 1832 688 1897; x_wconf 74' lang='grc' dir='ltr'><strong>Δονατιστὰς</strong></span> <span class='ocrx_word' id='word_1_200' title='bbox 738 1834 859 1889; x_wconf 79' lang='grc' dir='ltr'><strong>δέον</strong></span> <span class='ocrx_word' id='word_1_201' title='bbox 926 1835 1148 1903; x_wconf 74' lang='grc' dir='ltr'><strong>ἔκριναν</strong></span> <span class='ocrx_word' id='word_1_202' title='bbox 1201 1838 1251 1887; x_wconf 79' lang='grc' dir='ltr'><strong>οἱ</strong></span> <span class='ocrx_word' id='word_1_203' title='bbox 1314 1836 1557 1905; x_wconf 81' lang='grc' dir='ltr'><strong>Πατὲρες</strong></span> <span class='ocrx_word' id='word_1_204' title='bbox 1603 1834 1749 1888; x_wconf 79' lang='grc' dir='ltr'><strong>οὗτοι</strong></span> 
     </span>
    </p>
   </div>
   <div class='ocr_carea' id='block_1_32' title="bbox 1856 1823 3408 1923">
    <p class='ocr_par' dir='ltr' id='par_1_32' title="bbox 1856 1823 3408 1889">
     <span class='ocr_line' id='line_1_32' title="bbox 1856 1823 3408 1889; baseline 0.001 -12"><span class='ocrx_word' id='word_1_205' title='bbox 1856 1823 2146 1880; x_wconf 87' lang='lat' dir='ltr'><strong>Ecclesiam</strong></span> <span class='ocrx_word' id='word_1_206' title='bbox 2177 1826 2495 1881; x_wconf 84' lang='lat' dir='ltr'><strong>catholicam</strong></span> <span class='ocrx_word' id='word_1_207' title='bbox 2531 1828 2852 1884; x_wconf 84' lang='lat' dir='ltr'><strong>accedentes</strong></span> <span class='ocrx_word' id='word_1_208' title='bbox 2883 1828 3239 1883; x_wconf 84' lang='lat' dir='ltr'><strong>admittendos</strong></span> <span class='ocrx_word' id='word_1_209' title='bbox 3267 1840 3408 1889; x_wconf 87' lang='lat' dir='ltr'><strong>esse,</strong></span> 
     </span>
    </p>
   </div>
   <div class='ocr_carea' id='block_1_33' title="bbox 191 1917 1756 1997">
    <p class='ocr_par' dir='ltr' id='par_1_33' title="bbox 191 1920 1751 1997">
     <span class='ocr_line' id='line_1_33' title="bbox 191 1920 1751 1997; baseline 0.006 -29"><span class='ocrx_word' id='word_1_210' title='bbox 191 1920 613 1989; x_wconf 75' lang='grc' dir='ltr'><strong>παραδέχεσθαι,</strong></span> <span class='ocrx_word' id='word_1_211' title='bbox 644 1923 782 1978; x_wconf 79' lang='grc' dir='ltr'><strong>ἀλλὰ</strong></span> <span class='ocrx_word' id='word_1_212' title='bbox 808 1926 901 1979; x_wconf 74' lang='grc' dir='ltr'><strong>καὶ</strong></span> <span class='ocrx_word' id='word_1_213' title='bbox 937 1926 1198 1995; x_wconf 81' lang='grc' dir='ltr'><strong>πρέσϐεις</strong></span> <span class='ocrx_word' id='word_1_214' title='bbox 1233 1924 1367 1997; x_wconf 84' lang='grc' dir='ltr'><strong>-τρδς</strong></span> <span class='ocrx_word' id='word_1_215' title='bbox 1421 1927 1617 1989; x_wconf 81' lang='grc' dir='ltr'><strong>αὐτοὺς</strong></span> <span class='ocrx_word' id='word_1_216' title='bbox 1665 1927 1751 1978; x_wconf 64' lang='grc' dir='ltr'><strong>εἰς</strong></span> 
     </span>
    </p>
   </div>
   <div class='ocr_carea' id='block_1_34' title="bbox 1856 1917 3411 1997">
    <p class='ocr_par' dir='ltr' id='par_1_34' title="bbox 1856 1917 3411 1988">
     <span class='ocr_line' id='line_1_34' title="bbox 1856 1917 3411 1988; baseline 0 -19"><span class='ocrx_word' id='word_1_217' title='bbox 1856 1917 1943 1970; x_wconf 87' lang='lat' dir='ltr'><strong>sed</strong></span> <span class='ocrx_word' id='word_1_218' title='bbox 1970 1926 2024 1972; x_wconf 90' lang='lat' dir='ltr'><strong>et</strong></span> <span class='ocrx_word' id='word_1_219' title='bbox 2048 1917 2254 1987; x_wconf 81' lang='lat' dir='ltr'><strong>legatos</strong></span> <span class='ocrx_word' id='word_1_220' title='bbox 2285 1920 2349 1971; x_wconf 85' lang='lat' dir='ltr'><strong>ad</strong></span> <span class='ocrx_word' id='word_1_221' title='bbox 2378 1932 2472 1974; x_wconf 89' lang='lat' dir='ltr'><strong>eos</strong></span> <span class='ocrx_word' id='word_1_222' title='bbox 2503 1919 2795 1975; x_wconf 88' lang='lat' dir='ltr'><strong>mittendos</strong></span> <span class='ocrx_word' id='word_1_223' title='bbox 2829 1920 2896 1973; x_wconf 91' lang='lat' dir='ltr'><strong>ad</strong></span> <span class='ocrx_word' id='word_1_224' title='bbox 2926 1934 3110 1988; x_wconf 83' lang='lat' dir='ltr'><strong>pacem</strong></span> <span class='ocrx_word' id='word_1_225' title='bbox 3140 1917 3411 1972; x_wconf 84' lang='lat' dir='ltr'><strong>Ecclesia-</strong></span> 
     </span>
    </p>
   </div>
   <div class='ocr_carea' id='block_1_35' title="bbox 194 2004 1756 2085">
    <p class='ocr_par' dir='ltr' id='par_1_35' title="bbox 194 2009 1749 2085">
     <span class='ocr_line' id='line_1_35' title="bbox 194 2009 1749 2085; baseline 0.005 -25"><span class='ocrx_word' id='word_1_226' title='bbox 194 2009 359 2075; x_wconf 81' lang='grc' dir='ltr'><strong>ρήνην</strong></span> <span class='ocrx_word' id='word_1_227' title='bbox 391 2011 499 2062; x_wconf 88' lang='grc' dir='ltr'><strong>τῶν</strong></span> <span class='ocrx_word' id='word_1_228' title='bbox 546 2013 855 2083; x_wconf 72' lang='grc' dir='ltr'><strong>ἐκκλησιῶν</strong></span> <span class='ocrx_word' id='word_1_229' title='bbox 874 2015 966 2069; x_wconf 76' lang='grc' dir='ltr'><strong>καὶ</strong></span> <span class='ocrx_word' id='word_1_230' title='bbox 1000 2015 1245 2085; x_wconf 77' lang='grc' dir='ltr'><strong>ἑνότητα,</strong></span> <span class='ocrx_word' id='word_1_231' title='bbox 1308 2014 1357 2066; x_wconf 81' lang='grc' dir='ltr'><strong>εί</strong></span> <span class='ocrx_word' id='word_1_232' title='bbox 1412 2013 1749 2084; x_wconf 78' lang='grc' dir='ltr'><strong>μετατεθῶσι</strong></span> 
     </span>
    </p>
   </div>
   <div class='ocr_carea' id='block_1_36' title="bbox 1856 2004 3408 2085">
    <p class='ocr_par' dir='ltr' id='par_1_36' title="bbox 1856 2004 3408 2075">
     <span class='ocr_line' id='line_1_36' title="bbox 1856 2004 3408 2075; baseline 0.003 -20"><span class='ocrx_word' id='word_1_233' title='bbox 1856 2017 1969 2056; x_wconf 88' lang='lat' dir='ltr'><strong>rum</strong></span> <span class='ocrx_word' id='word_1_234' title='bbox 2000 2014 2049 2057; x_wconf 88' lang='lat' dir='ltr'><strong>et</strong></span> <span class='ocrx_word' id='word_1_235' title='bbox 2087 2004 2345 2059; x_wconf 87' lang='lat' dir='ltr'><strong>unitatem</strong></span> <span class='ocrx_word' id='word_1_236' title='bbox 2378 2008 2769 2075; x_wconf 63' lang='lat' dir='ltr'><strong>praedicandam</strong></span> <span class='ocrx_word' id='word_1_237' title='bbox 2798 2050 2811 2073; x_wconf 88' lang='lat'><strong>,</strong></span> <span class='ocrx_word' id='word_1_238' title='bbox 2845 2008 2887 2063; x_wconf 91' lang='lat' dir='ltr'><strong>si</strong></span> <span class='ocrx_word' id='word_1_239' title='bbox 2938 2009 3003 2062; x_wconf 88' lang='lat' dir='ltr'><strong>ad</strong></span> <span class='ocrx_word' id='word_1_240' title='bbox 3054 2007 3408 2061; x_wconf 81' lang='lat' dir='ltr'><strong>orthodoxam</strong></span> 
     </span>
    </p>
   </div>
   <div class='ocr_carea' id='block_1_37' title="bbox 192 2096 738 2170">
    <p class='ocr_par' dir='ltr' id='par_1_37' title="bbox 192 2096 738 2170">
     <span class='ocr_line' id='line_1_37' title="bbox 192 2096 738 2170; baseline 0.011 -19"><span class='ocrx_word' id='word_1_241' title='bbox 192 2096 322 2165; x_wconf 74' lang='grc' dir='ltr'><strong>πρὸς</strong></span> <span class='ocrx_word' id='word_1_242' title='bbox 349 2099 411 2151; x_wconf 78' lang='grc' dir='ltr'><strong>τὸ</strong></span> <span class='ocrx_word' id='word_1_243' title='bbox 434 2101 738 2170; x_wconf 36' lang='lat' dir='ltr'><strong>spumam.</strong></span> 
     </span>
    </p>
   </div>
   <div class='ocr_carea' id='block_1_38' title="bbox 778 2240 1160 2295">
    <p class='ocr_par' dir='ltr' id='par_1_38' title="bbox 778 2240 1160 2295">
     <span class='ocr_line' id='line_1_38' title="bbox 778 2240 1160 2295; baseline 0 -1"><span class='ocrx_word' id='word_1_244' title='bbox 778 2240 1015 2294; x_wconf 79' lang='grc' dir='ltr'><strong>ΚΑΝΩΝ</strong></span> <span class='ocrx_word' id='word_1_245' title='bbox 1042 2241 1160 2295; x_wconf 77' lang='lat' dir='ltr'><strong>UI&quot;.</strong></span> 
     </span>
    </p>
   </div>
   <div class='ocr_carea' id='block_1_39' title="bbox 199 2370 1755 2445">
    <p class='ocr_par' dir='ltr' id='par_1_39' title="bbox 199 2370 1755 2445">
     <span class='ocr_line' id='line_1_39' title="bbox 199 2370 1755 2445; baseline 0.006 -26"><span class='ocrx_word' id='word_1_246' title='bbox 199 2386 216 2419; x_wconf 79' lang='grc' dir='ltr'><strong>ι</strong></span> <span class='ocrx_word' id='word_1_247' title='bbox 259 2370 391 2440; x_wconf 74' lang='grc' dir='ltr'><strong>Περὶ</strong></span> <span class='ocrx_word' id='word_1_248' title='bbox 424 2371 518 2423; x_wconf 74' lang='grc' dir='ltr'><strong>τοῦ</strong></span> <span class='ocrx_word' id='word_1_249' title='bbox 545 2373 688 2424; x_wconf 80' lang='grc' dir='ltr'><strong>ποῖοι</strong></span> <span class='ocrx_word' id='word_1_250' title='bbox 727 2373 999 2445; x_wconf 77' lang='grc' dir='ltr'><strong>ὀφείλουσι</strong></span> <span class='ocrx_word' id='word_1_251' title='bbox 1030 2374 1139 2427; x_wconf 88' lang='grc' dir='ltr'><strong>τῶν</strong></span> <span class='ocrx_word' id='word_1_252' title='bbox 1180 2373 1455 2444; x_wconf 88' lang='grc' dir='ltr'><strong>κληρικῶν</strong></span> <span class='ocrx_word' id='word_1_253' title='bbox 1500 2373 1755 2444; x_wconf 84' lang='grc' dir='ltr'><strong>γαμετῶν</strong></span> 
     </span>
    </p>
   </div>
   <div class='ocr_carea' id='block_1_40' title="bbox 262 2457 1756 2533">
    <p class='ocr_par' dir='ltr' id='par_1_40' title="bbox 262 2457 1756 2533">
     <span class='ocr_line' id='line_1_40' title="bbox 262 2457 1756 2533; baseline 0.007 -27"><span class='ocrx_word' id='word_1_254' title='bbox 262 2472 280 2506; x_wconf 80' lang='grc' dir='ltr'><strong>ι</strong></span> <span class='ocrx_word' id='word_1_255' title='bbox 326 2457 649 2527; x_wconf 72' lang='grc' dir='ltr'><strong>ἀπέχεσθαι.</strong></span> <span class='ocrx_word' id='word_1_256' title='bbox 682 2461 824 2529; x_wconf 78' lang='grc' dir='ltr'><strong>Πρὸς</strong></span> <span class='ocrx_word' id='word_1_257' title='bbox 852 2463 943 2513; x_wconf 76' lang='grc' dir='ltr'><strong>ἐπὶ</strong></span> <span class='ocrx_word' id='word_1_258' title='bbox 978 2461 1185 2526; x_wconf 85' lang='grc' dir='ltr'><strong>τούτοις</strong></span> <span class='ocrx_word' id='word_1_259' title='bbox 1242 2463 1299 2514; x_wconf 77' lang='grc' dir='ltr'><strong>ἐν</strong></span> <span class='ocrx_word' id='word_1_260' title='bbox 1356 2461 1434 2532; x_wconf 85' lang='grc' dir='ltr'><strong>τῷ</strong></span> <span class='ocrx_word' id='word_1_261' title='bbox 1485 2464 1612 2533; x_wconf 85' lang='grc' dir='ltr'><strong>περὶ</strong></span> <span class='ocrx_word' id='word_1_262' title='bbox 1664 2464 1756 2531; x_wconf 81' lang='grc' dir='ltr'><strong>ὲγ-</strong></span> 
     </span>
    </p>
   </div>
   <div class='ocr_carea' id='block_1_41' title="bbox 264 2543 1756 2619">
    <p class='ocr_par' dir='ltr' id='par_1_41' title="bbox 264 2543 1756 2619">
     <span class='ocr_line' id='line_1_41' title="bbox 264 2543 1756 2619; baseline 0.009 -26"><span class='ocrx_word' id='word_1_263' title='bbox 264 2564 281 2592; x_wconf 77' lang='grc'><strong>(</strong></span> <span class='ocrx_word' id='word_1_264' title='bbox 328 2547 586 2615; x_wconf 84' lang='grc' dir='ltr'><strong>κρατείας</strong></span> <span class='ocrx_word' id='word_1_265' title='bbox 617 2547 717 2616; x_wconf 80' lang='grc' dir='ltr'><strong>τῆς</strong></span> <span class='ocrx_word' id='word_1_266' title='bbox 767 2550 893 2619; x_wconf 78' lang='grc' dir='ltr'><strong>περὶ</strong></span> <span class='ocrx_word' id='word_1_267' title='bbox 925 2550 1027 2612; x_wconf 83' lang='grc' dir='ltr'><strong>τὰς</strong></span> <span class='ocrx_word' id='word_1_268' title='bbox 1055 2543 1261 2613; x_wconf 74' lang='grc' dir='ltr'><strong>οἰκείας</strong></span> <span class='ocrx_word' id='word_1_269' title='bbox 1292 2550 1535 2619; x_wconf 83' lang='grc' dir='ltr'><strong>γαμετάς</strong></span> <span class='ocrx_word' id='word_1_270' title='bbox 1593 2569 1756 2607; x_wconf 85' lang='grc' dir='ltr'><strong>τινων</strong></span> 
     </span>
    </p>
   </div>
   <div class='ocr_carea' id='block_1_42' title="bbox 265 2637 1756 2713">
    <p class='ocr_par' dir='ltr' id='par_1_42' title="bbox 265 2637 1756 2713">
     <span class='ocr_line' id='line_1_42' title="bbox 265 2637 1756 2713; baseline 0.005 -26"><span class='ocrx_word' id='word_1_271' title='bbox 265 2654 280 2684; x_wconf 82' lang='grc' dir='ltr'>ι</span> <span class='ocrx_word' id='word_1_272' title='bbox 324 2637 762 2705; x_wconf 78' lang='grc' dir='ltr'><strong>μνημονεύεσθαι</strong></span> <span class='ocrx_word' id='word_1_273' title='bbox 834 2640 1131 2712; x_wconf 85' lang='grc' dir='ltr'><strong>κληρικῶν,</strong></span> <span class='ocrx_word' id='word_1_274' title='bbox 1174 2642 1389 2713; x_wconf 71' lang='grc' dir='ltr'><strong>ἤρεσεν,</strong></span> <span class='ocrx_word' id='word_1_275' title='bbox 1449 2641 1588 2695; x_wconf 84' lang='grc' dir='ltr'><strong>ὥστε</strong></span> <span class='ocrx_word' id='word_1_276' title='bbox 1632 2643 1756 2705; x_wconf 71' lang='grc' dir='ltr'><strong>τοὺς</strong></span> 
     </span>
    </p>
   </div>
   <div class='ocr_carea' id='block_1_43' title="bbox 264 2729 1755 2804">
    <p class='ocr_par' dir='ltr' id='par_1_43' title="bbox 264 2729 1755 2804">
     <span class='ocr_line' id='line_1_43' title="bbox 264 2729 1755 2804; baseline 0.005 -27"><span class='ocrx_word' id='word_1_277' title='bbox 264 2747 281 2776; x_wconf 75' lang='grc' dir='ltr'><strong>ι</strong></span> <span class='ocrx_word' id='word_1_278' title='bbox 327 2729 658 2792; x_wconf 78' lang='grc' dir='ltr'><strong>ἐπισκόπους</strong></span> <span class='ocrx_word' id='word_1_279' title='bbox 717 2733 813 2787; x_wconf 78' lang='grc' dir='ltr'><strong>καὶ</strong></span> <span class='ocrx_word' id='word_1_280' title='bbox 865 2732 1266 2804; x_wconf 76' lang='grc' dir='ltr'><strong>πρεσϐυτέρους</strong></span> <span class='ocrx_word' id='word_1_281' title='bbox 1327 2733 1421 2786; x_wconf 77' lang='grc' dir='ltr'><strong>καὶ</strong></span> <span class='ocrx_word' id='word_1_282' title='bbox 1474 2732 1755 2795; x_wconf 80' lang='grc' dir='ltr'><strong>διακόνους</strong></span> 
     </span>
    </p>
   </div>
   <div class='ocr_carea' id='block_1_44' title="bbox 266 2820 1758 2891">
    <p class='ocr_par' dir='ltr' id='par_1_44' title="bbox 266 2820 1758 2891">
     <span class='ocr_line' id='line_1_44' title="bbox 266 2820 1758 2891; baseline 0.003 -24"><span class='ocrx_word' id='word_1_283' title='bbox 266 2838 282 2867; x_wconf 75' lang='grc' dir='ltr'><strong>ι</strong></span> <span class='ocrx_word' id='word_1_284' title='bbox 330 2821 470 2871; x_wconf 82' lang='grc' dir='ltr'><strong>κατὰ</strong></span> <span class='ocrx_word' id='word_1_285' title='bbox 502 2821 626 2882; x_wconf 76' lang='grc' dir='ltr'><strong>τοὺς</strong></span> <span class='ocrx_word' id='word_1_286' title='bbox 665 2821 822 2884; x_wconf 76' lang='grc' dir='ltr'><strong>ἰδίους</strong></span> <span class='ocrx_word' id='word_1_287' title='bbox 840 2821 996 2891; x_wconf 86' lang='grc' dir='ltr'><strong>ὄρους</strong></span> <span class='ocrx_word' id='word_1_288' title='bbox 1018 2824 1109 2875; x_wconf 72' lang='grc' dir='ltr'><strong>καὶ</strong></span> <span class='ocrx_word' id='word_1_289' title='bbox 1136 2824 1199 2875; x_wconf 82' lang='grc' dir='ltr'><strong>ὲκ</strong></span> <span class='ocrx_word' id='word_1_290' title='bbox 1220 2820 1326 2874; x_wconf 90' lang='grc' dir='ltr'><strong>τῶν</strong></span> <span class='ocrx_word' id='word_1_291' title='bbox 1356 2823 1499 2874; x_wconf 81' lang='grc' dir='ltr'><strong>ἰδίων</strong></span> <span class='ocrx_word' id='word_1_292' title='bbox 1526 2820 1606 2873; x_wconf 74' lang='grc' dir='ltr'><strong>ἔτι</strong></span> <span class='ocrx_word' id='word_1_293' title='bbox 1649 2822 1758 2891; x_wconf 75' lang='grc' dir='ltr'><strong>μὴν</strong></span> 
     </span>
    </p>
   </div>
   <div class='ocr_carea' id='block_1_45' title="bbox 263 2909 1757 2983">
    <p class='ocr_par' dir='ltr' id='par_1_45' title="bbox 263 2909 1757 2983">
     <span class='ocr_line' id='line_1_45' title="bbox 263 2909 1757 2983; baseline 0.002 -24"><span class='ocrx_word' id='word_1_294' title='bbox 263 2924 281 2958; x_wconf 76' lang='grc' dir='ltr'><strong>ι</strong></span> <span class='ocrx_word' id='word_1_295' title='bbox 330 2909 633 2978; x_wconf 76' lang='grc' dir='ltr'><strong>ἀπέχεσθαι</strong></span> <span class='ocrx_word' id='word_1_296' title='bbox 656 2910 971 2979; x_wconf 74' lang='grc' dir='ltr'><strong>γυναικῶνο</strong></span> <span class='ocrx_word' id='word_1_297' title='bbox 1006 2914 1144 2983; x_wconf 80' lang='grc' dir='ltr'><strong>ὅπερ</strong></span> <span class='ocrx_word' id='word_1_298' title='bbox 1200 2915 1247 2964; x_wconf 79' lang='grc' dir='ltr'><strong>εί</strong></span> <span class='ocrx_word' id='word_1_299' title='bbox 1312 2912 1387 2982; x_wconf 82' lang='grc' dir='ltr'><strong>μὴ</strong></span> <span class='ocrx_word' id='word_1_300' title='bbox 1453 2913 1757 2980; x_wconf 83' lang='grc' dir='ltr'><strong>ποιήσαιεν,</strong></span> 
     </span>
    </p>
   </div>
   <div class='ocr_carea' id='block_1_46' title="bbox 266 2998 1754 3070">
    <p class='ocr_par' dir='ltr' id='par_1_46' title="bbox 266 2998 1754 3070">
     <span class='ocr_line' id='line_1_46' title="bbox 266 2998 1754 3070; baseline 0.005 -25"><span class='ocrx_word' id='word_1_301' title='bbox 266 3016 283 3045; x_wconf 78' lang='grc' dir='ltr'><strong>ι</strong></span> <span class='ocrx_word' id='word_1_302' title='bbox 332 3000 439 3050; x_wconf 72' lang='grc' dir='ltr'><strong>ἀπὸ</strong></span> <span class='ocrx_word' id='word_1_303' title='bbox 470 2998 571 3066; x_wconf 81' lang='grc' dir='ltr'><strong>τῆς</strong></span> <span class='ocrx_word' id='word_1_304' title='bbox 601 3000 1064 3070; x_wconf 70' lang='grc' dir='ltr'><strong>ἑκκλησιαστικῆς</strong></span> <span class='ocrx_word' id='word_1_305' title='bbox 1096 2999 1465 3069; x_wconf 84' lang='grc' dir='ltr'><strong>ἁποκινηθώσι</strong></span> <span class='ocrx_word' id='word_1_306' title='bbox 1510 2999 1712 3065; x_wconf 80' lang='grc' dir='ltr'><strong>τάξεως</strong></span> <span class='ocrx_word' id='word_1_307' title='bbox 1743 3016 1754 3028; x_wconf 94' lang='grc'>·</span> 
     </span>
    </p>
   </div>
   <div class='ocr_carea' id='block_1_47' title="bbox 266 3090 1760 3161">
    <p class='ocr_par' dir='ltr' id='par_1_47' title="bbox 266 3090 1760 3161">
     <span class='ocr_line' id='line_1_47' title="bbox 266 3090 1760 3161; baseline 0.003 -23"><span class='ocrx_word' id='word_1_308' title='bbox 266 3108 282 3138; x_wconf 75' lang='grc' dir='ltr'>ι</span> <span class='ocrx_word' id='word_1_309' title='bbox 328 3094 454 3151; x_wconf 78' lang='grc' dir='ltr'><strong>τοὺς</strong></span> <span class='ocrx_word' id='word_1_310' title='bbox 484 3091 540 3142; x_wconf 90' lang='grc' dir='ltr'><strong>δὲ</strong></span> <span class='ocrx_word' id='word_1_311' title='bbox 566 3091 789 3154; x_wconf 74' lang='grc' dir='ltr'><strong>λοιποὺς</strong></span> <span class='ocrx_word' id='word_1_312' title='bbox 837 3090 1131 3161; x_wconf 85' lang='grc' dir='ltr'><strong>κληρικοὺς</strong></span> <span class='ocrx_word' id='word_1_313' title='bbox 1161 3091 1296 3160; x_wconf 72' lang='grc' dir='ltr'><strong>πρὸς</strong></span> <span class='ocrx_word' id='word_1_314' title='bbox 1341 3090 1498 3143; x_wconf 76' lang='grc' dir='ltr'><strong>τοῦτο</strong></span> <span class='ocrx_word' id='word_1_315' title='bbox 1555 3092 1628 3159; x_wconf 77' lang='grc' dir='ltr'><strong>μὴ</strong></span> <span class='ocrx_word' id='word_1_316' title='bbox 1668 3090 1760 3143; x_wconf 79' lang='grc' dir='ltr'><strong>ἁν-</strong></span> 
     </span>
    </p>
   </div>
   <div class='ocr_carea' id='block_1_48' title="bbox 270 3179 1822 3258">
    <p class='ocr_par' dir='ltr' id='par_1_48' title="bbox 270 3179 1822 3258">
     <span class='ocr_line' id='line_1_48' title="bbox 270 3179 1822 3258; baseline 0.006 -31"><span class='ocrx_word' id='word_1_317' title='bbox 270 3200 287 3227; x_wconf 78' lang='grc' dir='ltr'><strong>ι</strong></span> <span class='ocrx_word' id='word_1_318' title='bbox 336 3180 695 3247; x_wconf 72' lang='grc' dir='ltr'><strong>αγκάζεσθαι,</strong></span> <span class='ocrx_word' id='word_1_319' title='bbox 757 3180 877 3234; x_wconf 76' lang='grc' dir='ltr'><strong>ἀλλ’</strong></span> <span class='ocrx_word' id='word_1_320' title='bbox 928 3181 1160 3248; x_wconf 82' lang='grc' dir='ltr'><strong>ὀφείλειν</strong></span> <span class='ocrx_word' id='word_1_321' title='bbox 1205 3180 1345 3232; x_wconf 76' lang='grc' dir='ltr'><strong>κατὰ</strong></span> <span class='ocrx_word' id='word_1_322' title='bbox 1370 3179 1465 3250; x_wconf 84' lang='grc' dir='ltr'><strong>τὴν</strong></span> <span class='ocrx_word' id='word_1_323' title='bbox 1520 3182 1822 3258; x_wconf 71' lang='grc' dir='ltr'><strong>ὲκάστηςρ</strong></span> 
     </span>
    </p>
   </div>
   <div class='ocr_carea' id='block_1_49' title="bbox 266 3269 1582 3340">
    <p class='ocr_par' dir='ltr' id='par_1_49' title="bbox 266 3269 1582 3340">
     <span class='ocr_line' id='line_1_49' title="bbox 266 3269 1582 3340; baseline -0.002 -17"><span class='ocrx_word' id='word_1_324' title='bbox 266 3289 286 3323; x_wconf 80' lang='grc' dir='ltr'><strong>ι</strong></span> <span class='ocrx_word' id='word_1_325' title='bbox 330 3272 626 3340; x_wconf 76' lang='grc' dir='ltr'><strong>ἐκκλησίας</strong></span> <span class='ocrx_word' id='word_1_326' title='bbox 658 3269 951 3340; x_wconf 75' lang='grc' dir='ltr'><strong>συνήθειαν</strong></span> <span class='ocrx_word' id='word_1_327' title='bbox 983 3270 1515 3340; x_wconf 79' lang='grc' dir='ltr'><strong>παραφυλάττεσθαι.</strong></span> <span class='ocrx_word' id='word_1_328' title='bbox 1563 3289 1582 3320; x_wconf 74' lang='grc' dir='ltr'><strong>ι</strong></span> 
     </span>
    </p>
   </div>
   <div class='ocr_carea' id='block_1_50' title="bbox 233 3380 1760 3470">
    <p class='ocr_par' dir='ltr' id='par_1_50' title="bbox 233 3380 1760 3470">
     <span class='ocr_line' id='line_1_50' title="bbox 233 3380 1760 3470; baseline -0.003 -13"><span class='ocrx_word' id='word_1_329' title='bbox 233 3380 459 3460; x_wconf 45' lang='lat' dir='ltr'><strong>.BAAS.</strong></span> <span class='ocrx_word' id='word_1_330' title='bbox 512 3403 634 3464; x_wconf 85' lang='grc' dir='ltr'><strong>Πῶς</strong></span> <span class='ocrx_word' id='word_1_331' title='bbox 682 3401 989 3470; x_wconf 77' lang='grc' dir='ltr'><strong>ὀφείλουσιν</strong></span> <span class='ocrx_word' id='word_1_332' title='bbox 1035 3402 1464 3469; x_wconf 76' lang='grc' dir='ltr'><strong>ἑγκρατεύεσθαι</strong></span> <span class='ocrx_word' id='word_1_333' title='bbox 1502 3401 1610 3454; x_wconf 80' lang='grc' dir='ltr'><strong>ἀπὸ</strong></span> <span class='ocrx_word' id='word_1_334' title='bbox 1654 3402 1760 3454; x_wconf 83' lang='grc' dir='ltr'><strong>τῶν</strong></span> 
     </span>
    </p>
   </div>
   <div class='ocr_carea' id='block_1_51' title="bbox 198 3490 1761 3560">
    <p class='ocr_par' dir='ltr' id='par_1_51' title="bbox 198 3490 1761 3560">
     <span class='ocr_line' id='line_1_51' title="bbox 198 3490 1761 3560; baseline -0.004 -13"><span class='ocrx_word' id='word_1_335' title='bbox 198 3493 339 3547; x_wconf 77' lang='grc' dir='ltr'><strong>ίδίων</strong></span> <span class='ocrx_word' id='word_1_336' title='bbox 381 3490 638 3560; x_wconf 79' lang='grc' dir='ltr'><strong>γαμετῶν</strong></span> <span class='ocrx_word' id='word_1_337' title='bbox 657 3491 707 3543; x_wconf 81' lang='grc' dir='ltr'><strong>οἱ</strong></span> <span class='ocrx_word' id='word_1_338' title='bbox 741 3490 1048 3557; x_wconf 77' lang='grc' dir='ltr'><strong>ἐπίσκοποι,</strong></span> <span class='ocrx_word' id='word_1_339' title='bbox 1094 3492 1141 3543; x_wconf 79' lang='grc' dir='ltr'><strong>οἱ</strong></span> <span class='ocrx_word' id='word_1_340' title='bbox 1169 3490 1525 3560; x_wconf 83' lang='grc' dir='ltr'><strong>πρεσϐύτεροι</strong></span> <span class='ocrx_word' id='word_1_341' title='bbox 1582 3491 1675 3543; x_wconf 80' lang='grc' dir='ltr'><strong>καὶ</strong></span> <span class='ocrx_word' id='word_1_342' title='bbox 1711 3490 1761 3541; x_wconf 81' lang='lat' dir='ltr'><strong>oi</strong></span> 
     </span>
    </p>
   </div>
   <div class='ocr_carea' id='block_1_52' title="bbox 195 3579 1756 3653">
    <p class='ocr_par' dir='ltr' id='par_1_52' title="bbox 195 3579 1756 3653">
     <span class='ocr_line' id='line_1_52' title="bbox 195 3579 1756 3653; baseline -0.001 -18"><span class='ocrx_word' id='word_1_343' title='bbox 195 3584 443 3645; x_wconf 77' lang='grc' dir='ltr'><strong>διάκονοι,</strong></span> <span class='ocrx_word' id='word_1_344' title='bbox 474 3583 614 3633; x_wconf 63' lang='grc' dir='ltr'><strong>κατὰ</strong></span> <span class='ocrx_word' id='word_1_345' title='bbox 646 3580 739 3632; x_wconf 78' lang='grc' dir='ltr'><strong>τὸν</strong></span> <span class='ocrx_word' id='word_1_346' title='bbox 804 3579 996 3649; x_wconf 83' lang='grc' dir='ltr'><strong>καιρὸν</strong></span> <span class='ocrx_word' id='word_1_347' title='bbox 1043 3582 1141 3653; x_wconf 84' lang='grc' dir='ltr'><strong>τῆς</strong></span> <span class='ocrx_word' id='word_1_348' title='bbox 1191 3582 1496 3651; x_wconf 68' lang='grc' dir='ltr'><strong>ἑφημερίας</strong></span> <span class='ocrx_word' id='word_1_349' title='bbox 1558 3581 1756 3647; x_wconf 70' lang='grc' dir='ltr'><strong>αὐτῶν,</strong></span> 
     </span>
    </p>
   </div>
   <div class='ocr_carea' id='block_1_53' title="bbox 197 3668 1761 3741">
    <p class='ocr_par' dir='ltr' id='par_1_53' title="bbox 197 3668 1761 3741">
     <span class='ocr_line' id='line_1_53' title="bbox 197 3668 1761 3741; baseline -0.001 -17"><span class='ocrx_word' id='word_1_350' title='bbox 197 3674 401 3741; x_wconf 84' lang='grc' dir='ltr'><strong>εἴρηται</strong></span> <span class='ocrx_word' id='word_1_351' title='bbox 449 3674 507 3724; x_wconf 78' lang='grc' dir='ltr'><strong>ὲν</strong></span> <span class='ocrx_word' id='word_1_352' title='bbox 537 3670 615 3739; x_wconf 83' lang='grc' dir='ltr'><strong>τῷ</strong></span> <span class='ocrx_word' id='word_1_353' title='bbox 648 3668 714 3737; x_wconf 75' lang='grc' dir='ltr'><strong>ιγ’</strong></span> <span class='ocrx_word' id='word_1_354' title='bbox 746 3671 933 3723; x_wconf 87' lang='grc' dir='ltr'><strong>κανόνι</strong></span> <span class='ocrx_word' id='word_1_355' title='bbox 968 3670 1067 3739; x_wconf 81' lang='grc' dir='ltr'><strong>τῆς</strong></span> <span class='ocrx_word' id='word_1_356' title='bbox 1129 3671 1187 3723; x_wconf 78' lang='grc' dir='ltr'><strong>ὲν</strong></span> <span class='ocrx_word' id='word_1_357' title='bbox 1231 3670 1309 3739; x_wconf 83' lang='grc' dir='ltr'><strong>τῷ</strong></span> <span class='ocrx_word' id='word_1_358' title='bbox 1351 3670 1603 3740; x_wconf 82' lang='grc' dir='ltr'><strong>Τρούλλῳ</strong></span> <span class='ocrx_word' id='word_1_359' title='bbox 1636 3687 1761 3722; x_wconf 80' lang='grc' dir='ltr'><strong>συνο</strong></span> 
     </span>
    </p>
   </div>
   <div class='ocr_carea' id='block_1_54' title="bbox 195 3760 1761 3831">
    <p class='ocr_par' dir='ltr' id='par_1_54' title="bbox 195 3760 1761 3831">
     <span class='ocr_line' id='line_1_54' title="bbox 195 3760 1761 3831; baseline -0.002 -15"><span class='ocrx_word' id='word_1_360' title='bbox 195 3764 329 3816; x_wconf 69' lang='grc' dir='ltr'><strong>όδου.</strong></span> <span class='ocrx_word' id='word_1_361' title='bbox 350 3764 460 3818; x_wconf 76' lang='grc' dir='ltr'><strong>Καὶ</strong></span> <span class='ocrx_word' id='word_1_362' title='bbox 495 3765 524 3815; x_wconf 85' lang='grc' dir='ltr'><strong>ό</strong></span> <span class='ocrx_word' id='word_1_363' title='bbox 545 3762 737 3831; x_wconf 83' lang='grc' dir='ltr'><strong>παρὼν</strong></span> <span class='ocrx_word' id='word_1_364' title='bbox 764 3762 820 3813; x_wconf 79' lang='grc' dir='ltr'><strong>δὲ</strong></span> <span class='ocrx_word' id='word_1_365' title='bbox 852 3760 1029 3813; x_wconf 83' lang='grc' dir='ltr'><strong>κανών</strong></span> <span class='ocrx_word' id='word_1_366' title='bbox 1063 3777 1195 3830; x_wconf 85' lang='grc' dir='ltr'><strong>φησι</strong></span> <span class='ocrx_word' id='word_1_367' title='bbox 1233 3761 1611 3830; x_wconf 83' lang='grc' dir='ltr'><strong>καθαιρεῖσθαι</strong></span> <span class='ocrx_word' id='word_1_368' title='bbox 1634 3760 1761 3813; x_wconf 84' lang='grc' dir='ltr'><strong>τού-</strong></span> 
     </span>
    </p>
   </div>
   <div class='ocr_carea' id='block_1_55' title="bbox 198 3850 1758 3923">
    <p class='ocr_par' dir='ltr' id='par_1_55' title="bbox 198 3850 1758 3923">
     <span class='ocr_line' id='line_1_55' title="bbox 198 3850 1758 3923; baseline 0.001 -22"><span class='ocrx_word' id='word_1_369' title='bbox 198 3868 315 3914; x_wconf 84' lang='grc' dir='ltr'><strong>τους</strong></span> <span class='ocrx_word' id='word_1_370' title='bbox 342 3854 391 3904; x_wconf 73' lang='lat' dir='ltr'><strong>el</strong></span> <span class='ocrx_word' id='word_1_371' title='bbox 424 3851 499 3923; x_wconf 82' lang='grc' dir='ltr'><strong>μὴ</strong></span> <span class='ocrx_word' id='word_1_372' title='bbox 532 3850 838 3919; x_wconf 73' lang='grc' dir='ltr'><strong>τηνικαῦτα</strong></span> <span class='ocrx_word' id='word_1_373' title='bbox 869 3851 1332 3921; x_wconf 80' lang='grc' dir='ltr'><strong>ἐγκρατεύωνται,</strong></span> <span class='ocrx_word' id='word_1_374' title='bbox 1405 3851 1542 3914; x_wconf 82' lang='grc' dir='ltr'><strong>Τοὺς</strong></span> <span class='ocrx_word' id='word_1_375' title='bbox 1580 3851 1636 3904; x_wconf 81' lang='grc' dir='ltr'><em>δέ</em></span> <span class='ocrx_word' id='word_1_376' title='bbox 1696 3867 1758 3918; x_wconf 89' lang='grc' dir='ltr'><strong>γε</strong></span> 
     </span>
    </p>
   </div>
   <div class='ocr_carea' id='block_1_56' title="bbox 196 3941 1757 4013">
    <p class='ocr_par' dir='ltr' id='par_1_56' title="bbox 196 3941 1757 4013">
     <span class='ocr_line' id='line_1_56' title="bbox 196 3941 1757 4013; baseline 0.001 -20"><span class='ocrx_word' id='word_1_377' title='bbox 196 3942 405 4006; x_wconf 76' lang='grc' dir='ltr'><strong>λοιποὺς</strong></span> <span class='ocrx_word' id='word_1_378' title='bbox 458 3942 757 4011; x_wconf 60' lang='grc' dir='ltr'><strong>κληρικοτλς</strong></span> <span class='ocrx_word' id='word_1_379' title='bbox 806 3941 977 3993; x_wconf 85' lang='grc' dir='ltr'><strong>ταῦτα</strong></span> <span class='ocrx_word' id='word_1_380' title='bbox 1022 3942 1121 3994; x_wconf 86' lang='grc' dir='ltr'><strong>ούκ</strong></span> <span class='ocrx_word' id='word_1_381' title='bbox 1174 3942 1513 4007; x_wconf 82' lang='grc' dir='ltr'><strong>ἀπαιτοῦσιν,</strong></span> <span class='ocrx_word' id='word_1_382' title='bbox 1562 3942 1636 4004; x_wconf 81' lang='grc' dir='ltr'><strong>ὡς</strong></span> <span class='ocrx_word' id='word_1_383' title='bbox 1682 3944 1757 4013; x_wconf 79' lang='grc' dir='ltr'><strong>μὴ</strong></span> 
     </span>
    </p>
   </div>
   <div class='ocr_carea' id='block_1_57' title="bbox 197 4030 1757 4102">
    <p class='ocr_par' dir='ltr' id='par_1_57' title="bbox 197 4030 1757 4102">
     <span class='ocr_line' id='line_1_57' title="bbox 197 4030 1757 4102; baseline -0.001 -18"><span class='ocrx_word' id='word_1_384' title='bbox 197 4032 559 4102; x_wconf 61' lang='grc' dir='ltr'><strong>ψ;λαφῶντας</strong></span> <span class='ocrx_word' id='word_1_385' title='bbox 613 4036 682 4084; x_wconf 78' lang='grc' dir='ltr'><strong>τὰ</strong></span> <span class='ocrx_word' id='word_1_386' title='bbox 717 4030 871 4099; x_wconf 76' lang='grc' dir='ltr'><strong>ἅγια,</strong></span> <span class='ocrx_word' id='word_1_387' title='bbox 927 4032 1060 4084; x_wconf 65' lang='grc' dir='ltr'><strong>ἀλλὰ</strong></span> <span class='ocrx_word' id='word_1_388' title='bbox 1115 4034 1535 4102; x_wconf 78' lang='grc' dir='ltr'><strong>παρεγγυῶνται</strong></span> <span class='ocrx_word' id='word_1_389' title='bbox 1575 4032 1757 4094; x_wconf 79' lang='grc' dir='ltr'><strong>αὐτοῖς</strong></span> 
     </span>
    </p>
   </div>
   <div class='ocr_carea' id='block_1_58' title="bbox 200 4120 1754 4191">
    <p class='ocr_par' dir='ltr' id='par_1_58' title="bbox 200 4120 1754 4191">
     <span class='ocr_line' id='line_1_58' title="bbox 200 4120 1754 4191; baseline -0.001 -18"><span class='ocrx_word' id='word_1_390' title='bbox 200 4122 479 4189; x_wconf 69' lang='grc' dir='ltr'><strong>ςυλάττειν</strong></span> <span class='ocrx_word' id='word_1_391' title='bbox 539 4121 679 4175; x_wconf 74' lang='grc' dir='ltr'><strong>κατὰ</strong></span> <span class='ocrx_word' id='word_1_392' title='bbox 731 4122 795 4173; x_wconf 78' lang='grc' dir='ltr'><strong>τὸ</strong></span> <span class='ocrx_word' id='word_1_393' title='bbox 851 4121 953 4189; x_wconf 83' lang='grc' dir='ltr'><strong>τῆς</strong></span> <span class='ocrx_word' id='word_1_394' title='bbox 1013 4122 1251 4191; x_wconf 79' lang='grc' dir='ltr'><strong>ἑκάστης</strong></span> <span class='ocrx_word' id='word_1_395' title='bbox 1292 4120 1475 4190; x_wconf 88' lang='grc' dir='ltr'><strong>χώρας</strong></span> <span class='ocrx_word' id='word_1_396' title='bbox 1545 4121 1754 4189; x_wconf 76' lang='grc' dir='ltr'><strong>ἔθιμον.</strong></span> 
     </span>
    </p>
   </div>
   <div class='ocr_carea' id='block_1_59' title="bbox 197 4212 1757 4282">
    <p class='ocr_par' dir='ltr' id='par_1_59' title="bbox 197 4212 1757 4282">
     <span class='ocr_line' id='line_1_59' title="bbox 197 4212 1757 4282; baseline 0.001 -17"><span class='ocrx_word' id='word_1_397' title='bbox 197 4214 488 4282; x_wconf 68' lang='grc' dir='ltr'><strong>Ἀνατνωθι</strong></span> <span class='ocrx_word' id='word_1_398' title='bbox 533 4216 627 4266; x_wconf 77' lang='grc' dir='ltr'><strong>καὶ</strong></span> <span class='ocrx_word' id='word_1_399' title='bbox 680 4216 772 4267; x_wconf 80' lang='grc' dir='ltr'><strong>τὸν</strong></span> <span class='ocrx_word' id='word_1_400' title='bbox 835 4212 883 4280; x_wconf 86' lang='grc' dir='ltr'><strong>γ’</strong></span> <span class='ocrx_word' id='word_1_401' title='bbox 934 4213 1134 4267; x_wconf 84' lang='grc' dir='ltr'><strong>κανόνα</strong></span> <span class='ocrx_word' id='word_1_402' title='bbox 1184 4214 1278 4267; x_wconf 78' lang='grc' dir='ltr'><strong>τοῦ</strong></span> <span class='ocrx_word' id='word_1_403' title='bbox 1328 4214 1757 4282; x_wconf 76' lang='grc' dir='ltr'><strong>ἁρχιεπισκόπου</strong></span> 
     </span>
    </p>
   </div>
   <div class='ocr_carea' id='block_1_60' title="bbox 198 4300 1758 4373">
    <p class='ocr_par' dir='ltr' id='par_1_60' title="bbox 198 4300 1758 4373">
     <span class='ocr_line' id='line_1_60' title="bbox 198 4300 1758 4373; baseline -0.001 -17"><span class='ocrx_word' id='word_1_404' title='bbox 198 4305 596 4373; x_wconf 76' lang='grc' dir='ltr'><strong>Ἀλεξανδρείας</strong></span> <span class='ocrx_word' id='word_1_405' title='bbox 622 4304 927 4357; x_wconf 80' lang='grc' dir='ltr'><strong>Διονυσίου.</strong></span> <span class='ocrx_word' id='word_1_406' title='bbox 961 4304 1271 4373; x_wconf 83' lang='grc' dir='ltr'><strong>Σημεὶωσαι</strong></span> <span class='ocrx_word' id='word_1_407' title='bbox 1326 4300 1417 4355; x_wconf 73' lang='grc' dir='ltr'><strong>οὖν</strong></span> <span class='ocrx_word' id='word_1_408' title='bbox 1470 4305 1554 4356; x_wconf 84' lang='grc' dir='ltr'><strong>ὅτι</strong></span> <span class='ocrx_word' id='word_1_409' title='bbox 1618 4304 1758 4357; x_wconf 69' lang='grc' dir='ltr'><strong>κατὰ</strong></span> 
     </span>
    </p>
   </div>
   <div class='ocr_carea' id='block_1_61' title="bbox 199 4389 1757 4465">
    <p class='ocr_par' dir='ltr' id='par_1_61' title="bbox 199 4389 1757 4465">
     <span class='ocr_line' id='line_1_61' title="bbox 199 4389 1757 4465; baseline 0.003 -20"><span class='ocrx_word' id='word_1_410' title='bbox 199 4396 278 4445; x_wconf 72' lang='grc' dir='ltr'><strong>τὸν</strong></span> <span class='ocrx_word' id='word_1_411' title='bbox 307 4397 498 4464; x_wconf 67' lang='grc' dir='ltr'><strong>κλιρδν</strong></span> <span class='ocrx_word' id='word_1_412' title='bbox 534 4395 628 4462; x_wconf 77' lang='grc' dir='ltr'><strong>τῆς</strong></span> <span class='ocrx_word' id='word_1_413' title='bbox 661 4393 943 4462; x_wconf 77' lang='grc' dir='ltr'><strong>παρούσης</strong></span> <span class='ocrx_word' id='word_1_414' title='bbox 1005 4393 1222 4446; x_wconf 84' lang='grc' dir='ltr'><strong>συνόδου</strong></span> <span class='ocrx_word' id='word_1_415' title='bbox 1272 4389 1420 4463; x_wconf 79' lang='grc' dir='ltr'><strong>εἶχον</strong></span> <span class='ocrx_word' id='word_1_416' title='bbox 1448 4398 1757 4465; x_wconf 79' lang='grc' dir='ltr'><strong>ἀποκριμα-</strong></span> 
     </span>
    </p>
   </div>
   <div class='ocr_carea' id='block_1_62' title="bbox 1852 2093 2437 2152">
    <p class='ocr_par' dir='ltr' id='par_1_62' title="bbox 1852 2093 2437 2152">
     <span class='ocr_line' id='line_1_62' title="bbox 1852 2093 2437 2152; baseline 0.007 -5"><span class='ocrx_word' id='word_1_417' title='bbox 1852 2093 2008 2149; x_wconf 83' lang='lat' dir='ltr'><strong>ﬁdem</strong></span> <span class='ocrx_word' id='word_1_418' title='bbox 2033 2105 2437 2152; x_wconf 82' lang='lat' dir='ltr'><strong>convertantur.</strong></span> 
     </span>
    </p>
   </div>
   <div class='ocr_carea' id='block_1_63' title="bbox 2366 2255 2884 2313">
    <p class='ocr_par' dir='ltr' id='par_1_63' title="bbox 2366 2255 2884 2313">
     <span class='ocr_line' id='line_1_63' title="bbox 2366 2255 2884 2313; baseline -0.002 -4"><span class='ocrx_word' id='word_1_419' title='bbox 2366 2255 2593 2311; x_wconf 83' lang='lat' dir='ltr'><strong>CANON</strong></span> <span class='ocrx_word' id='word_1_420' title='bbox 2649 2255 2884 2313; x_wconf 73' lang='lat' dir='ltr'><strong>LXXIII.</strong></span> 
     </span>
    </p>
   </div>
   <div class='ocr_carea' id='block_1_64' title="bbox 1859 2388 3407 2456">
    <p class='ocr_par' dir='ltr' id='par_1_64' title="bbox 1859 2388 3407 2456">
     <span class='ocr_line' id='line_1_64' title="bbox 1859 2388 3407 2456; baseline 0.002 -16"><span class='ocrx_word' id='word_1_421' title='bbox 1859 2407 1879 2440; x_wconf 72' lang='grc' dir='ltr'><strong>ι</strong></span> <span class='ocrx_word' id='word_1_422' title='bbox 1917 2388 2146 2456; x_wconf 83' lang='lat' dir='ltr'><strong>Quinam</strong></span> <span class='ocrx_word' id='word_1_423' title='bbox 2171 2404 2234 2445; x_wconf 88' lang='lat' dir='ltr'><strong>ex</strong></span> <span class='ocrx_word' id='word_1_424' title='bbox 2256 2388 2465 2444; x_wconf 84' lang='lat' dir='ltr'><strong>clericis</strong></span> <span class='ocrx_word' id='word_1_425' title='bbox 2490 2390 2721 2444; x_wconf 87' lang='lat' dir='ltr'><strong>debeant</strong></span> <span class='ocrx_word' id='word_1_426' title='bbox 2749 2388 2816 2444; x_wconf 87' lang='lat' dir='ltr'><strong>ab</strong></span> <span class='ocrx_word' id='word_1_427' title='bbox 2846 2390 3103 2444; x_wconf 80' lang='lat' dir='ltr'><strong>uxoribus</strong></span> <span class='ocrx_word' id='word_1_428' title='bbox 3122 2390 3407 2444; x_wconf 84' lang='lat' dir='ltr'><strong>abstinere.</strong></span> 
     </span>
    </p>
   </div>
   <div class='ocr_carea' id='block_1_65' title="bbox 1928 2480 3410 2550">
    <p class='ocr_par' dir='ltr' id='par_1_65' title="bbox 1928 2480 3410 2550">
     <span class='ocr_line' id='line_1_65' title="bbox 1928 2480 3410 2550; baseline -0.001 -18"><span class='ocrx_word' id='word_1_429' title='bbox 1928 2500 1946 2532; x_wconf 75' lang='grc' dir='ltr'>ι</span> <span class='ocrx_word' id='word_1_430' title='bbox 1984 2482 2063 2536; x_wconf 78' lang='lat' dir='ltr'><strong>Ad</strong></span> <span class='ocrx_word' id='word_1_431' title='bbox 2099 2481 2213 2536; x_wconf 64' lang='lat' dir='ltr'><strong>hac</strong></span> <span class='ocrx_word' id='word_1_432' title='bbox 2243 2489 2421 2535; x_wconf 87' lang='lat' dir='ltr'><strong>autem</strong></span> <span class='ocrx_word' id='word_1_433' title='bbox 2447 2483 2570 2535; x_wconf 89' lang='lat' dir='ltr'><strong>dum</strong></span> <span class='ocrx_word' id='word_1_434' title='bbox 2597 2482 2661 2534; x_wconf 92' lang='lat' dir='ltr'><strong>de</strong></span> <span class='ocrx_word' id='word_1_435' title='bbox 2685 2480 2983 2550; x_wconf 84' lang='lat' dir='ltr'><strong>aliquorum</strong></span> <span class='ocrx_word' id='word_1_436' title='bbox 3012 2481 3329 2534; x_wconf 89' lang='lat' dir='ltr'><strong>clericorum</strong></span> <span class='ocrx_word' id='word_1_437' title='bbox 3360 2481 3410 2532; x_wconf 91' lang='lat' dir='ltr'><strong>in</strong></span> 
     </span>
    </p>
   </div>
   <div class='ocr_carea' id='block_1_66' title="bbox 1932 2570 3411 2638">
    <p class='ocr_par' dir='ltr' id='par_1_66' title="bbox 1932 2570 3411 2638">
     <span class='ocr_line' id='line_1_66' title="bbox 1932 2570 3411 2638; baseline -0.001 -17"><span class='ocrx_word' id='word_1_438' title='bbox 1932 2589 1951 2621; x_wconf 72' lang='grc' dir='ltr'><strong>ε</strong></span> <span class='ocrx_word' id='word_1_439' title='bbox 1994 2586 2119 2627; x_wconf 88' lang='lat' dir='ltr'><strong>suas</strong></span> <span class='ocrx_word' id='word_1_440' title='bbox 2150 2586 2349 2625; x_wconf 89' lang='lat' dir='ltr'><strong>uxores</strong></span> <span class='ocrx_word' id='word_1_441' title='bbox 2373 2573 2702 2626; x_wconf 88' lang='lat' dir='ltr'><strong>continentia</strong></span> <span class='ocrx_word' id='word_1_442' title='bbox 2736 2572 2939 2626; x_wconf 82' lang='lat' dir='ltr'><strong>mentio</strong></span> <span class='ocrx_word' id='word_1_443' title='bbox 2972 2572 3123 2625; x_wconf 81' lang='lat' dir='ltr'><strong>ﬂeret</strong></span> <span class='ocrx_word' id='word_1_444' title='bbox 3145 2610 3159 2633; x_wconf 88' lang='lat'><strong>,</strong></span> <span class='ocrx_word' id='word_1_445' title='bbox 3191 2570 3411 2638; x_wconf 75' lang='lat' dir='ltr'><strong>placuit,</strong></span> 
     </span>
    </p>
   </div>
   <div class='ocr_carea' id='block_1_67' title="bbox 1937 2659 3409 2731">
    <p class='ocr_par' dir='ltr' id='par_1_67' title="bbox 1937 2659 3409 2731">
     <span class='ocr_line' id='line_1_67' title="bbox 1937 2659 3409 2731; baseline -0.001 -18"><span class='ocrx_word' id='word_1_446' title='bbox 1937 2681 1954 2712; x_wconf 78' lang='grc' dir='ltr'><strong>ι</strong></span> <span class='ocrx_word' id='word_1_447' title='bbox 1994 2671 2050 2715; x_wconf 89' lang='lat' dir='ltr'><strong>ut</strong></span> <span class='ocrx_word' id='word_1_448' title='bbox 2075 2662 2399 2731; x_wconf 84' lang='lat' dir='ltr'><strong>presbyteri,</strong></span> <span class='ocrx_word' id='word_1_449' title='bbox 2430 2661 2664 2731; x_wconf 90' lang='lat' dir='ltr'><strong>episcopi</strong></span> <span class='ocrx_word' id='word_1_450' title='bbox 2694 2671 2748 2715; x_wconf 91' lang='lat' dir='ltr'><strong>et</strong></span> <span class='ocrx_word' id='word_1_451' title='bbox 2773 2661 2983 2715; x_wconf 89' lang='lat' dir='ltr'><strong>diaconi</strong></span> <span class='ocrx_word' id='word_1_452' title='bbox 3025 2659 3259 2729; x_wconf 87' lang='lat' dir='ltr'><strong>propriis</strong></span> <span class='ocrx_word' id='word_1_453' title='bbox 3295 2670 3409 2711; x_wconf 90' lang='lat' dir='ltr'><strong>ter-</strong></span> 
     </span>
    </p>
   </div>
   <div class='ocr_carea' id='block_1_68' title="bbox 1935 2750 3414 2817">
    <p class='ocr_par' dir='ltr' id='par_1_68' title="bbox 1935 2750 3414 2817">
     <span class='ocr_line' id='line_1_68' title="bbox 1935 2750 3414 2817; baseline -0.001 -14"><span class='ocrx_word' id='word_1_454' title='bbox 1935 2772 1954 2803; x_wconf 72' lang='grc' dir='ltr'><strong>ι</strong></span> <span class='ocrx_word' id='word_1_455' title='bbox 1996 2752 2156 2807; x_wconf 87' lang='lat' dir='ltr'><strong>minis</strong></span> <span class='ocrx_word' id='word_1_456' title='bbox 2189 2753 2353 2806; x_wconf 87' lang='lat' dir='ltr'><strong>etiam</strong></span> <span class='ocrx_word' id='word_1_457' title='bbox 2381 2768 2409 2805; x_wconf 91' lang='lat' dir='ltr'><strong>a</strong></span> <span class='ocrx_word' id='word_1_458' title='bbox 2446 2752 2559 2807; x_wconf 82' lang='lat' dir='ltr'><strong>suis</strong></span> <span class='ocrx_word' id='word_1_459' title='bbox 2587 2751 2890 2805; x_wconf 83' lang='lat' dir='ltr'><strong>abstineant</strong></span> <span class='ocrx_word' id='word_1_460' title='bbox 2922 2750 3218 2813; x_wconf 77' lang='lat' dir='ltr'><strong>uxoribus;</strong></span> <span class='ocrx_word' id='word_1_461' title='bbox 3270 2750 3414 2817; x_wconf 87' lang='lat' dir='ltr'><strong>quod</strong></span> 
     </span>
    </p>
   </div>
   <div class='ocr_carea' id='block_1_69' title="bbox 1936 2840 3411 2905">
    <p class='ocr_par' dir='ltr' id='par_1_69' title="bbox 1936 2840 3411 2905">
     <span class='ocr_line' id='line_1_69' title="bbox 1936 2840 3411 2905; baseline 0 -14"><span class='ocrx_word' id='word_1_462' title='bbox 1936 2860 1953 2891; x_wconf 78' lang='grc' dir='ltr'>ι</span> <span class='ocrx_word' id='word_1_463' title='bbox 1995 2842 2095 2897; x_wconf 88' lang='lat' dir='ltr'><strong>nisi</strong></span> <span class='ocrx_word' id='word_1_464' title='bbox 2129 2842 2374 2905; x_wconf 81' lang='lat' dir='ltr'><strong>fecerint,</strong></span> <span class='ocrx_word' id='word_1_465' title='bbox 2408 2840 2775 2895; x_wconf 83' lang='lat' dir='ltr'><strong>ecclesiastico</strong></span> <span class='ocrx_word' id='word_1_466' title='bbox 2804 2840 2993 2895; x_wconf 90' lang='lat' dir='ltr'><strong>ordine</strong></span> <span class='ocrx_word' id='word_1_467' title='bbox 3044 2851 3357 2894; x_wconf 86' lang='lat' dir='ltr'><strong>moveantur</strong></span> <span class='ocrx_word' id='word_1_468' title='bbox 3397 2857 3411 2891; x_wconf 93' lang='lat'><strong>:</strong></span> 
     </span>
    </p>
   </div>
   <div class='ocr_carea' id='block_1_70' title="bbox 1933 2932 3416 3001">
    <p class='ocr_par' dir='ltr' id='par_1_70' title="bbox 1933 2932 3416 3001">
     <span class='ocr_line' id='line_1_70' title="bbox 1933 2932 3416 3001; baseline 0.001 -19"><span class='ocrx_word' id='word_1_469' title='bbox 1933 2951 1949 2981; x_wconf 84' lang='grc' dir='ltr'><strong>ι</strong></span> <span class='ocrx_word' id='word_1_470' title='bbox 1996 2932 2182 3001; x_wconf 88' lang='lat' dir='ltr'><strong>reliqui</strong></span> <span class='ocrx_word' id='word_1_471' title='bbox 2214 2941 2391 2986; x_wconf 87' lang='lat' dir='ltr'><strong>autem</strong></span> <span class='ocrx_word' id='word_1_472' title='bbox 2432 2932 2613 2986; x_wconf 85' lang='lat' dir='ltr'><strong>clerici</strong></span> <span class='ocrx_word' id='word_1_473' title='bbox 2640 2932 2705 2986; x_wconf 89' lang='lat' dir='ltr'><strong>ad</strong></span> <span class='ocrx_word' id='word_1_474' title='bbox 2735 2932 2835 2985; x_wconf 87' lang='lat' dir='ltr'><strong>hoc</strong></span> <span class='ocrx_word' id='word_1_475' title='bbox 2867 2946 2970 2986; x_wconf 76' lang='lat' dir='ltr'><strong>non</strong></span> <span class='ocrx_word' id='word_1_476' title='bbox 3005 2938 3290 2999; x_wconf 76' lang='lat' dir='ltr'><strong>cogantur,</strong></span> <span class='ocrx_word' id='word_1_477' title='bbox 3321 2934 3416 2984; x_wconf 87' lang='lat' dir='ltr'><strong>sed</strong></span> 
     </span>
    </p>
   </div>
   <div class='ocr_carea' id='block_1_71' title="bbox 1930 3020 3413 3090">
    <p class='ocr_par' dir='ltr' id='par_1_71' title="bbox 1930 3020 3413 3090">
     <span class='ocr_line' id='line_1_71' title="bbox 1930 3020 3413 3090; baseline 0 -17"><span class='ocrx_word' id='word_1_478' title='bbox 1930 3041 1946 3073; x_wconf 79' lang='grc' dir='ltr'><strong>ι</strong></span> <span class='ocrx_word' id='word_1_479' title='bbox 1990 3022 2185 3077; x_wconf 87' lang='lat' dir='ltr'><strong>debent</strong></span> <span class='ocrx_word' id='word_1_480' title='bbox 2214 3021 2632 3090; x_wconf 83' lang='lat' dir='ltr'><strong>uniuscujusque</strong></span> <span class='ocrx_word' id='word_1_481' title='bbox 2690 3020 2935 3076; x_wconf 69' lang='lat' dir='ltr'><strong>ecclesia:</strong></span> <span class='ocrx_word' id='word_1_482' title='bbox 2967 3020 3413 3076; x_wconf 81' lang='lat' dir='ltr'><strong>consuetudinem</strong></span> 
     </span>
    </p>
   </div>
   <div class='ocr_carea' id='block_1_72' title="bbox 1944 3126 2300 3167">
    <p class='ocr_par' dir='ltr' id='par_1_72' title="bbox 1944 3126 2300 3167">
     <span class='ocr_line' id='line_1_72' title="bbox 1944 3126 2300 3167; baseline -0.011 1"><span class='ocrx_word' id='word_1_483' title='bbox 1944 3131 1961 3162; x_wconf 66' lang='lat'><strong>¢</strong></span> <span class='ocrx_word' id='word_1_484' title='bbox 2003 3126 2237 3167; x_wconf 65' lang='lat' dir='ltr'><strong>SCI‘Vill‘O.</strong></span> <span class='ocrx_word' id='word_1_485' title='bbox 2281 3131 2300 3164; x_wconf 74' lang='grc' dir='ltr'><strong>ι</strong></span> 
     </span>
    </p>
   </div>
   <div class='ocr_carea' id='block_1_73' title="bbox 1935 3419 3418 3487">
    <p class='ocr_par' dir='ltr' id='par_1_73' title="bbox 1935 3419 3418 3487">
     <span class='ocr_line' id='line_1_73' title="bbox 1935 3419 3418 3487; baseline 0.001 -14"><span class='ocrx_word' id='word_1_486' title='bbox 1935 3420 2129 3476; x_wconf 77' lang='lat' dir='ltr'><strong>BALS.</strong></span> <span class='ocrx_word' id='word_1_487' title='bbox 2164 3419 2446 3487; x_wconf 83' lang='lat' dir='ltr'><strong>Quomodo</strong></span> <span class='ocrx_word' id='word_1_488' title='bbox 2478 3421 2674 3475; x_wconf 89' lang='lat' dir='ltr'><strong>debent</strong></span> <span class='ocrx_word' id='word_1_489' title='bbox 2707 3434 2763 3474; x_wconf 90' lang='lat' dir='ltr'><strong>se</strong></span> <span class='ocrx_word' id='word_1_490' title='bbox 2790 3435 2819 3473; x_wconf 89' lang='lat' dir='ltr'><strong>a</strong></span> <span class='ocrx_word' id='word_1_491' title='bbox 2853 3419 2967 3474; x_wconf 85' lang='lat' dir='ltr'><strong>suis</strong></span> <span class='ocrx_word' id='word_1_492' title='bbox 2995 3419 3251 3475; x_wconf 85' lang='lat' dir='ltr'><strong>uxoribus</strong></span> <span class='ocrx_word' id='word_1_493' title='bbox 3290 3434 3418 3475; x_wconf 90' lang='lat' dir='ltr'><strong>con-</strong></span> 
     </span>
    </p>
   </div>
   <div class='ocr_carea' id='block_1_74' title="bbox 1860 3510 3419 3580">
    <p class='ocr_par' dir='ltr' id='par_1_74' title="bbox 1860 3510 3419 3580">
     <span class='ocr_line' id='line_1_74' title="bbox 1860 3510 3419 3580; baseline 0.001 -15"><span class='ocrx_word' id='word_1_494' title='bbox 1860 3513 2032 3565; x_wconf 88' lang='lat' dir='ltr'><strong>tiuerc</strong></span> <span class='ocrx_word' id='word_1_495' title='bbox 2055 3512 2289 3580; x_wconf 89' lang='lat' dir='ltr'><strong>episcopi</strong></span> <span class='ocrx_word' id='word_1_496' title='bbox 2311 3518 2364 3566; x_wconf 88' lang='lat' dir='ltr'><strong>et</strong></span> <span class='ocrx_word' id='word_1_497' title='bbox 2390 3510 2684 3580; x_wconf 78' lang='lat' dir='ltr'><strong>presbyteri</strong></span> <span class='ocrx_word' id='word_1_498' title='bbox 2713 3519 2768 3566; x_wconf 91' lang='lat' dir='ltr'><strong>et</strong></span> <span class='ocrx_word' id='word_1_499' title='bbox 2790 3510 2996 3567; x_wconf 87' lang='lat' dir='ltr'><strong>diaconi</strong></span> <span class='ocrx_word' id='word_1_500' title='bbox 3024 3521 3263 3580; x_wconf 86' lang='lat' dir='ltr'><strong>tempore</strong></span> <span class='ocrx_word' id='word_1_501' title='bbox 3288 3511 3419 3566; x_wconf 80' lang='lat' dir='ltr'><strong>vicis</strong></span> 
     </span>
    </p>
   </div>
   <div class='ocr_carea' id='block_1_75' title="bbox 1859 3600 3417 3671">
    <p class='ocr_par' dir='ltr' id='par_1_75' title="bbox 1859 3600 3417 3671">
     <span class='ocr_line' id='line_1_75' title="bbox 1859 3600 3417 3671; baseline 0 -16"><span class='ocrx_word' id='word_1_502' title='bbox 1859 3617 2007 3665; x_wconf 70' lang='lat' dir='ltr'><strong>sum,</strong></span> <span class='ocrx_word' id='word_1_503' title='bbox 2041 3602 2092 3654; x_wconf 92' lang='lat' dir='ltr'><strong>in</strong></span> <span class='ocrx_word' id='word_1_504' title='bbox 2148 3615 2349 3655; x_wconf 86' lang='lat' dir='ltr'><strong>canone</strong></span> <span class='ocrx_word' id='word_1_505' title='bbox 2400 3602 2467 3655; x_wconf 79' lang='grc'><strong>15</strong></span> <span class='ocrx_word' id='word_1_506' title='bbox 2512 3601 2700 3671; x_wconf 75' lang='lat' dir='ltr'><strong>synodi</strong></span> <span class='ocrx_word' id='word_1_507' title='bbox 2738 3602 2790 3654; x_wconf 88' lang='lat' dir='ltr'><strong>In</strong></span> <span class='ocrx_word' id='word_1_508' title='bbox 2825 3600 3005 3656; x_wconf 90' lang='lat' dir='ltr'><strong>Trullo</strong></span> <span class='ocrx_word' id='word_1_509' title='bbox 3056 3600 3257 3655; x_wconf 89' lang='lat' dir='ltr'><strong>dictum</strong></span> <span class='ocrx_word' id='word_1_510' title='bbox 3314 3613 3417 3655; x_wconf 89' lang='lat' dir='ltr'><strong>est.</strong></span> 
     </span>
    </p>
   </div>
   <div class='ocr_carea' id='block_1_76' title="bbox 1860 3687 3421 3757">
    <p class='ocr_par' dir='ltr' id='par_1_76' title="bbox 1860 3687 3421 3757">
     <span class='ocr_line' id='line_1_76' title="bbox 1860 3687 3421 3757; baseline -0.001 -15"><span class='ocrx_word' id='word_1_511' title='bbox 1860 3689 2103 3743; x_wconf 62' lang='lat' dir='ltr'><strong>Praesens</strong></span> <span class='ocrx_word' id='word_1_512' title='bbox 2132 3702 2343 3757; x_wconf 80' lang='lat' dir='ltr'><strong>queque</strong></span> <span class='ocrx_word' id='word_1_513' title='bbox 2374 3703 2544 3743; x_wconf 89' lang='lat' dir='ltr'><strong>canon</strong></span> <span class='ocrx_word' id='word_1_514' title='bbox 2588 3688 2716 3742; x_wconf 91' lang='lat' dir='ltr'><strong>dicit</strong></span> <span class='ocrx_word' id='word_1_515' title='bbox 2756 3702 2848 3741; x_wconf 90' lang='lat' dir='ltr'><strong>eos</strong></span> <span class='ocrx_word' id='word_1_516' title='bbox 2901 3687 3264 3755; x_wconf 87' lang='lat' dir='ltr'><strong>deponendos,</strong></span> <span class='ocrx_word' id='word_1_517' title='bbox 3320 3688 3421 3741; x_wconf 82' lang='lat' dir='ltr'><strong>nisi</strong></span> 
     </span>
    </p>
   </div>
   <div class='ocr_carea' id='block_1_77' title="bbox 1862 3777 3424 3846">
    <p class='ocr_par' dir='ltr' id='par_1_77' title="bbox 1862 3777 3424 3846">
     <span class='ocr_line' id='line_1_77' title="bbox 1862 3777 3424 3846; baseline 0.001 -16"><span class='ocrx_word' id='word_1_518' title='bbox 1862 3787 1988 3832; x_wconf 92' lang='lat' dir='ltr'><strong>tunc</strong></span> <span class='ocrx_word' id='word_1_519' title='bbox 2022 3795 2080 3834; x_wconf 88' lang='lat' dir='ltr'><strong>se</strong></span> <span class='ocrx_word' id='word_1_520' title='bbox 2114 3780 2496 3833; x_wconf 88' lang='lat' dir='ltr'><strong>continuerint.</strong></span> <span class='ocrx_word' id='word_1_521' title='bbox 2531 3780 2658 3831; x_wconf 61' lang='lat' dir='ltr'><strong>Haec</strong></span> <span class='ocrx_word' id='word_1_522' title='bbox 2690 3787 2865 3831; x_wconf 88' lang='lat' dir='ltr'><strong>autem</strong></span> <span class='ocrx_word' id='word_1_523' title='bbox 2891 3793 2919 3829; x_wconf 89' lang='lat' dir='ltr'><strong>a</strong></span> <span class='ocrx_word' id='word_1_524' title='bbox 2967 3777 3185 3846; x_wconf 86' lang='lat' dir='ltr'><strong>reliquis</strong></span> <span class='ocrx_word' id='word_1_525' title='bbox 3216 3778 3424 3832; x_wconf 89' lang='lat' dir='ltr'><strong>clericis</strong></span> 
     </span>
    </p>
   </div>
   <div class='ocr_carea' id='block_1_78' title="bbox 1862 3868 3419 3939">
    <p class='ocr_par' dir='ltr' id='par_1_78' title="bbox 1862 3868 3419 3939">
     <span class='ocr_line' id='line_1_78' title="bbox 1862 3868 3419 3939; baseline 0 -18"><span class='ocrx_word' id='word_1_526' title='bbox 1862 3885 1965 3924; x_wconf 88' lang='lat' dir='ltr'><strong>non</strong></span> <span class='ocrx_word' id='word_1_527' title='bbox 1994 3869 2233 3939; x_wconf 76' lang='lat' dir='ltr'><strong>exigunt,</strong></span> <span class='ocrx_word' id='word_1_528' title='bbox 2273 3878 2328 3921; x_wconf 90' lang='lat' dir='ltr'><strong>ut</strong></span> <span class='ocrx_word' id='word_1_529' title='bbox 2372 3868 2462 3937; x_wconf 92' lang='lat' dir='ltr'><strong>qui</strong></span> <span class='ocrx_word' id='word_1_530' title='bbox 2495 3877 2828 3921; x_wconf 86' lang='lat' dir='ltr'><strong>sacramenta</strong></span> <span class='ocrx_word' id='word_1_531' title='bbox 2874 3882 2979 3921; x_wconf 91' lang='lat' dir='ltr'><strong>non</strong></span> <span class='ocrx_word' id='word_1_532' title='bbox 3033 3876 3371 3921; x_wconf 86' lang='lat' dir='ltr'><strong>contractent</strong></span> <span class='ocrx_word' id='word_1_533' title='bbox 3405 3908 3419 3929; x_wconf 92' lang='lat'><strong>,</strong></span> 
     </span>
    </p>
   </div>
   <div class='ocr_carea' id='block_1_79' title="bbox 1861 3959 3417 4027">
    <p class='ocr_par' dir='ltr' id='par_1_79' title="bbox 1861 3959 3417 4027">
     <span class='ocr_line' id='line_1_79' title="bbox 1861 3959 3417 4027; baseline -0.004 -11"><span class='ocrx_word' id='word_1_534' title='bbox 1861 3962 1952 4016; x_wconf 89' lang='lat' dir='ltr'><strong>sed</strong></span> <span class='ocrx_word' id='word_1_535' title='bbox 2007 3975 2100 4015; x_wconf 84' lang='lat' dir='ltr'><strong>eos</strong></span> <span class='ocrx_word' id='word_1_536' title='bbox 2144 3960 2332 4027; x_wconf 78' lang='lat' dir='ltr'><strong>iubent</strong></span> <span class='ocrx_word' id='word_1_537' title='bbox 2385 3973 2598 4013; x_wconf 85' lang='lat' dir='ltr'><strong>servare</strong></span> <span class='ocrx_word' id='word_1_538' title='bbox 2661 3959 2911 4013; x_wconf 66' lang='lat' dir='ltr'><strong>ecclesiae</strong></span> <span class='ocrx_word' id='word_1_539' title='bbox 2959 3961 3417 4013; x_wconf 85' lang='lat' dir='ltr'><strong>consuetudinem.</strong></span> 
     </span>
    </p>
   </div>
   <div class='ocr_carea' id='block_1_80' title="bbox 1860 4046 3426 4116">
    <p class='ocr_par' dir='ltr' id='par_1_80' title="bbox 1860 4046 3426 4116">
     <span class='ocr_line' id='line_1_80' title="bbox 1860 4046 3426 4116; baseline 0.001 -17"><span class='ocrx_word' id='word_1_540' title='bbox 1860 4046 2000 4116; x_wconf 82' lang='lat' dir='ltr'><strong>Lege</strong></span> <span class='ocrx_word' id='word_1_541' title='bbox 2026 4056 2077 4101; x_wconf 90' lang='lat' dir='ltr'><strong>et</strong></span> <span class='ocrx_word' id='word_1_542' title='bbox 2120 4061 2378 4099; x_wconf 90' lang='lat' dir='ltr'><strong>canonem</strong></span> <span class='ocrx_word' id='word_1_543' title='bbox 2413 4046 2447 4099; x_wconf 76' lang='lat'><strong>3</strong></span> <span class='ocrx_word' id='word_1_544' title='bbox 2481 4046 2868 4116; x_wconf 84' lang='lat' dir='ltr'><strong>archiepiscopi</strong></span> <span class='ocrx_word' id='word_1_545' title='bbox 2919 4046 3256 4100; x_wconf 71' lang='lat' dir='ltr'><strong>Alexandriae</strong></span> <span class='ocrx_word' id='word_1_546' title='bbox 3300 4048 3426 4102; x_wconf 67' lang='grc' dir='ltr'><strong>Βίου</strong></span> 
     </span>
    </p>
   </div>
   <div class='ocr_carea' id='block_1_81' title="bbox 1863 4135 3422 4206">
    <p class='ocr_par' dir='ltr' id='par_1_81' title="bbox 1863 4135 3422 4206">
     <span class='ocr_line' id='line_1_81' title="bbox 1863 4135 3422 4206; baseline 0.001 -18"><span class='ocrx_word' id='word_1_547' title='bbox 1863 4138 2019 4206; x_wconf 81' lang='lat' dir='ltr'><strong>nysii.</strong></span> <span class='ocrx_word' id='word_1_548' title='bbox 2056 4135 2188 4190; x_wconf 70' lang='lat' dir='ltr'><strong>Nola</strong></span> <span class='ocrx_word' id='word_1_549' title='bbox 2232 4150 2384 4205; x_wconf 76' lang='lat' dir='ltr'><strong>ergo,</strong></span> <span class='ocrx_word' id='word_1_550' title='bbox 2432 4136 2570 4203; x_wconf 85' lang='lat' dir='ltr'><strong>quod</strong></span> <span class='ocrx_word' id='word_1_551' title='bbox 2609 4144 2850 4205; x_wconf 81' lang='lat' dir='ltr'><strong>tempore</strong></span> <span class='ocrx_word' id='word_1_552' title='bbox 2897 4136 3179 4206; x_wconf 77' lang='lat' dir='ltr'><strong>przesentis</strong></span> <span class='ocrx_word' id='word_1_553' title='bbox 3233 4139 3422 4206; x_wconf 81' lang='lat' dir='ltr'><strong>synodi</strong></span> 
     </span>
    </p>
   </div>
   <div class='ocr_carea' id='block_1_82' title="bbox 1863 4227 3423 4299">
    <p class='ocr_par' dir='ltr' id='par_1_82' title="bbox 1863 4227 3423 4299">
     <span class='ocr_line' id='line_1_82' title="bbox 1863 4227 3423 4299; baseline 0.003 -18"><span class='ocrx_word' id='word_1_554' title='bbox 1863 4227 2126 4282; x_wconf 82' lang='lat' dir='ltr'><strong>habebant</strong></span> <span class='ocrx_word' id='word_1_555' title='bbox 2154 4228 2387 4294; x_wconf 82' lang='lat' dir='ltr'><strong>episcopi</strong></span> <span class='ocrx_word' id='word_1_556' title='bbox 2420 4241 2545 4281; x_wconf 84' lang='lat' dir='ltr'><strong>suns</strong></span> <span class='ocrx_word' id='word_1_557' title='bbox 2590 4242 2788 4282; x_wconf 82' lang='lat' dir='ltr'><strong>uxores</strong></span> <span class='ocrx_word' id='word_1_558' title='bbox 2821 4230 2937 4283; x_wconf 87' lang='lat' dir='ltr'><strong>sine</strong></span> <span class='ocrx_word' id='word_1_559' title='bbox 2970 4230 3302 4299; x_wconf 63' lang='lat' dir='ltr'><strong>pra&#39;judicio.</strong></span> <span class='ocrx_word' id='word_1_560' title='bbox 3333 4230 3423 4286; x_wconf 89' lang='lat' dir='ltr'><strong>Sic</strong></span> 
     </span>
    </p>
   </div>
   <div class='ocr_carea' id='block_1_83' title="bbox 1862 4316 3418 4385">
    <p class='ocr_par' dir='ltr' id='par_1_83' title="bbox 1862 4316 3418 4385">
     <span class='ocr_line' id='line_1_83' title="bbox 1862 4316 3418 4385; baseline 0.002 -13"><span class='ocrx_word' id='word_1_561' title='bbox 1862 4318 2043 4385; x_wconf 81' lang='lat' dir='ltr'><strong>itaque</strong></span> <span class='ocrx_word' id='word_1_562' title='bbox 2075 4318 2190 4371; x_wconf 80' lang='lat' dir='ltr'><strong>haec</strong></span> <span class='ocrx_word' id='word_1_563' title='bbox 2219 4330 2426 4371; x_wconf 80' lang='lat' dir='ltr'><strong>canone</strong></span> <span class='ocrx_word' id='word_1_564' title='bbox 2472 4316 2682 4371; x_wconf 86' lang='lat' dir='ltr'><strong>sancita</strong></span> <span class='ocrx_word' id='word_1_565' title='bbox 2732 4326 2880 4371; x_wconf 92' lang='lat' dir='ltr'><strong>sunt.</strong></span> <span class='ocrx_word' id='word_1_566' title='bbox 2917 4318 3194 4383; x_wconf 85' lang='lat' dir='ltr'><strong>Quomodo</strong></span> <span class='ocrx_word' id='word_1_567' title='bbox 3235 4330 3418 4377; x_wconf 86' lang='lat' dir='ltr'><strong>autem</strong></span> 
     </span>
    </p>
   </div>
   <div class='ocr_carea' id='block_1_84' title="bbox 1860 4405 3423 4476">
    <p class='ocr_par' dir='ltr' id='par_1_84' title="bbox 1860 4405 3423 4476">
     <span class='ocr_line' id='line_1_84' title="bbox 1860 4405 3423 4476; baseline 0.002 -15"><span class='ocrx_word' id='word_1_568' title='bbox 1860 4407 2209 4475; x_wconf 66' lang='lat' dir='ltr'><strong>drponcntur,</strong></span> <span class='ocrx_word' id='word_1_569' title='bbox 2234 4407 2324 4476; x_wconf 86' lang='lat' dir='ltr'><strong>qui</strong></span> <span class='ocrx_word' id='word_1_570' title='bbox 2354 4405 2577 4461; x_wconf 82' lang='lat' dir='ltr'><strong>forsitan</strong></span> <span class='ocrx_word' id='word_1_571' title='bbox 2609 4422 2713 4461; x_wconf 88' lang='lat' dir='ltr'><strong>non</strong></span> <span class='ocrx_word' id='word_1_572' title='bbox 2740 4408 3031 4469; x_wconf 82' lang='lat' dir='ltr'><strong>abstinent,</strong></span> <span class='ocrx_word' id='word_1_573' title='bbox 3058 4424 3178 4462; x_wconf 90' lang='lat' dir='ltr'><strong>cum</strong></span> <span class='ocrx_word' id='word_1_574' title='bbox 3211 4426 3295 4463; x_wconf 88' lang='lat' dir='ltr'><strong>res</strong></span> <span class='ocrx_word' id='word_1_575' title='bbox 3317 4428 3423 4466; x_wconf 90' lang='lat' dir='ltr'><strong>non</strong></span> 
     </span>
    </p>
   </div>
   <div class='ocr_carea' id='block_1_85' title="bbox 200 4484 1756 4582">
    <p class='ocr_par' dir='ltr' id='par_1_85' title="bbox 200 4484 1754 4555">
     <span class='ocr_line' id='line_1_85' title="bbox 200 4484 1754 4555; baseline 0.003 -22"><span class='ocrx_word' id='word_1_576' title='bbox 200 4488 383 4546; x_wconf 78' lang='grc' dir='ltr'><strong>τὶστως</strong></span> <span class='ocrx_word' id='word_1_577' title='bbox 410 4485 505 4546; x_wconf 72' lang='grc' dir='ltr'><strong>τὰς</strong></span> <span class='ocrx_word' id='word_1_578' title='bbox 535 4484 743 4544; x_wconf 76' lang='grc' dir='ltr'><strong>οἰκείας</strong></span> <span class='ocrx_word' id='word_1_579' title='bbox 770 4485 1015 4551; x_wconf 75' lang='grc' dir='ltr'><strong>γαμετὰς</strong></span> <span class='ocrx_word' id='word_1_580' title='bbox 1041 4484 1090 4536; x_wconf 85' lang='grc' dir='ltr'><strong>οἱ</strong></span> <span class='ocrx_word' id='word_1_581' title='bbox 1109 4484 1417 4538; x_wconf 65' lang='grc' dir='ltr'><strong>ἐπίσκοποι.</strong></span> <span class='ocrx_word' id='word_1_582' title='bbox 1455 4485 1612 4538; x_wconf 79' lang='grc' dir='ltr'><strong>οὕτω</strong></span> <span class='ocrx_word' id='word_1_583' title='bbox 1659 4487 1754 4555; x_wconf 83' lang='grc' dir='ltr'><strong>μὲν</strong></span> 
     </span>
    </p>
   </div>
   <div class='ocr_carea' id='block_1_86' title="bbox 1856 4484 3424 4582">
    <p class='ocr_par' dir='ltr' id='par_1_86' title="bbox 1863 4495 3424 4564">
     <span class='ocr_line' id='line_1_86' title="bbox 1863 4495 3424 4564; baseline 0.001 -13"><span class='ocrx_word' id='word_1_584' title='bbox 1863 4498 1931 4551; x_wconf 89' lang='lat' dir='ltr'><strong>sit</strong></span> <span class='ocrx_word' id='word_1_585' title='bbox 1965 4495 2268 4551; x_wconf 83' lang='lat' dir='ltr'><strong>manifesta.</strong></span> <span class='ocrx_word' id='word_1_586' title='bbox 2310 4496 2438 4564; x_wconf 88' lang='lat' dir='ltr'><strong>Quis</strong></span> <span class='ocrx_word' id='word_1_587' title='bbox 2467 4498 2611 4552; x_wconf 90' lang='lat' dir='ltr'><strong>enim</strong></span> <span class='ocrx_word' id='word_1_588' title='bbox 2647 4506 2837 4553; x_wconf 85' lang='lat' dir='ltr'><strong>contra</strong></span> <span class='ocrx_word' id='word_1_589' title='bbox 2888 4512 3005 4552; x_wconf 82' lang='lat' dir='ltr'><strong>sese</strong></span> <span class='ocrx_word' id='word_1_590' title='bbox 3033 4499 3424 4554; x_wconf 79' lang='lat' dir='ltr'><strong>conﬁtebitur?</strong></span> 
     </span>
    </p>
   </div>
   <div class='ocr_carea' id='block_1_87' title="bbox 202 4572 1754 4645">
    <p class='ocr_par' dir='ltr' id='par_1_87' title="bbox 202 4572 1754 4645">
     <span class='ocr_line' id='line_1_87' title="bbox 202 4572 1754 4645; baseline 0.001 -19"><span class='ocrx_word' id='word_1_591' title='bbox 202 4572 282 4627; x_wconf 70' lang='grc' dir='ltr'><strong>οὖν</strong></span> <span class='ocrx_word' id='word_1_592' title='bbox 305 4577 683 4628; x_wconf 64' lang='grc' dir='ltr'><strong>κεκανῦνισται</strong></span> <span class='ocrx_word' id='word_1_593' title='bbox 716 4575 890 4627; x_wconf 79' lang='grc' dir='ltr'><strong>ταῦτα</strong></span> <span class='ocrx_word' id='word_1_594' title='bbox 928 4589 942 4604; x_wconf 87' lang='grc'><strong>·</strong></span> <span class='ocrx_word' id='word_1_595' title='bbox 979 4575 1096 4636; x_wconf 85' lang='grc' dir='ltr'><strong>πῶς</strong></span> <span class='ocrx_word' id='word_1_596' title='bbox 1143 4574 1200 4627; x_wconf 74' lang='grc' dir='ltr'><strong>δὲ</strong></span> <span class='ocrx_word' id='word_1_597' title='bbox 1262 4575 1754 4645; x_wconf 80' lang='grc' dir='ltr'><strong>καθαιρεθήσονται</strong></span> 
     </span>
    </p>
   </div>
   <div class='ocr_carea' id='block_1_88' title="bbox 201 4663 1760 4736">
    <p class='ocr_par' dir='ltr' id='par_1_88' title="bbox 201 4663 1760 4736">
     <span class='ocr_line' id='line_1_88' title="bbox 201 4663 1760 4736; baseline -0.001 -19"><span class='ocrx_word' id='word_1_598' title='bbox 201 4669 243 4720; x_wconf 73' lang='lat' dir='ltr'><strong>si</strong></span> <span class='ocrx_word' id='word_1_599' title='bbox 275 4672 396 4729; x_wconf 75' lang='grc' dir='ltr'><strong>ἱσως</strong></span> <span class='ocrx_word' id='word_1_600' title='bbox 424 4670 502 4736; x_wconf 82' lang='grc' dir='ltr'><strong>μὴ</strong></span> <span class='ocrx_word' id='word_1_601' title='bbox 536 4666 992 4736; x_wconf 71' lang='grc' dir='ltr'><strong>ἐγκρατευόμενοι</strong></span> <span class='ocrx_word' id='word_1_602' title='bbox 1018 4664 1214 4734; x_wconf 80' lang='grc' dir='ltr'><strong>ἀδήλου</strong></span> <span class='ocrx_word' id='word_1_603' title='bbox 1283 4663 1374 4717; x_wconf 82' lang='grc' dir='ltr'><strong>τοῦ</strong></span> <span class='ocrx_word' id='word_1_604' title='bbox 1435 4665 1760 4734; x_wconf 84' lang='grc' dir='ltr'><strong>πράγματος</strong></span> 
     </span>
    </p>
   </div>
   <div class='ocr_carea' id='block_1_89' title="bbox 203 4753 1761 4825">
    <p class='ocr_par' dir='ltr' id='par_1_89' title="bbox 203 4753 1761 4825">
     <span class='ocr_line' id='line_1_89' title="bbox 203 4753 1761 4825; baseline 0.001 -20"><span class='ocrx_word' id='word_1_605' title='bbox 203 4754 338 4819; x_wconf 63' lang='lat' dir='ltr'><strong>Erro;</strong></span> <span class='ocrx_word' id='word_1_606' title='bbox 372 4772 386 4786; x_wconf 75' lang='grc' dir='ltr'><strong>ο</strong></span> <span class='ocrx_word' id='word_1_607' title='bbox 412 4756 494 4818; x_wconf 80' lang='grc' dir='ltr'><strong>τίς</strong></span> <span class='ocrx_word' id='word_1_608' title='bbox 526 4757 632 4825; x_wconf 73' lang='grc' dir='ltr'><strong>γὰρ</strong></span> <span class='ocrx_word' id='word_1_609' title='bbox 656 4754 978 4824; x_wconf 80' lang='grc' dir='ltr'><strong>ὁμολογήσει</strong></span> <span class='ocrx_word' id='word_1_610' title='bbox 1005 4753 1128 4807; x_wconf 69' lang='grc' dir='ltr'><strong>καθ’</strong></span> <span class='ocrx_word' id='word_1_611' title='bbox 1159 4753 1354 4807; x_wconf 81' lang='grc' dir='ltr'><strong>ἑαυτοῦ</strong></span> <span class='ocrx_word' id='word_1_612' title='bbox 1383 4771 1399 4820; x_wconf 85' lang='lat'><strong>;</strong></span> <span class='ocrx_word' id='word_1_613' title='bbox 1455 4755 1486 4823; x_wconf 82' lang='grc' dir='ltr'>ἢ</span> <span class='ocrx_word' id='word_1_614' title='bbox 1514 4754 1595 4817; x_wconf 78' lang='grc' dir='ltr'><strong>τίς</strong></span> <span class='ocrx_word' id='word_1_615' title='bbox 1625 4754 1761 4822; x_wconf 75' lang='grc' dir='ltr'><strong>πρὸς</strong></span> 
     </span>
    </p>
   </div>
   <div class='ocr_carea' id='block_1_90' title="bbox 202 4843 1756 4913">
    <p class='ocr_par' dir='ltr' id='par_1_90' title="bbox 202 4843 1756 4913">
     <span class='ocr_line' id='line_1_90' title="bbox 202 4843 1756 4913; baseline -0.001 -18"><span class='ocrx_word' id='word_1_616' title='bbox 202 4847 280 4897; x_wconf 70' lang='grc' dir='ltr'><strong>τίν</strong></span> <span class='ocrx_word' id='word_1_617' title='bbox 312 4847 503 4898; x_wconf 85' lang='grc' dir='ltr'><strong>τούτου</strong></span> <span class='ocrx_word' id='word_1_618' title='bbox 526 4844 749 4913; x_wconf 75' lang='grc' dir='ltr'><strong>ἔλεγχον</strong></span> <span class='ocrx_word' id='word_1_619' title='bbox 774 4843 1133 4907; x_wconf 61' lang='lat' dir='ltr'><strong>dmodum-at;</strong></span> <span class='ocrx_word' id='word_1_620' title='bbox 1165 4843 1257 4896; x_wconf 71' lang='grc' dir='ltr'><strong>Διὸ</strong></span> <span class='ocrx_word' id='word_1_621' title='bbox 1284 4845 1507 4913; x_wconf 81' lang='grc' dir='ltr'><strong>γνώμην</strong></span> <span class='ocrx_word' id='word_1_622' title='bbox 1563 4843 1756 4911; x_wconf 83' lang='grc' dir='ltr'><strong>δίδωμι</strong></span> 
     </span>
    </p>
   </div>
   <div class='ocr_carea' id='block_1_91' title="bbox 204 4934 1755 5007">
    <p class='ocr_par' dir='ltr' id='par_1_91' title="bbox 204 4934 1755 5007">
     <span class='ocr_line' id='line_1_91' title="bbox 204 4934 1755 5007; baseline -0.003 -17"><span class='ocrx_word' id='word_1_623' title='bbox 204 4938 269 5007; x_wconf 75' lang='grc' dir='ltr'><strong>μὴ</strong></span> <span class='ocrx_word' id='word_1_624' title='bbox 316 4938 384 4989; x_wconf 84' lang='grc' dir='ltr'><strong>δι’</strong></span> <span class='ocrx_word' id='word_1_625' title='bbox 426 4936 550 4990; x_wconf 83' lang='grc' dir='ltr'><strong>ὅλου</strong></span> <span class='ocrx_word' id='word_1_626' title='bbox 605 4936 909 5005; x_wconf 71' lang='grc' dir='ltr'><strong>ἱερουργεῖν</strong></span> <span class='ocrx_word' id='word_1_627' title='bbox 958 4937 1083 4996; x_wconf 69' lang='grc' dir='ltr'><strong>τοὺς</strong></span> <span class='ocrx_word' id='word_1_628' title='bbox 1128 4938 1479 5005; x_wconf 74' lang='grc' dir='ltr'><strong>ίερωμίνους.</strong></span> <span class='ocrx_word' id='word_1_629' title='bbox 1512 4934 1609 4987; x_wconf 80' lang='grc' dir='ltr'><strong>Διὰ</strong></span> <span class='ocrx_word' id='word_1_630' title='bbox 1649 4936 1755 5003; x_wconf 76' lang='grc' dir='ltr'><strong>γὰρ</strong></span> 
     </span>
    </p>
   </div>
   <div class='ocr_carea' id='block_1_92' title="bbox 201 5025 1754 5095">
    <p class='ocr_par' dir='ltr' id='par_1_92' title="bbox 201 5025 1754 5095">
     <span class='ocr_line' id='line_1_92' title="bbox 201 5025 1754 5095; baseline -0.001 -17"><span class='ocrx_word' id='word_1_631' title='bbox 201 5028 343 5080; x_wconf 73' lang='grc' dir='ltr'><strong>τοῦτο</strong></span> <span class='ocrx_word' id='word_1_632' title='bbox 368 5032 463 5081; x_wconf 73' lang='grc' dir='ltr'><strong>καὶ</strong></span> <span class='ocrx_word' id='word_1_633' title='bbox 492 5032 550 5079; x_wconf 79' lang='grc' dir='ltr'><strong>ἐν</strong></span> <span class='ocrx_word' id='word_1_634' title='bbox 580 5026 657 5095; x_wconf 80' lang='grc' dir='ltr'><strong>τῷ</strong></span> <span class='ocrx_word' id='word_1_635' title='bbox 685 5032 716 5079; x_wconf 88' lang='grc' dir='ltr'><strong>ι’</strong></span> <span class='ocrx_word' id='word_1_636' title='bbox 741 5026 924 5078; x_wconf 84' lang='grc' dir='ltr'><strong>κανόνι</strong></span> <span class='ocrx_word' id='word_1_637' title='bbox 944 5026 1041 5093; x_wconf 80' lang='grc' dir='ltr'><strong>τῆς</strong></span> <span class='ocrx_word' id='word_1_638' title='bbox 1069 5026 1127 5078; x_wconf 81' lang='grc' dir='ltr'><strong>ὲν</strong></span> <span class='ocrx_word' id='word_1_639' title='bbox 1155 5026 1233 5093; x_wconf 82' lang='grc' dir='ltr'><strong>τῷ</strong></span> <span class='ocrx_word' id='word_1_640' title='bbox 1260 5026 1302 5077; x_wconf 86' lang='grc' dir='ltr'>Τ</span> <span class='ocrx_word' id='word_1_641' title='bbox 1308 5025 1512 5095; x_wconf 83' lang='grc' dir='ltr'><strong>ρούλλῳ</strong></span> <span class='ocrx_word' id='word_1_642' title='bbox 1538 5026 1754 5077; x_wconf 82' lang='grc' dir='ltr'><strong>συνόδου</strong></span> 
     </span>
    </p>
   </div>
   <div class='ocr_carea' id='block_1_93' title="bbox 202 5116 1755 5189">
    <p class='ocr_par' dir='ltr' id='par_1_93' title="bbox 202 5116 1755 5189">
     <span class='ocr_line' id='line_1_93' title="bbox 202 5116 1755 5189; baseline 0.001 -20"><span class='ocrx_word' id='word_1_643' title='bbox 202 5122 490 5189; x_wconf 71' lang='grc' dir='ltr'><strong>ἐφημερίας</strong></span> <span class='ocrx_word' id='word_1_644' title='bbox 519 5117 869 5187; x_wconf 72' lang='grc' dir='ltr'><strong>ἐμνήσθησαν</strong></span> <span class='ocrx_word' id='word_1_645' title='bbox 915 5118 963 5168; x_wconf 79' lang='grc' dir='ltr'><strong>οἱ</strong></span> <span class='ocrx_word' id='word_1_646' title='bbox 990 5116 1248 5184; x_wconf 78' lang='grc' dir='ltr'><strong>Πατέρες.</strong></span> <span class='ocrx_word' id='word_1_647' title='bbox 1276 5118 1365 5168; x_wconf 72' lang='grc' dir='ltr'><strong>Διὸ</strong></span> <span class='ocrx_word' id='word_1_648' title='bbox 1392 5118 1484 5169; x_wconf 73' lang='grc' dir='ltr'><strong>καὶ</strong></span> <span class='ocrx_word' id='word_1_649' title='bbox 1527 5119 1585 5169; x_wconf 74' lang='grc' dir='ltr'><strong>ἐν</strong></span> <span class='ocrx_word' id='word_1_650' title='bbox 1634 5119 1755 5181; x_wconf 88' lang='grc' dir='ltr'><strong>ταῖς</strong></span> 
     </span>
    </p>
   </div>
   <div class='ocr_carea' id='block_1_94' title="bbox 202 5207 1757 5279">
    <p class='ocr_par' dir='ltr' id='par_1_94' title="bbox 202 5207 1757 5279">
     <span class='ocr_line' id='line_1_94' title="bbox 202 5207 1757 5279; baseline -0.004 -14"><span class='ocrx_word' id='word_1_651' title='bbox 202 5213 451 5279; x_wconf 77' lang='grc' dir='ltr'><strong>μεγάλαις</strong></span> <span class='ocrx_word' id='word_1_652' title='bbox 512 5213 607 5262; x_wconf 80' lang='grc' dir='ltr'><strong>καὶ</strong></span> <span class='ocrx_word' id='word_1_653' title='bbox 658 5209 967 5272; x_wconf 78' lang='grc' dir='ltr'><strong>καθολικατς</strong></span> <span class='ocrx_word' id='word_1_654' title='bbox 1017 5209 1334 5277; x_wconf 67' lang='grc' dir='ltr'><strong>ἐκκλησίαις</strong></span> <span class='ocrx_word' id='word_1_655' title='bbox 1389 5207 1669 5278; x_wconf 78' lang='grc' dir='ltr'><strong>διῄρηνται</strong></span> <span class='ocrx_word' id='word_1_656' title='bbox 1698 5208 1757 5259; x_wconf 88' lang='grc' dir='ltr'><strong>αί</strong></span> 
     </span>
    </p>
   </div>
   <div class='ocr_carea' id='block_1_95' title="bbox 201 5298 1756 5374">
    <p class='ocr_par' dir='ltr' id='par_1_95' title="bbox 201 5298 1756 5374">
     <span class='ocr_line' id='line_1_95' title="bbox 201 5298 1756 5374; baseline -0.003 -19"><span class='ocrx_word' id='word_1_657' title='bbox 201 5303 291 5355; x_wconf 73' lang='grc' dir='ltr'><strong>τῶν</strong></span> <span class='ocrx_word' id='word_1_658' title='bbox 314 5303 627 5374; x_wconf 71' lang='grc' dir='ltr'><strong>ἱερωμένων</strong></span> <span class='ocrx_word' id='word_1_659' title='bbox 653 5301 910 5355; x_wconf 82' lang='grc' dir='ltr'><strong>δουλεῖαι.</strong></span> <span class='ocrx_word' id='word_1_660' title='bbox 938 5300 1000 5352; x_wconf 81' lang='lat' dir='ltr'><strong>0i</strong></span> <span class='ocrx_word' id='word_1_661' title='bbox 1059 5300 1166 5369; x_wconf 70' lang='grc' dir='ltr'><strong>γὰρ</strong></span> <span class='ocrx_word' id='word_1_662' title='bbox 1199 5299 1318 5352; x_wconf 79' lang='grc' dir='ltr'><strong>καθ’</strong></span> <span class='ocrx_word' id='word_1_663' title='bbox 1357 5299 1595 5366; x_wconf 68' lang='grc' dir='ltr'><strong>ἑκάστην</strong></span> <span class='ocrx_word' id='word_1_664' title='bbox 1642 5298 1756 5350; x_wconf 87' lang='grc' dir='ltr'><strong>λει-</strong></span> 
     </span>
    </p>
   </div>
   <div class='ocr_carea' id='block_1_96' title="bbox 198 5391 1758 5465">
    <p class='ocr_par' dir='ltr' id='par_1_96' title="bbox 198 5391 1758 5465">
     <span class='ocr_line' id='line_1_96' title="bbox 198 5391 1758 5465; baseline -0.003 -19"><span class='ocrx_word' id='word_1_665' title='bbox 198 5398 538 5465; x_wconf 80' lang='grc' dir='ltr'><strong>τουργοῦντες</strong></span> <span class='ocrx_word' id='word_1_666' title='bbox 564 5396 740 5463; x_wconf 75' lang='grc' dir='ltr'><strong>ἔνοχοι</strong></span> <span class='ocrx_word' id='word_1_667' title='bbox 765 5394 1001 5458; x_wconf 79' lang='grc' dir='ltr'><strong>γίνονται</strong></span> <span class='ocrx_word' id='word_1_668' title='bbox 1036 5392 1113 5460; x_wconf 82' lang='grc' dir='ltr'><strong>τῷ</strong></span> <span class='ocrx_word' id='word_1_669' title='bbox 1170 5392 1352 5444; x_wconf 84' lang='grc' dir='ltr'><strong>κανόνι</strong></span> <span class='ocrx_word' id='word_1_670' title='bbox 1377 5392 1484 5443; x_wconf 78' lang='grc' dir='ltr'><strong>ἀπὸ</strong></span> <span class='ocrx_word' id='word_1_671' title='bbox 1552 5391 1758 5459; x_wconf 77' lang='grc' dir='ltr'><strong>προλήο</strong></span> 
     </span>
    </p>
   </div>
   <div class='ocr_carea' id='block_1_97' title="bbox 196 5482 1753 5554">
    <p class='ocr_par' dir='ltr' id='par_1_97' title="bbox 196 5482 1753 5554">
     <span class='ocr_line' id='line_1_97' title="bbox 196 5482 1753 5554; baseline -0.004 -16"><span class='ocrx_word' id='word_1_672' title='bbox 196 5489 345 5554; x_wconf 60' lang='grc' dir='ltr'><strong>ᾲεως,</strong></span> <span class='ocrx_word' id='word_1_673' title='bbox 377 5488 468 5541; x_wconf 73' lang='grc' dir='ltr'><strong>διὰ</strong></span> <span class='ocrx_word' id='word_1_674' title='bbox 499 5488 560 5539; x_wconf 80' lang='grc' dir='ltr'><strong>τὸ</strong></span> <span class='ocrx_word' id='word_1_675' title='bbox 600 5487 874 5538; x_wconf 75' lang='grc' dir='ltr'><strong>συνοικεῖν</strong></span> <span class='ocrx_word' id='word_1_676' title='bbox 909 5485 1173 5551; x_wconf 67' lang='grc' dir='ltr'><strong>γαμεταῖς</strong></span> <span class='ocrx_word' id='word_1_677' title='bbox 1207 5499 1219 5512; x_wconf 80' lang='grc'><strong>’</strong></span> <span class='ocrx_word' id='word_1_678' title='bbox 1250 5482 1424 5534; x_wconf 85' lang='grc' dir='ltr'><strong>διόλου</strong></span> <span class='ocrx_word' id='word_1_679' title='bbox 1449 5482 1543 5534; x_wconf 72' lang='grc' dir='ltr'><strong>καὶ</strong></span> <span class='ocrx_word' id='word_1_680' title='bbox 1585 5498 1753 5533; x_wconf 83' lang='grc' dir='ltr'><strong>σκαν-</strong></span> 
     </span>
    </p>
   </div>
   <div class='ocr_carea' id='block_1_98' title="bbox 196 5569 1756 5643">
    <p class='ocr_par' dir='ltr' id='par_1_98' title="bbox 196 5569 1756 5643">
     <span class='ocr_line' id='line_1_98' title="bbox 196 5569 1756 5643; baseline -0.004 -13"><span class='ocrx_word' id='word_1_681' title='bbox 196 5579 448 5641; x_wconf 49' lang='lat' dir='ltr'><strong>adﬁci-Juv.</strong></span> <span class='ocrx_word' id='word_1_682' title='bbox 472 5577 595 5638; x_wconf 78' lang='grc' dir='ltr'><strong>τοὺς</strong></span> <span class='ocrx_word' id='word_1_683' title='bbox 633 5576 797 5638; x_wconf 77' lang='grc' dir='ltr'><strong>λαούς</strong></span> <span class='ocrx_word' id='word_1_684' title='bbox 830 5590 846 5607; x_wconf 78' lang='grc' dir='ltr'><strong><em>ο</em></strong></span> <span class='ocrx_word' id='word_1_685' title='bbox 869 5569 1019 5643; x_wconf 79' lang='grc' dir='ltr'><strong>οἶμαι</strong></span> <span class='ocrx_word' id='word_1_686' title='bbox 1046 5575 1152 5643; x_wconf 73' lang='grc' dir='ltr'><strong>γὰρ</strong></span> <span class='ocrx_word' id='word_1_687' title='bbox 1175 5573 1255 5625; x_wconf 87' lang='grc' dir='ltr'><strong>ὅτι</strong></span> <span class='ocrx_word' id='word_1_688' title='bbox 1283 5574 1377 5626; x_wconf 73' lang='grc' dir='ltr'><strong>καὶ</strong></span> <span class='ocrx_word' id='word_1_689' title='bbox 1412 5574 1471 5624; x_wconf 82' lang='grc' dir='ltr'><strong>τὸ</strong></span> <span class='ocrx_word' id='word_1_690' title='bbox 1505 5571 1579 5641; x_wconf 81' lang='grc' dir='ltr'><strong>μὴ</strong></span> <span class='ocrx_word' id='word_1_691' title='bbox 1624 5573 1756 5641; x_wconf 82' lang='grc' dir='ltr'><strong>κλη-</strong></span> 
     </span>
    </p>
   </div>
   <div class='ocr_carea' id='block_1_99' title="bbox 198 5659 1750 5731">
    <p class='ocr_par' dir='ltr' id='par_1_99' title="bbox 198 5659 1750 5731">
     <span class='ocr_line' id='line_1_99' title="bbox 198 5659 1750 5731; baseline -0.005 -10"><span class='ocrx_word' id='word_1_692' title='bbox 198 5668 402 5722; x_wconf 66' lang='grc' dir='ltr'><strong>ροῦσθαι</strong></span> <span class='ocrx_word' id='word_1_693' title='bbox 432 5669 525 5722; x_wconf 77' lang='grc' dir='ltr'><strong>τὸν</strong></span> <span class='ocrx_word' id='word_1_694' title='bbox 555 5667 720 5719; x_wconf 78' lang='grc' dir='ltr'><strong>αὑτὸν</strong></span> <span class='ocrx_word' id='word_1_695' title='bbox 745 5666 827 5727; x_wconf 85' lang='grc' dir='ltr'><strong>είς</strong></span> <span class='ocrx_word' id='word_1_696' title='bbox 856 5664 1055 5725; x_wconf 75' lang='grc' dir='ltr'><strong>πολλὰς</strong></span> <span class='ocrx_word' id='word_1_697' title='bbox 1112 5663 1410 5731; x_wconf 76' lang='grc' dir='ltr'><strong>ἐκκλησίας</strong></span> <span class='ocrx_word' id='word_1_698' title='bbox 1470 5660 1560 5714; x_wconf 80' lang='grc' dir='ltr'><strong>διὰ</strong></span> <span class='ocrx_word' id='word_1_699' title='bbox 1592 5659 1750 5714; x_wconf 81' lang='grc' dir='ltr'><strong>τοῦτο</strong></span> 
     </span>
    </p>
   </div>
   <div class='ocr_carea' id='block_1_100' title="bbox 195 5758 1751 5833">
    <p class='ocr_par' dir='ltr' id='par_1_100' title="bbox 195 5758 1751 5833">
     <span class='ocr_line' id='line_1_100' title="bbox 195 5758 1751 5833; baseline -0.003 -20"><span class='ocrx_word' id='word_1_700' title='bbox 195 5764 423 5833; x_wconf 64' lang='grc' dir='ltr'><strong>ἐκωλύθη</strong></span> <span class='ocrx_word' id='word_1_701' title='bbox 450 5778 465 5792; x_wconf 78' lang='grc'><strong><em>⁸</em></strong></span> <span class='ocrx_word' id='word_1_702' title='bbox 497 5763 578 5816; x_wconf 76' lang='grc' dir='ltr'><strong>ἔτι</strong></span> <span class='ocrx_word' id='word_1_703' title='bbox 614 5779 668 5816; x_wconf 79' lang='grc' dir='ltr'><strong>τε</strong></span> <span class='ocrx_word' id='word_1_704' title='bbox 695 5761 794 5815; x_wconf 71' lang='grc' dir='ltr'><strong>καὶ</strong></span> <span class='ocrx_word' id='word_1_705' title='bbox 852 5759 913 5811; x_wconf 84' lang='grc' dir='ltr'><strong>τδ</strong></span> <span class='ocrx_word' id='word_1_706' title='bbox 965 5758 1206 5826; x_wconf 76' lang='grc' dir='ltr'><strong>γίνεσθαι</strong></span> <span class='ocrx_word' id='word_1_707' title='bbox 1258 5758 1595 5828; x_wconf 86' lang='grc' dir='ltr'><strong>λειτουργίαν</strong></span> <span class='ocrx_word' id='word_1_708' title='bbox 1661 5760 1751 5813; x_wconf 69' lang='grc' dir='ltr'><strong>καὶ</strong></span> 
     </span>
    </p>
   </div>
   <div class='ocr_carea' id='block_1_101' title="bbox 1864 4589 3417 4661">
    <p class='ocr_par' dir='ltr' id='par_1_101' title="bbox 1864 4589 3417 4661">
     <span class='ocr_line' id='line_1_101' title="bbox 1864 4589 3417 4661; baseline 0.001 -19"><span class='ocrx_word' id='word_1_709' title='bbox 1864 4589 1943 4646; x_wconf 90' lang='lat' dir='ltr'><strong>vel</strong></span> <span class='ocrx_word' id='word_1_710' title='bbox 1976 4590 2097 4658; x_wconf 91' lang='lat' dir='ltr'><strong>quis</strong></span> <span class='ocrx_word' id='word_1_711' title='bbox 2126 4605 2248 4644; x_wconf 85' lang='lat' dir='ltr'><strong>eum</strong></span> <span class='ocrx_word' id='word_1_712' title='bbox 2294 4589 2615 4644; x_wconf 79' lang='lat' dir='ltr'><strong>convincere</strong></span> <span class='ocrx_word' id='word_1_713' title='bbox 2658 4590 3045 4660; x_wconf 76' lang='lat' dir='ltr'><strong>aggredietur?</strong></span> <span class='ocrx_word' id='word_1_714' title='bbox 3076 4591 3417 4661; x_wconf 88' lang='lat' dir='ltr'><strong>Quapropter</strong></span> 
     </span>
    </p>
   </div>
   <div class='ocr_carea' id='block_1_102' title="bbox 1862 4674 3422 4753">
    <p class='ocr_par' dir='ltr' id='par_1_102' title="bbox 1862 4674 3422 4753">
     <span class='ocr_line' id='line_1_102' title="bbox 1862 4674 3422 4753; baseline 0.004 -21"><span class='ocrx_word' id='word_1_715' title='bbox 1862 4694 1980 4733; x_wconf 89' lang='lat' dir='ltr'><strong>mea</strong></span> <span class='ocrx_word' id='word_1_716' title='bbox 2011 4688 2093 4734; x_wconf 91' lang='lat' dir='ltr'><strong>est</strong></span> <span class='ocrx_word' id='word_1_717' title='bbox 2123 4680 2387 4735; x_wconf 88' lang='lat' dir='ltr'><strong>sententia</strong></span> <span class='ocrx_word' id='word_1_718' title='bbox 2413 4717 2430 4744; x_wconf 95' lang='lat'><strong>,</strong></span> <span class='ocrx_word' id='word_1_719' title='bbox 2465 4689 2523 4734; x_wconf 92' lang='lat' dir='ltr'><strong>ut</strong></span> <span class='ocrx_word' id='word_1_720' title='bbox 2570 4674 2740 4735; x_wconf 85' lang='lat' dir='ltr'><strong>sacris</strong></span> <span class='ocrx_word' id='word_1_721' title='bbox 2775 4681 2970 4735; x_wconf 80' lang='lat' dir='ltr'><strong>initiati</strong></span> <span class='ocrx_word' id='word_1_722' title='bbox 3007 4696 3114 4736; x_wconf 84' lang='lat' dir='ltr'><strong>non</strong></span> <span class='ocrx_word' id='word_1_723' title='bbox 3167 4693 3422 4753; x_wconf 87' lang='lat' dir='ltr'><strong>perpetuo</strong></span> 
     </span>
    </p>
   </div>
   <div class='ocr_carea' id='block_1_103' title="bbox 1861 4769 3424 4843">
    <p class='ocr_par' dir='ltr' id='par_1_103' title="bbox 1861 4769 3424 4843">
     <span class='ocr_line' id='line_1_103' title="bbox 1861 4769 3424 4843; baseline 0.003 -20"><span class='ocrx_word' id='word_1_724' title='bbox 1861 4785 2013 4824; x_wconf 79' lang='lat' dir='ltr'><strong>sacra</strong></span> <span class='ocrx_word' id='word_1_725' title='bbox 2044 4769 2332 4824; x_wconf 89' lang='lat' dir='ltr'><strong>celebrent.</strong></span> <span class='ocrx_word' id='word_1_726' title='bbox 2375 4769 2666 4839; x_wconf 89' lang='lat' dir='ltr'><strong>Pr0pterea</strong></span> <span class='ocrx_word' id='word_1_727' title='bbox 2712 4772 2855 4825; x_wconf 88' lang='lat' dir='ltr'><strong>enim</strong></span> <span class='ocrx_word' id='word_1_728' title='bbox 2905 4781 2958 4825; x_wconf 91' lang='lat' dir='ltr'><strong>et</strong></span> <span class='ocrx_word' id='word_1_729' title='bbox 3007 4773 3057 4824; x_wconf 91' lang='lat' dir='ltr'><strong>in</strong></span> <span class='ocrx_word' id='word_1_730' title='bbox 3092 4774 3300 4827; x_wconf 90' lang='lat' dir='ltr'><strong>decimo</strong></span> <span class='ocrx_word' id='word_1_731' title='bbox 3336 4788 3424 4843; x_wconf 70' lang='lat' dir='ltr'><strong>sy—</strong></span> 
     </span>
    </p>
   </div>
   <div class='ocr_carea' id='block_1_104' title="bbox 1860 4859 3419 4919">
    <p class='ocr_par' dir='ltr' id='par_1_104' title="bbox 1860 4859 3419 4919">
     <span class='ocr_line' id='line_1_104' title="bbox 1860 4859 3419 4919; baseline 0.003 -5"><span class='ocrx_word' id='word_1_732' title='bbox 1860 4861 1982 4914; x_wconf 85' lang='lat' dir='ltr'><strong>nodi</strong></span> <span class='ocrx_word' id='word_1_733' title='bbox 2034 4861 2085 4913; x_wconf 91' lang='lat' dir='ltr'><strong>in</strong></span> <span class='ocrx_word' id='word_1_734' title='bbox 2131 4859 2313 4913; x_wconf 85' lang='lat' dir='ltr'><strong>Trnllo</strong></span> <span class='ocrx_word' id='word_1_735' title='bbox 2341 4873 2546 4914; x_wconf 89' lang='lat' dir='ltr'><strong>canone</strong></span> <span class='ocrx_word' id='word_1_736' title='bbox 2588 4860 2776 4914; x_wconf 88' lang='lat' dir='ltr'><strong>Patres</strong></span> <span class='ocrx_word' id='word_1_737' title='bbox 2807 4861 2871 4915; x_wconf 90' lang='lat' dir='ltr'><strong>de</strong></span> <span class='ocrx_word' id='word_1_738' title='bbox 2915 4860 3121 4918; x_wconf 87' lang='lat' dir='ltr'><strong>vicibus</strong></span> <span class='ocrx_word' id='word_1_739' title='bbox 3156 4864 3419 4919; x_wconf 86' lang='lat' dir='ltr'><strong>memine-</strong></span> 
     </span>
    </p>
   </div>
   <div class='ocr_carea' id='block_1_105' title="bbox 1861 4948 3422 5019">
    <p class='ocr_par' dir='ltr' id='par_1_105' title="bbox 1861 4948 3422 5019">
     <span class='ocr_line' id='line_1_105' title="bbox 1861 4948 3422 5019; baseline 0.004 -16"><span class='ocrx_word' id='word_1_740' title='bbox 1861 4959 2003 5003; x_wconf 90' lang='lat' dir='ltr'><strong>runt.</strong></span> <span class='ocrx_word' id='word_1_741' title='bbox 2064 4948 2128 5003; x_wconf 87' lang='lat' dir='ltr'><strong>Et</strong></span> <span class='ocrx_word' id='word_1_742' title='bbox 2172 4948 2375 5004; x_wconf 86' lang='lat' dir='ltr'><strong>idcirco</strong></span> <span class='ocrx_word' id='word_1_743' title='bbox 2421 4951 2471 5003; x_wconf 92' lang='lat' dir='ltr'><strong>in</strong></span> <span class='ocrx_word' id='word_1_744' title='bbox 2521 4951 2728 5019; x_wconf 82' lang='lat' dir='ltr'><strong>magnis</strong></span> <span class='ocrx_word' id='word_1_745' title='bbox 2756 4958 2809 5004; x_wconf 94' lang='lat' dir='ltr'><strong>et</strong></span> <span class='ocrx_word' id='word_1_746' title='bbox 2843 4951 3123 5007; x_wconf 83' lang='lat' dir='ltr'><strong>catholicis</strong></span> <span class='ocrx_word' id='word_1_747' title='bbox 3172 4954 3422 5009; x_wconf 86' lang='lat' dir='ltr'><strong>ecclesiis</strong></span> 
     </span>
    </p>
   </div>
   <div class='ocr_carea' id='block_1_106' title="bbox 1861 5039 3421 5115">
    <p class='ocr_par' dir='ltr' id='par_1_106' title="bbox 1861 5039 3421 5115">
     <span class='ocr_line' id='line_1_106' title="bbox 1861 5039 3421 5115; baseline 0.004 -22"><span class='ocrx_word' id='word_1_748' title='bbox 1861 5050 2192 5094; x_wconf 86' lang='lat' dir='ltr'><strong>sacratorum</strong></span> <span class='ocrx_word' id='word_1_749' title='bbox 2231 5039 2525 5095; x_wconf 72' lang='lat' dir='ltr'><strong>ministeria</strong></span> <span class='ocrx_word' id='word_1_750' title='bbox 2560 5041 2728 5096; x_wconf 83' lang='lat' dir='ltr'><strong>divisa</strong></span> <span class='ocrx_word' id='word_1_751' title='bbox 2761 5051 2907 5097; x_wconf 90' lang='lat' dir='ltr'><strong>sunt.</strong></span> <span class='ocrx_word' id='word_1_752' title='bbox 2937 5040 3036 5107; x_wconf 89' lang='lat' dir='ltr'><strong>Qui</strong></span> <span class='ocrx_word' id='word_1_753' title='bbox 3065 5046 3205 5097; x_wconf 91' lang='lat' dir='ltr'><strong>enim</strong></span> <span class='ocrx_word' id='word_1_754' title='bbox 3237 5048 3421 5115; x_wconf 81' lang='lat' dir='ltr'><strong>quati-</strong></span> 
     </span>
    </p>
   </div>
   <div class='ocr_carea' id='block_1_107' title="bbox 1859 5130 3421 5204">
    <p class='ocr_par' dir='ltr' id='par_1_107' title="bbox 1859 5130 3421 5204">
     <span class='ocr_line' id='line_1_107' title="bbox 1859 5130 3421 5204; baseline 0.005 -20"><span class='ocrx_word' id='word_1_755' title='bbox 1859 5130 1946 5185; x_wconf 90' lang='lat' dir='ltr'><strong>die</strong></span> <span class='ocrx_word' id='word_1_756' title='bbox 1971 5144 2120 5184; x_wconf 80' lang='lat' dir='ltr'><strong>sacra</strong></span> <span class='ocrx_word' id='word_1_757' title='bbox 2145 5130 2416 5187; x_wconf 87' lang='lat' dir='ltr'><strong>celebrant</strong></span> <span class='ocrx_word' id='word_1_758' title='bbox 2446 5132 2637 5186; x_wconf 88' lang='lat' dir='ltr'><strong>canoni</strong></span> <span class='ocrx_word' id='word_1_759' title='bbox 2672 5142 2797 5188; x_wconf 88' lang='lat' dir='ltr'><strong>sunt</strong></span> <span class='ocrx_word' id='word_1_760' title='bbox 2823 5136 3039 5192; x_wconf 80' lang='lat' dir='ltr'><strong>obnoxii</strong></span> <span class='ocrx_word' id='word_1_761' title='bbox 3068 5152 3129 5191; x_wconf 85' lang='lat' dir='ltr'><strong>ex</strong></span> <span class='ocrx_word' id='word_1_762' title='bbox 3159 5152 3421 5204; x_wconf 64' lang='lat' dir='ltr'><strong>praesum-</strong></span> 
     </span>
    </p>
   </div>
   <div class='ocr_carea' id='block_1_108' title="bbox 1860 5220 3420 5297">
    <p class='ocr_par' dir='ltr' id='par_1_108' title="bbox 1860 5220 3420 5297">
     <span class='ocr_line' id='line_1_108' title="bbox 1860 5220 3420 5297; baseline 0.006 -24"><span class='ocrx_word' id='word_1_763' title='bbox 1860 5221 2063 5290; x_wconf 88' lang='lat' dir='ltr'><strong>ptione,</strong></span> <span class='ocrx_word' id='word_1_764' title='bbox 2097 5220 2238 5289; x_wconf 87' lang='lat' dir='ltr'><strong>quod</strong></span> <span class='ocrx_word' id='word_1_765' title='bbox 2272 5236 2393 5275; x_wconf 91' lang='lat' dir='ltr'><strong>cum</strong></span> <span class='ocrx_word' id='word_1_766' title='bbox 2439 5222 2694 5279; x_wconf 80' lang='lat' dir='ltr'><strong>uxoribus</strong></span> <span class='ocrx_word' id='word_1_767' title='bbox 2735 5226 3076 5284; x_wconf 78' lang='lat' dir='ltr'><strong>cohabitant:</strong></span> <span class='ocrx_word' id='word_1_768' title='bbox 3128 5236 3182 5281; x_wconf 77' lang='lat' dir='ltr'><strong>et</strong></span> <span class='ocrx_word' id='word_1_769' title='bbox 3234 5240 3420 5297; x_wconf 83' lang='lat' dir='ltr'><strong>aperte</strong></span> 
     </span>
    </p>
   </div>
   <div class='ocr_carea' id='block_1_109' title="bbox 1860 5310 3418 5383">
    <p class='ocr_par' dir='ltr' id='par_1_109' title="bbox 1860 5310 3418 5383">
     <span class='ocr_line' id='line_1_109' title="bbox 1860 5310 3418 5383; baseline 0.004 -18"><span class='ocrx_word' id='word_1_770' title='bbox 1860 5312 2081 5380; x_wconf 86' lang='lat' dir='ltr'><strong>populos</strong></span> <span class='ocrx_word' id='word_1_771' title='bbox 2112 5310 2407 5366; x_wconf 72' lang='lat' dir='ltr'><strong>offendunt.</strong></span> <span class='ocrx_word' id='word_1_772' title='bbox 2445 5311 2665 5381; x_wconf 86' lang='lat' dir='ltr'><strong>Propter</strong></span> <span class='ocrx_word' id='word_1_773' title='bbox 2716 5316 2819 5371; x_wconf 91' lang='lat' dir='ltr'><strong>hoc</strong></span> <span class='ocrx_word' id='word_1_774' title='bbox 2856 5318 3023 5383; x_wconf 85' lang='lat' dir='ltr'><strong>enim,</strong></span> <span class='ocrx_word' id='word_1_775' title='bbox 3056 5328 3115 5373; x_wconf 90' lang='lat' dir='ltr'><strong>ut</strong></span> <span class='ocrx_word' id='word_1_776' title='bbox 3161 5319 3290 5373; x_wconf 85' lang='lat' dir='ltr'><strong>mihi</strong></span> <span class='ocrx_word' id='word_1_777' title='bbox 3337 5320 3418 5372; x_wconf 86' lang='lat' dir='ltr'><strong>vi-</strong></span> 
     </span>
    </p>
   </div>
   <div class='ocr_carea' id='block_1_110' title="bbox 1860 5402 3418 5479">
    <p class='ocr_par' dir='ltr' id='par_1_110' title="bbox 1860 5402 3418 5479">
     <span class='ocr_line' id='line_1_110' title="bbox 1860 5402 3418 5479; baseline 0.006 -24"><span class='ocrx_word' id='word_1_778' title='bbox 1860 5404 1925 5455; x_wconf 70' lang='grc' dir='ltr'><strong>ι⁹ι</strong></span> <span class='ocrx_word' id='word_1_779' title='bbox 1951 5417 2046 5465; x_wconf 88' lang='lat' dir='ltr'><strong>ur;</strong></span> <span class='ocrx_word' id='word_1_780' title='bbox 2084 5415 2149 5454; x_wconf 90' lang='lat' dir='ltr'><strong>ne</strong></span> <span class='ocrx_word' id='word_1_781' title='bbox 2180 5403 2300 5471; x_wconf 83' lang='lat' dir='ltr'><strong>quis</strong></span> <span class='ocrx_word' id='word_1_782' title='bbox 2335 5402 2387 5455; x_wconf 94' lang='lat' dir='ltr'><strong>in</strong></span> <span class='ocrx_word' id='word_1_783' title='bbox 2422 5404 2602 5460; x_wconf 89' lang='lat' dir='ltr'><strong>multis</strong></span> <span class='ocrx_word' id='word_1_784' title='bbox 2626 5407 2869 5463; x_wconf 72' lang='lat' dir='ltr'><strong>ecclesiis</strong></span> <span class='ocrx_word' id='word_1_785' title='bbox 2904 5410 2994 5462; x_wconf 83' lang='lat' dir='ltr'><strong>ﬁat</strong></span> <span class='ocrx_word' id='word_1_786' title='bbox 3022 5410 3252 5465; x_wconf 91' lang='lat' dir='ltr'><strong>clericus</strong></span> <span class='ocrx_word' id='word_1_787' title='bbox 3291 5426 3418 5479; x_wconf 87' lang='lat' dir='ltr'><strong>pro-</strong></span> 
     </span>
    </p>
   </div>
   <div class='ocr_carea' id='block_1_111' title="bbox 1860 5492 3415 5555">
    <p class='ocr_par' dir='ltr' id='par_1_111' title="bbox 1860 5492 3415 5555">
     <span class='ocr_line' id='line_1_111' title="bbox 1860 5492 3415 5555; baseline 0.006 -11"><span class='ocrx_word' id='word_1_788' title='bbox 1860 5492 2082 5545; x_wconf 79' lang='lat' dir='ltr'><strong>hibitum</strong></span> <span class='ocrx_word' id='word_1_789' title='bbox 2108 5502 2208 5555; x_wconf 86' lang='lat' dir='ltr'><strong>est,</strong></span> <span class='ocrx_word' id='word_1_790' title='bbox 2241 5502 2295 5547; x_wconf 89' lang='lat' dir='ltr'><strong>et</strong></span> <span class='ocrx_word' id='word_1_791' title='bbox 2320 5495 2480 5547; x_wconf 90' lang='lat' dir='ltr'><strong>etiam</strong></span> <span class='ocrx_word' id='word_1_792' title='bbox 2513 5511 2580 5549; x_wconf 91' lang='lat' dir='ltr'><strong>ne</strong></span> <span class='ocrx_word' id='word_1_793' title='bbox 2601 5511 2875 5552; x_wconf 85' lang='lat' dir='ltr'><strong>sacrorum</strong></span> <span class='ocrx_word' id='word_1_794' title='bbox 2911 5498 3202 5554; x_wconf 81' lang='lat' dir='ltr'><strong>celebratio</strong></span> <span class='ocrx_word' id='word_1_795' title='bbox 3235 5512 3287 5555; x_wconf 92' lang='lat' dir='ltr'><strong>et</strong></span> <span class='ocrx_word' id='word_1_796' title='bbox 3326 5501 3415 5554; x_wconf 83' lang='lat' dir='ltr'><strong>ba-</strong></span> 
     </span>
    </p>
   </div>
   <div class='ocr_carea' id='block_1_112' title="bbox 1859 5581 3415 5654">
    <p class='ocr_par' dir='ltr' id='par_1_112' title="bbox 1859 5581 3415 5654">
     <span class='ocr_line' id='line_1_112' title="bbox 1859 5581 3415 5654; baseline 0.006 -23"><span class='ocrx_word' id='word_1_797' title='bbox 1859 5581 2108 5649; x_wconf 78' lang='lat' dir='ltr'><strong>ptismatn</strong></span> <span class='ocrx_word' id='word_1_798' title='bbox 2159 5582 2210 5635; x_wconf 91' lang='lat' dir='ltr'><strong>in</strong></span> <span class='ocrx_word' id='word_1_799' title='bbox 2257 5588 2513 5637; x_wconf 84' lang='lat' dir='ltr'><strong>oratoriis</strong></span> <span class='ocrx_word' id='word_1_800' title='bbox 2548 5585 2694 5651; x_wconf 75' lang='lat' dir='ltr'><strong>(iant,</strong></span> <span class='ocrx_word' id='word_1_801' title='bbox 2731 5602 2849 5654; x_wconf 71' lang='lat' dir='ltr'><strong>qua:</strong></span> <span class='ocrx_word' id='word_1_802' title='bbox 2886 5597 3009 5642; x_wconf 87' lang='lat' dir='ltr'><strong>sunt</strong></span> <span class='ocrx_word' id='word_1_803' title='bbox 3056 5588 3107 5641; x_wconf 92' lang='lat' dir='ltr'><strong>in</strong></span> <span class='ocrx_word' id='word_1_804' title='bbox 3142 5587 3415 5641; x_wconf 88' lang='lat' dir='ltr'><strong>domibus.</strong></span> 
     </span>
    </p>
   </div>
   <div class='ocr_carea' id='block_1_113' title="bbox 1859 5668 3417 5738">
    <p class='ocr_par' dir='ltr' id='par_1_113' title="bbox 1859 5668 3417 5738">
     <span class='ocr_line' id='line_1_113' title="bbox 1859 5668 3417 5738; baseline 0.003 -17"><span class='ocrx_word' id='word_1_805' title='bbox 1859 5668 1923 5722; x_wconf 83' lang='lat' dir='ltr'><strong>Et</strong></span> <span class='ocrx_word' id='word_1_806' title='bbox 1948 5671 2046 5722; x_wconf 89' lang='lat' dir='ltr'><strong>hoc</strong></span> <span class='ocrx_word' id='word_1_807' title='bbox 2072 5669 2302 5724; x_wconf 77' lang='lat' dir='ltr'><strong>exolevit</strong></span> <span class='ocrx_word' id='word_1_808' title='bbox 2347 5682 2562 5738; x_wconf 92' lang='lat' dir='ltr'><strong>propter</strong></span> <span class='ocrx_word' id='word_1_809' title='bbox 2593 5673 2753 5725; x_wconf 89' lang='lat' dir='ltr'><strong>aliam</strong></span> <span class='ocrx_word' id='word_1_810' title='bbox 2803 5675 3063 5729; x_wconf 89' lang='lat' dir='ltr'><strong>rationem</strong></span> <span class='ocrx_word' id='word_1_811' title='bbox 3098 5691 3161 5729; x_wconf 83' lang='lat' dir='ltr'><strong>ex</strong></span> <span class='ocrx_word' id='word_1_812' title='bbox 3203 5673 3417 5730; x_wconf 81' lang='lat' dir='ltr'><strong>Novella</strong></span> 
     </span>
    </p>
   </div>
   <div class='ocr_carea' id='block_1_114' title="bbox 1824 5758 3417 5833">
    <p class='ocr_par' dir='ltr' id='par_1_114' title="bbox 1824 5758 3417 5833">
     <span class='ocr_line' id='line_1_114' title="bbox 1824 5758 3417 5833; baseline 0.006 -20"><span class='ocrx_word' id='word_1_813' title='bbox 1824 5810 1827 5813; x_wconf 77' lang='lat'><strong>.</strong></span> <span class='ocrx_word' id='word_1_814' title='bbox 1858 5760 2059 5815; x_wconf 82' lang='lat' dir='ltr'><strong>dotuiui</strong></span> <span class='ocrx_word' id='word_1_815' title='bbox 2112 5758 2309 5816; x_wconf 77' lang='lat' dir='ltr'><strong>Leonis</strong></span> <span class='ocrx_word' id='word_1_816' title='bbox 2340 5761 2655 5833; x_wconf 78' lang='lat' dir='ltr'><strong>PltilOSOphi</strong></span> <span class='ocrx_word' id='word_1_817' title='bbox 2676 5802 2690 5826; x_wconf 88' lang='lat'><strong>,</strong></span> <span class='ocrx_word' id='word_1_818' title='bbox 2720 5779 2877 5833; x_wconf 73' lang='lat' dir='ltr'><strong>quam</strong></span> <span class='ocrx_word' id='word_1_819' title='bbox 2906 5767 3065 5822; x_wconf 89' lang='lat' dir='ltr'><strong>etiam</strong></span> <span class='ocrx_word' id='word_1_820' title='bbox 3104 5767 3155 5821; x_wconf 91' lang='lat' dir='ltr'><strong>lu</strong></span> <span class='ocrx_word' id='word_1_821' title='bbox 3181 5765 3417 5822; x_wconf 80' lang='lat' dir='ltr'><strong>diverso-</strong></span> 
     </span>
    </p>
   </div>
  </div>
