4000 6480
543 450 643 511 2'11

1806 442 2081 503 ἸἭΕΟῘ).
2122 438 2519 500 ΒΑΙ.8ΛΜΟΝ

3660 428 3787 494 2Ἵῖ

550 577 667 613 rlltll
698 573 962 614 canonum
994 552 1521 626 interpretationibus
1570 551 1724 605 sitam
1778 550 1923 619 legas
1978 549 2091 601 vel-

2222 551 2544 618 ὶαπτίσματα
2572 550 2650 611 εἰς
2682 551 2747 603 τά
2776 549 2897 603 κατ’
2918 547 3063 602 οἶκον
3092 547 3376 616 εὕκτήρια.
3439 542 3551 597 Καὶ
3599 540 3787 593 τοῦτο

547 651 669 703 leui.

616 905 862 961 ZONAR.
898 903 994 958 llic
1021 906 1178 958 etiam
1210 905 1272 958 de
1306 904 1629 957 continentia
1656 917 1862 967 eorum,
1890 900 1978 968 qui
2006 914 2097 954 sa-

556 1000 662 1052 cris
709 997 896 1049 initiati
953 1005 1101 1060 sunt,
1144 994 1212 1048 ab
1256 1010 1481 1048 uxorum
1518 1008 1736 1047 suorum
1770 993 2097 1047 commercio

546 1089 733 1141 Patres
786 1090 1099 1140 decernunt.
1158 1084 1431 1151 Episcopis
1475 1097 1620 1149 ergo,
1676 1083 2001 1150 presbyteris
2037 1090 2093 1135 et

546 1180 786 1232 diaconis
839 1178 905 1230 ab
929 1178 1007 1229 eis
1036 1175 1407 1229 abstinendum
1436 1188 1553 1227 esse
1582 1173 1925 1239 praecipiunt;
1957 1186 2018 1223 ac
2048 1171 2093 1224 si

545 1270 635 1333 qui
672 1272 852 1321 contra
873 1266 1033 1335 607
1064 1264 1286 1317 fecerint
1311 1264 1637 1331 depositione
1664 1262 1983 1329 puniendos.
2014 1262 2093 1314 Ab

548 1358 664 1413 aliis
694 1372 820 1410 vero
853 1356 1065 1409 clericis
1094 1368 1425 1421 nequaquam
1472 1352 1522 1405 id
1575 1352 1829 1415 exigunt;
1875 1350 1969 1403 sed
2028 1350 2095 1403 ab

454 1488 457 1489 ν
548 1460 863 1514 unoquoque
911 1442 1152 1497 ecclesiae
1202 1455 1311 1494 suae
1358 1442 1799 1494 consuetudinem
1838 1441 1888 1492 in
1924 1456 1988 1492 ea
2040 1453 2097 1492 re

554 1538 755 1592 servari
798 1537 1001 1602 iubent.
1045 1534 1219 1602 Atque
1269 1532 1353 1585 hic
1400 1545 1613 1602 quoque
1659 1532 2095 1585 consuetudinem

548 1634 654 1681 vim
696 1626 826 1695 legis
856 1625 1100 1678 obtinere
1148 1624 1591 1675 animadvertere.
1644 1619 1719 1675 De
1763 1620 2095 1683 continentia

547 1732 706 1787 porro
736 1732 761 1767 a
797 1714 1032 1782 propriis
1061 1713 1315 1765 uxoribus
1342 1710 1621 1772 servanda,
1661 1723 1726 1762 ne
1754 1723 1873 1762 cum
1910 1709 1975 1762 iis
2002 1722 2098 1776 per

551 1820 756 1874 tempus
783 1803 995 1872 aliquod
1032 1801 1353 1855 conveniens
1382 1814 1493 1853 rem
1526 1798 1791 1864 habeant,
1817 1800 1907 1867 qui
1940 1812 2095 1853 sacra

552 1900 800 1958 tractant,
826 1894 1016 1945 tertius
1042 1890 1278 1942 decimus
1312 1897 1477 1941 sextze
1509 1888 1723 1955 synodi,
1750 1888 1877 1955 quin
1906 1896 1959 1940 et
1993 1896 2097 1939 ter-
2127 1874 2171 1931 Β

553 1986 658 2038 tius
680 1982 921 2052 Dionysii
952 1975 1305 2035 Alexandrini
1333 1976 1721 2045 archiepiscopi
1755 1989 1946 2041 canon,
1972 1976 2102 2029 ube-

552 2077 665 2129 rius
690 2075 977 2129 disserunt.

553 2330 775 2385 ARIST.
818 2349 837 2381 ε
882 2328 1163 2399 Episcopi,
1204 2326 1535 2397 presbyteri,
1585 2335 1638 2380 et
1670 2326 1879 2379 diaconi
1914 2341 1941 2379 a
1984 2338 2105 2393 pro-

632 2440 651 2472 ε
691 2422 820 2489 priis
854 2419 1109 2472 uxoribus
1144 2417 1461 2479 abstineant,
1491 2414 1569 2469 vel
1610 2414 1796 2468 ordine
1847 2414 2107 2467 ecclesia-

630 2530 647 2562 ε
687 2512 820 2565 stico
851 2511 1240 2563 ditnoveantur.
1264 2504 1472 2573 Reliqui
1502 2520 1630 2558 vero
1656 2504 1835 2557 clerici
1872 2506 1935 2557 ad
1968 2505 2105 2556 idem

632 2620 650 2652 ε
690 2615 754 2654 ne
780 2598 1170 2668 compellantur
1201 2614 1218 2650 :
1252 2598 1342 2650 sed
1374 2596 1701 2649 consuetudo
1729 2596 2095 2648 observetur.»

626 2779 722 2835 Hic
768 2794 941 2833 canon
974 2779 1037 2831 de
1067 2777 1316 2830 omnibus
1346 2776 1462 2829 sine
1491 2775 1832 2829 distinctione
1881 2774 2063 2827 statuit
2090 2812 2105 2837 ,

555 2872 842 2939 cpiscOpis,
881 2870 1227 2937 presbyteris.
1266 2877 1319 2921 et
1360 2868 1600 2921 diaconis
1658 2866 1950 2920 secundum
1977 2880 2105 2933 pro-

556 2964 668 3030 pria
706 2971 946 3027 tempora
989 2974 1016 3011 a
1045 2959 1155 3012 suis
1183 2958 1452 3012 abstinere
1482 2958 1753 3010 uxoribus.
1788 2960 1854 3007 At
1899 2955 2104 3008 duode-

554 3055 727 3106 cimus
760 3060 928 3104 sexta:
955 3050 1003 3101 in
1038 3046 1220 3100 Trullo
1264 3049 1450 3116 synodi
1493 3061 1662 3099 canon
1692 3046 1957 3112 episcopis
2001 3059 2104 3097 non

554 3141 836 3211 permittit,
870 3146 1156 3208 postquam
1193 3138 1257 3189 ad
1302 3137 1667 3204 episcopatum
1718 3135 1949 3186 ordinati
1987 3132 2105 3185 l‘ue-

555 3241 698 3295 runt,
750 3245 867 3282 cum
920 3230 1032 3281 suis
1065 3228 1324 3280 uxoribus
1369 3227 1678 3278 cohabitare
1714 3262 1729 3287 ,
1763 3238 1828 3276 ne
1854 3222 2105 3276 oll'ensio-

555 3337 674 3375 nem
706 3330 759 3374 et
804 3317 1110 3372 scandalum
1141 3316 1335 3368 exinde
1364 3315 1570 3383 populis
1600 3313 1809 3365 darent.
1858 3312 1928 3363 At
1967 3312 2112 3377 ejus-

556 3413 676 3465 dem
707 3410 893 3479 synodi
931 3422 1101 3461 canon
1140 3404 1205 3457 t3
1244 3406 1461 3457 mandat
1495 3404 1818 3472 presbyteris
1854 3413 1907 3455 et
1935 3402 2113 3455 diaco-

560 3499 669 3560 nis,
704 3512 823 3548 cum
850 3496 1184 3548 ordinatione
1218 3494 1513 3545 habeantur
1543 3493 1707 3558 digni,
1756 3506 1784 3542 a
1838 3490 1947 3543 suis
1984 3503 2114 3542 uxo-

558 3590 705 3641 ribus
758 3588 1010 3640 secedere
1070 3598 1178 3635 non
1229 3583 1501 3652 proﬁteri;
1557 3581 2007 3649 quemadmodum
2060 3581 2113 3633 in

559 3680 917 3733 Romanorum
968 3676 1201 3729 Ecclesia
1237 3676 1458 3727 canonis
1488 3675 1553 3725 ad
1598 3675 1769 3726 instar
1804 3674 1927 3725 illud
1976 3673 2115 3726 obtio

561 3781 746 3823 unerat
777 3770 905 3823 :sed
939 3782 1056 3820 cum
1090 3767 1153 3819 iis
1186 3766 1452 3829 habitare,
1480 3774 1533 3817 et
1568 3776 1743 3817 mutua
1769 3764 2111 3837 convenienti

562 3872 803 3927 tempore
828 3857 1237 3910 conversatione
1270 3870 1374 3908 non
1409 3855 1629 3922 privari.
1678 3852 1975 3905 Prmvalent
2018 3854 2119 3905 ita-

558 3966 660 4017 que
701 3949 787 4002 isti
832 3962 1088 4014 canones,
1118 3957 1169 4000 et
1203 3947 1492 3999 secundum
1539 3958 1632 3997 eos
1676 3943 1913 3997 Ecclesia
1960 3943 2120 3997 hodie

556 4037 912 4107 gubernatur.

1079 4288 1302 4344 CANON
1338 4287 1572 4343 LXXIV.

568 4404 580 4427 ‹
627 4385 697 4436 De
731 4383 815 4445 iis,
848 4383 937 4449 qui
974 4381 1217 4449 praprios
1261 4379 1483 4448 populos
1526 4377 1854 4446 relinquunt.
1910 4380 2122 4434 Rursus

637 4492 653 4522 ι
698 4474 915 4541 placuit.
946 4482 1002 4523 ut
1030 4469 1160 4522 nulli
1185 4469 1343 4521 liceat
1364 4468 1639 4535 episcopo,
1666 4470 1844 4521 relicta
1869 4484 1965 4523 sua
1994 4472 2122 4522 sede

636 4583 652 4613 ι
693 4563 995 4632 principali,
1052 4562 1116 4613 ad
1171 4561 1402 4625 aliquam
1452 4559 1736 4612 ecclesiam
1794 4561 1848 4612 in
1902 4560 2118 4613 dimcesi

634 4672 650 4702 ε
690 4654 1034 4704 constitutam
1070 4650 1302 4717 seipsum
1330 4649 1600 4714 conferre;
1630 4650 1710 4703 vel
1732 4652 1795 4703 de
1828 4665 1881 4703 rc
1906 4653 2121 4719 propria

638 4762 657 4793 ‹
696 4745 973 4811 plusquam
1001 4752 1209 4811 oportet
1230 4742 1480 4807 sollicito,
1508 4743 1734 4811 propriae
1764 4743 1907 4796 sedis
1939 4757 2121 4795 curam

635 4854 651 4884 ι
690 4844 742 4887 et
778 4833 1185 4889 sollicitudinem
1218 4831 1508 4899 negligere.
1542 4850 1560 4882 ι

635 5115 825 5168 BALS.
859 5117 1080 5180 Quidam
1102 5116 1336 5186 episcopi
1368 5131 1491 5170 suas
1517 5114 1814 5185 pritnitivas
1836 5120 2122 5174 cathedras

567 5206 946 5272 relinquentes,
988 5206 1041 5257 in
1068 5206 1272 5273 aliquas
1305 5207 1438 5258 alias
1467 5207 1725 5259 ecclesias
1766 5208 2123 5274 parmciarum

564 5298 628 5347 ad
654 5310 711 5348 se
742 5297 1142 5363 pertinentium,
1174 5310 1289 5363 qua:
1311 5307 1458 5348 erant
1488 5296 1624 5349 forte
1666 5298 1833 5365 magis
1858 5300 2127 5365 populosae

565 5396 655 5439 aut
692 5386 908 5454 majoris
943 5385 1207 5447 redditus,
1240 5400 1297 5437 se
1349 5385 1723 5448 conferebant,
1748 5397 1799 5440 et
1832 5387 1941 5441 illic
1975 5389 2129 5441 sede-

566 5480 712 5530 bant.
747 5476 1064 5528 Statuerunt
1088 5490 1217 5543 ergo
1264 5475 1466 5538 Patres,
1509 5478 1639 5529 nulli
1692 5478 1853 5532 licere
1889 5479 1989 5532 hoc
2039 5479 2124 5531 l'a-

569 5582 694 5622 cere
732 5582 744 5617 :
774 5567 866 5620 sed
904 5582 1075 5635 neque
1108 5568 1305 5635 proprii
1338 5569 1532 5635 negotii
1560 5569 1730 5637 gratia
1762 5569 2037 5622 discedere
2062 5569 2130 5622 ab

568 5672 650 5721 ea,
686 5671 804 5725 quis
835 5656 980 5707 illum
1012 5656 1098 5707 diu
1129 5655 1319 5708 sortita
1358 5665 1460 5720 est,
1501 5665 1553 5707 et
1578 5655 1655 5708 sic
1690 5655 1953 5725 populum
1988 5656 2130 5710 assi-

571 5750 671 5803 due
703 5747 921 5803 docendi
970 5761 1153 5801 curam
1205 5761 1307 5802 non
1352 5761 1557 5816 gerere.
1596 5746 1660 5801 Et
1698 5747 1754 5802 in
1787 5748 1869 5803 bis
1900 5748 2123 5817 quidem

2199 639 2516 708 ήπράκτησε
2547 640 2613 691 δι’
2644 640 2830 709 ἓτερον
2872 639 3027 705 λόγον
3060 638 3166 691 άπὸ
3196 636 3416 705 Νεαρᾶς
3458 632 3553 686 τοῦ
3613 631 3791 699 φιλο-

2202 728 2363 795 σόφου
2389 728 2553 797 κυροῦ
2576 727 2821 791 Λέοντος,
2858 728 2925 796 ἢν
2974 730 3066 779 καί
3108 726 3381 795 ἀνάγνωθι
3442 737 3787 790 καταστρω-

2199 816 2382 869 θείσαν
2410 818 2467 867 ἰν
2506 816 2818 884 ἑρμηνείαις
2845 814 3115 882 διαφόρων
3144 815 3405 866 κανόνων.

2270 906 2515 960 ΖΩΝΑΡ.
2552 904 2841 956 Κάνταῦθα
2869 907 2917 956 ot
2959 903 3195 965 Πατέρες
3220 898 3365 955 οὗτοι
3391 902 3523 971 περὶ
3554 902 3783 968 ἔγκραο

2203 994 2346 1056 τείας
2389 994 2486 1061 τῆς
2541 993 2677 1062 πρὸς
2717 994 2813 1055 τὰς
2847 992 3055 1045 ἑαυτῶν
3100 992 3346 1060 γαμετὰς
3380 991 3787 1043 διατάττοντας.

2198 1085 2307 1144 τοῖς
2337 1084 2675 1152 ἰερωμένοις,
2700 1082 2792 1135 καί
2834 1098 2967 1149 φασι
2997 1082 3105 1135 δεῖν
3130 1084 3258 1144 τοὺς
3302 1081 3641 1144 ἑπισκόπους
3679 1078 3791 1134 καὶ

2199 1174 2600 1243 πρεσϐυτέρους
2626 1174 2718 1224 καὶ
2746 1173 3030 1234 διακόνους
3053 1172 3354 1241 ἀπέχεσθαι
3386 1173 3479 1224 καὶ
3529 1174 3595 1225 ὲκ
3660 1171 3791 1223 τῶν

2200 1264 2342 1316 ἰδίων
2371 1264 2620 1332 γαμετῶν
2647 1262 2784 1314 κατὰ
2812 1264 2935 1324 τοὺς
2977 1263 3136 1324 ἰδίους
3182 1263 3361 1332 ὄρους,
3412 1262 3578 1331 ἧγουν
3625 1260 3790 1313 κατὰ

2197 1356 2293 1417 τὰς
2318 1354 2622 1423 ὡρισμένας
2650 1353 2862 1423 ἡμέρας
2884 1354 2980 1422 τῆς
3002 1354 3229 1407 ῑκάστου
3269 1352 3592 1423 ἐφημερίας,
3642 1350 3791 1409 τοὺς

2197 1446 2252 1499 δὲ
2311 1445 2385 1513 μὴ
2436 1444 2591 1497 τοῦτο
2631 1443 2913 1507 ποιοῦντας
2969 1444 3365 1512 καθαιρεῖσθαι.
3428 1444 3609 1513 Ὅπερ
3642 1443 3793 1504 τοὺς

2198 1534 2413 1595 λοιποὺς
2456 1534 2747 1603 κληρικοὺς
2796 1535 3235 1603 παραφυλάττειν
3277 1534 3376 1586 οὒκ
3446 1533 3788 1595 ἀπαιτοῦσι,

2200 1626 2371 1677 ποιεῖν
2428 1623 2472 1675 δ’
2510 1625 2745 1687 ἐκείνους
2769 1625 3005 1695 ὁρίζουσι
3048 1626 3186 1678 κατὰ
3210 1625 3305 1693 τὴν
3342 1622 3441 1693 τῆς
3467 1624 3791 1692 ἐκκλησίας

2198 1716 2255 1767 ἐν
2299 1710 2585 1785 ᾖὲκαστος
2622 1714 3018 1785 ἐχειροτονήθη,
3052 1716 3359 1785 συνήθειαν.
3394 1715 3536 1783 Ὀρα
3581 1714 3792 1766 τοίνυν

2201 1806 2475 1859 κάνταῦθα
2500 1806 2559 1858 τὸ
2594 1804 2711 1868 ἔθος
2755 1805 2829 1868 ὡς
2858 1806 3015 1874 νόμον
3052 1806 3302 1874 κρατοῦν.
3352 1806 3463 1859 Καὶ
3511 1807 3539 1859 ὁ
3568 1812 3669 1873 ιγ’
3720 1806 3790 1859 δὲ

2199 1896 2374 1950 κανὼν
2402 1897 2499 1961 τῆς
2526 1895 2689 1964 ἕκτης
2736 1895 2954 1947 συνόδου
2998 1894 3323 1964 πλατύτερον
3363 1894 3581 1960 διέξεισι
3637 1897 3793 1963 περὶ

2199 1985 2296 2054 τῆς
2332 1985 2653 2053 ἐγκρατείας
2701 1983 2808 2036 τῶν
2857 1985 3000 2036 ἰδίων
3060 1982 3334 2052 γαμετῶν,
3396 1982 3534 2035 ὥστε
3584 1985 3792 2036 αὐτῶν

2199 2076 2493 2145 ἀπέχεσθαι
2539 2076 2679 2127 κατὰ
2739 2073 2829 2126 τὸν
2859 2073 3045 2143 καιρὸν
3089 2072 3178 2125 τὸν
3249 2074 3593 2140 προσήκοντα
3640 2073 3791 2133 τοὺς

2199 2168 2558 2235 ψηλαφῶντας
2586 2166 2652 2217 τὰ
2682 2165 2832 2232 ἅγια,
2865 2164 3004 2216 ἀλλὰ
3029 2164 3121 2216 καὶ
3152 2163 3179 2215 ό
3221 2160 3269 2230 ’ί
3315 2162 3495 2216 κανὼν
3534 2161 3631 2214 τοῦ
3675 2163 3793 2232 ἀρ·

2200 2255 2548 2323 χιεπισκόπου
2585 2252 2980 2323 Ἀλεξανδρείας
3016 2252 3339 2305 Διονουσίου.

2202 2343 2425 2396 ΑΡΙΣΤ.
2466 2363 2485 2395 r
2522 2344 2858 2405 Ἐπίσκοποι,
2890 2342 3251 2412 πρεσϐύτεροι
3276 2342 3369 2394 καὶ
3396 2340 3635 2395 διάκονοι
3663 2343 3791 2396 τῶν

2281 2450 2298 2482 ι
2348 2432 2491 2483 ἰδίων
2522 2434 2774 2499 γαμετῶν
2809 2432 3221 2499 ἀπεχέσθωσαν,
3251 2432 3283 2499 ἢ
3322 2430 3424 2492 τῖς
3466 2432 3790 2499 ἐκκλησια-

2281 2539 2298 2571 ε
2348 2522 2535 2586 στικῆς
2585 2522 3047 2574 ἁποκινείσθωσαν
3090 2520 3315 2585 τάξεως.
3373 2523 3433 2573 Οἰ
3485 2522 3671 2574 λοιποὶ
3724 2522 3792 2574 δὲ

2279 2629 2296 2660 t
2347 2611 2595 2680 κληρικοὶ
2617 2611 2751 2679 πρδς
2778 2612 2934 2663 τοῦτο
2968 2612 3041 2680 μὴ
3074 2611 3569 2678 άναγκαζέσθωσαν
3592 2627 3606 2641 ⁸
3650 2610 3788 2663 ἀλλ’

2283 2716 2300 2747 ε
2347 2699 2377 2766 ή
2414 2698 2663 2765 συνήθεια
2696 2697 3066 2763 φυλαττέσθω.
3104 2717 3123 2749 ε

2276 2779 2443 2846 Οὗτος
2468 2787 2495 2836 ό
2522 2783 2699 2836 κανὼν
2730 2787 2857 2855 περὶ
2890 2787 3106 2838 πάντων
3138 2786 3502 2847 ἀδιαστίκτως
3548 2788 3791 2841 διατάτ-

2208 2892 2378 2938 τεται,
2411 2876 2740 2942 ἐπισκόπων,
2779 2877 3161 2945 πρεσϐυτέρων
3189 2879 3281 2930 καί
3317 2880 3600 2942 διακόνων,
3629 2880 3791 2932 κατὰ

2211 2965 2335 3026 τοὺς
2365 2964 2527 3026 ἰδίους
2548 2966 2727 3032 ὅρους,
2770 2965 2875 3017 τῶν
2911 2966 3054 3018 ίδίων
3080 2968 3383 3035 ἀπέχεσθαι
3413 2968 3673 3036 γαμετῶν
3695 2987 3711 3001 ο
3754 2971 3787 3022 ὁ

2208 3052 2262 3103 δὲ
2288 3052 2582 3111 δωδέκατος
2618 3050 2799 3105 κανὼν
2828 3054 2924 3122 τῆς
2971 3056 3027 3105 ὲν
3068 3055 3143 3122 τῷ
3171 3055 3425 3125 Τρούλλῳ
3458 3056 3620 3127 ἕκτης
3651 3075 3794 3111 συν-

2210 3142 2327 3193 όδου
2356 3142 2415 3191 οὐ
2451 3144 2722 3209 συγχωρεῖ
2749 3144 2857 3202 τοῖς
2892 3145 3205 3205 ἐπισκόποις
3236 3147 3373 3212 μετὰ
3436 3146 3534 3216 τήν
3569 3149 3788 3214 προελ-

2215 3228 2411 3280 θοῦσαν
2459 3227 2543 3277 ἐπ’
2578 3228 2759 3288 αὐτοῖς
2806 3232 2901 3297 τῆς
2936 3230 3240 3298 δπισκοπῆς
3279 3233 3616 3299 χειροτονίαν
3654 3238 3791 3299 ταῖς

2219 3318 2377 3379 ἰδίαις
2418 3319 2683 3371 συνοικεῖν
2719 3319 3019 3387 γαμεταῖς·
3060 3320 3146 3371 ἴνα
3190 3320 3263 3389 μὴ
3298 3322 3636 3392 πρόσκομμα
3664 3328 3789 3386 τοῖς

2212 3407 2359 3467 λαοῖς
2405 3406 2652 3461 ἐντεῦθεν
2694 3403 2795 3460 ὦσι
2837 3410 3077 3471 τιθέντες
3125 3413 3218 3463 καὶ
3264 3413 3584 3466 σκάνδαλον.
3626 3415 3690 3466 '0
3725 3418 3787 3469 δὲ

2213 3496 2659 3565 τρισκαιδέκατος
2688 3497 2786 3563 τῆς
2815 3498 2983 3566 αὐτῆς
3016 3498 3231 3551 συνόδου
3280 3500 3460 3552 κανὼν
3491 3504 3785 3570 προστάτ-

2214 3603 2293 3638 τει
2339 3588 2463 3647 τοὺς
2507 3587 2911 3657 πρεσϐυτέρους
2959 3588 3052 3641 καλ
3082 3590 3363 3652 διακόνους
3412 3593 3487 3661 μὴ
3530 3594 3787 3663 καθομο-

2216 3674 2415 3741 λογεῖν,
2443 3677 2500 3728 ὲν
2522 3676 2598 3741 τῷ
2632 3674 2912 3739 ἀξιοῦσθαι
2943 3675 3041 3741 τῆς
3084 3680 3439 3745 χειροτονίας,
3473 3680 3581 3730 τῶν
3625 3682 3783 3733 ἰδίων

2216 3765 2550 3831 ἀφίστασθαι
2599 3765 2875 3835 γαμετῶν,
2902 3766 3081 3828 καθὼς
3120 3768 3175 3817 ιν
3211 3770 3276 3837 τῇ
3324 3770 3614 3838 Ῥωμαίων
3651 3768 3785 3824 Ἐκ-

2219 3852 2415 3923 κλησίᾳ
2445 3856 2503 3906 ἑν
2531 3853 2679 3916 τάξει
2720 3855 2941 3916 κανόνος
2970 3854 3127 3907 τοῦτο
3156 3856 3444 3925 ἐκράτησε⁸
3475 3857 3613 3910 ἀλλὰ
3643 3876 3786 3911 συν-

2218 3946 2388 3994 οικεῖν
2444 3945 2657 4004 αὐταῖς,
2717 3944 2809 3995 καί
2877 3944 2952 4012 μὴ
2997 3944 3416 4012 ἀποστερεῖσθαι
3480 3949 3579 4015 τῆς
3640 3949 3791 4019 πρὸς

2219 4035 2480 4102 ἀλλήλους
2532 4035 2673 4087 κατὰ
2725 4035 2915 4105 καιρὸν
2978 4035 3069 4087 τὸν
3125 4039 3468 4106 προσήκοντα
3534 4038 3787 4106 ὁμιλίας.

2220 4124 2526 4192 Κρατοῦσιν
2554 4124 2642 4177 οὖν
2673 4126 2721 4177 οί
2753 4128 2987 4191 κανόνες
3026 4128 3247 4191 ἐκεῖνοι,
3285 4127 3379 4180 καὶ
3421 4129 3541 4179 κατ’
3576 4130 3789 4192 αὐτοὺς

2221 4214 2511 4285 σήμερονή
2558 4214 2847 4285 Ἐκκλησία
2880 4217 3245 4272 πολιτεύεται.

2813 4308 3045 4363 ΚΑΝΩΝ
3082 4306 3198 4363 ΟΔ’.

2228 4410 2246 4442 ι
2284 4393 2418 4463 Περὶ
2456 4394 2564 4446 τῶν
2602 4395 2726 4455 τοὺς
2771 4395 2931 4457 ἰδίους
2960 4397 3123 4458 λαοὺς
3159 4399 3794 4469 ὲγκαταλιμπανόντων.

2299 4502 2317 4533 ε
2362 4483 2529 4534 Πάλιν
2569 4484 2787 4553 ἣρεσεν,
2815 4485 2955 4538 ὥστε
3010 4488 3201 4557 μηδενὶ
3230 4490 3433 4553 ἐξεῖναι
3471 4491 3792 4563 ἑπισκόπῳ,

2298 4592 2316 4623 ε
2358 4574 2812 4645 καταλειφθείσης
2872 4578 2969 4647 τῆς
3055 4580 3375 4651 αὑθεντικῆς
3429 4585 3593 4637 αὐτοῦ
3647 4584 3798 4641 καθ-

2299 4681 2317 4713 ‹
2363 4664 2540 4731 έδρας,
2576 4668 2709 4734 πρός
2745 4684 2863 4719 τινα
2910 4669 3206 4739 ἐκκλησίαν
3265 4675 3323 4726 ὲν
3357 4674 3619 4745 διοικήσει
3646 4678 3795 4730 καθ-

2298 4771 2316 4802 t
2361 4754 2603 4805 εστῶσαν
2690 4756 2883 4808 ἑαυτὸν
2957 4760 3252 4829 ἀποφέρειν
3298 4778 3313 4793 ·
3367 4765 3400 4833 ἢ
3469 4770 3527 4818 ὲν
3595 4769 3793 4839 οἰκείῳ

2300 4862 2317 4893 r
2364 4844 2668 4911 πράγματι,
2697 4846 2835 4915 ὑπὲρ
2860 4846 2886 4897 ὃ
2914 4847 3285 4915 χρὴ,ὲπιπολὺ
3313 4854 3794 4927 άπασχολουμένῳ

2303 4952 2321 4985 ι
2364 4935 2583 5006 ἀμελεῖν
2631 4935 2729 5003 τῆς
2781 4938 3059 5005 φροντίδος
3102 4939 3196 4991 καὶ
3234 4941 3335 5003 τῆς
3382 4946 3660 5011 συνεχείας
3690 4947 3796 5002 τοῦ

2304 5043 2322 5075 ε
2375 5024 2504 5076 ἰδίου
2533 5025 2744 5094 θρόνου.
2787 5044 2809 5077 ε

2296 5115 2493 5167 ΒΑΛΣ,
2549 5115 2703 5177 Τινὶς
2754 5115 3069 5182 ἐπίσκοποι,
3123 5121 3632 5191 καταλιμπάνοντες
3690 5131 3797 5195 τὰς

2229 5204 2613 5274 πρωτοτύπους
2633 5206 2895 5274 καθέδρας
2926 5209 3123 5272 αὐτῶν,
3147 5210 3465 5280 ἀπήρχοντο
3491 5222 3583 5270 καὶ
3606 5236 3795 5293 προσ-

2230 5295 2497 5364 εκάθηντο
2562 5296 2640 5357 είς
2690 5314 2842 5359 τινας
2892 5300 3085 5368 ἑτέρας
3135 5302 3435 5370 ἐκκλησίας
3487 5313 3804 5378 παροικιῶν

2230 5387 2545 5453 ἁνηκουσῶν
2594 5390 2813 5452 αὐτοῖς,
2846 5391 3404 5464 πολυανθρωποτέρας
3455 5399 3587 5462 ῐσως
3628 5402 3805 5469 οῠσας

2231 5479 2263 5545 ἢ
2314 5485 2411 5533 καὶ
2464 5481 2996 5551 πολυεισοδωτέρας’
3053 5483 3258 5553 ὥρισαν
3314 5483 3407 5541 οὖν
3458 5491 3508 5542 et
3554 5493 3805 5566 Πατέρες

2236 5572 2424 5641 μηδενὶ
2459 5573 2743 5643 ὲπιεκόπῳ
2791 5574 2990 5639 ἐξεῖναι
3047 5578 3205 5630 τοῦτο
3262 5582 3462 5647 ποιεῖν,
3489 5583 3629 5636 ἀλλὰ
3662 5587 3804 5653 μηδέ

2234 5664 2391 5732 χάριν
2435 5663 2744 5728 ὑποθέσεως
2797 5668 3004 5729 οἰκείας
3056 5670 3535 5739 ἀπολιμπάνεσθαι
3593 5677 3660 5727 ἐκ
3703 5677 3807 5745 τῆς

2235 5754 2504 5825 λαχούσης
2561 5756 2719 5809 αὐτὸν
2754 5757 2841 5809 ἐπὶ
2873 5758 3034 5823 πολὺ,
3073 5762 3169 5814 καὶ
3225 5761 3401 5829 οὕτως
3451 5767 3677 5838 ἀμελεῖν
3703 5769 3809 5826 τοῦ
