4000 6450
202 414 300 478 273

1211 429 1293 492 IN
1331 426 1497 493 CAN.
1537 428 1769 492 LXXIV
1807 429 2013 493 CONC.
2047 435 2419 498 CARTHAG.

3325 436 3430 500 274

202 532 431 599 συνεχῶς
452 533 720 589 διδάσκειν
749 536 844 591 τδν
873 538 1072 593 οἰκεῖον
1094 539 1366 595 meum
1393 543 1420 594 ό
1449 541 1548 610 μέν
1576 540 1754 594 κανὼν

1863 552 2110 599 versatur
2138 560 2336 602 canon.
2373 547 2796 617 lnterrogaverit
2818 550 3002 603 autem
3026 545 3318 614 quispiam,
3355 564 3423 600 an

199 628 253 678 ἐν
285 625 844 698 τούτοις.Ἐρωτήσει
902 629 962 683 δέ
1022 648 1128 694 τις,
1155 635 1202 684 εί
1254 632 1323 685 τά
1380 631 1476 684 τοῦ
1535 632 1760 694 κανόνος

199 716 375 785 ἐχουσι
404 718 589 788 χώραν
621 719 717 774 καὶ
774 722 858 783 εἰς
908 721 1036 785 τοὺς
1074 721 1454 785 ἀπολέσαντας
1487 723 1763 792 ἀρχιερεῖς

199 809 290 869 τὰς
342 810 740 894 πρωτοτύπους
799 809 1069 883 καθέδρας
1123 812 1328 874 αὐτῶν,
1355 813 1433 876 ὡς
1490 829 1764 882 κατασχε-

199 900 378 962 θείσας
407 900 510 954 ὑπὸ
537 901 742 955 ἐθνῶνο
785 902 882 956 καὶ
918 903 1172 957 δύνανται
1200 897 1346 957 οὗτοι
1387 904 1762 974 ἀποκριματί-

199 1005 330 1050 στως
367 991 730 1057 μεταπίπτειν
758 993 840 1054 εἰς
872 992 1168 1060 ἐκκλησίας
1207 993 1507 1063 παροικιῶν
1548 993 1756 1059 αὐτῶνς

199 1081 403 1144 Adone.
427 1080 582 1141 Τινές
606 1074 766 1135 εἷπον
806 1081 1065 1135 δύνασθαι
1105 1082 1265 1136 τοῦτο
1309 1085 1481 1136 ποιεῖν
1513 1083 1602 1137 τὸν
1641 1083 1763 1137 ἐπί·

198 1185 394 1221 σκοπον
418 1169 747 1232 αὖτοθελῶς.
780 1172 999 1241 Ἐτιιροι
1029 1170 1182 1226 εἷπον
1206 1171 1420 1227 δέεσθαι
1452 1173 1642 1226 τοῦτον
1663 1174 1760 1226 καὶ

199 1259 475 1326 συνοδικῆς
503 1259 871 1325 διαγνώσεως.
917 1261 1098 1314 Ἀλλοι
1140 1263 1234 1315 καὶ
1278 1263 1365 1316 διά
1407 1263 1761 1333 προστάξεως

199 1347 482 1417 βασιλικῆς
510 1349 670 1403 τοῦτο
708 1352 956 1419 γίνεσθαι
991 1347 1168 1407 εἷπον.
1201 1353 1355 1422 Ἐμοὶ
1387 1354 1443 1407 δὲ
1489 1353 1636 1408 δοκεῖ
1660 1353 1757 1418 ὼς,

195 1439 242 1490 εί
269 1438 366 1506 μὲν
395 1441 424 1491 ό
447 1439 694 1503 τοιοῦτος
719 1441 1124 1512 μητροπολίτης
1156 1443 1405 1513 βούλεται
1429 1449 1761 1515 μεταπεσεῖν

195 1531 273 1590 εἰς
315 1528 508 1597 θρόνον
541 1532 853 1600 ἐπισκοπῆς
895 1533 1080 1598 αὐτοῦ,
1105 1535 1193 1588 διά
1240 1536 1300 1589 τὸ
1351 1537 1759 1606 κατασχεθῆναι

197 1619 344 1688 παρά
392 1619 569 1672 ἐθνῶν
646 1621 746 1692 τὴν
801 1624 1158 1694 πρωτότυπον
1197 1627 1493 1698 ἐκκλησίαν
1547 1628 1757 1694 τούτου,

196 1711 392 1777 ὀφείλει
419 1711 560 1779 μετά
596 1711 886 1783 βασιλικῆς
930 1716 1277 1785 προστάξεως
1332 1718 1426 1773 καὶ
1477 1720 1761 1791 συνοδικῆς

194 1799 537 1867 διαγνώσεως
593 1803 652 1855 ἐν
692 1803 869 1875 ταύτῃ
911 1805 1416 1861 ἀποκαθίστασθαι·
1444 1808 1635 1878 ὥσπερ
1665 1810 1762 1878 γέ-

196 1908 314 1956 γονε
370 1891 534 1946 τοῦτο
589 1895 672 1958 εἰς
715 1895 808 1948 τὸν
852 1898 1254 1968 μητροπολίτην
1301 1900 1758 1970 Νεοκαισαρείας,

194 1985 314 2036 ἀντὶ
354 1983 703 2054 καθίσματος
748 1985 941 2057 ἔχοντα
985 1988 1084 2060 τὴν
1124 1989 1332 2043 οἰκείαν
1362 1992 1672 2062 ἐπισκοπὴν
1697 1993 1758 2047 τὸ

195 2075 432 2128 οῖναιον·
452 2077 534 2139 εἰς
563 2076 657 2130 τδν
689 2078 1091 2148 μητροπολίτην
1127 2081 1393 2147 Πισιδίας,
1419 2081 1758 2153 Ἀντιοχείας

191 2163 288 2234 τὴν
333 2167 649 2231 Σωζόπολιν
692 2169 930 2224 λαϐόντα
970 2173 1049 2234 εἰς
1090 2173 1373 2244 κάθισμα,
1406 2175 1502 2228 καὶ
1537 2176 1762 2246 ἐτέρους

198 2254 446 2318 πολλούς.
487 2255 548 2310 Εἰ
575 2258 633 2311 δέ
667 2260 699 2328 ἡ
731 2259 996 2330 παροικία
1035 2262 1095 2316 οὐ
1145 2263 1430 2334 τετίμηται
1461 2264 1549 2318 διά
1570 2266 1762 2338 θρόνου

195 2347 560 2402 ἰπισκοπικοῦ
608 2350 698 2404 διά
740 2351 911 2423 μόνης
961 2353 1250 2424 συνοδικῆς
1282 2355 1645 2424 διαγνώσεως,
1675 2358 1764 2412 ίνα

196 2440 510 2511 ἐγκαταστῇ
545 2443 627 2506 εἰς
664 2442 855 2512 αὐτὴν,
890 2447 985 2498 καὶ
1008 2446 1108 2500 οὐκ
1146 2446 1474 2512 αὐτοθελῶς,
1503 2447 1578 2511 ὥς
1611 2465 1761 2513 τινες

197 2529 446 2597 λέγουσιν
469 2549 484 2562 ο
521 2532 610 2584 ίνα
643 2533 718 2604 μὴ
748 2536 1051 2606 ἐναντιωθῇ
1080 2535 1157 2608 τῷ
1185 2537 1525 2609 ἀποστολικῷ
1553 2539 1760 2605 κανόνι,

195 2624 287 2677 καὶ
320 2626 438 2688 τοῖς
463 2625 697 2690 λοιποῖς⁹
726 2629 842 2690 τοῖς
869 2626 1260 2698 διοριζομὲνοις
1291 2631 1460 2700 μηδέν
1493 2649 1543 2685 τι
1575 2649 1763 2686 καινοεο

196 2715 359 2781 φανὶς
418 2720 598 2770 ποιεῖν
652 2718 743 2771 τὸν
789 2717 1086 2773 ἐπίσκοπον
1155 2722 1308 2789 παρά
1359 2721 1580 2790 γνώμην
1639 2739 1766 2775 συν-

193 2806 399 2877 οδικήν.
440 2807 564 2861 Ἔτι
595 2809 861 2878 ίρωτήσει
908 2826 1014 2871 τις,
1055 2811 1125 2876 εί,
1180 2811 1275 2865 τοῦ
1318 2813 1544 2875 κανόνος
1592 2813 1764 2866 ταῦτα

194 2896 575 2968 διορισαμένου
633 2899 858 2954 δύναται
939 2899 1276 2965 ἐπίσκοπος,
1331 2902 1422 2956 διά
1481 2901 1765 2973 βασιλικῆς

195 2987 544 3057 προστάξεως
573 2989 667 3041 καί⁵
693 2990 975 3061 συνοδικῆς
1004 2990 1372 3058 διαγνώσεως,
1395 2993 1760 3062 μεταπίπτειν

195 3078 302 3130 ἀπὺ
357 3078 458 3146 τῆς
515 3081 876 3148 πρωτοτύπου
949 3081 1218 3151 καθέδρας
1272 3082 1480 3146 αὑτοῦ,
1537 3086 1632 3137 καὶ
1686 3085 1761 3154 μὴ

1862 648 1980 701 quae
2011 635 2114 688 hoc
2141 649 2348 691 canone
2375 637 2624 692 dicuntur
2667 636 2840 690 locum
2895 637 3127 691 habeant
3170 635 3328 688 etiam
3372 636 3424 688 in

1860 724 2212 788 antistitibus,
2245 727 2334 793 qui
2387 742 2512 782 snas
2547 727 2848 796 primitivas
2879 726 3138 782 ecclesias
3171 727 3419 796 perdide-

1862 825 2006 879 runt,
2054 824 2114 869 ut
2163 832 2282 885 quas
2334 833 2363 870 a
2420 818 2664 887 gentibus
2701 825 2977 884 occupatae
3007 816 3208 872 fuerint
3241 834 3255 870 :
3285 833 3352 868 an
3388 815 3421 868 ii

1863 906 2068 973 possint
2093 906 2228 960 citra
2258 907 2628 976 praeiudicium
2660 909 2890 977 migrare
2917 908 2970 961 in
3008 908 3270 962 ecclesias
3299 922 3427 959 sua-

1862 1011 1979 1049 rum
2005 998 2403 1063 parmciarum?
2426 998 2659 1053 Salutio.
2687 998 2912 1063 Quidam
2940 997 3193 1051 dixerunt
3217 998 3428 1066 episco-

1859 1097 1985 1150 pum
2018 1098 2082 1138 ex
2134 1086 2352 1153 prapria
2400 1085 2672 1140 voluntate
2725 1086 2828 1140 hoc
2871 1084 3054 1139 facere
3089 1099 3268 1154 posse.
3321 1084 3427 1140 Alii

1861 1173 2109 1229 dicebant
2140 1189 2260 1228 eum
2308 1175 2473 1229 etiam
2528 1176 2774 1246 synodali
2821 1175 3126 1244 cognitione
3151 1189 3289 1242 opus
3328 1175 3430 1226 ha-

1859 1270 2006 1324 bere.
2037 1269 2139 1323 Alii
2171 1271 2334 1322 etiam
2363 1284 2458 1336 per
2485 1269 2794 1323 mandatum
2845 1268 3124 1336 imperiale
3177 1269 3278 1322 hoc
3310 1266 3425 1321 ﬁeri

1860 1359 2131 1416 dicebant.
2172 1360 2298 1414 Milli
2334 1369 2516 1413 autem
2567 1361 2781 1414 videtur
2826 1358 2967 1426 quod
3020 1359 3066 1414 si
3119 1357 3166 1411 is
3207 1357 3420 1426 quidem

1860 1450 2310 1520 metropolitanns
2337 1450 2447 1504 vult
2480 1451 2531 1504 in
2562 1451 2645 1504 sui
2696 1452 3041 1520 episcopatus
3093 1450 3272 1504 sedem
3325 1450 3421 1501 mi-

1861 1556 2037 1611 grare,
2070 1557 2134 1598 eo
2166 1544 2308 1610 quod
2362 1558 2389 1594 a
2427 1542 2676 1610 gentibus
2723 1543 2794 1598 sit
2845 1551 3107 1612 occupata
3152 1542 3424 1611 primitiva

1861 1644 2044 1686 eorum
2083 1632 2336 1695 ecclesia,
2385 1632 2539 1686 debet
2590 1647 2713 1686 cum
2776 1633 3028 1687 mandato
3073 1632 3337 1701 imperiali
3373 1645 3428 1686 et

1859 1720 2102 1793 synodali
2137 1720 2443 1789 cognitione
2474 1722 2527 1774 in
2556 1735 2617 1774 ea
2647 1721 2903 1774 cunstitui
2928 1740 2942 1776 :
2967 1721 3424 1789 quemadmodum

1861 1814 1917 1869 in
1945 1813 2305 1875 Neocaesarete
2356 1813 2768 1882 metropolitano
2798 1812 2998 1866 factum
3034 1821 3138 1877 est,
3183 1813 3272 1880 qui
3325 1829 3421 1882 pro

1862 1909 1989 1963 sede
2027 1908 2237 1976 accepit
2281 1906 2553 1974 proprium
2597 1905 2964 1974 episcopatum
3025 1904 3308 1970 (Ειιευως
3369 1905 3422 1958 in

1862 1999 2272 2068 metropolitano
2299 1998 2512 2053 Pisidiae
2536 1997 2858 2059 Antiochiae,
2891 1996 2980 2064 qui
3011 1995 3291 2062 Snzopolin
3324 2010 3421 2065 pro

1862 2088 1989 2144 sede
2018 2088 2261 2156 accepit;
2309 2097 2363 2144 et
2399 2087 2451 2141 in
2504 2086 2687 2142 multis
2729 2085 2873 2140 aliis.
2920 2085 3017 2140 Sin
3069 2092 3244 2138 autem
3299 2085 3426 2139 sede

1861 2183 2149 2254 episcopali
2202 2199 2308 2239 non
2357 2183 2456 2238 fuit
2507 2184 2769 2238 honorata
2807 2181 3059 2250 'parmcia
3109 2195 3204 2248 per
3250 2179 3419 2235 solam

1862 2275 2171 2347 synodalem
2199 2276 2578 2343 cognitionem,
2615 2283 2672 2328 ut
2702 2274 2756 2327 in
2787 2288 2850 2327 ea
2878 2272 3236 2326 constituatur
3272 2286 3284 2322 :
3325 2285 3424 2321 nec

1860 2378 1928 2418 ex
1959 2361 2172 2433 propria
2194 2360 2491 2426 voluntate,
2508 2359 2954 2429 quemadmodum
2978 2357 3192 2426 quidam
3216 2354 3422 2416 dicunt;

1864 2469 1932 2509 ne
1967 2453 2163 2508 canoni
2214 2452 2509 2521 apostolico
2551 2452 2888 2514 adversetur,
2936 2455 2990 2501 ct
3043 2445 3286 2514 reliquis,
3332 2445 3424 2512 qui

1861 2552 2106 2600 statuunt
2127 2542 2438 2612 episcopum
2467 2541 2597 2595 nihil
2643 2555 2799 2608 posse
2831 2541 3087 2592 innovare
3117 2544 3309 2604 praeter
3336 2549 3428 2604 sy-

1863 2635 2110 2691 nodalem
2149 2634 2492 2691 sententiam.
2519 2632 2784 2686 Praeterea
2830 2623 3249 2695 interrogaverlt
3272 2623 3425 2690 quis»

1863 2729 2027 2795 piam,
2055 2727 2096 2782 si
2129 2742 2252 2780 cum
2280 2739 2454 2779 canon
2489 2724 2602 2777 haec
2635 2721 2912 2782 decernat,
2939 2725 3115 2785 potest
3141 2714 3426 2783 episcopus

1860 2817 2028 2888 608
2063 2829 2155 2886 per
2184 2816 2488 2870 mandatum
2522 2810 2801 2880 imperiale
2822 2819 2876 2863 et
2897 2807 3208 2879 synodalem
3235 2803 3424 2873 cogni-

1866 2911 2062 2964 tionem
2109 2924 2137 2960 a
2169 2922 2265 2962 sua
2297 2904 2564 2974 prlmitiva
2597 2900 2722 2957 sede
2755 2899 3011 2968 migrare,
3056 2897 3186 2949 licet
3230 2909 3336 2946 non
3392 2907 3421 2944 ι

1864 2999 2111 3071 gentibus
2155 3004 2439 3063 occupata,
2470 2994 2524 3047 in
2553 2990 2862 3046 cathedram
2919 2989 3000 3040 sui
3056 2989 3423 3052 episcopatus,

1864 3092 1945 3144 vel
1975 3090 2027 3142 in
2063 3085 2343 3142 ecclesiam
2368 3097 2478 3138 suae
2508 3076 3046 3148 parmcim?Solutio.
3075 3073 3208 3127 Cum
3255 3072 3428 3137 impe—

195 3162 627 3234 κατασχεθείσης
652 3166 756 3217 ὑπὸ
794 3166 984 3234 ἐθνῶν,
1009 3168 1092 3231 είς
1138 3169 1407 3239 καθέδραν
1453 3173 1760 3242 ἐπισκοπῆς

1864 3182 2060 3236 ratoris
2107 3178 2355 3232 mandato
2390 3183 2446 3228 et
2494 3170 2736 3243 synodali
2787 3168 3092 3236 cognitiOne
3139 3174 3426 3229 utrumque

193 3253 380 3320 αὑτοῦ,
415 3255 450 3326 ἢ
500 3257 580 3318 εἰς
627 3255 924 3327 ἐκκλησίαν
967 3261 1261 3330 παροικίας
1295 3261 1508 3316 τούτου.
1545 3265 1759 3329 Λύσις.

1864 3274 2118 3342 episcopo
2148 3267 2471 3323 concedetur
2534 3279 2548 3315 :
2604 3260 2738 3314 alias
2794 3267 2993 3320 autem,
3046 3252 3190 3306 nullo
3244 3251 3423 3303 modo.

197 3345 346 3398 Μετά
373 3345 665 3418 βασιλικῆς
697 3348 1047 3418 προστάξεως
1075 3352 1173 3406 καὶ
1214 3353 1497 3425 συνοδικῆς
1525 3356 1760 3424 διαγνώ-

1865 3364 2152 3431 Propterea
2187 3358 2329 3414 enim
2363 3365 2416 3409 et
2448 3351 2884 3419 archiepiscopus
2918 3344 3092 3410 Derci,
3129 3357 3248 3394 cum
3286 3353 3426 3407 saepe

202 3454 330 3500 πως
361 3440 457 3492 καὶ
492 3440 780 3510 ἀμφότερα
820 3441 901 3511 τῷ
932 3442 1219 3514 ἐπισκόπῳ
1269 3447 1720 3516 ἐγχωρηθήσεται
1740 3461 1757 3481 ο

1864 3453 2137 3526 petivisset
2171 3459 2228 3504 ut
2264 3465 2291 3502 a
2316 3449 2487 3501 Derco
2515 3445 2744 3513 migrare
2789 3441 2996 3502 liceret,
3030 3439 3084 3488 in
3123 3431 3424 3500 emporium

196 3531 368 3592 άλλως
400 3533 460 3586 δέ
490 3550 606 3594 πως
629 3532 887 3602 οὐδαμοῦ.
918 3535 1016 3589 Διά
1045 3535 1204 3588 τοῦτο
1248 3535 1357 3604 γάρ
1392 3537 1484 3589 καί⁵
1514 3539 1542 3590 ὀ
1570 3539 1760 3608 ἀρχιε-

1864 3524 2005 3616 quod
2042 3544 2239 3598 dicitur
2271 3539 2508 3602 Phileas,
2539 3551 2604 3590 eo
2634 3533 2775 3602 quod
2811 3533 2861 3584 id
2906 3538 3051 3584 esset
3091 3524 3424 3616 p0pulosius,

197 3625 459 3684 t‘oxortoc
497 3621 701 3687 Δέρκου
731 3621 972 3693 ζητήσας
1003 3624 1264 3689 πολλάκις
1292 3628 1620 3694 μεταπεσεῖν
1643 3628 1751 3680 ἀπὸ

1864 3614 1968 3692 non
1999 3646 2082 3690 est
2111 3631 2414 3688 exauditus.
2443 3626 2608 3680 Porro
2645 3635 2699 3678 et
2741 3622 2829 3675 alii
2885 3618 3081 3674 diversi
3133 3614 3424 3672 antistites.

196 3715 398 3783 Δέρκου
433 3714 514 3776 είς
564 3714 628 3771 τδ
656 3713 927 3784 ἐμπόριον
965 3714 1054 3768 τὸν
1086 3715 1265 3786 Φίλον,
1311 3714 1400 3768 διὰ
1440 3715 1498 3768 τὸ
1530 3715 1763 3770 πολυάν-

198 3802 412 3869 θρωπον
431 3797 577 3854 εἶναι
609 3801 792 3866 τοῦτο,
824 3802 926 3855 οὐκ
975 3803 1327 3875 εἰσηκούσθη.
1359 3807 1466 3859 Καὶ
1519 3809 1668 3862 ἄλλοι
1701 3809 1760 3862 δὲ

197 3893 472 3962 ἀρχιερεῖς
499 3891 751 3962 διάφοροι
781 3894 1000 3964 πτωχάς
1037 3895 1138 3962 μὲν
1182 3897 1482 3966 ἐκκλησίας
1521 3898 1758 3968 ἔχοντες,

199 3986 552 4051 πλουτοῦντες
596 3983 890 4058 παροικίας
933 3985 1393 4056 πολυανθρώπους
1443 3991 1539 4044 καὶ
1596 3992 1761 4044 πλου-

201 4081 334 4144 σίας,
389 4080 487 4134 καί
537 4079 873 4148 ζητήσαντες
925 4077 1123 4142 τοῦτο,
1177 4079 1279 4132 οὐκ
1328 4080 1762 4152 εἰσηκούσθησαν

199 4173 279 4224 διὰ
303 4173 396 4225 τδν
430 4170 678 4239 παρόντα
704 4170 926 4223 κανόνα.
952 4168 1269 4239 Σημείωσαι
1314 4171 1512 4236 ταῦτα,
1540 4175 1636 4227 καὶ
1669 4174 1762 4243 ἔχε

201 4265 285 4315 ἐπὶ
335 4264 563 4333 μνήμης
591 4262 680 4315 διά
728 4262 826 4323 τὰς
877 4263 1214 4331 ζητουμὲνας
1288 4266 1607 4333 μεταθέσεις
1667 4268 1764 4320 καὶ⁵

199 4353 493 4421 γενομένας
517 4354 609 4405 ἐπὶ
637 4336 1120 4421 ἀρχιερεῦσίτισι.
1166 4355 1328 4422 Ζήτει
1371 4356 1467 4424 τῆς
1510 4358 1568 4408 ἐν
1616 4356 1767 4409 Χαλε-

204 4445 379 4514 κηδόνι
416 4443 642 4498 συνόδου
668 4442 896 4504 κανόνας
926 4441 990 4512 ιβ’
1013 4445 1108 4496 καὶ
1137 4441 1225 4509 ιζ’,
1245 4445 1504 4512 λέγοντας
1525 4445 1762 4515 ὀφείλειν

204 4539 316 4602 τοὺς
337 4539 435 4606 τῆς
451 4535 784 4606 Ἐκκλησίας
811 4535 1038 4588 ἕπεσθαι
1055 4539 1170 4601 τοῖς
1191 4537 1588 4607 διοριζομένοις
1611 4541 1763 4609 παρά

205 4632 292 4697 τῆς
346 4627 637 4699 βασιλικῆς
688 4626 952 4690 ἐξουσίας.
991 4627 1143 4680 Ἐπεὶ
1174 4629 1233 4681 δέ
1276 4631 1305 4682 ό
1345 4630 1537 4699 παρὼν
1584 4631 1763 4684 κανὼν

203 4719 485 4789 διορίζεται
513 4717 589 4787 μὴ
615 4715 918 4787 ἀποδημεῖν
947 4717 1038 4770 τὸν
1061 4719 1382 4782 ἐπίσκοπον,
1415 4723 1546 4787 παρ’
1570 4721 1598 4773 ὃ
1631 4720 1761 4792 χρὴ,

203 4809 301 4860 ἀπὸ
347 4808 448 4877 τῆς
505 4806 779 4876 λαχούσης
811 4807 974 4859 αὐτὸν
1002 4805 1151 4873 (ἔστι
1210 4808 1266 4860 δὲ
1318 4809 1475 4862 τοῦτο
1518 4811 1759 4881 ἄδηλον),

203 4899 465 4967 ἀνάγνωθι
495 4900 587 4952 τὸν
613 4905 690 4961 ις’
721 4899 922 4952 κανόνα
949 4897 1047 4968 τῆς
1083 4901 1139 4952 ἐν
1173 4899 1250 4969 τῷ
1280 4899 1394 4970 ναῷ
1421 4900 1528 4954 τῶν
1558 4902 1756 4970 ’Λγίων

1864 3731 2052 3798 inopes
2093 3723 2310 3794 quidem
2357 3718 2618 3773 ecclesias
2663 3714 2944 3774 habentes,
2995 3707 3191 3763 divites
3245 3713 3427 3758 autem

1864 3820 2128 3889 parmcias
2155 3823 2208 3868 et
2232 3810 2540 3880 papulosas,
2591 3821 2712 3859 cum
2766 3803 2866 3856 hoc
2919 3799 3426 3889 petivissent,_n0u

1865 3882 2081 3965 luerunt
2108 3903 2343 3959 exauditi
2378 3909 2596 3967 propter
2628 3900 2947 3960 praesentem
2981 3901 3268 3942 canonem.
3294 3882 3428 3936 Nota

1866 3997 1978 4048 haec
2005 4000 2059 4045 et
2088 3987 2344 4043 memoria
2375 3993 2497 4039 tene
2523 3990 2742 4052 prapter
2778 3977 3156 4031 translationes
3184 3988 3301 4040 quae
3333 3985 3427 4038 pe-

1866 4093 2053 4139 tuntur
2084 4081 2150 4136 ab
2181 4076 2536 4139 antistitibus,
2564 4082 2618 4126 et
2655 4071 2787 4125 llunt
2831 4069 2884 4122 in
2913 4065 3201 4136 aliquibus.
3238 4063 3432 4128 Quer

1864 4174 2118 4232 Chalced.
2157 4187 2279 4242 syn.
2324 4181 2557 4222 canones
2596 4163 2660 4216 12
2687 4170 2740 4216 et
2775 4161 2840 4214 l1
2870 4159 2962 4227 qui
3011 4161 3195 4210 dicunt
3231 4153 3427 4208 debere

1864 4263 2259 4320 ecclesiasticos
2287 4256 2437 4326 sequi
2463 4271 2547 4321 ea,
2571 4268 2692 4323 quae
2714 4252 3077 4305 decernuntur
3105 4262 3134 4299 a
3161 4255 3429 4315 potestate

1865 4354 2153 4424 imperiali.
2186 4350 2321 4418 Quia
2361 4356 2536 4404 autem
2572 4358 2805 4414 praesens
2837 4356 3007 4396 canon
3056 4339 3282 4398 statuit.
3319 4352 3426 4390 non

1867 4448 2060 4502 debere
2084 4443 2396 4512 episcopum
2422 4437 2750 4507 peregrinari
2783 4434 3066 4501 plusquam
3098 4438 3328 4494 oportet,
3359 4429 3427 4481 ab

1866 4553 1926 4593 ea
1956 4551 2074 4606 qua:
2104 4534 2252 4587 illum
2288 4531 2514 4587 sortitus
2548 4538 2630 4583 est
2662 4529 2764 4596 (est
2797 4533 2971 4577 autem
3013 4523 3112 4574 hoc
3139 4519 3428 4586 incertum)

1867 4631 1985 4696 lege
2013 4625 2282 4682 decimum
2315 4631 2527 4675 sextum
2557 4631 2816 4672 canonem
2859 4614 3044 4685 synodi
3089 4625 3208 4680 quae
3241 4609 3424 4662 habita

1865 4733 1944 4776 est
1977 4721 2026 4774 in
2057 4718 2170 4772 aede
2192 4713 2516 4769 Sanctorum
2544 4709 2958 4778 Apostolorum,
2992 4716 3044 4757 et
3079 4705 3434 4771 interpretare

1865 4817 2181 4881 praesentem
2220 4815 2481 4858 canonem
2510 4800 2802 4854 secundum
2849 4797 2994 4866 leges
3038 4809 3156 4864 quae
3205 4797 3257 4847 in
3313 4794 3429 4862 ipso

1865 4912 1990 4958 sunt
2032 4900 2237 4968 positae.

213 4997 548 5051 Ἀποστόλων
580 4995 858 5065 συστάσης
901 4995 1142 5063 συνόδου,
1172 4998 1266 5051 καὶ
1294 4998 1632 5068 ἐρμήνευσον
1659 5000 1749 5052 τὸν
1784 5000 2033 5070 παρόντα
2061 4995 2260 5049 κανόνα
2305 4990 2446 5044 κατά
2475 4989 2542 5042 τὰ
2596 4984 3051 5054 καταστρωθέντα
3105 4984 3311 5053 νόμιμα
3374 4985 3432 5036 ἐν

204 5089 362 5157 αὐτῷ.

265 5185 508 5238 ΖΩΝΔΡ.
542 5184 682 5245 Τοὺς
718 5181 1068 5245 ἐπισκόπους.
1113 5182 1207 5236 καὶ
1239 5182 1298 5234 τὸ
1341 5182 1549 5236 δίκαον
1603 5183 1758 5244 αὐτὸ,

205 5275 287 5325 καὶ
336 5277 369 5342 ὴ
420 5273 534 5326 τῶν
587 5272 748 5325 θείων
818 5271 1055 5324 κανόνων
1133 5272 1418 5340 ἀκρίϐεια,
1473 5273 1762 5324 ἀπαιτοῦσι

205 5365 526 5434 προσμένειν
579 5367 700 5426 ταῖς
753 5362 907 5422 ἰδίαις
955 5364 1302 5425 ἔπισκοπαίς,
1356 5364 1447 5414 καὶ
1489 5364 1760 5417 διδάσκειν

201 5459 313 5517 τοὺς
355 5455 544 5516 λαοὺς,
574 5455 668 5505 καὶ
716 5453 1066 5519 καταρτίζειν
1111 5453 1326 5517 αὐτοὺς,
1377 5454 1509 5506 ἀλλά
1555 5454 1629 5524 μὴ
1661 5473 1758 5507 κχ-

202 5547 551 5616 τσλιμπάνειν
579 5546 675 5607 τὰς
713 5543 1036 5606 αὑθεντικᾶις
1066 5543 1244 5596 αὐτῶν
1274 5543 1559 5615 καθέδρας.
1592 5546 1759 5616 ἤγουν

203 5641 312 5701 τοὺς
358 5636 754 5709 πρωτοτύπους
803 5635 1024 5702 θρόνους
1075 5636 1275 5699 αὐτῶν,
1303 5638 1395 5688 καὶ
1438 5637 1568 5705 πρὸς
1599 5636 1762 5704 ἀλλην

206 5731 487 5799 ἐκκλησίαν
535 5727 905 5798 ἀπέρχεσθαι.
943 5728 1131 5781 Πολλοὶ
1161 5729 1270 5793 γὰρ
1301 5730 1408 5781 τῶν
1439 5729 1756 5782 ἐπισκόπων

206 5825 400 5890 ἔχουσιν
446 5819 750 5889 ἐκκλησίας
785 5821 842 5870 ἐν
872 5819 1048 5882 ἄλλοις
1083 5820 1266 5884 τόποις
1313 5820 1417 5874 τῶν
1463 5821 1550 5874 ὑπ’
1582 5822 1758 5875 αὐτῶν

1939 5176 2188 5235 ZONAR.
2231 5172 2312 5228 Ab
2345 5168 2609 5238 episcopis
2635 5181 2756 5221 cum
2792 5166 2907 5231 ipsa
2948 5165 3023 5218 rei
3070 5174 3284 5229 natura,
3321 5173 3430 5219 tum

1868 5278 2084 5328 decreta
2119 5279 2384 5322 canonum
2410 5277 2471 5316 ea
2501 5261 2566 5314 de
2596 5273 2653 5314 re
2683 5258 2876 5326 saepius
2907 5257 3052 5311 edita
3076 5299 3090 5322 ,
3118 5257 3388 5325 postulant
3411 5295 3427 5319 ,

1868 5376 1926 5420 ut
1957 5366 2007 5419 in
2040 5378 2136 5416 sua
2167 5353 2452 5426 episcopali
2485 5352 2716 5405 statione
2747 5358 3002 5418 perpetuo
3036 5349 3249 5417 degant.
3284 5364 3347 5402 ac
3380 5351 3431 5402 in

1876 5455 2087 5526 populis
2117 5449 2450 5510 erudiendis,
2485 5456 2646 5513 atque
2675 5443 2737 5496 ad
2773 5451 2976 5495 rectam
3021 5441 3236 5495 virtutis
3263 5443 3427 5496 semi-

1871 5555 1977 5600 tam
2010 5542 2327 5611 dirigendis.
2367 5538 2642 5601 laborent;
2679 5549 2781 5588 non
2818 5543 2997 5586 autem
3039 5532 3298 5600 primaria
3334 5548 3430 5586 sua

1869 5638 1992 5692 sedc
2025 5633 2231 5696 relicta,
2259 5631 2311 5684 in
2345 5628 2500 5680 aliam
2527 5624 2813 5679 ecclesiam
2843 5638 2899 5677 sc
2926 5625 3231 5678 conferant.
3273 5622 3421 5675 Multi

1872 5739 2103 5792 natoque
2133 5719 2371 5790 episcopi
2406 5719 2456 5770 in
2480 5716 2599 5770 aliis
2624 5730 2731 5769 sua:
2757 5715 3006 5768 dimcesis
3029 5713 3156 5768 locis
3175 5713 3434 5768 ecclesias

1873 5819 2089 5882 habent,
2141 5832 2258 5885 qua:
2309 5812 2634 5878 ctparmuite
2701 5822 2730 5860 a
2785 5806 3076 5862 cnnonilms
3123 5816 3432 5861 vocnnlttr:
