4000 6440
553 410 660 470 275

1816 416 2102 477 THEOD.
2145 416 2552 478 BALSAMON

3699 415 3815 476 ‘276

551 528 746 600 quibus
780 528 909 584 nulli
941 528 1241 599 peculiares
1269 531 1507 601 episcopi
1540 531 1736 600 przelici
1764 544 2112 585 consuevere.

2255 534 2562 600 ιοικήσεων,
2599 529 2665 592 ἃς
2695 530 2790 583 καὶ
2829 531 3128 600 παροικίας
3152 531 3204 587 οἰ
3237 533 3465 596 κανόνες
3509 533 3808 588 καλοῦσιν.

551 622 716 686 Igitur
758 621 843 674 hic
890 635 1063 674 canon
1125 621 1175 674 in
1230 623 1466 690 aliquam
1521 624 1786 693 ejusmodi
1835 622 2120 677 ecclesiam

547 725 856 776 episcOpnm
899 710 1190 777 proﬁcisci,
1227 728 1289 766 ae
1329 714 1381 766 in
1425 730 1486 767 ea
1525 715 1701 782 populi
1738 715 1821 769 sui
1864 728 1989 768 cura
2024 727 2118 765 ne-

550 802 722 869 glecta
751 803 950 856 diutius
984 804 1203 867 morari,
1237 813 1418 870 vetat;
1450 810 1540 858 sed
1573 807 1654 858 vel
1689 806 1740 859 in
1769 821 1832 861 ea
1872 804 2122 873 cborepi—

547 908 768 962 scopum
824 896 1177 959 constituere,
1199 897 1282 948 vel
1321 900 1634 967 presbytero
1676 897 2119 965 procurationem

547 984 664 1050 ejus
704 985 805 1038 loci
853 1000 1031 1039 rerum
1065 987 1340 1050 mandare,
1370 988 1518 1054 iubet
1546 1005 1558 1041 ε
1590 989 1871 1056 episcopos
1900 1003 2030 1042 vero
2066 987 2120 1039 in

551 1091 646 1130 sua
683 1084 952 1146 quemque
979 1079 1206 1132 ecclesia
1239 1081 1576 1134 continenter
1617 1081 1922 1146 obdurare,
1955 1095 2017 1132 ac
2057 1093 2123 1132 ne

546 1167 751 1236 proprii
781 1167 996 1236 quidem
1020 1171 1216 1237 negotii
1251 1172 1512 1225 tractandi
1536 1186 1698 1225 causa
1721 1170 1941 1233 diutius,
1962 1185 2122 1237 quam

550 1275 645 1324 par
677 1269 759 1314 est
785 1261 997 1324 abesse,
1034 1276 1292 1315 curamve
1321 1262 1551 1316 sollicite
1584 1263 1638 1315 in
1673 1261 1968 1330 episcopali
2015 1271 2126 1314 sta-

547 1350 693 1404 tione
738 1353 1127 1419 permanendi,
1186 1354 1551 1424 populumque
1593 1354 1822 1409 salutari
1876 1353 2120 1406 doctrina

546 1444 919 1510 inl'ormandi‘,
955 1445 1230 1501 deserere.
1267 1447 1442 1516 Atque
1474 1447 1603 1501 illud
1635 1448 1854 1517 quidem
1890 1445 2138 1521 [diutius

546 1550 704 1602 quam
745 1551 843 1603 par
875 1535 981 1606 est]
1020 1537 1120 1591 boc
1148 1538 1266 1592 loco
1315 1539 1454 1592 nulla
1484 1538 1987 1604 circumscriptione
2029 1535 2124 1588 de-

548 1625 732 1679 linitur
759 1645 771 1678 :
802 1629 1013 1682 decimo
1041 1637 1193 1683 sexto
1225 1639 1399 1682 autem
1429 1644 1640 1683 canone
1671 1630 1722 1682 in
1757 1629 1953 1696 templo
1987 1627 2123 1680 San-

543 1727 753 1772 ctorum
787 1720 1166 1786 Apostolorum
1215 1721 1410 1774 habitae
1437 1721 1654 1790 synodi,
1688 1730 1808 1788 qua:
1841 1719 2011 1788 prima
2058 1727 2113 1770 et

543 1815 776 1866 seumda
817 1814 1151 1877 nominatur,
1184 1828 1254 1866 ne
1281 1813 1419 1864 ultra
1453 1822 1715 1866 Semestrc
1754 1823 1965 1878 tempus
1992 1809 2111 1876 epi-

2225 622 2283 674 ἐν
2320 616 2408 685 αἷς
2449 621 2549 674 οὐκ
2581 620 2836 676 εἰώθασιν
2883 623 3168 678 ἐπίσκοποι
3196 624 3673 696 προχειρίζεσθαι.
3715 622 3815 690 Μὴ

2222 710 2315 767 οὖν
2345 715 2401 767 ἐν
2431 717 2656 789 τοιαύτῃ
2684 717 2951 787 ἐκκλησίᾳ
2986 718 3224 780 ἀπιέναι,
3253 719 3352 771 καὶ
3383 717 3678 787 χρονίζειν,
3716 716 3818 768 τὸν

2222 805 2520 860 ἐπίσκοπον
2565 809 2593 860 ὁ
2641 806 2821 862 κανὼν
2867 809 3236 870 διατάττεται,
3279 810 3376 862 καὶ
3428 809 3660 878 ἀμελεῖν
3715 805 3821 858 τοῦ

2221 898 2422 952 οἰκείου
2467 900 2631 953 λαοῦο
2663 899 2780 955 ἀλλ’
2815 903 2932 955 ἐκεῖ
2983 902 3083 970 μὲν
3115 902 3147 971 ἢ
3185 899 3604 970 χωρεπίσκοπον
3667 898 3820 950 καθ-

2225 991 2464 1059 intimi,
2509 991 2597 1043 διὰ
2648 992 3022 1062 πρεσϐυτέρου
3059 992 3330 1046 ποιεῖσθαι
3380 991 3481 1060 τὴν
3531 990 3826 1058 διοίκησιν

2222 1079 2327 1132 τῶν
2371 1081 2522 1133 ἐκεῖ·
2569 1083 2694 1142 τοὺς
2739 1081 2787 1133 δ’
2814 1082 3153 1142 ἐπισκόπους
3187 1083 3310 1144 ταῖς
3345 1078 3582 1141 οἰκείαις
3620 1094 3817 1147 προσ-

2225 1173 2507 1240 καρτερεῖν
2532 1172 2866 1240 ἐκκλησίαις,
2901 1174 2996 1226 καὶ
3031 1172 3168 1243 μηδέ
3205 1173 3276 1225 δι’
3314 1173 3518 1224 οἰκεῖον
3561 1170 3823 1238 πρᾶγμα

2224 1261 2572 1330 ἀσχολεῖσθαι
2633 1263 2776 1334 ὑπὲρ
2831 1264 2858 1316 δ
2912 1265 3039 1334 χρὴ,
3073 1265 3168 1318 καὶ
3218 1263 3527 1332 ἀποδημεῖν
3561 1263 3667 1328 τῆς
3720 1258 3828 1312 τοῦ

2228 1352 2360 1404 ἰδίου
2409 1353 2602 1422 χρόνου
2653 1356 2960 1424 συνεχείας,
3010 1359 3129 1426 ἦτοι
3177 1355 3272 1408 τοῦ
3325 1355 3468 1408 κατά
3516 1353 3830 1422 συνέχειαν

2226 1442 2320 1493 καὶ
2377 1441 2690 1506 ἀδιακόπως
2724 1444 3069 1514 παραμένειν
3116 1447 3182 1514 τῇ
3241 1443 3345 1514 ἰδίᾳ
3376 1446 3688 1513 ἐπισκοπῇ.
3726 1444 3834 1496 καὶ

2224 1530 2498 1585 διδάσκειν
2551 1533 2640 1586 τὸν
2698 1533 2846 1589 λαόν.
2886 1535 2959 1588 Τὸ
3007 1534 3086 1597 δὲ,
3119 1536 3262 1604 ὑπὲρ
3319 1535 3348 1587 δ
3400 1536 3529 1604 χρὴ,
3561 1533 3832 1587 ἐνταῦθα

2229 1622 2326 1692 μὲν
2357 1624 2625 1693 ἀορίστως
2672 1629 2851 1678 κεῖται
2873 1641 2887 1654 ”
2923 1627 2980 1678 ἐν
3005 1627 3060 1679 δέ
3091 1627 3170 1693 τῷ
3202 1626 3583 1696 ἑκκαιδεκάτῳ
3616 1624 3834 1678 κανόνι

2224 1715 2324 1783 τῆς
2356 1715 2413 1766 ἐν
2460 1716 2537 1784 τῷ
2571 1716 2683 1786 ναῷ
2710 1719 2817 1769 τῶν
2880 1717 3080 1785 Ἀγίων
3125 1717 3476 1770 Ἀποστόλων
3528 1716 3834 1783 συστάσης

2228 1806 2467 1868 συνόδου,
2498 1807 2598 1873 τῆς
2634 1807 2957 1876 λεγομένης,
2989 1806 3216 1875 πρώτης
3245 1806 3342 1858 καὶ
3392 1807 3684 1873 δευτέρας,
3750 1802 3837 1871 μὴ

545 1921 712 1974 scopo
740 1922 768 1960 a
837 1922 930 1959 sua
962 1907 1087 1960 sede
1117 1907 1306 1961 abesse
1335 1907 1512 1970 liceat,
1541 1904 1705 1959 divini
1730 1903 1938 1966 Patres,
1959 1915 2116 1970 pcena

2251 1897 2384 1952 πλέον
2455 1900 2643 1968 μηνῶν
2706 1899 2766 1964 ἓξ
2819 1900 3122 1968 ἀποδημεῖν
3171 1899 3266 1950 τὸν
3332 1897 3645 1950 ἐπίσκοπον
3721 1899 3837 1963 τῆς

545 1998 903 2065 depositionis
961 1999 1258 2067 proposita,
1311 2000 1732 2052 constituerunt.
1783 1994 2117 2050 Undecimus

547 2106 676 2144 vero
706 2091 917 2146 Sardic.
947 2093 1136 2162 synodi
1177 2107 1371 2154 canon,
1406 2093 1624 2146 brevius
1666 2091 1841 2143 adhuc
1879 2089 2116 2156 spatium

545 2180 786 2250 episcopi
813 2183 1096 2247 absentiae,
1142 2184 1241 2237 nisi
1291 2182 1594 2237 necessaria
1631 2195 1790 2235 causa
1827 2179 2005 2247 aliqua
2041 2178 2121 2229 in-

549 2272 807 2334 tercedat,
838 2282 894 2324 ut
923 2288 986 2325 ex
1022 2287 1085 2326 eo
1122 2275 1264 2342 quod
1313 2275 1384 2328 ibi
1439 2274 1662 2327 aﬂ‘crtur
1691 2271 1938 2338 exemplo
1972 2267 2119 2322 colli-

546 2377 674 2429 gere
700 2373 803 2425 est,
834 2364 1042 2418 videtur
1073 2365 1391 2432 przclinisse.
1457 2364 1526 2417 De
1555 2364 1790 2416 discessu
1827 2362 2113 2428 episeopo-

547 2470 665 2506 rnm
695 2470 722 2506 a
750 2455 862 2507 suis
889 2455 1129 2508 ecclesiis
1154 2465 1398 2509 statuunt
1419 2456 1581 2508 etiam
1608 2455 1829 2507 diversa:
1860 2451 2117 2513 Novellae,

545 2561 664 2613 quae
692 2546 744 2598 in
783 2550 941 2602 tertio
974 2549 1187 2602 Basilio.
1223 2549 1380 2610 libro,
1411 2546 1567 2601 titulo
1598 2547 1648 2610 ί,
1687 2544 1914 2600 diversis
1945 2545 1996 2596 in
2031 2557 2120 2598 ca-

546 2638 751 2705 pitibus
780 2641 1145 2709 reperiuntur.

546 2897 768 2953 ARIST.
806 2917 820 2947 ι
861 2897 1048 2952 Visum
1078 2908 1181 2961 est,
1219 2908 1274 2953 ut
1304 2900 1482 2957 nullus
1516 2902 1804 2967 episcOpns
1833 2896 2117 2966 principali

625 3009 641 3039 ι
681 3004 774 3043 sua
812 2990 996 3042 relicta
1039 2991 1187 3052 sede,
1219 2990 1270 3042 in
1302 2990 1462 3043 aliam
1500 3004 1559 3044 se
1603 2990 1883 3049 conferat,
1926 2988 2007 3040 vel
2057 2989 2123 3040 de

625 3101 641 3131 ι
687 3095 743 3134 re
784 3081 999 3150 propria
1038 3081 1323 3146 sollicitus,
1360 3082 1612 3135 thronum
1645 3095 1800 3135 suum
1829 3078 2115 3148 negligat.»

616 3265 732 3319 Non
767 3275 973 3327 tantum
1006 3269 1127 3334 hoc,
1157 3283 1183 3319 a
1214 3268 1432 3321 civitate
1461 3269 1526 3320 ad
1557 3268 1828 3321 civitatem
1882 3266 2118 3334 migrare

543 3358 875 3426 episcopum,
916 3359 1148 3413 diversis
1177 3359 1480 3413 eanonibus
1519 3360 1835 3426 probibelur
1875 3373 1888 3409 :
1934 3357 2028 3412 sed
2067 3366 2123 3409 et

545 3449 692 3513 illud,
735 3463 871 3512 eam,
909 3466 1028 3518 qua:
1073 3451 1289 3518 proprie
1325 3460 1442 3503 erat
1492 3467 1520 3502 a
1571 3449 1838 3519 principio
1867 3488 1880 3510 ,
1933 3450 2126 3502 cathe-

547 3542 697 3593 dratn
752 3542 994 3595 ecclesia:
1039 3542 1206 3610 ipsius
1243 3543 1571 3608 relinquere,
1620 3553 1673 3595 et
1720 3540 1785 3594 ad
1829 3540 1987 3594 aliam
2032 3555 2122 3594 ec.-

548 3632 766 3685 clesiam
801 3633 853 3685 in
908 3634 1093 3687 eadem
1151 3635 1386 3702 parmcia
1451 3633 1744 3695 transilire,
1781 3643 1835 3686 et
1889 3634 1940 3684 in
1999 3648 2120 3686 eam

549 3721 844 3774 transferre
887 3722 1172 3786 honorem,
1215 3723 1300 3777 hic
1345 3739 1518 3776 canon
1552 3738 1653 3776 non
1688 3724 1971 3791 permittit.
2019 3721 2124 3776 Sed

548 3824 647 3863 nec
671 3810 720 3861 in
759 3825 813 3862 re
844 3811 1136 3878 propriaci
1169 3811 1286 3878 plus
1305 3827 1465 3879 quam
1488 3820 1703 3877 oportet
1725 3813 1954 3866 sollicito
1978 3826 2120 3876 esse,

545 3910 601 3953 et
633 3915 818 3954 curam
852 3910 905 3955 et
940 3901 1353 3957 instructionem
1391 3902 1568 3956 ooouli
1600 3902 1871 3974 negligere
1907 3903 2052 3957 licet.

990 4084 1156 4155 639
1183 4083 1414 4138 CANON
1458 4084 1665 4141 Lxxv.

555 4195 571 4225 ι
619 4174 693 4229 De
721 4176 1018 4230 infantibus
1048 4178 1139 4245 qui
1176 4177 1370 4230 debent
1400 4178 1685 4244 baptizari,
1722 4179 1935 4244 quoties
1972 4179 2036 4230 de
2065 4178 2127 4231 iis

623 4287 639 4316 ι
685 4269 960 4321 dubitatur
1011 4285 1078 4321 an
1113 4268 1364 4332 baptiznti
1397 4268 1614 4320 fuerint.
1648 4269 1908 4321 Similiter
1928 4269 2128 4337 placuit

627 4380 642 4410 ι
694 4362 760 4413 de
811 4359 1130 4425 infantibus,
1165 4361 1378 4427 qnmies
1427 4377 1531 4413 non
1587 4361 1932 4414 inveniuntur
1986 4361 2126 4412 lirmi

623 4477 637 4506 ι
687 4467 850 4511 testes
902 4457 990 4524 qni
1015 4471 1107 4508 eos
1136 4455 1253 4507 sine
1279 4455 1648 4508 controversia
1678 4453 1981 4519 baptizatos
2009 4467 2127 4506 esse

623 4567 638 4597 ι
684 4549 900 4610 dicant;
936 4557 988 4601 et
1039 4562 1137 4600 nec
1181 4546 1276 4613 ipsi
1315 4559 1535 4613 propter
1572 4555 1784 4599 mtatem
1821 4543 1888 4597 de
1927 4545 2126 4597 tradito
2160 4564 2202 4618 ι)

625 4661 639 4687 ι
684 4641 762 4692 eis
801 4637 1059 4709 mysterio
1087 4649 1208 4706 apte
1240 4645 1460 4702 tossunt
1494 4637 1841 4704 respondere;
1873 4636 1989 4689 sine
2014 4635 2118 4688 ulla

627 4753 641 4780 ι
684 4731 982 4785 oll'etisione
1039 4746 1193 4798 posse
1240 4745 1333 4783 eos
1382 4729 1666 4795 baptizari.
1725 4726 1835 4782 Nec
1888 4742 2122 4795 unquam

619 4847 633 4871 ι
679 4826 790 4878 lucc
835 4823 1098 4875 tlttbitatio
1144 4837 1236 4872 eos
1282 4823 1374 4873 tali
1418 4822 1868 4874 sanetilicalionis
1920 4822 2116 4874 lustra-

627 4941 640 4967 ι
685 4919 827 4969 tione
877 4915 1126 4984 privabit.
1165 4913 1275 4965 llnc
1332 4914 1474 4965 enim
1545 4913 1849 4966 Maurorum
1917 4913 2073 4980 legati
2108 4951 2122 4973 ,

626 5032 639 5054 ς
690 5010 882 5060 fratres
911 5006 1102 5065 nostri,
1147 5003 1270 5056 idco
1298 5002 1704 5066 consuluerunt,
1738 5003 1880 5070 quod
1932 5003 2126 5055 multos

629 5121 643 5147 ι
688 5099 949 5152 e‘usmodi
976 5115 1005 5150 a
1038 5096 1289 5149 Bnrbaris
1317 5103 1518 5148 emant.
1557 5113 1574 5144 ι

623 5474 815 5528 llAIS.
867 5473 1003 5541 Lege
1054 5470 1245 5533 synodi
1303 5469 1354 5522 in
1389 5469 1572 5522 Trnllo
1628 5481 1893 5522 canonem
1949 5477 2001 5521 et
2057 5468 2125 5520 ibi

555 5565 834 5634 pnesentis
864 5561 1086 5616 canonis
1111 5559 1614 5628 interpretationem
1647 5557 1764 5609 sine
1796 5557 1903 5610 ulla
1939 5557 2128 5610 immu-

555 5662 775 5724 tatione,
817 5656 1270 5726 quemadmodum
1307 5664 1359 5708 et
1400 5654 1563 5708 verba
1604 5652 1867 5705 invenies.

621 5838 874 5895 ZONAIl.
944 5836 1095 5890 lluuc
1153 5849 1436 5898 eanoncm,
1506 5832 1750 5901 pauculis
1806 5834 2123 5902 quibusdam

2221 1990 2428 2051 οἰκείας
2461 1991 2769 2060 ἐπισκοπῆς
2795 1993 2843 2043 οἰ
2877 1992 2933 2044 ἐν
2989 1989 3172 2060 ἐκείνῃ
3209 1989 3342 2041 θεῖοι
3391 1987 3640 2054 Πατέρες
3674 1985 3831 2054 ὡρί-

2224 2100 2404 2144 σαντο,
2433 2085 2494 2134 τὸ
2521 2083 2564 2134 δ’
2596 2084 2871 2151 ἐπιτίμιον
2925 2080 3017 2134 τοῦ
3057 2080 3131 2149 μὴ
3164 2080 3255 2132 τὸν
3284 2079 3485 2132 κανόνα
3517 2077 3840 2144 φυλάττον-

2219 2190 2310 2233 τος
2341 2173 2659 2242 καθαίρεσις
2692 2175 2856 2224 ἐστιν.
2900 2174 2959 2224 '0
2988 2178 3055 2224 ια’
3085 2171 3142 2223 δὲ
3194 2168 3374 2222 κανὼν
3408 2168 3508 2236 τῆς
3564 2169 3622 2219 ἐν
3673 2167 3836 2237 Σαρ-

2219 2266 2343 2336 δικῇ
2381 2264 2623 2329 συνόδου,
2660 2266 2722 2314 ἐκ
2748 2262 2839 2315 τοῦ
2873 2261 3317 2332 παραδείγματος
3371 2254 3432 2313 οὗ
3474 2259 3707 2325 ἐπάγει,
3742 2259 3836 2319 εἰς

2223 2357 2479 2411 ἐλάττονα
2505 2355 2696 2424 καιρὸν
2721 2354 2867 2407 ἔοικε
2894 2352 3210 2405 συστέλλειν
3233 2351 3334 2421 τὴν
3366 2349 3462 2401 τοῦ
3490 2348 3826 2400 ἐπισκόπου

2221 2445 2548 2513 ἀποδημίαν,
2583 2445 2631 2497 εἰ
2669 2447 2740 2512 μή
2791 2462 2872 2507 τις
2909 2441 3055 2510 αὑτῴ
3091 2439 3306 2507 ἀνάγκη
3341 2439 3641 2492 ἐπίκειται.
3682 2437 3836 2505 Περὶ

2229 2535 2537 2603 ἀποδημίας
2570 2535 2887 2587 ἐπισκόπων
2951 2535 3013 2585 ἐκ
3067 2530 3178 2581 τῶν
3226 2529 3446 2582 οἰκείων
3495 2528 3836 2597 ἐκκλησιῶν

2221 2625 2594 2678 διατάττονται
2664 2627 2760 2679 καὶ
2828 2625 3074 2692 διάφοροι
3123 2620 3352 2690 Νεαραὶ,
3425 2620 3681 2689 κείμεναι
3743 2621 3836 2681 εἰς

2225 2715 2428 2784 βιϐλίον
2477 2715 2588 2769 τῶν
2620 2715 2924 2768 Βασιλικῶν
2964 2714 3170 2784 τρίτον,
3207 2712 3312 2766 τίτ.
3347 2709 3421 2777 α’,
3447 2713 3503 2763 ἐν
3531 2712 3837 2780 διαφόροις

2223 2806 2556 2873 κεφαλαίοις.

2238 2901 2457 2954 ΑΡΙΣΤ.
2497 2921 2514 2952 ι
2573 2901 2754 2964 Ἔδοξε
2809 2901 3012 2970 μηδένα
3050 2900 3376 2960 ἐπίσκοπον,
3435 2895 3833 2949 καταλιπόντα

2303 3010 2322 3042 ι
2365 2994 2463 3061 τὴν
2499 2992 2828 3062 αὑθεντικὴν
2863 2992 3170 3058 καθέδραν,
3207 2990 3341 3060 πρὸς
3386 2989 3581 3057 ἑτέραν
3637 3005 3823 3058 μετα-

2301 3103 2319 3134 ι
2363 3087 2633 3155 χωρεῖν,ἢ
2663 3088 2720 3138 ἐν
2747 3086 2932 3151 οἰκείῳ
2960 3086 3246 3155 πράγματι
3271 3081 3701 3151 ἀσχολούμενον,
3725 3079 3833 3134 τοῦ

2313 3201 2331 3233 ι
2381 3179 2510 3232 ἰδίου
2547 3178 2738 3248 θρόνου
2764 3178 3006 3245 ἀμελεῖν.
3051 3194 3069 3227 ι

2302 3277 2378 3329 Οὐ
2429 3275 2586 3344 μόνον
2629 3271 2691 3324 τὺ
2746 3271 2855 3324 ἀπὸ
2909 3270 3116 3332 πόλεως
3167 3269 3247 3332 είς
3302 3268 3458 3319 πόλιν
3512 3267 3836 3320 ἐπίσκοπον

2233 3367 2579 3436 μεταϐαίνειν
2609 3402 2623 3424 ,
2683 3365 2746 3414 ἐκ
2808 3362 3081 3430 διαφόρων
3140 3358 3384 3411 κανόνων
3460 3358 3833 3411 κεκώλυται”

2227 3459 2361 3511 ἀλλὰ
2388 3459 2482 3509 καὶ
2514 3456 2573 3506 τὸ
2596 3453 2694 3523 τὴν
2717 3455 2920 3522 κυρίως
2950 3447 3117 3504 οὖσαν
3147 3449 3389 3520 ἀρχῆθεν
3413 3449 3694 3518 καθέδραν
3720 3448 3834 3516 τῆς

2228 3546 2523 3615 ἐκκλησίας
2588 3545 2752 3596 αὐτοῦ
2836 3543 3184 3601 καταλιπεῖν,
3243 3543 3338 3595 καὶ
3415 3541 3554 3611 πρὸς
3615 3541 3834 3612 ἑτέραν

2229 3636 2526 3704 ἐκκλησίαν
2558 3635 2617 3685 ἐν
2658 3636 2724 3702 τῇ
2775 3633 2912 3701 αὐτῇ
2949 3631 3212 3702 παροικίᾳ
3251 3628 3418 3684 οὖσαν
3457 3634 3828 3699 μεταπεσεῖν,

2208 3726 2323 3780 ’καὶ
2373 3727 2472 3796 τὴν
2522 3725 2688 3794 τιμὴν
2725 3726 2782 3776 ἐν
2816 3726 2954 3793 αὐτῇ
2995 3723 3313 3789 μεταθεῖναι
3353 3723 3381 3774 ὀ
3431 3721 3614 3775 κανὼν
3661 3719 3830 3784 οὗτος

2225 3819 2287 3869 οὺ
2319 3819 2596 3886 συγχωρεῖ
2621 3832 2636 3848 ο
2675 3815 2788 3868 ἀλλ’
2821 3815 2940 3866 οὐδὲ
2991 3816 3048 3865 ἐν
3094 3814 3282 3881 οἰκείῳ
3327 3813 3618 3882 πράγματι
3649 3815 3829 3883 ἀσχος

2228 3907 2436 3958 λεῖσθαι
2482 3906 2647 3958 αὑτὸν
2700 3905 2840 3974 ὑπὲρ
2870 3905 2898 3957 ὂ
2925 3905 3028 3972 χρὴ
3061 3905 3336 3972 ἀνέχεται,
3368 3905 3467 3955 καὶ
3511 3904 3610 3972 τῆς
3653 3921 3834 3972 φρονο

2226 3998 2368 4059 τίδος
2403 3999 2494 4049 καὶ
2533 3998 2632 4066 τῆς
2666 3996 3012 4060 διδασκαλίας
3050 3997 3273 4064 ἀμελεῖν
3297 3995 3392 4048 τοῦ
3429 3994 3580 4049 λαοῦ.

2811 4086 3050 4142 ΚᾹΝΩΝ
3094 4089 3214 4140 OE'.

2234 4199 2252 4232 ι
2317 4180 2456 4249 Περὶ
2505 4180 2718 4249 νηπίων
2802 4177 3130 4246 ὀφειλόντων
3192 4174 3556 4246 βαπτίζεσθαι
3616 4177 3832 4242 ὁσάκις

2305 4289 2322 4322 ι
2369 4269 2770 4338 ἀμφιϐάλλεται
2821 4267 2951 4336 περὶ
3025 4268 3204 4319 αὐτῶν
3235 4270 3284 4318 εἰ
3320 4268 3428 4337 ἀρα
3472 4266 3828 4335 ἐϐαπτίσθη-

2309 4381 2326 4412 ι
2372 4379 2489 4415 σαν.
2535 4360 2766 4429 Ὁμοίως
2817 4361 3014 4430 ἤρεσεν
3046 4359 3311 4429 περὶτῶν
3352 4360 3585 4428 νηπίων,
3621 4358 3830 4421 ὁσάκις

2310 4474 2327 4505 ι
2377 4455 2449 4524 μὴ
2514 4453 2858 4522 εὑρίσκονται
2913 4450 3120 4519 βέϐαιοι
3189 4449 3472 4519 μάρτυρες
3529 4450 3578 4500 οἰ
3638 4448 3832 4501 ταῦτα

2310 4566 2327 4597 ι
2377 4545 2765 4616 ἀναμφιϐόλως
2801 4542 3171 4612 βαπτισθέντα
3220 4538 3362 4594 εἶναι
3405 4541 3654 4608 λέγοντες
3682 4555 3696 4569 ⁸
3725 4543 3831 4593 καὶ

2311 4656 2329 4688 ι
2377 4637 2495 4688 ούδέ
2520 4637 2658 4689 αὐτὰ
2684 4636 2769 4689 διὰ
2796 4637 2895 4705 τὴν
2922 4635 3110 4702 κεῖραν
3134 4633 3264 4698 περὶ
3288 4631 3389 4699 τῆς
3411 4629 3830 4700 παραδοθείσης

2310 4749 2325 4777 ι
2377 4727 2560 4788 αὐτοῖς
2603 4726 2996 4796 μυσταγωγίας
3041 4723 3441 4792 ἀποκρίνεσθαι
3493 4721 3830 4791 ἐπιτηδείως

2310 4838 2326 4868 ι
2376 4818 2582 4887 ἔχουσι.
2650 4821 2816 4887 χωρίς
2878 4834 3023 4876 τινος
3083 4815 3517 4884 προσκόμματος
3576 4812 3829 4876 ὀφείλειν

2309 4929 2326 4961 ι
2374 4910 2542 4962 ταῦτα
2579 4909 2940 4979 βαπτίζεσθαι
2968 4924 2979 4936 ·
3013 4909 3225 4978 μήποτε
3258 4908 3286 4958 ὁ
3325 4905 3568 4964 τοιοῦτος
3622 4903 3824 4956 διστα-

2307 5024 2325 5055 ι
2376 5004 2514 5073 γμὸς
2575 5003 2929 5072 ἀποστερήσῃ
3004 5000 3146 5053 αύτά
3220 5000 3322 5066 τῆς
3394 4996 3654 5064 τοιαύτης
3716 4996 3821 5049 τοῦ

2309 5117 2325 5148 ι
2372 5095 2643 5162 ἁγιασμοῦ
2693 5093 3034 5163 καθάρσεως.
3071 5091 3166 5142 Ἐκ
3198 5091 3386 5141 τούτου
3423 5090 3529 5159 γὰρ
3559 5091 3608 5141 oi
3648 5103 3828 5139 τοπο-

2308 5210 2324 5238 ι
2372 5189 2612 5258 τηρηταί⁵
2650 5185 2759 5238 τῶν
2811 5185 3071 5254 Μαύρων,
3128 5183 3349 5250 ἀδελφοὶ
3397 5179 3582 5250 ἡμῶν,
3652 5177 3827 5231 τοῦτο

2309 5300 2326 5332 ι
2376 5280 2787 5342 ἐϐουλεύσαντο,
2819 5278 2902 5330 ὃτι
2952 5277 3179 5336 πολλοὺς
3232 5273 3511 5335 τοιούτους
3561 5272 3675 5324 ἀπὸ
3711 5273 3828 5324 τῶν

2312 5391 2329 5422 ι
2379 5371 2683 5440 Βαρϐάρων
2721 5368 3167 5438 ἐξαγοράξονται.
3211 5385 3229 5417 ι

2305 5463 2507 5516 ΒΛΛΣ.
2554 5462 2853 5530 Ἀνάγνωοι
2898 5461 3000 5529 τῆς
3050 5462 3108 5510 ἐν
3154 5458 3230 5529 τῷ
3282 5456 3538 5528 Τρούλλῳ
3594 5457 3828 5509 συνόδου

2233 5555 2459 5612 κανόνα.
2492 5554 2588 5606 καὶ
2644 5555 2901 5623 εὑρήσεις
2958 5553 3056 5623 τὴν
3113 5551 3207 5602 τοῦ
3267 5551 3544 5619 παρόντος
3590 5551 3827 5611 κανόνος

2180 5680 2188 5688 -
2233 5644 2531 5715 ἑρμηνείαν
2579 5646 3020 5714 ἀπαραλλάκτως
3063 5645 3201 5706 ἐκεῖ,
3243 5641 3425 5703 καθὼς
3463 5642 3556 5693 καὶ
3610 5640 3680 5692 τὰ
3730 5643 3832 5712 ῥή-

2241 5757 2383 5808 ματα
2411 5738 2504 5790 τοῦ
2537 5739 2776 5799 κανόνος.

2308 5834 2551 5886 ΖΩΝΛΡ.
2591 5830 2792 5885 Τοῦτον
2839 5831 2927 5883 τὸν
2973 5829 3175 5884 κανόνα
3225 5828 3354 5881 ἄνευ
3405 5825 3608 5898 ὀλίγων
3654 5825 3822 5878 τινῶν
