4000 6442
195 386 293 448 ῖΞῚ

1214 392 1298 453 IN
1326 393 1493 455 CAN.
1526 394 1759 456 LXXVI
1788 391 1995 456 CONC.
2028 391 2406 455 CAR'I‘HAG'.

3324 380 3429 442 278

197 496 459 561 ῥημάτων
482 499 584 552 καὶ
601 499 636 569 ἡ
668 496 730 550 ιν
752 498 835 569 τῷ
874 499 1131 571 Τρούλλῳ
1187 500 1391 568 om.
1418 504 1453 573 ἡ
1482 502 1754 574 λεγομένη

1870 505 2097 572 exceptis
2128 501 2307 556 verbis
2335 498 2586 557 eumdem
2621 509 2845 565 prorsus
2880 493 3020 563 apud
3068 492 3331 564 synodum
3369 492 3422 541 in

194 585 348 653 ἱκτη,
380 586 499 657 εχει
532 590 989 661 ἀπαραλλάκτως,
1015 593 1112 646 καὶ
1145 592 1389 666 δξηγήθη
1424 596 1560 649 ἐκεῖ.

1863 595 2068 660 Trulla,
2108 610 2231 665 qua:
2258 602 2407 648 sexta
2440 590 2637 647 dicitur
2658 627 2676 654 ,
2707 604 2773 644 ac
2802 586 3002 643 ibidem
3054 584 3382 655 esplicatutn
3407 619 3421 644 ,

1864 688 2119 753 reperias.

197 768 421 823 ΔΡΙΣΤ.
504 788 523 821 ι
579 772 721 834 Τοὺς
768 773 1295 843 άμφιγιοουμένους,
1334 776 1382 827 εί
1435 775 1766 844 ἐϐαπτίσθη-

1870 776 2087 831 ARIS’I‘.
2125 797 2144 829 ι
2182 776 2263 832 Illi
2296 777 2362 830 de
2388 774 2584 843 quibus
2604 771 2919 838 ambigitur,
2949 778 3134 824 utrum
3166 767 3423 836 baptizati

270 879 290 910 ι
339 862 530 931 σαν,ἢ
584 862 874 934 μὴΛιρεσε
930 864 1328 935 βαπτίζεσθαι⁶
1379 868 1451 937 μή
1503 883 1635 920 ποτε
1685 868 1765 939 τῷ

268 968 288 999 ι
333 951 624 1022 δισταγμῷ
658 954 965 1023 στερηθῶσι
1011 957 1113 1025 τῆς
1151 955 1303 1020 θείας
1359 958 1697 1021 καθάρσεως.
1737 975 1757 1008 ι

265 1127 341 1180 Τδ
374 1127 475 1195 μὲν
523 1128 778 1196 δεύτερόν
810 1147 933 1183 τινα
984 1130 1377 1200 βαπτισθῆναι,
1412 1134 1462 1186 εί
1509 1134 1582 1204 μὴ
1613 1136 1766 1205 παρὰ

195 1218 408 1270 ἀσεϐῶν
426 1218 1021 1291 ὲϐαπτίσθη,διάφοροι
1048 1223 1272 1284 κανόνες
1298 1225 1760 1294 ἀπαγορεύουσιν.

199 1309 257 1360 El
310 1310 369 1363 δέ
405 1327 491 1371 τις
541 1311 949 1379 ἀμφιϐάλλεται
1002 1314 1051 1366 εί
1110 1313 1440 1383 ἑϐαπτίσθη,
1492 1316 1569 1377 ὡς
1621 1319 1761 1387 μήτε

197 1398 361 1451 αὖτοῦ
406 1400 568 1453 τοῦτο
623 1401 826 1464 εἰδότος
885 1403 972 1456 διά
1023 1404 1123 1474 τὴν
1178 1404 1445 1473 βρεφικὴν
1500 1407 1718 1475 ἠλικίαν
1746 1447 1761 1472 ,

201 1494 337 1560 μήτε
396 1493 601 1561 ἑτέρων
649 1493 1143 1563 διαϐεϐαιουμένων
1195 1497 1288 1549 καὶ
1343 1499 1768 1567 μαρτυρούντων

200 1583 584 1651 ἀναμφιϐόλως
665 1585 834 1637 αὐτὸν
917 1585 1313 1655 βαπτισθῆναι,
1385 1588 1553 1657 χωρίς
1618 1604 1769 1653 τινος

200 1674 531 1739 ἀμφιϐολίας
590 1675 949 1745 βαπτισθῆναι
995 1678 1243 1745 ὀφείλειθ
1297 1678 1388 1733 ἵνα
1444 1679 1519 1749 μὴ
1567 1679 1656 1732 δια
1702 1680 1763 1733 τδ

200 1765 514 1835 ἀμφίϐολον
544 1768 781 1836 στερηθῇ
811 1768 908 1835 τῆς
949 1767 1100 1827 θείας
1144 1768 1483 1840 καθάρσεως.

778 1859 1015 1912 κΑΝοΝ
1046 1858 1183 1927 θεῖ.

207 1972 223 2003 ι
258 1953 395 2020 Περὶ
438 1953 535 2006 τοῦ
571 1954 668 2020 τὴν
693 1953 912 2021 ἡμέραν
959 1952 1054 2005 τοῦ
1110 1954 1301 2024 Πάσχα
1358 1956 1416 2007 ἐν
1448 1957 1531 2025 τῇ
1584 1957 1768 2027 ἡμέρα

269 2066 287 2093 ι
337 2046 561 2097 συνόδου
614 2043 997 2111 άτγέλλεσθαι.
1055 2044 1291 2112 Ὁμοίως
1345 2047 1565 2113 ἤρεσεν,
1625 2046 1768 2101 ὥστε

270 2156 289 2180 ι
338 2136 439 2201 τὴν
479 2134 696 2204 ἡμέραν
742 2133 839 2187 τοῦ
898 2135 1276 2203 προσκυνητοῦ
1312 2136 1504 2205 Πάσχα
1551 2137 1639 2189 διά
1668 2138 1767 2205 τῆς

275 2245 294 2273 ι
339 2225 449 2277 τῶν
480 2225 878 2293 τετυπωμένων
907 2225 1232 2293 ὑπογραφῆς
1274 2228 1441 2279 πᾶσιν
1472 2227 1771 2296 ἐμφανίζε-

277 2336 296 2365 ι
344 2315 472 2367 σθαι
494 2332 509 2345 ·
541 2318 574 2383 ὴ
605 2315 662 2367 δὲ
695 2316 795 2382 τῆς
834 2316 1020 2368 συὸδου
1043 2315 1225 2382 ἡμέρα
1253 2316 1285 2383 ἡ
1312 2316 1449 2385 αὐτὴ
1490 2315 1762 2385 φυλαχθῇ.

282 2426 307 2458 ε
341 2406 469 2474 ἥτις
516 2405 729 2475 ὡρίσθη
778 2408 836 2459 ὲν
883 2408 947 2475 τῇ
1000 2407 1060 2459 ἐν
1104 2406 1328 2460 Ἱππῶνι
1366 2407 1592 2475 συνόδῳ,
1622 2408 1769 2461 τοῦτ’

281 2518 301 2551 ι
344 2501 493 2552 ἔστιν
552 2501 587 2568 ἡ
652 2498 758 2565 πρὸ
809 2497 941 2551 δέκα
1014 2498 1294 2551 καλανδῶν
1351 2500 1765 2570 Σεπτεμϐρίων.

279 2607 299 2639 ι
345 2589 588 2655 Ὀφείλει
641 2588 751 2658 γὰρ
785 2591 878 2642 καὶ
934 2590 1217 2659 γραφῆναι
1274 2591 1409 2659 πρὸς
1442 2594 1571 2655 τοὺς
1620 2609 1771 2661 πρω-

280 2700 299 2730 ι
348 2680 612 2740 τεύοντας
659 2680 851 2731 πασῶν
880 2680 988 2732 τῶν
1028 2680 1327 2751 ἐπαρχιῶν,
1362 2682 1468 2745 ἵνα,
1496 2684 1583 2735 ὅτε
1638 2682 1769 2751 παρ’

283 2786 302 2818 ι
342 2769 563 2830 ἑαυτοῖς
617 2766 837 2820 σύνοδον
881 2768 1353 2838 προσκαλοῦνται,
1416 2770 1619 2842 ταύτην
1670 2772 1771 2842 τὴν

281 2877 301 2908 ι
347 2859 564 2926 ἡμέραν
597 2857 957 2921 φυλάττωσιν.
1008 2879 1027 2911 ι

278 2952 472 3003 ΒΑΛΣ.
506 2950 614 3004 Καὶ
649 2950 799 3005 ἄλλοι
828 2951 1074 3021 διάφοροι
1101 2955 1324 3017 κανόνες
1367 2956 1595 3028 ὥρισαν,
1639 2962 1769 3010 πότε

210 3042 412 3110 ὀφείλει
466 3044 712 3108 γίνεσθαι
773 3042 989 3097 σύνοδον
1046 3049 1195 3114 παρά
1246 3048 1353 3100 τῶν
1410 3050 1770 3119 ὲπαρχιωτῶν

1942 885 1962 919 ι
1997 877 2121 923 sunt
2155 881 2348 931 necne,
2378 864 2577 934 placuit
2599 904 2614 923 ,
2644 873 2702 916 ut
2736 860 3074 930 baptizentur
3105 878 3121 915 :
3171 873 3240 913 ne
3292 871 3424 925 pro-

1942 981 1960 1016 ι
1996 972 2115 1033 pter
2138 959 2539 1029 ambiguitatem
2574 955 2752 1010 divina
2781 952 3096 1009 lustratione
3129 950 3431 1006 destituan-

1936 1070 1956 1103 ι
1996 1060 2102 1106 tur.
2141 1069 2162 1101 ι

1938 1141 2188 1197 Secundo
2234 1141 2447 1207 quidem
2502 1138 2765 1208 baptizari
2817 1136 3161 1204 quempiam.
3212 1133 3314 1187 nisi
3363 1131 3431 1187 ab

1864 1232 2044 1299 impiis
2071 1233 2371 1300 baptizatus
2402 1229 2564 1284 fuerit
2617 1227 2817 1283 diversi
2850 1242 3087 1281 canones
3121 1225 3432 1294 prohibent.

1867 1323 1921 1377 Si
1951 1324 2073 1392 quis
2111 1333 2290 1377 autem
2326 1323 2571 1391 ambiglt,
2606 1335 2672 1374 an
2702 1322 3002 1388 baptizatus
3035 1318 3219 1380 fuerit,
3250 1323 3436 1384 utpote

1865 1430 1966 1471 nec
2019 1414 2134 1481 ipso
2177 1415 2247 1468 ob
2292 1413 2593 1467 infantilem
2647 1423 2863 1466 aetatem
2896 1411 3026 1464 illud
3074 1409 3303 1471 sciente,
3336 1422 3436 1461 nec

1866 1508 1990 1563 aliis
2022 1505 2421 1561 afﬁrmantibus
2453 1514 2507 1561 et
2552 1506 2879 1560 testantibus
2930 1520 3052 1559 eum
3102 1504 3242 1556 haud
3278 1502 3439 1555 dubie

1867 1600 2199 1667 baptizatum
2240 1598 2447 1661 fuisse;
2484 1598 2601 1651 sine
2651 1597 2756 1650 ulla
2792 1597 3127 1651 dubitatione
3170 1593 3437 1663 baptizari

1867 1690 2064 1745 debet:
2097 1703 2165 1743 ne
2206 1697 2427 1757 propter
2467 1688 2854 1743 dubitationem
2895 1687 3073 1742 divina
3112 1686 3429 1756 purgatione

1867 1781 2132 1852 privetur.

2392 1867 2620 1925 CANON
2678 1866 2912 1921 LXXVI.

1877 1978 1896 2010 ι
1936 1956 2005 2014 Ut
2037 1959 2153 2014 dies
2183 1960 2403 2015 Pascha!
2433 1961 2484 2013 in
2538 1960 2623 2013 die
2670 1959 2861 2028 synodi
2910 1957 3283 2012 annuutietnr.
3323 1954 3438 2008 Hoc

1949 2069 1968 2102 ι
2007 2065 2219 2120 quoque
2248 2052 2497 2105 similiter
2523 2051 2745 2116 placuit.
2778 2058 2833 2101 ut
2870 2049 2988 2103 dies
3022 2049 3307 2103 venerandi
3337 2046 3436 2101 Pa'

1945 2160 1964 2193 ι
2007 2145 2151 2197 scitae
2192 2159 2286 2212 per
2323 2142 2676 2196 lortnatarum
2707 2141 3159 2207 subscriptionem
3188 2139 3443 2193 omnibus

1944 2252 1964 2285 ι
1998 2234 2333 2297 ostendatur,
2367 2233 2483 2287 dies
2515 2242 2691 2285 autem
2741 2231 2930 2301 synodi
2975 2231 3114 2283 ident
3169 2238 3442 2292 servetur,

1949 2344 1968 2375 ι
2006 2326 2096 2393 qui
2129 2324 2179 2378 in
2215 2322 2543 2391 ilipponensi
2592 2322 2799 2392 synodo
2847 2319 2949 2373 fuit
3001 2321 3348 2381 constitutus,
3383 2319 3435 2369 id

1944 2435 1962 2467 ι
1997 2425 2101 2478 est,
2139 2428 2263 2470 ante
2290 2415 2554 2470 decimum
2580 2413 2849 2467 Kalendas
2882 2410 3234 2481 Septembris.
3264 2409 3437 2463 Debet

1952 2528 1971 2559 ‹
2008 2510 2149 2562 enim
2180 2508 2338 2561 etiam
2389 2506 2552 2560 scribi
2603 2507 2671 2559 ad
2732 2505 2994 2573 primates
3025 2505 3266 2557 omnium
3314 2516 3442 2568 pro-

1952 2618 1969 2650 ι
2015 2599 2339 2661 vinciarutn,
2376 2606 2434 2650 ttt
2464 2595 2678 2665 quando
2713 2596 2854 2663 apud
2892 2608 2951 2648 se
2985 2592 3273 2648 concilium
3304 2605 3445 2647 con-

1948 2711 1966 2744 ι
2007 2699 2249 2759 gregant,
2281 2689 2347 2744 ab
2379 2703 2443 2743 eo
2474 2688 2560 2744 die
2595 2687 2919 2741 abstineant.
2958 2703 2975 2736 ι

1950 2953 2142 3009 BALS.
2198 2954 2299 3008 Alii
2350 2966 2563 3021 quoque
2616 2949 2812 3004 diversi
2846 2963 3083 3003 canones
3115 2957 3443 3013 statuerunt,

1874 3048 2091 3116 quando
2122 3046 2314 3099 debeat
2364 3043 2477 3097 ﬁeri
2530 3042 2768 3112 synodus
2823 3055 2849 3092 a
2905 3040 3346 3107 provincialibus,
3388 3048 3443 3090 ttt

211 3137 361 3203 χάριν
410 3134 505 3188 τοῦ
560 3134 789 3189 λύεσθαι
845 3137 915 3189 τά
964 3138 1398 3207 ὲκκλησιαστικά
1453 3140 1765 3210 ζητήματα.

1874 3138 2153 3191 solvantur
2212 3133 2590 3189 ecclesiastica:
2648 3129 3001 3200 quaestiones.
3064 3129 3201 3182 Dicit
3262 3139 3441 3182 autem

209 3225 339 3291 ὁησὶ
381 3224 439 3277 δὲ
488 3226 635 3278 καὶό
669 3225 861 3295 παρὼν
892 3227 1071 3282 κανὼν
1122 3230 1267 3282 κατὰ
1313 3231 1405 3282 τὸν
1449 3232 1638 3299 καιρὸν
1669 3231 1771 3300 τῆς

214 3316 421 3367 συνόδου
447 3316 587 3382 (ἔστι
613 3316 671 3369 δὲ
701 3311 855 3380 οὗτος
886 3321 914 3371 ὁ
937 3320 1041 3388 πρὸ
1061 3320 1193 3373 δέκα
1216 3320 1497 3373 καλανδῶν
1524 3322 1770 3388 Σεπτεμ-

212 3406 393 3471 ϐρίων,
423 3407 595 3475 ἤγουν
649 3415 733 3459 κα¹
776 3409 870 3461 τοῦ
922 3411 1233 3478 Αὐγούστου
1267 3412 1434 3479 μηνός
1462 3428 1477 3443 ·
1509 3412 1770 3466 καλάνδαι

210 3498 312 3565 γάρ
364 3498 419 3550 al
478 3498 690 3567 πρῶται
713 3499 805 3552 τοῦ
861 3502 1030 3569 μηνὸς
1081 3501 1351 3570 λέγονται)
1399 3503 1499 3573 τὴν
1528 3504 1767 3573 ἡμέραν,

212 3590 298 3644 τοῦ
327 3591 518 3660 Πάσχα
545 3592 860 3660 δηλοῦσθαι,
888 3594 1030 3648 ὥστε
1069 3596 1442 3659 γινώσκεσθαι
1490 3598 1627 3650 πᾶσι
1657 3598 1771 3659 τοῖς

211 3684 263 3733 ἐν
285 3686 348 3751 τῇ
379 3686 637 3754 ’Διρρικῇ.
680 3686 790 3738 Καὶ
836 3688 864 3739 ὀ
919 3688 1016 3752 μὲν
1056 3688 1236 3739 κανὼν
1269 3689 1327 3740 ὲν
1359 3687 1568 3750 τούτοις
1591 3705 1604 3718 ·
1651 3689 1773 3741 ἐπεὶ

210 3774 260 3824 δὲ
286 3773 409 3826 οὔτε
439 3775 553 3827 άπὸ
581 3774 677 3827 τοῦ
716 3776 987 3844 παρόντος
1036 3778 1258 3839 κανόνος
1306 3777 1431 3831 οὔτε
1460 3778 1552 3844 ἀφ’
1582 3778 1770 3846 ἐτέρου

209 3863 528 3926 γινώσκεται
587 3868 619 3934 ἡ
674 3867 967 3920 ἐπιστασία
1020 3871 1120 3935 τῆς
1170 3870 1384 3938 ἡμέρας
1434 3870 1528 3925 τοῦ
1575 3870 1769 3939 Πάσχα

211 3954 316 4015 (καὶ
362 3956 393 4007 ὁ
440 3956 487 4018 ζ’
539 3955 650 4025 γάρ
703 3958 886 4010 κανὼν
932 3959 1041 4011 τῶν
1077 3960 1249 4026 ἁγίων
1279 3960 1589 4014 ἀποστόλων
1630 3963 1769 4031 μετά

208 4045 297 4112 τὴν
331 4046 559 4116 ἐαρινὴν
590 4048 883 4116 ἰσημερίαν
922 4049 1215 4114 διορίζεται
1240 4050 1303 4102 τὸ
1328 4053 1522 4121 Πάσχα
1568 4054 1769 4121 εορτά·

208 4130 313 4193 ζειν
338 4136 492 4202 ἡμᾶς
524 4136 619 4187 καὶ
648 4135 813 4187 πλέον
842 4136 1016 4205 οὐδέν)
1042 4153 1055 4168 ’
1102 4138 1222 4190 δέον
1247 4133 1390 4192 εῖναι
1434 4141 1771 4210 κατενοήσα-

210 4240 301 4289 μεν
331 4224 650 4289 άναδιδάξαι
677 4228 804 4288 τοὺς
843 4226 1102 4289 θέλοντας
1132 4226 1220 4280 διὰ
1247 4228 1343 4296 τῆς
1378 4226 1472 4282 τοῦ
1503 4228 1769 4298 παρόντος

208 4304 422 4377 κανόνος
476 4316 817 4385 ἑρμηνείας,
869 4317 985 4379 πῶς
1046 4318 1365 4388 εὑρίσκεται
1422 4319 1611 4389 ἡμέρα
1672 4319 1768 4373 τοῦ

206 4407 418 4460 νοίικοῦ
482 4408 603 4477 ἦτοι
680 4408 974 4461 Ἰουδαῖκοῦ
1052 4409 1145 4461 καὶ
1218 4409 1312 4461 τοῦ
1374 4409 1765 4479 Χριστιανικοῦ

1874 3229 2033 3281 etiam
2070 3239 2308 3294 praesens
2334 3239 2525 3287 canon,
2559 3234 2617 3277 ιιι
2664 3231 2907 3287 tempore
2956 3221 3145 3290 synodi
3195 3220 3269 3290 (id
3322 3228 3446 3283 est,

1874 3314 2085 3368 anteit)
2116 3313 2343 3366 Kalend.
2380 3311 2733 3379 Septembris,
2765 3309 2827 3362 91
2866 3308 3072 3362 scilicet
3102 3309 3304 3360 mensis
3327 3311 3441 3359 An-

1874 3405 2048 3474 gusti;
2076 3402 2330 3457 Kalendae
2367 3403 2510 3456 enim
2536 3412 2660 3455 sunt
2690 3401 2894 3468 primus
2920 3400 3033 3452 dies
3069 3399 3291 3466 mensis)
3329 3399 3444 3451 dies

1873 3493 2097 3547 Pascha
2135 3493 2462 3555 declaretur,
2499 3502 2556 3546 ut
2593 3503 2951 3560 cognoscatur
2980 3491 3047 3545 ab
3078 3491 3327 3544 omnibus
3352 3492 3443 3557 qui

1873 3596 1998 3638 sunt
2038 3588 2088 3640 in
2120 3585 2323 3640 Africa.
2373 3586 2451 3639 Ae
2481 3585 2533 3638 in
2568 3585 2650 3638 his
2684 3584 2899 3651 quidem
2945 3583 3195 3639 consistit
3229 3598 3426 3637 cntton.

1872 3677 2004 3743 Quia
2037 3688 2235 3740 autem,
2271 3692 2369 3729 nec
2411 3691 2440 3728 a
2499 3675 2747 3742 praesenti
2784 3690 3011 3737 canone,
3075 3689 3172 3728 nec
3220 3678 3284 3725 ah
3332 3675 3433 3727 alio

1872 3768 2214 3835 cegnoscitur
2269 3766 2373 3821 diei
2412 3764 2633 3818 Pascltae
2682 3764 2948 3818 institutio
3000 3766 3146 3832 (nam
3197 3778 3369 3817 canon
3414 3774 3429 3815 t

1872 3867 2181 3912 sanctorum
2214 3857 2577 3925 apostolorum
2609 3858 2825 3920 statuit,
2855 3867 2914 3911 ut
2941 3872 3039 3911 nos
3066 3867 3185 3925 post
3219 3872 3438 3910 vernum

1872 3950 2254 4018 aequinoctium
2307 3948 2512 4003 Pascha
2558 3949 2913 4008 celebremus.
2957 3959 3011 4002 et
3069 3950 3199 4002 nihil
3253 3948 3444 4016 aliud),

1871 4040 2296 4094 existimavimus
2330 4050 2578 4105 oportere
2622 4055 2722 4094 nos
2766 4053 2863 4105 per
2904 4041 3183 4108 prmsentis
3219 4039 3443 4093 canonis

1872 4129 2382 4198 interpretationem
2433 4130 2630 4181 docere
2660 4141 2773 4192 eos,
2810 4126 2903 4195 qui
2950 4126 3137 4191 velint,
3174 4126 3444 4194 quomodo

1871 4219 2179 4273 inveniatur
2210 4218 2328 4273 dies
2363 4218 2551 4286 legalis
2586 4231 2679 4272 seu
2704 4218 2913 4272 Judaici
2941 4225 2994 4272 et
3018 4216 3313 4271 Christiani
3346 4215 3442 4269 Pa-

1871 4309 2035 4377 schm,
2068 4309 2199 4377 quin
2229 4319 2283 4362 et
2310 4308 2763 4378 Carnispriviutn.
2806 4308 2947 4362 Fieri
2973 4310 3115 4360 enim
3155 4317 3352 4374 potest,
3386 4321 3446 4362 ttt

1869 4401 2203 4457 orthodoxus
2233 4401 2501 4471 quispiam
2535 4402 2589 4454 in
2618 4401 2754 4464 loca,
2784 4401 2874 4459 ubi
2902 4402 3015 4455 haec
3045 4416 3149 4454 non
3182 4410 3447 4454 curantur

208 4498 386 4567 Πάσχα
413 4514 431 4529 ·
459 4498 599 4551 ἀλλά
628 4498 733 4567 μὴν
768 4501 861 4551 καὶ
913 4500 945 4569 ἠ
1002 4499 1269 4569 άποκρὲα.
1322 4500 1484 4563 Είκδς
1511 4500 1619 4570 γάρ
1649 4502 1764 4554 ἐστι

1876 4506 1974 4547 nec
2007 4500 2427 4561 cognoscuntur,
2455 4491 2659 4546 incidat
2686 4532 2701 4556 ,
2728 4500 2781 4543 et
2815 4507 2911 4561 per
2939 4492 3295 4560 ignorantiam
3331 4506 3436 4543 non

209 4590 533 4657 παρατυχεῖν
596 4588 877 4657 ὀρθόδοξόν
949 4606 1072 4642 τινα
1142 4592 1222 4652 εἰς
1247 4590 1468 4655 τόπους,
1523 4591 1652 4644 ἔνθα
1700 4594 1769 4647 τὰ

207 4678 421 4730 τοιαῦτα
464 4680 527 4731 ού
576 4680 1157 4748 πολυπραγμονοῦντας,
1204 4681 1326 4734 οὐδὲ
1382 4681 1766 4748 γινώσκονται,

207 4770 292 4817 καὶ
332 4769 391 4830 ἑξ
446 4768 670 4835 άτνοίας
700 4770 1052 4838 άποκρεῶσαι
1093 4770 1126 4839 ἢ
1174 4772 1458 4840 πασχάσαι
1493 4771 1646 4841 παρὰ
1676 4772 1767 4825 τὸν

208 4860 544 4926 προσήκοντα
558 4859 771 4926 καιρὸν,
789 4860 927 4929 ὅπερ
950 4860 1098 4925 ἐστὶν
1126 4860 1539 4927 άσύγγνωστον.
1572 4864 1768 4915 Ἰστέον

204 4943 289 4999 οὖν
317 4950 422 5013 πρὸ
453 4949 672 5002 πάντων
702 4950 808 5016 ὅτι,
839 4953 888 5003 εί
926 4952 1001 5020 μὴ
1045 4951 1301 5017 γινώσκει
1348 4969 1430 5013 τις
1487 4952 1580 5005 τοῦ
1611 4971 1767 5023 νομι-

204 5038 291 5089 κοῦ
350 5038 547 5109 Πάσχα
592 5039 691 5109 τὴν
718 5040 992 5109 .ήμέραν,
1020 5041 1080 5093 οὔ
1121 5040 1341 5094 δύναται
1394 5044 1570 5095 είπεῐν
1635 5045 1765 5097 πότε

202 5125 401 5193 ὀφείλει
457 5129 720 5196 γενέσθαι
790 5131 852 5183 τὸ
910 5132 1300 5200 Χριστιανικδν
1371 5133 1583 5203 Πάσχα.
1645 5135 1767 5186 Ἔτι

206 5218 367 5271 ἰστέον
401 5222 485 5273 ὅτι
514 5220 577 5273 τὸ
616 5222 719 5289 μὲν
767 5223 991 5291 νομικδν
1025 5224 1215 5294 Πάσχα
1256 5226 1465 5290 γίνεται
1512 5226 1620 5279 άπὸ
1678 5234 1764 5280 κα¹

203 5307 286 5358 τοῦ
309 5309 553 5379 Μαρτίου
588 5311 759 5380 μηνὸς
790 5314 954 5382 μέχρι
1001 5313 1097 5365 καὶ
1138 5314 1238 5382 τῆς
1290 5315 1764 5384 ὀκτωκαιδεκάτης

202 5398 286 5451 τοῦ
328 5400 646 5469 Ἀπριλλίου
675 5402 845 5472 μηνός
869 5418 886 5437 ο
917 5403 977 5455 τὸ
1004 5404 1061 5457 δὲ
1087 5404 1478 5474 Χριστιανικὸν
1511 5408 1617 5459 άπὸ
1664 5409 1763 5478 τῆς

206 5496 281 5555 κγ’
299 5492 387 5544 τοῦ
414 5494 663 5562 Μαρτίου
694 5494 867 5565 μηνὸς
896 5496 1054 5566 μέχρι
1081 5497 1178 5567 τῆς
1200 5503 1278 5548 κε’
1309 5497 1404 5550 τοῦ
1440 5500 1757 5565 Ἀπριλλίου

208 5582 386 5648 μηνός.
413 5583 634 5636 Τούτων
663 5585 721 5638 δὲ
767 5585 910 5638 οὕτω
937 5587 1456 5657 προθεωρηθίντων,
1505 5592 1553 5642 εί
1585 5590 1761 5655 θέλεις

206 5670 671 5739 ἑξακριϐὼσασθαι
702 5676 806 5746 τὴν
831 5676 1047 5747 ⁴ἡμέραν
1084 5676 1180 5730 τοῦ
1220 5677 1513 5731 Ἰουδαῖκοῦ
1568 5680 1761 5751 Πάσχα

205 5763 288 5814 καὶ
311 5763 400 5818 τοῦ
434 5764 855 5835 Χριστιανικοῦ,
888 5768 1121 5838 ζήτησον
1152 5767 1366 5837 πρῶτον
1398 5770 1489 5823 καὶ
1520 5770 1643 5839 sape
1670 5772 1759 5824 τὸν

1873 4585 2214 4641 convenienti
2254 4596 2495 4655 tempore
2540 4585 2620 4639 vel
2674 4603 2702 4638 ιι
2754 4587 3013 4639 carnibus
3057 4586 3327 4639 abstineat
3363 4585 3443 4637 vel

1872 4678 2077 4731 Pascha
2106 4678 2385 4743 celebret;
2420 4678 2561 4746 quod
2592 4694 2696 4731 non
2729 4688 2812 4731 est
2843 4676 3277 4732 condonaudnm.
3307 4680 3445 4728 Ante

1870 4769 2049 4822 omnia
2077 4783 2210 4838 ergo
2238 4770 2517 4822 sciendum
2571 4779 2674 4832 est,
2723 4769 2866 4837 quod
2923 4769 3025 4822 nisi
3081 4768 3201 4834 quis
3262 4767 3446 4836 legalis

1872 4858 2092 4912 Pascha:
2121 4859 2260 4912 diem
2285 4859 2453 4928 διο
2477 4860 2704 4923 noverit,
2738 4874 2841 4912 non
2868 4870 3041 4927 potest
3070 4860 3207 4913 scire
3229 4860 3445 4927 quando

1870 4950 2238 5003 Christianum
2291 4950 2499 5004 Pascha
2538 4950 2652 5004 ﬁeri
2690 4950 2903 5003 debeat.
2948 4950 3212 5002 Praeterea
3265 4949 3445 5001 scien-

1869 5042 1994 5095 dum
2026 5049 2129 5101 est.
2158 5042 2303 5111 quod
2340 5043 2509 5112 legale
2556 5041 2764 5096 Pascha
2812 5043 2870 5095 lit
2902 5058 2929 5094 a
2975 5043 3236 5094 vicesimo
3267 5041 3444 5105 primo

1872 5132 2076 5187 mensis
2104 5132 2285 5188 Martii
2324 5149 2495 5203 ttsque
2533 5133 2597 5187 ad
2633 5135 2895 5187 decimum
2928 5142 3177 5185 octavum
3216 5131 3439 5198 Aprilis:

1868 5226 2235 5280 Christianum
2276 5235 2451 5279 autem
2483 5242 2511 5278 a
2549 5225 2807 5280 vicesimo
2842 5225 3003 5279 tertio
3054 5223 3231 5277 Martii
3270 5238 3442 5289 usque

1870 5314 1936 5368 ad
1962 5314 2279 5369 vicesimum
2331 5316 2578 5383 quintum
2634 5316 2837 5369 mensis
2870 5316 3089 5382 Aprilis.
3121 5312 3217 5368 llis
3259 5323 3437 5367 autem

1867 5405 1947 5459 sic
1998 5407 2229 5474 primum
2279 5406 2659 5466 consideratis.
2698 5408 2740 5461 si
2777 5406 2913 5461 velis
2952 5405 3165 5460 Jndaici
3219 5404 3441 5459 Pascha:

1868 5495 2010 5551 diem
2042 5507 2231 5552 exacte
2262 5500 2423 5562 scire,
2450 5508 2505 5551 et
2534 5496 2717 5551 itidem
2748 5496 3039 5552 Christiani
3070 5536 3083 5559 ,
3113 5510 3293 5565 quaere
3328 5494 3438 5561 pri-

1868 5604 2011 5641 mum
2043 5598 2099 5643 et
2128 5589 2306 5644 inveni
2330 5589 2535 5659 cyclnm
2574 5588 2732 5653 lunm,
2760 5589 2846 5656 qui
2878 5589 2957 5643 sic
2990 5589 3257 5641 invenitur
3284 5604 3295 5639 :
3330 5584 3439 5637 Nu-

1868 5695 2011 5733 mera
2042 5695 2213 5735 annos
2247 5696 2275 5733 a
2306 5681 2583 5735 creatione
2611 5680 2827 5743 mundi,
2855 5689 2909 5734 et
2938 5696 3034 5749 per
3068 5679 3437 5733 novcunlerim

1865 5788 1961 5827 eos
1996 5771 2193 5838 divide,
2221 5778 2274 5827 et
2304 5772 2393 5843 qui
2426 5771 2809 5838 remanserint,
2844 5773 3050 5841 cyclotu
3084 5772 3224 5825 luna:
3258 5768 3437 5825 decla-
