4000 6464
580 368 686 429 279

1790 383 2065 445 THEOD.
2097 386 2495 450 BALSAMON

3698 401 3810 464 280

583 480 792 531 rahuut.
833 478 1028 532 Deinde
1054 481 1210 533 etiam
1236 485 1440 552 cyclum
1464 487 1588 541 solis
1616 489 1792 545 inveni
1820 493 1920 547 hoc
1949 495 2125 548 modo:

2234 497 2432 551 κύκλον
2485 499 2586 569 τῆς
2630 501 2881 572 σελήνης,
2935 504 2996 568 ὃς
3040 505 3133 560 καὶ
3192 508 3504 579 εὑρίσκεται
3552 514 3759 566 οὕτωσέ
3787 531 3804 549 ο

580 568 809 620 Numera
843 584 1009 623 annos
1039 587 1066 624 a
1089 575 1373 629 creatione
1409 581 1612 644 mundi,
1638 591 1686 635 et
1719 598 1813 637 eos
1835 585 2008 639 divide
2038 601 2132 654 per

579 658 762 724 viginti
805 669 946 724 octo,
984 673 1034 714 et
1065 664 1152 729 qui
1191 676 1393 721 restant
1426 668 1510 722 dic
1536 685 1626 723 eos
1659 673 1869 742 cyclum
1899 675 2128 728 solarem

575 751 866 807 declarare.
895 754 1036 824 Cycli
1070 759 1281 825 quidem
1308 761 1567 834 lun-r,qui
1595 777 1721 820 sunt
1743 771 2127 836 novemdecim,

581 843 842 911 incipiunt
873 862 899 899 a
937 863 1120 904 mense
1153 849 1408 906 Januario
1435 872 1448 907 :
1489 856 1621 925 cycli
1653 867 1828 912 autem
1863 861 2012 922 solis,
2037 860 2128 928 qui

577 944 700 987 sunt
734 937 918 1002 viginti
950 948 1072 993 octo
1103 956 1350 1003 numero.
1385 943 1650 1012 incipiunt
1701 962 1727 998 a
1760 963 1943 1002 mense
1969 948 2130 1004 Octo-

576 1025 678 1076 bri.
711 1025 844 1079 Cum
877 1042 1003 1096 ergo
1027 1031 1159 1099 rycli
1191 1031 1330 1084 lunae
1359 1043 1413 1088 et
1457 1035 1583 1088 solis
1628 1037 1705 1090 sic
1741 1037 2084 1094 inveniantur
2108 1081 2124 1106 ,

576 1114 870 1182 multiplica
913 1120 1164 1175 undecies
1199 1130 1324 1176 tunc
1353 1134 1658 1179 currentem
1703 1128 1839 1183 luna
1876 1129 2119 1200 cyclum;

575 1205 782 1259 deinde
813 1207 949 1262 adde
983 1226 1149 1278 usque
1198 1215 1263 1264 ad
1297 1216 1561 1268 decimum
1616 1226 1826 1271 sextum
1877 1219 2082 1289 cyclum
2110 1258 2127 1284 ,

577 1310 675 1364 pro
707 1299 913 1351 szrculis
941 1300 1158 1370 elapsis,
1193 1318 1284 1358 sex
1313 1304 1450 1367 dics,
1485 1307 1572 1374 qui
1597 1318 1795 1376 epactaa
1832 1309 2124 1376 dicuntur;

573 1395 690 1451 post
727 1386 992 1442 decimum
1036 1405 1245 1446 sextum
1286 1396 1492 1464 cyclum
1524 1412 1688 1465 usque
1744 1401 1809 1452 ad
1859 1400 2123 1454 decimum

573 1490 793 1537 nonum,
813 1479 947 1533 adde
975 1482 1222 1536 similiter
1245 1495 1446 1553 septem
1474 1485 1613 1544 dies;
1645 1495 1694 1540 et
1723 1497 2002 1556 postquam
2030 1490 2127 1544 hos

570 1579 756 1619 omnes
787 1568 899 1621 dies
929 1569 980 1621 in
1015 1587 1178 1626 unam
1206 1588 1467 1628 summam
1497 1577 1794 1647 collegeris.
1822 1578 2002 1634 divide
2035 1596 2128 1636 eos

571 1669 668 1720 per
705 1656 916 1724 triginta
944 1700 958 1724 ,
994 1669 1047 1713 et
1083 1677 1203 1715 cum
1242 1652 1455 1720 veneris
1483 1666 1547 1719 ad
1593 1683 1873 1723 numerum
1911 1671 2127 1739 triginta

570 1744 761 1799 diebus
797 1748 1059 1803 minorem
1089 1793 1104 1818 ,
1135 1767 1255 1806 eum
1289 1770 1458 1815 sume.
1505 1767 1557 1811 et
1592 1767 1666 1812 tot
1694 1760 1807 1813 dies
1842 1777 1906 1815 ex
1939 1777 2127 1817 mense

570 1833 758 1889 Martio
794 1837 872 1892 vel
905 1841 1064 1894 etiam
1101 1843 1266 1909 Aprili
1300 1847 1370 1899 illi
1399 1848 1554 1911 adde,
1590 1860 1720 1918 quot
1749 1852 2035 1920 sumciant,
2068 1867 2122 1909 ut
2155 1841 2195 1896 Β

570 1927 659 1978 liat
691 1944 945 1983 numerus
969 1934 1472 2004 quinquagesitnus,
1512 1950 1565 1993 et
1589 1942 1674 1995 dic
1707 1945 1892 1997 statim
1927 1945 1978 1998 in
2018 1947 2123 2002 line

567 2017 1008 2088 quinquagenarii
1038 2024 1232 2086 debere
1254 2042 1370 2082 esse
1398 2028 1601 2084 Pascha
1637 2033 1822 2099 legale.
1853 2034 1918 2090 Ut
1944 2046 2120 2090 autem

568 2109 708 2172 quod
741 2110 938 2164 dictum
973 2123 1076 2174 est,
1111 2130 1208 2181 per
1237 2118 1537 2186 exemplum
1584 2121 1674 2174 ﬁat
1731 2124 2067 2178 manifestius
2097 2169 2111 2193 ,

568 2198 793 2261 labentis
826 2203 947 2256 anni
985 2206 1159 2260 sexies
1189 2207 1457 2262 millesimi
1487 2213 1862 2266 sexcentesimi
1908 2225 2122 2280 octoge-

564 2288 694 2361 slmi
721 2293 856 2361 sexti
893 2292 1182 2350 Paschales
1213 2297 1322 2353 dies
1358 2315 1557 2366 quazre,
1586 2310 1639 2355 et
1672 2303 1756 2358 die
1786 2304 1898 2370 ita;
1929 2304 2122 2374 Cyclus

565 2377 706 2432 lunae
736 2389 818 2434 est
846 2391 915 2435 eo‘
960 2397 1100 2439 anno
1130 2387 1514 2454 septemdecim
1579 2391 1668 2459 qui
1725 2407 1818 2459 per
1873 2395 2119 2449 undecim

568 2471 952 2539 multiplicatus
985 2473 1148 2530 elﬁcit
1200 2477 1312 2531 dies
1345 2489 1557 2533 centum
1597 2485 1861 2551 octoginta
1895 2497 2119 2554 septem.

569 2561 830 2616 Undecies
856 2565 999 2617 enim
1028 2569 1405 2633 septemdecim
1441 2581 1565 2624 sunt
1597 2584 1812 2627 centum
1850 2577 2119 2645 octoginta

566 2661 790 2735 septem.
823 2651 915 2708 His
946 2669 1040 2724 pro
1067 2658 1297 2724 saeculis,
1333 2669 1388 2714 ut
1410 2662 1608 2715 dictum
1636 2674 1738 2726 est,
1765 2665 1952 2720 diebus
1989 2682 2122 2735 quo-

567 2758 670 2812 que
731 2755 937 2814 septem
990 2746 1220 2803 addictis
1254 2790 1268 2816 ,
1323 2751 1548 2806 eﬂicitur
1609 2771 1861 2810 numerus
1918 2759 2121 2813 dierum

566 2846 784 2887 centum
856 2838 1145 2908 nonaginta
1206 2855 1455 2908 quatuor.
1494 2846 1610 2910 Quo
1649 2849 1861 2915 quidem
1897 2865 2122 2907 numero

565 2937 660 2991 per
694 2924 914 2993 triginta
940 2928 1131 2994 diviso,
1155 2931 1529 3002 relinquuntur
1550 2935 1665 2990 dies
1693 2940 2119 3006 quatuordecim:

565 3012 741 3066 sexies
770 3015 908 3066 enim
940 3017 1155 3086 triginta
1178 3030 1305 3074 sunt
1337 3033 1552 3076 centum
1582 3028 1871 3093 octoginta.
1897 3027 1968 3082 Ut
1994 3042 2121 3096 ergo

567 3101 661 3155 ﬁat
697 3118 949 3159 numerus
976 3106 1184 3161 dierum
1232 3111 1652 3182 quinquaginta,
1685 3130 1788 3183 quo
1821 3118 2123 3172 inveniatur

566 3195 682 3248 dies
717 3195 935 3251 Pascha:
965 3200 1170 3267 legalis,
1205 3202 1341 3256 adde
1384 3205 1541 3259 dictis
1570 3209 1973 3274 quattuordecim
2008 3209 2121 3263 die-

566 3287 665 3340 bus
692 3303 855 3341 unum
884 3297 938 3344 et
961 3292 1175 3361 triginta
1201 3294 1316 3347 dies
1337 3295 1511 3348 Martii
1536 3307 1586 3350 et
1611 3298 1808 3366 Aprilis
1835 3300 1947 3353 dies
1973 3302 2126 3369 quin-

569 3395 707 3447 que;
745 3390 795 3435 et
847 3383 925 3435 sic
972 3398 1092 3436 cum
1147 3387 1534 3456 quinquaginta
1580 3390 1785 3442 dierum
1841 3406 2122 3446 numerum

569 3471 836 3538 effeceris,
868 3475 954 3527 dic
987 3477 1180 3530 debere
1210 3478 1326 3529 ﬁeri
1374 3478 1580 3531 Pascha
1614 3482 1782 3547 legale
1819 3481 2009 3548 quinto
2039 3484 2124 3535 die

573 3561 775 3613 mensis
803 3563 1022 3629 Aprilis.
1053 3563 1188 3627 Quia
1218 3575 1394 3617 autem
1427 3570 1626 3621 mensis
1666 3570 1878 3636 quidem
1902 3569 2015 3622 dies
2047 3570 2125 3624 sic

569 3653 1076 3721 comprehenditur;
1137 3656 1450 3724 septimana:
1499 3671 1678 3711 autem
1727 3660 1838 3712 dies
1888 3661 2125 3716 incertus

568 3755 649 3798 est
683 3764 695 3796 :
741 3762 874 3813 opus
904 3757 984 3801 est
1013 3755 1066 3801 te
1112 3763 1323 3817 qquue
1379 3765 1495 3802 eam
1542 3753 1741 3806 doceri.
1773 3752 1836 3805 Et
1874 3755 2123 3822 quoniam

572 3836 670 3888 hoc
702 3851 841 3889 anno
873 3837 1052 3903 cyclus
1086 3840 1213 3893 solis
1243 3848 1325 3892 est
1368 3842 1657 3896 vicesimus
1704 3845 1992 3908 secundus,
2029 3859 2126 3914 cy-

568 3927 761 3978 clicum
799 3926 939 3980 hunc
988 3944 1268 3982 numerum
1328 3945 1499 3994 sume,
1549 3942 1601 3985 et
1647 3949 1746 4001 pro
1804 3949 2125 4003 nnoquoque

565 4015 902 4084 quatlrienno
951 4029 1167 4084 propter
1195 4021 1488 4074 bissextum
1521 4024 1660 4076 diem
1695 4040 1855 4077 unum
1889 4026 1935 4079 ei
1968 4027 2123 4087 adde.

567 4107 770 4162 scilicet
801 4121 896 4173 pro
924 4109 1105 4179 viginti
1140 4112 1346 4166 duobus
1375 4113 1537 4181 ryclis
1583 4115 1695 4168 dies
1738 4116 1994 4183 quinque,
2029 4119 2120 4185 qui

567 4202 728 4253 etiam
759 4213 960 4270 epactre
998 4203 1267 4256 dicuntur.
1329 4205 1404 4258 lta
1446 4208 1527 4261 his
1558 4207 1714 4272 adde,
1744 4209 1786 4262 si
1823 4210 2039 4278 quidem
2071 4211 2125 4263 in

570 4307 752 4345 mense
790 4293 980 4346 Martio
1013 4294 1179 4362 legale
1207 4294 1409 4348 Pascha
1439 4297 1727 4363 invenitur,
1754 4299 1974 4368 ratione
1989 4315 2124 4368 prte-

568 4383 844 4435 lcrilorum
870 4386 1153 4450 mensium,
1184 4386 1277 4454 qui
1313 4398 1663 4441 numerantur
1693 4404 1720 4442 a
1757 4405 1938 4444 mense
1960 4389 2124 4446 Octo-

2246 589 2572 658 ’Δρίθμησον
2601 591 2667 642 τὰ
2713 592 2820 645 ἀπὸ
2851 594 3082 658 κτίσεως
3112 598 3316 666 κόσμου
3345 601 3462 670 ἔτη,
3495 603 3590 655 καὶ
3619 603 3795 671 ὔφελε

2232 678 2368 732 αὐτὰ
2405 679 2496 730 ἐπὶ
2530 681 2639 732 τῶν
2672 679 2757 746 ιϐ’,
2786 685 2972 738 καὶτὰ
2998 686 3434 756 ἑναπομείναντά
3466 693 3574 745 είσι
3619 695 3809 764 δηλω-

2229 769 2358 820 τικὰ
2411 769 2504 822 τοῦ
2563 771 2766 824 κύκλου
2796 774 2898 842 τῆς
2948 778 3197 847 σελήνης.
3229 776 3361 833 Εἶτα
3394 783 3523 852 εύρὲ
3567 786 3664 837 καὶ
3709 788 3810 839 τὸν

2231 860 2427 914 κύκλον
2476 862 2570 914 τοῦ
2619 864 2770 933 ἡλίου
2806 864 2980 928 οὕτως
3025 883 3040 899 ³
3087 870 3394 941 άρίθμησον
3423 876 3494 927 τά
3529 878 3641 929 ἀπὸ
3682 879 3808 931 κτί-

2229 973 2368 1017 σεως
2403 958 2608 1025 κόσμου
2661 958 2779 1028 ἔτη,
2814 962 2909 1014 καὶ
2948 961 3110 1029 ὕφελε
3159 965 3298 1018 αὐτὰ
3325 968 3418 1020 ἐπὶ
3451 970 3565 1022 τῶν
3616 975 3807 1025 εἴκοσι

2229 1045 2322 1096 καὶ
2350 1044 2512 1109 ὀκτὼ,
2553 1046 2647 1098 καὶ
2693 1048 2763 1100 τὰ
2797 1050 3313 1121 περιλιμπανόμενα
3350 1058 3473 1109 είπὲ
3513 1058 3807 1125 δηλωτικὰ

2227 1129 2369 1185 εἶναι
2424 1134 2517 1187 τοῦ
2557 1135 2755 1189 κύκλου
2795 1137 2888 1190 τοῦ
2921 1139 3092 1209 ἡλίου.
3126 1143 3188 1193 Oi
3227 1144 3406 1210 μέντοι
3452 1146 3654 1199 κύκλοι
3705 1150 3810 1217 τῆς

2230 1224 2480 1294 σελήνης,
2519 1225 2807 1281 δεκαεννέα
2855 1230 3028 1294 ὄντες,
3058 1231 3322 1300 ἄρχονται
3376 1236 3485 1287 ἀπὸ
3521 1238 3618 1290 τοῦ
3666 1239 3809 1290 Ἰαν-

2227 1315 2480 1382 νουαρίου
2514 1316 2682 1384 μηνός
2703 1332 2716 1346 ⁸
2751 1319 2800 1370 oi
2841 1318 2896 1371 δὲ
2928 1318 3117 1372 κύκλοι
3141 1320 3235 1374 τοῦ
3270 1323 3441 1392 ἡλίου,
3480 1325 3663 1378 εἴκοσι
3710 1329 3811 1381 καὶ

2226 1402 2368 1454 ὀκτὼ
2393 1403 2546 1467 ὄντες
2579 1405 2670 1458 τὸν
2711 1407 2965 1478 ἀριθμὸν,
3011 1411 3268 1480 ἄρχονται
3310 1414 3419 1465 ἀπὸ
3464 1417 3559 1468 τοῦ
3592 1417 3813 1470 Ὀκτωο

2227 1491 2380 1559 ὁρίου
2437 1496 2624 1563 μηνός.
2660 1497 2779 1548 Τῶν
2833 1498 2963 1564 γοῦν
3004 1499 3222 1554 κύκλων
3279 1503 3379 1570 τῆς
3430 1506 3671 1575 σελήνης
3707 1509 3812 1562 καὶ

2224 1584 2319 1638 τοῦ
2369 1585 2521 1654 ἡλίου
2585 1584 2756 1650 οὕτως
2799 1589 3245 1660 εὑρισκομένων,
3295 1595 3813 1651 ἑνδεκαπλασίασον

2218 1676 2315 1728 τὸν
2346 1677 2607 1745 τρέχοντα
2627 1678 2926 1748 τηνικαῦτα
2966 1681 3166 1735 κύκλον
3212 1683 3310 1752 τῆς
3359 1685 3587 1755 σελήνης
3611 1702 3630 1718 ο
3673 1684 3807 1740 εἶτα

2230 1768 2661 1839 πρόσθεςῖμέχρι
2694 1772 2790 1840 μὲν
2841 1771 2934 1824 τοῦ
2971 1779 3024 1836 ς’
3061 1773 3262 1826 κύκλου
3315 1775 3475 1842 χάριν
3512 1776 3624 1828 τῶν
3659 1795 3813 1846 παρ-

2225 1861 2485 1914 ελθόντων
2540 1863 2752 1914 αἰώνων
2814 1862 3028 1933 ἡμέρας
3081 1863 3140 1927 ἓξ
3186 1867 3285 1928 τὰς
3346 1867 3648 1935 λεγομένας
3701 1869 3812 1920 ἒπ-

2223 1951 2414 2014 απιτάς.
2448 1952 2598 2004 Μετὰ
2629 1951 2685 2003 δὲ
2709 1953 2798 2005 τὸν
2820 1953 2898 2016 ις’
2927 1953 3124 2006 κύκλον
3152 1955 3311 2024 μέχρι
3341 1956 3524 2024 τοῦειίγ
3555 1958 3814 2025 πρόσθες

2225 2043 2363 2112 ὑπὲρ
2391 2045 2578 2113 ὁμοίου
2609 2047 2826 2116 ἡμέρας
2849 2047 2988 2099 ἑπτά
3011 2063 3027 2078 ο
3055 2049 3150 2099 καὶ
3177 2049 3316 2116 μετὰ
3347 2049 3406 2101 τὸ
3431 2049 3664 2118 ποιῆσαι
3701 2051 3813 2120 τὴν

2222 2137 2330 2188 τῶν
2358 2139 2619 2191 τοιούτων
2674 2140 2812 2192 ὅλων
2873 2141 3096 2209 ἡμερῶν
3147 2141 3360 2206 ἕνωσιν,
3403 2142 3566 2208 ὓφελε
3618 2143 3811 2204 αὑτὰς

2189 2229 2312 2284 ,ἐπὶ
2358 2229 2466 2281 τῶν
2520 2228 2583 2294 λ’,
2639 2231 2735 2282 καὶ
2792 2230 2920 2283 ὅταν
2978 2233 3326 2302 καταντήσῃς
3383 2234 3460 2293 είς
3513 2232 3812 2299 ποσότητα

2223 2321 2422 2388 ἥττονα
2449 2320 2558 2372 τῶν
2583 2321 2626 2372 λ’
2653 2321 2898 2389 ἡμερῶν,
2933 2322 3025 2373 καὶ
3055 2323 3326 2390 κράτησον
3353 2324 3433 2384 είς
3463 2324 3559 2384 τὰς
3588 2324 3796 2391 χεῖράς

2225 2397 2317 2463 σου
2345 2411 2546 2480 ταύτην
2596 2414 2686 2465 καὶ
2715 2412 2912 2465 ἐνωσον
2962 2413 3047 2464 ἐπ’
3073 2415 3211 2482 αὐτῇ
3260 2415 3367 2466 ἀπὸ
3404 2415 3496 2465 τοῦ
3526 2415 3798 2481 Μαρτίου

2227 2503 2388 2570 μηνὸς
2423 2502 2455 2570 ἡ
2497 2502 2713 2555 καὶτοῦ
2757 2503 3066 2571 Ἀπριλλίου
3116 2504 3328 2572 ἡμέρας
3358 2506 3481 2556 ὅσαι
3521 2503 3810 2571 ἐξαρκοῦ-

2225 2607 2310 2643 σιν
2357 2594 2436 2655 είς
2466 2593 2527 2643 τὸ
2574 2593 3003 2661 συμποσωθῆναι
3056 2609 3415 2664 πεντηκοντα.
3443 2593 3552 2646 Καὶ
3588 2594 3808 2646 αὐτίκα

2223 2685 2342 2737 εἰπὲ
2385 2685 2526 2737 κατὰ
2566 2685 2625 2737 τὸ
2650 2684 2800 2748 τέλος
2845 2685 2942 2753 τῆς
2970 2684 3404 2752 πεντηκοντάδος
3435 2682 3676 2750 ὀφείλειν
3711 2686 3811 2752 γί-

2224 2773 2411 2827 νεσθαι
2465 2776 2525 2827 τὸ
2580 2776 2802 2844 νομικὸν
2859 2775 3070 2844 Πάσχα.
3105 2775 3226 2828 Ἵνα
3263 2775 3318 2828 δὲ
3350 2777 3444 2828 καὶ
3487 2777 3576 2828 διὰ
3621 2793 3818 2846 παρα-

2221 2865 2514 2934 δείγματος
2545 2865 2879 2934 σαφέστερον
2911 2867 3139 2935 γένηται
3177 2866 3237 2919 τδ
3267 2867 3583 2935 λεγόμενον,
3619 2867 3807 2936 ζήτη-

2225 2974 2316 3011 σον
2367 2957 2465 3020 τὰς
2529 2957 2622 3010 τοῦ
2679 2957 2961 3027 τρέχοντος
3016 2959 3195 3026 ςχπς¹
3251 2959 3404 3022 ἔτους
3480 2957 3812 3027 Πασχαλίου

2222 3047 2458 3115 ἡμέρας,
2494 3048 2586 3099 xui.
2631 3048 2752 3100 εἰπὲ
2795 3047 2969 3107 οὓτως
2995 3065 3010 3081 ο
3076 3045 3138 3100 '0
3169 3047 3368 3111 κύκλος
3422 3048 3525 3117 τῆς
3561 3049 3810 3118 σελήνης

2149 3155 2191 3213 c
2225 3138 2364 3188 κατὰ
2395 3135 2454 3186 τὸ
2479 3134 2719 3188 τοιοῦτον
2763 3135 2882 3200 ἔτος
2927 3137 3077 3189 ἐστὶν
3122 3137 3611 3201 ἑπτακαιδέκατος,
3641 3141 3811 3201 ὅστις

2232 3225 2858 3296 ἐνδεκαπλασιαζόμενος
2910 3230 3167 3283 ἀποτελεῖ
3221 3233 3436 3302 ἡμέρας
3482 3231 3630 3300 ρπζ¹.
3677 3232 3812 3285 Ἑν-

2227 3318 2448 3380 δεκάκις
2499 3319 2607 3388 γὰρ
2659 3318 2930 3372 δεκαεπτὰ
2986 3322 3129 3390 ρπζκ
3187 3323 3641 3393 Προστιθεμένων
3703 3324 3811 3377 οὖν

2226 3410 2434 3469 τούτοις
2466 3409 2624 3479 χάριν
2659 3409 2768 3462 τῶν
2803 3410 3037 3474 αἰώνων,
3069 3411 3145 3473 ὡς
3178 3414 3415 3480 εἴρηται,
3436 3413 3533 3466 καὶ
3562 3416 3809 3484 ἡμερῶν

2228 3497 2398 3560 ἑπτὰ,
2445 3499 2787 3552 ἀποτελεῖται
2829 3500 3063 3569 ποσότης
3100 3500 3326 3569 ἡμερῶν
3382 3498 3516 3569 ρι,δ’.
3566 3495 3679 3560 Ἦς
3740 3499 3812 3572 δὴ

2229 3589 2525 3656 ποσότητος
2557 3589 2898 3657 ὑφελομένης
2925 3591 3019 3641 ὲπὶ
3047 3590 3155 3642 τῶν
3190 3589 3254 3652 λ’,
3293 3590 3807 3658 περιλιμπάνονται

2230 3678 2432 3748 ἡμέραι
2469 3677 2547 3732 ιδ’.
2618 3678 2832 3742 Ἐξάκις
2863 3680 2969 3748 γὰρ
3003 3680 3296 3748 τριάκοντα
3336 3686 3442 3747 ρπ¹.
3466 3680 3583 3732 Ἵνα
3615 3681 3811 3734 τοίνυν

2230 3763 2514 3817 ποσωθῶσι
2552 3767 2892 3834 πεντήκοντα
2923 3765 3148 3836 ἡμέραι,
3180 3769 3340 3836 χάριν
3366 3767 3460 3820 τοῦ
3498 3767 3811 3838 εὑρεθῆναι

2227 3853 2324 3920 τὴν
2367 3854 2584 3924 ἡμέραν
2617 3855 2712 3908 τοῦ
2749 3856 2981 3926 νομικοῦ
3043 3859 3255 3928 Πάσχα,
3284 3859 3487 3912 ἓνωσον
3527 3862 3650 3922 ταῖς
3704 3862 3813 3931 ῥη-

2229 3943 2437 4006 Θείσαις
2468 3944 2601 3998 δέκα
2671 3947 2806 4016 πρὸς
2862 3950 2985 4010 ταῖς
3039 3949 3332 4018 τέσσαρσιν
3403 3951 3641 4019 ἡμέραις
3700 3953 3812 4016 τὰς

2227 4035 2520 4103 τριάκοντα
2549 4036 2684 4105 πρὸς
2715 4041 2781 4107 τῇ
2817 4042 2917 4109 μιᾷ
2962 4041 3176 4110 ἡμέρας
3208 4043 3301 4093 τοῦ
3336 4041 3584 4110 Μαρτίου
3627 4045 3812 4112 μηνὸς

2229 4125 2322 4177 καὶ
2356 4126 2464 4178 ἀπὸ
2507 4126 2602 4179 τοῦ
2649 4128 2959 4196 Ἀπριλλίου
3013 4131 3228 4200 ἡμέρας
3258 4131 3454 4184 πέντεα
3503 4135 3601 4185 καὶ
3651 4134 3812 4186 οὕτω

2231 4219 2595 4289 συμποσὼσας
2631 4222 2844 4291 ἡμέρας
2883 4221 2925 4275 ν’
2966 4223 3089 4290 λέγε
3145 4224 3383 4292 ὀφείλειν
3424 4225 3684 4291 γενέσθαι
3743 4228 3813 4278 τὸ

2230 4311 2449 4378 νομικὸν
2497 4312 2687 4380 Πάσχα
2739 4315 2878 4365 κατὰ
2902 4314 3004 4384 τὴν
3042 4315 3300 4384 πέμπτην
3344 4315 3437 4367 τοῦ
3477 4317 3810 4385 Ἀπριλλίου

2235 4400 2420 4469 μηνός.
2460 4401 2580 4453 Ὀτι
2611 4401 2665 4453 δὲ
2694 4403 2725 4471 ἡ
2762 4401 2860 4470 μὲν
2886 4404 2978 4455 τοῦ
3013 4405 3180 4475 μηνὸς
3215 4406 3400 4474 ἡμέρα
3431 4405 3572 4458 οὕτω
3617 4423 3812 4459 κατα-

570 4474 648 4525 hri
681 4513 694 4534 ,
733 4475 848 4526 dies
882 4476 1164 4538 undecim;
1212 4477 1417 4532 scilicet
1462 4494 1556 4546 pro
1584 4479 1805 4534 Octobri
1847 4483 1959 4536 dies
1994 4493 2120 4547 tres,

2230 4490 2640 4562 λαμϐάνεται,ἡ
2672 4494 2728 4545 δὲ
2763 4496 2860 4563 τῆς
2892 4473 3182 4565 ἑϐδομάδος
3213 4473 3396 4567 ἡμέρα
3424 4497 3619 4567 ἄδηλός
3653 4498 3809 4564 ἐστι,

567 4582 630 4618 eo
659 4566 800 4633 quod
838 4567 1028 4621 habeat
1062 4569 1148 4623 hic
1195 4570 1392 4624 mensis
1439 4572 1552 4624 dies
1599 4572 1812 4640 triginta
1846 4584 1898 4626 et
1930 4591 2123 4642 unum;

569 4673 664 4725 pro
695 4656 1017 4725 Novembri,
1062 4661 1194 4714 tluos
1235 4661 1370 4724 dies,
1401 4661 1537 4728 quod
1571 4663 1616 4716 is
1649 4664 1840 4717 habeat
1871 4666 1986 4720 dies
2029 4669 2126 4719 tri-

569 4753 733 4818 ginta,
762 4763 814 4805 et
837 4767 935 4819 pro
973 4753 1250 4808 Decembri
1287 4765 1340 4808 et
1377 4753 1638 4810 Januario
1673 4759 1786 4812 dies
1820 4775 1909 4812 sex
1937 4799 1952 4823 ,
1987 4761 2126 4828 quod

573 4843 940 4911 unusquisque
975 4859 1157 4898 eorum
1212 4846 1402 4900 habeat
1432 4848 1545 4902 dies
1578 4850 1790 4918 triginta
1837 4860 1892 4904 et
1941 4868 2124 4908 unum.

575 4935 677 4989 l‘ro
703 4950 883 4988 mense
921 4944 1095 4988 autem
1168 4938 1424 4991 ebrnario
1474 4941 1603 4992 nihil
1653 4943 1840 5006 addes,
1877 4958 1942 4998 eo
1987 4947 2126 5013 quod

573 5028 616 5078 ei
651 5026 787 5079 desit
825 5040 836 5074 :
873 5027 913 5078 si
947 5035 1120 5080 autem
1164 5026 1434 5081 invenitur
1469 5028 1675 5082 Pascha
1724 5032 1889 5099 legale
1949 5051 2131 5090 mense

574 5115 760 5181 Aprili,
803 5125 858 5166 ut
892 5117 947 5167 lit
977 5118 1025 5168 in
1053 5119 1297 5184 prses-emi
1335 5127 1572 5187 tempore
1603 5136 1618 5172 :
1648 5121 1783 5174 adde
1813 5124 1974 5177 etiam
2011 5136 2120 5180 tres

574 5208 707 5261 alios
745 5210 855 5261 dies
886 5223 980 5274 pro
1014 5225 1192 5264 mense
1223 5210 1433 5276 Martio,
1465 5221 1520 5264 ut
1569 5213 1677 5267 sint
1717 5230 1810 5280 pro
1859 5218 2128 5271 mensibus

573 5300 688 5353 dies
719 5301 1142 5367 qualuordccim.
1187 5301 1448 5368 Legitimo
1491 5295 1618 5373 ergo
1653 5304 1871 5358 Pascha:
1907 5308 1990 5359 die
2045 5309 2128 5362 in-

577 5399 755 5450 vento,
790 5399 847 5442 ut
877 5391 1135 5455 diximus,
1166 5391 1352 5458 quinto
1387 5396 1583 5448 mensis
1609 5397 1766 5465 611
1798 5397 2015 5464 Aprilis,
2051 5400 2132 5453 his

578 5481 711 5532 adde
746 5481 816 5533 22
843 5482 954 5534 dies
979 5483 1170 5538 solaris
1207 5484 1361 5551 rycli.
1407 5494 1459 5537 et
1499 5501 1562 5540 ex
1607 5489 1840 5544 bisseno
1875 5492 2133 5559 quinque,

577 5570 662 5634 qui
694 5570 853 5622 etiam
885 5581 1084 5635 epacta:
1127 5571 1403 5638 dicuntur,
1432 5583 1484 5626 et
1516 5576 1579 5628 14
1611 5578 1870 5630 mensium
1898 5595 1912 5643 ;
1943 5590 1995 5633 et
2042 5595 2134 5635 eos

578 5676 760 5714 omnes
789 5663 848 5716 4i
885 5661 1085 5715 dierum
1120 5679 1384 5717 summam
1415 5665 1603 5734 collige
1635 5683 1696 5720 ac
1727 5684 1914 5725 rursus
1943 5671 1996 5723 in
2040 5688 2130 5725 sex

579 5751 902 5818 septimanos
949 5752 1189 5819 resolvo,
1238 5755 1314 5808 sic
1365 5755 1631 5823 dicendo,
1682 5761 1879 5815 sextius
1929 5769 2130 5829 septem

2233 4585 2408 4651 χρεών
2457 4584 2572 4635 ἐστι
2643 4586 2738 4637 καὶ
2786 4586 2998 4655 ταύτην
3062 4588 3488 4657 ἀναδιδαχθῆναί
3542 4604 3626 4641 σε.
3690 4590 3814 4641 Καὶ

2231 4674 2354 4725 ὲπεί
2412 4673 2529 4725 ἐστι
2584 4673 2724 4726 κατὰ
2777 4675 2837 4726 τὸ
2883 4676 3127 4729 τοιοῦτον
3189 4677 3309 4739 ἔτος
3357 4679 3385 4730 ὁ
3437 4676 3636 4739 κύκλος
3704 4677 3812 4729 τοῦ

2233 4761 2382 4830 ἡλίου
2433 4759 2533 4828 κβ’,
2569 4761 2839 4830 κράτησον
2870 4763 2949 4825 είς
2981 4763 3080 4824 τὰς
3112 4764 3300 4832 χεῖράς
3347 4781 3442 4816 σου
3482 4763 3580 4832 τὴν
3613 4764 3814 4815 τοιαύο

2231 4869 2332 4921 την
2385 4853 2647 4920 κυκλικὴν
2701 4853 2997 4920 ποσότητα,
3043 4852 3137 4906 xul.
3192 4855 3395 4907 ἓνωσον
3441 4855 3619 4926 ταύτῃ
3661 4855 3814 4924 ὑπὲρ

2234 4944 2466 5011 ἑκάστης
2515 4945 2832 5013 τετραετίας
2880 4944 3040 5013 χάριν
3086 4945 3181 4999 τοῦ
3238 4945 3520 5014 βισέξστου
3577 4946 3814 5014 ἡμέραν

2237 5035 2385 5102 μίαν,
2416 5035 2580 5102 ἠγουν
2611 5034 2750 5102 ὑπὲρ
2779 5035 2886 5086 τῶν
2920 5033 3001 5103 κβ¹
3033 5033 3249 5087 κύκλων
3279 5033 3494 5103 ἡμέρας
3523 5041 3587 5096 ε’,
3622 5035 3679 5087 αἳ
3709 5037 3813 5088 καὶ

2233 5125 2466 5175 ὲπακταὶ
2489 5123 2757 5188 λέγονται.
2792 5123 3070 5186 Ὠσαύτως
3103 5124 3306 5176 ἓνωσον
3337 5126 3585 5187 ταύταις,
3614 5125 3664 5175 εί
3705 5125 3815 5191 μὲν

2232 5215 2294 5266 τὺ
2323 5214 2542 5282 νομικὸν
2601 5214 2788 5281 Πάσχα
2819 5215 3138 5281 εὑρίσκεται
3201 5215 3280 5275 είς
3328 5214 3576 5282 Μάρτιον
3631 5212 3812 5281 μῆνα,

2235 5306 2377 5374 λόγῳ
2408 5305 2516 5357 τῶν
2543 5305 3035 5374 προπαρελκόντων
3065 5304 3249 5373 μηνῶν
3273 5304 3382 5358 τῶν
3409 5303 3815 5372 ψηφιζομένων

2235 5396 2341 5447 ἀπὸ
2375 5395 2463 5445 τοῦ
2500 5395 2832 5464 Ὀκτωὸρίου
2868 5396 3056 5463 μηνὸς,
3090 5395 3305 5463 ἡμέρας
3341 5400 3435 5452 ια’,
3462 5394 3632 5463 ἤγουν
3663 5394 3813 5464 ὑπὲρ

2234 5486 2328 5538 τοῦ
2364 5487 2695 5556 Ὀκτωϐρίου
2741 5487 2954 5557 ἡμέρας
2985 5485 3053 5554 γ’,
3081 5486 3171 5539 διὰ
3218 5491 3280 5538 τὸ
3309 5487 3454 5554 ἔχειν
3502 5488 3594 5539 τὸν
3644 5487 3814 5539 αὐτὸν

2239 5577 2382 5644 μῆνα
2408 5575 2449 5626 λ’
2481 5579 2616 5646 πρὸς
2644 5580 2710 5646 τῇ
2768 5579 2899 5647 μιᾷ·
2933 5578 3072 5647 ὑπὲρ
3116 5579 3209 5630 τοῦ
3262 5579 3571 5647 Νοεμϐρίου
3636 5581 3816 5648 μηνὸς

2237 5668 2445 5736 ἡμέρας
2473 5669 2537 5737 β’,
2574 5670 2661 5720 διὰ
2689 5669 2748 5720 τὸ
2772 5669 2918 5737 ἔχειν
2976 5670 3166 5722 τοῦτον
3218 5671 3434 5740 ἡμέρας
3483 5671 3808 5741 τριάκονταο

2241 5760 2332 5810 καὶ
2386 5759 2525 5828 ὑπὲρ
2575 5762 2667 5813 τυῦ
2724 5761 3059 5834 Δεκεμϐρίου
3118 5763 3212 5815 καὶ
3271 5761 3364 5814 τοῦ
3438 5763 3809 5830 Ἰαννουαρίου
