4000 6430
195 385 287 448 231

1154 382 1238 451 IN
1275 388 1441 452 CAN.
1478 388 1758 451 LXXVII
1803 388 2011 453 CONC.
2053 391 2429 453 CARTBAG.

3332 377 3439 441 232

196 502 409 567 ἡμέρας
456 498 540 566 ἒξ,
585 498 672 553 διὰ
722 498 788 554 τδ
844 498 992 571 {xm
1045 498 1267 564 τούτους
1319 499 1424 553 ἀνὰ
1474 499 1770 570 τριάκοντα

1896 499 2223 570 ιυεὰτεεῑυια
2251 502 2374 562 duo,
2411 499 2648 553 invenies
2677 499 2911 566 reliquos
2943 497 3058 551 dies
3102 495 3134 548 4
3173 495 3284 548 ﬁeri
3315 493 3429 547 sci-

196 593 329 656 πρὸς
354 594 422 661 τῇ
457 592 556 661 μιᾷ
584 607 598 622 ·
628 592 770 660 ὑπὲρ
793 591 991 646 δὶιτοῦ
1035 592 1400 662 Φεϐρουαρίου
1439 589 1608 662 μηνδς
1655 605 1762 658 μην

194 683 279 734 διν
322 683 678 751 προσθήσεις,
709 683 800 735 διά
849 683 912 735 τὸ
959 682 1157 752 ιλλιπῆ
1206 683 1396 735 τοῦτον
1423 680 1586 735 εῐναι.
1615 682 1679 735 Ei
1707 681 1764 733 δὲ

195 773 252 825 τὸ
281 771 512 839 νομικὸν
541 773 733 841 Πάσχα
779 773 1094 841 εὑρίσκεται
1143 774 1284 827 κατὰ
1328 773 1418 826 τὸν
1450 771 1764 842 Ἀπρίλλιον

199 862 368 932 μῆνα,
397 863 584 932 ῶσπερ
633 864 847 931 γίνεται
902 865 1041 917 κατὰ
1093 865 1193 933 τὴν
1247 864 1534 932 παροῦσαν
1569 864 1766 932 ὲγχροο

195 948 333 1012 νίαν,
371 948 608 1018 πρόσθες
646 950 743 1002 καὶ
795 951 986 1019 ἑτέρας
1031 953 1245 1020 ἡμέρας
1291 954 1443 1018 τρεῖς
1474 952 1635 1021 χάριν
1662 949 1760 1003 τοῦ

195 1039 449 1108 Μαρτίου
503 1040 710 1111 μηνόςο
762 1042 840 1104 ὡς
890 1038 1029 1094 εἶναι
1085 1042 1182 1105 τὰς
1215 1041 1354 1110 ὗπδρ
1405 1041 1516 1095 τῶν
1573 1041 1761 1110 μηνῶν

194 1131 409 1199 ἡμέρας
440 1130 574 1184 δέκα
605 1132 741 1199 πρὸς
769 1134 893 1193 ταῖς
913 1133 1198 1201 τέσσαρσι.
1224 1132 1332 1185 T05
1365 1131 1498 1200 γοῦν
1530 1130 1758 1202 νομικοῦ

198 1219 415 1285 Πάσχα,
448 1218 526 1281 ὡς
559 1220 809 1288 εἴπομεν,
863 1219 1253 1288 εὑρισκομένου
1304 1220 1385 1282 είς
1431 1220 1530 1282 τὰς
1582 1226 1621 1272 ε’
1671 1217 1765 1272 105

205 1306 522 1376 Ἀπριλλίου
572 1308 760 1378 μηνὸς.
796 1309 1002 1362 ένωσον
1034 1309 1260 1375 ταύταις
1291 1310 1389 1373 τὰς
1440 1309 1523 1380 κβ¹
1552 1311 1767 1380 ἡμέρας

197 1397 286 1449 τοῦ
319 1399 552 1467 ἡλιακοῦ
591 1399 819 1465 κύκλου,
845 1401 941 1463 τὰς
973 1400 1082 1454 ἀπὸ
1122 1400 1214 1453 τοῦ
1264 1401 1550 1470 βισέξστου
1581 1404 1765 1467 πέντε,

196 1488 292 1549 τὰς
324 1488 420 1540 καὶ
453 1489 700 1552 ὲπακτζις
723 1490 1048 1560 λεγομένας,
1069 1493 1162 1544 καὶ
1191 1493 1288 1556 τὰς
1320 1491 1379 1545 ιδ’
1407 1492 1518 1546 τῶν
1552 1493 1768 1563 μηνῶν,

197 1581 288 1632 καὶ
341 1579 714 1648 συμποσὼσας
777 1583 908 1644 ὅλας
960 1583 1038 1644 είς
1085 1584 1298 1653 ἡμέρας
1335 1583 1455 1654 μς·’,
1483 1585 1579 1638 καὶ⁵
1614 1580 1770 1646 αὖθις

1867 590 1988 645 licet
2026 588 2227 644 Pascha
2260 589 2428 655 legale
2471 589 2662 659 quinto
2710 589 2797 642 die
2840 587 3041 641 mensis
3087 585 3308 653 Aprilis,
3340 584 3432 652 qui

1863 686 1951 735 est
1972 689 2198 748 quartus
2245 679 2358 732 dies
2393 679 2729 747 septimanae.
2768 675 2902 742 Quia
2931 690 3060 745 ergo
3094 673 3314 727 traditio
3355 683 3441 728 est

1865 769 2262 832 ecclesiastica,
2295 778 2415 838 post
2459 768 2665 822 Pascha
2700 767 2868 836 legale
2901 765 3014 818 Iieri
3059 763 3435 817 Christianum

1866 862 1921 916 in
1949 877 2053 916 una
2082 870 2134 915 et
2159 862 2352 914 eadem
2383 861 2690 928 septimana
2721 859 2774 911 iu
2800 858 2973 926 primo
3000 856 3106 919 die;
3127 855 3214 909 dic
3248 855 3440 908 debere

1868 954 2172 1009 necessario
2203 953 2314 1007 ﬁeri
2343 952 2544 1006 Pascha
2568 947 3130 1015 Cltristianuthnmm
3154 946 3242 998 die
3268 945 3437 1010 April.

1867 1043 1962 1099 His
1991 1060 2120 1112 ergo
2150 1045 2224 1098 ita
2259 1059 2318 1097 se
2351 1044 2692 1103 habentibus,
2719 1041 2762 1095 si
2797 1056 2823 1093 a
2849 1041 2935 1093 die
2963 1037 3210 1091 Paschali
3241 1038 3351 1090 dies
3373 1033 3442 1089 56

1868 1134 2211 1197 subduxeris,
2251 1133 2493 1188 invenies
2521 1131 2973 1199 Carnisprivium.
3002 1128 3057 1182 Si
3088 1137 3268 1182 autem
3304 1127 3443 1180 nolis

1867 1240 2196 1294 cognoscere
2226 1225 2654 1293 Carnisprivium
2686 1223 3043 1278 subductione
3094 1219 3162 1274 56
3200 1219 3435 1282 dierum,

1868 1317 1958 1370 sed
1987 1331 2109 1370 cum
2135 1315 2325 1384 majori
2362 1316 2641 1377 facilitate.
2676 1318 2801 1384 quia
2842 1327 2982 1366 nunc
3018 1321 3102 1365 est
3140 1311 3438 1372 bissextus,

1869 1406 2004 1461 adde
2033 1407 2145 1461 dies
2169 1407 2228 1467 4.
2258 1415 2312 1460 et
2337 1407 2444 1471 dic,
2475 1406 2510 1460 9
2533 1416 2584 1459 et
2609 1407 2644 1460 4
2707 1405 2964 1460 tredecim
2997 1423 3010 1458 :
3035 1413 3093 1457 ut
3123 1401 3195 1458 sit
3225 1401 3447 1455 Carnis-

1869 1499 2102 1569 privium
2141 1499 2422 1553 Februarii
2464 1499 2551 1552 15.
2612 1497 2724 1552 Hoc
2757 1507 2934 1552 autem
2973 1495 3031 1549 lit
3078 1505 3296 1562 propter
3339 1493 3452 1546 bls~

1877 1599 2113 1643 sextum.
2147 1588 2203 1643 Si
2236 1589 2378 1642 enim
2413 1604 2523 1642 non
2554 1598 2636 1642 est
2665 1589 2962 1651 bissextus,
2989 1602 3095 1642 nou
3127 1584 3450 1650 adjiciuntur

197 1669 474 1730 ἀναλύσας
531 1671 702 1733 αὐτὰς
756 1673 838 1734 είς
890 1673 1190 1744 ἑϐδομάδας
1216 1674 1296 1741 ἐξ,
1326 1676 1412 1728 διὰ
1465 1675 1560 1728 τοῦ
1593 1677 1770 1728 εἰπεῖν

1896 1678 1988 1732 lies
2033 1687 2266 1745 quatuor
2298 1678 2390 1732 sed
2428 1687 2562 1731 tres.
2595 1676 2732 1743 Quia
2761 1685 2943 1731 autem
2976 1676 3029 1728 in
3057 1675 3284 1728 diversis
3318 1671 3450 1724 locis

195 1761 400 1824 οὕτως,
463 1764 653 1826 ἑξάκις
709 1765 848 1817 ἑπτά
899 1767 1307 1834 τεσσαράκοντα
1355 1768 1472 1832 δύο,
1514 1769 1769 1837 εὑρήσεις

1896 1768 2094 1822 bissexti
2124 1769 2491 1831 meminimus,
2521 1769 2684 1822 debes
2712 1771 2872 1832 scire,
2899 1775 3040 1836 quod
3075 1765 3449 1832 unusquisque

196 1854 746 1922 περιλιμπανομένας
786 1857 998 1926 ἡμέρας
1029 1857 1324 1928 τίσσαρας,
1359 1859 1478 1929 ἦτοι
1513 1859 1766 1925 γίνεσθαι

1896 1874 2054 1912 mnus
2103 1859 2265 1912 habet
2309 1857 2415 1911 565
2454 1858 2566 1912 dies
2597 1859 2758 1912 horas
2793 1858 2846 1912 6.
2894 1857 2997 1923 Qui
3033 1871 3161 1925 ergo
3193 1869 3366 1906 annos
3397 1860 3451 1904 et

197 1945 253 1996 τὸ
278 1943 506 2013 νομικὸν
543 1945 733 2014 Πάσχα
762 1947 904 1998 κατὰ
930 1947 1028 2016 τὴν
1049 1946 1088 2000 ε’
1119 1948 1214 2000 τοῦ
1263 1948 1575 2019 ’Δπριλλίου
1605 1950 1775 2018 μηνὸς

1896 1961 2101 2000 menses
2150 1948 2202 2000 in
2252 1948 2611 2016 quantitatem
2644 1950 2986 2017 redegerunt,
3033 1953 3340 2000 statuerunt
3391 1950 3452 1994 ut

197 2036 291 2106 τὴν
313 2035 486 2087 οὖσαν
508 2035 723 2103 ἡμέραν
747 2035 787 2087 δ’
809 2036 907 2105 τῆς
931 2036 1238 2106 ἑϐδομάδος.
1273 2038 1397 2090 Ὀτι
1418 2037 1511 2090 οὖν
1538 2039 1775 2108 Παράδο-

1896 2038 2056 2091 mensi
2110 2035 2411 2093 Februario
2475 2038 2796 2105 adjiciantur
2853 2037 2886 2092 6
2946 2034 3448 2103 superabundautes

199 2124 275 2186 σίς
333 2127 485 2178 ἔστιν
536 2125 964 2196 ἑκκλησιασιικὴ
1020 2128 1158 2189 μετὰ
1209 2126 1270 2178 τὸ
1319 2127 1543 2194 νομικὶν
1592 2128 1775 2196 Πάσχα

1896 2131 2035 2183 hora:
2073 2128 2208 2182 ultra
2249 2129 2374 2184 565.
2410 2130 2473 2183 Et
2519 2131 2638 2185 ideo
2674 2129 2870 2183 habeat
2898 2129 3098 2182 mensis
3122 2125 3454 2180 Februarius

197 2216 438 2284 γίνεσθαι
476 2219 536 2270 τὸ
573 2219 957 2286 Χριστιανικδν
1009 2219 1150 2272 κατὰ
1182 2219 1312 2288 μίαν
1341 2221 1434 2274 καὶ
1487 2221 1585 2288 τὴν
1614 2221 1775 2290 αὐτὴν

1896 2230 2005 2287 post
2051 2223 2468 2289 unumquodque
2509 2221 2923 2288 quadriennium
2954 2257 2970 2283 ,
3026 2227 3364 2272 numeratum
3425 2230 3455 2265 a

201 2299 472 2375 ἑϐδομάδα
495 2311 574 2370 είς
603 2308 826 2379 πρώτην
846 2311 1078 2379 ἡμέραν,
1109 2310 1228 2362 είπὲ
1259 2311 1495 2378 ὀφείλειν
1521 2312 1770 2379 γίνεσθαι

1896 2310 2058 2376 primo
2101 2310 2253 2378 cyclo
2285 2311 2471 2373 solari,
2506 2312 2621 2365 dies
2659 2311 2748 2366 29.

200 2397 253 2463 ἐξ
293 2400 544 2469 ὀνάγκης
588 2402 650 2453 τὸ
699 2402 1088 2471 Χριστιανικδν
1139 2404 1333 2472 Πάσχα
1368 2403 1510 2457 κατὰ
1541 2405 1639 2472 τὴν
1669 2402 1711 2455 θ’
1769 2400 1862 2453 τοῦ
1912 2401 2218 2470 Ἀπριλλίου
2269 2405 2456 2471 μηνός.
2485 2404 2704 2458 Τούτων
2755 2404 2809 2457 δὲ
2853 2403 3024 2464 οὕτως
3055 2403 3312 2471 ἑχόντων,
3355 2400 3457 2453 ἐὰν

199 2490 400 2562 ύφέλῃς
448 2493 556 2546 ἀπὸ
608 2492 709 2559 τῆς
769 2493 1082 2563 Πασχαλίσς
1130 2496 1345 2564 ἡμέρας
1388 2500 1500 2559 vc“,
1538 2495 1792 2564 εὑρήσεις
1827 2494 1926 2564 τὴν
1959 2495 2264 2562 ἁποκρέαν.
2321 2496 2382 2546 Ei
2427 2496 2483 2548 δὲ
2536 2495 2612 2564 μὴ
2689 2494 2846 2547 τοῦτο
2892 2494 3088 2556 θέλεις.
3137 2495 3304 2562 ἡγουν
3382 2491 3448 2544 τδ

199 2586 397 2652 γνῶναι
425 2587 527 2656 τὴν
548 2587 830 2657 άποκρέαν
869 2589 1009 2658 μετά
1038 2589 1284 2658 ύφελμοῧ
1334 2591 1674 2658 πεντήκοντα
1749 2589 1806 2654 ἒξ
1847 2590 2092 2658 ἡμερῶν,
2131 2589 2263 2642 ἀλλὰ
2299 2591 2437 2656 μετὰ
2463 2589 2706 2652 πλείονος
2734 2589 3003 2652 εὐκολίας,
3074 2591 3196 2641 ἐπεὶ
3239 2589 3446 2658 ἀρτίως

200 2681 313 2733 tot).
346 2680 651 2749 βίσεξστον,
681 2682 917 2748 πρόσθες
958 2683 1171 2752 ἡμέρας
1216 2683 1278 2751 δ’,
1308 2686 1399 2736 καὶ
1449 2683 1596 2749 είπὲ,
1629 2685 1674 2736 θ’
1704 2684 1797 2736 καὶ
1835 2681 1895 2746 δ’,
1943 2681 2047 2750 ιγ”
2081 2684 2222 2737 ὥστε
2256 2677 2398 2738 εἶναι
2438 2686 2538 2753 τὴν
2575 2684 2857 2753 ἀποκρέαν
2935 2683 3307 2752 Φεϐρουαρίου
3347 2687 3442 2748 ιγ’.

203 2769 369 2822 Τοῦτο
398 2771 457 2823 δὶ
485 2771 694 2838 γίνεται
725 2771 814 2824 διὰ
836 2772 896 2824 τὸ
935 2772 1238 2841 βίσεξστον.
1282 2774 1345 2826 Εί
1379 2774 1488 2843 γὰρ
1515 2774 1613 2826 ούκ
1647 2773 1764 2826 ἐστι
1804 2773 2104 2843 βίσεξστον,
2142 2775 2202 2827 ού
2264 2775 2652 2844 προστίθενται
2681 2776 2890 2844 ἡμέραι
2932 2772 3000 2834 δ’,
3066 2773 3206 2827 ἀλλὰ
3269 2774 3444 2841 τρεῖς.

214 2863 367 2918 Ἐπεὶ
416 2865 476 2918 δὲ
560 2864 918 2935 ἐμνήσθημεν
1009 2863 1288 2935 βισέξστου
1339 2866 1397 2918 ιν
1464 2865 1746 2934 διαφόρος
1815 2866 2032 2929 τόποις,
2079 2867 2316 2933 ὀφείλεις
2369 2865 2565 2919 ειδέναι
2629 2866 2709 2918 ὄτι
2769 2865 3002 2927 ἕκαστος
3071 2869 3260 2934 χρόνος
3321 2866 3436 2934 ἔχει

201 2958 412 3028 ἡμέρας
465 2959 574 3023 τξε¹
607 2959 760 3028 ὥρας
805 2957 883 3022 ς’.
942 2961 1006 3012 Οί
1053 2960 1183 3028 γοῦν
1225 2960 1296 3013 τά
1335 2959 1446 3013 τῶν
1501 2960 1770 3014 ένιαυτῶν
1805 2960 1902 3014 καὶ
1934 2960 2044 3014 τῶν
2098 2961 2285 3030 μηνῶν
2310 2959 2778 3029 συμποσὼσαντες
2863 2959 3075 3030 ὥρισαν
3151 2960 3448 3028 προστίθε-

203 3053 320 3107 σθαι
348 3051 428 3121 τῷ
455 3051 809 3121 Φεϐρουαρίῳ
875 3052 1010 3121 μηνὶ
1053 3051 1150 3115 τὰς
1180 3050 1608 3122 περιττευούσας
1683 3052 1942 3106 ἐπέκεινα
1993 3052 2105 3106 τῶν
2174 3053 2503 3121 τριακοσίων
2549 3052 2812 3119 ἑξήκοντα
2856 3052 3019 3104 πέντε
3101 3053 3321 3121 ἡμερῶν
3394 3051 3456 3118 ἓξ

202 3142 362 3215 ὥρας.
392 3145 486 3196 Διὸ
519 3144 613 3196 καὶ
640 3141 805 3213 εχειό
826 3143 1197 3216 Φεϐρουάριος
1223 3145 1331 3216 μὴν
1356 3146 1494 3215 μετά
1523 3145 1762 3215 ἑκάστην
1795 3146 2117 3215 τετραετίαν
2146 3144 2527 3216 ψηφιζομένην
2572 3143 2677 3196 ὑπὸ
2709 3142 2802 3196 105
2828 3150 2875 3196 α’
2939 3143 3168 3214 ἡλιακοῦ
3235 3144 3440 3198 κύκλου

201 3235 404 3305 ἠμῗρσς
447 3236 554 3288 κθ-

263 3330 508 3384 ΖΩΝΑΡ.
549 3329 658 3398 Τὴν
687 3328 897 3399 ἡμέραν
922 3328 1016 3381 105
1063 3330 1255 3400 Πάσχα
1313 3331 1603 3402 δηλοῦσθαι
1651 3332 1773 3392 ταῖς

1953 3327 2207 3383 ZONAR.
2246 3328 2466 3384 Pascha
2493 3330 2658 3394 diem,
2687 3343 2784 3398 per
2809 3343 2926 3382 eam
2957 3343 3075 3397 qua:
3105 3330 3333 3396 singulis
3356 3345 3462 3383 an-

203 3421 256 3472 ιν
283 3420 518 3488 ’Δφρικῇ
548 3415 751 3488 χώραις
777 3417 987 3487 ὡρίσθη
1017 3417 1105 3470 διὰ
1134 3419 1232 3487 τῆς
1281 3418 1582 3487 μελλούσης
1637 3417 1789 3482 γίνε-

206 3511 319 3565 σθαι
343 3509 572 3578 ιτησίας
600 3511 818 3564 συνόδου
862 3526 878 3542 ⁶
925 3510 1023 3579 τὴν
1063 3510 1120 3564 δὲ
1173 3512 1387 3582 ἡμέραν
1426 3512 1525 3581 τῆς
1566 3512 1784 3564 συνόδου

203 3601 401 3672 ὥρισαν
434 3599 576 3655 εἶναι
612 3601 708 3672 τὴν
743 3602 849 3672 πρὸ
876 3602 1009 3658 δίκα
1040 3602 1321 3657 καλανδῶν
1376 3603 1786 3672 Σεπτεμϐρίων,

201 3694 270 3756 ὡς
326 3690 469 3746 εἶναι
517 3694 690 3762 αὐτὴν
731 3692 830 3763 τὴν
867 3691 954 3746 κα⁹
1001 3692 1095 3745 105
1141 3693 1478 3760 Αὐγούστου.
1511 3695 1786 3748 Καλάνδαι

201 3787 318 3856 γὰρ,
346 3785 424 3848 ὡς
460 3784 575 3837 άνω
603 3801 706 3837 που
757 3784 993 3854 εἴρηται,
1027 3785 1277 3851 λέγονται
1332 3787 1388 3840 αί
1427 3786 1640 3855 πρῶται
1693 3783 1786 3838 105

205 3875 360 3941 μηνὸς
384 3874 619 3943 ἡμέραι.
652 3873 713 3925 Et
742 3872 872 3940 γοῦν
894 3872 991 3934 τὰς
1015 3875 1119 3942 πρὸ
1150 3874 1354 3926 τούτων
1402 3873 1536 3928 δέκα
1558 3874 1784 3954 ἀφέλῃς⁹

202 3964 687 4034 περιλιμπάνονται
739 3965 820 4026 εἰς
855 3963 947 4017 τὸν
983 3963 1310 4033 Αὔγουστον,
1353 3964 1546 4035 ἔχοντα
1604 3966 1646 4018 λ’
1691 3967 1786 4019 καὶ

209 4057 328 4120 μίαν
352 4057 592 4126 ἡμέραν,
624 4055 795 4108 είκοσι
819 4054 915 4109 καὶ
947 4056 1068 4124 μία.

205 4230 408 4284 ΑΡΙΣΤ.
451 4249 472 4282 ι
522 4231 726 4301 ’Πρεσε
757 4234 822 4302 τῇ
883 4231 1065 4303 ἡμέρα
1102 4232 1202 4303 τῆς
1260 4231 1479 4294 ὲτησίου
1535 4233 1780 4299 συνόδου,

273 4339 292 4372 ι
333 4321 504 4391 ἡγουν
539 4324 603 4392 τῇ
654 4323 761 4389 πρὸ
788 4323 918 4375 δέκα
950 4323 1226 4376 καλανδῶν
1257 4322 1656 4395 Σεπτεμϐρίου,
1684 4326 1782 4394 τὴν

271 4427 290 4460 ι
332 4411 551 4480 ἡμέραν
576 4410 671 4463 τοῦ
699 4412 855 4478 ἁγίου
892 4413 1079 4481 Πάσχα
1118 4413 1506 4482 κηρύττεσθαι.
1539 4433 1558 4466 ι

272 4497 553 4568 Διαφόρως
605 4499 702 4550 καὶ
756 4500 912 4553 τοῦτο
964 4502 996 4572 ἡ
1065 4502 1281 4565 σύνοδος
1331 4503 1523 4574 ῶρισε,
1581 4507 1641 4559 τὸ
1682 4508 1782 4580 τὴν

207 4586 406 4656 ἡμέραν
456 4587 551 4640 τοῦ
617 4589 808 4658 Πάσχα
865 4593 1227 4662 γνωρίζεσθαι
1281 4595 1340 4646 ὲν
1413 4597 1478 4666 τῇ
1515 4600 1635 4649 κατ’
1667 4599 1782 4662 ἔτος

207 4678 450 4749 γινομένῃ
480 4678 689 4748 συνόδῳ
712 4681 771 4731 ἐν
791 4681 1047 4752 Ἀφρικῇ.

795 4776 1035 4830 ΚΑΝΩΝ
1073 4777 1190 4832 OZ'.

215 4878 231 4910 ι
270 4861 400 4933 Περὶ
448 4862 545 4916 τοῦ
609 4863 686 4933 μὴ
743 4863 977 4930 ὀφείλειν
1025 4869 1322 4922 ἐπίσκοπον
1369 4870 1784 4942 ιπιεενούμενον

275 4969 292 5002 ι
332 4953 661 5018 καθέζεσθαι
691 4956 749 5007 έν
842 4957 1080 5027 καθέδρᾳ
1117 4959 1478 5022 ἐπιξενοῦται.
1553 4963 1785 5030 Ὁμοίως

275 5059 292 5091 ι
334 5043 566 5113 ὡρίσθη,
597 5044 738 5098 ῶστε
768 5047 954 5116 μηδενὶ
980 5047 1180 5110 team
1233 5051 1429 5122 μεσίτῃ
1493 5053 1592 5122 τὴν
1649 5057 1780 5108 καθ-

273 5151 288 5183 ι
332 5134 494 5204 έδραν
519 5138 796 5207 κατέχειν,
825 5134 965 5212 ᾗτινι
997 5142 1222 5212 μεσίτης
1258 5145 1484 5209 δέδοται,
1523 5147 1610 5199 διὰ
1636 5150 1784 5200 οίασ-

269 5242 285 5274 ι
329 5225 530 5294 δήποτε
595 5229 701 5280 τῶν
774 5229 917 5283 λαῶν
979 5234 1215 5303 σπουδῆς
1275 5235 1307 5305 ἢ
1386 5236 1729 5306 διχοστασίας
1759 5254 1771 5267 ·

276 5332 290 5360 ι
332 5315 470 5367 ἀλλά
554 5318 877 5382 σπουδάζειν
926 5322 1074 5386 me»;
1127 5325 1372 5378 ἐνιαυτοῦ
1427 5331 1540 5390 τοῖς
1593 5331 1778 5394 αὐτοῖς

271 5421 286 5451 ι
332 5407 683 5472 προνοεῖσθαι
715 5410 1031 5468 ἐπίσκοπον.
1057 5415 1117 5466 Et
1151 5415 1206 5467 at
1239 5418 1368 5486 περὶ
1385 5417 1541 5471 τοῦτο
1571 5421 1776 5491 άμελὴ-

272 5511 289 5544 ι
333 5512 435 5560 σοι,
470 5500 610 5565 μετά
655 5502 752 5570 τὴν
787 5505 1090 5574 περαίωσιν
1140 5506 1235 5560 τοῦ
1287 5511 1532 5563 ἐνιαυτοῦ
1589 5513 1778 5584 ἕτερος

271 5601 288 5632 ι
332 5587 576 5658 ψηφισθῇ
615 5591 862 5658 μεσίτης.
903 5612 921 5644 ι

268 5673 454 5731 ΒΔΛΣ.
483 5680 558 5732 Τὸ
584 5681 838 5748 παλαιὸν,
867 5687 1210 5758 χηρευσάσης
1233 5690 1560 5759 ἐπισκοπῆς,
1588 5693 1775 5744 ἐστέλ-

204 5763 312 5818 λετό
343 5787 424 5834 τις
451 5773 610 5842 χάριν
631 5773 721 5828 τοῦ
757 5777 1058 5846 εἰρηνεύειν
1089 5781 1178 5835 τὸν
1224 5781 1368 5851 λαὸν,
1410 5786 1467 5838 ὃν
1521 5785 1610 5838 καὶ
1640 5784 1776 5838 ὠνό-

1893 3421 1974 3476 nis
2005 3421 2182 3475 futura
2220 3430 2304 3476 est
2337 3422 2632 3491 synodum,
2673 3421 2872 3475 Africae
2924 3420 3235 3490 regionibus
3279 3421 3461 3475 decla-

1892 3513 2000 3566 rari
2040 3521 2296 3567 statutum
2325 3524 2407 3566 est
2449 3525 2464 3569 :
2538 3522 2747 3581 tempus
2775 3522 2954 3565 autem
2982 3511 3169 3576 synodi
3206 3513 3466 3566 habenda:

1893 3613 2020 3658 ante
2048 3605 2320 3659 decimum
2359 3604 2499 3659 diem
2533 3603 2655 3660 Kal.
2685 3604 2995 3673 Septembr.
3022 3604 3339 3666 deﬁnivere,
3371 3605 3463 3671 qui

1888 3705 1971 3749 est
1997 3697 2217 3763 Augusti
2257 3697 2456 3749 mensis
2488 3696 2720 3764 primus'
2749 3703 2802 3747 et
2851 3695 3159 3747 vicesimus.
3202 3694 3464 3747 Kalendae

1888 3787 2052 3852 enim,
2093 3797 2150 3840 ut
2191 3798 2347 3841 antea
2392 3786 2594 3840 dictum
2626 3796 2730 3850 est,
2769 3786 2925 3852 primi
2960 3783 3222 3853 cujusque
3262 3785 3464 3837 mensis

1889 3879 2004 3932 dies
2030 3878 2385 3947 appellantur.
2420 3877 2474 3930 Si
2512 3892 2640 3942 ergo
2671 3877 2856 3929 decem
2893 3875 3007 3928 dies
3038 3884 3163 3926 ante
3201 3872 3468 3928 Kalendas

1894 3966 2228 4033 Septembris
2260 3965 2571 4029 abstuleris,
2601 3967 2844 4033 Augusto
2877 3964 3045 4016 mensi
3067 4002 3080 4026 ,
3117 3965 3210 4032 qui
3259 3979 3364 4016 uno
3415 3970 3470 4017 et

1891 4057 2111 4126 triginta
2153 4056 2340 4109 diebus
2376 4055 2697 4120 absolvitur,
2728 4071 2865 4110 unus
2895 4065 2948 4108 et
2985 4055 3170 4124 viginti
3211 4055 3466 4108 nimirum

1888 4149 2078 4215 reliqui
2113 4148 2263 4202 ﬂent.

1885 4237 2112 4293 ARIST.
2151 4257 2168 4290 ι
2221 4238 2402 4292 Visum
2441 4249 2547 4304 est,
2604 4249 2660 4294 ut
2705 4241 2896 4311 synodi
2943 4240 3328 4295 anniversaria:
3359 4239 3467 4302 die,

1976 4347 1994 4380 ι
2037 4329 2152 4385 sive
2200 4329 2411 4383 decimo
2457 4330 2578 4385 Kal.
2616 4330 3040 4402 Septembrium,
3093 4331 3209 4385 dies
3267 4339 3470 4385 sancta

1963 4438 1983 4470 ι
2026 4419 2246 4473 Pascha:
2283 4420 2626 4485 praedicetur.
2668 4439 2685 4472 ι

1957 4511 2026 4565 Ει
2061 4512 2186 4565 illud
2218 4514 2455 4582 synodus
2491 4514 2639 4566 varie
2694 4514 2954 4576 decrevit,
2996 4523 3051 4567 ut
3089 4511 3309 4566 Pascha:
3353 4512 3469 4566 dies

1891 4603 1945 4658 in
1984 4602 2190 4659 svuodo
2214 4603 2509 4659 auotanuis
2545 4605 2726 4658 habita
2761 4605 2814 4660 in
2841 4606 3019 4660 Africa
3048 4607 3466 4678 significaretur.

2411 4779 2642 4834 CANON
2678 4778 2936 4834 LXXVII.

1898 4896 1917 4929 ι
1956 4874 2072 4930 Non
2105 4874 2301 4930 debere
2346 4875 2660 4941 episcopum
2713 4873 3138 4926 interventorcm
3173 4871 3362 4925 sedere
3413 4871 3464 4924 in

1971 4988 1990 5022 ι
2031 4967 2310 5034 cathedra,
2346 4970 2433 5022 cui
2489 4968 2826 5020 interventor
2855 4966 3013 5017 datus
3059 4976 3161 5020 est.
3203 4963 3468 5017 Similiter

1965 5080 1983 5112 ι
2025 5061 2246 5129 placuit,
2281 5069 2339 5112 ut
2384 5058 2513 5112 nulli
2548 5059 2704 5113 liceat
2738 5057 3083 5110 intercessori
3147 5066 3335 5109 tenere
3371 5069 3466 5107 ca-

1968 5171 1986 5205 ι
2032 5152 2316 5216 thedram,
2367 5150 2452 5204 cui
2507 5149 2839 5203 intercessor
2889 5149 3046 5202 datus
3097 5157 3203 5212 est,
3252 5158 3470 5215 propter

1965 5260 1984 5292 ι
2024 5241 2384 5307 quodcunque
2419 5237 2734 5306 populorum
2767 5236 3008 5290 studium
3050 5237 3130 5290 vel
3166 5235 3464 5290 dissensio-

1961 5349 1980 5382 ι
2022 5346 2190 5385 nem:
2227 5333 2318 5383 sed
2359 5328 2576 5383 studere
2610 5330 2688 5382 eis
2723 5330 2861 5381 intra
2901 5344 3098 5380 annum
3147 5329 3463 5397 episcopum

1961 5441 1980 5473 ι
2017 5423 2319 5489 providere.
2359 5419 2414 5474 Si
2446 5430 2626 5474 autem
2680 5430 2879 5488 praeter
2916 5421 3032 5473 hazc
3083 5419 3269 5471 feceri‘t
3295 5459 3310 5484 ,
3345 5426 3466 5488 post

1971 5531 1988 5564 ι
2028 5514 2152 5566 anni
2187 5513 2348 5566 linem
2381 5511 2517 5566 alius
2557 5511 2880 5564 intercessor
2909 5509 3154 5579 eligatur.
3199 5527 3214 5560 ι

1962 5692 2158 5747 BALS.
2198 5693 2333 5748 Cum
2382 5694 2508 5748 olim
2559 5705 2808 5748 vacasset
2841 5693 3207 5761 episcopatus,
3242 5707 3336 5759 pro
3366 5708 3462 5760 pa-

1892 5787 2154 5842 ciﬁcando
2203 5786 2396 5856 papulo
2444 5786 2757 5841 mittebatur
2817 5786 3030 5851 aliquis,
3086 5801 3242 5855 quem
3299 5784 3462 5839 etiam
