4000 6446
530 393 633 455 i383
1721 394 1997 456 THEOD.
2038 390 2110 449 BA

2212 393 2271 450 ΞΑ
2284 393 2441 452 ΜοΝ
3669 388 3792 452 284

535 503 879 553 mediatorem
913 500 1277 553 nominabant.
1310 499 1443 553 Dicit
1473 514 1600 570 ergo
1628 515 1796 554 canon
1828 515 1949 553 eum
1983 511 2086 550 non

2210 505 2366 566 ιαζον
2402 506 2647 576 μεσίτην.
2706 505 2875 574 Φησῖν
2916 500 3066 558 οὗνὸ
3125 504 3302 557 κανὼν
3377 503 3454 572 μὴ
3516 502 3790 555 ίδιοῦσθατ

537 591 730 643 debere
759 591 1124 656 episcOpatum
1156 589 1256 642 sibi
1303 591 1580 644 vindicare
1609 607 1622 642 :
1659 592 1750 642 sed
1786 591 1887 642 nisi
1921 590 2095 655 potius

2215 598 2384 651 τοῦτον
2415 598 2510 660 τὴν
2533 602 2836 667 ἐπισκοπὴν
2862 615 2878 630 ·
2909 598 3023 651 ἀλλ’
3047 599 3094 649 εἰ
3130 599 3202 665 μὴ
3231 595 3527 648 σπουδάσει
3579 592 3795 662 μᾶλλον

538 681 772 733 studium
812 680 1139 744 adhibuerit,
1184 689 1241 732 ut
1287 680 1377 734 ﬁat
1406 667 1713 750 episcopus,
1747 698 1870 736 eum
1903 683 2100 737 debere

2219 689 2450 755 Γενέσθαι
2475 691 2793 750 ἐπίσκοπον,
2848 688 3252 755 μετακινεῖσθαι
3305 687 3470 738 αὑτὸν
3519 683 3629 737 άπὸ
3687 681 3799 751 τῇς

538 790 565 825 a
604 775 913 827 mediatoris
942 789 1161 828 munere
1187 775 1469 834 removeri,
1507 783 1559 828 et
1589 776 1753 828 alium
1791 775 1936 843 eligi.
1970 773 2100 840 Quae

2219 782 2499 843 ιεσιτείας,
2545 781 2636 833 καὶ
2667 781 2853 847 ἐτερον
2878 778 3234 846 ψηφίζεσθαι.
3266 778 3347 829 Τὰ
3386 777 3442 828 δὲ
3508 777 3640 844 περὶ
3692 771 3799 858 τοῦ

538 873 716 917 autem
748 864 812 918 de
839 879 902 918 eo
928 867 1219 919 mediatore
1246 866 1497 919 dicuntur
1524 867 1776 935 quoniam
1804 867 1960 919 hodie
1996 883 2098 918 non

2199 871 2441 923 τοιούτου
2471 873 2690 937 μεσίτου
2723 871 2842 922 ἐπεὶ
2865 872 3102 938 σήμερον
3135 869 3235 920 οὐκ
3275 865 3589 935 ἐνεργοῦσιν
3613 905 3630 930 ,
3669 864 3778 917 ἀλλ

540 968 665 1009 sunt
725 957 776 1010 in
813 973 945 1021 usu;
990 959 1081 1011 sed
1118 959 1339 1011 omnino
1387 974 1608 1013 necesse
1656 970 1737 1012 est
1773 971 1847 1020 ut,
1895 960 1935 1012 si
1986 959 2100 1012 ﬁeri

2224 962 2411 1030 ινάγκη
2445 963 2593 1013 πᾶσά
2629 965 2772 1014 ἐστιν
2801 959 3148 1023 ἀπεντεῦθεν,
3205 961 3253 1009 εί
3310 957 3556 1017 δυνατὸν,
3612 955 3804 1023 ψηφί-

538 1057 738 1113 pctcst,
782 1066 898 1102 mox
951 1051 1147 1116 eligant
1197 1051 1477 1104 ecclesiae:
1517 1052 1634 1104 ideo
1671 1065 1765 1104 nec
1817 1066 1911 1102 nos
1949 1050 2102 1118 plura

2222 1057 2388 1118 ζεσθαι
2447 1055 2545 1116 τὰς
2595 1054 2887 1120 ἐκκλησίας
2920 1069 2931 1082 ·
2990 1052 3108 1103 οὐδέ
3158 1050 3289 1119 παρ’
3334 1049 3495 1118 ἡμῶν
3567 1048 3802 1116 ἐγράφη

542 1139 876 1202 scripsimus.
913 1138 1009 1192 Hic
1044 1147 1219 1192 autem
1271 1142 1532 1194 mediator
1568 1151 1685 1195 erat
1709 1142 2011 1210 episcopus,
2050 1150 2106 1193 ut

2225 1148 2462 1200 τλέοντι.
2502 1149 2558 1200 Ὀ
2589 1149 2643 1201 δέ
2669 1145 2907 1207 τοιοῦτος
2947 1144 3169 1213 μεσίτης
3213 1145 3510 1201 ἐπίσκοπος
3561 1137 3656 1208 ἦν,
3723 1139 3805 1198 ὡς

542 1237 763 1295 apparet.
792 1244 852 1281 ex
885 1231 1039 1283 titulo
1071 1232 1315 1286 canonis.

2207 1241 2451 1306 φαίνεται
2481 1239 2586 1290 ἀπὸ
2605 1238 2704 1303 τῆς
2735 1236 3133 1296 ἐπιτιτλώσεως
3158 1234 3251 1286 τοῦ
3279 1233 3529 1293 κανόνος.

610 1319 856 1373 ZONAR.
893 1324 1107 1389 Antiqui
1144 1326 1308 1377 moris
1339 1323 1456 1386 fuit,
1479 1325 1521 1377 si
1547 1328 1756 1391 quando
1775 1329 1957 1379 orbata
1990 1327 2104 1394 epi-

2279 1333 2520 1384 ΖΩΝΑΡ.
2558 1331 2716 1389 Ἔθος
2747 1324 2814 1399 ἦν
2845 1327 3037 1391 πάλαι,
3063 1328 3114 1377 εἴ
3151 1342 3278 1378 ποτε
3311 1324 3618 1377 ἐπισκόπου
3666 1323 3811 1390 ἐχή-

543 1426 706 1479 scopo
768 1416 985 1467 ecclesia
1023 1425 1230 1469 vacaret
1261 1455 1278 1480 ,
1315 1417 1449 1468 mitti
1482 1418 1548 1468 ad
1584 1433 1701 1470 eam
1747 1433 1904 1487 quem
1944 1419 2108 1472 inter-

2213 1441 2366 1489 ρευεν
2404 1422 2688 1489 ἐκκλησία,
2716 1419 3030 1472 στέλλεσθαί
3055 1436 3173 1470 τινα
3205 1419 3263 1468 ἐν
3289 1417 3447 1485 αὐτῇ,
3477 1415 3537 1468 ὃν
3567 1415 3780 1478 ὠνόμα

545 1515 814 1553 cessarem
867 1503 1233 1570 appellabant,
1261 1505 1343 1556 vel
1377 1518 1432 1558 ut
1480 1507 1800 1560 seditionem
1836 1507 1973 1560 forte
2005 1507 2104 1560 ali-

2227 1519 2299 1579 ζον
2332 1517 2578 1580 μεσίτην,
2612 1512 2952 1565 καθιστῶντα
2979 1510 3068 1562 τὸν
3085 1509 3208 1560 λαὸν
3236 1507 3596 1569 στασιάζοντα
3634 1506 3807 1563 ἴσως,

545 1609 704 1660 quam
734 1594 896 1662 612
931 1596 1107 1662 populi
1141 1598 1377 1658 sedaret,
1411 1598 1492 1650 vel
1518 1600 1650 1652 alias
1692 1601 1852 1652 etiam
1886 1600 1955 1652 ob
1981 1616 2109 1653 cau-

2237 1608 2372 1675 ικαέ
2421 1605 2486 1657 δι’
2551 1605 2713 1666 ἄλλας
2764 1602 2962 1662 αἰτίας.
3015 1602 3077 1652 ΕΞ
3140 1594 3233 1652 οῦν
3278 1599 3427 1657 ἐντὸς
3483 1594 3753 1649 ἐνιαυτοῦ
3787 1595 3817 1646 ὁ

546 1700 654 1736 sas.
695 1683 829 1751 Ergo
863 1687 961 1738 nisi
987 1687 1146 1738 unius
1171 1689 1296 1739 anni
1327 1689 1515 1741 saltem
1553 1705 1656 1743 non
1693 1692 1973 1744 intervallo
2004 1692 2109 1759 epi-

2238 1696 2443 1755 ·οιοῦτος
2477 1695 2698 1763 μεσίτης
2725 1693 2824 1745 οὐκ
2847 1690 3175 1743 ἐσπούδασεν
3197 1689 3492 1739 ἐπίσκοπον
3537 1685 3818 1752 γενέσθαι

549 1788 767 1839 scopum
809 1774 1024 1840 p0pulo,
1059 1777 1195 1840 apml
1229 1792 1388 1842 quem
1422 1781 1630 1846 agebat,
1664 1781 1896 1832 dandum
1940 1783 2106 1834 inter-

2245 1792 2322 1851 οῖς
2353 1788 2541 1849 αὑτοῦ,
2575 1788 2742 1856 ἤγουν
2763 1785 2838 1853 τῷ
2861 1783 2996 1852 λαῷ,
3028 1778 3086 1836 οῦ
3159 1781 3385 1849 μεσίτης
3432 1774 3523 1847 ἦν,
3580 1795 3821 1845 μετεκι-

549 1879 734 1916 cessor
760 1875 1040 1927 curasset;
1075 1868 1188 1933 ipse
1216 1869 1427 1935 quidem
1462 1872 1527 1922 ab
1554 1872 1936 1927 intercessione
1964 1890 2112 1928 amo-

2240 1882 2356 1931 νεῖτο
2384 1878 2480 1942 τῆς
2534 1875 2810 1943 μεσιτείας
2855 1873 3078 1938 ἐκεῖνος,
3109 1872 3202 1922 καὶ
3254 1869 3438 1940 ἕτερος
3489 1867 3701 1921 ἐδίδοτο
3730 1865 3820 1935 τῷ

552 1953 807 2017 vehatur;
844 1965 954 2008 tum
987 1957 1144 2018 alius,
1184 1959 1270 2022 qui
1302 1961 1435 2024 apud
1467 1962 1712 2027 populum
1746 1965 2115 2019 intercessoris

1239 1959 1270 2009 Ii
1302 1961 1435 2024 apud
1467 1962 1712 2027 populum
1746 1965 2115 2019 intercessoris
2215 1969 2326 2038 λαῴ
2353 1967 2544 2037 ἐκείνῳ
2571 1966 2815 2036 μεσίτης.

559 2060 750 2095 munus
778 2045 892 2111 ejus
930 2046 1046 2098 loco
1080 2047 1275 2110 obiret,
1313 2050 1760 2106 Suhsliluuballll'.

552 2133 778 2186 AltlST.
839 2154 856 2185 ι
900 2135 1082 2189 Visum
1124 2148 1206 2189 est
1234 2179 1247 2201 ,
1287 2148 1338 2188 ut
1375 2142 1626 2207 episeopo
1667 2143 1732 2194 ad
1769 2142 2117 2197 intercessio-1

2241 2148 2437 2204 lPlET.
2483 2167 2500 2200 ι
2545 2147 2725 2210 Ἔδοξε
2756 2146 2829 2215 τῷ
2849 2144 3054 2198 δοθέντι
3087 2145 3164 2205 είς
3214 2142 3487 2211 μεσιτείαν
3515 2141 3821 2209 ἐπισκόπῳ

633 2244 648 2272 ι
693 2241 810 2275 Item
846 2227 988 2287 dato,
1026 2227 1385 2295 qualicunque
1441 2232 1764 2298 populorum
1805 2234 1982 2286 studio
2027 2244 2119 2286 aut

2298 2265 2315 2296 ι
2361 2245 2425 2297 δι’
2457 2245 2572 2304 οἵας
2606 2243 2803 2310 δήποτε
2831 2239 2934 2291 τῶν
2985 2236 3131 2288 λαῶν
3177 2234 3409 2296 σπουδὰς
3464 2233 3496 2301 ἢ
3549 2232 3823 2299 διχοστα-

634 2337 649 2364 ‹
689 2319 1050 2380 dissensione,
1086 2321 1392 2373 cathedram
1422 2363 1436 2387 ,
1476 2325 1626 2390 cujus
1660 2336 1738 2377 est
1773 2327 2117 2388 intercessor,

2302 2353 2318 2386 ι
2371 2335 2490 2396 σίας
2524 2332 2595 2401 μὴ
2617 2332 2812 2396 ἐξεῖναι
2840 2327 2936 2396 τὴν
2967 2325 3232 2393 καθέδραν
3263 2322 3535 2389 κατέχειν,
3582 2315 3655 2388 ἦς
3692 2319 3823 2370 ἐστι

641 2428 655 2455 ι
696 2420 878 2462 tenere
918 2426 1019 2462 non
1056 2411 1212 2464 liceat
1246 2431 1258 2467 :
1289 2416 1380 2466 sed
1416 2416 1554 2466 intra
1585 2430 1780 2466 annum
1811 2418 2117 2486 episcopum

2298 2446 2315 2477 ι
2368 2424 2590 2492 μεσίτης
2629 2437 2640 2449 ·
2731 2418 2843 2470 ἀλλ’
2911 2410 3058 2476 ἐντδς
3123 2410 3372 2464 ἐνιαυτοῦ
3454 2406 3827 2479 προνοεῖσθαι

638 2520 652 2548 ι
697 2501 1009 2567 provideat,
1039 2504 1120 2557 vel
1147 2519 1291 2558 anno
1325 2516 1587 2572 vertente,
1617 2508 1754 2560 alios
1802 2510 2123 2562 intercessor

2301 2536 2318 2568 ι
2367 2515 2684 2575 ἐπίσκοπον,
2713 2511 2746 2579 ἢ
2770 2508 2907 2578 μετὰ
2941 2508 3030 2558 τὸν
3064 2503 3309 2557 ἐνιαυτὸν
3354 2501 3542 2569 ἕτερον
3578 2499 3829 2568 μεσίτην

633 2609 648 2637 ι
688 2593 933 2660 eligatur.
974 2613 991 2645 ι

2306 2627 2322 2659 ι
2367 2605 2721 2675 ψηφίζεσθαι.
2762 2619 2778 2651 ι

635 2680 690 2734 Si
725 2685 920 2752 populo
953 2686 1092 2740 inter
1121 2703 1178 2742 se
1205 2689 1494 2745 dissidente
1521 2701 1573 2745 et
1609 2691 1805 2757 diviso,
1839 2702 1891 2747 et
1921 2693 1986 2747 ad
2017 2693 2128 2748 dis-

2299 2701 2360 2753 Εί
2395 2697 2631 2767 πλήθους
2667 2694 2798 2746 λαοῦ
2857 2691 2991 2759 πρὸς
3030 2687 3220 2741 ἐαυτὸν
3269 2683 3665 2744 στασιάσαντος
3718 2682 3828 2734 καὶ

562 2775 838 2830 sensioues
872 2787 926 2829 et
960 2794 1165 2845 pugnas
1198 2796 1448 2846 accenso,
1489 2784 1736 2838 mittatur
1771 2786 1836 2839 ad
1890 2787 2127 2840 interce-

2246 2791 2608 2860 ῑιαιρεθέντος,
2646 2786 2736 2839 καὶ
2769 2785 2848 2853 είς
2876 2777 3218 2851 διχοστασίας
3256 2777 3350 2830 καὶ
3398 2775 3579 2843 μάχας
3634 2773 3826 2825 ὑπαν-

563 2869 791 2922 dendum
825 2872 1086 2939 quispiam
1121 2875 1513 2942 episcoporum,
1558 2887 1614 2934 ut
1660 2894 1752 2933 eos
1797 2881 2124 2945 reconciliet,

2251 2883 2510 2950 ιφθέντος,
2544 2877 2708 2944 σταλῇ
2735 2892 2816 2936 τις
2844 2874 2950 2925 τῶν
2979 2869 3296 2922 ἐπισκόπων
3356 2865 3435 2923 είς
3505 2860 3831 2930 μεσιτείαν,

563 2975 665 3012 ιιοιι
696 2960 849 3014 debet
880 2964 1019 3017 illius
1053 2966 1284 3020 civitatis
1318 2969 1628 3023 cathedram
1657 3010 1671 3033 ,
1704 2972 1788 3024 cui
1831 2972 1990 3028 datus
2029 2973 2128 3027 fuit.

2252 2974 2320 3025 ,πὶ
2348 2972 2425 3041 τῷ
2461 2968 2790 3032 καταλλάξαι
2820 2963 3038 3024 αὐτοὺς,
3066 2961 3171 3013 οὐκ
3197 2956 3403 3024 ὀφείλει
3430 2953 3689 3021 κατέχειν
3720 2950 3832 3002 καὶ

562 3052 905 3116 intercessor,
955 3070 1236 3122 occupare.
1271 3058 1374 3110 Sed
1424 3063 1608 3113 conari
1643 3062 1781 3114 intra
1811 3077 2010 3115 annum
2045 3078 2128 3116 se-

2253 3065 2326 3134 εὴν
2366 3062 2634 3128 καθέδραν
2663 3059 2762 3124 τῆς
2789 3056 3013 3114 πόλεως,
3046 3046 3112 3120 ἦς
3158 3048 3310 3116 ἐδόθη
3346 3043 3573 3114 μεσίτης
3611 3055 3626 3071 '
3679 3041 3833 3134 exn

561 3144 815 3213 ditionem
857 3159 1127 3209 coercere,
1175 3157 1228 3200 et
1278 3163 1370 3200 eos
1423 3165 1636 3217 pacare,
1690 3161 1741 3204 et
1805 3155 2129 3218 persuadere

2250 3131 2557 3215 ιπουδαζειν
2596 3148 2744 3208 ἐντὸς
2781 3143 3029 3198 ἐνιαυτοῦ
3063 3138 3409 3192 καταπαῦσαι
3437 3135 3537 3203 τὴν
3595 3131 3830 3194 στάσιν,

561 3233 864 3299 episcopum
915 3236 1177 3303 accipere.
1233 3235 1288 3289 Si
1331 3249 1506 3290 autem
1566 3241 1704 3292 intra
1747 3253 1947 3292 annum
1987 3241 2126 3294 nihil

2255 3245 2324 3296 ιαὶ
2349 3239 2659 3310 εἰρηνεῦσαι
2700 3235 2918 3295 αὐτοὺς,
2954 3231 3049 3283 καὶ
3099 3232 3282 3280 πεῖσαι
3343 3225 3532 3278 λαϐεῖν
3596 3222 3835 3285 ἐπίσκο-

564 3323 783 3376 ‹ιιιιιιὶηο
815 3324 1024 3378 edicere
1065 3339 1264 3393 posset,
1317 3330 1382 3381 ad
1435 3331 1610 3396 populi
1648 3330 1935 3383 utilitatem
1964 3369 1979 3394 ,
2013 3339 2131 3399 post

2254 3353 2352 3388 τον.
2386 3335 2446 3384 Εἰ
2474 3331 2529 3383 δέ
2563 3329 2716 3382 οὐδέν
2738 3344 2789 3378 τι
2820 3326 3010 3394 μέχρις
3063 3317 3311 3372 ἐνιαυτοῦ
3351 3316 3549 3369 ἁνύσαι
3593 3312 3834 3380 ἴσχυσεν

564 3415 806 3482 elapsum
838 3434 1035 3472 annum
1072 3420 1207 3473 alius
1239 3421 1562 3475 intercessor
1593 3423 1878 3494 deligatur.

2253 3428 2310 3486 :lc
2329 3425 2600 3493 ὠφέλειαν
2637 3418 2731 3473 τοῦ
2783 3416 2935 3482 λαοῦ,
2985 3416 3170 3483 ἐτερος
3233 3409 3373 3481 μετὰ
3424 3408 3514 3461 τὸν
3571 3403 3833 3460 ἐνιαυτὸν

2231 3516 2552 3588 ψηφιζέσθω
2590 3513 2844 3582 μεσίτης.

1071 3593 1297 3647 (ἸΑΝΟΝ
1335 3595 1617 3654 LXXVIII.

2818 3601 3056 3657 ΚΑΝΩΝ
3084 3597 3229 3665 totr.

574 3698 592 3728 ι
633 3679 702 3732 De
734 3681 1101 3737 defensoribus
1127 3686 1474 3741 ecrlesiarum
1504 3691 1592 3757 qui
1615 3692 1681 3745 ab
1714 3691 2132 3760 imperatoribus

2256 3707 2436 3774 tl'lcpi.
2500 3702 2727 3755 ἐκδίκων
2781 3695 2890 3749 τῶν
2949 3689 3258 3757 ἐκκλησιῶν
3322 3686 3432 3738 τῶν
3488 3683 3836 3750 ὀφειλόντων

645 3789 664 3821 ι
701 3774 804 3838 peti
852 3773 1066 3828 debent.
1101 3775 1362 3832 Omnibus
1391 3781 1563 3834 visum
1596 3795 1676 3836 est
1719 3797 1901 3852 petere
1931 3787 1997 3839 ab
2029 3788 2128 3840 im-

2314 3817 2332 3850 ι
2374 3773 2524 3864 παρὰ
2554 3792 2647 3844 τοῦ
2687 3788 2948 3858 βασιλέως
2975 3781 3284 3848 αίτηθῆναι.
3313 3778 3603 3844 Σύμπασιν
3642 3775 3838 3838 ἔδοξεν

643 3880 661 3912 ι
701 3865 1060 3930 pcratoribus,
1124 3881 1342 3935 propter
1400 3887 1690 3940 pauperum
1745 3879 2128 3943 vexationem,

2315 3908 2333 3940 t
2380 3886 2601 3953 αἰτῆσαι
2626 3883 2733 3935 άπὸ
2762 3879 2869 3930 τῶν
2905 3875 3171 3944 βασιλέων
3194 3872 3281 3924 διὰ
3309 3871 3406 3937 τὴν
3430 3869 3537 3920 τῶν
3571 3870 3837 3937 πενήτων

645 3973 662 4002 ι
708 3970 934 4021 quorum
994 3958 1251 4013 molestiis
1299 3962 1515 4015 assidue
1551 3964 1805 4034 fatigatur
1841 3967 2078 4022 Ecclesia
2117 3988 2130 4024 :

2312 4001 2330 4033 ι
2369 3980 2634 4038 κάκωσιν,
2670 3967 2744 4025 ὧν
2766 3972 2883 4030 ταῖς
2914 3963 3227 4033 ἐπαχθείαις
3265 3961 3558 4021 ἀπαύστως
3595 3961 3628 4028 ὴ
3702 3960 3834 4010 Ἐκ-

647 4062 663 4094 ι
707 4055 760 4096 ιιι
792 4047 854 4098 iis
889 4047 1198 4102 defensores
1233 4066 1354 4104 cum
1379 4055 1748 4122 episcoporum
1791 4059 2125 4124 providentia

2291 4077 2334 4124 *ι
2375 4069 2570 4138 κλησία
2631 4061 3047 4133 παρενοχλεῖται
3079 4073 3093 4087 °
3131 4055 3270 4107 ὥστε
3309 4054 3556 4114 ἐκδίκους
3607 4053 3834 4114 τούτοις

646 4154 663 4185 ι
705 4136 973 4190 eliaantur
1007 4141 1258 4194 adversus
1294 4142 1519 4198 divitum
1557 4148 1916 4215 tyrannidem.

2316 4183 2332 4215 ι
2385 4136 2524 4231 μετὰ
2562 4158 2663 4225 τῆς
2688 4154 2797 4205 τῶν
2828 4149 3146 4203 ἐπισκόπων
3173 4145 3431 4214 προνοίας
3464 4143 3838 4210 ἐπιλέγεσθαι

2314 4273 2331 4306 ι
2379 4251 2522 4304 κατὰ
2545 4249 2641 4313 τῆς
2669 4244 2773 4297 τῶν
2800 4240 3068 4293 πλουσίων
3099 4235 3428 4304 τυραννίδος.
3478 4252 3495 4283 ι

643 4315 830 4370 BALS.
871 4318 1098 4374 Necesse
1133 4322 1330 4376 habent
1361 4327 1579 4380 omnino
1611 4329 1848 4396 episcopi
1882 4345 1997 4396 eos,
2034 4333 2132 4399 qui

2310 4342 2505 4400 ΒΑΛΣ,
2544 4336 2779 4401 Ἀνάγκη
2816 4332 2961 4382 πᾶσα
3018 4329 3289 4380 ἐπίκειται
3347 4326 3458 4383 τοῖς
3502 4320 3837 4384 ἐπισκόποις

570 4406 760 4473 injuria
789 4408 1110 4474 allieiuntur,
1145 4412 1449 4470 defendere.
1478 4417 1608 4481 Quia
1631 4429 1807 4473 autem
1857 4423 2126 4492 nonnulli,

2259 4426 2743 4500 ἂντιλαμϐάνεσθαι
2766 4423 2874 4474 τῶν
2902 4417 3288 4485 ἀδικουμένων.
3330 4417 3485 4468 Ἐπεὶ
3545 4414 3624 4515 δέ.⁹
3655 4429 3839 4480 τινες,

573 4508 627 4547 ιιι
678 4509 758 4550 est
813 4501 1120 4568 verisimile,
1154 4506 1410 4571 episcopi,
1444 4524 1563 4560 cum
1611 4510 1677 4563 de
1720 4516 2039 4580 pauperibus
2069 4530 2123 4573 et

2262 4533 2315 4593 ὶις
2356 4527 2552 4583 ἐοικεν,
2584 4517 2894 4577 ἐπίσκοποι,
2921 4512 3172 4578 λέγοντες
3227 4507 3372 4576 ὑπὲρ
3433 4503 3668 4572 πτωχῶν
3731 4509 3842 4558 καὶ

574 4588 785 4642 afﬂictis
825 4592 1064 4644 dicerent
1093 4632 1106 4650 .
1147 4610 1249 4645 non
1299 4599 1724 4654 exaudiebantur
1769 4622 1780 4656 :
1832 4615 2137 4661 statuerunt

2262 4588 2808 4680 ιαταπεπονημένιυν,
2861 4605 2960 4656 οὐκ
2999 4597 3383 4668 είσηκούοντο·
3443 4596 3842 4649 τετυπῶκασιν

580 4678 763 4730 l'atres
798 4689 855 4732 ut
905 4681 1257 4746 imperatores
1292 4686 1727 4752 admonerentur,
1763 4706 1820 4745 ut
1867 4708 1988 4748 Cum
2023 4700 2135 4764 epi-

2253 4705 2558 4773 οίΠατέρες
2587 4678 3002 4766 ῦπομνησοῆναι
3062 4691 3188 4750 τοὺς
3239 4685 3498 4756 βασιλεῖς,
3541 4684 3686 4736 ὥστε
3748 4686 3833 4737 δο.

574 4786 861 4839 scoparum
894 4773 1158 4826 electione
1191 4775 1256 4827 ab
1285 4781 1366 4830 eis
1398 4780 1653 4832 darentur
1684 4783 1997 4840 defensores
2035 4803 2131 4853 pro

2260 4802 2403 4868 λῆναι
2435 4794 2585 4862 παρὰ
2606 4791 2810 4843 τοῦτων
2838 4786 2975 4853 μετὰ
3016 4782 3116 4848 τῆς
3156 4779 3264 4831 τῶν
3316 4779 3635 4831 ἐπισκόπων
3701 4778 3840 4829 ἐττιο

579 4862 907 4927 rcprimenda
939 4865 1156 4916 divitum
1193 4869 1494 4935 tyrannide:
1529 4883 1581 4922 ut
1610 4874 1684 4925 sic
1717 4889 1892 4928 cesset
1919 4878 2134 4930 assidua

2262 4862 2407 4959 toﬁ];
2459 4886 2706 4944 ἐκδίκους
2753 4879 2916 4947 χάριν
2953 4873 3045 4924 τοῦ
3095 4868 3519 4924 ἀναστέλλεσθαι
3560 4867 3668 4959 τὰς
3719 4867 3842 4920 τῶν

583 4949 942 5003 Ιεὶι-οξιιδί.ιτιιιιι
975 4956 1328 5019 perturbatio,
1360 4975 1464 5026 qua
1503 4961 1568 5013 ab
1599 4963 1676 5014 eis
1707 4963 2015 5019 aﬂieiunlur
2045 4969 2136 5035 qui

2262 4949 2520 5032 πλουσίων
2551 4969 2889 5041 τυραννίδας,
2914 4967 3005 5016 καὶ
3039 4962 3181 5014 οὕτω
3222 4961 3497 5027 παυθῆναι
3520 4958 3619 5026 τὴν
3657 4958 3842 5026 ἐπην-

578 5042 644 5092 ad
678 5057 768 5093 eas
798 5044 1079 5105 accedunt,
1105 5047 1243 5112 quod
1272 5064 1296 5096 ει
1324 5050 1714 5114 potentioribus
1738 5055 1930 5123 injuria
1962 5057 2137 5113 allecti

2261 5067 2546 5135 ενεγμένην
2604 5061 2878 5113 ἄπαυστον
2933 5054 3153 5122 δχλησιν
3205 5052 3324 5110 ταῖς
3377 5047 3701 5114 ἐκκλησίαις
3771 5048 3841 5100 ἐκ

582 5132 707 5185 sint.
746 5133 820 5183 Ac
863 5132 913 5185 in
946 5134 1028 5186 his
1067 5134 1283 5202 quidem
1317 5140 1565 5193 consistit
1602 5157 1799 5196 canon.
1838 5145 1917 5197 'l‘u
1961 5158 2139 5202 autem

2261 5132 2843 5224 τῶν-*προσερχομένων
2891 5145 3081 5203 αὐταῖς
3138 5141 3225 5193 διὰ
3274 5140 3332 5191 τὸ
3376 5137 3680 5191 ἀδικεῖσθαι
3725 5137 3841 5190 ὑπὸ

578 5225 742 5286 Scias,
775 5226 915 5292 quod
962 5224 1306 5279 defensorum
1356 5229 1523 5295 dario,
1566 5231 1654 5300 qui
1706 5233 1907 5287 ἔκδικοι
1960 5236 2143 5292 Grtece

2261 5248 2356 5299 τῶν
2387 5238 2988 5313 παραδυναστευὸντων.
3029 5231 3185 5284 Κα“ιὸ
3214 5229 3313 5297 μὲν
3358 5226 3542 5279 κανὼν
3598 5228 3656 5277 ἐν
3710 5227 3841 5278 τού-

579 5315 848 5378 dicunlur,
877 5317 990 5370 sive
1023 5333 1049 5369 a
1075 5321 1321 5386 prmsenti
1346 5337 1551 5376 canone
1578 5325 1741 5391 coepit
1768 5327 2003 5392 initium,
2031 5331 2143 5384 sive

2257 5355 2363 5398 τοις
2397 5352 2411 5367 .
2447 5335 2509 5386 cf,
2541 5333 2596 5384 δὲ
2628 5331 2887 5397 γίνωσκε,
2918 5326 2997 5377 ὅτι.
3033 5324 3065 5392 ή
3114 5322 3258 5384 δῦσις
3287 5319 3395 5371 τῶν
3419 5318 3671 5378 ἐκδίκων,
3721 5318 3837 5369 τῶν

583 5405 750 5457 etiam
777 5417 933 5460 antea
956 5414 1400 5478 cognoscebatur,
1433 5430 1524 5483 per
1551 5418 1964 5486 tmiuscujusque
1997 5420 2143 5474 urbis

2259 5425 2345 5477 καὶ
2372 5422 2709 5488 δεφευσόρων
2738 5414 3070 5483 λεγομένων,
3105 5410 3214 5463 εἴτε
3273 5408 3381 5461 ἀπὸ
3413 5407 3507 5458 τοῦ
3559 5409 3839 5473 παρόντος

584 5497 876 5550 incolarum
929 5499 1242 5556 electionem
1280 5504 1462 5558 ﬁebat.
1515 5505 1610 5560 Est
1648 5518 1824 5561 autem
1861 5512 2020 5564 etiam
2054 5511 2145 5564 Ju-

2258 5516 2472 5574 κανόνος
2516 5511 2669 5563 ἔλασε
2695 5509 2792 5574 τὴν
2821 5505 3016 5575 ἀρχὴν,
3046 5503 3154 5555 εἴτε
3188 5501 3281 5554 καὶ
3330 5499 3433 5568 πρὸ
3458 5496 3649 5551 τούτου
3705 5501 3838 5550 ἐπες

585 5587 803 5641 ειίιιίιιιί
836 5588 1052 5644 Novella
1088 5593 1171 5657 15,
1208 5610 1324 5662 quae
1364 5613 1550 5650 eorum
1583 5599 1898 5655 electionem
1927 5618 1985 5656 ac
2020 5619 2144 5670 pro-

2259 5606 2575 5673 γινώσκετο,
2612 5601 2676 5652 δι’
2706 5599 2962 5664 ἐπιλογῆς
2992 5595 3098 5646 τῶν
3131 5592 3400 5646 κατοίκων
3431 5590 3674 5655 ἑκάστης
3729 5590 3839 5642 πό-

586 5676 873 5729 tnotionem
931 5680 1240 5735 describat:
1301 5694 1352 5738 et
1401 5689 1587 5740 statuit
1633 5691 1774 5743 utin
1826 5707 2144 5760 unaquaque

2254 5698 2387 5756 λεως
2420 5696 2648 5761 ἐγίνετο.
2672 5693 2825 5745 Ἐστι
2857 5688 3026 5741 δὲκαὶ
3054 5686 3238 5754 Νεαρᾶ
3272 5681 3714 5742 Ἰουστινιάκπειος
3745 5679 3834 5748 ιε’,

585 5766 803 5819 civitate
861 5772 926 5823 ab
972 5773 1237 5842 episcopis
1284 5785 1336 5829 et
1392 5779 1601 5835 clericis
1639 5791 1688 5834 et
1736 5783 1936 5837 civibus
1988 5787 2144 5852 paulo

2255 5785 2600 5841 ὑπολιποῦσα
2638 5785 2733 5854 τὴν
2780 5781 2986 5840 τούτων
3033 5777 3286 5846 ἐπιλογὴν
3342 5775 3438 5826 καὶ
3502 5773 3834 5842 πρόϐλησιν,
