4000 6450
210 395 306 457 985

1125 409 1208 470 IN
1261 412 1406 473 CAN
1455 413 1758 476 LXXVIII
1806 415 2014 478 CONC.
2064 418 2438 482 CARTHAG.

3350 428 3454 490 286

211 517 297 606 καὶ
323 516 672 591 διοριζομένη
701 519 782 584 είς
806 521 1029 578 ἃπασαν
1057 526 1214 579 πόλιν
1243 528 1597 598 ἐπιλέγεσθαι
1641 532 1776 601 παρὲ

1897 536 2141 592 melioris
2193 537 2633 602 exrstimationis,
2661 538 2930 606 eligantur
2966 539 3279 596 defensores
3310 546 3458 597 sum-

206 605 308 657 τῶν
333 608 654 664 επισκόπων
683 612 780 665 καὶ
807 613 918 666 τῶν
945 617 1224 687 κληρικῶν
1272 621 1365 673 καὶ
1413 621 1524 674 τῶν
1575 621 1784 688 ἀξιολο-

205 700 457 767 γωτέρων
482 702 720 756 πολιτῶν
749 705 1001 768 ἐκδίκους
1025 709 1163 778 πρὸς
1196 712 1297 779 τὴν
1345 713 1619 780 ποσότητα
1686 713 1783 767 τοῦ

216 789 448 858 πλήθους
473 792 576 858 τῆς
601 793 810 856 πόλεως
840 795 1161 865 ἀρκοῦντας,
1194 801 1336 854 ὥστε
1389 802 1636 866 δικάζειν
1684 806 1782 857 a6-

209 880 331 940 τοὺς
362 881 525 948 μέχρι
557 884 860 953 ποσότητος
906 890 1258 958 νομισμάτων
1288 894 1616 962 τριακοσίων
1649 893 1782 964 (54),

210 972 300 1024 καὶ
323 973 746 1040 ἑγκληματικάς
776 978 1061 1042 ὑποθέσεις
1113 982 1501 1052 ιλαφροτέρας,
1559 988 1656 1039 καὶ
1707 987 1784 1056 μὴ

205 1066 556 1133 παραχωρεῖν
581 1068 690 1128 τοῖς
717 1067 1011 1132 δυνάσταις
1039 1073 1395 1140 κατατρέχειν
1464 1075 1574 1128 τῶν
1625 1077 1789 1131 ἀσθε-

225 1155 500 1222 νεστέρων
556 1155 651 1206 καὶ
695 1158 968 1226 πενήτων,
1029 1161 1374 1215 ἀναστέλλειν
1406 1164 1461 1217 δὲ
1514 1167 1607 1220 καὶ
1662 1170 1788 1230 τοὺς

206 1245 516 1314 ἀπαιτητάς
567 1246 678 1300 τῶν
731 1249 1008 1319 δημοσίων
1053 1257 1623 1324 παρεισπράττοντας.
1678 1260 1789 1313 Καὶ

204 1333 336 1387 ἄλλα
361 1335 420 1387 δὲ
462 1338 735 1408 προνόμια
779 1343 812 1408 η
861 1341 1001 1411 αὐτὴ
1043 1343 1235 1413 Νεαρά
1262 1347 1786 1419 ἐπιφιλοτιμουμὲνη

203 1432 432 1491 τούτοις,
477 1430 830 1500 προστίθησι,
864 1433 1010 1500 μετὰ
1051 1435 1256 1490 διετίαν
1315 1440 1785 1509 παραστέλλεσθαι

203 1519 327 1580 τοὺς
371 1519 465 1571 ἐπὶ
493 1521 731 1590 τοσούτῳ
763 1524 940 1594 καιρῷ
985 1525 1046 1578 τδ
1073 1526 1447 1600 λειτούργημα
1503 1531 1660 1584 τοῦτο
1691 1534 1787 1585 ἀν-

207 1609 464 1675 ύσαντας,
495 1614 589 1662 καὶ
618 1613 814 1675 ἄλλους
858 1617 1276 1684 προϐάλλεσθαι.
1332 1622 1394 1673 'H
1451 1623 1679 1691 τοιαύτη
1731 1624 1787 1676 δὲ

207 1701 393 1780 Νεαρά
428 1702 492 1753 οὐ
526 1705 880 1775 κατεστρώθη
921 1710 1172 1775 ἐνταῦθα,
1207 1712 1340 1765 διότι
1386 1714 1505 1769 οὐδὲ
1540 1718 1783 1784 ἐνεργεῖ·

206 1791 262 1842 οὐ
301 1793 414 1861 γάρ
445 1795 792 1860 ἐπιλέγονται
844 1798 902 1851 ἐν
937 1818 1043 1853 τινι
1086 1803 1236 1855 πόλει
1282 1804 1487 1858 ἔκδικοι
1531 1807 1784 1861 τοιοῦτοι.

205 1884 362 1951 ῐιαρά
395 1885 562 1950 μόνου
614 1887 671 1939 δὲ
728 1889 821 1941 τοῦ
880 1892 1503 1960 Κωνσταντινουπόλεως
1550 1900 1786 1967 σφραγί-

205 1973 390 2036 ζονται
417 1975 629 2030 ἔκδικοι
664 1981 760 2031 καὶ
792 1983 1156 2045 πρωτέκδικοι
1204 1986 1298 2038 καὶ
1334 1989 1484 2056 παρὰ
1537 1989 1646 2041 τῶν
1674 1991 1786 2043 λοι-

213 2067 330 2118 πῶν
375 2070 684 2138 ἀρχιερέων
717 2075 1079 2142 πρωτέκδικοι
1113 2093 1127 2107 ο
1170 2080 1259 2130 καὶ
1288 2078 1432 2132 οὗτοι
1472 2081 1570 2145 μὲν
1629 2085 1787 2136 οὐδὲν

203 2161 502 2228 προνόμιον
544 2161 760 2232 ἔχουσιν
787 2165 853 2216 ἐκ
886 2165 993 2218 τῶν
1035 2170 1441 2237 περιεχομένων
1471 2173 1536 2239 τῇ
1576 2172 1784 2242 Νεαρᾷ.

203 2251 377 2313 Μόνος
410 2253 523 2321 γάρ
579 2253 967 2322 πρωτέκδικος
990 2261 1089 2326 τῆς
1160 2260 1472 2330 ἁγιωτάτης
1526 2263 1785 2332 Μεγάλης

203 2341 500 2410 ἐκκλησίας
543 2345 640 2395 καὶ
680 2346 728 2397 ol
761 2346 851 2398 ὑπ’
897 2348 1060 2402 αὑτὸν
1088 2349 1292 2404 ἔκδικοι
1338 2352 1618 2415 δικάζουσι
1684 2356 1782 2422 μό-

203 2449 295 2493 νας
322 2435 428 2498 τὰς
459 2439 586 2504 περὶ
633 2437 959 2507 ἐλευθεριῶν
1008 2441 1310 2505 ὑποθέσεις,
1361 2443 1560 2512 Οἴομαι
1609 2445 1665 2497 δὲ
1705 2448 1784 2499 ὅτι

203 2523 305 2575 ἀπὸ
333 2526 435 2588 τῆς
469 2526 730 2593 ρηθείσης
757 2529 976 2600 Νεαρᾶς
1021 2532 1050 2583 ὁ
1080 2535 1330 2603 πρωτέκδ
1356 2552 1448 2596 κος
1481 2536 1786 2590 δικαιοῦται

204 2613 447 2676 δικάζειν
479 2617 690 2680 πάντας
737 2622 868 2682 τοὺς
913 2625 1390 2693 προσερχομένους
1452 2627 1603 2695 αὐτῷ
1659 2629 1785 2697 περὶ

201 2707 571 2772 χρηματικῶν
595 2709 908 2761 ὑποθέσεων
949 2711 1042 2765 καὶ
1089 2714 1516 2783 ὲγκληματικῶν
1547 2718 1782 2786 ἐλαφροο

204 2798 403 2864 τέρων,
441 2797 546 2850 κάν
578 2799 695 2862 οῖας
725 2801 793 2853 ἂν
819 2795 922 2854 ὦσι
953 2804 1124 2872 τύχης
1154 2806 1247 2856 καὶ
1289 2809 1677 2870 καταστάσεως
1735 2812 1783 2861 οἱ

201 2890 486 2954 ἐνάγοντες
516 2892 612 2943 καὶ
639 2892 690 2944 oi
720 2884 1042 2962 ὲναγόμένοι
1078 2912 1097 2930 ο
1140 2897 1233 2950 καὶ
1277 2898 1479 2965 μᾶλλον
1509 2900 1643 2951 ὅταν
1688 2900 1785 2968 οὐχ

202 2980 504 3053 ὑπερδαίνῃ
558 2984 620 3035 τὸ
663 2986 831 3038 ποσὸν
878 2990 976 3056 τῆς
1019 2988 1330 3052 ὑποθέσεως
1374 2989 1444 3043 τά
1491 2992 1783 3059 τριάκοντα

199 3071 532 3134 venientum.
577 3073 856 3138 Ὡσαύτως
881 3077 1093 3140 ἐφεῖται
1118 3079 1267 3147 αὖτῷ
1309 3081 1655 3134 ἀναστέλλειν
1685 3081 1780 3142 τὰς

1887 629 2099 682 cientes
2149 628 2216 680 ad
2253 628 2614 695 quantitatem
2663 629 3021 684 multitudinis
3075 632 3336 699 civitatis,
3394 645 3452 686 ut

1887 716 1987 785 ipsi
2022 717 2260 783 judicent
2311 733 2479 785 usque
2516 721 2585 772 ad
2627 719 2980 784 quantitatem
3026 720 3239 791 triginta
3276 722 3454 776 numi-

1885 818 2139 872 smatum,
2161 818 2214 859 et
2244 808 2551 862 criminales
2576 825 2768 864 causas
2805 810 3068 875 leviores;
3098 827 3198 865 nec
3233 815 3458 880 permit-

1889 908 2000 952 tant
2035 900 2340 967 potentibus
2370 909 2424 952 ut
2462 901 2839 954 imbecilliores
2871 912 2926 954 et
2954 917 3219 971 pauperes
3267 907 3456 972 omni-

1889 999 2036 1044 mant
2060 1031 2073 1056 ,
2107 1001 2159 1044 et
2191 992 2482 1057 reprimant
2513 989 2847 1056 publicorum
2880 1003 3184 1057 exactores,
3217 997 3303 1062 qui
3331 995 3454 1063 plus

1887 1095 2049 1149 quam
2087 1095 2184 1150 par
2210 1089 2296 1135 est
2324 1083 2569 1149 exigunt.
2598 1081 2910 1147 Quinetiam
2961 1084 3073 1136 haec
3103 1098 3315 1152 quoque
3345 1085 3452 1137 No-

1887 1172 2044 1236 vella,
2079 1188 2199 1241 qua:
2227 1174 2306 1227 eis
2354 1173 2457 1226 alia
2509 1173 2783 1240 privilegia
2834 1173 3080 1243 largitur,
3129 1175 3332 1242 adjicit,
3395 1188 3453 1231 ut

1891 1273 2011 1333 post
2045 1265 2316 1319 biennium
2342 1265 2604 1321 desistant
2632 1267 2721 1334 qui
2755 1266 2857 1318 hoc
2888 1281 3081 1319 munus
3126 1276 3273 1324 tanto
3321 1279 3452 1321 lem-

1891 1371 2022 1424 pore
2048 1357 2298 1411 obierunt
2323 1395 2338 1419 ,
2375 1365 2429 1410 et
2478 1357 2567 1409 alii
2612 1368 3053 1427 promoveantur.
3115 1356 3237 1409 Haec
3277 1367 3454 1410 autem

1891 1446 2113 1501 Novella
2149 1447 2236 1500 hic
2265 1447 2367 1501 sita
2413 1463 2517 1502 non
2574 1456 2678 1511 est,
2704 1461 2769 1501 eo
2800 1449 2942 1516 quod
2983 1463 3086 1501 non
3124 1447 3194 1500 sit
3223 1448 3274 1499 in
3306 1463 3400 1499 usu
3438 1465 3455 1501 :

1889 1552 1988 1593 nec
2018 1540 2160 1592 enim
2189 1540 2441 1592 dicuntur
2469 1554 2590 1593 esse
2617 1539 2668 1593 in
2695 1539 2801 1592 ulla
2835 1538 3053 1594 civitate
3077 1539 3340 1606 ejusmodi
3367 1542 3452 1592 de.

1889 1629 2154 1684 fensores.
2208 1631 2251 1682 A
2301 1629 2416 1684 solo
2452 1639 2631 1682 autem
2670 1628 3164 1697 Constantiimpolis
3197 1631 3453 1695 episcopo

1889 1721 2257 1774 characterem
2285 1719 2582 1786 suscipiunt
2613 1718 2941 1782 defensores,
2971 1729 3024 1772 et
3049 1719 3136 1785 qui
3173 1719 3332 1785 primi
3360 1720 3456 1772 de-

1892 1813 2130 1865 fensores
2167 1812 2437 1865 dicuntur.
2464 1811 2508 1863 A
2535 1811 2753 1878 reliquis
2782 1821 2959 1863 autem
2991 1811 3324 1864 antistitibus
3358 1813 3454 1865 soli

1891 1904 2046 1973 primi
2085 1903 2400 1957 defensores
2431 1921 2444 1956 :
2478 1911 2640 1970 atque
2674 1902 2707 1955 ii
2740 1902 2957 1970 quidem
3007 1904 3210 1956 nullum
3256 1905 3456 1959 habent

1889 1993 2223 2064 privilegium
2255 2008 2320 2046 ex
2373 1993 2438 2046 iis
2469 2008 2586 2060 qua:
2621 1990 2844 2045 Novella
2892 1995 3256 2046 continentur.
3299 1994 3456 2046 Solus

1887 2083 2027 2137 etaim
2062 2082 2266 2148 primus
2295 2081 2549 2135 defensor
2582 2082 2940 2136 sanctissimae
2989 2082 3077 2134 Dei
3113 2081 3320 2150 Magnae
3360 2097 3453 2136 ec-

1885 2171 2085 2233 clesiae,
2122 2178 2173 2224 ct
2206 2171 2295 2238 qui
2323 2171 2371 2223 ei
2403 2171 2636 2224 subsunt
2667 2169 2997 2232 defensores,
3049 2172 3191 2224 solas
3237 2170 3456 2225 liberta-

1887 2272 1997 2314 tum
2029 2277 2222 2314 causas
2248 2262 2517 2328 judicant.
2551 2259 2665 2324 Ipse
2696 2270 2874 2314 autem
2907 2261 3183 2325 existimo,
3210 2263 3353 2329 quod
3383 2277 3451 2314 ex

1884 2355 2026 2406 dicta
2067 2352 2274 2405 novella
2310 2352 2515 2420 primus
2548 2352 2798 2406 defensor
2831 2351 2920 2419 jus
2974 2354 3136 2406 habet
3179 2353 3457 2420 judicamli

1885 2459 2096 2504 omnes.
2128 2444 2219 2513 qui
2253 2443 2318 2497 ad
2349 2458 2469 2495 eum
2504 2443 2788 2503 accedunt,
2825 2443 2890 2494 de
2917 2443 3095 2496 causis
3123 2441 3451 2509 pecuniariis

1885 2545 1939 2589 et
1962 2535 2334 2588 criminalibus
2360 2532 2672 2594 levioribus,
2707 2533 3079 2600 cujuscunque
3124 2532 3232 2586 sint
3280 2540 3454 2586 status

1883 2635 1937 2678 et
1975 2624 2299 2678 conditionis
2351 2630 2565 2675 actores
2616 2630 2670 2673 et
2729 2622 2804 2673 rei
2847 2638 2859 2673 :
2908 2631 2963 2674 et
3004 2620 3235 2674 maxime
3286 2621 3451 2690 613

1883 2717 2094 2783 quando
2121 2728 2296 2767 causa:
2329 2713 2602 2779 quantitas
2630 2725 2734 2763 non
2764 2709 2979 2764 excedit
3007 2709 3076 2764 50
3107 2711 3452 2762 uumismata.

1886 2807 1950 2859 Et
1978 2806 2102 2858 licet
2131 2804 2178 2856 ci
2208 2803 2330 2872 jure
2366 2802 2738 2855 ecclesiastico
2772 2801 3065 2869 reprimere
3092 2801 3454 2867 potentiorum

1884 2895 2109 2963 injurias
2135 2912 2150 2947 :
2181 2895 2309 2963 quin
2339 2903 2387 2946 el
2420 2893 2470 2945 iu
2503 2907 2657 2946 suum
2687 2892 2861 2946 forum
2890 2892 3106 2946 trahere
3127 2905 3336 2953 omnes,
3364 2888 3456 2958 qui

1884 2990 2130 3041 dicuntur
2161 2985 2354 3051 injuria
2392 2982 2602 3037 allicere
2629 2996 2720 3036 eos
2745 2983 2836 3050 qui
2891 2982 2957 3033 ad
3004 2980 3299 3035 Ecclesiam
3329 2995 3453 3035 con-

1883 3079 2130 3146 fugiunt;
2165 3090 2230 3128 ne
2276 3083 2539 3142 cogantur
2567 3089 2661 3126 eos
2689 3074 2754 3125 ad
2789 3072 2946 3126 civile
2995 3072 3165 3124 forum
3221 3072 3452 3135 mittere,

198 3159 302 3211 τῶν
343 3163 944 3229 παραδυναστευόντων
969 3167 1203 3230 ἀδικίας,
1253 3170 1396 3221 κατά
1447 3173 1514 3223 τὰ
1573 3171 1774 3236 ἐκκλη-

1883 3181 1940 3221 ιιι
1973 3170 2029 3220 lit
2064 3167 2241 3221 hodie.
2302 3166 2405 3220 Sed
2452 3175 2504 3218 et
2560 3165 2720 3230 liber,
2748 3167 2839 3233 qui
2875 3162 3308 3232 πρωτεκδικικός
3340 3164 3455 3230 (seu

202 3252 457 3304 σιαστικά
486 3253 672 3305 δίκαια
704 3273 717 3286 ·
744 3255 963 3309 ἐλκύσει
989 3257 1046 3309 δὲ
1073 3261 1165 3311 καὶ
1202 3260 1284 3321 είς
1335 3260 1397 3312 τὸ
1437 3262 1558 3312 κατ’
1612 3261 1775 3314 αὑτὸν

196 3336 551 3413 δικαστήριον
602 3348 814 3410 πάντας
864 3353 989 3413 τοὺς
1026 3351 1354 3420 λεγομένους
1396 3353 1602 3405 ἀδικεῖν
1651 3357 1776 3412 τοὺς

1885 3262 1951 3314 de
1980 3260 2154 3328 primo
2177 3258 2484 3326 defensore)
2514 3258 2734 3318 dicitur,
2764 3259 2856 3310 dat
2886 3258 2932 3310 ei
2959 3255 3124 3309 multa
3154 3255 3452 3323 privilegio:

1887 3368 2072 3407 verum
2108 3352 2288 3405 nescio
2318 3351 2588 3418 quomodo
2629 3349 2887 3417 pleraque
2923 3349 3288 3416 negliguntur.

197 3435 522 3503 πρόσφυγας
547 3438 644 3505 τῆς
678 3439 1031 3508 Ἐκκλησίας,
1069 3443 1165 3495 καὶ
1211 3443 1312 3494 οὐκ
1362 3443 1838 3513 ἀναγκασθήσεται
1907 3444 2100 3502 αὐτοὺς
2161 3443 2245 3505 εἰς
2309 3441 2582 3494 πολιτικδν
2648 3441 2998 3510 δικαστήριον
3057 3440 3318 3508 πέμπειν,
3382 3438 3457 3499 ὡς

197 3531 403 3593 γίνεται
431 3531 692 3598 σήμερον.

197 3617 290 3672 οἷδ’
339 3621 498 3682 ὅπως
528 3623 593 3674 ea
625 3623 799 3677 πλείω
863 3625 1200 3681 ἀθετοῦνται.

263 3713 516 3767 ΖΩΝΔΡ.
557 3715 622 3766 Οἱ
647 3718 937 3771 ἐπίσκοποι
969 3721 1030 3772 ού
1057 3721 1218 3788 μόνον
1274 3721 1549 3776 διδάσκειν
1616 3726 1769 3791 ὀφεί-

197 3807 347 3858 λουσι
384 3805 514 3866 τοὺς
549 3805 642 3858 ὑπ’
675 3807 879 3871 αὐτοὺς
938 3810 1122 3872 λαοὺς.
1172 3812 1308 3866 ἀλλὰ
1363 3814 1458 3868 καὶ
1515 3817 1776 3884 προϊστα-

199 3898 321 3950 σθαι
355 3897 569 3950 τούτων
631 3900 1025 3967 ἀδικουμένων,
1079 3904 1172 3955 καὶ
1231 3906 1376 3957 κατά
1435 3907 1495 3958 τδ
1554 3907 1776 3959 δυνατὸν

197 3990 457 4044 ἐκδικεῖν.
502 3988 658 4042 Ἐπεὶ
693 3990 752 4043 δέ.
789 4008 936 4054 τινες
969 3993 1055 4046 διὰ
1085 3995 1408 4049 δυναστείαν
1461 3998 1571 4048 τῶν
1655 4000 1778 4050 ὲπιο

197 4082 416 4134 σκόπων
442 4083 546 4134 οὐκ
591 4083 930 4150 ἐφρόντιζον,
1011 4086 1252 4140 αἰτοῦσιν
1285 4090 1331 4140 oi
1396 4088 1495 4156 τῆς
1561 4091 1774 4143 συνόδου

197 4173 393 4242 ταύτης
423 4175 551 4236 τοὺς
585 4174 824 4242 βασιλεῖς
855 4176 1073 4244 δοθῆναί
1131 4196 1288 4241 τινας
1324 4181 1594 4245 ἐκδίκους,
1630 4181 1770 4232 ὥστε

199 4265 332 4327 μετά
354 4263 466 4314 τῶν
490 4266 816 4318 ἐπισκόπων
841 4268 1192 4321 ἀναστέλλειν
1219 4271 1314 4332 τάς
1343 4271 1452 4324 τῶν
1493 4273 1772 4326 πλουσίων

197 4355 544 4421 τυραννίδας,
573 4353 660 4406 ἵνα
690 4357 765 4424 μὴ
817 4359 936 4416 ταῖς
991 4359 1312 4428 ἐπαχθείαις
1351 4362 1460 4414 τῶν
1498 4366 1770 4430 πενήτων,

192 4448 429 4499 τουτέστι
519 4447 641 4506 ταῖς
709 4450 1174 4519 ὲπενενηγμέναις
1277 4452 1462 4515 αὐτοῖς
1530 4455 1774 4525 βαρείαις

775 3533 938 3586 Ἀλλά
993 3536 1086 3588 καὶ
1134 3537 1194 3587 τὸ
1219 3537 1656 3604 πρωτεκδικικδν
1688 3537 1893 3606 βιϐλίον
1927 3538 2040 3606 (55)
2068 3535 2236 3589 πολλά
2267 3533 2540 3604 προνόμια
2569 3533 2788 3586 δίδωσιν
2849 3532 2998 3600 αὑτῴ
3031 3547 3045 3562 ο

3145 3531 3285 3601 πλὴν
3348 3529 3449 3582 οὐκ

1953 3720 2205 3777 ZONAR.
2254 3720 2505 3788 Episcopi
2539 3735 2643 3774 non
2673 3726 2878 3771 tantum
2931 3717 3154 3786 populos
3209 3716 3454 3784 ipsorum

1882 3830 2023 3868 cura:
2071 3813 2389 3867 commissos
2419 3814 2636 3871 docere.
2669 3812 2762 3863 sed
2796 3825 2981 3863 eorum
3009 3823 3223 3876 quoque
3259 3819 3452 3876 patro-n

1881 3903 2106 3965 ciuium,
2137 3903 2180 3954 si
2218 3901 2413 3967 injuste
2444 3902 2732 3961 laedantur,
2771 3898 3074 3966 suscipere,
3114 3912 3177 3950 ac
3205 3897 3322 3950 illos
3353 3913 3447 3962 pro

1883 3995 2095 4049 viribus
2129 3992 2271 4046 tueri
2304 3992 2528 4046 debent.
2568 3989 2834 4056 Quoniam
2868 4004 2994 4045 vero
3032 3990 3220 4056 aliqui,
3249 3989 3453 4056 pollen-

1885 4096 1965 4141 tes
1993 4087 2204 4152 opibus.
2259 4086 2634 4152 episcoporum
2663 4098 2877 4151 quoque
2913 4083 3287 4135 auctoritatem
3325 4097 3454 4133 cou-

1885 4178 2222 4237 temnebant,
2279 4176 2557 4242 postulant
2589 4175 2655 4228 ab
2701 4176 3031 4243 imperatore
3071 4174 3228 4241 hujus
3261 4173 3452 4241 synodi

1880 4269 2094 4333 Patres,
2157 4279 2215 4320 ut
2281 4267 2600 4321 defensores
2663 4267 2826 4334 aliqui
2883 4267 3317 4329 constituantur,
3362 4264 3452 4329 qui

1885 4360 2046 4413 simul
2107 4375 2231 4413 cunt
2280 4358 2553 4428 episcopis
2587 4360 2954 4427 potentiorum
2990 4356 3329 4428 tyrannidem
3370 4372 3456 4409 rc-

1886 4454 2144 4522 primaut,
2203 4467 2270 4505 ne
2331 4466 2630 4520 pauperum
2688 4451 3157 4520 oppressionibus,
3207 4449 3308 4504 hoc
3343 4456 3451 4513 est,

1383 4565 1584 4625 Guill.
1630 4567 1960 4642 Beveregii
2010 4573 2199 4628 uotae.

263 4665 379 4740 (δι)
403 4664 800 4740 Nonnuser
829 4667 1212 4740 τριιυιοσίίινν.Δ
1253 4665 1548 4740 ζιιειίιιὶτιηί
1576 4672 1762 4734 verba,

1883 4670 1973 4732 ris,
1997 4669 2064 4740 τὰ
2082 4671 2136 4723 δὲ
2162 4670 2401 4740 ῥήματα,
2420 4667 2618 4740 inquit.
2645 4663 3197 4740 τοῦπρςιιτεκδικικοῦ
3218 4662 3448 4740 βιξῗλίου,

198 4750 309 4801 qua:
347 4735 643 4804 Balsiamon
684 4735 770 4786 hic
800 4739 1041 4804 respicit,
1087 4739 1151 4790 de
1182 4737 1566 4792 defensoribus
1591 4743 1669 4792 sic
1702 4755 1760 4792 se

201 4806 416 4861 habent.
454 4803 521 4856 Et
543 4803 794 4870 judiCnre
845 4804 1172 4860 Defensores
1206 4808 1259 4859 in
1302 4810 1478 4860 causis
1524 4810 1764 4861 omnibus

198 4875 516 4935 pecuniariis
552 4889 711 4937 usque
737 4873 1021 4928 ad'anreos
1048 4887 1303 4929 trecentos
1344 4893 1361 4929 :
1397 4893 1499 4928 non
1545 4879 1768 4930 volenti-

199 4942 516 5015 busnostris
576 4943 824 5015 subjectis
873 4945 1077 5015 trahere
1131 4945 1340 4998 sibimet
1411 4946 1670 5015 obligatos
1698 4948 1766 4998 ad

198 5012 517 5083 clarissimos
544 5013 935 5083 provinciarum
976 5014 1195 5077 iudices.
1233 5016 1278 5067 si
1312 5031 1474 5083 usque
1520 5012 1590 5067 ad
1631 5032 1766 5082 pra:-

197 5081 388 5152 dictam
410 5091 786 5152 Διινειτειιιονιιιιι
817 5082 1111 5136 solidorum
1147 5081 1498 5152 quantitatem
1529 5087 1606 5137 bis
1633 5081 1765 5139 con-

197 5151 364 5224 sistat.
402 5147 702 5224 J_ust_inian.
735 5149 922 5224 δοται.
961 5153 1046 5212 15.
1073 5147 1193 5222 cap.
1226 5155 1278 5215 5,
1305 5168 1440 5207 seu.
1470 5154 1505 5206 ε
1544 5155 1767 5224 Corrigc

203 5220 380 5286 itaque
421 5221 668 5272 Latinam
732 5217 1075 5289 Balsautonis
1127 5217 1429 5277 versiOuem
1485 5227 1584 5276 hoc
1621 5217 1762 5289 loco,

203 5302 300 5358 qua
331 5291 554 5357 triginta
577 5291 842 5342 mendose
872 5287 1202 5358 imprimitur
1231 5307 1326 5357 pro
1385 5287 1756 5346 treceulorum.

202 5356 418 5426 Corrige
470 5361 638 5411 etiam
704 5356 956 5412 Graecum
1017 5356 1358 5414 Balsamonis
1394 5370 1625 5424 textum,
1672 5365 1762 5416 ubi

205 5432 354 5490 paulo
386 5438 600 5495 postea,
637 5427 935 5500 τριάκοντα
989 5432 1303 5500 νομίσματα
1352 5433 1632 5494 scribitur,
1667 5449 1764 5500 pro

201 5500 479 5561 τριακόσια
517 5496 858 5564 νομίσματα,
894 5496 1355 5566 quemadmodum
1393 5503 1555 5556 etiam
1590 5496 1762 5554 codcx

202 5566 661 5618 Aur-rbasbianus
696 5567 840 5633 legit.

266 5634 373 5703 (55)
404 5633 884 5707 ΙΙρω-τεᾳιδικικὸν
901 5635 1165 5699 βιϐλίον.
1213 5637 1388 5707 llujus
1421 5640 1540 5693 libri
1573 5640 1765 5693 menti-

205 5703 273 5754 IIit
305 5709 464 5757 etiam
523 5704 819 5757 Balsatuou
877 5707 928 5758 in
982 5710 1241 5762 meditato
1295 5703 1362 5764 dc
1386 5710 1602 5764 duobus
1657 5711 1762 5763 illis

204 5772 392 5838 illiciis,
433 5774 886 5842 chartophylacis
917 5774 1173 5831 nimirum
1208 5789 1259 5835 ct
1312 5781 1469 5850 primi
1513 5782 1760 5835 dcl'cnso-

1871 4742 1938 4792 τὰ
1992 4731 2316 4800 οὖτω’τὶως
2371 4738 2510 4789 κατά
2544 4739 2693 4804 ῥῆμα
2754 4731 3210 4799 διαλαμϐάνοντα.
3278 4731 3450 4786 Verba

1875 4826 1991 4863 vero
2031 4811 2154 4861 libri
2200 4809 2264 4860 de
2321 4809 2485 4875 ofﬁcio
2543 4804 3047 4875 primi_defemoris,
3095 4819 3212 4869 qum
3261 4819 3448 4869 prope-

1873 4879 2087 4930 modum
2147 4873 2452 4946 Itnjnsniodi
2508 4889 2652 4946 sunt.
2709 4873 2824 4940 Ipsa
2879 4883 3088 4946 niueam
3110 4875 3446 4946 vcrlta,qn_rc

1871 4965 1934 5001 ex
1966 4950 2115 5000 dicto
2153 4943 2290 4998 liliro
2321 4946 2472 5001 citat,
2506 4945 2618 4996 lucc
2648 4954 2796 5001 sunt.
2845 4944 2936 4994 Δεῖ
2979 4943 3122 5004 ὑμᾶς
3150 4943 3202 4990 εί
3229 4959 3312 5003 τις
3339 4943 3447 4992 τῶν

1875 5017 2261 5085 πρεσϐυτέρων
2310 5017 2400 5067 καὶ
2448 5012 2917 5085 διακόνων-δίκην
2946 5012 3084 5085 -ἓξει
3117 5011 3254 5085 μετά
3279 5029 3444 5085 τινος,

1875 5081 2313 5151 προσκαλεῖσθαι
2340 5085 2430 5136 τὸν
2454 5083 2912 5150 διεγκαλοὺμενον
2941 5083 3004 5131 ἐκ
3058 5081 3265 5146 τρίτου,
3293 5083 3446 5151 κατά

1868 5150 1962 5208 τδν
1991 5156 2280 5217 εἰρημένον
2320 5155 2544 5222 τρόπον,
2579 5154 2672 5204 καὶ
2709 5153 2783 5220 μὴ
2811 5151 3108 5202 ὑπείκοντα
3141 5150 3442 5222 καταδικά-

1869 5225 2003 5288 ζειν.
2037 5223 2254 5290 Oportet
2281 5221 2386 5286 vos,
2422 5225 2468 5276 si
2497 5225 2611 5291 quis
2663 5222 3084 5291 presbyterorum
3108 5229 3157 5270 et
3188 5221 3444 5272 diacono-

1869 5311 1983 5346 rum
2016 5289 2130 5346 cum
2161 5295 2339 5362 aliqua
2372 5289 2516 5346 litem
2547 5291 2778 5362 habebit.
2808 5306 2947 5350 cum,
2997 5289 3087 5358 qui
3135 5300 3441 5350 accusatur,

1869 5365 2024 5418 tertio
2071 5361 2259 5422 citare,
2301 5368 2591 5416 secundum
2657 5361 2948 5412 indicatum
3004 5362 3213 5410 modum
3257 5369 3302 5411 et
3340 5375 3441 5411 non

1873 5435 2235 5500 obsequentem
2269 5435 2639 5485 condemnare.
2684 5429 2722 5480 E
2753 5429 2953 5500 quibus
2992 5429 3170 5500 verbis
3199 5431 3438 5500 contini;

1874 5515 1980 5564 tur,
2009 5498 2193 5571 ipsum
2253 5501 2596 5555 defensorem
2650 5500 2887 5552 ofﬁcium
2919 5499 2970 5550 in
3010 5498 3111 5550 hoc
3155 5498 3317 5571 libro,
3344 5499 3436 5564 qui

1875 5567 2177 5625 ltodie'non
2206 5580 2411 5633 exstat,
2462 5572 2528 5625 iis
2563 5572 2923 5624 constitutum
2951 5578 3121 5628 ‘csse,
3180 5567 3345 5620 illunc
3379 5576 3439 5618 ut

1873 5644 2085 5696 videtur
2118 5642 2183 5694 al)
2211 5640 2397 5708 aliquo
2444 5641 2799 5709 imperatore.
2851 5638 2995 5709 Idem
3039 5647 3220 5709 etiam
3246 5634 3436 5709 Balsa-

1873 5728 1995 5764 mon
2036 5714 2086 5763 ιιι
2131 5707 2380 5780 pransi-nti
2423 5707 2542 5764 loco
2575 5708 2745 5761 πολλά
2795 5708 3064 5776 προνόμια
3127 5707 3440 5761 defensori-

1874 5785 1972 5835 Lus
2017 5783 2068 5834 in
2103 5785 2206 5835 isto
2240 5781 2376 5836 libro
2416 5781 2638 5836 concedi
2673 5788 2890 5833 asserit.
