4000 6432
567 413 672 474 287

570 614 805 669 ecclesia
865 611 1249 682 perturbetur;
1326 610 1426 662 lioc
1473 617 1578 670 est,
1620 606 1688 659 ob
1745 618 2006 672 pauperes
2067 602 2133 652 ad

573 708 742 772 ipsam
773 704 1174 773 confugientes,
1207 712 1369 769 atque
1419 699 1490 753 ab
1524 714 1584 751 ea
1619 697 1722 750 sibi
1757 712 1912 764 opem
1944 693 2135 762 implo-

572 805 782 854 rantes,
813 794 1051 848 assiduis
1089 789 1595 860 perturbationibus
1631 785 1962 853 implicetur.

569 886 794 941 ARIST.
835 905 852 938 ι
906 884 975 939 Ut
1032 887 1317 951 episcopus
1373 881 1619 935 molestia
1686 892 1794 930 non
1847 874 2132 936 aﬂiciatur,

905 995 924 1029 ι
964 979 1279 1032 defensores
1314 973 1738 1027 constituantur.
1774 987 1792 1020 ο

641 1069 980 1136 Pauperibus
1012 1085 1036 1119 a
1076 1066 1477 1136 potentioribus
1506 1062 1798 1115 vexatione
1826 1058 2053 1122 aﬂectis,
2081 1069 2137 1111 et

565 1163 838 1229 cpiscepis
863 1160 930 1212 ab
956 1160 1020 1210 iis
1058 1167 1283 1225 propter
1313 1169 1405 1208 eas
1428 1153 1746 1206 vexationes
1777 1148 2132 1218 perturbatis,

569 1255 739 1305 visum
774 1263 855 1306 est
906 1253 1108 1322 synodo
1144 1251 1213 1302 ab
1273 1250 1613 1318 imperatore
1667 1253 1873 1314 petere,
1908 1251 1966 1295 ut
2011 1256 2132 1296 cum

566 1345 945 1410 episcoporum
1011 1341 1350 1409 providentia
1396 1340 1670 1409 eligantur
1710 1337 2045 1395 defensores,
2079 1343 2136 1386 ut

568 1433 793 1485 divitum
827 1432 1100 1502 tyrannidi
1149 1432 1428 1492 resistant,
1467 1439 1521 1482 et
1579 1427 1840 1497 episcopi,
1869 1435 2131 1492 quantum

569 1526 633 1574 ad
674 1538 790 1586 eos,
825 1525 939 1578 sine
966 1524 1209 1578 molestia
1244 1530 1620 1592 permaneant.

1090 1701 1318 1756 CANON
1364 1700 1599 1755 LXXIX.

570 1805 591 1834 ι
633 1788 703 1841 De
723 1789 1007 1854 episcopis,
1042 1793 1133 1859 qui
1159 1794 1210 1844 in
1240 1795 1462 1860 synodis
1481 1809 1538 1846 se
1569 1809 1670 1845 non
1703 1793 1922 1846 sistunt.
1961 1793 2126 1847 Simi-

638 1897 656 1928 ι
700 1879 823 1932 liter
855 1881 1076 1945 placuit,
1133 1894 1189 1934 ut
1225 1886 1656 1953 quotiescunque
1683 1885 1948 1953 synodum
1993 1899 2122 1936 con-

648 1988 665 2019 ι
706 1973 889 2024 venire
935 1973 1262 2037 oportuerit,
1297 1976 1560 2043 episcopi,
1587 1977 1674 2042 qui
1711 1992 1807 2029 nec
1849 1985 2130 2030 senectute

645 2079 660 2108 ι
702 2076 800 2114 nec
831 2063 1197 2117 imbecillitate
1222 2079 1318 2117 nec
1340 2064 1441 2117 ulla
1466 2066 1784 2132 gravissima
1814 2068 2133 2120 necessitate

644 2171 660 2201 ι
699 2153 1088 2220 impediuntur,
1133 2166 1190 2208 ut
1251 2170 1346 2222 par
1379 2167 1486 2215 est.
1541 2172 1597 2209 se
1649 2157 1881 2222 sistant;
1917 2169 1969 2210 et
2022 2172 2133 2211 sua!

637 2259 653 2289 ι
695 2241 958 2309 cujusque
1005 2244 1296 2309 provincite
1369 2248 1690 2311 primatibus
1759 2251 1823 2300 de
1881 2249 2132 2302 omnibus

639 2350 656 2381 ι
696 2333 963 2402 episcopis
991 2334 1355 2403 signiﬁcetur,
1394 2337 1511 2389 sive
1539 2338 1656 2390 dua:
1714 2338 1829 2391 sive
1857 2347 1968 2393 tres
2001 2339 2133 2392 ﬂant

637 2441 655 2472 ε
693 2426 1142 2495 congregationes
1173 2445 1185 2478 :
1219 2437 1270 2481 et
1301 2444 1364 2480 ex
1414 2444 1738 2496 unoquoque
1784 2445 2007 2484 numero
2051 2431 2132 2485 vi-

639 2534 656 2565 ι
689 2516 896 2579 cissim,
951 2519 1264 2586 quicunque
1295 2519 1453 2572 electi
1489 2519 1716 2583 iuerint,
1769 2522 1833 2574 ad
1868 2523 2008 2575 diem
2044 2537 2133 2591 sy—

630 2623 650 2654 ¢
691 2608 812 2660 nodi
867 2609 1262 2663 instantissime
1322 2625 1379 2664 se
1441 2612 1654 2665 sistant.
1710 2612 1802 2665 Sin
1861 2627 2041 2668 autem
2075 2632 2132 2671 se

638 2710 659 2748 ι
695 2696 885 2750 sistere
917 2715 1020 2752 non
1054 2703 1281 2768 possint,
1317 2719 1438 2756 cum
1470 2705 1649 2756 multa!
1685 2705 1846 2758 simul
1894 2708 1974 2773 (ut
2007 2723 2132 2760 cre-

639 2807 658 2840 ι
699 2789 859 2842 dibile
905 2790 1009 2857 est)
1059 2793 1380 2846 exoriuntur
1453 2798 1853 2851 necessitates:
1909 2798 2010 2850 nisi
2048 2799 2129 2852 sui

641 2902 658 2934 ι
699 2885 1063 2952 impedimenti
1095 2887 1355 2938 rationem
1403 2901 1499 2939 suo
1540 2890 1750 2952 primati
1776 2890 2129 2955 reddiderint,

641 2991 659 3023 ι
703 2974 928 3026 debeant
957 2973 990 3026 ii
1027 2989 1134 3027 suae.
1157 2986 1278 3028 esse
1330 2976 1570 3029 ecclesiae
1598 2977 1974 3031 communione
2003 2993 2133 3032 con-

643 3085 659 3117 ί
697 3076 846 3119 teutt.
891 3086 907 3116 ι

630 3156 828 3209 B.\LS.
864 3155 1305 3226 Uniuscnjnsque
1355 3158 1648 3225 provinciae
1689 3159 1994 3226 episcopos,
2028 3162 2115 3230 qui
2158 3172 2206 3238 ρ

563 3266 666 3304 nan
695 3260 915 3316 propter
941 3259 1152 3302 aetatem
1185 3265 1279 3302 seu
1311 3262 1621 3318 provectam
1669 3261 2004 3306 senectutem
2046 3255 2126 3308 vel

563 3340 934 3394 valetudinem
972 3340 1050 3391 vel
1102 3341 1264 3392 aliam
1323 3342 1702 3394 necessitatem
1733 3343 2128 3408 impediuntur.

563 3433 628 3486 ad
665 3432 897 3486 indictas
957 3434 1193 3499 synodos
1245 3433 1539 3484 convenire
1588 3433 1676 3485 hic
1725 3447 1896 3486 canon
1927 3433 2125 3502 jubet:

564 3534 617 3578 et
655 3540 776 3577 cum
814 3524 1122 3592 congregati
1181 3523 1400 3585 fuerint,
1457 3524 1873 3593 metropolitano
1906 3527 2130 3594 provin-

563 3617 678 3680 (δίκε,
740 3619 788 3668 in
848 3632 949 3684 qua
1003 3627 1084 3670 est
1145 3616 1516 3682 unusquisque
1567 3616 1898 3684 signiﬁcare,
1951 3629 2002 3672 et
2066 3636 2128 3674 ex

564 3723 888 3776 unoquoque
943 3724 1192 3768 numero.
1233 3710 1348 3759 sive
1396 3709 1513 3760 duae
1562 3707 1676 3760 sive
1707 3716 1815 3762 tres
1846 3710 1974 3762 ﬂant
2005 3725 2132 3763 cou-

563 3802 924 3868 gregationes.
954 3798 1142 3866 (Forte
1170 3799 1336 3857 enim,
1374 3811 1440 3850 ne
1477 3796 1557 3848 vel
1592 3798 1657 3851 de
1701 3798 2130 3855 habitationibus

561 3885 642 3939 vel
676 3888 740 3938 dc
779 3889 935 3938 rebus
960 3887 1278 3939 necessariis
1303 3885 1352 3937 in
1396 3886 1679 3952 angustias
1706 3887 2126 3953 adducerentur,

563 3993 666 4031 non
730 3993 916 4032 Omnes
946 3979 995 4032 in
1029 3995 1188 4031 unam
1242 3977 1430 4029 urbem
1486 3990 1892 4046 convenerunt,
1930 3984 2023 4034 sed
2076 3982 2128 4036 in

561 4072 696 4125 duas
727 4072 809 4124 vel
852 4081 963 4126 tres
996 4078 1279 4144 metropoli
1314 4078 1692 4146 propinquas).
1730 4075 2129 4128 InStantissime

563 4171 742 4216 autem
777 4178 834 4218 se
859 4166 1077 4229 sistere,
1112 4168 1213 4221 lioc
1247 4179 1348 4232 est,
1380 4172 1498 4222 sine
1530 4170 1635 4222 ulla
1671 4169 1932 4222 dilatione
1960 4168 2129 4221 vicis-

563 4254 687 4318 sim,
721 4257 771 4308 id
806 4265 908 4320 est,
945 4273 1039 4325 per
1075 4259 1238 4311 vices.
1282 4260 1467 4328 Neque
1490 4262 1633 4313 enim
1685 4261 1736 4312 in
1771 4276 1875 4311 uno
1907 4259 1994 4311 die
2022 4259 2131 4312 sol-

564 4355 762 4397 vuntur
818 4348 1044 4413 synodi;
1097 4349 1190 4401 sed
1230 4349 1283 4400 in
1339 4351 1604 4416 pluribus.
1641 4350 1696 4402 Si
1747 4361 1926 4402 autem
1963 4364 2022 4402 se
2053 4349 2130 4402 si-

563 4443 705 4487 stere
763 4449 867 4488 non
926 4437 1155 4502 possint,
1203 4440 1347 4503 quod
1404 4452 1430 4489 a
1472 4438 1748 4504 repentina
1803 4438 2129 4490 necessitate

1821 403 1920 461 ΤΗ
1933 397 2094 459 EOD.
2137 392 2225 450 BA
2236 392 2536 455 LSAMON

569 522 827 591 gravibus
883 520 1114 589 injuriis.
1147 532 1268 585 quas
1317 518 1448 586 ipsis
1519 516 1854 573 inferuntur,
1919 512 2138 566 assidue
2170 507 2215 560 Α
2246 502 2504 568 ἀδικίαις,

3715 379 3827 444 288

2603 500 2867 571 διηνεκῶς
2945 499 3345 569 παρενοχλῆται
3417 496 3453 568 ἠ
3525 494 3823 565 ἐκκλησία.

2240 595 2408 662 ήγουν
2439 595 2688 664 ὀχλήσεις
2724 593 2820 662 ἔχῃ
2877 590 2985 643 τῶν
3044 588 3417 662 ἀδικουμένων
3483 588 3834 658 προσιόντων

2241 687 2336 740 καὶ
2377 687 2686 755 ζητούντων
2712 683 3070 741 ἐκδικεῖσθαι.

2239 866 2459 920 ΑΡΙΣΤ.
2530 885 2548 917 ι
2595 868 2711 920 Ἵνα
2769 865 2844 938 μὴ
2912 869 2939 920 δ
2995 866 3294 929 ἐπίσκοπος
3371 864 3828 937 παρενοχλῆται,

2726 978 2744 1011 ι
2790 960 3034 1014 ἔστωσαν
3063 959 3284 1012 ἔκδικοι.
3313 978 3330 1010 ι

2310 1050 2432 1102 Τῶν
2471 1052 2718 1119 πενήνων
2745 1050 2898 1120 παρὰ
2966 1050 3076 1102 τῶν
3106 1050 3497 1118 δυνατωτέρων
3541 1046 3828 1111 κακώσιες

2239 1142 2649 1209 ὑφισταμένων,
2701 1145 2793 1194 καὶ
2821 1143 2914 1197 ὑπ’
2947 1142 3462 1205 αὑτῶν-διὰταύτας
3518 1142 3635 1194 τῶν
3707 1143 3833 1194 ἐπι-

2240 1235 2461 1285 σκόπων
2491 1234 2922 1303 ἐνοχλουμένων,
2977 1232 3118 1296 ἔδοξε
3162 1237 3228 1303 τῇ
3274 1233 3480 1303 συνόδῳ
3527 1236 3593 1288 ἐκ
3665 1233 3832 1303 βασι-

2237 1325 2372 1386 λέως
2403 1325 2623 1393 αἰτῆσαι
2647 1326 2787 1395 μετὰ
2842 1326 2942 1396 τῆς
3000 1326 3109 1378 τῶν
3159 1328 3486 1379 ἐπισκόπων
3557 1327 3830 1396 προνοίας

2240 1419 2561 1486 ἐπιλεγῆναι
2592 1419 2860 1481 ἐκδίκους,
2899 1419 2988 1472 ἴνα
3025 1419 3168 1473 κατὰ
3218 1419 3320 1486 τῆς
3372 1419 3483 1472 τῶν
3541 1419 3831 1474 πλουσίων

2239 1510 2562 1574 τυραννίδος
2592 1509 2974 1572 ὰνθιστῶνται,
3017 1515 3110 1563 καὶ
3155 1514 3202 1564 οί
3248 1510 3540 1564 ἐπίσκοποι
3568 1512 3699 1565 ὅσον
3735 1512 3832 1564 ἐπὶ

2235 1596 2448 1662 τούτοις
2479 1599 2827 1670 ἁνενὸχλητοι
2860 1602 3114 1669 μένωσιν,

2782 1689 3019 1742 ΚΑΝΩΝ
3052 1689 3176 1743 ΟΘ’.

2243 1797 2262 1830 ι
2287 1780 2422 1848 Περὶ
2463 1780 2574 1833 τῶν
2619 1783 2693 1851 μὴ
2738 1781 3099 1835 ἀπαντώντων
3122 1782 3178 1834 ἐν
3203 1784 3320 1846 ταῖς
3340 1784 3578 1845 συνόδοις
3595 1786 3832 1837 ἐπισκό-

2313 1891 2331 1924 ι
2372 1889 2509 1925 πων.
2549 1874 2782 1943 Ὁμοίως
2812 1876 3029 1944 ἡρεσεν,
3061 1875 3147 1927 ῖνα
3173 1875 3571 1945 όσακισδήποτε
3601 1876 3828 1928 σύνοδον

2327 1983 2344 2014 ι
2384 1964 2464 2015 δεῖ
2491 1964 2845 2034 συναχθῆναι,
2873 1967 2922 2019 oi
2942 1966 3255 2033 ἐπίσκοποι,
3283 1967 3480 2028 οἵτινες
3499 1966 3628 2020 οὒτε
3660 1968 3831 2038 κείρᾳ

2311 2073 2328 2105 ι
2362 2054 2486 2108 οὔτε
2511 2057 2765 2129 ἀσθενείᾳ
2798 2057 2920 2111 οὔτε
2958 2061 3066 2113 τινὶ
3098 2060 3374 2132 βαρυτέρᾳ
3405 2060 3628 2132 ἀνάγκη
3652 2060 3835 2129 ἐμπο-

2313 2167 2332 2200 ι
2370 2149 2604 2212 δίζονται
2629 2150 2901 2220 ἁρμοδίως
2921 2152 3252 2216 ἀπαντῶσιν,
3272 2153 3364 2205 καὶ
3384 2155 3495 2215 τοῖς
3508 2152 3837 2223 πρωτιιύου⁴

2309 2263 2328 2295 ι
2369 2260 2452 2295 σιν
2477 2245 2714 2312 ἑκάστης
2746 2243 2882 2306 ίδίας
2917 2244 3094 2296 αὐτῶν
3138 2245 3410 2312 ἐπαρχίας
3449 2245 3825 2316 ἐμφανισθείη

2309 2353 2328 2387 ι
2376 2339 2501 2404 περ)⁵
2531 2336 2746 2389 πάντων
2764 2335 2870 2389 τῶν
2901 2335 3241 2400 ἐπισκόπων,
3271 2337 3380 2388 εἴτε
3407 2336 3500 2388 δύο
3529 2337 3643 2389 εἴτε
3673 2339 3830 2405 τρεῖς

2311 2443 2329 2476 ι
2371 2427 2750 2495 συναθροίσεις
2817 2426 3083 2495 γένωνται
3130 2443 3144 2458 ·
3197 2427 3293 2479 καὶ
3346 2427 3455 2480 ἀπὸ
3500 2428 3740 2482 ἑκάστου
3769 2428 3828 2482 δὲ

2310 2531 2328 2563 ι
2373 2515 2607 2582 ἀριθμοῦ
2638 2518 2713 2579 είς
2735 2515 2968 2584 ἀμοιϐὴν
2999 2515 3318 2585 δσοιδήποτε
3347 2517 3650 2584 ἐπιλεγῶσι
3685 2518 3826 2586 πρὸς

2318 2624 2334 2655 ι
2369 2605 2466 2670 τὴν
2482 2609 2695 2676 ἡμέραν
2711 2607 2805 2675 τῆς
2830 2606 3045 2658 συνόδου
3062 2607 3391 2669 ἐνστατικῶς
3407 2609 3622 2678 ἀπαντή
3631 2627 3826 2668 σωσιν.

2310 2721 2328 2753 ι
2378 2703 2503 2754 Ἐὰν
2527 2701 2580 2752 δὲ
2609 2701 2684 2771 μὴ
2714 2701 3016 2769 δυνηθῶσιν
3056 2701 3620 2770 ἀπαντῆσαι,ἀθρόων
3642 2701 3816 2755 τινῶν

2311 2813 2328 2844 ι
2368 2793 2644 2860 ἀναγκῶν,
2669 2793 2743 2855 ὼς
2761 2793 3362 2862 είκὴς,ἀναφυομένων,
3383 2795 3431 2845 εἰ
3450 2794 3525 2862 μὴ
3549 2793 3828 2865 τὸνμόγον

2308 2909 2327 2941 ε
2361 2890 2456 2942 τοῦ
2493 2890 2696 2942 οίκείου
2748 2889 3091 2957 ἐμποδισμοῦ
3123 2889 3276 2960 παρὰ
3306 2889 3384 2958 τῷ
3427 2888 3618 2958 οἰκείῳ
3668 2906 3832 2960 πρωι-

2309 2999 2328 3031 ι
2369 2980 2581 3033 τεύοντι
2603 2980 2982 3042 ἀποδώσωσιν,
3005 2979 3241 3046 ὀφείλειν
3265 2981 3392 3042 τοὺς
3441 2979 3719 3042 τοιούτους
3756 2984 3830 3052 τῇ

2315 3093 2333 3124 ι
2390 3074 2654 3144 κοινωνίᾳ
2680 3073 2780 3142 τῆς
2804 3073 2940 3133 ἰδίας
2980 3071 3160 3124 αὐτῶν
3187 3071 3474 3141 ἀρκεῖσθαι
3498 3073 3830 3140 ἐκκλησίας.

2308 3165 2504 3219 ΒΑΛΣ.
2588 3163 2727 3227 Τοὺς
2813 3162 3146 3222 ἐπισκόπους
3233 3161 3473 3238 ἐκήστης
3548 3160 3836 3232 ἐπαρχίας

2236 3259 2518 3311 ἀπαιτεῖὸ
2546 3257 2727 3309 κανὼν
2771 3255 3134 3324 συνέρχεσθαι
3177 3255 3257 3316 είς
3313 3256 3414 3317 τὰς
3472 3253 3837 3322 τυπουμένας

2235 3348 2509 3407 συνόδους.
2539 3349 2667 3410 τοὺς
2688 3347 2763 3416 μὴ
2827 3346 2914 3398 διὰ
2974 3347 3190 3413 κείραν,
3246 3347 3416 3414 ἤγουν
3472 3345 3694 3413 ἡλικίαν
3731 3346 3839 3395 καὶ

2232 3446 2410 3513 γῆρας
2439 3443 2596 3511 βαθὺ,
2625 3443 2656 3511 ἢ
2689 3441 2976 3494 ἀσθένειαν
3003 3439 3032 3506 ἢ
3063 3439 3229 3508 ἄλλην
3286 3439 3538 3505 ἀνάγκην
3591 3436 3838 3505 ἐμποδι-

2235 3534 2539 3600 ζομένουςο
2603 3531 2702 3584 καὶ⁵
2774 3530 3164 3599 συναχθέντας,
3217 3529 3428 3592 εἴδησιν
3486 3528 3691 3580 διδόναι
3745 3526 3835 3596 τῷ

2238 3626 2608 3695 μητροπολίτῃ
2639 3624 2740 3692 τῆς
2762 3621 3032 3692 ἐπαρχίας
3083 3624 3176 3688 ἀφ’
3217 3618 3286 3691 ἧς
3339 3622 3490 3672 ἐστιν
3555 3619 3832 3684 ἕκαστος,

2236 3718 2332 3766 καὶ
2362 3717 2454 3782 ἀφ’
2489 3715 2724 3766 ἑκάστου
2799 3713 3058 3782 ἀριθμοῦ,
3138 3710 3250 3763 εἴτε
3292 3709 3385 3763 δύο
3485 3710 3593 3761 εἴτε
3671 3711 3837 3778 τρεῖς

2238 3805 2613 3873 συναθροίσεις
2635 3805 2928 3870 γένωνται.
2977 3804 3164 3872 (Ἴσως
3193 3803 3323 3869 γὰρ,
3366 3801 3457 3853 ἵνα
3501 3801 3641 3869 μήτε
3690 3801 3835 3869 περὶ

2234 3896 2333 3958 τὰς
2364 3897 2699 3961 καταγωγὰς
2743 3894 3188 3964 στενοχωρῶνται
3238 3894 3376 3963 μήτε
3421 3891 3527 3960 μὴν
3574 3894 3704 3960 περὶ
3755 3893 3835 3943 τὰ

2233 3987 2492 4056 χρειώδη,
2535 3987 2635 4037 οὐκ
2666 3989 2745 4048 είς
2794 3985 2922 4053 μίαν
2983 3987 3186 4045 πάντες
3248 3984 3584 4052 συνήρχοντο
3636 3981 3832 4045 πόλιν,

2235 4078 2355 4130 ἀλλ’
2391 4079 2470 4139 εἰς
2502 4076 2656 4144 δύοῆ
2695 4078 2847 4144 τρεῖς
2885 4073 3293 4144 πλησιαζούσας
3322 4077 3388 4141 τῇ
3430 4072 3834 4142 μητροπόλει.)

2249 4168 2618 4226 Ἐνστατικῶς
2649 4168 2706 4218 δέ
2740 4169 3010 4235 ὰπαντᾷν,
3065 4166 3234 4235 ἧγουν
3290 4163 3702 4233 ἀνυπερθὲτως.
3740 4167 3834 4227 είς

2234 4259 2494 4328 ἀμοιϐὴν,
2530 4260 2810 4309 τουτέστιν
2841 4256 3153 4325 ἅμοιὸαδόν.
3191 4257 3266 4309 Οὐ
3284 4256 3392 4324 γὰρ
3423 4257 3480 4306 ἐν
3505 4255 3602 4324 μιᾷ
3628 4256 3823 4326 ἡμέρᾳ

2235 4353 2288 4402 αἱ
2321 4349 2532 4403 σύνοδοι
2559 4349 2804 4411 ἐλύοντο,
2867 4346 2980 4399 ἀλλ’
3008 4349 3064 4398 ἐν
3111 4347 3372 4399 πλείοσιν.
3433 4346 3557 4397 Ἐὰν
3617 4345 3676 4398 δέ
3747 4347 3831 4415 μὴ

2233 4440 2534 4506 δυνηθῶσιν
2564 4441 2876 4506 ἀπαντῆσαι
2912 4439 2999 4491 διὰ
3023 4441 3081 4490 τδ
3141 4437 3536 4507 ἐμποδισθῆναι
3591 4437 3698 4489 ὑπδ
3731 4440 3830 4488 αξ-

563 4525 958 4592 impediantur,
988 4528 1202 4592 primati
1237 4528 1498 4581 rationem
1545 4528 1913 4596 impedimenti
1955 4542 2122 4596 expo-

2261 4532 2440 4583 ;νιδίου
2470 4532 2735 4597 ἀνάγκης,
2771 4530 2970 4582 διδόναι
3032 4528 3224 4593 λόγους
3303 4525 3399 4579 τοῦ
3461 4525 3826 4594 ἐμποδισμοῦ

563 4628 690 4670 nant
723 4633 737 4670 :
776 4618 859 4681 sin
918 4620 1018 4672 hoc
1082 4636 1186 4673 non
1250 4619 1501 4683 fecerint,
1551 4621 1663 4674 sola
1729 4635 1839 4674 suae
1883 4621 2128 4675 ecclesiae

563 4712 945 4764 communione
972 4714 1210 4766 cententi
1247 4714 1388 4776 sint;
1419 4711 1539 4766 aliis
1573 4728 1674 4765 una
1700 4728 1822 4766 cum
1849 4712 1980 4780 ipsis
2017 4726 2127 4764 non

557 4802 1098 4856 commnnicantibus.
1145 4805 1206 4857 Et
1242 4805 1294 4856 in
1337 4805 1418 4857 bis
1469 4805 1685 4874 quidem
1737 4805 1986 4858 consistit
2037 4818 2128 4857 ca-

562 4907 686 4946 non.
711 4892 789 4945 Tu
817 4904 994 4946 autem
1025 4895 1150 4949 binc
1175 4906 1297 4948 nota
1323 4911 1515 4950 novum
1542 4895 2127 4950 excommunicationis

561 4998 749 5050 genus.
778 4984 880 5037 Alii
917 4987 1057 5038 enim
1103 5002 1338 5040 canones
1368 4987 1638 5053 accipiunt
1685 4986 2130 5040 excommunica-

561 5075 799 5139 tionem;
832 5077 972 5144 quod
1005 5078 1221 5144 quidem
1266 5079 1458 5130 attinet
1499 5079 1564 5130 ad
1596 5079 1875 5146 episcopos
1903 5095 1915 5141 ;
1951 5087 2007 5130 ut
2045 5079 2129 5131 ni—

561 5163 634 5214 liil
685 5166 1021 5219 sacerdotale
1069 5167 1266 5219 obeant
1297 5185 1309 5218 :
1350 5183 1586 5234 praesens
1617 5179 1794 5220 autem
1831 5185 2002 5222 canon
2035 5185 2128 5222 eos

561 5269 588 5306 a
643 5269 798 5307 sacro
861 5259 1162 5311 ministerio
1221 5275 1326 5312 non
1395 5261 1654 5327 impedit,
1714 5262 1807 5315 sed
1846 5272 2124 5329 separata

564 5347 892 5414 reliquorum
921 5351 1145 5402 fratrum
1181 5352 1582 5404 communione.

617 5527 783 5596 614
798 5527 1022 5582 ZONAR
1037 5527 1492 5599 .Uniuscujusque
1511 5532 1800 5598 provincia:
1819 5535 2125 5603 cpisc0pns,

562 5617 987 5684 quotiescunque
1022 5620 1260 5687 synodus
1295 5622 1534 5674 habenda
1570 5623 1658 5685 sit,
1696 5623 1794 5675 nisi
1829 5633 1988 5677 actate
2015 5638 2125 5688 1am

561 5709 747 5762 all’ccta
786 5709 1050 5779 eﬂ'etaqne
1091 5723 1369 5766 senectute
1410 5715 1489 5765 vel
1529 5715 1838 5768 inlirmitatc
1885 5732 2127 5783 corporis

563 5801 941 5868 impediantur,
992 5805 1070 5857 vel
1105 5803 1247 5870 gravi
1283 5805 1381 5858 alia
1427 5807 1488 5858 dc
1538 5822 1698 5860 causa
1759 5806 2116 5872 detineantur,

2234 4623 2388 4689 παρὰ
2415 4621 2490 4686 τῷ
2519 4621 2898 4690 πρωτεύοντι·
2939 4621 2987 4670 εἰ
3033 4618 3087 4671 δὲ
3120 4619 3200 4686 μῆ
3267 4617 3428 4669 τοῦτο
3503 4617 3829 4685 ποιήσουσι,

2234 4715 2371 4782 μόνῃ
2393 4715 2457 4780 τῇ
2490 4712 2748 4780 κοινωνίᾳ
2791 4710 2890 4777 τῆς
2954 4708 3251 4777 ἐκκλησίας
3293 4708 3432 4768 ίδίας
3501 4707 3826 4776 ἀρκεῖσθαι.

2233 4806 2434 4871 ἐτέρων
2459 4804 2644 4863 αὐτοῖς
2668 4802 2740 4872 μὴ
2769 4799 3296 4868 συγκοινωνούντων.
3328 4800 3434 4851 Καὶ
3465 4800 3493 4849 ὁ
3513 4799 3613 4866 μὲν
3633 4798 3823 4851 κανὼν

2232 4898 2290 4946 ἐν
2317 4895 2547 4956 τούτοις.
2579 4895 2651 4945 Σὺ
2691 4894 2744 4944 δέ
2777 4892 3081 4961 σημείωσαι
3124 4890 3439 4957 καινότερον
3504 4889 3828 4958 ἀφορισμδν

2234 4989 2296 5038 ἐκ
2317 4985 2531 5037 τούτου.
2573 4985 2753 5035 Ἄλλοι
2809 4982 2905 5050 μὲν
2935 4981 3043 5049 γὰρ
3085 4979 3308 5040 κανόνες
3345 4978 3438 5029 τὸν
3503 4979 3827 5046 ἀφορισμὸν

2235 5075 2689 5142 ἐκλαμϐάνονταν,,
2710 5073 2834 5124 ὅσον
2871 5071 3008 5133 τέως
3038 5071 3116 5131 είς
3141 5070 3267 5129 τοὺς
3333 5067 3704 5129 ἐπισκόπους,
3739 5071 3827 5129 είς

2232 5168 2290 5219 το
2327 5166 2458 5234 μηδὲ
2489 5165 2622 5225 ὅλως
2684 5162 2960 5227 ἱερατικὸν
3009 5179 3062 5213 τι
3117 5162 3403 5229 ἐνεργεῖνο
3441 5161 3468 5210 ὁ
3520 5159 3578 5210 δὲ
3623 5159 3827 5228 παρὼν

2233 5259 2411 5310 κανὼν
2441 5261 2540 5308 οὑκ
2580 5254 2859 5322 ἐμποδίζει
2896 5252 3118 5312 τούτους
3155 5253 3220 5303 ἐκ
3249 5251 3348 5319 τῆς
3387 5251 3820 5320 ίεροτελεστὶας,

2231 5350 2437 5400 ἀλλ’ὲκ
2489 5349 2588 5414 τῆς
2631 5345 2916 5406 κοινωνίας
2991 5343 3216 5413 χωρίζει
3278 5341 3378 5409 τῆς
3439 5341 3548 5392 τῶν
3613 5342 3827 5394 λοιπῶν

2236 5437 2505 5501 ἀδελφῶν.

2303 5531 2549 5581 ΖΩΝΛΡ.
2595 5529 3021 5596 ’Ᾱπσραιτήῖως
3058 5525 3284 5578 ἀπαιτεῖ
3335 5525 3362 5574 ὁ
3415 5522 3601 5575 κανὼν
3653 5526 3826 5579 συνά.

2231 5620 2429 5687 γεσθαι
2465 5620 2590 5680 τοὺς
2613 5618 2946 5678 ἐπισκόπους
2989 5616 3228 5682 ἑκάστης
3281 5616 3575 5682 ἐπαρχίας,
3623 5616 3824 5679 ὁσάκις

2232 5717 2391 5784 χρεία
2432 5716 2546 5766 ἐστὶ
2580 5714 2834 5779 γενέσθαι
2905 5711 3142 5774 σύνοδον,
3211 5711 3258 5762 εί
3318 5709 3392 5777 μὴ
3447 5709 3534 5760 διὰ
3596 5713 3819 5778 κείρειν,

2236 5806 2655 5876 ῆγουνὴλικῐαν
2718 5803 3068 5873 προήκουσαν
3140 5801 3231 5852 καὶ
3295 5801 3470 5867 γῆρας
3555 5800 3718 5865 βαθὺ,
3786 5803 3819 5869 ἢ
