4000 6436
211 418 314 486 £89

1225 431 1307 493 IN
1348 430 1508 495 CAN.
1534 433 1744 495 LXXX
1781 435 1989 499 CONC.
2031 436 2406 502 CARTHAG.

3325 444 3431 510 290

211 543 490 596 ἀσθένειαν
519 543 914 612 ὲμποδίζοιντο,
954 547 986 618 ἦ
1023 563 1126 600 τινι
1177 549 1312 620 ἄλλῃ
1382 550 1580 621 βαρείᾳ
1595 552 1740 622 ’περι

1873 555 2163 611 convenire
2192 557 2415 612 omnino
2439 558 2524 614 hic
2545 573 2716 615 canon
2766 559 2956 630 jubet;
2998 569 3051 616 et
3084 560 3172 615 ubi
3199 562 3430 630 primum

212 633 396 685 στάσει
425 637 752 702 συνέχοιντο,
779 637 881 688 καὶ
910 638 1273 704 συναχθέντας
1317 642 1524 709 εἴδησιν
1569 642 1768 696 διδόναι

207 723 282 790 τῷ
311 725 684 795 μητροπτιλίτῃ
709 727 806 794 τῆς
831 728 1121 796 ἐπαρχίας,
1149 725 1324 800 ἀφ’ἦς
1357 731 1770 799 ὲστινὲκαστος,

211 817 302 865 καὶ
333 817 424 881 ἀφ’
461 817 697 869 ἑκάστου
748 818 1073 888 ἀθροισμοῦ,
1167 822 1275 872 εἴτε
1324 821 1416 874 δύο
1469 825 1578 874 εἴτε
1621 829 1771 893 τρεῖς

210 906 583 974 συναθροίσεις
616 908 885 973 γένωνται
916 910 1066 976 (ἴσως
1090 911 1220 978 γὰρ,
1281 911 1370 965 ἵνα
1440 915 1576 982 μήτε
1642 917 1769 984 περὶ

205 996 300 1055 τὰς
323 997 654 1062 καταγωγὰς
686 999 1146 1067 στενοχωρῶνται,
1180 1003 1318 1070 μήτε
1347 1003 1454 1072 μὴν
1520 1005 1648 1074 περὶ
1697 1005 1765 1057 τὰ

203 1085 462 1154 χρειώδη,
495 1087 596 1138 ούκ
627 1088 710 1149 είς
783 1089 912 1158 μίαν
948 1093 1147 1154 πάντες
1202 1092 1532 1162 συνήρχοντο
1587 1095 1764 1160 πόλιν,

201 1172 415 1236 ἀλλἐίς
435 1175 532 1227 δύο
565 1176 598 1245 ἢ
626 1180 778 1245 τρεῖς
837 1179 1242 1248 πλησιαζούσας
1289 1186 1354 1251 τῇ
1410 1185 1764 1254 μητροπόλει)

201 1261 534 1324 ἑνστατικῶς
576 1265 850 1334 ἁπαντᾷν,
880 1267 995 1318 ἀντὶ⁵
1032 1268 1126 1320 τοῦ
1171 1269 1574 1340 ἀνυπερθέτως,
1596 1274 1767 1343 ἀπροο

201 1353 481 1416 φασίστως
520 1353 654 1422 πρὸς
682 1355 782 1426 τὴν
813 1357 1026 1425 ἡμέραν
1060 1357 1158 1425 τῆς
1205 1360 1450 1424 συνόδου,
1489 1365 1567 1424 εἰς
1600 1365 1764 1432 ἀμοι-

205 1441 324 1510 δὴν,
351 1442 634 1496 τουτέστιν
661 1445 976 1512 ἀμοιϐαδόν.
1017 1449 1091 1500 Οὐ
1115 1449 1224 1518 γὰρ
1252 1450 1311 1501 ὲν
1353 1452 1453 1520 μιᾷ
1490 1453 1675 1524 ἡμέρᾳ
1709 1455 1769 1506 αι

201 1531 408 1584 σύνοδοι
439 1533 740 1599 διελύοντο,
781 1537 898 1588 ἀλλ’
918 1539 975 1590 ἐν
1007 1539 1238 1605 πλείοσι,
1283 1542 1380 1593 καὶ
1414 1542 1572 1594 τοῦτο
1597 1543 1760 1610 δῆλον

197 1621 259 1672 ἐκ
289 1622 500 1690 ταύτης
531 1624 630 1691 τῆς
672 1627 892 1681 συνόδου
927 1630 1062 1685 ἔστί.
1126 1632 1426 1699 Διαφόρους
1479 1635 1587 1703 γάρ
1626 1635 1765 1700 πρά-

199 1711 304 1774 ξεις
327 1712 484 1782 δηλοῖ
500 1715 752 1779 γενέσθαι
784 1717 842 1770 ὲν
867 1717 1052 1782 ἀλλαις
1101 1721 1196 1773 καὶ⁹
1246 1720 1438 1784 ἄλλαις
1495 1725 1758 1793 ἡμέραις.

207 1804 258 1853 ’Δ
271 1804 528 1870 μοιδαδὸν
552 1805 630 1869 δὲ,
666 1807 836 1876 ἤγουν
859 1808 1047 1861 ἀλλοτε
1101 1810 1294 1872 ἀλλους
1347 1813 1613 1882 ἀπαντᾷν,
1646 1815 1761 1867 ὅσοι

1876 645 2194 700 advenerim
2217 688 2232 711 ,
2290 650 2706 718 metropolitano
2735 653 2992 727 singulos,
3016 667 3079 706 ex
3115 668 3217 721 qua
3246 669 3303 708 se
3344 652 3428 709 fe-

1875 747 2020 798 rant,
2055 739 2339 802 provinciae
2393 740 2735 807 signiﬁcare;
2771 752 2881 793 tum
2924 757 3049 796 vero
3088 754 3152 797 ex
3202 744 3429 813 singulis

1875 825 2141 880 classibus
2169 827 2282 882 sive
2326 829 2444 883 dua:
2493 831 2606 884 sive
2657 839 2766 886 tres
2811 831 3067 886 instituta:
3101 834 3296 888 luerint
3328 836 3431 904 (et-

1885 915 2048 978 enim,
2084 931 2150 969 ne
2185 917 2267 971 vel
2293 918 2470 987 inepia
2506 922 2631 974 tecti
2661 934 3056 991 premerentur,
3092 925 3171 977 vel
3202 930 3268 977 ad
3301 941 3428 980 usus

1874 1003 1998 1057 vita:
2034 1008 2339 1062 necessaria
2367 1011 2686 1076 deﬁcerent,
2719 1028 2824 1067 non
2861 1014 2913 1068 in
2945 1030 3048 1067 una
3075 1013 3216 1069 forte
3242 1023 3428 1072 omnes

1875 1095 2010 1150 urbe
2061 1099 2432 1164 considebant,
2471 1103 2562 1156 sed
2601 1103 2653 1155 in
2701 1105 2908 1158 duabus
2953 1104 3198 1159 tribusve
3229 1115 3399 1160 metro

1874 1189 1980 1255 poli
2009 1189 2290 1259 proximis)
2316 1193 2382 1244 ad
2406 1191 2544 1245 diem
2570 1194 2774 1262 synodo
2801 1193 3115 1260 praefinitam
3143 1194 3425 1255 instanter,

1871 1279 1974 1332 hoc
2004 1287 2107 1343 est,
2143 1280 2264 1334 sine
2300 1281 2407 1335 ulla
2437 1283 2882 1351 tergiversatione
2916 1291 3006 1337 aut
3039 1299 3185 1338 mora
3222 1298 3429 1353 prope-

1871 1379 2056 1425 ranter
2080 1374 2338 1428 accedere
2368 1374 2634 1438 vicissim,
2672 1376 2770 1428 hoc
2797 1384 2902 1438 est,
2935 1389 3031 1444 per
3054 1375 3219 1430 vices.
3244 1373 3427 1443 Neque

1869 1461 2013 1513 enim
2063 1476 2172 1515 uno
2203 1462 2309 1528 die,
2337 1464 2429 1519 sed
2464 1463 2709 1534 pluribus
2744 1467 2933 1534 synodi
2967 1466 3379 1528 absolxebantur
3408 1485 3421 1519 :

1869 1551 2012 1619 quod
2040 1566 2104 1604 ex
2140 1551 2244 1606 hac
2274 1567 2488 1623 quoque
2534 1556 2788 1618 colligere
2836 1554 2993 1607 facile
3035 1563 3141 1618 est,
3174 1569 3239 1608 ex
3274 1553 3426 1620 cujus

1869 1642 2139 1696 actionum
2172 1643 2590 1712 multiplicitate,
2623 1644 2864 1712 pluribus
2917 1659 3033 1698 eam
3063 1644 3256 1699 diebus
3283 1645 3425 1698 cele-

1866 1732 2078 1786 bratam
2133 1732 2297 1787 fuisse
2330 1744 2570 1801 apparet.
2609 1732 2712 1788 Per
2772 1735 2919 1788 vices
2949 1742 3151 1801 autem,
3188 1735 3288 1789 hoc
3317 1745 3424 1798 est,

1867 1835 1927 1880 ut
1959 1826 2115 1879 modo
2148 1827 2254 1889 hic,
2309 1827 2465 1881 modo
2495 1826 2607 1892 alii,
2637 1827 2943 1895 quicunque
3003 1827 3223 1881 demum
3262 1827 3417 1881 electi

192 1893 542 1958 ἑπιλεγῶσιν.
592 1897 716 1949 Ἐὰν
740 1899 796 1950 δὲ
817 1899 892 1967 μὴ
919 1899 1183 1967 δυνηθῶσι
1205 1904 1535 1972 ἀπαντῆσαι,
1565 1905 1746 1975 ἀθρόοι

1875 1917 2097 1979 fuerint,
2159 1930 2214 1968 se
2252 1916 2303 1968 in
2340 1916 2543 1986 synodo
2595 1892 2810 1970 sistant.
2848 1892 2906 1968 Si
2962 1931 3089 1970 vero
3145 1915 3196 1969 id
3242 1915 3422 1968 minus

195 1985 622 2052 ἀναφυομένων,
654 1991 916 2055 αἰφνίδιον
944 1990 1190 2059 δηλονότι
1257 1995 1352 2046 καὶ
1395 1995 1755 2060 ἀνελπίστως,

191 2075 382 2127 αἰτιῶν
405 2078 750 2144 ἀναγκαίων,
790 2081 1014 2133 ἀπαιτεῖ
1042 2081 1167 2144 τοὺς
1219 2083 1293 2151 μὴ
1341 2084 1755 2155 ἀπαντήσοντας

186 2165 342 2233 λόγον
368 2167 687 2221 ἀποδιδόναι
721 2171 876 2238 παρά
897 2172 973 2240 τῷ
999 2173 1371 2244 μητροπολίτῃ
1419 2176 1584 2228 αὐτοῦ
1621 2177 1756 2231 ἕκα-

188 2267 329 2318 στον,
359 2255 391 2323 ἢ
426 2257 505 2324 μὴ
524 2257 874 2320 ἀποδιδόντα,
899 2259 1036 2329 μόνῃ
1067 2263 1134 2330 τῇ
1162 2264 1422 2332 κοινωνίᾳ
1474 2264 1574 2331 τῆς
1619 2265 1754 2329 ιδίας

187 2343 484 2411 ἱκκλησίας
525 2347 836 2413 ἀρκεῖσθαι,
893 2349 1090 2419 ἑτέρων
1130 2352 1282 2422 αὐτῷ
1330 2353 1406 2422 μὴ
1462 2371 1756 2423 συγκοινω-

186 2433 437 2488 νούντων.

183 2522 401 2579 ΔΡΙΣΤ.
463 2543 484 2576 ι
520 2529 582 2580 Oi
636 2528 711 2596 μὴ
747 2529 1090 2596 ἀπαντῶντες
1114 2532 1172 2586 ἐν
1223 2537 1288 2604 τῇ
1337 2536 1458 2588 κατ’
1505 2538 1753 2591 ἐνιαυτὸν

255 2633 273 2666 ι
308 2617 541 2685 συνόδῳ,
592 2619 644 2671 ιι
699 2620 776 2689 μὴ
809 2621 1115 2692 ἀϐουλήτως
1167 2624 1459 2679 κωλύοιντο
1487 2668 1502 2693 ,
1548 2631 1616 2697 τῇ
1653 2628 1752 2697 τῆς

254 2723 274 2755 ι
318 2705 468 2769 ιδίας
506 2709 803 2777 ἐκκλησίας
829 2711 1204 2778 ἀρκείσθωσαν
1234 2717 1507 2785 κοινωνίᾳ.
1541 2736 1559 2768 ι

245 2794 404 2848 Ὅσοι
434 2797 548 2850 τῶν
569 2800 883 2854 ἐπισκόπων
912 2805 970 2855 ὲν
996 2807 1062 2875 τῇ
1079 2806 1281 2874 συνόδῳ
1311 2807 1550 2876 ἑκάστης
1570 2808 1749 2862 αὐτῶν

183 2884 455 2954 ιπαρχίας
480 2887 581 2940 οὐκ
637 2891 1036 2961 ἀπαντήσουσι,
1095 2896 1232 2964 μήτε
1304 2896 1408 2948 ὑπὸ
1458 2899 1682 2968 γήρους,
1713 2899 1747 2969 ἢ

177 2977 486 3041 ἀσθενείας,
511 2979 623 3030 εἴτε
647 2982 797 3043 τινὸς
828 2981 1142 3055 βαρυτάτης
1173 2986 1419 3073 ἀνάγκης
1450 2987 1745 3055 ἐμποδιζόο

182 3083 352 3132 μενοι,
391 3068 508 3120 ἀλλ’
540 3071 608 3122 ὲκ
667 3069 946 3140 ῥᾳθυμίας
1006 3074 1038 3145 ἢ
1129 3076 1226 3127 καὶ
1285 3068 1745 3147 καταφρονήσεως

1861 2009 2091 2076 possint,
2127 2010 2452 2063 necessariis
2502 2009 2906 2077 impedimentis
2933 2022 2998 2062 cx
3046 2007 3338 2076 improviso
3368 2016 3421 2062 et

1871 2103 2245 2169 inexspectato
2303 2100 2582 2156 confertim
2612 2102 2817 2155 obortis
2843 2115 2858 2165 ;
2895 2109 2951 2152 ut
2982 2099 3285 2169 quicunque
3312 2113 3418 2152 non

1859 2190 2150 2251 adfuerint,
2213 2192 2632 2260 metropolitano
2695 2204 2794 2243 suo
2871 2189 3096 2258 singuli,
3155 2190 3416 2241 rationem

1860 2277 2110 2342 reddant,
2164 2279 2328 2348 exigit
2362 2295 2378 2332 :
2411 2279 2503 2347 qui
2554 2292 2682 2331 vero
2713 2277 2765 2330 id
2813 2275 3173 2346 neglexerint,
3209 2276 3416 2329 exclusi

1854 2365 1923 2417 ab
1957 2366 2183 2419 aliorum
2244 2367 2540 2432 consortio,
2580 2365 2823 2421 ecclesiae
2878 2377 2990 2420 suae
3034 2365 3417 2420 communione

1853 2470 1953 2510 con
1963 2458 2093 2510 tenti
2124 2457 2253 2512 sint.

1853 2546 2080 2603 ARIST.
2119 2567 2137 2600 ι
2171 2549 2273 2615 Qui
2308 2551 2358 2603 in
2388 2551 2594 2621 synodo
2626 2551 2917 2620 quotannis
2946 2551 3125 2608 babita
3152 2568 3256 2608 non
3282 2569 3417 2608 con-

1928 2659 1947 2693 ι
1987 2643 2226 2707 veniunt,
2274 2643 2376 2696 nisi
2409 2651 2594 2697 contra
2648 2644 2976 2699 voluntatem
3025 2647 3413 2715 lmpediantur,

1929 2753 1947 2786 ι
1981 2748 2093 2787 suae
2119 2735 2229 2789 sint
2262 2735 2505 2789 ecclesiae
2541 2738 2922 2790 communione
2946 2739 3204 2790 contenti.
3246 2756 3266 2790 ι

1923 2824 2240 2893 Quicunque
2268 2839 2334 2878 ex
2363 2825 2634 2892 episcOpis
2674 2827 2737 2878 ad
2770 2825 3034 2896 synodum
3071 2828 3125 2881 in
3158 2843 3408 2897 unaqua-

1847 2929 1952 2983 que
1977 2914 2217 2982 ipsorum
2254 2914 2531 2981 provincia
2559 2914 2794 2968 habitam
2829 2931 2887 2970 se
2947 2931 3051 2970 non
3105 2915 3408 2983 conferant,

1846 3019 1946 3058 nec
1989 3019 2020 3058 a
2068 3013 2366 3069 senectute,
2396 3019 2497 3059 nec
2529 3007 2595 3059 ab
2645 3005 2982 3070 infirmitate,
3019 3023 3120 3062 nec
3150 3009 3252 3062 alia
3285 3026 3408 3078 gra-

1843 3095 2063 3150 vissima
2120 3097 2439 3150 necessitate
2495 3096 2776 3165 impediti;
2826 3101 2922 3153 sed
2973 3113 3003 3153 e
3057 3100 3260 3155 desidia
3320 3103 3404 3156 vel

173 3156 328 3210 τοῦτο
360 3159 668 3222 ποιοῦντες,
697 3163 1006 3231 ἀδελφικῶς
1037 3165 1356 3236 ὡρίσθησαν
1413 3171 1744 3241 ἐπιπλήττε-

175 3247 289 3273 .A..-
359 3248 419 3273 '1.
456 3250 508 3273 ιι
531 3253 721 3273 _--.\_-_
743 3270 824 3273 ---υ
853 3252 885 3273 _\,
1030 3257 1042 3273 ι
1120 3257 1134 3273 ι
1216 3253 1268 3273 σε
1393 3263 1417 3273 ..
1511 3263 1527 3273 .
1649 3265 1664 3273 ι
1694 3267 1705 3273 -

1850 3189 2008 3240 etiam
2062 3195 2372 3255 contemptu
2426 3187 2557 3241 illud
2613 3187 2913 3253 facientes;
2974 3190 3304 3256 decernitur,
3349 3203 3407 3246 ut

174 3247 318 3300 σθαι.
359 3248 419 3301 ’0
453 3250 510 3303 δὲ
529 3253 723 3321 παρὼν
742 3252 923 3306 κανὼν
959 3257 1051 3309 καὶ
1085 3257 1146 3309 τὸ
1188 3253 1327 3317 εἶδος
1357 3263 1456 3328 τῆς
1509 3263 1741 3336 επιπλη-

172 3334 532 3406 ξεωςτίθησι,
569 3343 931 3408 προστάττων
985 3347 1110 3408 τοὺς
1165 3353 1599 3416 συνεπισκόπους
1644 3334 1740 3407 καὶ

176 3427 542 3496 συναδελφοὺς
612 3431 795 3484 αὐτῶν
867 3434 941 3503 μὴ
984 3441 1366 3504 συγκωνωνεῖν
1419 3443 1603 3504 αὐτοῖς
1647 3445 1739 3496 καὶ

174 3516 611 3588 συλλειτουργεῖν
647 3535 662 3549 ·
690 3520 790 3574 ἀλλ
840 3524 898 3574 ὲν
932 3527 1120 3593 μόναις
1164 3529 1285 3590 ταῖς
1345 3530 1500 3594 ίδίαις
1558 3534 1738 3586 αὐτῶν

168 3606 484 3676 ἐκκλησίαις
504 3608 816 3676 ἀρκεῖσθαι,
839 3614 934 3664 καὶ
966 3615 1302 3685 λειτουργεῖν
1325 3619 1384 3671 ὲν
1411 3622 1623 3685 αὐταῖς.

750 3703 986 3755 ΚΑΝΩΝ
1033 3703 1111 3757 ll'.

173 3802 191 3833 ι
223 3785 356 3854 Περὶ
395 3785 770 3853 Κρεσκωνίου.
805 3789 939 3859 Περὶ
972 3792 1320 3860 Κρεσκωνίου
1365 3797 1460 3849 τοῦ
1499 3799 1737 3871 [inlaps-

243 3890 260 3922 ι
294 3873 508 3926 κεντίου
541 3875 700 3927 τοίτο
718 3879 881 3931 πᾶσιν
914 3878 1112 3948 ἔδοξεν,
1155 3883 1238 3935 ἴνα
1261 3886 1506 3942 ἐντεῦθεν
1537 3892 1734 3958 ὁμοίως

238 3984 258 4014 s
287 3966 561 4034 ιμφανείη
580 3967 655 4035 τῷ
674 3969 1006 4037 πρωτεύοντι
1038 3973 1135 4041 τῆς
1160 3976 1483 4046 Νουμιδίας,
1513 3982 1647 4051 πρὸς
1673 3986 1733 4036 τὸ

235 4073 254 4101 ι
289 4055 488 4108 ειδέναι
533 4057 717 4122 αὐτὸν,
743 4059 978 4126 ὀφείλειν
1017 4065 1337 4133 γράμμασιν
1353 4071 1573 4135 οἰκείοις
1596 4077 1732 4139 πρὸς

232 4165 256 4203 s
294 4166 410 4202 συν;
423 4148 610 4203 λευσιν
626 4154 1029 4223 προτρέψασθαι
1044 4159 1136 4211 τὸν
1149 4177 1254 4231 μνη
1261 4165 1585 4230 μονευθέντα
1602 4173 1640 4221 Κ
1652 4187 1732 4240 ρερ

231 4256 252 4290 ι
292 4238 526 4292 σκώνιον
568 4254 583 4270 ⁸
625 4241 764 4294 ὥστε
815 4245 888 4314 μὴ
923 4245 1253 4314 ὑπερθέσθαι
1288 4253 1388 4320 τὴν
1427 4238 1731 4324 παρουσίαν

230 4347 250 4380 ι
284 4331 453 4383 αιτοῦ
468 4335 534 4400 τῇ
562 4332 932 4406 πλησιαζούσῃ
958 4339 1218 4410 συμπάσῃ
1281 4342 1575 4417 ’Δφρικάνῃ
1607 4367 1730 4402 συν-

236 4442 253 4471 ι
291 4422 393 4487 όδῳ
408 4424 712 4490 παρασχεῖν
737 4439 750 4451 ’
785 4425 880 4475 ἐὰν
905 4425 960 4478 δὲ
982 4426 1074 4479 τοῦ
1108 4430 1285 4483 nam
1309 4442 1721 4510 καταφρονήσῃ,

229 4530 251 4564 ε
287 4512 431 4565 [στω
448 4511 604 4571 said»,-
627 4514 746 4565 κατ’
768 4515 930 4567 αὑτοῦ
947 4517 1124 4585 ψῆφον
1147 4523 1669 4598 νομοθετησομένην.
1697 4550 1716 4583 ι
1755 4523 1798 4576 D

225 4603 418 4655 ΒΔΔΣ.
450 4604 548 4654 Διά
577 4603 1041 4673 τοῦΚρεσκωνΞου
1077 4612 1391 4682 ἐπιτίθησιν
1447 4621 1475 4670 ό
1536 4622 1720 4675 κανὼν

162 4694 399 4762 ανάγκην
438 4696 552 4754 τοῖς
587 4695 916 4759 ἐπισκόποις
944 4699 1002 4750 ὲν
1025 4703 1145 4763 ταῖς
1179 4706 1424 4770 συνόδοις
1477 4712 1721 4781 ἀπαραι-

160 4788 326 4852 τήτως
356 4785 739 4854 συνέρχεσθαι·
766 4790 859 4841 καὶ
881 4793 991 4852 τοῖς
1018 4797 1419 4862 καταφρονοῦσι
1447 4802 1544 4871 τῆς
1568 4821 1725 4858 συνε-

161 4876 385 4936 λεύσεως
424 4878 640 4930 ἀπειλεῖ
669 4881 1018 4949 κατάκρισιν.
1065 4886 1137 4936 Τὸ
1187 4889 1244 4939 δὲ
1315 4886 1455 4956 εῐδος
1517 4897 1720 4969 ταύτης

162 4970 213 5015 οὐ
246 4967 417 5031 λέγει.
458 4968 517 5018 ὐ
549 4967 734 5034 μέντοι
760 4969 816 5030 ς’
856 4973 1037 5025 κανὼν
1077 4977 1177 5044 τῆς
1235 4979 1473 5052 ἑϐδόμης
1499 4967 1718 5044 συνόδου

162 5059 272 5117 τοὺς
299 5059 396 5124 μὲν
426 5058 731 5121 κωλύοντας
762 5060 1028 5129 ἄρχοντας
1056 5066 1308 5132 γίνεσθαι
1347 5075 1442 5135 τὰς
1471 5077 1721 5147 ἐτησίους

165 5149 407 5209 συιόδους
446 5150 813 5219 ἀφορίζεσθαι
873 5153 1195 5224 διορίζεται,
1252 5163 1380 5224 τοὺς
1426 5163 1482 5216 δὲ
1551 5170 1722 5237 χωρὶς

162 5237 374 5302 εὐλόγου
410 5241 741 5307 προφάσεως
776 5243 1117 5308 ἀμελοῦντας
1168 5248 1375 5303 τούτων
1441 5272 1719 5325 μητροπο-

163 5327 302 5388 λίτας
336 5333 452 5390 τοῖς
501 5335 815 5392 κανονικοῖς
869 5335 1304 5392 καθυποσάλλειν
1395 5345 1714 5416 ἐπιτιμίοις.

163 5417 282 5467 Ποῖα
310 5419 365 5469 δὲ
418 5420 515 5470 καὶ
552 5419 673 5471 τίνα
703 5422 810 5472 εἰσὶ
836 5423 906 5474 τά
942 5429 1202 5495 ἐπιτίμια
1233 5431 1409 5498 ῥητῶς
1437 5436 1495 5486 ού
1522 5439 1722 5508 γέγρα-

163 5523 300 5560 πται.
341 5509 430 5571 Ὠς
465 5509 644 5561 ἔοικεν
682 5507 798 5574 οὖν,
860 5513 928 5565 τὰ
958 5515 1015 5566 ἐν
1068 5517 1148 5584 τῷ
1217 5519 1476 5589 ἀνωτέρω
1531 5507 1713 5580 κανόνι

164 5601 521 5669 περιεχόμενά
555 5603 719 5655 εἰσιν.
763 5603 1063 5672 Ἀνάγνωθι
1095 5608 1191 5660 καὶ⁵
1243 5610 1335 5663 τὸν
1391 5613 1626 5683 ρηθέντα
1658 5617 1713 5682 ς’

165 5690 341 5740 nvem
392 5691 490 5758 τῆς
531 5687 577 5753 ζ’
602 5691 844 5754 συνόδου,
884 5697 975 5746 καὶ

165 5779 412 5850 Τρούλλῳ,
441 5785 535 5835 καὶ
567 5784 636 5836 τὰ
667 5786 727 5836 ὲν
796 5787 999 5852 αὐτοῖς.

1843 3277 2100 3330 fraternis
2153 3277 2337 3331 verbis
2372 3279 2725 3345 castigentur.
2760 3278 2828 3332 At
2865 3295 3100 3346 praesens
3146 3296 3320 3335 canon
3351 3292 3405 3336 et

1843 3365 2078 3432 speciem
2134 3364 2575 3432 reprehensionis
2611 3365 2779 3429 addit,
2838 3369 3101 3420 mandans
3129 3371 3405 3436 coepisco-

1844 3467 1938 3518 pos
1971 3462 2027 3506 et
2049 3451 2356 3506 confratres
2388 3466 2573 3505 eorum
2600 3466 2723 3505 cttm
2751 3451 2816 3505 iis
2843 3466 2947 3506 non
2973 3456 3400 3517 communicare,

1841 3551 1934 3594 aut
1966 3556 2122 3594 sacra
2176 3541 2505 3595 celebrare:
2559 3543 2651 3594 sed
2714 3541 2768 3594 in
2830 3542 2963 3596 solis
3025 3545 3256 3613 propriis
3288 3545 3402 3600 suis

1837 3631 2079 3685 ecclesiis
2114 3629 2478 3699 acquiescere,
2508 3639 2562 3685 et
2595 3632 2646 3683 in
2678 3632 2744 3685 iis
2784 3645 2975 3686 munus
3009 3634 3177 3688 obire.

2377 3718 2608 3773 CANON
2643 3718 2856 3774 LXXX.

1842 3826 1861 3858 ι
1897 3806 1972 3860 De
2017 3806 2331 3860 Cresconio.
2388 3808 2462 3861 De
2506 3810 2800 3864 Cresconio
2859 3811 3236 3868 Balareccnsio
3290 3814 3394 3868 hoc

1909 3917 1928 3950 ι
1963 3899 2213 3952 omnibus
2258 3900 2433 3952 visum
2489 3909 2591 3966 est,
2624 3911 2680 3954 ut
2718 3903 2842 3956 hinc
2871 3918 3084 3973 quoque
3137 3904 3399 3959 Numidiae

1913 4005 1931 4038 ι
1969 3989 2185 4056 primati
2240 3990 2595 4057 significetur,
2622 4007 2728 4060 quo
2777 3994 2889 4059 ipse
2917 3994 3053 4048 sciat
3105 4010 3163 4049 se
3194 3997 3393 4051 debere

1910 4099 1929 4130 ι
1967 4091 2324 4137 memoratum
2377 4084 2729 4138 Cresconium
2763 4087 2874 4139 suis
2909 4087 3108 4140 litteris
3143 4089 3206 4140 ad
3258 4102 3389 4142 cou-

1909 4187 1928 4219 ι
1974 4172 2299 4225 veniendum
2364 4174 2687 4240 adhortari;
2721 4184 2780 4229 ut
2835 4193 2939 4230 non
2974 4177 3190 4232 diﬂcrat
3239 4194 3390 4233 suam

1911 4279 1928 4310 ι
1966 4262 2221 4317 exhibere
2244 4267 2583 4331 praesentiam
2615 4268 2870 4336 proxima:
2896 4269 3158 4324 universae
3187 4274 3394 4337 synodo

1907 4368 1926 4400 ι
1972 4349 2240 4404 Africanae
2276 4371 2288 4404 :
2322 4354 2403 4405 sin
2460 4362 2638 4407 autem
2673 4356 2861 4408 venire
2895 4356 3218 4422 neglexerit,
3253 4361 3392 4413 sciat

1918 4461 1936 4492 ι
1971 4457 2093 4496 esse
2122 4443 2385 4496 adversus
2410 4457 2468 4497 se
2497 4443 2766 4497 ferendam
2790 4448 3142 4501 sententiam.
3185 4467 3203 4498 ι

1901 4639 2097 4696 BALS.
2141 4640 2242 4695 Per
2287 4640 2633 4696 Cresconium
2669 4643 2892 4714 imponit
2942 4662 3113 4701 canon
3147 4654 3386 4705 necessi-

1826 4738 1989 4784 tatem
2023 4731 2313 4797 episcopis,
2346 4739 2402 4783 ut
2443 4731 2494 4784 in
2530 4733 2752 4800 synodis
2779 4734 3222 4791 inexcusabiliter
3253 4755 3387 4794 con-

1826 4822 2096 4875 veniant:
2149 4836 2201 4877 et
2233 4827 2322 4889 iis,
2378 4826 2468 4893 qui
2509 4831 2797 4882 convenire
2846 4832 3142 4902 negligant,
3189 4840 3388 4892 conde-

1827 4915 2157 4967 mnationem
2193 4918 2574 4970 comminatur.
2608 4917 2735 4985 Ejus
2785 4933 2964 4975 autem
3019 4924 3246 4979 formam
3277 4943 3384 4982 non

1824 5004 2100 5072 exprimit.
2152 5004 2256 5059 Sed
2313 5022 2482 5060 canon
2512 5007 2756 5079 6syuodi
2801 5010 2830 5061 7
2888 5015 3234 5082 magistratus
3267 5021 3384 5085 qui-

1824 5094 1972 5156 dem,
2001 5096 2090 5162 qui
2129 5096 2435 5164 impediunt
2463 5101 2754 5166 quominus
2785 5102 2916 5157 fiant
2947 5121 3140 5160 annuae
3169 5115 3380 5178 synodi,

1824 5186 2185 5252 segregandos
2246 5187 2488 5240 decernit
2523 5207 2536 5242 :
2571 5193 3016 5259 metropolitanos
3049 5209 3253 5263 autem,
3290 5205 3380 5268 qui

1821 5271 1945 5325 sine
1977 5275 2122 5358 iusta
2173 5289 2336 5328 causa
2390 5275 2500 5330 haec
2552 5280 2851 5347 negligunt,
2895 5288 3175 5342 canonicis
3203 5294 3380 5358 pinnis

1818 5341 2194 5428 sulijicien’dos.
2257 5365 2452 5428 Quales
2508 5380 2685 5423 autem
2741 5383 2796 5425 et
2849 5391 3096 5443 quruam
3129 5382 3236 5432 sint
3288 5399 3364 5436 exe

1819 5468 2013 5520 pcenaa,
2072 5469 2328 5522 expresse
2384 5457 2642 5524 scriptum
2703 5478 2805 5515 non
2853 5477 2954 5517 est.
3017 5465 3085 5521 Ut
3140 5482 3376 5540 estergo

1819 5543 2138 5605 verisimile,
2170 5558 2246 5597 eae
2305 5555 2428 5598 sunt
2458 5563 2576 5614 quae
2611 5551 2663 5602 in
2699 5555 2980 5618 superiore
3007 5573 3212 5614 canone
3241 5577 3374 5616 ccu-

1818 5633 2077 5686 tincntur.
2106 5632 2244 5704 Lege
2272 5647 2324 5688 et
2350 5636 2550 5691 dictum
2571 5655 2830 5695 cauonem
2860 5644 2892 5696 6
2914 5650 3100 5715 synodi
3135 5657 3372 5718 septimm

1040 5697 1131 5750 τὸν
1154 5697 1314 5752 ἕκτον
1355 5704 1453 5772 τῆς
1507 5707 1566 5759 ἐν
1628 5709 1706 5778 τῷ

1850 5727 1868 5770 ι
1898 5734 2160 5776 canonem
2189 5723 2221 5777 6
2254 5729 2440 5794 synodi
2477 5731 2527 5783 in
2559 5729 2765 5802 Trullo,
2801 5745 2854 5790 et
2885 5697 3000 5805 qua
3043 5739 3096 5794 in
3124 5697 3364 5798 Merseri-
