4000 6442
551 436 650 500 2M

1811 431 2082 494 THEOD.
2114 426 2508 490 BALSAMON

3677 440 3795 506 929?

621 541 873 596 ZONAR.
942 539 1041 594 llic
1085 554 1300 610 quoque
1343 554 1539 601 canon,
1601 539 1850 607 quamvis
1897 539 1966 592 de
2003 553 2109 591 uno

2274 539 2522 592 ΣΩΝΑΡ.
2557 542 2664 593 Καὶ
2688 538 2846 605 οὗτος
2873 545 2898 595 ὀ
2931 545 3114 598 κανὼν
3166 544 3253 598 διὰ
3291 542 3388 597 τοῦ
3431 547 3549 611 ἑνὸς
3588 554 3796 606 τούτου

551 637 810 702 episcopo
863 635 1066 697 editus,
1099 632 1219 684 aliis
1268 629 1520 684 omnibus
1573 630 1638 681 ad
1671 630 1933 697 synodum
1999 631 2116 685 sine

554 723 659 774 ulla
699 736 922 789 prorsus
961 720 1402 787 tergiversatione
1444 718 1797 772 conveniendi
1823 719 2117 772 necessita-

553 824 655 866 tem
691 814 938 880 intpOnit,
970 826 1032 864 ac
1056 812 1120 864 iis
1151 811 1243 880 qui
1313 809 1499 863 venire
1540 809 1908 876 neglexerint,
1963 824 2114 863 com-

555 907 812 957 minatur.

553 994 715 1064 615
771 993 996 1046 ARIS'I‘.
1049 1013 1065 1042 ι
1129 991 1456 1046 Cresconius
1492 991 1691 1046 litteris
1723 989 1788 1044 ad
1848 991 2114 1060 synodum

639 1105 657 1136 ι
699 1096 944 1144 vocatus,
984 1084 1083 1136 nisi
1113 1098 1171 1138 se
1207 1085 1425 1144 stiterit,
1459 1083 1597 1136 sciet
1638 1083 1962 1134 sententiain
1987 1095 2117 1135 con-

632 1195 649 1226 ι
686 1188 765 1227 tra
803 1190 859 1227 se
895 1174 1156 1227 edendam
1195 1173 1330 1225 fore.
1373 1191 1391 1222 ι
1431 1171 1767 1239 Perspicuus.

1086 1265 1170 1317 CA
1185 1263 1313 1316 NON
1346 1262 1582 1316 LXXXI.

565 1380 581 1407 ι
625 1359 697 1410 De
759 1357 1100 1411 curatoribus
1156 1356 1412 1409 Ecclesia:
1476 1353 1850 1420 Hipponensis.
1908 1353 2119 1404 Rursus

641 1469 657 1498 ι
695 1449 915 1517 placuit,
946 1447 1202 1516 quoniam
1262 1445 1514 1499 Ecclesia:
1575 1443 1932 1509 llippouensis
1961 1457 2121 1494 cura-

635 1560 652 1591 ι
695 1552 868 1592 torum
899 1539 1180 1593 destitutio
1215 1552 1317 1590 non
1343 1547 1428 1590 est
1454 1535 1656 1588 diutius
1683 1534 2031 1601 negligenda;
2067 1541 2122 1584 et

633 1644 650 1676 ι
693 1627 816 1695 quia
850 1625 1114 1688 ecclesiae,
1137 1641 1254 1691 quae
1295 1624 1402 1675 illic
1430 1632 1576 1686 sunt,
1608 1621 1921 1674 detinentur
1952 1620 2021 1673 ab
2055 1620 2120 1672 iis

637 1736 654 1766 ι
697 1718 785 1781 qui
844 1717 1205 1784 prodigiosum
1245 1713 1444 1783 Ecylii
1495 1714 1930 1766 communionem
1964 1727 2121 1765 recuo

638 1824 652 1852 ι
700 1815 887 1856 μαι-ιιιιι
927 1823 939 1857 :
979 1805 1158 1857 missis
1190 1820 1253 1857 ex
1292 1802 1539 1870 pra'senti
1598 1803 1802 1871 synodo
1828 1801 2116 1869 episcopis,

629 1913 643 1943 ι
681 1895 944 1962 ltliegino,
978 1895 1192 1962 Alypio,
1231 1892 1552 1960 Augustino,
1580 1889 1841 1952 Materno,
1865 1889 2118 1954 Tlieasio,

635 2007 651 2034 ι
699 1987 919 2048 Evodio,
976 1984 1267 2044 Placiano,
1305 1983 1541 2045 Urbano,
1596 1982 1828 2045 Valerio,
1857 1981 2113 2044 Ammbio,

626 2095 641 2125 ι
683 2076 1002 2138 Fortunato,
1060 2071 1457 2140 Quodvult'deo,
1493 2075 1788 2135 llonorato,
1839 2070 2118 2135 Januario,

633 2168 847 2233 «Apto,
901 2167 1200 2228 Honorato,
1251 2164 1514 2231 Ampelio,
1581 2160 1915 2226 Victoriano,
1949 2159 2125 2213 Evan-

639 2276 656 2303 ι
697 2257 814 2322 gelo
845 2267 898 2307 et
931 2255 1270 2321 Rogzttiano;
1303 2263 1356 2307 et
1384 2252 1723 2322 congregatis
1762 2268 1826 2305 ac
1860 2255 2122 2306 correctis

639 2348 791 2412 coiis,
824 2349 914 2413 qni
978 2346 1317 2412 vituperabili
1354 2345 1646 2412 pertinacia
1681 2343 1920 2409 ejusdem
1953 2341 2120 2411 Aicy-

638 2454 656 2484 ι
698 2437 753 2487 ιίί
788 2435 967 2502 fugam
1006 2437 1423 2505 exspectandam
1470 2449 1591 2487 esse
1637 2435 2122 2496 existimaverunt,

639 2543 657 2572 ι
700 2541 819 2578 cum
873 2527 1113 2577 omnium
1171 2526 1310 2577 votis
1339 2525 1404 2578 iis
1451 2524 1735 2592 episcopus
1777 2525 2027 2590 eligatur.
2068 2523 2126 2578 Si

637 2634 655 2664 ι
690 2624 866 2668 autem
908 2615 1078 2666 nolint
1105 2615 1177 2666 illi
1211 2614 1276 2667 de
1324 2628 1455 2680 pace
1485 2615 1719 2681 c0gitare
1751 2654 1765 2678 ,
1788 2630 1854 2668 ne
1882 2615 2128 2675 prwsulis

641 2724 656 2755 I
696 2705 944 2757 electioni
1000 2704 1435 2772 impedimentum
1513 2702 1779 2766 aﬂ'erant,
1839 2704 2128 2772 quominus

641 2817 660 2846 ι
697 2798 975 2849 ordinetur
1019 2797 1085 2850 ad
1139 2797 1420 2850 utilitatem
1487 2796 1724 2850 ecclesiae
1770 2811 1887 2863 qua:
1941 2795 2123 2848 tandiu

641 2908 659 2938 ι
703 2888 960 2943 destituta
983 2902 1084 2943 εει.
1115 2907 1133 2938 ι

2218 631 2522 684 ἐπισκόπου
2551 634 2798 704 ἀνάγκην
2837 637 3116 704 ἐπιτίθησι
3154 641 3262 700 τοίς
3335 642 3673 704 επισκόποις
3712 646 3780 698 ἐν

2219 722 2340 781 ταῖς
2374 722 2615 784 συνόδοις
2653 725 3052 796 ἀπαραιτήτως
3102 734 3480 803 συνέρχεσθαι,
3521 737 3622 790 καὶ
3677 740 3800 798 τοῖς

2219 812 2622 880 καταφρονοῦσι
2654 815 2752 882 τῆς
2781 816 3144 882 συνελεύσεω;
3173 822 3405 877 ἀπειλεῖ.

2220 976 2442 1030 ΑΡΙΣΤ.
2482 995 2499 1027 ι
2557 978 2856 1049 Γράμμασι
2891 982 3113 1051 κληθεὶς
3145 987 3222 1046 εἰς
3253 986 3354 1054 τὴν
3390 987 3612 1040 σύνοδον
3646 989 3802 1056 Κρε-

2296 1085 2314 1117 ι
2370 1068 2620 1132 σκὼνιος,
2657 1073 2707 1124 εί
2736 1074 2811 1144 μὴ
2838 1077 3247 1146 παραγένηται,
3286 1077 3419 1131 ἵστω
3447 1079 3631 1148 ψῆφον
3667 1079 3800 1132 κατ’

2299 1176 2316 1206 ι
2359 1159 2525 1211 αὑτοῦ
2556 1164 3108 1235 ἐκφωνηθησομένην.
3147 1189 3164 1218 ι
3196 1170 3422 1238 Σαφῆς.

2801 1261 3036 1313 ΚΑΝΩΝ
3072 1263 3199 1314 ﬂA'.

2227 1366 2242 1395 ι
2292 1347 2425 1416 Περὶ
2459 1347 2568 1399 τῶν
2605 1351 2660 1399 ἐν
2706 1348 2926 1402 Ἰππῶνι
2961 1350 3297 1418 φροντιστῶν
3331 1350 3431 1417 τῆς
3465 1351 3806 1419 ἐκκλησίας.

2297 1457 2314 1487 ι
2365 1439 2531 1491 Πάλιν
2571 1441 2786 1508 ῆρεσεν,
2828 1440 2936 1503 ἵνα,
2979 1442 3166 1510 ἐπειδὴ
3207 1441 3304 1509 τῆς
3345 1441 3647 1509 ἐκκλησίας
3687 1443 3812 1494 τῶν

2299 1547 2316 1578 ι
2366 1530 2422 1580 ἐν
2493 1530 2717 1581 Ἰππῶνι
2769 1531 3106 1599 φροντιστῶν
3153 1533 3186 1600 ἡ
3247 1531 3632 1597 ἐγκατάλειψις
3701 1534 3815 1585 οὐκ

2299 1639 2315 1668 ι
2364 1620 2566 1686 ὀφείλει
2600 1620 2830 1670 ἐπιπολὺ
2857 1621 3215 1689 ἀμεληθῆναι,
3249 1625 3339 1673 καὶ
3373 1622 3563 1692 ἐπειδὴ
3592 1623 3650 1674 αἱ
3681 1625 3817 1676 ἐκεῖ

2300 1738 2315 1760 ι
2365 1711 2646 1779 ἐκκλησίαι
2678 1712 2996 1780 κατέχονται
3025 1714 3173 1782 παρὰ
3208 1715 3304 1782 τὴν
3331 1714 3529 1766 ἄτοπον
3566 1713 3662 1766 τοῦ
3699 1716 3812 1766 Δί-

2299 1823 2315 1852 ι
2364 1803 2546 1855 κυτίου
2570 1805 2852 1855 κοινωνίαν
2874 1805 3372 1872 παραιτησαμένων
3390 1821 3404 1836 ⁶
3435 1805 3818 1872 πεμφθέντων

2307 1914 2321 1943 ι
2369 1897 2430 1946 ἐκ
2460 1894 2556 1960 τῆς
2589 1895 2864 1963 παρούσης
2893 1895 3108 1946 συνόδου
3137 1896 3471 1960 ἐπισκόπων,
3512 1895 3814 1963 Ῥηγίνου,

2305 2006 2322 2037 ι
2370 1986 2644 2050 Ἀλυπίου,
2663 1985 3049 2052 Αὑγουστίνου,
3067 1986 3372 2054 Ματὲρνου,
3395 1984 3644 2039 Θεασίου.
3671 1986 3820 2038 Εὐο-

2307 2097 2322 2126 ι
2373 2077 2508 2139 δίου,
2529 2075 2861 2137 Πὶ.ακιανοῦ,
2879 2075 3183 2142 Οὐρϐανοῦ.
3200 2075 3472 2143 Βαλερίου.
3493 2077 3815 2144 Ἀμοιῦίου,

2305 2181 2320 2211 ι
2365 2163 2781 2229 Φουρτουνάτου,
2814 2162 3284 2226 Κουοδϐουλτδέου,
3330 2164 3656 2230 Ὀνωράτου,
3693 2163 3818 2216 Ἰα-

2310 2271 2327 2302 ι
2375 2253 2648 2321 νουαρίου,
2683 2252 3251 2321 ’Δπτου,’ονωράτου,
3269 2253 3582 2321 Ἀμπελίηυ,
3606 2255 3818 2306 Βικτο-

2309 2360 2326 2392 ι
2378 2341 2583 2410 ριανοῦ,
2615 2342 2956 2408 Εὑαγγέλλου
2999 2343 3089 2396 καὶ
3131 2343 3474 2410 Ῥογατιανοῦ
3498 2360 3512 2375 ο
3548 2346 3642 2395 καὶ
3675 2361 3819 2398 συν-

2309 2452 2324 2481 ι
2365 2433 2638 2500 αχθέντων
2662 2432 2755 2484 καὶ
2782 2431 3171 2500 διορθωθέντων
3190 2435 3300 2485 τῶν
3317 2433 3560 2502 ἐπιψῦγῳ
3581 2451 3790 2504 μονοτο
3809 2465 3822 2475 -

2309 2542 2326 2572 ι
2375 2522 2462 2590 vi;
2490 2521 2586 2588 τὴν
2611 2520 2786 2587 φυγὴν
2815 2519 2906 2570 τοῦ
2925 2519 3089 2571 αὑτοῦ
3117 2521 3370 2571 Αίκυτίου
3399 2518 3820 2589 προσδοκητέαν

2316 2633 2332 2661 ι
2385 2609 2777 2678 λογισαμένων,
2804 2609 2940 2677 μετὰ
2962 2611 3059 2678 τῆς
3081 2610 3296 2661 πάντων
3314 2609 3480 2676 εὐχῆς
3503 2609 3818 2669 ἐπίσκοπος

2313 2722 2329 2751 ι
2376 2703 2586 2763 τούτοις
2642 2700 3009 2769 χειροτονηοῇ.
3079 2699 3202 2750 Ἐὰν
3259 2699 3316 2751 δὲ
3376 2700 3450 2768 μὴ
3503 2700 3817 2766 θελήσωσιν

2315 2813 2331 2843 ‹
2383 2794 2577 2845 ἐκεῖνοι
2601 2793 2698 2861 τὴν
2719 2791 2941 2860 εἰρήνην
2965 2792 3314 2857 κατανοῆσαι,
3373 2793 3448 2860 μὴ
3469 2790 3815 2857 ἐμποδίσωσι

2314 2904 2330 2933 ι
2378 2887 2442 2954 τῇ
2477 2885 2704 2952 ὲπιλογῇ
2733 2882 2826 2934 τοῦ
2859 2881 3142 2951 προέδρου,
3171 2882 3305 2950 πρὸς
3335 2881 3392 2931 τὸ
3422 2881 3808 2950 χειροτονηθῆ·

2313 2993 2332 3024 ι
2380 2992 2468 3026 ναι
2515 2974 2590 3035 είς
2636 2973 3015 3043 χρησιμότητα
3051 2971 3278 3046 τῆςέπὶ
3317 2971 3569 3024 τοσοῦτον
3615 2972 3822 3042 χρόνον

2314 3086 2334 3117 ι
2379 3065 2896 3133 ἐγκαταλειφθείσης
2926 3064 3092 3134 ἐκκλη
3105 3065 3239 3125 σίας.

638 3148 833 3203 BALS.
855 3149 994 3201 Duae
1024 3159 1149 3203 sunt
1182 3148 1344 3202 urbes
1379 3149 1430 3200 in
1478 3147 1679 3210 Africa,
1710 3160 1828 3214 quae
1856 3145 2127 3213 Hippones

2307 3158 2496 3208 ΒΑΛΣ.
2524 3155 2625 3206 Δύο
2651 3155 2831 3215 πόλεις
2857 3155 2992 3206 εἰσὶν
3012 3155 3088 3214 είς
3127 3152 3388 3222 Ἀφρικὴν
3421 3151 3686 3214 ’ἱππῶνες
3711 3171 3823 3208 κα.-

570 3255 851 3294 mcantnr.
897 3241 954 3294 In
986 3258 1088 3293 una
1121 3258 1309 3294 earum
1371 3250 1489 3292 erat
1545 3239 1790 3306 Equitius
1818 3239 2122 3308 cpisc0pus.

569 3333 632 3388 Et
662 3338 786 3402 quia
828 3333 1067 3386 nonnulli
1124 3335 1387 3385 adversus
1439 3346 1560 3383 cum
1609 3331 2038 3394 insurrexerunt,
2076 3340 2131 3383 et

567 3443 689 3480 cum
725 3442 789 3480 eo
821 3427 1256 3480 communionem
1291 3435 1629 3488 recusarunt,
1659 3439 1778 3492 quae
1804 3423 2006 3477 incerta
2039 3439 2128 3477 seu

571 3519 839 3580 informis,
900 3527 1059 3584 atque
1119 3518 1252 3571 adeo
1322 3516 1514 3584 injusta
1544 3515 1776 3577 dicitur;
1834 3515 2005 3567 visum
2049 3523 2134 3568 est

571 3606 717 3670 ipsos
770 3621 864 3670 per
904 3613 1164 3670 quosdam
1197 3605 1467 3656 antistites
1492 3603 1746 3654 refrenari
1780 3619 1792 3654 :
1836 3605 1917 3655 sin
1951 3612 2130 3655 autem

570 3709 754 3763 pacem
784 3695 974 3758 nolint,
1006 3693 1169 3746 alium
1198 3693 1320 3761 eligi
1359 3694 1695 3762 episcopum.

645 3785 899 3838 ZONAR.
947 3785 1156 3854 llippon
1191 3784 1452 3839 Numidiae
1488 3786 1680 3840 civitas
1731 3796 1812 3840 est
1843 3804 1854 3840 :
1891 3785 2133 3839 Numidia

575 3892 700 3929 vero
755 3877 1022 3928 Africanae
1073 3876 1242 3942 regio.
1300 3873 1434 3927 Cum
1497 3885 1678 3928 autem
1716 3875 1836 3928 duae
1867 3883 2048 3927 essent
2083 3873 2134 3925 in

573 3967 756 4018 Alt-ita
786 3969 968 4028 urbes,
1003 3964 1259 4032 Ilipponis
1319 3966 1570 4031 nomine;
1619 3967 1670 4018 in
1730 3967 1917 4017 barum
1965 3967 2134 4018 altera

574 4057 824 4124 liquitius
857 4059 1227 4125 episcopatum
1265 4059 1502 4123 gerelmt.
1561 4057 1690 4108 Eum
1725 4056 1992 4118 nonnulli,
2027 4070 2126 4122 po-

575 4149 852 4216 pularibus
902 4162 1118 4216 quoque
1150 4147 1342 4201 studiis
1395 4148 1632 4212 subnixi,
1681 4151 2027 4201 vehementer
2056 4149 2137 4199 in-

573 4237 944 4300 sectabantur,
992 4236 1243 4304 illiusque
1271 4237 1703 4290 communionem
1734 4275 1748 4300 ,
1775 4252 1931 4303 quam
1969 4234 2138 4288 infor-

579 4340 742 4389 mem,
771 4333 1055 4393 propterea
1087 4323 1231 4393 quod
1262 4339 1294 4377 a
1317 4324 1523 4393 synodo
1558 4325 1776 4377 minime
1799 4326 2011 4377 decreta
2049 4330 2140 4376 aut

577 4414 777 4466 indicta
839 4420 1008 4478 esset,
1056 4414 1294 4482 synodus
1329 4412 1634 4480 appellavit,
1689 4411 2023 4479 rejiciebant.
2060 4411 2138 4463 Ad

2233 3247 2509 3315 λούμεναι.
2538 3245 2753 3297 Τούτων
2778 3246 2832 3295 ἐν
2864 3245 2958 3313 μιᾷ
2986 3242 3235 3305 Λίκύτιος
3259 3245 3554 3306 ἐπίσκοπος
3577 3239 3668 3313 ἦν.
3699 3247 3821 3298 Καὶ

2232 3339 2352 3388 ἐπεί
2391 3354 2530 3399 τινες
2563 3338 2942 3402 ἐπανέστησαν
2974 3335 3067 3386 καὶ
3106 3338 3496 3403 παρῃτήσαντο
3535 3335 3633 3404 τὴν
3668 3338 3821 3402 μετά

2233 3428 2421 3480 τούτου
2468 3427 2773 3486 κοινωνίαν,
2827 3427 2923 3494 τὴν
2967 3425 3061 3478 καὶ
3088 3424 3291 3478 ἄτυπον
3334 3425 3643 3494 κληθεῖσαν,
3689 3428 3821 3493 ἦτοι

2234 3520 2514 3571 ἁτύπωτον
2557 3519 2648 3569 καὶ
2707 3517 2770 3570 ᾶδ
2796 3533 2911 3578 κον,
2958 3516 3104 3578 ἔδοξε
3163 3515 3250 3567 διὰ
3293 3532 3453 3568 τινων
3506 3518 3823 3586 ἀρχιερέων

2235 3608 2602 3675 ἁνασταλῆναι
2651 3607 2884 3678 αύτούς·
2937 3606 3067 3657 εἰδὲ
3105 3606 3202 3673 τὴν
3252 3606 3477 3673 εἰρήνην
3519 3607 3594 3674 μὴ
3647 3607 3820 3677 031i;—

2237 3713 2407 3757 σουσι,
2445 3694 2815 3762 χειροτονῆσαι
2850 3694 3140 3746 ἐπίσκοπον
3173 3693 3379 3762 ἓτερον.

2309 3786 2550 3837 ΖΩΝΑΡ.
2625 3783 2826 3835 Ἰππὼν
2886 3785 2980 3850 τῆς
3039 3784 3350 3853 Νουμηδίας
3405 3785 3556 3846 πόλις
3615 3787 3816 3839 ἐστίν’

2239 3879 2271 3942 ἡ
2301 3877 2358 3928 δὲ
2397 3875 2679 3944 Νουμηδία
2723 3877 2884 3942 μοῖρα
2913 3873 3010 3942 τῆς
3057 3874 3343 3943 Ἀφρικῆς.
3376 3875 3477 3927 Δύο
3510 3875 3561 3927 δὲ
3586 3859 3731 3944 ἦσαν
3757 3880 3818 3928 ἐν

2241 3972 2374 4038 αύτῇ
2424 3971 2604 4030 πόλεις
2643 3969 2908 4030 Ὶππῶνες
2951 3967 3300 4037 καλούμεναι,
3349 3968 3555 4021 τούτων·
3604 3971 3665 4020 ἐν
3711 3973 3821 4040 μιᾷ

2243 4059 2491 4119 Αίκύτιος
2520 4061 2817 4120 ἐπίσκοπος
2843 4054 2930 4126 ἦν,
2957 4051 3000 4123 ᾧ
3024 4060 3399 4127 ἐπανέστησαν
3419 4077 3584 4122 τινες,
3612 4056 3693 4121 οἷς
3718 4062 3822 4112 καὶ

2245 4151 2429 4200 πολλοὶ
2462 4148 2555 4199 τοῦ
2577 4147 2706 4199 λαοῦ
2738 4147 3183 4216 συνυπήχθησαν,
3212 4149 3687 4216 παραιτησάμενοι
3714 4149 3822 4218 τὴν

2239 4240 2404 4290 αὑτοῦ
2437 4239 2738 4300 κοινωνίαν,
2769 4237 2837 4306 ἢν
2866 4238 3070 4289 ἀτυπον
3104 4241 3134 4308 ὴ
3165 4239 3375 4300 σύνοδος
3401 4239 3704 4307 ὠνόμασεν,
3739 4241 3822 4302 ὡς

2245 4335 2319 4398 μὴ
2368 4328 2675 4397 ὁρισθεῖσαν
2710 4329 2802 4377 καὶ
2850 4328 3190 4380 τυπωθεῖσαν
3236 4330 3390 4396 παρὰ
3426 4330 3665 4381 συνόδου.
3716 4331 3823 4382 Διὰ

2244 4421 2372 4486 γοῦν
2409 4421 2504 4488 τὴν
2532 4418 2785 4486 τοιαύτην
2818 4421 3006 4471 στάσιν
3041 4417 3184 4482 ἔδοξε
3221 4419 3480 4486 σταλῆναί
3510 4436 3661 4480 τινας
3696 4421 3824 4471 ἐκει

575 4514 696 4554 eam
747 4516 874 4570 ergo
928 4502 1251 4555 seditionem
1298 4503 1701 4570 opprimendam
1735 4501 1994 4569 quosdam
2027 4499 2130 4568 epi-

2274 4511 2346 4562 ὦν
2377 4511 2710 4574 ἐπισκόπων,
2747 4511 2833 4562 ἵνα
2858 4550 2872 4572 ,
2906 4511 2954 4561 εί
2985 4510 3253 4572 δυναίντο,
3286 4508 3686 4578 διορθώσωνται
3712 4510 3822 4579 τὴν

575 4606 770 4660 scapos
805 4607 869 4646 ex
911 4593 1014 4646 hoc
1045 4592 1163 4645 loco
1191 4593 1481 4645 mittendos
1510 4607 1629 4646 esse
1661 4605 2010 4654 censuerunt,
2057 4603 2136 4655 ut,

573 4682 618 4733 si
661 4681 775 4733 fieri
829 4682 1018 4750 possit,
1050 4681 1280 4733 tumultu
1321 4682 1543 4746 sedato,
1580 4681 1900 4736 dissidentes
1952 4683 2140 4737 conci-

573 4772 744 4838 lient;
808 4773 892 4826 vel
948 4773 990 4826 si
1049 4773 1098 4825 id
1147 4772 1324 4825 minus
1390 4774 1710 4837 obtineant,
1758 4773 2115 4841 Hipponensis

580 4865 833 4918 Ecclesiae
870 4865 1088 4918 utilitati
1122 4866 1486 4928 consulentes,
1520 4881 1636 4930 qua:
1663 4867 1864 4932 jamdiu
1901 4865 2136 4929 deserta,

577 4953 681 5006 hoc
725 4963 831 5018 est,
879 4969 906 5004 a
941 4967 1038 5006 suo
1074 4954 1325 5006 antistite
1355 4955 1609 5006 destituta
1652 4963 1757 5016 est,
1792 4954 2028 5022 aliquem
2062 4953 2141 5006 in-

574 5044 732 5093 terim
769 5044 821 5094 in
863 5055 925 5094 ea
955 5044 1271 5110 episc0pum
1304 5045 1661 5095 constituant.

571 5132 799 5187 AltlST.
843 5149 861 5182 ι
901 5131 1084 5186 Visum
1117 5144 1220 5197 est,
1267 5142 1321 5186 ut
1355 5145 1474 5202 post
1507 5133 1704 5202 Equitii
1737 5137 2140 5192 condemnatio-

652 5241 670 5272 ι
709 5238 830 5275 nent
861 5225 1099 5275 omnium
1127 5225 1267 5276 votis
1297 5226 1580 5293 cpiscopus
1616 5226 1841 5296 llipponi
1881 5231 2141 5296 praeﬁcia-

652 5333 672 5364 ι
709 5327 825 5368 tnr:
848 5324 904 5367 et
933 5315 1018 5367 isti
1053 5330 1385 5380 nequaquam
1411 5317 1703 5385 impediant
1725 5320 1853 5385 quin
1885 5319 1936 5370 in
1958 5317 2141 5374 Eccle-

653 5426 669 5455 ι
721 5408 796 5459 sia
835 5405 1029 5474 praasnl
1055 5408 1354 5459 ordinetur.
1387 5426 1406 5457 ι

643 5581 904 5637 Omnibus
962 5584 1180 5652 placuit,
1215 5593 1272 5638 ut
1313 5585 1364 5637 in
1399 5583 1657 5653 llipponis
1715 5589 2006 5643 Ecclesiam
2042 5606 2128 5642 or-

587 5673 866 5727 dinaretur
918 5677 1206 5745 episcopus
1241 5678 1494 5744 episcopo
1531 5678 1674 5733 illius
1715 5680 1927 5747 eqtitio
1969 5684 2136 5749 dep»-

579 5766 707 5829 sito,
737 5774 790 5818 et
825 5766 1002 5822 nullos
1042 5783 1226 5824 eorum
1261 5773 1352 5839 qui
1390 5771 1439 5824 ei
1477 5774 1904 5827 adversabmtnr
1967 5775 2138 5844 impe-

3678 4600 3822 4651 είδὲ

2245 4695 2318 4762 μὴ
2354 4694 2528 4756 τοῦτο,
2564 4694 2983 4762 χειροτονήσωσι
3007 4691 3142 4751 τέως
3170 4691 3467 4742 ἐπίσκοπον
3507 4691 3584 4751 είς
3618 4706 3822 4759 χρησιο

2245 4784 2450 4850 μότητα
2479 4784 2577 4851 τῆς
2605 4785 2662 4834 ἐν
2713 4779 2936 4832 Ἰππῶνι
2969 4780 3292 4848 ἐκκλησίας,
3347 4782 3513 4848 ἤγουν
3550 4781 3628 4840 είς
3660 4778 3822 4845 ὠφέ-

2238 4875 2388 4925 λειαν
2436 4875 2532 4941 τῆς
2573 4874 2664 4925 ἐπὶ
2708 4872 2873 4924 πολὺν
2923 4872 3110 4940 χρόνον
3161 4871 3638 4941 καταλειφθείσης,
3692 4871 3819 4939 ἦτοι

2241 4965 2408 5033 χωρὶς
2443 4964 2741 5015 ἐπισκόπου
2776 4961 2960 5032 οὖσης.

2243 4605 2467 4666 στάσιν,
2509 4602 2601 4653 καὶ
2639 4600 3012 4665 καταλλάξωσι
3043 4600 3168 4659 τοὺς
3209 4600 3642 4659 στασιάσανταςο

2237 5140 2458 5192 ΔΡΙΣΤ.
2528 5158 2546 5190 ι
2601 5140 2786 5204 Ἔδοξε
2824 5141 2962 5209 μετὰ
3009 5141 3106 5210 τὴν
3146 5140 3404 5192 Αξκυτίου
3444 5137 3817 5205 κατάκρισιν,

2317 5246 2333 5278 ι
2384 5229 2517 5296 μετὰ
2558 5230 2658 5298 τῆς
2688 5232 2906 5284 πάντων
2948 5232 3111 5298 εὐχῆς
3136 5230 3435 5281 ἐπίσκοπον
3462 5229 3561 5296 τῆς
3589 5231 3648 5279 ἐν
3698 5227 3820 5280 Ἱπ-

2317 5337 2332 5366 ι
2383 5319 2523 5371 πῶνι
2559 5321 3026 5390 προχειρισθῆναι,
3067 5320 3159 5371 καὶ
3191 5319 3457 5388 μηδαμῶς
3484 5320 3685 5380 αὐτοὺς
3712 5323 3823 5386 ἐμ-

2315 5430 2331 5460 ι
2382 5409 2597 5461 ποδίσαι
2655 5414 2733 5475 εἰς
2797 5410 2857 5462 τὸ
2916 5409 3360 5478 χειροτονηθῆναι
3425 5409 3690 5478 πρόεδρον
3753 5412 3821 5478 τῇ

2315 5523 2331 5554 ι
2381 5503 2662 5571 ἐκκλησίᾳ.
2725 5521 2742 5552 ι

2314 5595 2517 5663 Ἱῐρεσε
2554 5597 2716 5645 πᾶσιν
2745 5596 2823 5653 είς
2854 5591 2947 5659 τὴν
2985 5593 3040 5642 ἐν
3088 5592 3316 5644 Ίππῶνι
3347 5591 3649 5658 ἐκκλησίαν
3680 5609 3822 5654 προ-

2241 5685 2575 5753 χειρισθῆναι
2631 5685 2926 5734 ἐπίσκοπον
2979 5683 3070 5734 τοῦ
3117 5683 3418 5736 ἐπισκόπου
3463 5682 3665 5751 ταύτης
3723 5685 3821 5737 τοῦ

2242 5775 2496 5826 Αἱκυτίου
2551 5774 2984 5840 καθαιρεθέντος,
3033 5775 3122 5824 καὶ
3172 5778 3245 5844 μή
3299 5791 3454 5835 τινας
3506 5776 3617 5827 τῶν
3663 5775 3819 5826 ἀντι-
