4000 6436
190 427 285 488 Ξ33

1165 433 1246 494 ΙΝ
1281 435 1444 495 CAN.
1496 433 1797 494 LXXXIII
1835 433 2042 496 CONC.
2076 432 2444 493 CAII'I'IIAG.

3321 432 3428 492 294

188 537 521 608 ποιουμένων
551 538 760 592 ἐκείνου
799 541 1088 608 ἐμποδίσαι
1113 545 1191 604 εἰς
1217 543 1276 596 τὸ
1306 545 1748 612 χειροτονηθῆναι

1862 543 2009 605 dire,
2065 543 2355 612 quominus
2420 541 2485 595 ad
2570 541 2843 609 Ecclesia),
2905 543 3088 596 tandiu
3171 543 3426 611 episcopo

186 629 484 681 ἐπίσκοπον
516 631 594 691 είς
624 629 896 696 ὠφέλειαν
927 632 1022 698 τῆς
1055 633 1365 703 ἐκκλησίας,
1398 632 1496 697 τῆς
1536 632 1631 684 ἐπὶ
1669 650 1758 684 το-

194 719 380 772 σοῦτον
407 723 602 790 χρόνον
638 722 810 790 χωρὶς
847 723 1147 775 ἐπισκόπου
1181 723 1650 793 καταλειφθείσης.

790 812 1032 864 ΚΑΝΩΝ
1064 812 1184 866 IIB’.

197 919 209 948 l
258 903 396 970 Περὶ
423 902 530 953 τῶν
564 901 638 970 μὴ
671 903 1069 970 φροντιζόντων
1099 904 1378 972 κληρικῶν
1405 904 1554 966 ἐντὸς
1580 906 1760 956 ἐνιαυ-

263 1013 280 1043 ι
329 991 423 1043 τοῦ
447 993 651 1060 πρᾶξαι
677 994 739 1044 τὸ
761 993 896 1046 ἴδιον
922 997 1166 1062 πρᾶγμα.
1198 996 1363 1048 Πάλιν
1394 995 1624 1064 ὡρίσθη,
1654 995 1758 1058 i'vz,

266 1101 283 1132 ι
330 1083 517 1143 ὁσάκις
547 1083 830 1152 κληρικῶν
854 1084 1234 1152 ἐλεγχθέντων,
1260 1089 1350 1139 καὶ
1374 1087 1761 1155 καταθεμένων

259 1192 274 1220 ι
323 1173 445 1222 τινα
472 1174 792 1240 ἐγκλήματα
815 1174 924 1225 εῐτε
956 1175 1042 1226 διὰ
1070 1175 1128 1227 τὸ
1161 1177 1258 1244 τῆς
1292 1177 1584 1245 ἐκκλησίας
1619 1177 1760 1228 δνειο

260 1284 275 1312 ι
325 1262 413 1325 δος
439 1264 549 1314 εἴτε
579 1263 665 1315 διὰ
688 1265 787 1334 τὴν
819 1265 1222 1334 αἱδεσιμότητα,
1252 1261 1344 1336 (ὧν
1369 1269 1529 1336 χάριν
1552 1272 1760 1329 τούτοις

259 1369 275 1398 ι
322 1351 539 1417 γίνεται
566 1353 779 1420 φειδὼ),
812 1354 924 1405 εἴτε
944 1355 1030 1406 διὰ
1054 1355 1150 1422 τὴν
1169 1357 1396 1418 ἀλαζόνα
1426 1357 1534 1408 τῶν
1561 1357 1762 1427 αἱρετι-

257 1465 275 1495 ι
325 1447 439 1498 κῶν
486 1448 584 1498 καὶ
613 1448 841 1498 ἐθνικῶν
882 1449 1288 1518 ἐπιγαυρίασιν,
1325 1451 1440 1514 ἐὰν,
1484 1451 1557 1512 ὼς
1592 1452 1758 1515 είκδς,

259 1555 274 1583 ι
322 1536 768 1602 ἐπαγωνίσασθαι
799 1536 875 1604 τῷ
910 1537 1024 1606 ίδίῳ
1052 1541 1356 1608 πράγματι,
1385 1542 1475 1592 καὶ
1502 1540 1596 1609 τῆς
1629 1541 1762 1603 ιδίας

261 1645 277 1676 ι
328 1627 621 1688 astuastu;
649 1627 934 1693 φροντίσαι
959 1629 1272 1698 θελήσωσιν,
1299 1631 1445 1691 ἐντὸς
1468 1633 1764 1701 ἀκοινωνη-

259 1737 275 1768 τ
327 1720 450 1780 σίας
495 1715 739 1769 ἐνιαυτοῦ
792 1717 950 1769 τοῦτο
998 1719 1324 1786 ποιήσωσινο
1377 1721 1473 1773 ἐὰν
1519 1721 1572 1773 δὲ
1615 1720 1763 1781 ἐντὸς

257 1829 274 1857 ε
322 1807 572 1859 ἐνιαυτοῦ
597 1813 657 1858 τὸ
693 1809 924 1875 πρᾶγμα
955 1808 1134 1860 αὐτῶν
1163 1809 1397 1878 καθᾶραι
1422 1810 1766 1878 καταφρονή-

259 1916 276 1947 ι
328 1915 466 1949 σωσι
498 1896 736 1964 μηδεμία
755 1896 960 1948 τούτων
987 1897 1077 1949 τοῦ
1099 1898 1283 1950 λοιποῦ
1316 1901 1462 1969 φωνὴ
1485 1899 1761 1962 παντελῶς
1795 1881 1838 1938 Β

259 2009 277 2040 ι
328 1989 708 2058 προσδεχθείη.

251 2080 453 2133 ΒΑΛΣ.
492 2078 549 2131 Ὀ
573 2078 760 2148 παρὼν
782 2077 963 2132 κανὼν
986 2080 1274 2149 διορίζεται
1294 2081 1419 2144 τοὺς
1443 2082 1755 2152 κληρικοὺς,

185 2173 308 2232 τοὺς
355 2170 447 2222 διά
480 2185 604 2222 τινα
647 2170 967 2237 ἐγκλήματα
1001 2170 1354 2239 ἐλεγχθέντας
1379 2211 1393 2234 ,
1429 2172 1548 2241 ἦτοι
1587 2190 1760 2227 καταο

188 2261 643 2331 μαρτυρηθέντας
675 2260 782 2311 ἀπὸ
815 2259 1157 2328 προλήψεως,
1193 2262 1506 2329 φροντίζειν
1538 2263 1630 2316 τοῦ
1662 2280 1759 2315 πε-

189 2353 504 2419 ρατωθῆναι
527 2351 623 2412 τὰς
647 2351 768 2404 κατ’
790 2350 966 2402 αὐτῶν
995 2351 1277 2412 ὑποθέσεις
1302 2352 1450 2414 ἐντὸς
1475 2354 1718 2406 ἐνιαυτοῦ
1744 2369 1756 2384 ·

186 2444 235 2492 εί
262 2442 319 2492 δὲ
356 2441 456 2510 μὴ,
493 2440 903 2492 ἀποκλείεσθαι.
934 2440 1117 2492 Ταῦτα
1140 2440 1196 2491 δέ
1229 2443 1328 2492 οὑκ
1356 2441 1640 2508 ἐνεργοῦσι
1671 2443 1762 2512 σή-

189 2549 374 2600 μερον,
411 2531 500 2583 διὰ
544 2531 605 2581 τὸ
638 2531 745 2581 ἀπὸ
779 2529 1050 2600 διαφόρων
1083 2531 1310 2598 Νεαρῶν
1340 2533 1518 2584 πᾶσαν
1568 2532 1760 2601 ἐγκλη-

187 2621 431 2690 ματικὴν
498 2621 756 2672 ὑπόθεσιν
828 2622 906 2681 εἰς
967 2620 1186 2690 διηνεκῆ
1255 2623 1446 2692 χρόνον
1514 2623 1761 2675 ἐπεκτείο

190 2727 244 2763 νε
253 2711 402 2764 σθαι.

254 2800 504 2853 ZQNAP.
550 2800 675 2852 Ἐὰν
707 2800 960 2869 κληρικοὶ
997 2801 1414 2870 κατηγορῶνται
1440 2801 1527 2853 ἐπ’
1562 2802 1759 2864 αἰτίαις

187 2892 586 2954 ἐκδαλλούσαις
620 2894 815 2955 αὐτοὺς
845 2893 938 2944 τοῦ
979 2893 1207 2962 κλιζρου,
1239 2893 1303 2945 δι’
1329 2893 1394 2956 ἃς
1433 2896 1524 2947 καὶ
1559 2893 1758 2957 ὄνειδος

185 2985 282 3050 τῆς
320 2984 649 3050 Ἐκκλησίας
687 2987 847 3042 εἰσὶν,
884 2985 956 3045 ὠς
987 2985 1060 3053 μὴ
1087 2985 1266 3046 καλῶς
1307 2985 1565 3054 βιοῦντες,
1596 2988 1762 3039 ἀπαι-

184 3077 266 3124 τεῖ
318 3075 518 3135 αὐτοὺς
562 3078 589 3126 ὀ
636 3076 818 3127 κανὼν
849 3077 995 3136 ἐντὸς
1027 3076 1274 3127 ἐνιαυτοῦ
1312 3075 1760 3140 ἐπαγωνίσασθαι

1864 634 2156 699 destitutae,
2186 635 2467 688 utilitatem
2497 636 2779 704 episcopus
2814 635 3110 690 ordinetur.

2387 812 2614 867 CANON
2656 814 2916 869 LXXXII.

1869 922 1886 952 ι
1928 901 2000 954 De
2053 905 2288 967 clericis,
2316 905 2404 971 qui
2462 920 2566 958 non
2600 917 2788 959 curant
2822 920 2974 957 suam
3036 906 3174 958 intra
3229 922 3422 960 annum

1941 1010 1959 1043 ι
1995 1007 2211 1046 causam
2239 1009 2419 1063 agere.
2454 994 2684 1048 Rursum
2713 998 2994 1049 decretum
3042 1007 3144 1059 eat,
3187 1007 3244 1047 ιιι
3279 1012 3419 1062 quo-

1940 1101 1957 1132 ι
1993 1085 2116 1148 lies,
2142 1084 2356 1137 clericis
2387 1085 2672 1148 accusatis,
2709 1095 2765 1138 ct
2799 1084 3106 1152 aliquorum
3133 1084 3421 1137 criminum

1938 1195 1955 1224 ι
1997 1176 2046 1226 in
2071 1190 2164 1228 eos
2199 1176 2342 1228 dicto
2381 1177 2714 1238 testimonio,
2767 1176 2881 1229 sive
2917 1185 3133 1244 propter
3169 1176 3424 1242 probrum

1937 1283 1954 1315 ι
1995 1264 2262 1329 Ecclesiae,
2281 1266 2394 1317 sive
2409 1276 2626 1332 propter
2651 1268 3004 1319 reverentiam
3030 1266 3243 1334 (quibus
3260 1263 3431 1316 nonii-

1944 1373 1961 1406 ι
1997 1355 2150 1409 nibus
2168 1357 2244 1408 eis
2257 1357 2511 1421 parcitur)
2528 1357 2638 1407 sive
2655 1366 2869 1422 propter
2888 1357 3202 1409 insolentem
3223 1355 3347 1408 liam
3366 1357 3426 1406 t3-

1938 1464 1956 1497 ι
1994 1460 2180 1500 eorum
2211 1455 2261 1496 et
2287 1444 2560 1512 gentilium
2583 1445 3011 1508 exsultationem,
3033 1448 3099 1510 si,
3125 1456 3179 1497 ut
3208 1461 3299 1513 par
3325 1454 3429 1508 est,

1941 1555 1958 1587 ι
1995 1550 2212 1590 causam
2243 1549 2393 1587 suam
2420 1533 2724 1596 defendere,
2754 1542 2806 1588 et
2828 1550 2936 1588 suae
2958 1537 3243 1602 probanda:
3271 1537 3429 1588 iuno-

1940 1646 1958 1678 ι
1995 1628 2186 1681 centiaz
2210 1640 2392 1680 curam
2420 1640 2607 1695 gerere
2641 1627 2927 1688 voluerint,
2949 1628 3048 1678 IIOC
3073 1627 3211 1678 intra
3229 1641 3426 1678 annum

1938 1713 2565 1770 «excommunicationis
2621 1713 2865 1764 faciant:
2920 1713 3000 1764 sin
3055 1719 3234 1765 autem
3288 1714 3426 1764 intra

1941 1827 1958 1858 ι
2002 1821 2201 1860 annum
2272 1820 2488 1860 causam
2561 1819 2711 1857 suam
2766 1817 2997 1872 purgare
3055 1803 3424 1870 neglexerint,

1942 1918 1958 1950 ι
2006 1899 2148 1952 nulla
2201 1911 2386 1951 eorum
2443 1895 2696 1964 deinceps
2733 1909 2833 1948 vox
2895 1897 3115 1948 omnino
3176 1895 3429 1950 admitta-

1939 2009 1956 2039 ι
2001 2001 2106 2042 lttr.
2141 2008 2156 2038 ι

1936 2079 2129 2132 BALS.
2190 2079 2431 2132 Pricaeus
2493 2093 2666 2131 canon
2731 2078 2934 2138 statuit,
2989 2085 3046 2128 ttt
3096 2076 3298 2140 clerici,
3331 2076 3423 2143 qui

1863 2181 2082 2239 propter
2113 2171 2340 2226 crimina
2373 2180 2500 2223 sunt
2555 2168 2816 2231 accusati,
2850 2169 2962 2223 sive
2995 2170 3260 2223 adversus
3289 2184 3424 2236 quos

1862 2263 2228 2316 testimonium
2257 2260 2425 2330 616
2481 2261 2678 2313 dictum
2732 2271 2814 2312 cst
2859 2275 2923 2313 ex
2972 2261 3423 2327 prmeumptioue,

1862 2363 2052 2407 curent
2103 2363 2157 2406 ut
2208 2367 2384 2406 Causa:
2437 2351 2694 2406 adversus
2722 2365 2830 2420 προς
2885 2353 3022 2403 intra
3066 2365 3262 2402 annum
3299 2365 3423 2417 per-

1861 2455 2087 2514 agantur
2115 2463 2129 2498 ι
2165 2445 2246 2497 sin
2302 2443 2478 2496 minus
2507 2441 2881 2496 excludantur.
2910 2439 3031 2492 Haec
3060 2447 3234 2492 autem
3269 2440 3424 2492 hodie

1863 2551 1966 2588 non
2032 2544 2158 2587 sunt
2199 2535 2247 2584 in
2283 2549 2382 2585 usu
2440 2550 2454 2584 :
2496 2546 2560 2584 eo
2608 2531 2751 2600 quod
2801 2546 2865 2584 ex
2927 2529 3153 2582 diversis
3188 2528 3424 2582 Novellis

1861 2623 2040 2676 omnis
2094 2620 2397 2675 criminalis
2428 2633 2592 2674 causa
2635 2620 2686 2672 in
2721 2629 3038 2688 perpetuum
3083 2627 3292 2686 tempus
3325 2633 3421 2671 ex-

1862 2713 2134 2764 tendatur.

1933 2798 2185 2853 ZONAII.
2240 2799 2295 2852 Si
2354 2799 2536 2854 clerici
2597 2799 2667 2853 ob
2715 2800 2965 2862 crimina,
3022 2810 3245 2867 propter
3307 2812 3424 2867 quae

1861 2888 2008 2942 clero
2045 2890 2286 2942 movendi
2312 2890 2440 2955 sint,
2472 2900 2819 2951 accusentur,
2852 2903 2916 2942 ex
2944 2889 3140 2957 quibus
3170 2889 3425 2941 ECc-lesiae

1862 2993 2098 3047 quoque,
2130 2979 2282 3046 quasi
2330 2979 2599 3046 flagitiosa
2636 2981 2704 3031 sit
2741 2979 3061 3030 clericorum
3097 2980 3228 3039 vita,
3266 2978 3420 3045 igno-

1862 3070 2044 3122 tninia:
2069 3068 2244 3135 aliqua
2277 3069 2423 3121 labes
2460 3077 2815 3136 aspergatur;
2848 3067 3014 3134 exigit
3036 3068 3102 3120 ab
3132 3068 3197 3120 iis
3226 3083 3424 3129 canon,

187 3165 426 3232 καθᾶραι
458 3165 684 3225 ἑαυτοὺς
716 3166 813 3230 τῆς
848 3165 1204 3232 κατηγορίας,
1237 3163 1346 3214 εἴτε
1375 3161 1463 3214 διὰ
1489 3165 1586 3232 τὴν
1621 3164 1759 3216 αἰδε-

1867 3170 1925 3211 ιιι
1966 3162 2122 3212 unius
2154 3161 2280 3212 anni
2318 3160 2493 3225 spatio
2545 3174 2604 3212 sc
2653 3161 2718 3211 ab
2747 3173 2832 3220 ea,
2881 3174 2998 3227 quae
3037 3161 3087 3212 in
3121 3161 3268 3227 ipsos
3294 3177 3426 3212 con-

186 3254 474 3322 σιμότητα,
512 3255 679 3324 ήγουν
707 3254 766 3304 τὸ
799 3254 1014 3319 ἔντιμον
1038 3254 1144 3305 τῶν
1170 3252 1394 3321 βαθμῶν
1413 3252 1505 3304 τοῦ
1529 3254 1755 3322 κλήρου,

184 3345 248 3394 δι’
280 3345 308 3395 ὀ
340 3346 434 3396 καὶ
469 3345 768 3409 φείδονται,
800 3343 888 3393 ἵνα
930 3343 1003 3410 μὴ
1034 3343 1370 3411 ἀτιμὰζηται
1405 3345 1436 3410 ἡ
1470 3344 1757 3413 ἱερωσύνη,

190 3436 327 3500 qod
354 3435 418 3485 τὸ
453 3435 528 3503 μὴ
569 3436 1000 3501 κατεπαίρεσθαι
1032 3435 1154 3495 ’τοὺς
1194 3435 1502 3502 αίρετικοὺς
1530 3435 1589 3496 ἐξ
1628 3436 1760 3486 ἀλα-

186 3522 422 3583 ζονεξοας,
478 3524 573 3572 καὶ
616 3523 978 3587 καταφρονεῖν
1021 3523 1120 3586 τῆς
1164 3520 1484 3589 ἱερωσύνης,
1535 3521 1654 3573 καθ’
1702 3523 1760 3572 ὃν

185 3612 434 3661 ἐνιαυτὸν
466 3611 560 3660 καὶ
589 3609 946 3676 ἀκοινώνητοί
978 3611 1103 3662 είσι.
1134 3610 1232 3660 Διά
1258 3610 1413 3661 τοῦτο
1448 3611 1551 3678 γὰρ
1580 3610 1638 3673 ἐξ
1662 3611 1759 3678 ἀρ-

189 3698 284 3765 χῆς
318 3699 346 3747 6
381 3695 565 3748 κανὼν
599 3695 954 3764 ἐλεγχθέντας
991 3697 1186 3757 αὐτοὺς
1218 3696 1520 3764 ὠνόμασεν,
1558 3699 1655 3766 οὐχ
1687 3698 1758 3759 di;

184 3787 400 3848 τελείως
442 3787 913 3854 ἀποδεδειγμένων
950 3787 1055 3837 τῶν
1084 3787 1203 3837 κατ’
1252 3789 1432 3839 αὐτῶν
1479 3789 1760 3856 εἰσαχθέν-

184 3894 320 3931 των·
367 3880 400 3947 ἢ
441 3880 550 3946 γὰρ
595 3879 661 3929 ἂν
708 3877 1234 3944 καὶκαθηρίθησαν,
1284 3879 1332 3927 εἰ
1378 3877 1754 3946 ἠλέγχθησαν·

187 3970 296 4020 ἀλλ’
326 3969 402 4029 ὡς
438 3968 766 4038 προλήψεων
799 3967 894 4019 καὶ
928 3970 1048 4019 κατ’
1084 3969 1264 4018 αὐτῶν
1290 3967 1567 4028 δοθεισῶν,
1596 3966 1663 4018 δι’
1696 3967 1760 4030 ἃς

188 4061 278 4110 καὶ
312 4060 686 4126 ἀκοινωνησίᾳ
718 4060 1151 4126 ἐπετιμήθησαν.
1195 4059 1258 4110 Εἰ
1293 4057 1388 4124 μὲν
1423 4057 1514 4110 οῦν
1546 4057 1632 4109 διὰ
1664 4059 1758 4110 τοῦ

187 4148 430 4200 ἐνιαυτοῦ
453 4147 816 4200 σπουδάσουσι
837 4145 1103 4214 καθαροὺς
1125 4149 1347 4209 ἐαυτοὺς
1371 4149 1642 4212 ἀποδεῖξαι
1654 4150 1760 4202 τῶν

188 4239 551 4306 ἐγκλημάτων
575 4277 590 4298 ,
629 4238 722 4288 καὶ
769 4235 862 4286 τοῦ
899 4238 1172 4302 ἐπιτιμίου
1218 4238 1626 4306 κωλυθήσονται
1655 4254 1669 4267 '
1711 4241 1758 4291 εξ

185 4329 238 4379 δέ
278 4332 354 4395 μὴ
393 4328 759 4397 ἁπρόσδεκτοι
812 4328 1022 4377 ἔσονται
1061 4328 1200 4395 μ’τὰ
1261 4327 1428 4378 ταῦτα
1462 4329 1617 4395 λόγον
1647 4334 1758 4381 el:—

187 4429 429 4478 αγιτντες.

190 4680 408 4732 ΑΙῚΣΤ.
453 4695 472 4730 ι
533 4679 920 4746 Ἐλεγχόμενος
961 4677 1214 4745 κληρικὸς
1255 4678 1342 4728 ἐπ’
1403 4678 1752 4748 ἐγκλήματι,

263 4790 280 4822 ι
325 4773 422 4824 ἐὰν
470 4767 914 4835 ἐπαγωνίσασθαι
976 4767 1140 4834 λέγῃ,
1185 4767 1330 4829 ἐντὸς
1370 4770 1614 4821 ἐνιαυτοῦ
1657 4771 1754 4820 ἐπ-

262 4881 278 4909 ι
325 4860 702 4928 αγωνιζέσθω’
729 4860 868 4926 μετὰ
894 4857 948 4908 δέ
971 4857 1125 4909 τοῦτο
1149 4859 1287 4910 ἐστω
1321 4859 1700 4927 ἀπρόσδεκτος.
1730 4879 1748 4911 ι

270 4951 654 5019 Ἐλεγχὸμενος
685 4947 773 4999 ἐπ’
809 4946 1117 5016 ἐγκλήμασι
1147 4949 1240 5000 καὶ
1267 4947 1364 5016 ήδη
1404 4950 1756 5012 καταδικαζό-

194 5059 343 5109 μενος
386 5040 679 5111 κληρικὸς,
717 5038 812 5090 ἐὰν
845 5038 926 5088 ἐτι
963 5036 1092 5109 λέγῃ
1128 5036 1388 5089 δύνασθαι
1421 5039 1756 5111 δικαιολογή-

193 5132 382 5184 σασθαι
432 5132 528 5185 καὶ
583 5130 780 5182 ἐαυτὸν
832 5129 1121 5182 ἀνεύθυνον
1176 5131 1551 5199 παραστῆσαι,
1602 5134 1754 5194 ἐντὸς

193 5223 434 5276 ἐνιαυτοῦ
455 5223 660 5291 ὀφείλει
687 5220 1147 5288 ἐπαγωνίσασθαν
1175 5221 1312 5288 μετὰ
1331 5221 1388 5274 δὲ
1408 5223 1498 5275 τὸν
1517 5225 1755 5278 ἐνιαυτὸν

193 5315 403 5383 οὐδεμία
419 5313 584 5366 αὑτοῦ
604 5312 934 5379 δικαιολογία
961 5329 1035 5364 πα
1043 5312 1430 5382 ραδεχθήσεται
1448 5317 1526 5378 εἰς
1539 5315 1596 5366 τὸ
1611 5318 1756 5368 δικα-

196 5406 402 5474 στήριον
435 5408 557 5458 ὅσον
598 5405 753 5468 αὐτὸ,
787 5405 922 5456 ἀλλὰ
974 5405 1504 5473 καταδεδικασμένος
1557 5408 1709 5460 ἔσται
1737 5425 1749 5438 ·

194 5497 278 5544 καὶ
335 5499 380 5546 εἰ
410 5495 661 5565 βούλεται
690 5494 878 5546 ἔκτοτε
911 5494 1279 5559 ἐκκαλεῖσθαι,
1318 5497 1538 5548 ποιείτω
1576 5496 1752 5551 τοῦτο.

775 5585 1008 5637 ΚΑΝΩΝ
1038 5586 1158 5638 III".

273 5681 353 5740 Ὠς
379 5682 502 5742 τοὺς
523 5679 630 5732 ἀπὸ
647 5679 930 5746 ἀλλοτρίου
952 5680 1313 5749 μοναστηρίου
1341 5680 1751 5749 ὑτξοδεχθέντας,

259 5793 279 5820 ι
324 5772 453 5841 μηδὲ
489 5772 828 5842 ἡγουμένους
869 5769 960 5822 τοῦ
1003 5773 1399 5841 μοναστηρίου,
1443 5774 1574 5842 μηδὲ
1627 5775 1754 5844 κληο

1866 3250 2058 3312 fertur,
2115 3248 2267 3316 culpa
2321 3247 2552 3301 liberare
2602 3249 2959 3314 contendant;
3024 3249 3186 3318 idque
3221 3251 3300 3304 vel
3353 3252 3424 3304 ob

1863 3339 2223 3392 reverentiam
2281 3353 2372 3391 seu
2427 3340 2568 3392 sacri
2621 3341 2828 3392 ordinis
2861 3341 3172 3403 dignitatem
3205 3356 3427 3394 conser-

1866 3430 2118 3488 vandam,
2157 3441 2262 3494 quo
2291 3429 2506 3479 nomine
2548 3431 2628 3482 eis
2656 3429 2859 3482 interea
2911 3430 3171 3498 parcitur,
3227 3447 3292 3483 ne
3319 3448 3422 3498 qua

1863 3533 2014 3569 sacro
2063 3518 2235 3569 ordini
2287 3516 2518 3571 infamia:
2555 3529 2676 3572 nota
2711 3521 2930 3582 haereat,
2965 3521 3042 3573 vel
3074 3535 3140 3574 ne
3188 3523 3422 3576 haeretici

1863 3606 2116 3660 insolenti
2181 3607 2421 3661 vanitate
2470 3611 2790 3673 etl'erantur,
2819 3625 2881 3663 ex
2930 3626 3102 3678 coque
3137 3613 3421 3666 sacerdotii

1865 3694 2245 3746 contemnendi
2306 3710 2493 3749 ansam
2553 3699 2819 3766 aecipiant
2880 3718 2894 3752 :
2953 3714 3127 3768 eoque
3187 3715 3328 3753 anno
3391 3719 3417 3752 ιι

1862 3787 2248 3838 communione
2301 3801 2520 3855 quoque
2578 3791 2852 3842 abstinere
2877 3791 3045 3858 jubet.
3085 3791 3210 3842 Nam
3244 3801 3298 3845 et
3327 3807 3420 3845 eos

1862 3885 2151 3942 prapterea
2219 3891 2394 3929 canon
2463 3879 2616 3931 initio
2669 3881 2944 3934 convictos
2973 3883 3284 3950 appellavit,
3318 3900 3421 3936 non

1861 3965 1985 4032 quia
2047 3966 2333 4020 manifesto
2398 3969 2621 4022 obnoxii
2674 3971 2992 4024 criminibus
3069 3983 3417 4037 tenerentur;

1861 4058 2138 4111 convictos
2190 4058 2333 4111 enim
2365 4074 2520 4125 pmua
2553 4061 2903 4129 depositionis
2932 4063 3074 4116 illico
3120 4074 3302 4117 secuta
3333 4079 3422 4118 es-

1861 4157 1942 4199 set
1979 4162 1992 4198 :
2035 4147 2129 4200 sed
2162 4149 2300 4215 quod
2336 4161 2618 4203 exstarent
2651 4151 2850 4204 indicia
2887 4152 3170 4216 facinoris,
3202 4169 3265 4206 ex
3305 4157 3422 4221 qui-

1862 4236 1961 4288 bus
1999 4238 2193 4292 merito
2222 4241 2618 4294 communionis
2651 4243 2954 4308 privatione
3011 4243 3220 4296 multati
3275 4255 3421 4298 stint.

1862 4325 2004 4392 Ergo
2036 4328 2080 4380 si
2118 4329 2275 4383 unius
2314 4331 2440 4382 anui
2465 4332 2754 4386 intervallo
2788 4333 2912 4386 nulli
2947 4348 3003 4387 se
3037 4335 3204 4402 culpa:
3238 4335 3423 4390 afliues

1863 4433 1982 4472 esse
2015 4421 2376 4488 ostenderint,
2401 4438 2430 4476 a
2459 4423 2622 4476 multa
2647 4439 2859 4494 quoque
2896 4428 3270 4481 liberabuntur
3297 4446 3311 4482 :
3341 4430 3421 4482 sin

1787 4518 1828 4571 ι)
1861 4510 2042 4562 minus
2060 4525 2123 4562 eo
2145 4511 2349 4578 elapso,
2369 4513 2433 4566 ad
2455 4528 2676 4567 causam
2707 4515 2990 4582 agendam,
3017 4517 3099 4570 vel
3123 4518 3170 4569 si
3193 4518 3427 4572 maxime

1865 4599 2050 4662 velint,
2085 4614 2190 4652 non
2226 4601 2601 4656 admittentur.

1853 4689 2088 4742 MtlS'l‘.
2126 4709 2144 4741 ι
2179 4691 2420 4746 Clericus
2437 4695 2665 4748 crimine
2697 4699 3004 4759 convictus,
3037 4714 3080 4753 si
3114 4713 3173 4752 se
3206 4713 3425 4754 causam

1940 4800 1957 4829 ι
1997 4796 2148 4834 suam
2177 4783 2524 4838 defensurum
2550 4786 2710 4850 dicat,
2746 4788 2881 4840 intra
2910 4805 3108 4841 annum
3137 4792 3425 4844 defendat:

1941 4887 1958 4919 ι
1987 4881 2172 4937 postea
2206 4887 2334 4926 vero
2364 4888 2469 4927 non
2501 4876 2842 4932 admittatur.
2876 4897 2894 4930 ι

1933 4959 2262 5015 Criminibus
2290 4975 2576 5018 accusatus
2611 4975 2664 5019 et
2687 4967 2796 5035 jam
2837 4969 3227 5024 condemnatus
3269 4973 3433 5026 cleri~

1861 5065 1982 5112 cus,
2036 5051 2081 5103 si
2129 5052 2307 5104 adhuc
2359 5053 2501 5106 dicat
2535 5070 2594 5109 se
2639 5057 2762 5124 jura
2819 5074 2913 5112 sua
2947 5060 3190 5126 proferre
3243 5077 3428 5128 posse,

1860 5147 1915 5191 et
1946 5140 2180 5205 seipsum
2239 5141 2582 5195 innocentem
2609 5145 2858 5211 probare,
2890 5147 3031 5200 intra
3081 5165 3278 5203 annum
3321 5152 3427 5204 liti-

1861 5246 1987 5296 gare
2021 5231 2178 5285 debet
2215 5250 2228 5285 :
2262 5245 2382 5300 post
2431 5251 2628 5287 annum
2662 5247 2840 5290 autcnt
2902 5241 3044 5292 nulla
3105 5256 3285 5297 causa:
3315 5259 3427 5297 sua

1861 5323 2101 5377 defensio
2156 5325 2490 5389 admittetur,
2527 5329 2618 5380 sed
2661 5341 2922 5397 quantum
2958 5333 3022 5385 ad
3069 5334 3240 5399 ipsum
3275 5335 3426 5398 judi-

1861 5412 2006 5466 cium
2041 5413 2433 5468 condemnatus
2486 5417 2612 5470 erit.
2645 5418 2708 5470 Et
2735 5419 2780 5471 si
2815 5419 2976 5473 vellet
3026 5433 3207 5488 postea
3239 5427 3425 5492 appel-

1860 5501 1996 5566 lare,
2027 5503 2155 5556 illud
2188 5503 2369 5556 faciat.

2348 5601 2579 5654 CANON
2639 5602 2925 5657 LXXXIII.

1866 5707 1883 5738 ι
1938 5688 2002 5742 Ut
2036 5705 2148 5753 eos,
2179 5691 2266 5756 qui
2317 5706 2378 5741 cx
2412 5692 2589 5744 alieno
2627 5697 2956 5750 monasterio
2995 5699 3224 5764 suscepti
3272 5709 3422 5762 sunt,

1939 5800 1954 5832 ι
1989 5799 2083 5834 nec
2136 5783 2477 5836 monasteriis
2535 5785 2833 5853 pricfccws,
2874 5806 2972 5844 nec
3017 5792 3240 5845 clericos
3267 5794 3419 5846 ordi-
