4000 6466
529 440 641 501 295

1793 437 2072 502 ΤΗΕΟῙ).
2115 440 2513 502 BALSAMON

3665 438 3777 502 296

612 579 626 607 ι
667 571 799 610 nare
837 556 1015 610 liceat.
1074 551 1338 608 Similiter
1399 553 1617 622 placuit.
1675 562 1732 606 ut
1792 555 1837 606 si
1887 553 2007 622 quis
2036 567 2098 605 ex

2278 574 2296 604 ι
2347 555 2528 623 ρικοὺς
2555 551 2752 619 ἐξεῖναι
2776 557 3116 624 χειροτονεῖν.
3156 555 3387 624 Ὁμοίως
3408 555 3626 622 ἧρεσεν,
3661 556 3767 609 ἵνα.

614 669 630 700 ι
669 650 847 702 alieno
912 647 1240 699 monasterio
1299 645 1534 713 aliquem
1574 645 1893 712 susceperit,
1925 652 1978 696 et
2011 642 2092 694 vel

617 763 635 793 ε
679 742 742 794 ad
766 739 1074 795 clericatum
1101 740 1386 801 adducere,
1412 740 1494 790 vel
1520 736 1828 790 monasterii
1851 736 1932 789 sui
1961 749 2096 803 prae-

611 854 628 883 ‹
675 832 874 884 fectum
956 827 1293 882 constituere
1355 826 1604 889 voluerit,
1671 826 1974 893 episcopus,
2005 825 2094 890 qui

612 943 628 973 ι
667 923 768 974 hoc
804 919 953 980 facit,
987 933 1017 971 a
1059 918 1394 985 reliquorum
1454 915 1835 970 communione
1871 929 2096 982 separa-

610 1031 628 1063 ‹
671 1023 776 1074 tus,
805 1012 875 1066 sit
895 1012 1008 1064 sola
1038 1009 1120 1062 sui
1145 1007 1323 1076 populi
1355 1007 1736 1060 communione
1759 1015 2046 1061 contentus
2077 1023 2092 1059 :

611 1123 627 1151 ι
662 1102 751 1156 ille
785 1111 964 1155 autem
1013 1113 1113 1152 nec
1141 1097 1374 1152 clericus
1433 1112 1533 1151 nec
1567 1096 1849 1164 praefectus
1883 1111 2097 1166 perma-

607 1210 626 1241 ε
669 1200 812 1244 neat.
846 1209 864 1240 ι

605 1279 802 1335 BALS.
857 1280 1105 1335 Praesens
1178 1294 1351 1334 canon
1416 1279 1568 1348 punit
1619 1278 1950 1348 episcopum,
2006 1276 2097 1346 qui

539 1372 865 1424 monachum
931 1385 996 1436 ex
1049 1371 1224 1422 alieno
1262 1368 1593 1423 monasterio
1623 1368 1869 1436 suscipit,
1898 1376 1951 1422 et
1975 1381 2096 1420 eam

537 1461 592 1514 in
635 1461 816 1515 clerici
867 1461 1094 1529 gradum
1135 1459 1404 1527 provehit,
1432 1458 1516 1511 vel
1571 1457 1624 1511 in
1658 1458 1738 1511 sui
1786 1458 2098 1511 monasterii

539 1549 920 1618 pra'l'ecturatn
962 1566 976 1602 :
1007 1559 1060 1602 et
1094 1548 1358 1617 ejusmodi
1393 1548 1744 1611 monachum,
1778 1548 1868 1615 qui
1900 1548 1952 1599 in
1991 1547 2101 1600 cle-

539 1643 711 1696 ricum
774 1641 1066 1704 admissus,
1099 1639 1180 1691 vel
1218 1639 1383 1692 etiam
1451 1636 1766 1692 monasterii
1815 1635 2101 1706 praefectus

536 1744 750 1789 creatus
809 1741 912 1798 est,
946 1733 1091 1786 clero
1122 1739 1175 1783 et
1227 1729 1548 1799 praefectura
1597 1727 1837 1797 expellit.
1891 1725 1968 1779 Ne
2005 1727 2098 1779 tibi

2271 665 2286 695 ι
2337 645 2431 698 έάν
2480 661 2562 707 τις
2588 646 2696 720 ἀπὸ
2727 645 3006 714 ἀλλοτρίου
3036 648 3402 715 μοναστηρίου
3445 643 3775 714 ὑποδέξηταί

2274 755 2290 784 ι
2335 753 2455 788 τινα
2482 737 2578 788 καὶ
2602 737 2736 806 πρὸς
2764 737 3036 806 κλήρωσιν
3061 738 3432 806 προσαγαγεῖν
3461 736 3713 806 ἐθελήσῃ,
3737 737 3772 805 ἢ

2273 844 2290 875 ι
2340 823 2431 876 τοῦ
2461 823 2591 876 ίδίου
2617 825 2978 894 μοναστηρίου
3018 825 3320 892 ἡγούμενον
3354 824 3713 888 καταστήσοι,
3745 823 3777 871 ὁ

2273 933 2290 965 ι
2332 913 2488 967 τοῦτο
2531 914 2700 966 ποιῶν
2749 915 3067 977 ἐπίσκοπος,
3115 914 3220 964 ἀπὸ
3266 913 3362 976 τῆς
3403 912 3516 964 τῶν
3570 909 3778 962 λοιπῶν

2273 1023 2290 1054 ι
2340 1005 2620 1065 κοινωνίας
2639 1005 3024 1074 χωριζόμενος,
3051 1005 3116 1072 τῇ
3149 1002 3241 1054 τοῦ
3269 1002 3399 1053 ίόίου
3423 1002 3556 1054 λαοῦ
3585 1017 3778 1051 κοινω-

2271 1116 2289 1148 ι
2341 1098 2427 1167 νίᾳ
2456 1099 2696 1168 ἀρκεσθῇ
2719 1099 2855 1170 μόνῃ
2876 1115 2890 1128 ·
2913 1099 3118 1159 δκεῖνος
3134 1098 3189 1151 δὲ
3209 1099 3341 1168 μηδὲ
3359 1097 3620 1166 κληρικὸς
3639 1093 3780 1166 μηδι

2275 1205 2292 1237 ι
2339 1187 2636 1258 ἡγούμενος
2665 1189 2937 1257 empsim;
2974 1209 2991 1239 ι

2271 1278 2468 1331 ΒΑΛΣ.
2527 1279 2585 1332 Ὀ
2630 1279 2823 1349 παρὼν
2862 1279 3041 1332 κανὼν
3082 1279 3298 1339 κολάζει
3341 1280 3435 1332 τὸν
3473 1279 3785 1332 ἐπίσκοπον

2201 1369 2592 1438 ὑποδεχόμενον
2627 1369 2735 1422 ἀπὸ
2777 1370 3059 1441 ἀλλοτρίου
3098 1372 3461 1440 μοναστηρίου
3505 1368 3781 1440 μοναχὸν,

2199 1461 2294 1513 καὶ
2338 1461 2643 1530 προάγοντα
2680 1459 2864 1514 τοῦτον
2902 1462 2982 1523 είς
3027 1461 3230 1530 βαθμὸν
3277 1461 3561 1528 κ).ημκοὺ,
3615 1461 3648 1526 ἢ
3697 1459 3788 1520 ιίς

2200 1551 2557 1620 ήγουμενείαν
2585 1552 2714 1604 ίδίου
2747 1553 3104 1623 μοναστηρίου
3126 1568 3140 1582 ⁸
3175 1554 3268 1605 καὶ
3297 1552 3385 1604 τὸν
3425 1551 3788 1619 κληρωθέντα

2199 1640 2254 1690 δὲ
2279 1639 2519 1692 τοιοῦτον
2558 1640 2809 1708 μοναχὸν,
2835 1640 2866 1709 ἢ
2904 1643 2994 1694 καὶ
3027 1642 3286 1707 γεγονότα
3313 1641 3618 1710 ἡγούμενον
3649 1640 3792 1705 ὲεω-

2202 1727 2285 1780 θεῖ
2316 1727 2410 1780 τοῦ
2446 1728 2648 1796 κλήρου
2688 1729 2782 1780 καὶ
2813 1729 2920 1782 ἀπὸ
2951 1729 3048 1796 τῆς
3089 1731 3466 1798 ήγουμενείας.
3501 1731 3594 1798 Μὴ
3625 1731 3791 1782 ὲναν-

536 1831 715 1876 autem
748 1823 833 1875 his
882 1822 1189 1874 contrarius
1217 1835 1338 1874 esse
1370 1819 1617 1872 videatur
1648 1827 1875 1886 quartus
1927 1832 2098 1870 canon

2224 1818 2368 1886 τιωθῇ
2401 1818 2455 1870 δέ
2491 1835 2572 1870 σοι
2611 1819 2746 1887 πρὸς
2776 1820 2948 1872 ταῦτα
2985 1823 3013 1872 ό
3045 1820 3088 1871 δ’
3120 1821 3297 1873 κανὼν
3336 1821 3434 1886 τῆς
3464 1822 3522 1871 ὲν
3552 1821 3634 1888 τῷ
3666 1821 3791 1889 ναῷ

537 1915 728 1985 synodi
783 1929 902 1982 qua:
953 1915 1004 1964 in
1035 1912 1356 1965 Sanctorum
1393 1909 1777 1978 Apostolorum
1827 1909 1940 1962 :cde
1966 1923 2098 1961 con-

539 2006 726 2058 stituta
752 2013 852 2066 est,
885 2013 1130 2055 statuens
1177 2015 1298 2054 esse
1330 2000 1381 2052 in
1413 2000 1786 2066 episcoporum
1817 2006 2099 2065 potestate,

537 2109 648 2150 non
691 2095 864 2148 solum
910 2092 1202 2145 monachos
1231 2105 1298 2145 ex
1349 2090 1450 2143 hoc
1489 2088 1815 2142 monasterio
1845 2087 1898 2140 in
1958 2086 2101 2139 aliud

535 2186 869 2249 transferre;
906 2186 998 2238 sed
1031 2185 1192 2237 etiam
1224 2196 1318 2236 eos
1363 2180 1712 2234 saecularibus
1740 2179 1944 2233 aedibus
1963 2190 2103 2244 prae-

537 2281 720 2334 ﬁcere.
768 2279 871 2334 Sed
905 2280 1009 2340 die,
1061 2277 1202 2347 quod
1255 2276 1342 2330 hic
1390 2275 1600 2344 quidem
1653 2272 1978 2342 prohibitum
2022 2278 2104 2323 est

539 2371 815 2440 episc0po,
840 2387 903 2424 ex
935 2370 1108 2422 aliena
1141 2369 1359 2437 regione
1402 2366 1725 2419 monachum
1750 2364 2014 2431 recipere,
2049 2368 2103 2414 et

539 2478 661 2516 eum
688 2463 853 2516 etiam
916 2460 1228 2530 prafectum
1277 2459 1360 2513 vel
1420 2459 1678 2513 clericum
1732 2456 2100 2510 constituere:

546 2555 656 2607 illic
689 2563 867 2606 autem
941 2553 1193 2619 episcopo
1227 2549 1546 2618 permissum
1596 2553 1681 2600 est
1714 2561 1743 2599 e
1777 2546 1988 2615 propria
2021 2559 2107 2597 re-

541 2645 701 2712 gione
748 2641 1061 2704 monachos,
1122 2648 1176 2692 et
1225 2639 1293 2692 ab
1329 2639 1434 2692 hoc
1467 2637 1799 2690 monasterio
1853 2636 1904 2688 in
1960 2634 2105 2687 aliud

541 2732 864 2796 transferre,
902 2742 956 2785 et
1013 2732 1066 2784 in
1123 2730 1366 2784 saeculari
1432 2729 1594 2782 etiam
1628 2726 2103 2781 administratione

537 2824 910 2885 constituere;
970 2819 1113 2888 quod
1179 2826 1375 2887 praeter
1446 2825 1681 2870 mentem
1761 2815 2104 2883 propriorum

539 2915 920 2984 episcoporum
985 2911 1099 2963 lieri
1154 2907 1360 2977 nequit.
1410 2906 1656 2961 Praesens
1705 2913 1885 2958 autem
1929 2916 2106 2957 canon

541 3014 668 3058 tunc
727 3002 903 3055 locum
961 2999 1202 3062 habebit,
1272 2996 1493 3066 quando
1541 3011 1606 3049 ex
1664 2993 1839 3047 aliena
1888 2992 2111 3058 regione

545 3091 847 3146 monachus
914 3089 1253 3142 dimissorias
1307 3087 1515 3140 litteras
1566 3083 1804 3152 episcopi
1850 3081 1966 3150 ejus
2000 3095 2106 3134 non

2202 1909 2310 1961 τῶν
2359 1908 2557 1975 Ἀγίων
2607 1909 2941 1962 Ἀποστόλων
2976 1911 3246 1980 συστάσης
3281 1911 3518 1973 συνόδου,
3551 1909 3793 1978 διοριζό-

2206 2014 2363 2066 μενος
2389 1997 2529 2066 ἔχειν
2549 1998 2633 2050 ἐπ’
2661 1999 2842 2061 ἀδείας
2863 1999 2988 2061 τοὺς
3009 2001 3357 2062 ἐπισκόπους,
3389 2001 3462 2068 μὴ
3491 2001 3653 2068 μόνον
3674 2001 3794 2055 ἀπὸ

2203 2089 2362 2157 τῆσδε
2382 2089 2478 2158 τῆς
2509 2090 2671 2158 μονῆς
2701 2091 2958 2158 μετάγειν
2975 2093 3052 2154 είς
3075 2092 3268 2161 ἑτέραν
3303 2092 3466 2161 μονὴν
3489 2095 3790 2162 μοναχοίκ,

2203 2176 2339 2231 ἀλλὰ
2380 2179 2474 2231 καὶ
2525 2183 2604 2242 είς
2647 2181 2927 2248 κοσμικῶν
2969 2183 3153 2235 οῑκιῶν
3202 2183 3538 2251 προστασίαν
3582 2185 3794 2246 αὑτοὺς

2205 2270 2488 2338 καθιστᾷν.
2534 2268 2674 2322 Ἀλλ’
2711 2271 2830 2323 είπὲ
2863 2271 2943 2324 ὅτι
2985 2273 3215 2324 ἐνταῦθα
3247 2275 3344 2340 μὲν
3383 2273 3694 2327 κεκώλυται
3726 2277 3793 2328 τὸ

2203 2360 2312 2411 ἀπὸ
2351 2359 2634 2428 ἀλλοτρίας
2673 2361 2884 2428 ἔνορίας
2917 2362 3392 2431 ἀναλαμϐάνεσθαι
3423 2363 3515 2417 τὸν
3544 2365 3794 2418 ἐπίσκο-

2207 2467 2309 2502 πον
2351 2451 2605 2519 μοναχὸν,
2648 2453 2739 2503 καὶ
2773 2453 3036 2522 καθιστᾷν
3062 2453 3250 2505 τοῦτον
3280 2455 3582 2522 ἡγούμενον
3619 2457 3653 2525 ἢ
3691 2458 3794 2511 καὶ

2207 2538 2468 2608 κληρικὸν
2491 2581 2505 2604 ,
2546 2542 2721 2593 ἐκεῖσε
2752 2542 2807 2593 δὲ
2833 2542 3144 2613 έξεχωρήθη
3173 2545 3251 2612 τῷ
3278 2547 3557 2616 ἒπισκόπῳ
3586 2547 3646 2598 τὸ
3677 2548 3796 2602 ἀπὸ

2205 2631 2304 2698 τῆς
2333 2633 2539 2694 οίκείας
2567 2632 2779 2701 ινορίας
2813 2635 3078 2702 μοναχοὺς
3112 2637 3456 2702 μετατιθέναι
3487 2637 3596 2690 ἀπὸ
3622 2640 3796 2706 τῆσδε

2206 2723 2303 2791 τῆς
2341 2723 2504 2792 μονῆς
2539 2725 2616 2784 είς
2652 2724 2867 2791 ἑτέραν,
2900 2727 2991 2777 καὶ
3029 2726 3107 2787 είς
3136 2728 3411 2796 κοσμικὴν
3446 2730 3800 2798 προστασίαν

2209 2812 2505 2882 καθιστᾷνο
2545 2813 2683 2881 ὅπερ
2715 2815 2866 2882 παρὰ
2897 2814 3124 2883 γνώμην
3156 2817 3265 2868 τῶν
3305 2817 3589 2887 ἐγχωρίων
3664 2822 3798 2872 ἑπι-

2210 2903 2304 2955 σκό
2318 2921 2422 2954 πων
2447 2903 2772 2970 γενέσθαιοὺ
2795 2903 3035 2958 δύναται.
3062 2906 3192 2958 Τότε
3216 2907 3273 2959 δὲ
3300 2908 3368 2960 τὰ
3395 2909 3487 2960 τοῦ
3519 2910 3800 2978 παρόντος

2210 2994 2430 3054 κανόνος
2465 2993 2646 3058 ἕξουσι
2679 2999 2883 3064 χώραν,
2911 2995 3039 3048 ὅταν
3069 2997 3096 3048 ὁ
3128 2997 3235 3048 ἀπὸ
3257 2997 3547 3068 ἀλλοτρίας
3570 3002 3796 3072 ὲνορίας

2216 3085 2447 3154 μοναχὸς
2498 3085 2600 3138 οὑκ
2645 3087 2971 3154 ἐπιφέρηται
3027 3087 3360 3158 ἀπολυτικὴν
3413 3091 3635 3159 γραφὴν
3696 3092 3798 3144 τοῦ

540 3184 717 3238 aﬂ'ert.
745 3183 896 3237 Tunc
927 3181 1070 3235 enim
1093 3180 1229 3235 citra
1257 3177 1700 3244 impedimentum
1732 3173 1820 3225 ﬁet
1853 3172 1903 3224 in
1932 3171 2104 3224 aliena

2224 3176 2512 3226 ἐπισκόπου
2529 3175 2715 3228 αὑτοῦ.
2739 3175 3050 3244 Τηνικαῢτα
3074 3180 3182 3247 γὰρ
3199 3180 3692 3249 ἀπαρεμποδίστως
3713 3183 3802 3244 είς

541 3277 764 3344 regione
821 3271 1137 3327 monasterii
1199 3269 1486 3339 praefectus
1538 3274 1591 3319 et
1678 3263 1925 3316 clericus.
1957 3259 2108 3325 Quod

544 3378 724 3421 autem
768 3366 1004 3419 litbodie
1030 3380 1056 3416 a
1107 3361 1549 3415 monasteriorum
1620 3355 1912 3425 praefectis,
1955 3353 2107 3420 quia

543 3471 601 3509 se
636 3457 895 3509 detonsos
933 3468 1054 3506 cum
1113 3451 1308 3504 litteris
1367 3449 1660 3504 dimittant.
1714 3455 1770 3498 ut
1828 3445 1880 3496 in
1937 3442 2112 3494 alieno

546 3546 877 3598 monasterio
912 3542 1162 3595 monachi
1211 3553 1330 3592 esse
1362 3537 1588 3606 possint,
1625 3551 1730 3588 non
1763 3543 1862 3597 est,
1889 3542 1944 3584 ut
1979 3531 2110 3584 mihi

545 3638 782 3699 videtur,
854 3633 1067 3686 ﬁrmum
1128 3641 1182 3684 et
1241 3638 1580 3682 accuratum.
1634 3626 1795 3694 617
1861 3620 2108 3690 Episcopi

545 3726 689 3779 enim
753 3723 1092 3777 detnissoriis
1141 3721 1312 3788 magis
1349 3734 1484 3784 Opus
1536 3727 1618 3770 est
1649 3718 1721 3779 ei,
1759 3714 1846 3782 qui
1877 3713 2111 3780 migrare

548 3814 812 3877 voluerit;
865 3829 969 3865 non
1024 3821 1202 3864 autem
1258 3806 1568 3861 monasterii
1623 3803 1910 3872 przefecti:
1969 3799 2111 3868 quod

548 3904 820 3973 episcopis
855 3903 1024 3968 magis
1057 3900 1283 3967 subjecti
1339 3907 1466 3950 sunt
1495 3896 1766 3956 monachi,
1800 3906 1959 3958 quam
1991 3905 2114 3943 mo-

549 3994 910 4046 nasteriorum
937 3990 1234 4060 praefectis.
1265 3987 1387 4039 llaec
1416 3995 1596 4038 autem
1627 3984 1806 4036 locum
1837 3981 2114 4033 habebunt

551 4086 604 4137 in
663 4083 874 4136 caeteris
924 4079 1234 4148 episcopis:
1283 4092 1389 4130 non
1444 4084 1623 4128 autem
1683 4073 1734 4125 in
1802 4071 2113 4138 patriarcha

549 4171 1178 4236 Constantinopolitano.
1242 4166 1300 4220 Ei
1358 4166 1524 4230 enim,
1583 4173 1642 4216 ut
1696 4176 1838 4230 saepe
1886 4161 2112 4221 dictum,

555 4261 874 4326 permissum
926 4271 1008 4311 est
1043 4257 1338 4310 monachos
1373 4266 1424 4308 et
1455 4253 1687 4307 clericos
1714 4265 1778 4303 ex
1807 4248 2114 4317 regionibus

549 4349 766 4412 alienis,
824 4363 924 4402 nec
950 4348 1064 4412 ejus
1094 4347 1206 4400 sedi
1260 4343 1480 4396 omnino
1533 4341 1813 4409 subjectis,
1841 4338 2113 4405 accipere.

551 4441 656 4494 Sed
693 4455 797 4492 non
826 4440 1009 4492 itidem
1046 4437 1388 4489 Antiocheno
1418 4433 1635 4495 throno,
1675 4431 1757 4484 vel
1805 4429 2114 4496 Hierosoly-

553 4534 776 4597 ntitano,
819 4533 892 4587 rel
926 4533 1037 4584 alii.

623 4624 876 4680 ZONAR.
924 4624 1265 4684 Monachum,
1299 4622 1387 4691 qui
1432 4635 1458 4673 a
1511 4619 1840 4673 monasterio
1874 4629 1973 4670 suo
2003 4614 2116 4667 dis—

553 4717 798 4778 cesserit,
864 4713 931 4766 ab
977 4714 1082 4766 alio
1137 4713 1327 4780 quatis
1379 4711 1541 4776 recipi
1604 4711 1826 4762 vetitum
1883 4714 1991 4760 est.
2060 4703 2117 4757 Si

555 4803 714 4870 igitur
765 4805 1069 4870 episcOpus,
1108 4802 1307 4868 inquit,
1341 4799 1604 4867 ejusmodi
1656 4795 1980 4850 monachum
2035 4808 2120 4845 re-

557 4896 742 4960 cipiat,
763 4910 992 4962 eumque
1015 4895 1092 4948 vel
1120 4893 1438 4947 monasterii
1467 4891 1774 4958 praefectum
1801 4887 2117 4950 constituat;

2212 3264 2498 3334 ἀλλοτρίαν
2523 3265 2736 3334 ένορίαν
2761 3266 3057 3334 ἡγούμενος
3078 3268 3368 3336 γενήσεται
3391 3272 3484 3322 καὶ
3506 3271 3798 3342 κληρικός.

2212 3356 2285 3406 Τὸ
2311 3356 2492 3423 μέντοι
2517 3357 2752 3424 σήμερον
2788 3359 3068 3425 γινόμενον
3097 3361 3246 3428 παρά
3269 3361 3375 3413 τῶν
3399 3363 3532 3429 ήγου
3543 3363 3806 3430 μενευόν-

2212 3465 2341 3507 των,
2368 3447 2458 3498 καὶ
2477 3447 2816 3499 ἀπολυόντων
2833 3449 2966 3515 μετά
2986 3452 3201 3519 γραφῆς
3216 3451 3339 3512 τοὺς
3357 3451 3447 3502 ὑπ’
3464 3453 3645 3503 αὐτῶν
3662 3453 3807 3506 ἀπο·

2213 3536 2503 3603 καρέντας,
2528 3535 2666 3587 ὥστε
2704 3539 2930 3604 μονὰσαι
2960 3541 3038 3600 είς
3067 3540 3258 3607 ἑτέραν
3286 3540 3471 3608 μονὴν,
3489 3542 3591 3594 οὑκ
3629 3542 3804 3607 ἔστιν,

2215 3625 2288 3684 ὡς
2344 3627 2468 3692 ἐμοὶ
2502 3625 2680 3688 δοκεῖ,
2711 3627 2955 3694 ἀκριϐές.
3008 3628 3403 3695 Ἐπισκοπικῆς
3443 3633 3551 3700 γάρ
3599 3633 3808 3700 μᾶλλον

2215 3713 2561 3780 ἀπολυτικῆς
2588 3714 2806 3783 γραφῆς
2829 3714 2983 3782 χρεία
3005 3716 3082 3783 τῷ
3107 3720 3430 3784 μεταπεσεῖν
3456 3718 3802 3789 βουλομένῳ,

2216 3805 2335 3874 οὑχ).
2362 3806 2456 3874 τῆς
2480 3805 2571 3856 τοῦ
2599 3806 3054 3874 ήγουμενεὺοντος
3073 3823 3086 3836 ο
3113 3807 3193 3858 ὅτι
3217 3807 3307 3857 καὶ
3335 3810 3444 3868 τοῖς
3473 3809 3806 3873 ἐπισκόποις

2221 3897 2417 3963 μᾶλλον
2467 3897 2779 3949 ὑπόκεινται
2829 3897 2880 3948 oi
2929 3896 3226 3965 μοναχοὶῆ
3279 3899 3391 3958 τοῖς
3449 3899 3804 3967 ἡγουμένοις.

2216 3987 2399 4039 Ταῦτα
2435 3986 2492 4038 δὲ
2528 3989 2894 4054 κρατήσουσιν
2928 3989 3006 4046 είς
3045 3988 3172 4044 τοὺς
3205 3987 3399 4048 ἄλλους
3429 3989 3765 4049 ἐπισκόπους
3787 4005 3805 4021 ο

2215 4077 2275 4128 οὑ
2307 4076 2410 4145 μὴν
2441 4077 2534 4127 καὶ
2560 4079 2638 4138 είς
2666 4075 2755 4127 τόν
2778 4077 3127 4146 πατριάρχην
3149 4077 3809 4140 Κωνσταντινουπόλεως.

2215 4165 2375 4233 Αὑτῷ
2404 4166 2512 4235 γὰρ
2534 4203 2548 4227 ,
2579 4165 2652 4228 ὡς
2675 4165 2935 4226 πολλάκις
2969 4165 3219 4234 εῐρηται,
3258 4166 3471 4235 ἐνεδόθη
3508 4169 3616 4219 ἀπὸ
3647 4170 3813 4221 ἀλλο-

2215 4254 2381 4324 τρίων
2406 4255 2628 4324 ένοριῶν
2659 4255 3157 4324 ἁπαρεμποδίστως.
3173 4253 3421 4321 δέχεσθαι
3448 4257 3722 4324 μοναχούς
3747 4274 3810 4310 τε

2218 4348 2311 4398 καὶ
2353 4345 2648 4413 κληρικοὺς
2672 4386 2686 4409 ,
2716 4347 2814 4413 οὑχ
2855 4346 3240 4413 ὑποκειμένους
3269 4347 3489 4407 πάντως
3514 4347 3594 4414 τῷ
3626 4347 3812 4417 θρόνῳ

2217 4432 2402 4486 αὑτοῦ.
2435 4437 2508 4486 Οὑ
2548 4434 2652 4502 μὴν
2687 4438 2780 4487 καὶ
2812 4436 2888 4502 τῷ
2919 4435 3092 4503 θρόνῳ
3131 4433 3224 4486 τοῦ
3268 4435 3626 4504 Ἀντιοχείας,
3650 4439 3683 4507 ἢ
3710 4441 3812 4491 τοῦ

2149 4518 2191 4572 D
2230 4523 2638 4592 Ἱεροσολύμων,
2669 4525 2701 4593 ἢ
2732 4524 2914 4577 ἄλλου.

2288 4611 2532 4666 ΖΩΝΑΡ.
2587 4613 2716 4664 Ἀπὸ
2760 4613 3120 4683 μοναστηρίου
3155 4615 3589 4684 ὑποχωρήσαντα
3639 4635 3816 4687 μοναο

2220 4703 2312 4771 χὸν
2365 4701 2612 4770 δέχεσθαι
2664 4705 2791 4772 παρ’
2834 4703 3023 4772 ἑτέρου
3077 4705 3477 4774 ἀπηγόρευται.
3539 4707 3671 4759 Ἐὰν
3715 4710 3817 4761 οὖν

2221 4792 2517 4853 ἐπίσκοπος
2539 4831 2552 4854 ,
2595 4794 2758 4860 φησὶ,
2796 4793 3036 4843 τοιοῦτον
3073 4792 3294 4863 δέξηται
3329 4796 3566 4864 μοναχὸν
3588 4835 3603 4859 ,
3643 4801 3739 4850 καὶ
3778 4801 3814 4868 ἢ

2222 4882 2482 4950 κληρικὸν
2515 4883 2672 4934 αὑτὸν
2705 4884 3054 4954 χειροτονήσῃ
3074 4923 3088 4945 ,
3121 4885 3154 4952 ἢ
3196 4887 3498 4954 ἡγούμενον
3535 4906 3823 4959 μοναστη-

559 4987 848 5051 episc0pus
876 4984 1087 5052 qﬂdem
1137 4983 1364 5036 aliorum
1403 4979 1676 5033 consortio
1703 4978 1980 5038 exclusus,
2011 4976 2108 5029 sol:

2227 4976 2342 5044 ρίου
2373 4975 2592 5043 ποιήσῃ,
2622 4977 2648 5024 ό
2678 4974 2774 5041 μὲν
2803 4974 3098 5036 ἐπίσκοπος
3125 4975 3276 5029 ἔσται
3298 4980 3364 5046 τῇ
3393 4977 3486 5028 τοῦ
3515 4978 3649 5029 ίδίου
3679 4979 3818 5030 λαοῦ

560 5077 742 5144 papuli
776 5077 856 5129 sui
890 5077 1274 5129 communione
1323 5081 1608 5127 contentus
1641 5071 1744 5123 erit
1776 5086 1790 5121 :
1826 5069 2108 5121 monacho!

2230 5067 2386 5135 μόνου
2415 5065 2667 5134 κο.νωνία
2690 5065 3050 5134 ἀρκούμενος,
3076 5067 3277 5134 ἐτέρων
3302 5068 3451 5134 αὑτῷ
3481 5070 3556 5136 μὴ
3587 5085 3818 5135 συγκοι-

563 5180 691 5218 vero
714 5175 766 5218 et
795 5180 824 5216 e
852 5165 1000 5218 clero
1029 5166 1279 5234 ejicietur
1325 5172 1379 5216 et
1408 5160 1744 5230 praefectura
1780 5161 1947 5226 gradu
1973 5159 2122 5211 exci-

567 5259 678 5309 det.

2226 5155 2535 5207 νωνούντων
2563 5171 2575 5183 ·
2620 5156 2648 5205 ό
2676 5154 2730 5205 δὲ
2765 5158 2994 5225 μοναχὸς
3043 5158 3133 5208 καὶ
3183 5156 3276 5208 τοῦ
3317 5157 3521 5225 κλήρου
3569 5160 3669 5212 καὶ
3713 5162 3820 5230 τῆς

2229 5247 2584 5314 ήγουμενείας
2617 5247 2948 5300 ἐκπεσεῖται.

566 5347 798 5402 ARIST.
845 5366 863 5398 ι
925 5348 1025 5414 Qui
1083 5349 1388 5416 quempiam
1439 5366 1503 5404 ex
1561 5349 1738 5402 alieno
1801 5340 2108 5396 monasterit

2228 5337 2447 5388 ΔΡΙΣΤ.
2495 5354 2512 5386 ι
2571 5335 2632 5389 Ὀ
2689 5338 2746 5401 ἐξ
2783 5335 3068 5406 ἀλλοτρίας
3116 5336 3236 5388 τινὰ
3279 5336 3446 5405 μονῆς
3486 5337 3820 5407 δεχόμενος,

645 5457 662 5488 ι
707 5439 954 5506 suscipit,
981 5439 1024 5490 si
1056 5452 1176 5490 eum
1213 5439 1281 5490 ad
1326 5439 1639 5492 clericatum
1677 5441 2013 5505 provnoveat,
2039 5437 2129 5482 aut

645 5549 661 5578 ι
695 5544 792 5581 suo
817 5528 1073 5598 prmiiciat
1121 5530 1468 5592 monasterio,
1501 5529 1725 5582 aliorum
1751 5525 2129 5580 communione

648 5637 664 5668 ι
706 5632 962 5686 privetur.
1007 5637 1026 5670 ι

658 5707 907 5763 Monachi
950 5711 1185 5778 regionis
1232 5710 1484 5777 episcopo
1512 5709 1704 5778 subjici
1742 5708 1956 5768 debent,
1986 5714 2036 5757 et
2067 5703 2122 5755 in

577 5804 946 5868 monasteriis,
983 5807 1035 5856 in
1066 5805 1260 5873 quibus
1295 5803 1537 5858 collocati
1572 5812 1721 5867 sunt,
1759 5811 2128 5870 perseverare,

2309 5446 2328 5479 ι
2375 5430 2468 5480 ἐὰν
2496 5426 2620 5494 ἄγοι
2651 5428 2837 5479 τοῦτον
2862 5428 2938 5486 είς
2967 5428 3262 5496 κλήρωσιν,
3293 5427 3324 5496 ἦ
3353 5429 3454 5495 τῆς
3483 5430 3691 5490 οίκείας
3721 5447 3824 5498 μο-

2309 5538 2326 5570 ι
2371 5521 2466 5588 νῆς
2499 5520 2819 5588 ἡγούμενον,
2853 5518 2964 5583 ἕξει
3000 5518 3062 5569 τὸ
3096 5518 3486 5588 ἀκοινώνητον.

2304 5700 2368 5752 ΟΞ
2412 5698 2632 5768 μοναχοὶ
2672 5698 2748 5768 τῷ
2784 5698 2923 5750 κατὰ
2959 5697 3142 5767 χώραν
3180 5700 3466 5766 ὲπισκόπῳ
3503 5699 3823 5765 ὀφείλουσιν

2238 5795 2661 5859 ὑποτάσσεσθαι,
2706 5796 2797 5847 καὶ
2837 5797 3271 5865 προσκαρτερεῖν
3301 5797 3358 5847 ἐν
3389 5798 3502 5855 τοῖς
3541 5809 3824 5862 μοναστη·
