4000 6452
559 360 662 421 299

561 470 825 530 liberatis.
852 467 976 523 "me
1006 469 1147 522 enim
1176 466 1392 520 novella
1430 465 1494 519 de
1524 464 1653 520 solis
1680 463 1833 518 laieis
1861 462 2117 529 loquitur,
2150 463 2197 519 Α

559 578 615 622 et
646 568 697 620 in
731 566 795 619 iis
829 563 1113 623 vim_suam
1164 559 1411 613 obtinere
1453 558 1647 621 debet;
1684 558 1824 609 sicut
1866 553 2118 621 praedicta

561 653 853 712 Iustiniani
882 651 1090 704 novella
1123 650 1300 702 locum
1332 650 1494 703 habet
1544 649 1594 701 in
1624 643 1893 716 episc0pis
1931 651 1979 696 et
2013 643 2123 696 ele-

562 750 713 811 ricis,
748 744 837 812 qui
869 741 1104 795 intestati
1138 741 1465 794 moriuntur.

632 921 887 979 ZONAh.
945 920 1397 986 Quadragesimus
1500 919 1863 986 apostolorum
1896 930 2067 970 canon
2107 933 2119 969 :

573 1014 901 1075 Manifesta),
925 1011 1120 1079 inquit,
1151 1011 1257 1061 sint
1282 1010 1521 1077 episcOpi
1556 1025 1639 1063 res
1673 1010 1923 1079 proprim,
1959 1008 2125 1060 mani-

564 1106 712 1159 festaa
761 1115 812 1157 et
865 1100 1148 1154 dominicae
1168 1117 1194 1179 ⁸;
1228 1108 1284 1150 ut
1315 1100 1385 1151 sit
1437 1099 1490 1152 in
1528 1109 1793 1167 potestate
1848 1098 2125 1151 morientis

564 1194 801 1263 episcopi
839 1191 1079 1261 propria,
1115 1190 1311 1257 quibus
1340 1188 1474 1250 vult.
1519 1189 1843 1256 relinquere.
1874 1192 1985 1243 Non
2014 1192 2125 1243 dis-

566 1287 766 1341 similia
823 1281 1077 1335 Antioch.
1129 1295 1247 1349 syn.
1281 1295 1405 1333 can.
1458 1280 1527 1334 24
1562 1282 1929 1334 continentur.
1991 1282 2125 1336 lliuc

566 1380 733 1445 igitur
796 1375 919 1426 licet
977 1372 1230 1438 episcopo
1265 1385 1351 1423 res
1388 1385 1513 1423 suas
1560 1372 1975 1438 quiliuscuuque
2003 1372 2127 1424 velit

566 1467 893 1531 relinquere,
952 1462 1112 1511 modo
1162 1458 1348 1511 ﬁdeles
1401 1459 1510 1511 sint
1552 1467 1606 1510 et
1656 1461 1985 1524 orthodoxi;
2022 1476 2123 1513 non

571 1566 750 1611 autem
806 1549 1109 1605 inﬁdelibus
1140 1560 1193 1601 et
1255 1547 1547 1609 haereticis,
1600 1550 1762 1601 etiam
1803 1554 2125 1617 cognatione

571 1641 897 1709 conjunctis.
931 1638 1085 1703 Quod
1119 1636 1163 1689 si
1195 1636 1433 1688 moriens
1456 1637 1687 1704 aliquem
1722 1652 1787 1690 ex
1818 1638 1923 1691 illis
1955 1641 2124 1692 haere-

570 1736 691 1788 dem
722 1730 1023 1798 scripserit,
1056 1730 1102 1783 is
1132 1726 1345 1795 quidem
1381 1726 1550 1779 etiam
1587 1737 1707 1794 post
1735 1737 1962 1781 mortem
1992 1743 2121 1781 ana-

570 1763 691 1788 ucul
722 1763 1023 1798 διιιιμοειη,
1058 1763 1102 1783 Ia
1132 1763 1345 1795 tiu-umn-
1381 1763 1550 1779 υιισιιη
1588 1763 1707 1794 rvat
1736 1763 1962 1781 ιιιιιιιιιι-
1992 1763 2121 1781 αισα*

568 1827 801 1877 themate
832 1807 1153 1889 percutitur,
1202 1816 1426 1884 ejusque
1459 1831 1657 1871 nomen
1708 1832 1738 1869 e
1781 1818 2123 1871 sacerdOtum
2154 1763 2200 1822 Β

565 1916 719 1969 iustis
745 1922 799 1966 et
838 1911 1098 1965 memoria
1159 1910 1444 1964 eximitur.
1498 1910 1671 1977 Atque
1707 1912 1823 1965 haec
1881 1912 2122 1979 quidem,

565 2008 821 2073 episcopo
848 2000 1217 2054 baereditatem
1276 1999 1549 2055 hmreticis
1572 2000 1804 2070 legante.
1842 2002 1922 2055 sic
1957 2003 2126 2056 habe-

567 2101 718 2149 hunt.
756 2091 885 2157 Quae
914 2104 1046 2142 vero
1092 2089 1143 2142 in
1176 2105 1384 2143 canone
1417 2090 1668 2156 deinceps
1720 2100 2039 2160 sequuntur,
2066 2106 2126 2145 ea

570 2199 669 2238 nec
701 2181 986 2250 explicari,
1026 2192 1123 2231 nec
1152 2179 1381 2247 intelligi
1408 2180 1566 2233 facile
1598 2192 1841 2247 possunt.
1877 2182 2129 2235 Arbitror

575 2285 754 2327 tamen
804 2269 1018 2323 illorum
1056 2268 1193 2319 hanc
1244 2281 1365 2320 esse
1399 2270 1755 2335 sententiam;
1792 2272 2045 2324 nimirum
2080 2270 2127 2325 si

574 2365 721 2417 nullo
778 2362 920 2414 facto
965 2367 1287 2413 testamento
1341 2359 1626 2426 episc0pus
1684 2362 1966 2424 moriatur,
1998 2362 2128 2414 nihil

572 2453 940 2510 excusationis
1000 2453 1118 2518 eius
1154 2450 1457 2503 successori
1491 2450 1736 2501 relictum
1769 2451 1856 2512 iri,
1902 2451 2004 2503 nisi
2041 2466 2126 2503 re-

570 2560 690 2599 rum
739 2543 906 2610 ipsius
959 2538 1298 2607 propriarum
1327 2538 1763 2605 procurationem
1800 2540 1902 2591 rite
1957 2541 2129 2593 su'scio

576 2640 708 2706 fiat.
747 2635 827 2686 Ab
862 2647 928 2685 eo
959 2645 1212 2699 namque,
1248 2640 1297 2680 ut
1334 2628 1571 2696 episcopi
1602 2628 1864 2681 demortui
1900 2627 2128 2681 faculta-

578 2737 689 2778 tum
741 2721 1173 2792 procurationem
1230 2719 1515 2785 suscipiat,
1572 2719 1744 2783 deque
1776 2719 1903 2783 illis,
1939 2734 2034 2784 pro
2067 2733 2127 2770 ea

571 2832 734 2887 quam
766 2814 935 2868 edidit
960 2810 1247 2864 voluntatis
1277 2823 1387 2861 sna:
1419 2806 1772 2873 professione,
1809 2809 2125 2872 eonStiiuat,

570 2907 892 2979 postulatur.
952 2900 1210 2965 Quisquis
1260 2899 1402 2949 enim
1441 2898 1724 2965 cpiscopus
1758 2899 2126 2962 renuntiatur,

572 3014 809 3055 rationes
871 3010 928 3050 se
990 3004 1327 3047 servaturum
1384 3002 1502 3041 esse
1536 2988 1837 3055 proﬁtetur.
1880 2987 2129 3041 Canones

575 3105 703 3145 τοῖο
755 3084 1089 3156 paupertatis
1149 3088 1442 3141 amantem,
1483 3078 1824 3146 hospitalem,
1870 3078 2130 3145 pecunia.
2159 3089 2201 3145 ρ

576 3194 697 3235 rum
727 3182 1151 3240 contemptorem
1180 3170 1490 3236 episcopum
1533 3182 1652 3220 esse
1692 3169 1901 3234 jubent.
1932 3168 2131 3221 Cente-

573 3271 709 3322 sima
755 3276 915 3332 porro
974 3259 1246 3311 tricesima
1286 3258 1458 3323 prima
1518 3256 1723 3307 novella
1758 3256 1849 3307 lib.
1880 3271 1928 3317 ν,
1962 3258 2047 3309 lit.
2078 3259 2130 3316 5.

575 3376 694 3427 cap.
731 3357 822 3419 10,
873 3352 1086 3406 Basilio.
1140 3349 1265 3408 sita,
1307 3347 1349 3398 si
1392 3346 1483 3413 qui
1543 3346 1779 3415 episcopi
1837 3355 1891 3398 et
1951 3347 2130 3398 clerici

575 3449 723 3505 nullo
778 3446 922 3498 facto
978 3447 1299 3493 testamento
1352 3435 1707 3496 decesserint,
1779 3447 1951 3500 neque
2010 3433 2133 3501 Ιιιειι

577 3546 714 3597 imos
771 3543 1112 3591 successores
1172 3525 1477 3588 habuerint,
1538 3525 1601 3575 ad
1669 3523 1952 3586 ecclesias,
2002 3538 2135 3591 quas

578 3640 702 3685 ante
762 3624 1127 3681 obtinuerant,
1188 3613 1556 3668 limreditatem
1625 3614 1898 3682 pertinere
1952 3614 2136 3666 decer-

575 3731 739 3773 ttllttt’.

576 3802 799 3864 ARIST.
852 3820 869 3852 ι
907 3799 1235 3867 Episcopus,
1269 3794 1360 3860 qui
1420 3793 1700 3846 haereticos
1752 3802 1845 3846 aut
1891 3794 2137 3848 ethnicos

844 3910 860 3941 ι
900 3889 1139 3943 liaeredes
1166 3883 1375 3947 scribit,
1409 3883 1478 3935 sit
1508 3882 1814 3934 anathema.
1852 3901 1869 3931 ι

651 3988 716 4040 ili
742 3984 906 4040 etiam
940 3995 967 4032 a
1013 3976 1222 4043 legibus
1254 3973 1614 4041 prohibentur
1643 3970 2051 4034 administrare,
2086 3981 2139 4026 et

580 4098 607 4134 a
642 4082 968 4132 testamento
1037 4067 1406 4121 lunreditatem
1449 4072 1541 4115 aut
1596 4063 1828 4130 legatum
1869 4064 2135 4132 accipere.

585 4166 777 4222 Rclicti
806 4165 988 4230 itaque
1017 4160 1083 4211 ab
1116 4156 1371 4223 episcopo
1398 4152 1660 4215 han-edes,
1706 4150 1839 4204 nihil
1872 4152 1973 4219 ipsi
2008 4154 2138 4205 lucri

586 4258 895 4325 accipient;
930 4250 1022 4303 sed
1054 4248 1329 4315 publicum
1355 4258 1471 4309 qua:
1509 4244 1576 4295 iis
1616 4242 1994 4309 relinquuntur
2012 4244 2144 4296 reei-

587 4349 697 4418 piet
730 4363 744 4401 :
785 4344 875 4412 qui
910 4354 1007 4393 eos
1065 4345 1241 4390 autem
1277 4334 1519 4387 scribunt
1546 4331 1811 4395 haredes,
1846 4342 2007 4385 erunt
2035 4334 2144 4386 lia:-

586 4437 739 4491 redes
772 4425 1154 4485 anathematis.

1100 4513 1323 4569 CANON
1367 4510 1551 4566 LXXX
1564 4510 1625 4565 V.

596 4644 717 4695 «De
782 4627 1318 4691 manumissionibus.
1396 4626 1657 4680 Similiter
1720 4625 1933 4692 placuit,
1993 4635 2050 4678 ut
2083 4625 2147 4677 de

664 4752 680 4782 ι
722 4720 1257 4781 manumissionibus,
1309 4732 1427 4783 quin
1477 4716 1607 4767 tiunt
1666 4715 1717 4766 in
1781 4715 2030 4777 ecclesia,
2081 4716 2147 4767 ab

669 4842 684 4871 ι
720 4818 1051 4879 imperatore
1083 4817 1315 4876 petatur.
1354 4829 1372 4857 ι

662 4906 860 4961 BALS.
894 4903 1068 4963 Servi,
1099 4908 1315 4967 propter
1343 4901 1550 4965 aliquas
1574 4911 1769 4949 causas
1796 4896 1857 4946 ad
1892 4894 2150 4947 ecclesias

592 4999 937 5055 accedentes,
994 4990 1287 5058 episcopali
1354 4988 1661 5056 cognitione
1695 4984 2149 5037 manumittebau-

597 5106 701 5144 tur.
736 5085 839 5140 Sed
876 5083 997 5151 quia
1046 5096 1231 5133 eorum
1284 5077 1485 5129 domini
1547 5077 1691 5143 ipsos
1735 5076 1785 5128 in
1836 5074 2150 5127 servitutem

601 5182 845 5245 redigere
893 5172 1252 5235 conabantur,
1304 5170 1473 5220 visum
1504 5176 1609 5229 est,
1641 5177 1702 5218 ut
1764 5165 2057 5231 imperator
2085 5168 2152 5216 de

606 5274 671 5322 iis
704 5268 1103 5323 admoneretur,
1140 5270 1199 5313 ut
1255 5260 1633 5327 repiinicretur
1683 5256 2024 5309 dominorum
2058 5271 2152 5321 po-

602 5357 790 5411 tentia.
826 5355 997 5419 Atque
1043 5354 1095 5402 in
1161 5349 1246 5401 bis
1284 5348 1497 5415 quidem
1551 5344 1799 5397 consistit
1844 5357 2038 5396 canon.
2075 5341 2153 5393 Tu

601 5456 776 5496 autem
834 5443 996 5503 scias,
1054 5438 1194 5506 quod
1260 5450 1324 5488 ex
1388 5435 1523 5486 libro
1564 5433 1841 5486 recondito
1890 5434 1943 5485 in
1999 5432 2154 5499 primi

599 5532 894 5587 defensoris
916 5540 1147 5589 secreto,
1174 5528 1261 5593 qui
1292 5527 1453 5578 habet
1480 5540 1540 5577 ea
1572 5538 1687 5591 quae
1707 5539 1732 5574 a
1758 5524 1901 5576 claro
1924 5524 2153 5575 sanctis-

600 5632 745 5682 sima:
808 5627 1004 5692 Magna:
1038 5623 1292 5676 Ecclesia:
1321 5629 1661 5674 exstructorc
1715 5619 2041 5684 imperatore
2066 5616 2157 5670 Ju-

600 5721 832 5773 stinimo
864 5725 1056 5767 statuta
1099 5724 1247 5779 sunt,
1288 5712 1450 5765 multa
1482 5710 1685 5763 habent
1729 5708 2025 5777 privilegia,
2064 5710 2153 5777 qui

1826 349 2097 412 TliEOl).
2146 346 2238 404 BA
2252 343 2548 403 LSAMUN’

3701 332 3809 395 300

2226 459 2411 527 μάτων
2445 454 2538 506 τοῦ
2569 451 3008 519 τελευτήσαντος,
3029 448 3101 508 ὡς
3130 442 3462 499 ἀπεντεῦθεν
3487 441 3809 511 ἐλευθερουα

2227 551 2425 618 μένων.
2459 546 2527 597 Ἢ
2555 545 2660 613 γὰρ
2688 540 2857 612 νεαρά
2878 539 3017 605 αὕτη
3044 540 3120 599 εἰς
3151 538 3275 597 τοὺς
3319 533 3543 593 λαῖκοῦς
3601 530 3799 597 ἐξεφω-

2224 639 2360 708 νήθη
2382 637 2477 690 καὶ⁵
2507 635 2719 703 μόνους,
2772 633 2865 684 καὶ
2908 628 3111 696 ό-ρείλει
3164 627 3386 695 κρατεῖν
3430 626 3510 685 εἰς
3568 620 3809 680 τούτους,

2224 730 2413 798 ὥσπερ
2442 728 2520 787 είς
2554 728 2675 787 τοὺς
2700 722 3013 780 ἀδιαθέτους
3063 717 3392 775 ἐπισκόπους
3460 713 3554 764 καὶ
3618 710 3816 779 κληρι-

2225 821 2353 881 κους
2377 816 2719 886 ἐνεργήσειὴ
2762 813 2988 882 ῥηθεῖσι
3034 806 3465 866 Ἰουστινιάνειος
3508 801 3701 869 νεαρά.

2300 909 2544 966 ΖΩΝΔΡ.
2594 909 2654 959 '0
2683 900 3113 973 τεσσαρακοστδς
3144 899 3253 950 τῶν
3279 898 3448 964 ἀγίων
3493 891 3815 945 ἀποστόλων

2228 1004 2427 1066 κανὼν,
2471 1000 2674 1063 Ἔστω,
2710 998 2866 1063 φησὶ,
2890 991 3097 1061 φανερά
3120 989 3191 1041 τὰ
3239 989 3343 1040 ἴδια
3382 986 3477 1037 τοῦ
3506 980 3815 1036 ἐπισκόπου

2229 1097 2548 1166 πράγματα,
2598 1088 2689 1142 καὶ
2750 1085 2961 1154 φανερὰ
3006 1084 3075 1134 τὰ
3136 1078 3410 1148 κυριακάο
3444 1076 3511 1128 ἶν’
3563 1072 3816 1137 ἐξουσίαν

2227 1162 2688 1255 ἔέῃόέπίσκοπος
2716 1176 2996 1237 τελευτῶν,
3053 1167 3133 1233 οἷς
3184 1168 3431 1237 βούλεται
3485 1162 3820 1228 καταλεῖψαι

2349 1274 2469 1325 ἴδια.
2521 1271 2601 1322 Τὰ
2659 1269 2821 1335 ὅμοια
2863 1265 2919 1316 δὲ
2972 1264 3067 1315 κα)⁸
3105 1265 3131 1313 6
3156 1258 3233 1312 κδ’
3263 1258 3359 1326 τῆς
3391 1258 3449 1307 ἐν
3512 1252 3823 1321 Ἀντιοχείᾳ

2230 1365 2445 1416 συνόδου
2494 1359 2671 1413 κανὼν
2728 1357 3085 1409 διατάττεται.
3150 1351 3300 1417 Ἔχει
3351 1345 3483 1413 γοῦν
3515 1346 3580 1395 ἐκ
3609 1344 3824 1395 τούτων

2227 1457 2410 1509 ἄδειαν
2437 1456 2464 1505 6
2504 1452 2799 1511 ἐπίσκοπος
2832 1447 2901 1498 τὰ
2951 1441 3147 1496 ἐαυτοῦ
3195 1441 3499 1509 πράγματα
3540 1432 3823 1500 καταλιμ-

2229 1549 2415 1599 πάνειν
2440 1540 2519 1604 οἷς
2550 1541 2819 1611 βούλεται,
2863 1537 3071 1596 πιστοῖς
3118 1533 3299 1602 μέντοι
3344 1530 3436 1582 καὶ
3487 1524 3822 1595 όρθοδόξοις,

2227 1640 2287 1690 οὑ
2325 1638 2429 1705 μὴν
2459 1630 2816 1703 αἱρετικοῖςῆ
2848 1627 3115 1688 ἀπίστοις,
3158 1623 3275 1676 ἀλλ’
3322 1620 3445 1673 ούδέ
3487 1615 3828 1683 συγγενέσιν

2229 1728 2390 1782 αὑτοῦ
2423 1725 2705 1783 τοιούτοις.
2742 1722 2801 1772 Εἰ
2835 1720 2890 1771 δὲ
2922 1717 3190 1776 τοιούτους
3224 1713 3375 1771 τινὰς
3426 1708 3820 1776 κληρονόμους

2228 1818 2494 1873 τελευτῶν
2545 1814 2765 1885 γράψει,
2820 1813 3023 1870 ἐκεῖνος
3072 1806 3167 1874 μὲν
3232 1804 3321 1856 καὶ
3393 1798 3533 1869 μετά
3586 1796 3828 1850 θάνατον

2228 1909 2704 1977 ἁναθεματίζεται,
2730 1904 2823 1956 καὶ
2850 1902 2909 1952 τὸ
2939 1900 3106 1967 ὄνομα
3136 1893 3301 1949 αὑτοῦ
3346 1896 3408 1944 ἐκ
3449 1891 3550 1957 τῆς
3592 1885 3833 1955 μνήμης

2228 2003 2335 2057 τῶν
2357 1975 2545 2068 ίε-ρέων
2576 1994 2955 2059 ἀπαλείφεται.
3000 1988 3184 2042 Ταῦτα
3236 1984 3352 2053 μὲν,
3396 1982 3445 2032 εί
3494 1975 3829 2042 διαθέμενος

2229 2062 2536 2162 αἱρετικοὺς
2570 2084 2884 2151 καταλείψει
2918 2076 3283 2148 κληρονόμους
3307 2088 3323 2105 ο
3378 2072 3436 2123 τὸ
3466 2069 3511 2121 δ’
3551 2066 3682 2133 ἑξῆς
3720 2062 3826 2162 τοῦ

2231 2147 2449 2240 κανόνος
2477 2147 2819 2244 δύσφραστόν
2840 2172 2974 2227 ἐστι,
2999 2162 3295 2248 κάντεῦθεν
3348 2157 3661 2224 δυσνόητον.
3718 2147 3827 2203 Οἷ-

2233 2282 2329 2335 μαι
2357 2264 2412 2315 δέ
2435 2239 2633 2327 λέγειν
2664 2260 2767 2319 ὅτι,
2804 2257 2895 2307 ἐὰν
2926 2239 3205 2311 eadem);
3253 2245 3555 2312 τελευτήσῃ
3607 2244 3635 2292 6
3699 2239 3827 2288 ἐπί-

2231 2333 2449 2417 σκοπος,
2484 2350 2882 2418 ἀναπολόγητος
2908 2346 3057 2397 ἐσται
3086 2344 3117 2394 6
3156 2339 3273 2409 μετ’
3301 2336 3464 2390 αὑτὸν
3517 2333 3829 2389 ἐπίσκοπος

2230 2447 2525 2515 ἀπολογίας
2555 2440 2933 2512 στερούμενος,
2967 2439 3015 2488 εἰ
3049 2437 3123 2504 μὴ
3146 2429 3519 2498 οἰκοινομήσει
3565 2424 3636 2477 τὰ
3671 2421 3826 2474 ῐδικὰ

2230 2510 2746 2603 αὐτοῦνπρὰγματα
2795 2530 3037 2589 εἰκότως,
3090 2527 3212 2576 ἐπε)⁵
3255 2519 3458 2587 ὀφείλει
3514 2513 3606 2566 καὶ
3657 2510 3826 2579 χρέος

2228 2630 2339 2697 ἔχει
2396 2626 2492 2694 τὴν
2542 2622 2895 2679 διατύπωσιν,
2949 2619 3115 2684 ἤγουν
3178 2612 3275 2680 τὴν
3339 2603 3655 2672 οἰκονομίαν
3710 2598 3829 2650 τῶν

2230 2690 2570 2789 πραγματων
2590 2713 2681 2765 τοῦ
2714 2710 3134 2776 τελευτήσαντος
3186 2701 3487 2754 ἐπισκόπου
3548 2690 3831 2763 ἀρμοδίαν

2230 2783 2474 2878 ποιῆσαι,
2505 2807 2621 2874 ἢτοι
2646 2802 2801 2865 ἀξίαν
2827 2799 2920 2852 τοῦ
2954 2795 3370 2863 ἐπαγγέλματος
3392 2787 3580 2841 αὑτοῦ.
3619 2785 3679 2835 '0
3708 2783 3830 2850 γὰρ

2230 2877 2508 2968 γινόμενος
2536 2894 2827 2952 ἐπίσκοπος
2858 2886 3245 2954 ἐπαγγέλλεται
3277 2883 3401 2943 τοὺς
3454 2877 3688 2935 κανόνας
3723 2889 3835 2939 φυ-

2229 2992 2443 3045 λάττειν
2468 3006 2480 3019 ·
2514 2988 2561 3040 οἱ
2596 2986 2653 3037 δὲ
2682 2983 2908 3041 κανόνες
2949 2979 3287 3047 φιλόπτωχον
3310 2972 3473 3026 αὐτὸν
3525 2966 3665 3020 εἶναι
3722 2962 3828 3015 καὶ

2235 3081 2505 3151 φιλόξενον
2529 3073 2839 3135 ἀπαιτοῦσι,
2867 3072 2958 3123 καὶ
2978 3071 3287 3137 ὑπερόπτην
3318 3064 3638 3134 χρημάτων.
3675 3057 3744 3109 Ἠ
3771 3056 3833 3107 δὲ

2243 3172 2356 3242 ph’
2412 3169 2581 3238 νεαρὰ
2630 3168 2857 3234 κειμένη
2882 3165 2959 3224 είς
3015 3160 3216 3229 βιόλίον
3261 3157 3371 3207 τῶν
3406 3150 3717 3204 Βασιλικῶν
3764 3158 3833 3207 ε’,

2238 3262 2341 3313 τίτ.
2394 3258 2463 3325 γ’,
2521 3258 2697 3308 κεῖται
2742 3258 2773 3303 ι’
2812 3251 2936 3311 τοὺς
2993 3246 3323 3304 ἐπισκόπους
3380 3241 3473 3294 καὶ
3525 3239 3836 3306 κληρικοίις

2241 3350 2552 3409 αδιαθέτους
2581 3343 2966 3402 τελευτῶντας,
3000 3340 3092 3388 καὶ
3123 3336 3371 3404 νομίμων
3401 3330 3662 3397 διαδόχων
3721 3344 3840 3396 χω.

2245 3445 2327 3509 ρὶς
2354 3438 2504 3505 παρὰ
2552 3435 2661 3486 τῶν
2703 3428 3009 3499 ἐκκλησιῶν
3063 3424 3244 3477 αὐτῶν
3300 3417 3512 3473 κελεύει
3564 3417 3840 3484 κληρονο-

2246 3529 2482 3598 μεῖσθαι.

2246 3814 2465 3869 ΛΡΙΣΤ.
2518 3833 2534 3864 ι
2569 3811 2915 3871 Ἐπίσκοπος,
2941 3805 3247 3873 αἱρετικοὺς
3288 3803 3321 3873 ἢ
3372 3802 3642 3871 Ἕλληνας
3696 3800 3843 3871 χλη-

2322 3923 2339 3953 ‹
2391 3902 2649 3970 ρονόμους
2686 3897 2935 3965 γράφων,
2960 3894 3100 3945 ἔστω
3130 3892 3399 3959 ἀνάθεμα.
3435 3910 3455 3942 ι

2320 3989 2477 4047 Οὗτοι
2508 3992 2599 4044 καὶ
2630 3989 2735 4042 ἀπὸ
2760 3988 2937 4056 νόμων
2970 3986 3268 4038 κωλύονται
3300 3982 3664 4045 διατίθεσθαι,
3736 3982 3839 4035 καὶ

2246 4088 2351 4141 ἀπὸ
2407 4083 2669 4151 διαθήκης
2717 4078 3081 4149 κληρονομίαν
3132 4075 3165 4143 ἢ
3226 4073 3452 4141 λεγάτον
3496 4072 3838 4142 λαμϐάνειν.

2248 4175 2715 4243 Καταλειφθέντες
2756 4170 2885 4237 γοῦν
2943 4167 3268 4237 κληρονόμοι
3323 4162 3452 4234 παρ’
3501 4164 3843 4230 ἐπισκόπου,

2249 4269 2404 4321 αὐτοὶ
2440 4268 2541 4334 μέν
2573 4263 2723 4316 οὐδέν
2782 4279 2835 4313 τι
2887 4260 3268 4329 κερδήσουσινο
3328 4254 3445 4308 ἀλλ’
3500 4254 3529 4306 6
3570 4253 3845 4323 δημόσιος

2250 4356 2566 4426 λήψεταιτὰ
2587 4351 3013 4419 καταλειφθέντα
3040 4350 3250 4406 αὐτοῖς·
3305 4346 3354 4397 ol
3404 4345 3460 4397 δέ
3518 4344 3842 4413 γράψαντες

2179 4419 2224 4474 D
2254 4419 2449 4504 αύτοὺς
2483 4438 2851 4509 κληρονόμους
2903 4434 3373 4502 κληρονομήσουσι
3400 4432 3461 4483 τδ
3483 4430 3763 4499 ἀνάθεμα.

2837 4526 3071 4580 ΚΑΝΩΝ
3119 4526 3239 4577 HE'.

2257 4646 2274 4677 ι
2322 4625 2456 4695 Περὶ
2489 4618 2829 4689 ἐλευθεριῶν.
2873 4618 3106 4685 Ὁμοίως
3138 4617 3359 4685 ἤρεσεν,
3392 4614 3477 4665 ἵνα
3535 4613 3666 4681 περὶ
3720 4613 3845 4664 τῶν

2279 4766 2301 4787 ,
2326 4736 2344 4766 ι
2394 4719 2451 4767 ἐν
2482 4718 2548 4783 τῇ
2577 4712 2876 4779 Ἐκκλησία
2902 4708 3204 4775 γενομένων
3238 4706 3559 4773 ἐλευθεριῶν
3589 4704 3701 4756 ἀπὸ
3737 4704 3840 4757 τοῦ

2328 4826 2345 4855 ι
2396 4806 2652 4874 βασιλέως
2678 4803 2887 4871 αἴτησις
2923 4800 3168 4865 γένηται.
3205 4815 3222 4846 ι

2326 4897 2521 4949 ΒΑᾹΣ.
2572 4892 2777 4952 Δοῦλοι,
2839 4891 2925 4941 διά
2983 4903 3133 4946 τινας
3180 4885 3355 4944 αἰτίας
3386 4886 3846 4950 προσφεύγοντες

2255 4990 2369 5048 ταῖς
2400 4981 2738 5050 ἐκκλησίαις,
2785 4975 3172 5045 ἠλευθεροῦντο
3203 4972 3345 5023 κατά
3390 4970 3684 5034 διάγνωσιν
3722 4971 3847 5022 ἐπι-

2260 5076 2544 5142 σκοπικήν.
2584 5070 2735 5121 Ἐπεὶ
2771 5068 2823 5119 δὲ
2856 5069 2902 5117 οἱ
2936 5064 3197 5116 δεσπόται
3246 5062 3452 5113 τούτων
3506 5061 3845 5128 ἐπεχείρουν

2257 5168 2448 5225 αὐτοὺς
2469 5160 2849 5225 δουλαγωγεῐν,
2886 5154 3029 5217 ἔδοξε
3065 5155 3189 5223 περὶ
3226 5152 3433 5204 τούτων
3473 5150 3849 5219 ὑπομνησθῆ-

2257 5274 2345 5307 ναι
2371 5254 2461 5305 τὸν
2494 5249 2733 5320 βασιλέα,
2755 5248 2892 5298 ὥστε
2916 5243 3278 5311 ἀνασταλῆναι
3300 5240 3397 5311 τὴν
3427 5241 3534 5293 τῶν
3553 5241 3850 5293 δεσποτῶν

2255 5343 2587 5397 δυναστείαν.
2640 5338 2749 5390 Καὶ
2772 5337 2798 5386 6
2825 5336 2921 5402 μὲν
2952 5331 3129 5384 κανὼν
3163 5331 3471 5391 ἐντούτοις.
3532 5330 3606 5381 Σὺ
3659 5328 3719 5379 δὲ
3756 5330 3852 5395 τί-

2258 5450 2429 5487 νωσκε
2462 5432 2539 5483 ’ὅτι
2580 5431 2685 5482 ἀπὸ
2714 5426 2806 5477 τοῦ
2857 5423 3058 5492 βιὸλίου
3109 5421 3202 5474 τοῦ
3251 5421 3621 5486 ἀποκειμένου
3674 5420 3736 5470 ἐν
3764 5420 3849 5489 τῷ

2260 5523 2499 5592 σεκρέτῳ
2520 5520 2611 5572 τοῦ
2638 5516 3030 5587 πρωτεκδίκου,
3049 5513 3139 5565 τοῦ
3168 5511 3381 5582 ἔχοντος
3440 5513 3506 5563 τὰ
3557 5511 3816 5566 διατυπω
3834 5541 3845 5552 -

2259 5617 2415 5668 θέντα
2453 5612 2600 5680 παρὰ
2630 5609 2722 5661 τοῦ
2755 5607 2996 5674 ἀοιδίμου
3055 5605 3316 5674 κτήτορος
3370 5603 3466 5671 τῆς
3515 5602 3843 5671 ἁγιωτάτης

2266 5706 2520 5773 Μεγάλης
2563 5699 2889 5768 Ἐκκλησίας
2948 5697 3039 5749 τοῦ
3104 5693 3364 5763 βασιλέως
3432 5690 3842 5757 ἰουστινιανοΰ,
