  <div class='ocr_page' id='page_1' title='image "/cluster/home/n/w/nwhite01/storage/ocr_20150623/138/ien.35556001660133/162.png"; bbox 0 0 4000 6434; ppageno 0'>
   <div class='ocr_carea' id='block_1_1' title="bbox 171 363 268 424">
    <p class='ocr_par' dir='ltr' id='par_1_1' title="bbox 171 363 268 424">
     <span class='ocr_line' id='line_1_1' title="bbox 171 363 268 424; baseline 0.01 -1"><span class='ocrx_word' id='word_1_1' title='bbox 171 363 268 424; x_wconf 85' lang='grc'><strong>301</strong></span> 
     </span>
    </p>
   </div>
   <div class='ocr_carea' id='block_1_2' title="bbox 1173 354 2455 422">
    <p class='ocr_par' dir='ltr' id='par_1_2' title="bbox 1173 354 2455 422">
     <span class='ocr_line' id='line_1_2' title="bbox 1173 354 2455 422; baseline 0 -3"><span class='ocrx_word' id='word_1_2' title='bbox 1173 361 1248 420; x_wconf 80' lang='lat' dir='ltr'><strong>IN</strong></span> <span class='ocrx_word' id='word_1_3' title='bbox 1296 359 1462 422; x_wconf 79' lang='lat' dir='ltr'><strong>CAN.</strong></span> <span class='ocrx_word' id='word_1_4' title='bbox 1503 356 1792 419; x_wconf 78' lang='lat' dir='ltr'><strong>LXXXVI</strong></span> <span class='ocrx_word' id='word_1_5' title='bbox 1825 354 2035 417; x_wconf 72' lang='lat' dir='ltr'><strong>CONC.</strong></span> <span class='ocrx_word' id='word_1_6' title='bbox 2079 358 2455 420; x_wconf 80' lang='lat' dir='ltr'><strong>CARTHAG.</strong></span> 
     </span>
    </p>
   </div>
   <div class='ocr_carea' id='block_1_3' title="bbox 3313 351 3420 413">
    <p class='ocr_par' dir='ltr' id='par_1_3' title="bbox 3313 351 3420 413">
     <span class='ocr_line' id='line_1_3' title="bbox 3313 351 3420 413; baseline 0.009 -1"><span class='ocrx_word' id='word_1_7' title='bbox 3313 351 3420 413; x_wconf 76' lang='lat'><strong>302</strong></span> 
     </span>
    </p>
   </div>
   <div class='ocr_carea' id='block_1_4' title="bbox 174 465 1736 548">
    <p class='ocr_par' dir='ltr' id='par_1_4' title="bbox 174 468 1736 548">
     <span class='ocr_line' id='line_1_4' title="bbox 174 468 1736 548; baseline -0.005 -20"><span class='ocrx_word' id='word_1_8' title='bbox 174 477 337 530; x_wconf 72' lang='grc' dir='ltr'>πολλὰ</span> <span class='ocrx_word' id='word_1_9' title='bbox 393 476 662 548; x_wconf 83' lang='grc' dir='ltr'>προνόμια</span> <span class='ocrx_word' id='word_1_10' title='bbox 701 475 917 544; x_wconf 74' lang='grc' dir='ltr'>ἔχουσιν</span> <span class='ocrx_word' id='word_1_11' title='bbox 967 473 1016 526; x_wconf 88' lang='grc' dir='ltr'><strong>οί</strong></span> <span class='ocrx_word' id='word_1_12' title='bbox 1070 473 1220 542; x_wconf 72' lang='grc' dir='ltr'>παρὰ</span> <span class='ocrx_word' id='word_1_13' title='bbox 1275 472 1368 524; x_wconf 79' lang='grc' dir='ltr'>τοῦ</span> <span class='ocrx_word' id='word_1_14' title='bbox 1420 470 1621 540; x_wconf 81' lang='grc' dir='ltr'><strong>μέρους</strong></span> <span class='ocrx_word' id='word_1_15' title='bbox 1653 468 1736 535; x_wconf 71' lang='grc' dir='ltr'>τῆς</span> 
     </span>
    </p>
   </div>
   <div class='ocr_carea' id='block_1_5' title="bbox 1860 465 3420 548">
    <p class='ocr_par' dir='ltr' id='par_1_5' title="bbox 1860 465 3420 540">
     <span class='ocr_line' id='line_1_5' title="bbox 1860 465 3420 540; baseline -0.001 -19"><span class='ocrx_word' id='word_1_16' title='bbox 1860 483 1920 523; x_wconf 81' lang='lat' dir='ltr'><strong>ex</strong></span> <span class='ocrx_word' id='word_1_17' title='bbox 1961 481 2113 540; x_wconf 83' lang='lat' dir='ltr'><strong>parte</strong></span> <span class='ocrx_word' id='word_1_18' title='bbox 2147 471 2402 528; x_wconf 61' lang='lat' dir='ltr'><strong>Ecclesia</strong></span> <span class='ocrx_word' id='word_1_19' title='bbox 2450 470 2774 527; x_wconf 88' lang='lat' dir='ltr'><strong>manumissi</strong></span> <span class='ocrx_word' id='word_1_20' title='bbox 2809 477 2938 524; x_wconf 90' lang='lat' dir='ltr'><strong>sunt</strong></span> <span class='ocrx_word' id='word_1_21' title='bbox 2972 468 3138 524; x_wconf 80' lang='lat' dir='ltr'><strong>servi.</strong></span> <span class='ocrx_word' id='word_1_22' title='bbox 3196 465 3338 535; x_wconf 79' lang='lat' dir='ltr'><strong>Lege</strong></span> <span class='ocrx_word' id='word_1_23' title='bbox 3365 472 3420 520; x_wconf 83' lang='lat' dir='ltr'><strong>et</strong></span> 
     </span>
    </p>
   </div>
   <div class='ocr_carea' id='block_1_6' title="bbox 177 561 1751 636">
    <p class='ocr_par' dir='ltr' id='par_1_6' title="bbox 177 561 1751 636">
     <span class='ocr_line' id='line_1_6' title="bbox 177 561 1751 636; baseline -0.004 -17"><span class='ocrx_word' id='word_1_24' title='bbox 177 567 502 636; x_wconf 80' lang='grc' dir='ltr'>Ἐκκλησίας</span> <span class='ocrx_word' id='word_1_25' title='bbox 547 566 989 636; x_wconf 77' lang='grc' dir='ltr'>ὲλευθερούμενοι</span> <span class='ocrx_word' id='word_1_26' title='bbox 1031 563 1232 618; x_wconf 82' lang='grc' dir='ltr'>δοῦλοι.</span> <span class='ocrx_word' id='word_1_27' title='bbox 1305 561 1609 629; x_wconf 76' lang='grc' dir='ltr'>’Λνάγνωθι</span> <span class='ocrx_word' id='word_1_28' title='bbox 1655 561 1751 612; x_wconf 76' lang='grc' dir='ltr'>καὶ</span> 
     </span>
    </p>
   </div>
   <div class='ocr_carea' id='block_1_7' title="bbox 171 649 1750 725">
    <p class='ocr_par' dir='ltr' id='par_1_7' title="bbox 171 649 1750 725">
     <span class='ocr_line' id='line_1_7' title="bbox 171 649 1750 725; baseline -0.004 -17"><span class='ocrx_word' id='word_1_29' title='bbox 171 655 367 721; x_wconf 83' lang='grc' dir='ltr'>τδνκς⁹</span> <span class='ocrx_word' id='word_1_30' title='bbox 398 657 506 709; x_wconf 86' lang='grc' dir='ltr'>τίτ.</span> <span class='ocrx_word' id='word_1_31' title='bbox 537 655 636 710; x_wconf 81' lang='grc' dir='ltr'>τοῦ</span> <span class='ocrx_word' id='word_1_32' title='bbox 690 663 778 725; x_wconf 85' lang='grc' dir='ltr'>μη⁹</span> <span class='ocrx_word' id='word_1_33' title='bbox 835 655 1042 724; x_wconf 77' lang='grc' dir='ltr'>βιϐλίου</span> <span class='ocrx_word' id='word_1_34' title='bbox 1097 653 1227 723; x_wconf 77' lang='grc' dir='ltr'>περὶ</span> <span class='ocrx_word' id='word_1_35' title='bbox 1281 649 1750 722; x_wconf 70' lang='grc' dir='ltr'><strong>ἐλευθερουμένων</strong></span> 
     </span>
    </p>
   </div>
   <div class='ocr_carea' id='block_1_8' title="bbox 172 738 1750 814">
    <p class='ocr_par' dir='ltr' id='par_1_8' title="bbox 172 738 1750 814">
     <span class='ocr_line' id='line_1_8' title="bbox 172 738 1750 814; baseline -0.004 -17"><span class='ocrx_word' id='word_1_36' title='bbox 172 747 510 810; x_wconf 74' lang='grc' dir='ltr'><strong>διδάσκοντα,</strong></span> <span class='ocrx_word' id='word_1_37' title='bbox 541 745 634 798; x_wconf 69' lang='grc' dir='ltr'>καὶ</span> <span class='ocrx_word' id='word_1_38' title='bbox 667 746 767 807; x_wconf 84' lang='grc' dir='ltr'>τὴν</span> <span class='ocrx_word' id='word_1_39' title='bbox 793 745 994 814; x_wconf 80' lang='grc' dir='ltr'><strong>νεαρὰν</strong></span> <span class='ocrx_word' id='word_1_40' title='bbox 1021 742 1116 795; x_wconf 82' lang='grc' dir='ltr'>τοῦ</span> <span class='ocrx_word' id='word_1_41' title='bbox 1175 742 1422 811; x_wconf 79' lang='grc' dir='ltr'><strong>ἀοιδίμου</strong></span> <span class='ocrx_word' id='word_1_42' title='bbox 1484 738 1750 809; x_wconf 81' lang='grc' dir='ltr'>βασιλέως</span> 
     </span>
    </p>
   </div>
   <div class='ocr_carea' id='block_1_9' title="bbox 170 830 1748 904">
    <p class='ocr_par' dir='ltr' id='par_1_9' title="bbox 170 830 1748 904">
     <span class='ocr_line' id='line_1_9' title="bbox 170 830 1748 904; baseline -0.004 -17"><span class='ocrx_word' id='word_1_43' title='bbox 170 836 338 904; x_wconf 81' lang='grc' dir='ltr'>κυροῦ</span> <span class='ocrx_word' id='word_1_44' title='bbox 382 837 622 900; x_wconf 80' lang='grc' dir='ltr'><strong>Ἀλεξίου</strong></span> <span class='ocrx_word' id='word_1_45' title='bbox 655 837 751 889; x_wconf 80' lang='grc' dir='ltr'>τοῦ</span> <span class='ocrx_word' id='word_1_46' title='bbox 790 834 1095 903; x_wconf 75' lang='grc' dir='ltr'>Κομνηνοῦ,</span> <span class='ocrx_word' id='word_1_47' title='bbox 1125 833 1223 901; x_wconf 82' lang='grc' dir='ltr'>τὴν</span> <span class='ocrx_word' id='word_1_48' title='bbox 1248 831 1637 902; x_wconf 78' lang='grc' dir='ltr'>διοριζομένην</span> <span class='ocrx_word' id='word_1_49' title='bbox 1671 830 1748 898; x_wconf 80' lang='grc' dir='ltr'>μὴ</span> 
     </span>
    </p>
   </div>
   <div class='ocr_carea' id='block_1_10' title="bbox 168 920 1749 995">
    <p class='ocr_par' dir='ltr' id='par_1_10' title="bbox 168 920 1749 995">
     <span class='ocr_line' id='line_1_10' title="bbox 168 920 1749 995; baseline -0.004 -18"><span class='ocrx_word' id='word_1_50' title='bbox 168 927 309 993; x_wconf 69' lang='grc' dir='ltr'>ἒχειν</span> <span class='ocrx_word' id='word_1_51' title='bbox 364 926 552 995; x_wconf 86' lang='grc' dir='ltr'>χώραν</span> <span class='ocrx_word' id='word_1_52' title='bbox 607 928 735 986; x_wconf 88' lang='grc' dir='ltr'>τοὺς</span> <span class='ocrx_word' id='word_1_53' title='bbox 789 926 914 994; x_wconf 78' lang='grc' dir='ltr'>περὶ</span> <span class='ocrx_word' id='word_1_54' title='bbox 969 925 1078 977; x_wconf 85' lang='grc' dir='ltr'><strong>τῶν</strong></span> <span class='ocrx_word' id='word_1_55' title='bbox 1126 921 1590 991; x_wconf 81' lang='grc' dir='ltr'>ἀντιπαραγαγῶν</span> <span class='ocrx_word' id='word_1_56' title='bbox 1639 920 1749 972; x_wconf 85' lang='grc' dir='ltr'><strong>τῶν</strong></span> 
     </span>
    </p>
   </div>
   <div class='ocr_carea' id='block_1_11' title="bbox 171 1009 1746 1084">
    <p class='ocr_par' dir='ltr' id='par_1_11' title="bbox 171 1009 1746 1084">
     <span class='ocr_line' id='line_1_11' title="bbox 171 1009 1746 1084; baseline -0.004 -17"><span class='ocrx_word' id='word_1_57' title='bbox 171 1015 468 1084; x_wconf 82' lang='grc' dir='ltr'>μαρτύρων</span> <span class='ocrx_word' id='word_1_58' title='bbox 503 1016 723 1084; x_wconf 79' lang='grc' dir='ltr'>νόμους,</span> <span class='ocrx_word' id='word_1_59' title='bbox 754 1016 883 1068; x_wconf 84' lang='grc' dir='ltr'>ὅταν</span> <span class='ocrx_word' id='word_1_60' title='bbox 916 1015 1043 1083; x_wconf 74' lang='grc' dir='ltr'>περὶ</span> <span class='ocrx_word' id='word_1_61' title='bbox 1083 1012 1396 1082; x_wconf 78' lang='grc' dir='ltr'><strong>ἐλευθερίας</strong></span> <span class='ocrx_word' id='word_1_62' title='bbox 1455 1009 1746 1077; x_wconf 75' lang='grc' dir='ltr'>δικάζηταί</span> 
     </span>
    </p>
   </div>
   <div class='ocr_carea' id='block_1_12' title="bbox 167 1099 1748 1174">
    <p class='ocr_par' dir='ltr' id='par_1_12' title="bbox 167 1099 1748 1174">
     <span class='ocr_line' id='line_1_12' title="bbox 167 1099 1748 1174; baseline -0.002 -18"><span class='ocrx_word' id='word_1_63' title='bbox 167 1123 250 1167; x_wconf 86' lang='grc' dir='ltr'><strong>τις</strong></span> <span class='ocrx_word' id='word_1_64' title='bbox 281 1106 463 1158; x_wconf 75' lang='grc' dir='ltr'>’ἀλλὰ</span> <span class='ocrx_word' id='word_1_65' title='bbox 520 1105 692 1174; x_wconf 76' lang='grc' dir='ltr'>μόνην</span> <span class='ocrx_word' id='word_1_66' title='bbox 743 1105 991 1172; x_wconf 79' lang='grc' dir='ltr'>γίνεσθαι</span> <span class='ocrx_word' id='word_1_67' title='bbox 1051 1101 1395 1171; x_wconf 81' lang='grc' dir='ltr'>παραγωγὴν</span> <span class='ocrx_word' id='word_1_68' title='bbox 1453 1099 1748 1167; x_wconf 82' lang='grc' dir='ltr'>μαρτύρων</span> 
     </span>
    </p>
   </div>
   <div class='ocr_carea' id='block_1_13' title="bbox 169 1190 1743 1265">
    <p class='ocr_par' dir='ltr' id='par_1_13' title="bbox 169 1190 1743 1265">
     <span class='ocr_line' id='line_1_13' title="bbox 169 1190 1743 1265; baseline -0.003 -18"><span class='ocrx_word' id='word_1_69' title='bbox 169 1195 320 1263; x_wconf 64' lang='grc' dir='ltr'>παρὰ</span> <span class='ocrx_word' id='word_1_70' title='bbox 357 1195 452 1248; x_wconf 79' lang='grc' dir='ltr'><strong>τοῦ</strong></span> <span class='ocrx_word' id='word_1_71' title='bbox 482 1196 994 1264; x_wconf 80' lang='grc' dir='ltr'>δουλαγωγουμένου</span> <span class='ocrx_word' id='word_1_72' title='bbox 1026 1196 1058 1265; x_wconf 79' lang='grc' dir='ltr'><strong>ἢ</strong></span> <span class='ocrx_word' id='word_1_73' title='bbox 1084 1193 1178 1248; x_wconf 82' lang='grc' dir='ltr'>τοῦ</span> <span class='ocrx_word' id='word_1_74' title='bbox 1236 1190 1743 1260; x_wconf 76' lang='grc' dir='ltr'>ἐλευθεροσοῶντος.</span> 
     </span>
    </p>
   </div>
   <div class='ocr_carea' id='block_1_14' title="bbox 225 1282 1744 1350">
    <p class='ocr_par' dir='ltr' id='par_1_14' title="bbox 225 1282 1744 1350">
     <span class='ocr_line' id='line_1_14' title="bbox 225 1282 1744 1350; baseline -0.005 -14"><span class='ocrx_word' id='word_1_75' title='bbox 225 1286 476 1339; x_wconf 76' lang='grc' dir='ltr'><strong>ΖΩΝΑΡ.</strong></span> <span class='ocrx_word' id='word_1_76' title='bbox 517 1287 706 1338; x_wconf 78' lang='grc' dir='ltr'><strong>Δοῦλοι</strong></span> <span class='ocrx_word' id='word_1_77' title='bbox 735 1288 825 1340; x_wconf 82' lang='grc' dir='ltr'>διά</span> <span class='ocrx_word' id='word_1_78' title='bbox 847 1303 1000 1347; x_wconf 83' lang='grc' dir='ltr'>τινας</span> <span class='ocrx_word' id='word_1_79' title='bbox 1060 1284 1244 1346; x_wconf 80' lang='grc' dir='ltr'><strong>αἰτίας</strong></span> <span class='ocrx_word' id='word_1_80' title='bbox 1293 1282 1744 1350; x_wconf 73' lang='grc' dir='ltr'><strong>προσφεύγοντες</strong></span> 
     </span>
    </p>
   </div>
   <div class='ocr_carea' id='block_1_15' title="bbox 169 1373 1740 1446">
    <p class='ocr_par' dir='ltr' id='par_1_15' title="bbox 169 1373 1740 1446">
     <span class='ocr_line' id='line_1_15' title="bbox 169 1373 1740 1446; baseline -0.001 -20"><span class='ocrx_word' id='word_1_81' title='bbox 169 1380 290 1437; x_wconf 81' lang='grc' dir='ltr'>ταῖς</span> <span class='ocrx_word' id='word_1_82' title='bbox 321 1377 646 1445; x_wconf 70' lang='grc' dir='ltr'><strong>ἐκκλησίαις</strong></span> <span class='ocrx_word' id='word_1_83' title='bbox 665 1377 1082 1446; x_wconf 76' lang='grc' dir='ltr'>ἠλευθεροῦντο,</span> <span class='ocrx_word' id='word_1_84' title='bbox 1101 1375 1260 1427; x_wconf 82' lang='grc' dir='ltr'>τοῦτο</span> <span class='ocrx_word' id='word_1_85' title='bbox 1293 1375 1400 1426; x_wconf 83' lang='grc' dir='ltr'><strong>τῶν</strong></span> <span class='ocrx_word' id='word_1_86' title='bbox 1428 1373 1740 1425; x_wconf 75' lang='grc' dir='ltr'>ἐπισκόπων</span> 
     </span>
    </p>
   </div>
   <div class='ocr_carea' id='block_1_16' title="bbox 167 1462 1743 1534">
    <p class='ocr_par' dir='ltr' id='par_1_16' title="bbox 167 1462 1743 1534">
     <span class='ocr_line' id='line_1_16' title="bbox 167 1462 1743 1534; baseline -0.001 -20"><span class='ocrx_word' id='word_1_87' title='bbox 167 1466 380 1518; x_wconf 71' lang='grc' dir='ltr'>δίκαιον</span> <span class='ocrx_word' id='word_1_88' title='bbox 427 1462 573 1518; x_wconf 77' lang='grc' dir='ltr'>εἶναι</span> <span class='ocrx_word' id='word_1_89' title='bbox 602 1466 1007 1534; x_wconf 78' lang='grc' dir='ltr'><strong>δοκιμαζόντων</strong></span> <span class='ocrx_word' id='word_1_90' title='bbox 1040 1481 1055 1494; x_wconf 85' lang='lat'><strong>&#39;</strong></span> <span class='ocrx_word' id='word_1_91' title='bbox 1077 1465 1171 1527; x_wconf 85' lang='grc' dir='ltr'>οὒς</span> <span class='ocrx_word' id='word_1_92' title='bbox 1218 1464 1271 1516; x_wconf 88' lang='grc' dir='ltr'>οἱ</span> <span class='ocrx_word' id='word_1_93' title='bbox 1306 1463 1560 1514; x_wconf 73' lang='grc' dir='ltr'><strong>δεσπόται</strong></span> <span class='ocrx_word' id='word_1_94' title='bbox 1599 1462 1743 1513; x_wconf 79' lang='grc' dir='ltr'>ἐπει-</span> 
     </span>
    </p>
   </div>
   <div class='ocr_carea' id='block_1_17' title="bbox 178 1547 1745 1621">
    <p class='ocr_par' dir='ltr' id='par_1_17' title="bbox 178 1547 1745 1621">
     <span class='ocr_line' id='line_1_17' title="bbox 178 1547 1745 1621; baseline 0 -17"><span class='ocrx_word' id='word_1_95' title='bbox 178 1556 352 1620; x_wconf 73' lang='grc' dir='ltr'>ρῶντο</span> <span class='ocrx_word' id='word_1_96' title='bbox 390 1554 551 1617; x_wconf 71' lang='grc' dir='ltr'>αὖθις</span> <span class='ocrx_word' id='word_1_97' title='bbox 580 1559 662 1619; x_wconf 87' lang='grc' dir='ltr'><strong>είς</strong></span> <span class='ocrx_word' id='word_1_98' title='bbox 690 1556 940 1608; x_wconf 89' lang='grc' dir='ltr'>δουλείαν</span> <span class='ocrx_word' id='word_1_99' title='bbox 964 1555 1168 1608; x_wconf 78' lang='grc' dir='ltr'>ἕλκειν.</span> <span class='ocrx_word' id='word_1_100' title='bbox 1225 1553 1362 1621; x_wconf 77' lang='grc' dir='ltr'>Περὶ</span> <span class='ocrx_word' id='word_1_101' title='bbox 1411 1551 1619 1604; x_wconf 86' lang='grc' dir='ltr'>τούτων</span> <span class='ocrx_word' id='word_1_102' title='bbox 1653 1547 1745 1604; x_wconf 74' lang='grc' dir='ltr'>οὖν</span> 
     </span>
    </p>
   </div>
   <div class='ocr_carea' id='block_1_18' title="bbox 168 1643 1226 1714">
    <p class='ocr_par' dir='ltr' id='par_1_18' title="bbox 168 1643 1226 1714">
     <span class='ocr_line' id='line_1_18' title="bbox 168 1643 1226 1714; baseline 0.005 -19"><span class='ocrx_word' id='word_1_103' title='bbox 168 1643 350 1707; x_wconf 69' lang='grc' dir='ltr'>ἔδοξεν</span> <span class='ocrx_word' id='word_1_104' title='bbox 379 1646 804 1714; x_wconf 71' lang='grc' dir='ltr'><strong>ὑπομνησθῆναι</strong></span> <span class='ocrx_word' id='word_1_105' title='bbox 843 1647 940 1698; x_wconf 73' lang='grc' dir='ltr'>τὸν</span> <span class='ocrx_word' id='word_1_106' title='bbox 971 1646 1226 1714; x_wconf 76' lang='grc' dir='ltr'><strong>βασιλέα.</strong></span> 
     </span>
    </p>
   </div>
   <div class='ocr_carea' id='block_1_19' title="bbox 231 1737 1745 1810">
    <p class='ocr_par' dir='ltr' id='par_1_19' title="bbox 231 1737 1745 1810">
     <span class='ocr_line' id='line_1_19' title="bbox 231 1737 1745 1810; baseline 0.001 -21"><span class='ocrx_word' id='word_1_107' title='bbox 231 1737 463 1790; x_wconf 80' lang='grc' dir='ltr'><strong>ΑΡΙΣΤ.</strong></span> <span class='ocrx_word' id='word_1_108' title='bbox 498 1738 666 1807; x_wconf 67' lang='grc' dir='ltr'>ιπερὶ</span> <span class='ocrx_word' id='word_1_109' title='bbox 698 1737 811 1790; x_wconf 88' lang='grc' dir='ltr'><strong>τῶν</strong></span> <span class='ocrx_word' id='word_1_110' title='bbox 834 1739 891 1789; x_wconf 81' lang='grc' dir='ltr'>ἑν</span> <span class='ocrx_word' id='word_1_111' title='bbox 915 1739 1233 1808; x_wconf 69' lang='grc' dir='ltr'>ἐκκλησίαις</span> <span class='ocrx_word' id='word_1_112' title='bbox 1262 1740 1570 1810; x_wconf 83' lang='grc' dir='ltr'>γενομένων</span> <span class='ocrx_word' id='word_1_113' title='bbox 1596 1740 1745 1793; x_wconf 71' lang='grc' dir='ltr'>ἐλευ-</span> 
     </span>
    </p>
   </div>
   <div class='ocr_carea' id='block_1_20' title="bbox 175 1826 1424 1898">
    <p class='ocr_par' dir='ltr' id='par_1_20' title="bbox 175 1826 1424 1898">
     <span class='ocr_line' id='line_1_20' title="bbox 175 1826 1424 1898; baseline 0.006 -21"><span class='ocrx_word' id='word_1_114' title='bbox 175 1845 193 1877; x_wconf 92' lang='grc' dir='ltr'><strong>ι</strong></span> <span class='ocrx_word' id='word_1_115' title='bbox 231 1826 435 1896; x_wconf 85' lang='grc' dir='ltr'>θεριῶν</span> <span class='ocrx_word' id='word_1_116' title='bbox 467 1829 530 1879; x_wconf 75' lang='grc' dir='ltr'>ἰκ</span> <span class='ocrx_word' id='word_1_117' title='bbox 573 1827 843 1895; x_wconf 81' lang='grc' dir='ltr'>βασιλέως</span> <span class='ocrx_word' id='word_1_118' title='bbox 863 1828 1077 1897; x_wconf 75' lang='grc' dir='ltr'>αἴτησις</span> <span class='ocrx_word' id='word_1_119' title='bbox 1117 1830 1371 1898; x_wconf 63' lang='grc' dir='ltr'>γινέσθω.</span> <span class='ocrx_word' id='word_1_120' title='bbox 1404 1850 1424 1883; x_wconf 71' lang='grc' dir='ltr'><strong>ι</strong></span> 
     </span>
    </p>
   </div>
   <div class='ocr_carea' id='block_1_21' title="bbox 237 1916 1746 1991">
    <p class='ocr_par' dir='ltr' id='par_1_21' title="bbox 237 1916 1746 1991">
     <span class='ocr_line' id='line_1_21' title="bbox 237 1916 1746 1991; baseline 0.005 -24"><span class='ocrx_word' id='word_1_121' title='bbox 237 1917 321 1968; x_wconf 72' lang='grc' dir='ltr'><strong>Τὰ</strong></span> <span class='ocrx_word' id='word_1_122' title='bbox 360 1916 504 1968; x_wconf 78' lang='grc' dir='ltr'>αὐτὰ</span> <span class='ocrx_word' id='word_1_123' title='bbox 531 1918 610 1985; x_wconf 89' lang='grc' dir='ltr'>τῷ</span> <span class='ocrx_word' id='word_1_124' title='bbox 637 1919 921 1989; x_wconf 80' lang='grc' dir='ltr'><strong>ἑξηκοστῷ</strong></span> <span class='ocrx_word' id='word_1_125' title='bbox 953 1921 1200 1991; x_wconf 81' lang='grc' dir='ltr'><strong>τετάρτῳ</strong></span> <span class='ocrx_word' id='word_1_126' title='bbox 1224 1923 1406 1974; x_wconf 72' lang='grc' dir='ltr'>κανόνι</span> <span class='ocrx_word' id='word_1_127' title='bbox 1444 1921 1746 1991; x_wconf 75' lang='grc' dir='ltr'>διαλαμϐά-</span> 
     </span>
    </p>
   </div>
   <div class='ocr_carea' id='block_1_22' title="bbox 170 2008 1012 2078">
    <p class='ocr_par' dir='ltr' id='par_1_22' title="bbox 170 2008 1012 2078">
     <span class='ocr_line' id='line_1_22' title="bbox 170 2008 1012 2078; baseline 0.011 -23"><span class='ocrx_word' id='word_1_128' title='bbox 170 2022 280 2058; x_wconf 73' lang='grc' dir='ltr'>νειο</span> <span class='ocrx_word' id='word_1_129' title='bbox 330 2008 427 2059; x_wconf 81' lang='grc' dir='ltr'>καὶ</span> <span class='ocrx_word' id='word_1_130' title='bbox 462 2009 784 2078; x_wconf 67' lang='grc' dir='ltr'>ίρμηνεύθη</span> <span class='ocrx_word' id='word_1_131' title='bbox 813 2010 1012 2065; x_wconf 76' lang='grc' dir='ltr'>ἐκεῖσε.</span> 
     </span>
    </p>
   </div>
   <div class='ocr_carea' id='block_1_23' title="bbox 725 2102 1147 2168">
    <p class='ocr_par' dir='ltr' id='par_1_23' title="bbox 725 2102 1147 2168">
     <span class='ocr_line' id='line_1_23' title="bbox 725 2102 1147 2168; baseline 0.014 -17"><span class='ocrx_word' id='word_1_132' title='bbox 725 2102 966 2155; x_wconf 80' lang='grc' dir='ltr'><strong>ΚΑΝΩΝ</strong></span> <span class='ocrx_word' id='word_1_133' title='bbox 1001 2104 1147 2168; x_wconf 66' lang='lat' dir='ltr'><strong>HC’.</strong></span> 
     </span>
    </p>
   </div>
   <div class='ocr_carea' id='block_1_24' title="bbox 261 2191 1741 2265">
    <p class='ocr_par' dir='ltr' id='par_1_24' title="bbox 261 2191 1741 2265">
     <span class='ocr_line' id='line_1_24' title="bbox 261 2191 1741 2265; baseline 0.007 -26"><span class='ocrx_word' id='word_1_134' title='bbox 261 2209 281 2239; x_wconf 77' lang='grc' dir='ltr'><strong>ι</strong></span> <span class='ocrx_word' id='word_1_135' title='bbox 328 2191 470 2258; x_wconf 73' lang='grc' dir='ltr'>Περὶ</span> <span class='ocrx_word' id='word_1_136' title='bbox 506 2191 616 2243; x_wconf 88' lang='grc' dir='ltr'><strong>τῶν</strong></span> <span class='ocrx_word' id='word_1_137' title='bbox 682 2192 941 2245; x_wconf 82' lang='grc' dir='ltr'>πλαστῶν</span> <span class='ocrx_word' id='word_1_138' title='bbox 975 2193 1255 2261; x_wconf 79' lang='grc' dir='ltr'><strong>μνημείων</strong></span> <span class='ocrx_word' id='word_1_139' title='bbox 1280 2195 1388 2246; x_wconf 84' lang='grc' dir='ltr'><strong>τῶν</strong></span> <span class='ocrx_word' id='word_1_140' title='bbox 1425 2196 1741 2265; x_wconf 55' lang='grc' dir='ltr'>μαρτύρων.</span> 
     </span>
    </p>
   </div>
   <div class='ocr_carea' id='block_1_25' title="bbox 171 2284 1745 2354">
    <p class='ocr_par' dir='ltr' id='par_1_25' title="bbox 171 2284 1745 2354">
     <span class='ocr_line' id='line_1_25' title="bbox 171 2284 1745 2354; baseline 0.005 -22"><span class='ocrx_word' id='word_1_141' title='bbox 171 2301 189 2332; x_wconf 95' lang='grc' dir='ltr'><strong>ι</strong></span> <span class='ocrx_word' id='word_1_142' title='bbox 239 2284 476 2352; x_wconf 86' lang='grc' dir='ltr'>Ὁμοίως</span> <span class='ocrx_word' id='word_1_143' title='bbox 517 2284 739 2352; x_wconf 67' lang='grc' dir='ltr'>ἤρεσεν,</span> <span class='ocrx_word' id='word_1_144' title='bbox 771 2285 858 2335; x_wconf 77' lang='grc' dir='ltr'>ἵνα</span> <span class='ocrx_word' id='word_1_145' title='bbox 882 2284 1156 2353; x_wconf 83' lang='grc' dir='ltr'>πανταχοῦ</span> <span class='ocrx_word' id='word_1_146' title='bbox 1209 2287 1312 2339; x_wconf 79' lang='grc' dir='ltr'><strong>ἀνὰ</strong></span> <span class='ocrx_word' id='word_1_147' title='bbox 1365 2289 1490 2349; x_wconf 82' lang='grc' dir='ltr'>τοὺς</span> <span class='ocrx_word' id='word_1_148' title='bbox 1538 2289 1745 2354; x_wconf 78' lang='grc' dir='ltr'>ἀγροὺς</span> 
     </span>
    </p>
   </div>
   <div class='ocr_carea' id='block_1_26' title="bbox 172 2373 1746 2446">
    <p class='ocr_par' dir='ltr' id='par_1_26' title="bbox 172 2373 1746 2446">
     <span class='ocr_line' id='line_1_26' title="bbox 172 2373 1746 2446; baseline 0.006 -25"><span class='ocrx_word' id='word_1_149' title='bbox 172 2392 190 2421; x_wconf 84' lang='grc' dir='ltr'><strong>ι</strong></span> <span class='ocrx_word' id='word_1_150' title='bbox 232 2376 329 2426; x_wconf 80' lang='grc' dir='ltr'>καὶ</span> <span class='ocrx_word' id='word_1_151' title='bbox 387 2375 515 2434; x_wconf 85' lang='grc' dir='ltr'>τοὺς</span> <span class='ocrx_word' id='word_1_152' title='bbox 590 2373 930 2441; x_wconf 75' lang='grc' dir='ltr'>ἀμπελῶνας</span> <span class='ocrx_word' id='word_1_153' title='bbox 985 2374 1372 2446; x_wconf 80' lang='grc' dir='ltr'>θυσιαστήρια,</span> <span class='ocrx_word' id='word_1_154' title='bbox 1426 2378 1628 2430; x_wconf 73' lang='grc' dir='ltr'>ὡσανεὶ</span> <span class='ocrx_word' id='word_1_155' title='bbox 1667 2381 1746 2442; x_wconf 88' lang='grc' dir='ltr'><strong>είς</strong></span> 
     </span>
    </p>
   </div>
   <div class='ocr_carea' id='block_1_27' title="bbox 169 2462 1744 2534">
    <p class='ocr_par' dir='ltr' id='par_1_27' title="bbox 169 2462 1744 2534">
     <span class='ocr_line' id='line_1_27' title="bbox 169 2462 1744 2534; baseline 0.004 -20"><span class='ocrx_word' id='word_1_156' title='bbox 169 2485 187 2514; x_wconf 75' lang='lat' dir='ltr'><strong>c.</strong></span> <span class='ocrx_word' id='word_1_157' title='bbox 228 2465 453 2534; x_wconf 73' lang='grc' dir='ltr'>μνήμην</span> <span class='ocrx_word' id='word_1_158' title='bbox 477 2464 778 2533; x_wconf 87' lang='grc' dir='ltr'>μαρτύρων</span> <span class='ocrx_word' id='word_1_159' title='bbox 809 2464 1208 2534; x_wconf 71' lang='grc' dir='ltr'>καθιστάμενα,</span> <span class='ocrx_word' id='word_1_160' title='bbox 1263 2469 1320 2518; x_wconf 71' lang='grc' dir='ltr'>ιν</span> <span class='ocrx_word' id='word_1_161' title='bbox 1371 2462 1451 2530; x_wconf 73' lang='grc' dir='ltr'>οἷς</span> <span class='ocrx_word' id='word_1_162' title='bbox 1518 2469 1639 2522; x_wconf 75' lang='grc' dir='ltr'>οὐδὲ</span> <span class='ocrx_word' id='word_1_163' title='bbox 1687 2469 1744 2521; x_wconf 85' lang='grc' dir='ltr'>ἓν</span> 
     </span>
    </p>
   </div>
   <div class='ocr_carea' id='block_1_28' title="bbox 172 2554 1744 2627">
    <p class='ocr_par' dir='ltr' id='par_1_28' title="bbox 172 2554 1744 2627">
     <span class='ocr_line' id='line_1_28' title="bbox 172 2554 1744 2627; baseline 0.001 -19"><span class='ocrx_word' id='word_1_164' title='bbox 172 2577 188 2603; x_wconf 86' lang='grc' dir='ltr'><strong>ι</strong></span> <span class='ocrx_word' id='word_1_165' title='bbox 232 2556 397 2624; x_wconf 89' lang='grc' dir='ltr'>σῶμα</span> <span class='ocrx_word' id='word_1_166' title='bbox 449 2555 482 2625; x_wconf 81' lang='grc' dir='ltr'>ἢ</span> <span class='ocrx_word' id='word_1_167' title='bbox 535 2555 796 2622; x_wconf 77' lang='grc' dir='ltr'>λείψανον</span> <span class='ocrx_word' id='word_1_168' title='bbox 852 2554 1145 2626; x_wconf 84' lang='grc' dir='ltr'>μαρτύρων</span> <span class='ocrx_word' id='word_1_169' title='bbox 1227 2558 1589 2627; x_wconf 73' lang='grc' dir='ltr'>ἀποκείμενον</span> <span class='ocrx_word' id='word_1_170' title='bbox 1635 2560 1744 2611; x_wconf 80' lang='grc' dir='ltr'>δεί-</span> 
     </span>
    </p>
   </div>
   <div class='ocr_carea' id='block_1_29' title="bbox 171 2646 1743 2711">
    <p class='ocr_par' dir='ltr' id='par_1_29' title="bbox 171 2646 1743 2711">
     <span class='ocr_line' id='line_1_29' title="bbox 171 2646 1743 2711; baseline 0.004 -15"><span class='ocrx_word' id='word_1_171' title='bbox 171 2667 188 2696; x_wconf 76' lang='grc' dir='ltr'><strong>ι</strong></span> <span class='ocrx_word' id='word_1_172' title='bbox 229 2663 482 2711; x_wconf 84' lang='grc' dir='ltr'>κνυνται,</span> <span class='ocrx_word' id='word_1_173' title='bbox 517 2646 628 2699; x_wconf 76' lang='grc' dir='ltr'><strong>ἀπὸ</strong></span> <span class='ocrx_word' id='word_1_174' title='bbox 652 2647 766 2699; x_wconf 89' lang='grc' dir='ltr'><strong>τῶν</strong></span> <span class='ocrx_word' id='word_1_175' title='bbox 807 2647 1069 2700; x_wconf 71' lang='grc' dir='ltr'>ἐντοπίων</span> <span class='ocrx_word' id='word_1_176' title='bbox 1145 2649 1485 2711; x_wconf 73' lang='grc' dir='ltr'>ἐπισκόπων,</span> <span class='ocrx_word' id='word_1_177' title='bbox 1532 2651 1580 2701; x_wconf 88' lang='grc' dir='ltr'><strong>εί</strong></span> <span class='ocrx_word' id='word_1_178' title='bbox 1627 2650 1743 2702; x_wconf 76' lang='grc' dir='ltr'>ἔστι</span> 
     </span>
    </p>
   </div>
   <div class='ocr_carea' id='block_1_30' title="bbox 168 2738 1744 2812">
    <p class='ocr_par' dir='ltr' id='par_1_30' title="bbox 168 2738 1744 2812">
     <span class='ocr_line' id='line_1_30' title="bbox 168 2738 1744 2812; baseline 0.004 -27"><span class='ocrx_word' id='word_1_179' title='bbox 168 2755 188 2785; x_wconf 75' lang='grc' dir='ltr'><strong>ι</strong></span> <span class='ocrx_word' id='word_1_180' title='bbox 231 2738 481 2803; x_wconf 76' lang='grc' dir='ltr'>δυνατὸν,</span> <span class='ocrx_word' id='word_1_181' title='bbox 520 2738 1036 2808; x_wconf 81' lang='grc' dir='ltr'>καταστρέφωνται.</span> <span class='ocrx_word' id='word_1_182' title='bbox 1065 2740 1126 2791; x_wconf 78' lang='lat' dir='ltr'><strong>Et</strong></span> <span class='ocrx_word' id='word_1_183' title='bbox 1173 2739 1230 2792; x_wconf 74' lang='grc' dir='ltr'>δὲ</span> <span class='ocrx_word' id='word_1_184' title='bbox 1285 2740 1444 2793; x_wconf 81' lang='grc' dir='ltr'>τοῦτο</span> <span class='ocrx_word' id='word_1_185' title='bbox 1495 2741 1744 2812; x_wconf 76' lang='grc' dir='ltr'>θορύὸοις</span> 
     </span>
    </p>
   </div>
   <div class='ocr_carea' id='block_1_31' title="bbox 173 2829 1744 2900">
    <p class='ocr_par' dir='ltr' id='par_1_31' title="bbox 173 2829 1744 2900">
     <span class='ocr_line' id='line_1_31' title="bbox 173 2829 1744 2900; baseline 0.004 -22"><span class='ocrx_word' id='word_1_186' title='bbox 173 2848 188 2878; x_wconf 89' lang='grc' dir='ltr'><strong>ι</strong></span> <span class='ocrx_word' id='word_1_187' title='bbox 227 2829 548 2897; x_wconf 79' lang='grc' dir='ltr'>δημοτικοῖς</span> <span class='ocrx_word' id='word_1_188' title='bbox 580 2830 642 2882; x_wconf 82' lang='grc' dir='ltr'>οὐ</span> <span class='ocrx_word' id='word_1_189' title='bbox 672 2832 1062 2899; x_wconf 85' lang='grc' dir='ltr'>συγχωρεῖται,</span> <span class='ocrx_word' id='word_1_190' title='bbox 1098 2830 1248 2897; x_wconf 82' lang='grc' dir='ltr'>ὅμως</span> <span class='ocrx_word' id='word_1_191' title='bbox 1280 2831 1348 2883; x_wconf 82' lang='grc' dir='ltr'>τὰ</span> <span class='ocrx_word' id='word_1_192' title='bbox 1399 2832 1576 2900; x_wconf 80' lang='grc' dir='ltr'>πλήθη</span> <span class='ocrx_word' id='word_1_193' title='bbox 1617 2850 1744 2887; x_wconf 85' lang='grc' dir='ltr'>νου-</span> 
     </span>
    </p>
   </div>
   <div class='ocr_carea' id='block_1_32' title="bbox 170 2918 1744 2989">
    <p class='ocr_par' dir='ltr' id='par_1_32' title="bbox 170 2918 1744 2989">
     <span class='ocr_line' id='line_1_32' title="bbox 170 2918 1744 2989; baseline 0.004 -23"><span class='ocrx_word' id='word_1_194' title='bbox 170 2937 186 2966; x_wconf 83' lang='grc' dir='ltr'><strong>ι</strong></span> <span class='ocrx_word' id='word_1_195' title='bbox 233 2918 503 2986; x_wconf 84' lang='grc' dir='ltr'>θετηθῶσι</span> <span class='ocrx_word' id='word_1_196' title='bbox 533 2919 607 2989; x_wconf 80' lang='grc' dir='ltr'>μὴ</span> <span class='ocrx_word' id='word_1_197' title='bbox 625 2919 965 2989; x_wconf 74' lang='grc' dir='ltr'>ὀχλαγωγείν</span> <span class='ocrx_word' id='word_1_198' title='bbox 981 2920 1105 2982; x_wconf 73' lang='grc' dir='ltr'>τοὺς</span> <span class='ocrx_word' id='word_1_199' title='bbox 1124 2921 1325 2982; x_wconf 79' lang='grc' dir='ltr'>τόπους</span> <span class='ocrx_word' id='word_1_200' title='bbox 1345 2923 1583 2983; x_wconf 76' lang='grc' dir='ltr'>ἐκείνους</span> <span class='ocrx_word' id='word_1_201' title='bbox 1603 2938 1618 2953; x_wconf 77' lang='grc' dir='ltr'><strong>ο</strong></span> <span class='ocrx_word' id='word_1_202' title='bbox 1648 2923 1744 2976; x_wconf 80' lang='grc' dir='ltr'>καὶ</span> 
     </span>
    </p>
   </div>
   <div class='ocr_carea' id='block_1_33' title="bbox 171 3008 1740 3083">
    <p class='ocr_par' dir='ltr' id='par_1_33' title="bbox 171 3008 1740 3083">
     <span class='ocr_line' id='line_1_33' title="bbox 171 3008 1740 3083; baseline 0.003 -25"><span class='ocrx_word' id='word_1_203' title='bbox 171 3029 187 3058; x_wconf 85' lang='grc' dir='ltr'><strong>ι</strong></span> <span class='ocrx_word' id='word_1_204' title='bbox 219 3011 311 3062; x_wconf 79' lang='grc' dir='ltr'>ἶνα</span> <span class='ocrx_word' id='word_1_205' title='bbox 341 3011 388 3062; x_wconf 80' lang='lat' dir='ltr'><strong>oi</strong></span> <span class='ocrx_word' id='word_1_206' title='bbox 419 3009 486 3061; x_wconf 78' lang='grc' dir='ltr'><strong>τὰ</strong></span> <span class='ocrx_word' id='word_1_207' title='bbox 519 3009 656 3077; x_wconf 82' lang='grc' dir='ltr'>ὀρθὰ</span> <span class='ocrx_word' id='word_1_208' title='bbox 687 3008 1012 3076; x_wconf 81' lang='grc' dir='ltr'>φρονοῦντες</span> <span class='ocrx_word' id='word_1_209' title='bbox 1069 3011 1308 3080; x_wconf 81' lang='grc' dir='ltr'>μηδεμιᾷ</span> <span class='ocrx_word' id='word_1_210' title='bbox 1348 3012 1740 3083; x_wconf 79' lang='grc' dir='ltr'>δεισιδαιμονίᾳ</span> 
     </span>
    </p>
   </div>
   <div class='ocr_carea' id='block_1_34' title="bbox 171 3097 1806 3172">
    <p class='ocr_par' dir='ltr' id='par_1_34' title="bbox 171 3097 1806 3172">
     <span class='ocr_line' id='line_1_34' title="bbox 171 3097 1806 3172; baseline 0.004 -26"><span class='ocrx_word' id='word_1_211' title='bbox 171 3121 184 3146; x_wconf 78' lang='grc' dir='ltr'><strong>ι</strong></span> <span class='ocrx_word' id='word_1_212' title='bbox 229 3098 615 3151; x_wconf 79' lang='grc' dir='ltr'>τῶντοιούτων</span> <span class='ocrx_word' id='word_1_213' title='bbox 641 3097 826 3150; x_wconf 82' lang='grc' dir='ltr'>τόπων</span> <span class='ocrx_word' id='word_1_214' title='bbox 848 3098 1320 3165; x_wconf 76' lang='grc' dir='ltr'>καταδεσμῶνται,</span> <span class='ocrx_word' id='word_1_215' title='bbox 1355 3102 1449 3152; x_wconf 61' lang='grc' dir='ltr'>καὶ</span> <span class='ocrx_word' id='word_1_216' title='bbox 1469 3101 1735 3169; x_wconf 84' lang='grc' dir='ltr'>μηδαμῶς</span> <span class='ocrx_word' id='word_1_217' title='bbox 1761 3110 1806 3172; x_wconf 80' lang='lat' dir='ltr'>C</span> 
     </span>
    </p>
   </div>
   <div class='ocr_carea' id='block_1_35' title="bbox 171 3187 1734 3259">
    <p class='ocr_par' dir='ltr' id='par_1_35' title="bbox 171 3187 1734 3259">
     <span class='ocr_line' id='line_1_35' title="bbox 171 3187 1734 3259; baseline 0.003 -23"><span class='ocrx_word' id='word_1_218' title='bbox 171 3210 184 3236; x_wconf 83' lang='grc' dir='ltr'><strong>ι</strong></span> <span class='ocrx_word' id='word_1_219' title='bbox 223 3189 357 3257; x_wconf 77' lang='grc' dir='ltr'>μηδὲ</span> <span class='ocrx_word' id='word_1_220' title='bbox 403 3193 596 3257; x_wconf 84' lang='grc' dir='ltr'>μνήμη</span> <span class='ocrx_word' id='word_1_221' title='bbox 635 3187 933 3258; x_wconf 73' lang='grc' dir='ltr'>μαρτύρων</span> <span class='ocrx_word' id='word_1_222' title='bbox 955 3187 1298 3258; x_wconf 68' lang='grc' dir='ltr'>ἐπιτελεσθῇ,</span> <span class='ocrx_word' id='word_1_223' title='bbox 1333 3190 1382 3240; x_wconf 86' lang='grc' dir='ltr'><strong>εί</strong></span> <span class='ocrx_word' id='word_1_224' title='bbox 1432 3189 1505 3257; x_wconf 89' lang='grc' dir='ltr'>μή</span> <span class='ocrx_word' id='word_1_225' title='bbox 1564 3204 1668 3240; x_wconf 88' lang='grc' dir='ltr'><strong>που</strong></span> <span class='ocrx_word' id='word_1_226' title='bbox 1702 3189 1734 3259; x_wconf 82' lang='grc' dir='ltr'>ἢ</span> 
     </span>
    </p>
   </div>
   <div class='ocr_carea' id='block_1_36' title="bbox 166 3273 1736 3348">
    <p class='ocr_par' dir='ltr' id='par_1_36' title="bbox 166 3273 1736 3348">
     <span class='ocr_line' id='line_1_36' title="bbox 166 3273 1736 3348; baseline 0.003 -21"><span class='ocrx_word' id='word_1_227' title='bbox 166 3299 184 3327; x_wconf 71' lang='grc' dir='ltr'><strong>ι</strong></span> <span class='ocrx_word' id='word_1_228' title='bbox 224 3281 383 3348; x_wconf 85' lang='grc' dir='ltr'>σῶμα</span> <span class='ocrx_word' id='word_1_229' title='bbox 421 3280 456 3348; x_wconf 76' lang='grc' dir='ltr'>ἦ</span> <span class='ocrx_word' id='word_1_230' title='bbox 488 3297 608 3332; x_wconf 86' lang='grc' dir='ltr'>τινα</span> <span class='ocrx_word' id='word_1_231' title='bbox 629 3279 859 3346; x_wconf 82' lang='grc' dir='ltr'>λείψανα</span> <span class='ocrx_word' id='word_1_232' title='bbox 918 3273 1050 3330; x_wconf 81' lang='grc' dir='ltr'>ὦσιν</span> <span class='ocrx_word' id='word_1_233' title='bbox 1104 3279 1135 3348; x_wconf 89' lang='grc' dir='ltr'>ἢ</span> <span class='ocrx_word' id='word_1_234' title='bbox 1197 3279 1548 3347; x_wconf 81' lang='grc' dir='ltr'>ἁρχαιογονία</span> <span class='ocrx_word' id='word_1_235' title='bbox 1595 3279 1736 3341; x_wconf 76' lang='grc' dir='ltr'>τινὸς</span> 
     </span>
    </p>
   </div>
   <div class='ocr_carea' id='block_1_37' title="bbox 169 3368 1738 3437">
    <p class='ocr_par' dir='ltr' id='par_1_37' title="bbox 169 3368 1738 3437">
     <span class='ocr_line' id='line_1_37' title="bbox 169 3368 1738 3437; baseline 0.001 -18"><span class='ocrx_word' id='word_1_236' title='bbox 169 3390 182 3414; x_wconf 80' lang='grc' dir='ltr'><strong>ι</strong></span> <span class='ocrx_word' id='word_1_237' title='bbox 219 3371 495 3436; x_wconf 79' lang='grc' dir='ltr'>οἰκήσεως</span> <span class='ocrx_word' id='word_1_238' title='bbox 563 3369 596 3436; x_wconf 83' lang='grc' dir='ltr'><strong>ἧ</strong></span> <span class='ocrx_word' id='word_1_239' title='bbox 650 3372 898 3436; x_wconf 77' lang='grc' dir='ltr'>κτήσεως</span> <span class='ocrx_word' id='word_1_240' title='bbox 947 3369 977 3437; x_wconf 83' lang='grc' dir='ltr'>ἢ</span> <span class='ocrx_word' id='word_1_241' title='bbox 1029 3368 1235 3430; x_wconf 66' lang='grc' dir='ltr'>πάθους</span> <span class='ocrx_word' id='word_1_242' title='bbox 1291 3371 1454 3436; x_wconf 80' lang='grc' dir='ltr'>πιστῇ</span> <span class='ocrx_word' id='word_1_243' title='bbox 1518 3369 1738 3436; x_wconf 74' lang='grc' dir='ltr'>ἀρχαιό-</span> 
     </span>
    </p>
   </div>
   <div class='ocr_carea' id='block_1_38' title="bbox 165 3457 1736 3528">
    <p class='ocr_par' dir='ltr' id='par_1_38' title="bbox 165 3457 1736 3528">
     <span class='ocr_line' id='line_1_38' title="bbox 165 3457 1736 3528; baseline 0 -22"><span class='ocrx_word' id='word_1_244' title='bbox 165 3478 181 3506; x_wconf 83' lang='grc' dir='ltr'><strong>ι</strong></span> <span class='ocrx_word' id='word_1_245' title='bbox 219 3475 342 3528; x_wconf 81' lang='grc' dir='ltr'>τητι</span> <span class='ocrx_word' id='word_1_246' title='bbox 383 3459 813 3528; x_wconf 82' lang='grc' dir='ltr'>παραδιδωνται.</span> <span class='ocrx_word' id='word_1_247' title='bbox 848 3460 989 3510; x_wconf 85' lang='grc' dir='ltr'>Ὅσα</span> <span class='ocrx_word' id='word_1_248' title='bbox 1017 3458 1124 3524; x_wconf 78' lang='grc' dir='ltr'>γὰρ</span> <span class='ocrx_word' id='word_1_249' title='bbox 1184 3458 1254 3509; x_wconf 84' lang='grc' dir='ltr'><strong>δι’</strong></span> <span class='ocrx_word' id='word_1_250' title='bbox 1319 3457 1590 3509; x_wconf 65' lang='grc' dir='ltr'>ἐνυπνίων</span> <span class='ocrx_word' id='word_1_251' title='bbox 1644 3458 1736 3509; x_wconf 71' lang='grc' dir='ltr'>καὶ</span> 
     </span>
    </p>
   </div>
   <div class='ocr_carea' id='block_1_39' title="bbox 163 3548 1736 3620">
    <p class='ocr_par' dir='ltr' id='par_1_39' title="bbox 163 3548 1736 3620">
     <span class='ocr_line' id='line_1_39' title="bbox 163 3548 1736 3620; baseline -0.001 -20"><span class='ocrx_word' id='word_1_252' title='bbox 163 3572 182 3600; x_wconf 75' lang='grc' dir='ltr'><strong>ι</strong></span> <span class='ocrx_word' id='word_1_253' title='bbox 220 3551 472 3620; x_wconf 84' lang='grc' dir='ltr'>ματαίων</span> <span class='ocrx_word' id='word_1_254' title='bbox 503 3549 904 3619; x_wconf 66' lang='grc' dir='ltr'>ἀποκαλίψεων</span> <span class='ocrx_word' id='word_1_255' title='bbox 936 3551 1240 3618; x_wconf 82' lang='grc' dir='ltr'>ἀνθρώπων</span> <span class='ocrx_word' id='word_1_256' title='bbox 1281 3548 1444 3600; x_wconf 90' lang='grc' dir='ltr'>τινῶν</span> <span class='ocrx_word' id='word_1_257' title='bbox 1502 3548 1736 3616; x_wconf 81' lang='grc' dir='ltr'>ὁπουδή-</span> 
     </span>
    </p>
   </div>
   <div class='ocr_carea' id='block_1_40' title="bbox 168 3640 1737 3710">
    <p class='ocr_par' dir='ltr' id='par_1_40' title="bbox 168 3640 1737 3710">
     <span class='ocr_line' id='line_1_40' title="bbox 168 3640 1737 3710; baseline 0.001 -18"><span class='ocrx_word' id='word_1_258' title='bbox 168 3664 183 3692; x_wconf 88' lang='grc' dir='ltr'><strong>ι</strong></span> <span class='ocrx_word' id='word_1_259' title='bbox 230 3658 363 3696; x_wconf 79' lang='grc' dir='ltr'>ποτε</span> <span class='ocrx_word' id='word_1_260' title='bbox 417 3641 779 3694; x_wconf 84' lang='grc' dir='ltr'>καθίστανται</span> <span class='ocrx_word' id='word_1_261' title='bbox 827 3641 1206 3710; x_wconf 77' lang='grc' dir='ltr'>θυσιαστήρια,</span> <span class='ocrx_word' id='word_1_262' title='bbox 1241 3641 1406 3692; x_wconf 77' lang='grc' dir='ltr'>παντὶ</span> <span class='ocrx_word' id='word_1_263' title='bbox 1448 3642 1636 3710; x_wconf 80' lang='grc' dir='ltr'>τρόπῳ</span> <span class='ocrx_word' id='word_1_264' title='bbox 1667 3640 1737 3693; x_wconf 72' lang='grc' dir='ltr'><strong>τὰ</strong></span> 
     </span>
    </p>
   </div>
   <div class='ocr_carea' id='block_1_41' title="bbox 165 3732 1069 3802">
    <p class='ocr_par' dir='ltr' id='par_1_41' title="bbox 165 3732 1069 3802">
     <span class='ocr_line' id='line_1_41' title="bbox 165 3732 1069 3802; baseline -0.003 -17"><span class='ocrx_word' id='word_1_265' title='bbox 165 3757 180 3785; x_wconf 90' lang='grc' dir='ltr'><strong>ι</strong></span> <span class='ocrx_word' id='word_1_266' title='bbox 215 3735 450 3798; x_wconf 80' lang='grc' dir='ltr'>τοιαῦτα</span> <span class='ocrx_word' id='word_1_267' title='bbox 475 3732 1017 3802; x_wconf 70' lang='grc' dir='ltr'>ἀπώοκιμασθῶσιν.</span> <span class='ocrx_word' id='word_1_268' title='bbox 1053 3750 1069 3782; x_wconf 75' lang='grc' dir='ltr'><strong>ι</strong></span> 
     </span>
    </p>
   </div>
   <div class='ocr_carea' id='block_1_42' title="bbox 227 3819 1736 3894">
    <p class='ocr_par' dir='ltr' id='par_1_42' title="bbox 227 3819 1736 3894">
     <span class='ocr_line' id='line_1_42' title="bbox 227 3819 1736 3894; baseline 0 -18"><span class='ocrx_word' id='word_1_269' title='bbox 227 3825 430 3878; x_wconf 82' lang='grc' dir='ltr'><strong>ΒΔΔΣ.</strong></span> <span class='ocrx_word' id='word_1_270' title='bbox 468 3824 866 3876; x_wconf 81' lang='grc' dir='ltr'>Κεκανόνισται</span> <span class='ocrx_word' id='word_1_271' title='bbox 900 3823 973 3891; x_wconf 81' lang='grc' dir='ltr'>μὴ</span> <span class='ocrx_word' id='word_1_272' title='bbox 998 3822 1174 3884; x_wconf 79' lang='grc' dir='ltr'>ἄλλως</span> <span class='ocrx_word' id='word_1_273' title='bbox 1231 3823 1521 3894; x_wconf 69' lang='grc' dir='ltr'>εὖκτήριον</span> <span class='ocrx_word' id='word_1_274' title='bbox 1587 3819 1736 3876; x_wconf 75' lang='grc' dir='ltr'>οἶκον</span> 
     </span>
    </p>
   </div>
   <div class='ocr_carea' id='block_1_43' title="bbox 159 3912 1734 3986">
    <p class='ocr_par' dir='ltr' id='par_1_43' title="bbox 159 3912 1734 3986">
     <span class='ocr_line' id='line_1_43' title="bbox 159 3912 1734 3986; baseline 0.001 -20"><span class='ocrx_word' id='word_1_275' title='bbox 159 3913 536 3986; x_wconf 74' lang='grc' dir='ltr'>ἀ-ιεγείρεσθαι</span> <span class='ocrx_word' id='word_1_276' title='bbox 572 3912 934 3981; x_wconf 76' lang='grc' dir='ltr'>ὁπουδήποτε,</span> <span class='ocrx_word' id='word_1_277' title='bbox 1003 3914 1051 3964; x_wconf 89' lang='grc' dir='ltr'><strong>εί</strong></span> <span class='ocrx_word' id='word_1_278' title='bbox 1121 3915 1196 3982; x_wconf 81' lang='grc' dir='ltr'>μὴ</span> <span class='ocrx_word' id='word_1_279' title='bbox 1250 3913 1370 3964; x_wconf 81' lang='grc' dir='ltr'>κατ’</span> <span class='ocrx_word' id='word_1_280' title='bbox 1429 3915 1734 3984; x_wconf 73' lang='grc' dir='ltr'>ἐπιτροπὴν</span> 
     </span>
    </p>
   </div>
   <div class='ocr_carea' id='block_1_44' title="bbox 161 4003 1735 4074">
    <p class='ocr_par' dir='ltr' id='par_1_44' title="bbox 161 4003 1735 4074">
     <span class='ocr_line' id='line_1_44' title="bbox 161 4003 1735 4074; baseline 0.001 -19"><span class='ocrx_word' id='word_1_281' title='bbox 161 4007 523 4073; x_wconf 72' lang='grc' dir='ltr'>ἱπισκοπικὴν</span> <span class='ocrx_word' id='word_1_282' title='bbox 594 4005 627 4074; x_wconf 80' lang='grc' dir='ltr'><strong>ἦ</strong></span> <span class='ocrx_word' id='word_1_283' title='bbox 681 4005 778 4057; x_wconf 77' lang='grc' dir='ltr'>καὶ</span> <span class='ocrx_word' id='word_1_284' title='bbox 820 4006 1126 4074; x_wconf 82' lang='grc' dir='ltr'>παρουσίαν</span> <span class='ocrx_word' id='word_1_285' title='bbox 1164 4003 1297 4072; x_wconf 78' lang='grc' dir='ltr'>εὐχὴ</span> <span class='ocrx_word' id='word_1_286' title='bbox 1355 4003 1606 4072; x_wconf 77' lang='grc' dir='ltr'>θεμελίου</span> <span class='ocrx_word' id='word_1_287' title='bbox 1651 4021 1735 4056; x_wconf 88' lang='grc' dir='ltr'>τε-</span> 
     </span>
    </p>
   </div>
   <div class='ocr_carea' id='block_1_45' title="bbox 160 4095 1731 4167">
    <p class='ocr_par' dir='ltr' id='par_1_45' title="bbox 160 4095 1731 4167">
     <span class='ocr_line' id='line_1_45' title="bbox 160 4095 1731 4167; baseline -0.003 -19"><span class='ocrx_word' id='word_1_288' title='bbox 160 4100 320 4167; x_wconf 65' lang='grc' dir='ltr'>λετθῇ</span> <span class='ocrx_word' id='word_1_289' title='bbox 351 4098 498 4149; x_wconf 85' lang='grc' dir='ltr'>κατὰ</span> <span class='ocrx_word' id='word_1_290' title='bbox 525 4096 714 4160; x_wconf 85' lang='grc' dir='ltr'>τόπον,</span> <span class='ocrx_word' id='word_1_291' title='bbox 741 4097 836 4148; x_wconf 81' lang='grc' dir='ltr'>καὶ</span> <span class='ocrx_word' id='word_1_292' title='bbox 888 4095 1296 4164; x_wconf 80' lang='grc' dir='ltr'>σταυροπήγιον</span> <span class='ocrx_word' id='word_1_293' title='bbox 1347 4095 1558 4162; x_wconf 73' lang='grc' dir='ltr'>ὲντεθῇ,</span> <span class='ocrx_word' id='word_1_294' title='bbox 1638 4096 1731 4146; x_wconf 83' lang='grc' dir='ltr'>καὶ</span> 
     </span>
    </p>
   </div>
   <div class='ocr_carea' id='block_1_46' title="bbox 156 4183 1732 4254">
    <p class='ocr_par' dir='ltr' id='par_1_46' title="bbox 156 4183 1732 4254">
     <span class='ocr_line' id='line_1_46' title="bbox 156 4183 1732 4254; baseline -0.001 -16"><span class='ocrx_word' id='word_1_295' title='bbox 156 4191 236 4241; x_wconf 66' lang='grc' dir='ltr'>διὰ</span> <span class='ocrx_word' id='word_1_296' title='bbox 264 4189 615 4247; x_wconf 81' lang='grc' dir='ltr'>καταθέσεως</span> <span class='ocrx_word' id='word_1_297' title='bbox 645 4183 817 4248; x_wconf 78' lang='grc' dir='ltr'>ἁγίων</span> <span class='ocrx_word' id='word_1_298' title='bbox 840 4185 1107 4253; x_wconf 83' lang='grc' dir='ltr'>λειψάνων</span> <span class='ocrx_word' id='word_1_299' title='bbox 1153 4183 1507 4254; x_wconf 82' lang='grc' dir='ltr'>μαρτυρικῶν</span> <span class='ocrx_word' id='word_1_300' title='bbox 1547 4184 1732 4236; x_wconf 76' lang='grc' dir='ltr'>καθιε-</span> 
     </span>
    </p>
   </div>
   <div class='ocr_carea' id='block_1_47' title="bbox 162 4272 1730 4345">
    <p class='ocr_par' dir='ltr' id='par_1_47' title="bbox 162 4272 1730 4345">
     <span class='ocr_line' id='line_1_47' title="bbox 162 4272 1730 4345; baseline -0.002 -17"><span class='ocrx_word' id='word_1_301' title='bbox 162 4280 300 4345; x_wconf 77' lang='grc' dir='ltr'>ρωηῇ</span> <span class='ocrx_word' id='word_1_302' title='bbox 320 4280 347 4328; x_wconf 76' lang='grc' dir='ltr'><strong>δ</strong></span> <span class='ocrx_word' id='word_1_303' title='bbox 378 4275 529 4336; x_wconf 80' lang='grc' dir='ltr'>ναός.</span> <span class='ocrx_word' id='word_1_304' title='bbox 577 4274 730 4325; x_wconf 74' lang='grc' dir='ltr'>Ἐπεὶ</span> <span class='ocrx_word' id='word_1_305' title='bbox 758 4273 815 4326; x_wconf 90' lang='grc' dir='ltr'><strong>δέ</strong></span> <span class='ocrx_word' id='word_1_306' title='bbox 838 4289 1002 4334; x_wconf 85' lang='grc' dir='ltr'>τινες,</span> <span class='ocrx_word' id='word_1_307' title='bbox 1044 4272 1117 4335; x_wconf 85' lang='grc' dir='ltr'>ὡς</span> <span class='ocrx_word' id='word_1_308' title='bbox 1148 4272 1344 4335; x_wconf 73' lang='grc' dir='ltr'>ἔοικεν,</span> <span class='ocrx_word' id='word_1_309' title='bbox 1377 4272 1486 4326; x_wconf 79' lang='grc' dir='ltr'><strong>ἀπὸ</strong></span> <span class='ocrx_word' id='word_1_310' title='bbox 1517 4272 1730 4342; x_wconf 79' lang='grc' dir='ltr'>ὀνειρά-</span> 
     </span>
    </p>
   </div>
   <div class='ocr_carea' id='block_1_48' title="bbox 160 4363 1728 4435">
    <p class='ocr_par' dir='ltr' id='par_1_48' title="bbox 160 4363 1728 4435">
     <span class='ocr_line' id='line_1_48' title="bbox 160 4363 1728 4435; baseline -0.003 -17"><span class='ocrx_word' id='word_1_311' title='bbox 160 4385 258 4419; x_wconf 73' lang='grc' dir='ltr'><strong>των</strong></span> <span class='ocrx_word' id='word_1_312' title='bbox 288 4370 319 4435; x_wconf 77' lang='grc' dir='ltr'>ἦ</span> <span class='ocrx_word' id='word_1_313' title='bbox 348 4369 445 4419; x_wconf 68' lang='grc' dir='ltr'>καὶ</span> <span class='ocrx_word' id='word_1_314' title='bbox 473 4366 975 4433; x_wconf 82' lang='grc' dir='ltr'>πεπλαστευμὲνων</span> <span class='ocrx_word' id='word_1_315' title='bbox 1005 4363 1406 4430; x_wconf 80' lang='grc' dir='ltr'>ἀποκαλύψεων</span> <span class='ocrx_word' id='word_1_316' title='bbox 1435 4364 1728 4433; x_wconf 82' lang='grc' dir='ltr'>ἀνήγειρον</span> 
     </span>
    </p>
   </div>
   <div class='ocr_carea' id='block_1_49' title="bbox 1855 558 3420 632">
    <p class='ocr_par' dir='ltr' id='par_1_49' title="bbox 1855 558 3420 632">
     <span class='ocr_line' id='line_1_49' title="bbox 1855 558 3420 632; baseline 0 -23"><span class='ocrx_word' id='word_1_317' title='bbox 1855 561 2172 615; x_wconf 82' lang='lat' dir='ltr'><strong>vicesimum</strong></span> <span class='ocrx_word' id='word_1_318' title='bbox 2227 573 2438 618; x_wconf 75' lang='lat' dir='ltr'><strong>sextum</strong></span> <span class='ocrx_word' id='word_1_319' title='bbox 2472 560 2994 632; x_wconf 58' lang='lat' dir='ltr'><strong>tit.quadragesimi</strong></span> <span class='ocrx_word' id='word_1_320' title='bbox 3046 559 3224 613; x_wconf 89' lang='lat' dir='ltr'><strong>octavi</strong></span> <span class='ocrx_word' id='word_1_321' title='bbox 3273 558 3420 620; x_wconf 89' lang='lat' dir='ltr'><strong>libri,</strong></span> 
     </span>
    </p>
   </div>
   <div class='ocr_carea' id='block_1_50' title="bbox 1852 647 3422 723">
    <p class='ocr_par' dir='ltr' id='par_1_50' title="bbox 1852 647 3422 723">
     <span class='ocr_line' id='line_1_50' title="bbox 1852 647 3422 723; baseline -0.001 -21"><span class='ocrx_word' id='word_1_322' title='bbox 1852 655 1943 719; x_wconf 91' lang='lat' dir='ltr'><strong>qui</strong></span> <span class='ocrx_word' id='word_1_323' title='bbox 1980 653 2137 706; x_wconf 89' lang='lat' dir='ltr'><strong>docet</strong></span> <span class='ocrx_word' id='word_1_324' title='bbox 2189 654 2254 708; x_wconf 86' lang='lat' dir='ltr'><strong>tle</strong></span> <span class='ocrx_word' id='word_1_325' title='bbox 2298 655 2472 710; x_wconf 72' lang='lat' dir='ltr'><strong>servis</strong></span> <span class='ocrx_word' id='word_1_326' title='bbox 2507 654 2598 723; x_wconf 90' lang='lat' dir='ltr'><strong>qui</strong></span> <span class='ocrx_word' id='word_1_327' title='bbox 2631 653 3092 707; x_wconf 88' lang='lat' dir='ltr'><strong>manumittuntur</strong></span> <span class='ocrx_word' id='word_1_328' title='bbox 3127 666 3142 702; x_wconf 89' lang='lat'><strong>:</strong></span> <span class='ocrx_word' id='word_1_329' title='bbox 3171 647 3336 718; x_wconf 76' lang='lat'><strong>619</strong></span> <span class='ocrx_word' id='word_1_330' title='bbox 3363 658 3422 701; x_wconf 81' lang='lat' dir='ltr'><strong>et</strong></span> 
     </span>
    </p>
   </div>
   <div class='ocr_carea' id='block_1_51' title="bbox 1854 739 3419 814">
    <p class='ocr_par' dir='ltr' id='par_1_51' title="bbox 1854 739 3419 814">
     <span class='ocr_line' id='line_1_51' title="bbox 1854 739 3419 814; baseline -0.003 -19"><span class='ocrx_word' id='word_1_331' title='bbox 1854 744 2122 797; x_wconf 78' lang='lat' dir='ltr'><strong>novellam</strong></span> <span class='ocrx_word' id='word_1_332' title='bbox 2153 745 2283 799; x_wconf 81' lang='lat' dir='ltr'><strong>clari</strong></span> <span class='ocrx_word' id='word_1_333' title='bbox 2323 745 2666 814; x_wconf 88' lang='lat' dir='ltr'><strong>imperatoris</strong></span> <span class='ocrx_word' id='word_1_334' title='bbox 2692 743 2897 798; x_wconf 84' lang='lat' dir='ltr'><strong>domini</strong></span> <span class='ocrx_word' id='word_1_335' title='bbox 2929 741 3104 805; x_wconf 73' lang='lat' dir='ltr'><strong>Alexii</strong></span> <span class='ocrx_word' id='word_1_336' title='bbox 3131 739 3419 802; x_wconf 90' lang='lat' dir='ltr'><strong>Comneni,</strong></span> 
     </span>
    </p>
   </div>
   <div class='ocr_carea' id='block_1_52' title="bbox 1852 829 3418 904">
    <p class='ocr_par' dir='ltr' id='par_1_52' title="bbox 1852 829 3418 904">
     <span class='ocr_line' id='line_1_52' title="bbox 1852 829 3418 904; baseline -0.006 -14"><span class='ocrx_word' id='word_1_337' title='bbox 1852 850 1972 903; x_wconf 57' lang='lat' dir='ltr'><strong>qua</strong></span> <span class='ocrx_word' id='word_1_338' title='bbox 2015 838 2206 891; x_wconf 85' lang='lat' dir='ltr'><strong>statuit</strong></span> <span class='ocrx_word' id='word_1_339' title='bbox 2260 853 2370 891; x_wconf 80' lang='lat' dir='ltr'><strong>non</strong></span> <span class='ocrx_word' id='word_1_340' title='bbox 2401 838 2602 893; x_wconf 89' lang='lat' dir='ltr'><strong>habere</strong></span> <span class='ocrx_word' id='word_1_341' title='bbox 2641 835 2817 890; x_wconf 87' lang='lat' dir='ltr'><strong>locum</strong></span> <span class='ocrx_word' id='word_1_342' title='bbox 2847 835 2990 904; x_wconf 74' lang='lat' dir='ltr'><strong>leges</strong></span> <span class='ocrx_word' id='word_1_343' title='bbox 3023 834 3091 886; x_wconf 89' lang='lat' dir='ltr'><strong>de</strong></span> <span class='ocrx_word' id='word_1_344' title='bbox 3148 829 3418 885; x_wconf 81' lang='lat' dir='ltr'><strong>contraria</strong></span> 
     </span>
    </p>
   </div>
   <div class='ocr_carea' id='block_1_53' title="bbox 1851 920 3423 996">
    <p class='ocr_par' dir='ltr' id='par_1_53' title="bbox 1851 920 3423 996">
     <span class='ocr_line' id='line_1_53' title="bbox 1851 920 3423 996; baseline -0.004 -17"><span class='ocrx_word' id='word_1_345' title='bbox 1851 926 2074 980; x_wconf 91' lang='lat' dir='ltr'><strong>testium</strong></span> <span class='ocrx_word' id='word_1_346' title='bbox 2140 929 2520 996; x_wconf 87' lang='lat' dir='ltr'><strong>productione.</strong></span> <span class='ocrx_word' id='word_1_347' title='bbox 2544 930 2760 996; x_wconf 84' lang='lat' dir='ltr'><strong>quando</strong></span> <span class='ocrx_word' id='word_1_348' title='bbox 2794 925 2921 994; x_wconf 84' lang='lat' dir='ltr'><strong>quis</strong></span> <span class='ocrx_word' id='word_1_349' title='bbox 2957 924 3239 977; x_wconf 72' lang='lat' dir='ltr'><strong>contendit</strong></span> <span class='ocrx_word' id='word_1_350' title='bbox 3266 923 3330 974; x_wconf 90' lang='lat' dir='ltr'><strong>de</strong></span> <span class='ocrx_word' id='word_1_351' title='bbox 3353 920 3423 973; x_wconf 74' lang='lat' dir='ltr'><strong>li~</strong></span> 
     </span>
    </p>
   </div>
   <div class='ocr_carea' id='block_1_54' title="bbox 1850 1007 3421 1091">
    <p class='ocr_par' dir='ltr' id='par_1_54' title="bbox 1850 1007 3421 1091">
     <span class='ocr_line' id='line_1_54' title="bbox 1850 1007 3421 1091; baseline -0.006 -22"><span class='ocrx_word' id='word_1_352' title='bbox 1850 1017 2102 1072; x_wconf 86' lang='lat' dir='ltr'><strong>bertate:</strong></span> <span class='ocrx_word' id='word_1_353' title='bbox 2158 1021 2253 1072; x_wconf 87' lang='lat' dir='ltr'><strong>sed</strong></span> <span class='ocrx_word' id='word_1_354' title='bbox 2298 1019 2466 1072; x_wconf 83' lang='lat' dir='ltr'><strong>solam</strong></span> <span class='ocrx_word' id='word_1_355' title='bbox 2489 1017 2616 1091; x_wconf 71' lang='lat' dir='ltr'><strong>ﬁeri</strong></span> <span class='ocrx_word' id='word_1_356' title='bbox 2647 1016 2864 1069; x_wconf 88' lang='lat' dir='ltr'><strong>testium</strong></span> <span class='ocrx_word' id='word_1_357' title='bbox 2910 1013 3320 1077; x_wconf 74' lang='lat' dir='ltr'><strong>productionem</strong></span> <span class='ocrx_word' id='word_1_358' title='bbox 3355 1007 3421 1061; x_wconf 89' lang='lat' dir='ltr'><strong>ab</strong></span> 
     </span>
    </p>
   </div>
   <div class='ocr_carea' id='block_1_55' title="bbox 1849 1101 3422 1175">
    <p class='ocr_par' dir='ltr' id='par_1_55' title="bbox 1849 1101 3422 1175">
     <span class='ocr_line' id='line_1_55' title="bbox 1849 1101 3422 1175; baseline -0.01 -13"><span class='ocrx_word' id='word_1_359' title='bbox 1849 1121 1938 1170; x_wconf 85' lang='lat' dir='ltr'><strong>eo,</strong></span> <span class='ocrx_word' id='word_1_360' title='bbox 1969 1109 2058 1175; x_wconf 86' lang='lat' dir='ltr'><strong>qui</strong></span> <span class='ocrx_word' id='word_1_361' title='bbox 2089 1108 2142 1162; x_wconf 90' lang='lat' dir='ltr'><strong>in</strong></span> <span class='ocrx_word' id='word_1_362' title='bbox 2176 1110 2492 1164; x_wconf 77' lang='lat' dir='ltr'><strong>servitutem</strong></span> <span class='ocrx_word' id='word_1_363' title='bbox 2523 1107 2758 1168; x_wconf 88' lang='lat' dir='ltr'><strong>ducitur,</strong></span> <span class='ocrx_word' id='word_1_364' title='bbox 2785 1104 2868 1157; x_wconf 79' lang='lat' dir='ltr'><strong>vel</strong></span> <span class='ocrx_word' id='word_1_365' title='bbox 2896 1104 2949 1155; x_wconf 93' lang='lat' dir='ltr'><strong>in</strong></span> <span class='ocrx_word' id='word_1_366' title='bbox 2973 1101 3271 1155; x_wconf 87' lang='lat' dir='ltr'><strong>libertatem</strong></span> <span class='ocrx_word' id='word_1_367' title='bbox 3295 1112 3422 1167; x_wconf 88' lang='lat' dir='ltr'><strong>pro-</strong></span> 
     </span>
    </p>
   </div>
   <div class='ocr_carea' id='block_1_56' title="bbox 1850 1197 2070 1250">
    <p class='ocr_par' dir='ltr' id='par_1_56' title="bbox 1850 1197 2070 1250">
     <span class='ocr_line' id='line_1_56' title="bbox 1850 1197 2070 1250; baseline 0 0"><span class='ocrx_word' id='word_1_368' title='bbox 1850 1197 2070 1250; x_wconf 85' lang='lat' dir='ltr'><strong>clamat.</strong></span> 
     </span>
    </p>
   </div>
   <div class='ocr_carea' id='block_1_57' title="bbox 1920 1279 3422 1356">
    <p class='ocr_par' dir='ltr' id='par_1_57' title="bbox 1920 1279 3422 1356">
     <span class='ocr_line' id='line_1_57' title="bbox 1920 1279 3422 1356; baseline -0.006 -17"><span class='ocrx_word' id='word_1_369' title='bbox 1920 1286 2176 1341; x_wconf 78' lang='lat' dir='ltr'><strong>ZONAR.</strong></span> <span class='ocrx_word' id='word_1_370' title='bbox 2228 1289 2404 1352; x_wconf 84' lang='lat' dir='ltr'><strong>Servi,</strong></span> <span class='ocrx_word' id='word_1_371' title='bbox 2461 1288 2631 1345; x_wconf 81' lang='lat' dir='ltr'><strong>certis</strong></span> <span class='ocrx_word' id='word_1_372' title='bbox 2663 1285 2986 1356; x_wconf 77' lang='lat' dir='ltr'><strong>quibusdam</strong></span> <span class='ocrx_word' id='word_1_373' title='bbox 3039 1284 3105 1337; x_wconf 88' lang='lat' dir='ltr'><strong>de</strong></span> <span class='ocrx_word' id='word_1_374' title='bbox 3138 1279 3321 1336; x_wconf 79' lang='lat' dir='ltr'><strong>causis</strong></span> <span class='ocrx_word' id='word_1_375' title='bbox 3355 1280 3422 1331; x_wconf 85' lang='lat' dir='ltr'><strong>ad</strong></span> 
     </span>
    </p>
   </div>
   <div class='ocr_carea' id='block_1_58' title="bbox 1847 1376 3422 1450">
    <p class='ocr_par' dir='ltr' id='par_1_58' title="bbox 1847 1376 3422 1450">
     <span class='ocr_line' id='line_1_58' title="bbox 1847 1376 3422 1450; baseline -0.005 -17"><span class='ocrx_word' id='word_1_376' title='bbox 1847 1379 2137 1433; x_wconf 86' lang='lat' dir='ltr'><strong>ecclesiam</strong></span> <span class='ocrx_word' id='word_1_377' title='bbox 2188 1380 2589 1450; x_wconf 79' lang='lat' dir='ltr'><strong>confugientes,</strong></span> <span class='ocrx_word' id='word_1_378' title='bbox 2635 1380 2680 1434; x_wconf 84' lang='lat' dir='ltr'><strong>si</strong></span> <span class='ocrx_word' id='word_1_379' title='bbox 2747 1379 2798 1431; x_wconf 88' lang='lat' dir='ltr'><strong>id</strong></span> <span class='ocrx_word' id='word_1_380' title='bbox 2854 1376 3145 1443; x_wconf 90' lang='lat' dir='ltr'><strong>episcopus</strong></span> <span class='ocrx_word' id='word_1_381' title='bbox 3203 1384 3422 1438; x_wconf 64' lang='lat' dir='ltr'><strong>aequum</strong></span> 
     </span>
    </p>
   </div>
   <div class='ocr_carea' id='block_1_59' title="bbox 1849 1462 3420 1536">
    <p class='ocr_par' dir='ltr' id='par_1_59' title="bbox 1849 1462 3420 1536">
     <span class='ocr_line' id='line_1_59' title="bbox 1849 1462 3420 1536; baseline -0.006 -14"><span class='ocrx_word' id='word_1_382' title='bbox 1849 1471 2156 1524; x_wconf 80' lang='lat' dir='ltr'><strong>statuisset.</strong></span> <span class='ocrx_word' id='word_1_383' title='bbox 2193 1471 2753 1532; x_wconf 86' lang='lat' dir='ltr'><strong>manumittebantur;</strong></span> <span class='ocrx_word' id='word_1_384' title='bbox 2784 1483 2922 1536; x_wconf 82' lang='lat' dir='ltr'><strong>quos</strong></span> <span class='ocrx_word' id='word_1_385' title='bbox 2962 1462 3167 1518; x_wconf 85' lang='lat' dir='ltr'><strong>domini</strong></span> <span class='ocrx_word' id='word_1_386' title='bbox 3197 1475 3420 1514; x_wconf 84' lang='lat' dir='ltr'><strong>rursum</strong></span> 
     </span>
    </p>
   </div>
   <div class='ocr_carea' id='block_1_60' title="bbox 1847 1551 3421 1618">
    <p class='ocr_par' dir='ltr' id='par_1_60' title="bbox 1847 1551 3421 1618">
     <span class='ocr_line' id='line_1_60' title="bbox 1847 1551 3421 1618; baseline -0.007 -6"><span class='ocrx_word' id='word_1_387' title='bbox 1847 1559 1914 1612; x_wconf 86' lang='lat' dir='ltr'><strong>ad</strong></span> <span class='ocrx_word' id='word_1_388' title='bbox 1960 1563 2280 1616; x_wconf 78' lang='lat' dir='ltr'><strong>servitutem</strong></span> <span class='ocrx_word' id='word_1_389' title='bbox 2340 1562 2558 1616; x_wconf 86' lang='lat' dir='ltr'><strong>trahere</strong></span> <span class='ocrx_word' id='word_1_390' title='bbox 2587 1562 2918 1614; x_wconf 88' lang='lat' dir='ltr'><strong>niterentur.</strong></span> <span class='ocrx_word' id='word_1_391' title='bbox 2953 1556 3023 1608; x_wconf 85' lang='lat' dir='ltr'><strong>Ea</strong></span> <span class='ocrx_word' id='word_1_392' title='bbox 3053 1555 3120 1608; x_wconf 88' lang='lat' dir='ltr'><strong>de</strong></span> <span class='ocrx_word' id='word_1_393' title='bbox 3169 1567 3226 1606; x_wconf 89' lang='lat' dir='ltr'><strong>re</strong></span> <span class='ocrx_word' id='word_1_394' title='bbox 3257 1551 3421 1618; x_wconf 75' lang='lat' dir='ltr'><strong>igitur</strong></span> 
     </span>
    </p>
   </div>
   <div class='ocr_carea' id='block_1_61' title="bbox 1848 1648 3109 1716">
    <p class='ocr_par' dir='ltr' id='par_1_61' title="bbox 1848 1648 3109 1716">
     <span class='ocr_line' id='line_1_61' title="bbox 1848 1648 3109 1716; baseline -0.003 -16"><span class='ocrx_word' id='word_1_395' title='bbox 1848 1649 2237 1716; x_wconf 79' lang='lat' dir='ltr'><strong>imperatorem</strong></span> <span class='ocrx_word' id='word_1_396' title='bbox 2277 1665 2400 1706; x_wconf 88' lang='lat' dir='ltr'><strong>esse</strong></span> <span class='ocrx_word' id='word_1_397' title='bbox 2434 1651 2764 1704; x_wconf 87' lang='lat' dir='ltr'><strong>mouendum</strong></span> <span class='ocrx_word' id='word_1_398' title='bbox 2794 1648 2968 1700; x_wconf 90' lang='lat' dir='ltr'><strong>visum</strong></span> <span class='ocrx_word' id='word_1_399' title='bbox 3001 1651 3109 1698; x_wconf 87' lang='lat' dir='ltr'><strong>est.</strong></span> 
     </span>
    </p>
   </div>
   <div class='ocr_carea' id='block_1_62' title="bbox 1855 1730 3425 1805">
    <p class='ocr_par' dir='ltr' id='par_1_62' title="bbox 1855 1730 3425 1805">
     <span class='ocr_line' id='line_1_62' title="bbox 1855 1730 3425 1805; baseline -0.006 -11"><span class='ocrx_word' id='word_1_400' title='bbox 1855 1739 2084 1796; x_wconf 78' lang='lat' dir='ltr'><strong>ARIST.</strong></span> <span class='ocrx_word' id='word_1_401' title='bbox 2124 1761 2143 1792; x_wconf 87' lang='grc' dir='ltr'><strong>ι</strong></span> <span class='ocrx_word' id='word_1_402' title='bbox 2213 1741 2289 1796; x_wconf 93' lang='lat' dir='ltr'><strong>De</strong></span> <span class='ocrx_word' id='word_1_403' title='bbox 2336 1740 2870 1796; x_wconf 80' lang='lat' dir='ltr'><strong>manumissionibus</strong></span> <span class='ocrx_word' id='word_1_404' title='bbox 2912 1751 3033 1805; x_wconf 70' lang='lat' dir='ltr'><strong>qum</strong></span> <span class='ocrx_word' id='word_1_405' title='bbox 3064 1735 3120 1788; x_wconf 90' lang='lat' dir='ltr'><strong>in</strong></span> <span class='ocrx_word' id='word_1_406' title='bbox 3173 1730 3425 1789; x_wconf 85' lang='lat' dir='ltr'><strong>ecclesiis</strong></span> 
     </span>
    </p>
   </div>
   <div class='ocr_carea' id='block_1_63' title="bbox 2033 1828 3243 1902">
    <p class='ocr_par' dir='ltr' id='par_1_63' title="bbox 2033 1828 3243 1902">
     <span class='ocr_line' id='line_1_63' title="bbox 2033 1828 3243 1902; baseline -0.007 -19"><span class='ocrx_word' id='word_1_407' title='bbox 2033 1851 2053 1883; x_wconf 84' lang='grc' dir='ltr'><strong>ι</strong></span> <span class='ocrx_word' id='word_1_408' title='bbox 2093 1832 2247 1896; x_wconf 74' lang='lat' dir='ltr'><strong>fiunt,</strong></span> <span class='ocrx_word' id='word_1_409' title='bbox 2282 1833 2591 1902; x_wconf 73' lang='lat' dir='ltr'><strong>imperatori</strong></span> <span class='ocrx_word' id='word_1_410' title='bbox 2623 1832 2813 1901; x_wconf 85' lang='lat' dir='ltr'><strong>petitio</strong></span> <span class='ocrx_word' id='word_1_411' title='bbox 2841 1828 3183 1883; x_wconf 75' lang='lat' dir='ltr'><strong>exhibeatur.</strong></span> <span class='ocrx_word' id='word_1_412' title='bbox 3223 1843 3243 1875; x_wconf 78' lang='grc' dir='ltr'><strong>ι</strong></span> 
     </span>
    </p>
   </div>
   <div class='ocr_carea' id='block_1_64' title="bbox 1920 1920 3428 1991">
    <p class='ocr_par' dir='ltr' id='par_1_64' title="bbox 1920 1920 3428 1991">
     <span class='ocr_line' id='line_1_64' title="bbox 1920 1920 3428 1991; baseline -0.006 -13"><span class='ocrx_word' id='word_1_413' title='bbox 1920 1923 2023 1979; x_wconf 86' lang='lat' dir='ltr'><strong>Ilie</strong></span> <span class='ocrx_word' id='word_1_414' title='bbox 2055 1939 2232 1978; x_wconf 85' lang='lat' dir='ltr'><strong>canon</strong></span> <span class='ocrx_word' id='word_1_415' title='bbox 2270 1926 2462 1978; x_wconf 85' lang='lat' dir='ltr'><strong>eadem</strong></span> <span class='ocrx_word' id='word_1_416' title='bbox 2521 1939 2584 1978; x_wconf 91' lang='lat' dir='ltr'><strong>ae</strong></span> <span class='ocrx_word' id='word_1_417' title='bbox 2637 1921 3012 1991; x_wconf 72' lang='lat' dir='ltr'><strong>sexagesimus</strong></span> <span class='ocrx_word' id='word_1_418' title='bbox 3061 1925 3289 1986; x_wconf 88' lang='lat' dir='ltr'><strong>quartus</strong></span> <span class='ocrx_word' id='word_1_419' title='bbox 3313 1920 3428 1970; x_wconf 86' lang='lat' dir='ltr'><strong>sta-</strong></span> 
     </span>
    </p>
   </div>
   <div class='ocr_carea' id='block_1_65' title="bbox 1849 2014 2618 2081">
    <p class='ocr_par' dir='ltr' id='par_1_65' title="bbox 1849 2014 2618 2081">
     <span class='ocr_line' id='line_1_65' title="bbox 1849 2014 2618 2081; baseline -0.004 -13"><span class='ocrx_word' id='word_1_420' title='bbox 1849 2015 1989 2080; x_wconf 90' lang='lat' dir='ltr'><strong>tuit;</strong></span> <span class='ocrx_word' id='word_1_421' title='bbox 2021 2023 2076 2067; x_wconf 89' lang='lat' dir='ltr'><strong>ct</strong></span> <span class='ocrx_word' id='word_1_422' title='bbox 2110 2014 2183 2073; x_wconf 85' lang='lat' dir='ltr'><strong>ibi</strong></span> <span class='ocrx_word' id='word_1_423' title='bbox 2209 2017 2618 2081; x_wconf 86' lang='lat' dir='ltr'><strong>interpretatur.</strong></span> 
     </span>
    </p>
   </div>
   <div class='ocr_carea' id='block_1_66' title="bbox 2356 2099 2913 2157">
    <p class='ocr_par' dir='ltr' id='par_1_66' title="bbox 2356 2099 2913 2157">
     <span class='ocr_line' id='line_1_66' title="bbox 2356 2099 2913 2157; baseline -0.005 0"><span class='ocrx_word' id='word_1_424' title='bbox 2356 2101 2584 2157; x_wconf 75' lang='lat' dir='ltr'><strong>CANON</strong></span> <span class='ocrx_word' id='word_1_425' title='bbox 2623 2099 2913 2155; x_wconf 73' lang='lat' dir='ltr'><strong>LXXXVI.</strong></span> 
     </span>
    </p>
   </div>
   <div class='ocr_carea' id='block_1_67' title="bbox 1854 2186 3427 2266">
    <p class='ocr_par' dir='ltr' id='par_1_67' title="bbox 1854 2186 3427 2266">
     <span class='ocr_line' id='line_1_67' title="bbox 1854 2186 3427 2266; baseline -0.003 -20"><span class='ocrx_word' id='word_1_426' title='bbox 1854 2213 1872 2246; x_wconf 93' lang='grc' dir='ltr'><strong>ι</strong></span> <span class='ocrx_word' id='word_1_427' title='bbox 1916 2197 1989 2250; x_wconf 87' lang='lat' dir='ltr'><strong>De</strong></span> <span class='ocrx_word' id='word_1_428' title='bbox 2023 2196 2163 2249; x_wconf 82' lang='lat' dir='ltr'><strong>lictis</strong></span> <span class='ocrx_word' id='word_1_429' title='bbox 2223 2205 2524 2266; x_wconf 83' lang='lat' dir='ltr'><strong>martyrum</strong></span> <span class='ocrx_word' id='word_1_430' title='bbox 2576 2195 2968 2248; x_wconf 89' lang='lat' dir='ltr'><strong>monumentis.</strong></span> <span class='ocrx_word' id='word_1_431' title='bbox 3033 2186 3296 2245; x_wconf 89' lang='lat' dir='ltr'><strong>Similiter</strong></span> <span class='ocrx_word' id='word_1_432' title='bbox 3321 2190 3427 2260; x_wconf 85' lang='lat' dir='ltr'><strong>pla-</strong></span> 
     </span>
    </p>
   </div>
   <div class='ocr_carea' id='block_1_68' title="bbox 1933 2280 3423 2354">
    <p class='ocr_par' dir='ltr' id='par_1_68' title="bbox 1933 2280 3423 2354">
     <span class='ocr_line' id='line_1_68' title="bbox 1933 2280 3423 2354; baseline 0 -20"><span class='ocrx_word' id='word_1_433' title='bbox 1933 2303 1952 2334; x_wconf 81' lang='grc' dir='ltr'><strong>ι</strong></span> <span class='ocrx_word' id='word_1_434' title='bbox 1992 2286 2147 2350; x_wconf 87' lang='lat' dir='ltr'><strong>cuit,</strong></span> <span class='ocrx_word' id='word_1_435' title='bbox 2201 2295 2261 2339; x_wconf 93' lang='lat' dir='ltr'><strong>ut</strong></span> <span class='ocrx_word' id='word_1_436' title='bbox 2310 2285 2488 2338; x_wconf 86' lang='lat' dir='ltr'><strong>omnia</strong></span> <span class='ocrx_word' id='word_1_437' title='bbox 2539 2300 2634 2354; x_wconf 87' lang='lat' dir='ltr'><strong>per</strong></span> <span class='ocrx_word' id='word_1_438' title='bbox 2686 2299 2845 2354; x_wconf 73' lang='lat' dir='ltr'><strong>agros</strong></span> <span class='ocrx_word' id='word_1_439' title='bbox 2875 2291 2928 2336; x_wconf 91' lang='lat' dir='ltr'><strong>et</strong></span> <span class='ocrx_word' id='word_1_440' title='bbox 2981 2283 3162 2335; x_wconf 88' lang='lat' dir='ltr'><strong>vineta</strong></span> <span class='ocrx_word' id='word_1_441' title='bbox 3207 2280 3423 2346; x_wconf 83' lang='lat' dir='ltr'><strong>altaria,</strong></span> 
     </span>
    </p>
   </div>
   <div class='ocr_carea' id='block_1_69' title="bbox 1921 2370 3423 2440">
    <p class='ocr_par' dir='ltr' id='par_1_69' title="bbox 1921 2370 3423 2440">
     <span class='ocr_line' id='line_1_69' title="bbox 1921 2370 3423 2440; baseline -0.002 -14"><span class='ocrx_word' id='word_1_442' title='bbox 1921 2393 1940 2426; x_wconf 91' lang='grc' dir='ltr'><strong>ι</strong></span> <span class='ocrx_word' id='word_1_443' title='bbox 1984 2375 2154 2427; x_wconf 88' lang='lat' dir='ltr'><strong>veluti</strong></span> <span class='ocrx_word' id='word_1_444' title='bbox 2189 2373 2240 2427; x_wconf 92' lang='lat' dir='ltr'><strong>in</strong></span> <span class='ocrx_word' id='word_1_445' title='bbox 2276 2374 2596 2426; x_wconf 79' lang='lat' dir='ltr'><strong>memoriam</strong></span> <span class='ocrx_word' id='word_1_446' title='bbox 2649 2380 2951 2440; x_wconf 82' lang='lat' dir='ltr'><strong>martyrum</strong></span> <span class='ocrx_word' id='word_1_447' title='bbox 3009 2371 3330 2433; x_wconf 81' lang='lat' dir='ltr'><strong>constituta,</strong></span> <span class='ocrx_word' id='word_1_448' title='bbox 3367 2370 3423 2424; x_wconf 87' lang='lat' dir='ltr'><strong>in</strong></span> 
     </span>
    </p>
   </div>
   <div class='ocr_carea' id='block_1_70' title="bbox 1919 2463 3422 2532">
    <p class='ocr_par' dir='ltr' id='par_1_70' title="bbox 1919 2463 3422 2532">
     <span class='ocr_line' id='line_1_70' title="bbox 1919 2463 3422 2532; baseline 0.001 -19"><span class='ocrx_word' id='word_1_449' title='bbox 1919 2483 1937 2513; x_wconf 80' lang='grc' dir='ltr'><strong>ι</strong></span> <span class='ocrx_word' id='word_1_450' title='bbox 1977 2465 2177 2532; x_wconf 83' lang='lat' dir='ltr'><strong>quibus</strong></span> <span class='ocrx_word' id='word_1_451' title='bbox 2244 2463 2451 2517; x_wconf 91' lang='lat' dir='ltr'><strong>nullum</strong></span> <span class='ocrx_word' id='word_1_452' title='bbox 2485 2478 2688 2532; x_wconf 88' lang='lat' dir='ltr'><strong>corpus</strong></span> <span class='ocrx_word' id='word_1_453' title='bbox 2725 2475 2818 2515; x_wconf 86' lang='lat' dir='ltr'><strong>aut</strong></span> <span class='ocrx_word' id='word_1_454' title='bbox 2853 2463 3094 2530; x_wconf 72' lang='lat' dir='ltr'><strong>reliquis:</strong></span> <span class='ocrx_word' id='word_1_455' title='bbox 3123 2473 3422 2531; x_wconf 78' lang='lat' dir='ltr'><strong>martyrum</strong></span> 
     </span>
    </p>
   </div>
   <div class='ocr_carea' id='block_1_71' title="bbox 1918 2555 3425 2623">
    <p class='ocr_par' dir='ltr' id='par_1_71' title="bbox 1918 2555 3425 2623">
     <span class='ocr_line' id='line_1_71' title="bbox 1918 2555 3425 2623; baseline -0.001 -16"><span class='ocrx_word' id='word_1_456' title='bbox 1918 2575 1935 2606; x_wconf 93' lang='grc' dir='ltr'><strong>ι</strong></span> <span class='ocrx_word' id='word_1_457' title='bbox 1976 2557 2209 2609; x_wconf 64' lang='lat' dir='ltr'><strong>conditae</strong></span> <span class='ocrx_word' id='word_1_458' title='bbox 2233 2556 2627 2620; x_wconf 80' lang='lat' dir='ltr'><strong>ostenduntur,</strong></span> <span class='ocrx_word' id='word_1_459' title='bbox 2653 2568 2683 2606; x_wconf 91' lang='lat' dir='ltr'><strong>a</strong></span> <span class='ocrx_word' id='word_1_460' title='bbox 2729 2555 2831 2609; x_wconf 91' lang='lat' dir='ltr'><strong>loci</strong></span> <span class='ocrx_word' id='word_1_461' title='bbox 2867 2555 3164 2623; x_wconf 86' lang='lat' dir='ltr'><strong>episcopis,</strong></span> <span class='ocrx_word' id='word_1_462' title='bbox 3210 2555 3256 2606; x_wconf 88' lang='lat' dir='ltr'><strong>si</strong></span> <span class='ocrx_word' id='word_1_463' title='bbox 3294 2568 3425 2620; x_wconf 87' lang='lat' dir='ltr'><strong>pos-</strong></span> 
     </span>
    </p>
   </div>
   <div class='ocr_carea' id='block_1_72' title="bbox 1926 2646 3424 2713">
    <p class='ocr_par' dir='ltr' id='par_1_72' title="bbox 1926 2646 3424 2713">
     <span class='ocr_line' id='line_1_72' title="bbox 1926 2646 3424 2713; baseline -0.002 -13"><span class='ocrx_word' id='word_1_464' title='bbox 1926 2665 1942 2692; x_wconf 77' lang='grc' dir='ltr'><strong>ι</strong></span> <span class='ocrx_word' id='word_1_465' title='bbox 1983 2647 2055 2700; x_wconf 87' lang='lat' dir='ltr'><strong>sit</strong></span> <span class='ocrx_word' id='word_1_466' title='bbox 2090 2648 2226 2712; x_wconf 85' lang='lat' dir='ltr'><strong>tieri,</strong></span> <span class='ocrx_word' id='word_1_467' title='bbox 2264 2649 2680 2702; x_wconf 80' lang='lat' dir='ltr'><strong>subvertantur.</strong></span> <span class='ocrx_word' id='word_1_468' title='bbox 2740 2646 2837 2701; x_wconf 88' lang='lat' dir='ltr'><strong>Sin</strong></span> <span class='ocrx_word' id='word_1_469' title='bbox 2870 2659 3049 2699; x_wconf 84' lang='lat' dir='ltr'><strong>autem</strong></span> <span class='ocrx_word' id='word_1_470' title='bbox 3073 2653 3296 2713; x_wconf 85' lang='lat' dir='ltr'><strong>pmpter</strong></span> <span class='ocrx_word' id='word_1_471' title='bbox 3327 2661 3424 2712; x_wconf 87' lang='lat' dir='ltr'><strong>po-</strong></span> 
     </span>
    </p>
   </div>
   <div class='ocr_carea' id='block_1_73' title="bbox 1925 2734 3425 2805">
    <p class='ocr_par' dir='ltr' id='par_1_73' title="bbox 1925 2734 3425 2805">
     <span class='ocr_line' id='line_1_73' title="bbox 1925 2734 3425 2805; baseline 0.001 -18"><span class='ocrx_word' id='word_1_472' title='bbox 1925 2755 1944 2787; x_wconf 85' lang='grc' dir='ltr'><strong>ι</strong></span> <span class='ocrx_word' id='word_1_473' title='bbox 1976 2737 2192 2805; x_wconf 83' lang='lat' dir='ltr'><strong>pulares</strong></span> <span class='ocrx_word' id='word_1_474' title='bbox 2243 2738 2505 2792; x_wconf 90' lang='lat' dir='ltr'><strong>tumultus</strong></span> <span class='ocrx_word' id='word_1_475' title='bbox 2538 2739 2640 2791; x_wconf 89' lang='lat' dir='ltr'><strong>hoe</strong></span> <span class='ocrx_word' id='word_1_476' title='bbox 2686 2752 2798 2790; x_wconf 90' lang='lat' dir='ltr'><strong>non</strong></span> <span class='ocrx_word' id='word_1_477' title='bbox 2852 2737 3228 2803; x_wconf 80' lang='lat' dir='ltr'><strong>permittitur;</strong></span> <span class='ocrx_word' id='word_1_478' title='bbox 3270 2734 3425 2802; x_wconf 86' lang='lat' dir='ltr'><strong>plebs</strong></span> 
     </span>
    </p>
   </div>
   <div class='ocr_carea' id='block_1_74' title="bbox 1926 2829 3424 2893">
    <p class='ocr_par' dir='ltr' id='par_1_74' title="bbox 1926 2829 3424 2893">
     <span class='ocr_line' id='line_1_74' title="bbox 1926 2829 3424 2893; baseline 0.001 -14"><span class='ocrx_word' id='word_1_479' title='bbox 1926 2848 1943 2878; x_wconf 90' lang='grc' dir='ltr'><strong>ι</strong></span> <span class='ocrx_word' id='word_1_480' title='bbox 1988 2841 2167 2882; x_wconf 86' lang='lat' dir='ltr'><strong>tamen</strong></span> <span class='ocrx_word' id='word_1_481' title='bbox 2205 2830 2589 2893; x_wconf 83' lang='lat' dir='ltr'><strong>admoneatur,</strong></span> <span class='ocrx_word' id='word_1_482' title='bbox 2627 2845 2696 2882; x_wconf 92' lang='lat' dir='ltr'><strong>ne</strong></span> <span class='ocrx_word' id='word_1_483' title='bbox 2734 2830 2802 2883; x_wconf 91' lang='lat' dir='ltr'><strong>iis</strong></span> <span class='ocrx_word' id='word_1_484' title='bbox 2838 2830 2888 2880; x_wconf 88' lang='lat' dir='ltr'><strong>in</strong></span> <span class='ocrx_word' id='word_1_485' title='bbox 2945 2829 3079 2880; x_wconf 89' lang='lat' dir='ltr'><strong>locis</strong></span> <span class='ocrx_word' id='word_1_486' title='bbox 3123 2837 3424 2881; x_wconf 73' lang='lat' dir='ltr'><strong>conventus</strong></span> 
     </span>
    </p>
   </div>
   <div class='ocr_carea' id='block_1_75' title="bbox 1925 2917 3421 2988">
    <p class='ocr_par' dir='ltr' id='par_1_75' title="bbox 1925 2917 3421 2988">
     <span class='ocr_line' id='line_1_75' title="bbox 1925 2917 3421 2988; baseline 0.001 -19"><span class='ocrx_word' id='word_1_487' title='bbox 1925 2938 1943 2968; x_wconf 90' lang='grc' dir='ltr'><strong>ι</strong></span> <span class='ocrx_word' id='word_1_488' title='bbox 1988 2928 2149 2987; x_wconf 76' lang='lat' dir='ltr'><strong>agat;</strong></span> <span class='ocrx_word' id='word_1_489' title='bbox 2191 2927 2245 2971; x_wconf 89' lang='lat' dir='ltr'><strong>et</strong></span> <span class='ocrx_word' id='word_1_490' title='bbox 2303 2929 2363 2973; x_wconf 88' lang='lat' dir='ltr'><strong>ut</strong></span> <span class='ocrx_word' id='word_1_491' title='bbox 2397 2919 2488 2988; x_wconf 88' lang='lat' dir='ltr'><strong>qui</strong></span> <span class='ocrx_word' id='word_1_492' title='bbox 2555 2929 2704 2973; x_wconf 86' lang='lat' dir='ltr'><strong>recte</strong></span> <span class='ocrx_word' id='word_1_493' title='bbox 2737 2919 2979 2974; x_wconf 85' lang='lat' dir='ltr'><strong>sentiunt</strong></span> <span class='ocrx_word' id='word_1_494' title='bbox 3029 2917 3178 2970; x_wconf 87' lang='lat' dir='ltr'><strong>nulla</strong></span> <span class='ocrx_word' id='word_1_495' title='bbox 3230 2931 3421 2971; x_wconf 82' lang='lat' dir='ltr'><strong>eorum</strong></span> 
     </span>
    </p>
   </div>
   <div class='ocr_carea' id='block_1_76' title="bbox 1916 3009 3421 3078">
    <p class='ocr_par' dir='ltr' id='par_1_76' title="bbox 1916 3009 3421 3078">
     <span class='ocr_line' id='line_1_76' title="bbox 1916 3009 3421 3078; baseline 0.001 -18"><span class='ocrx_word' id='word_1_496' title='bbox 1916 3028 1932 3060; x_wconf 93' lang='grc' dir='ltr'><strong>ι</strong></span> <span class='ocrx_word' id='word_1_497' title='bbox 1975 3011 2221 3064; x_wconf 81' lang='lat' dir='ltr'><strong>locorum</strong></span> <span class='ocrx_word' id='word_1_498' title='bbox 2265 3012 2655 3078; x_wconf 82' lang='lat' dir='ltr'><strong>superstitione</strong></span> <span class='ocrx_word' id='word_1_499' title='bbox 2706 3010 3038 3076; x_wconf 78' lang='lat' dir='ltr'><strong>alligentur;</strong></span> <span class='ocrx_word' id='word_1_500' title='bbox 3088 3017 3144 3063; x_wconf 83' lang='lat' dir='ltr'><strong>et</strong></span> <span class='ocrx_word' id='word_1_501' title='bbox 3197 3009 3421 3061; x_wconf 87' lang='lat' dir='ltr'><strong>omnino</strong></span> 
     </span>
    </p>
   </div>
   <div class='ocr_carea' id='block_1_77' title="bbox 1928 3099 3422 3173">
    <p class='ocr_par' dir='ltr' id='par_1_77' title="bbox 1928 3099 3422 3173">
     <span class='ocr_line' id='line_1_77' title="bbox 1928 3099 3422 3173; baseline 0.001 -20"><span class='ocrx_word' id='word_1_502' title='bbox 1928 3121 1946 3153; x_wconf 88' lang='grc' dir='ltr'><strong>ι</strong></span> <span class='ocrx_word' id='word_1_503' title='bbox 1985 3118 2084 3158; x_wconf 91' lang='lat' dir='ltr'><strong>nec</strong></span> <span class='ocrx_word' id='word_1_504' title='bbox 2114 3113 2417 3173; x_wconf 86' lang='lat' dir='ltr'><strong>martyrum</strong></span> <span class='ocrx_word' id='word_1_505' title='bbox 2469 3102 2730 3156; x_wconf 88' lang='lat' dir='ltr'><strong>memoria</strong></span> <span class='ocrx_word' id='word_1_506' title='bbox 2758 3112 3068 3171; x_wconf 75' lang='lat' dir='ltr'><strong>peragatur,</strong></span> <span class='ocrx_word' id='word_1_507' title='bbox 3102 3100 3205 3154; x_wconf 85' lang='lat' dir='ltr'><strong>nisi</strong></span> <span class='ocrx_word' id='word_1_508' title='bbox 3236 3099 3422 3168; x_wconf 81' lang='lat' dir='ltr'><strong>utique</strong></span> 
     </span>
    </p>
   </div>
   <div class='ocr_carea' id='block_1_78' title="bbox 1915 3191 3423 3262">
    <p class='ocr_par' dir='ltr' id='par_1_78' title="bbox 1915 3191 3423 3262">
     <span class='ocr_line' id='line_1_78' title="bbox 1915 3191 3423 3262; baseline -0.001 -17"><span class='ocrx_word' id='word_1_509' title='bbox 1915 3217 1930 3245; x_wconf 79' lang='grc' dir='ltr'><strong>ι</strong></span> <span class='ocrx_word' id='word_1_510' title='bbox 1980 3195 2064 3248; x_wconf 79' lang='lat' dir='ltr'><strong>vel</strong></span> <span class='ocrx_word' id='word_1_511' title='bbox 2093 3210 2290 3259; x_wconf 88' lang='lat' dir='ltr'><strong>corpus</strong></span> <span class='ocrx_word' id='word_1_512' title='bbox 2332 3195 2414 3248; x_wconf 86' lang='lat' dir='ltr'><strong>vel</strong></span> <span class='ocrx_word' id='word_1_513' title='bbox 2447 3195 2642 3260; x_wconf 66' lang='lat' dir='ltr'><strong>aliqua:</strong></span> <span class='ocrx_word' id='word_1_514' title='bbox 2671 3196 2780 3248; x_wconf 87' lang='lat' dir='ltr'><strong>sint</strong></span> <span class='ocrx_word' id='word_1_515' title='bbox 2842 3194 3104 3262; x_wconf 69' lang='lat' dir='ltr'><strong>reliquiae,</strong></span> <span class='ocrx_word' id='word_1_516' title='bbox 3135 3192 3219 3247; x_wconf 87' lang='lat' dir='ltr'><strong>vel</strong></span> <span class='ocrx_word' id='word_1_517' title='bbox 3251 3191 3423 3244; x_wconf 83' lang='lat' dir='ltr'><strong>alicu-</strong></span> 
     </span>
    </p>
   </div>
   <div class='ocr_carea' id='block_1_79' title="bbox 1914 3282 3424 3355">
    <p class='ocr_par' dir='ltr' id='par_1_79' title="bbox 1914 3282 3424 3355">
     <span class='ocr_line' id='line_1_79' title="bbox 1914 3282 3424 3355; baseline 0 -21"><span class='ocrx_word' id='word_1_518' title='bbox 1914 3306 1930 3334; x_wconf 79' lang='grc' dir='ltr'><strong>ι</strong></span> <span class='ocrx_word' id='word_1_519' title='bbox 1967 3287 2060 3355; x_wconf 84' lang='lat' dir='ltr'><strong>jus</strong></span> <span class='ocrx_word' id='word_1_520' title='bbox 2101 3285 2476 3344; x_wconf 85' lang='lat' dir='ltr'><strong>habitationis,</strong></span> <span class='ocrx_word' id='word_1_521' title='bbox 2510 3297 2602 3336; x_wconf 86' lang='lat' dir='ltr'><strong>aut</strong></span> <span class='ocrx_word' id='word_1_522' title='bbox 2648 3285 3032 3352; x_wconf 85' lang='lat' dir='ltr'><strong>possessionis,</strong></span> <span class='ocrx_word' id='word_1_523' title='bbox 3069 3292 3164 3336; x_wconf 89' lang='lat' dir='ltr'><strong>aut</strong></span> <span class='ocrx_word' id='word_1_524' title='bbox 3211 3282 3424 3351; x_wconf 76' lang='lat' dir='ltr'><strong>passio-</strong></span> 
     </span>
    </p>
   </div>
   <div class='ocr_carea' id='block_1_80' title="bbox 1924 3370 3421 3439">
    <p class='ocr_par' dir='ltr' id='par_1_80' title="bbox 1924 3370 3421 3439">
     <span class='ocr_line' id='line_1_80' title="bbox 1924 3370 3421 3439; baseline 0.003 -21"><span class='ocrx_word' id='word_1_525' title='bbox 1924 3388 1941 3418; x_wconf 80' lang='grc' dir='ltr'><strong>ι</strong></span> <span class='ocrx_word' id='word_1_526' title='bbox 1987 3370 2070 3424; x_wconf 89' lang='lat' dir='ltr'><strong>nis</strong></span> <span class='ocrx_word' id='word_1_527' title='bbox 2111 3372 2263 3438; x_wconf 78' lang='lat' dir='ltr'><strong>origo</strong></span> <span class='ocrx_word' id='word_1_528' title='bbox 2299 3370 2440 3423; x_wconf 69' lang='lat' dir='ltr'><strong>fideli</strong></span> <span class='ocrx_word' id='word_1_529' title='bbox 2504 3371 2816 3439; x_wconf 87' lang='lat' dir='ltr'><strong>antiquitati</strong></span> <span class='ocrx_word' id='word_1_530' title='bbox 2877 3371 3072 3423; x_wconf 84' lang='lat' dir='ltr'><strong>tradita</strong></span> <span class='ocrx_word' id='word_1_531' title='bbox 3128 3384 3230 3422; x_wconf 70' lang='lat' dir='ltr'><strong>est.</strong></span> <span class='ocrx_word' id='word_1_532' title='bbox 3261 3371 3421 3434; x_wconf 75' lang='lat' dir='ltr'><strong>Qua:-</strong></span> 
     </span>
    </p>
   </div>
   <div class='ocr_carea' id='block_1_81' title="bbox 1908 3461 3414 3529">
    <p class='ocr_par' dir='ltr' id='par_1_81' title="bbox 1908 3461 3414 3529">
     <span class='ocr_line' id='line_1_81' title="bbox 1908 3461 3414 3529; baseline -0.001 -16"><span class='ocrx_word' id='word_1_533' title='bbox 1908 3477 1925 3509; x_wconf 94' lang='grc' dir='ltr'><strong>ι</strong></span> <span class='ocrx_word' id='word_1_534' title='bbox 1965 3475 2177 3526; x_wconf 75' lang='lat' dir='ltr'><strong>cunque</strong></span> <span class='ocrx_word' id='word_1_535' title='bbox 2200 3462 2346 3514; x_wconf 90' lang='lat' dir='ltr'><strong>enim</strong></span> <span class='ocrx_word' id='word_1_536' title='bbox 2380 3476 2482 3529; x_wconf 87' lang='lat' dir='ltr'><strong>per</strong></span> <span class='ocrx_word' id='word_1_537' title='bbox 2510 3462 2723 3514; x_wconf 89' lang='lat' dir='ltr'><strong>somnia</strong></span> <span class='ocrx_word' id='word_1_538' title='bbox 2752 3469 2806 3512; x_wconf 85' lang='lat' dir='ltr'><strong>et</strong></span> <span class='ocrx_word' id='word_1_539' title='bbox 2841 3477 3106 3513; x_wconf 74' lang='lat' dir='ltr'><strong>vanorum</strong></span> <span class='ocrx_word' id='word_1_540' title='bbox 3133 3461 3414 3513; x_wconf 83' lang='lat' dir='ltr'><strong>hominum</strong></span> 
     </span>
    </p>
   </div>
   <div class='ocr_carea' id='block_1_82' title="bbox 1917 3550 3412 3615">
    <p class='ocr_par' dir='ltr' id='par_1_82' title="bbox 1917 3550 3412 3615">
     <span class='ocr_line' id='line_1_82' title="bbox 1917 3550 3412 3615; baseline 0.003 -18"><span class='ocrx_word' id='word_1_541' title='bbox 1917 3567 1935 3597; x_wconf 81' lang='grc' dir='ltr'><strong>ι</strong></span> <span class='ocrx_word' id='word_1_542' title='bbox 1975 3550 2345 3603; x_wconf 86' lang='lat' dir='ltr'><strong>revelationes</strong></span> <span class='ocrx_word' id='word_1_543' title='bbox 2378 3550 2606 3602; x_wconf 85' lang='lat' dir='ltr'><strong>ubilibet</strong></span> <span class='ocrx_word' id='word_1_544' title='bbox 2641 3550 3057 3602; x_wconf 87' lang='lat' dir='ltr'><strong>constituuntur</strong></span> <span class='ocrx_word' id='word_1_545' title='bbox 3090 3551 3308 3615; x_wconf 72' lang='lat' dir='ltr'><strong>altaria,</strong></span> <span class='ocrx_word' id='word_1_546' title='bbox 3350 3566 3412 3602; x_wconf 80' lang='lat' dir='ltr'><strong>ea</strong></span> 
     </span>
    </p>
   </div>
   <div class='ocr_carea' id='block_1_83' title="bbox 1908 3642 2767 3711">
    <p class='ocr_par' dir='ltr' id='par_1_83' title="bbox 1908 3642 2767 3711">
     <span class='ocr_line' id='line_1_83' title="bbox 1908 3642 2767 3711; baseline 0.001 -20"><span class='ocrx_word' id='word_1_547' title='bbox 1908 3658 1926 3691; x_wconf 90' lang='grc' dir='ltr'><strong>ι</strong></span> <span class='ocrx_word' id='word_1_548' title='bbox 1961 3643 2112 3695; x_wconf 86' lang='lat' dir='ltr'><strong>omni</strong></span> <span class='ocrx_word' id='word_1_549' title='bbox 2146 3643 2309 3695; x_wconf 91' lang='lat' dir='ltr'><strong>modo</strong></span> <span class='ocrx_word' id='word_1_550' title='bbox 2335 3642 2711 3711; x_wconf 87' lang='lat' dir='ltr'><strong>reprobentur.</strong></span> <span class='ocrx_word' id='word_1_551' title='bbox 2747 3660 2767 3692; x_wconf 76' lang='grc' dir='ltr'><strong>ι</strong></span> 
     </span>
    </p>
   </div>
   <div class='ocr_carea' id='block_1_84' title="bbox 1913 3821 3414 3890">
    <p class='ocr_par' dir='ltr' id='par_1_84' title="bbox 1913 3821 3414 3890">
     <span class='ocr_line' id='line_1_84' title="bbox 1913 3821 3414 3890; baseline 0 -16"><span class='ocrx_word' id='word_1_552' title='bbox 1913 3821 2111 3876; x_wconf 80' lang='lat' dir='ltr'><strong>BALS.</strong></span> <span class='ocrx_word' id='word_1_553' title='bbox 2165 3823 2390 3877; x_wconf 89' lang='lat' dir='ltr'><strong>Canone</strong></span> <span class='ocrx_word' id='word_1_554' title='bbox 2439 3833 2659 3877; x_wconf 84' lang='lat' dir='ltr'><strong>cautum</strong></span> <span class='ocrx_word' id='word_1_555' title='bbox 2709 3832 2818 3886; x_wconf 89' lang='lat' dir='ltr'><strong>est,</strong></span> <span class='ocrx_word' id='word_1_556' title='bbox 2872 3836 2940 3875; x_wconf 89' lang='lat' dir='ltr'><strong>ne</strong></span> <span class='ocrx_word' id='word_1_557' title='bbox 2986 3822 3146 3876; x_wconf 82' lang='lat' dir='ltr'><strong>aliter</strong></span> <span class='ocrx_word' id='word_1_558' title='bbox 3185 3837 3414 3890; x_wconf 79' lang='lat' dir='ltr'><strong>usquam</strong></span> 
     </span>
    </p>
   </div>
   <div class='ocr_carea' id='block_1_85' title="bbox 1841 3914 3411 3984">
    <p class='ocr_par' dir='ltr' id='par_1_85' title="bbox 1841 3914 3411 3984">
     <span class='ocr_line' id='line_1_85' title="bbox 1841 3914 3411 3984; baseline 0.001 -20"><span class='ocrx_word' id='word_1_559' title='bbox 1841 3915 2155 3967; x_wconf 90' lang='lat' dir='ltr'><strong>oratorium</strong></span> <span class='ocrx_word' id='word_1_560' title='bbox 2191 3916 2483 3978; x_wconf 81' lang='lat' dir='ltr'><strong>excitetur,</strong></span> <span class='ocrx_word' id='word_1_561' title='bbox 2528 3914 2634 3968; x_wconf 90' lang='lat' dir='ltr'><strong>nisi</strong></span> <span class='ocrx_word' id='word_1_562' title='bbox 2689 3914 2984 3983; x_wconf 65' lang='lat' dir='ltr'><strong>episcopali</strong></span> <span class='ocrx_word' id='word_1_563' title='bbox 3033 3915 3411 3984; x_wconf 73' lang='lat' dir='ltr'><strong>permissione.</strong></span> 
     </span>
    </p>
   </div>
   <div class='ocr_carea' id='block_1_86' title="bbox 1844 4002 3414 4072">
    <p class='ocr_par' dir='ltr' id='par_1_86' title="bbox 1844 4002 3414 4072">
     <span class='ocr_line' id='line_1_86' title="bbox 1844 4002 3414 4072; baseline 0.002 -21"><span class='ocrx_word' id='word_1_564' title='bbox 1844 4003 1928 4054; x_wconf 81' lang='lat' dir='ltr'><strong>vel</strong></span> <span class='ocrx_word' id='word_1_565' title='bbox 1959 4002 2126 4056; x_wconf 87' lang='lat' dir='ltr'><strong>etiam</strong></span> <span class='ocrx_word' id='word_1_566' title='bbox 2164 4003 2476 4072; x_wconf 87' lang='lat' dir='ltr'><strong>praesentia,</strong></span> <span class='ocrx_word' id='word_1_567' title='bbox 2521 4020 2586 4059; x_wconf 91' lang='lat' dir='ltr'><strong>eo</strong></span> <span class='ocrx_word' id='word_1_568' title='bbox 2621 4005 2677 4057; x_wconf 91' lang='lat' dir='ltr'><strong>in</strong></span> <span class='ocrx_word' id='word_1_569' title='bbox 2709 4005 2832 4060; x_wconf 92' lang='lat' dir='ltr'><strong>loco</strong></span> <span class='ocrx_word' id='word_1_570' title='bbox 2867 4004 3207 4058; x_wconf 79' lang='lat' dir='ltr'><strong>fundamenti</strong></span> <span class='ocrx_word' id='word_1_571' title='bbox 3237 4003 3414 4058; x_wconf 88' lang='lat' dir='ltr'><strong>oratio</strong></span> 
     </span>
    </p>
   </div>
   <div class='ocr_carea' id='block_1_87' title="bbox 1840 4093 3409 4163">
    <p class='ocr_par' dir='ltr' id='par_1_87' title="bbox 1840 4093 3409 4163">
     <span class='ocr_line' id='line_1_87' title="bbox 1840 4093 3409 4163; baseline 0.001 -20"><span class='ocrx_word' id='word_1_572' title='bbox 1840 4102 2056 4160; x_wconf 85' lang='lat' dir='ltr'><strong>peracta</strong></span> <span class='ocrx_word' id='word_1_573' title='bbox 2086 4102 2140 4146; x_wconf 92' lang='lat' dir='ltr'><strong>et</strong></span> <span class='ocrx_word' id='word_1_574' title='bbox 2160 4094 2340 4146; x_wconf 86' lang='lat' dir='ltr'><strong>crucis</strong></span> <span class='ocrx_word' id='word_1_575' title='bbox 2369 4093 2494 4146; x_wconf 82' lang='lat' dir='ltr'><strong>lixio</strong></span> <span class='ocrx_word' id='word_1_576' title='bbox 2525 4093 2703 4162; x_wconf 89' lang='lat' dir='ltr'><strong>posita</strong></span> <span class='ocrx_word' id='word_1_577' title='bbox 2750 4094 2845 4156; x_wconf 85' lang='lat' dir='ltr'><strong>sit.</strong></span> <span class='ocrx_word' id='word_1_578' title='bbox 2873 4104 2926 4148; x_wconf 93' lang='lat' dir='ltr'><strong>et</strong></span> <span class='ocrx_word' id='word_1_579' title='bbox 2971 4110 3066 4163; x_wconf 90' lang='lat' dir='ltr'><strong>per</strong></span> <span class='ocrx_word' id='word_1_580' title='bbox 3097 4103 3409 4148; x_wconf 84' lang='lat' dir='ltr'><strong>sanctorum</strong></span> 
     </span>
    </p>
   </div>
   <div class='ocr_carea' id='block_1_88' title="bbox 1841 4182 3412 4254">
    <p class='ocr_par' dir='ltr' id='par_1_88' title="bbox 1841 4182 3412 4254">
     <span class='ocr_line' id='line_1_88' title="bbox 1841 4182 3412 4254; baseline 0.001 -20"><span class='ocrx_word' id='word_1_581' title='bbox 1841 4192 2140 4250; x_wconf 83' lang='lat' dir='ltr'><strong>martyrum</strong></span> <span class='ocrx_word' id='word_1_582' title='bbox 2209 4182 2565 4252; x_wconf 82' lang='lat' dir='ltr'><strong>reliquiarum</strong></span> <span class='ocrx_word' id='word_1_583' title='bbox 2599 4186 2996 4254; x_wconf 88' lang='lat' dir='ltr'><strong>depositionem</strong></span> <span class='ocrx_word' id='word_1_584' title='bbox 3053 4185 3309 4252; x_wconf 86' lang='lat' dir='ltr'><strong>templum</strong></span> <span class='ocrx_word' id='word_1_585' title='bbox 3339 4185 3412 4238; x_wconf 78' lang='lat' dir='ltr'><strong>sit</strong></span> 
     </span>
    </p>
   </div>
   <div class='ocr_carea' id='block_1_89' title="bbox 1839 4273 3413 4340">
    <p class='ocr_par' dir='ltr' id='par_1_89' title="bbox 1839 4273 3413 4340">
     <span class='ocr_line' id='line_1_89' title="bbox 1839 4273 3413 4340; baseline 0.001 -14"><span class='ocrx_word' id='word_1_586' title='bbox 1839 4286 2246 4328; x_wconf 83' lang='lat' dir='ltr'><strong>consecratum.</strong></span> <span class='ocrx_word' id='word_1_587' title='bbox 2281 4273 2416 4339; x_wconf 84' lang='lat' dir='ltr'><strong>Quia</strong></span> <span class='ocrx_word' id='word_1_588' title='bbox 2469 4286 2651 4331; x_wconf 85' lang='lat' dir='ltr'><strong>autem</strong></span> <span class='ocrx_word' id='word_1_589' title='bbox 2709 4278 2980 4340; x_wconf 88' lang='lat' dir='ltr'><strong>nonnulli,</strong></span> <span class='ocrx_word' id='word_1_590' title='bbox 3015 4287 3075 4330; x_wconf 90' lang='lat' dir='ltr'><strong>ut</strong></span> <span class='ocrx_word' id='word_1_591' title='bbox 3108 4287 3192 4331; x_wconf 90' lang='lat' dir='ltr'><strong>est</strong></span> <span class='ocrx_word' id='word_1_592' title='bbox 3219 4277 3413 4329; x_wconf 84' lang='lat' dir='ltr'><strong>verisi-</strong></span> 
     </span>
    </p>
   </div>
   <div class='ocr_carea' id='block_1_90' title="bbox 1843 4362 3408 4435">
    <p class='ocr_par' dir='ltr' id='par_1_90' title="bbox 1843 4362 3408 4435">
     <span class='ocr_line' id='line_1_90' title="bbox 1843 4362 3408 4435; baseline 0.002 -21"><span class='ocrx_word' id='word_1_593' title='bbox 1843 4362 1999 4424; x_wconf 89' lang='lat' dir='ltr'><strong>mile,</strong></span> <span class='ocrx_word' id='word_1_594' title='bbox 2032 4378 2129 4430; x_wconf 88' lang='lat' dir='ltr'><strong>per</strong></span> <span class='ocrx_word' id='word_1_595' title='bbox 2171 4365 2379 4417; x_wconf 84' lang='lat' dir='ltr'><strong>somnia</strong></span> <span class='ocrx_word' id='word_1_596' title='bbox 2413 4374 2466 4417; x_wconf 92' lang='lat' dir='ltr'><strong>et</strong></span> <span class='ocrx_word' id='word_1_597' title='bbox 2503 4366 2658 4420; x_wconf 86' lang='lat' dir='ltr'><strong>ﬁctas</strong></span> <span class='ocrx_word' id='word_1_598' title='bbox 2697 4369 3055 4422; x_wconf 78' lang='lat' dir='ltr'><strong>revelationes</strong></span> <span class='ocrx_word' id='word_1_599' title='bbox 3085 4367 3138 4419; x_wconf 91' lang='lat' dir='ltr'><strong>in</strong></span> <span class='ocrx_word' id='word_1_600' title='bbox 3170 4367 3316 4435; x_wconf 72' lang='lat' dir='ltr'><strong>agris</strong></span> <span class='ocrx_word' id='word_1_601' title='bbox 3353 4377 3408 4419; x_wconf 85' lang='lat' dir='ltr'><strong>et</strong></span> 
     </span>
    </p>
   </div>
   <div class='ocr_carea' id='block_1_91' title="bbox 162 4439 1736 4526">
    <p class='ocr_par' dir='ltr' id='par_1_91' title="bbox 162 4453 1728 4526">
     <span class='ocr_line' id='line_1_91' title="bbox 162 4453 1728 4526; baseline -0.003 -19"><span class='ocrx_word' id='word_1_602' title='bbox 162 4462 232 4520; x_wconf 81' lang='grc' dir='ltr'>εἰς</span> <span class='ocrx_word' id='word_1_603' title='bbox 261 4459 467 4526; x_wconf 78' lang='grc' dir='ltr'>ἀγροὺς</span> <span class='ocrx_word' id='word_1_604' title='bbox 500 4456 596 4508; x_wconf 65' lang='grc' dir='ltr'>καὶ</span> <span class='ocrx_word' id='word_1_605' title='bbox 617 4454 948 4524; x_wconf 80' lang='grc' dir='ltr'>ἀμπελῶνας</span> <span class='ocrx_word' id='word_1_606' title='bbox 975 4453 1125 4523; x_wconf 82' lang='grc' dir='ltr'>παρὰ</span> <span class='ocrx_word' id='word_1_607' title='bbox 1155 4455 1382 4522; x_wconf 72' lang='grc' dir='ltr'>γνώμην</span> <span class='ocrx_word' id='word_1_608' title='bbox 1443 4453 1552 4505; x_wconf 88' lang='grc' dir='ltr'><strong>τῶν</strong></span> <span class='ocrx_word' id='word_1_609' title='bbox 1605 4456 1728 4504; x_wconf 84' lang='grc' dir='ltr'>ἐπι-</span> 
     </span>
    </p>
   </div>
   <div class='ocr_carea' id='block_1_92' title="bbox 1860 4439 3404 4526">
    <p class='ocr_par' dir='ltr' id='par_1_92' title="bbox 1860 4452 3404 4523">
     <span class='ocr_line' id='line_1_92' title="bbox 1860 4452 3404 4523; baseline 0.006 -23"><span class='ocrx_word' id='word_1_610' title='bbox 1860 4452 2038 4506; x_wconf 69' lang='lat' dir='ltr'><strong>rinetis</strong></span> <span class='ocrx_word' id='word_1_611' title='bbox 2085 4463 2282 4520; x_wconf 70' lang='lat' dir='ltr'><strong>praeter</strong></span> <span class='ocrx_word' id='word_1_612' title='bbox 2311 4455 2697 4523; x_wconf 87' lang='lat' dir='ltr'><strong>episcoporum</strong></span> <span class='ocrx_word' id='word_1_613' title='bbox 2726 4460 3052 4510; x_wconf 85' lang='lat' dir='ltr'><strong>sententiam</strong></span> <span class='ocrx_word' id='word_1_614' title='bbox 3091 4456 3282 4509; x_wconf 88' lang='lat' dir='ltr'><strong>altaria</strong></span> <span class='ocrx_word' id='word_1_615' title='bbox 3314 4471 3404 4510; x_wconf 73' lang='lat' dir='ltr'><strong>ex-</strong></span> 
     </span>
    </p>
   </div>
   <div class='ocr_carea' id='block_1_93' title="bbox 159 4544 1727 4617">
    <p class='ocr_par' dir='ltr' id='par_1_93' title="bbox 159 4544 1727 4617">
     <span class='ocr_line' id='line_1_93' title="bbox 159 4544 1727 4617; baseline -0.003 -17"><span class='ocrx_word' id='word_1_616' title='bbox 159 4551 375 4601; x_wconf 72' lang='grc' dir='ltr'>σκόπων</span> <span class='ocrx_word' id='word_1_617' title='bbox 405 4547 799 4617; x_wconf 82' lang='grc' dir='ltr'>θυσιαστήρια,</span> <span class='ocrx_word' id='word_1_618' title='bbox 845 4546 939 4599; x_wconf 82' lang='grc' dir='ltr'>καὶ</span> <span class='ocrx_word' id='word_1_619' title='bbox 1005 4545 1094 4596; x_wconf 83' lang='grc' dir='ltr'><strong>διὰ</strong></span> <span class='ocrx_word' id='word_1_620' title='bbox 1146 4544 1578 4614; x_wconf 76' lang='grc' dir='ltr'>παρασυνὰξεων</span> <span class='ocrx_word' id='word_1_621' title='bbox 1632 4545 1727 4596; x_wconf 77' lang='grc' dir='ltr'>καὶ</span> 
     </span>
    </p>
   </div>
   <div class='ocr_carea' id='block_1_94' title="bbox 157 4636 1722 4707">
    <p class='ocr_par' dir='ltr' id='par_1_94' title="bbox 157 4636 1722 4707">
     <span class='ocr_line' id='line_1_94' title="bbox 157 4636 1722 4707; baseline -0.004 -15"><span class='ocrx_word' id='word_1_622' title='bbox 157 4641 359 4707; x_wconf 61' lang='grc' dir='ltr'>ψευδῶν</span> <span class='ocrx_word' id='word_1_623' title='bbox 413 4639 685 4691; x_wconf 80' lang='grc' dir='ltr'>ινυπνίων</span> <span class='ocrx_word' id='word_1_624' title='bbox 729 4637 853 4700; x_wconf 80' lang='grc' dir='ltr'>τοὺς</span> <span class='ocrx_word' id='word_1_625' title='bbox 906 4637 1314 4704; x_wconf 83' lang='grc' dir='ltr'>ἁπλουστέρους</span> <span class='ocrx_word' id='word_1_626' title='bbox 1387 4636 1722 4697; x_wconf 80' lang='grc' dir='ltr'>πλανῶντες,</span> 
     </span>
    </p>
   </div>
   <div class='ocr_carea' id='block_1_95' title="bbox 158 4725 1722 4800">
    <p class='ocr_par' dir='ltr' id='par_1_95' title="bbox 158 4725 1722 4800">
     <span class='ocr_line' id='line_1_95' title="bbox 158 4725 1722 4800; baseline -0.003 -19"><span class='ocrx_word' id='word_1_627' title='bbox 158 4732 248 4800; x_wconf 72' lang='grc' dir='ltr'>τὴν</span> <span class='ocrx_word' id='word_1_628' title='bbox 276 4731 581 4799; x_wconf 81' lang='grc' dir='ltr'>ὀρθοδόξων</span> <span class='ocrx_word' id='word_1_629' title='bbox 606 4729 788 4782; x_wconf 86' lang='grc' dir='ltr'>πίστιν</span> <span class='ocrx_word' id='word_1_630' title='bbox 811 4727 1150 4798; x_wconf 69' lang='grc' dir='ltr'>διέστρεφον,</span> <span class='ocrx_word' id='word_1_631' title='bbox 1180 4728 1346 4794; x_wconf 72' lang='grc' dir='ltr'>ἡρεσε</span> <span class='ocrx_word' id='word_1_632' title='bbox 1397 4727 1464 4778; x_wconf 86' lang='grc' dir='ltr'>τὰ</span> <span class='ocrx_word' id='word_1_633' title='bbox 1497 4725 1722 4777; x_wconf 84' lang='grc' dir='ltr'>τοιαῦτα</span> 
     </span>
    </p>
   </div>
   <div class='ocr_carea' id='block_1_96' title="bbox 159 4815 1722 4889">
    <p class='ocr_par' dir='ltr' id='par_1_96' title="bbox 159 4815 1722 4889">
     <span class='ocr_line' id='line_1_96' title="bbox 159 4815 1722 4889; baseline -0.003 -17"><span class='ocrx_word' id='word_1_634' title='bbox 159 4822 541 4889; x_wconf 78' lang='grc' dir='ltr'>θυσιαστήρια,</span> <span class='ocrx_word' id='word_1_635' title='bbox 567 4821 635 4872; x_wconf 82' lang='grc' dir='ltr'><strong>τὰ</strong></span> <span class='ocrx_word' id='word_1_636' title='bbox 657 4821 738 4881; x_wconf 86' lang='grc' dir='ltr'><strong>είς</strong></span> <span class='ocrx_word' id='word_1_637' title='bbox 763 4821 986 4889; x_wconf 87' lang='grc' dir='ltr'>μνήμην</span> <span class='ocrx_word' id='word_1_638' title='bbox 1035 4819 1180 4887; x_wconf 86' lang='grc' dir='ltr'>τάχα</span> <span class='ocrx_word' id='word_1_639' title='bbox 1224 4816 1522 4887; x_wconf 86' lang='grc' dir='ltr'>μαρτύρων</span> <span class='ocrx_word' id='word_1_640' title='bbox 1559 4815 1722 4869; x_wconf 85' lang='grc' dir='ltr'>καθι-</span> 
     </span>
    </p>
   </div>
   <div class='ocr_carea' id='block_1_97' title="bbox 161 4907 1723 4981">
    <p class='ocr_par' dir='ltr' id='par_1_97' title="bbox 161 4907 1723 4981">
     <span class='ocr_line' id='line_1_97' title="bbox 161 4907 1723 4981; baseline -0.003 -19"><span class='ocrx_word' id='word_1_641' title='bbox 161 4915 422 4981; x_wconf 78' lang='grc' dir='ltr'>στᾰμενα,</span> <span class='ocrx_word' id='word_1_642' title='bbox 447 4911 549 4964; x_wconf 71' lang='grc' dir='ltr'><strong>καὶ</strong></span> <span class='ocrx_word' id='word_1_643' title='bbox 576 4911 650 4979; x_wconf 81' lang='grc' dir='ltr'>μὴ</span> <span class='ocrx_word' id='word_1_644' title='bbox 675 4911 871 4979; x_wconf 64' lang='grc' dir='ltr'>ἔχοντα</span> <span class='ocrx_word' id='word_1_645' title='bbox 901 4908 1131 4978; x_wconf 83' lang='grc' dir='ltr'>σώματα</span> <span class='ocrx_word' id='word_1_646' title='bbox 1165 4909 1200 4975; x_wconf 85' lang='grc' dir='ltr'><strong>ἧ</strong></span> <span class='ocrx_word' id='word_1_647' title='bbox 1232 4908 1458 4975; x_wconf 76' lang='grc' dir='ltr'>λείψανα</span> <span class='ocrx_word' id='word_1_648' title='bbox 1513 4907 1723 4976; x_wconf 85' lang='grc' dir='ltr'>μαρτύ-</span> 
     </span>
    </p>
   </div>
   <div class='ocr_carea' id='block_1_98' title="bbox 162 4997 1722 5072">
    <p class='ocr_par' dir='ltr' id='par_1_98' title="bbox 162 4997 1722 5072">
     <span class='ocr_line' id='line_1_98' title="bbox 162 4997 1722 5072; baseline -0.003 -17"><span class='ocrx_word' id='word_1_649' title='bbox 162 5020 280 5070; x_wconf 84' lang='grc' dir='ltr'>ρων,</span> <span class='ocrx_word' id='word_1_650' title='bbox 326 5002 468 5072; x_wconf 72' lang='grc' dir='ltr'>μηδὲ</span> <span class='ocrx_word' id='word_1_651' title='bbox 497 5001 735 5072; x_wconf 77' lang='grc' dir='ltr'>ἀρχῆθεν</span> <span class='ocrx_word' id='word_1_652' title='bbox 769 5000 1145 5068; x_wconf 81' lang='grc' dir='ltr'>ἀνεργεθέντα</span> <span class='ocrx_word' id='word_1_653' title='bbox 1174 4998 1265 5049; x_wconf 74' lang='grc' dir='ltr'><strong>διὰ</strong></span> <span class='ocrx_word' id='word_1_654' title='bbox 1308 4998 1368 5050; x_wconf 89' lang='grc' dir='ltr'>τὸ</span> <span class='ocrx_word' id='word_1_655' title='bbox 1409 4997 1630 5066; x_wconf 80' lang='grc' dir='ltr'>οἰκῆσαι</span> <span class='ocrx_word' id='word_1_656' title='bbox 1663 4999 1722 5050; x_wconf 83' lang='grc' dir='ltr'>ὲν</span> 
     </span>
    </p>
   </div>
   <div class='ocr_carea' id='block_1_99' title="bbox 159 5085 1722 5161">
    <p class='ocr_par' dir='ltr' id='par_1_99' title="bbox 159 5085 1722 5161">
     <span class='ocr_line' id='line_1_99' title="bbox 159 5085 1722 5161; baseline -0.003 -17"><span class='ocrx_word' id='word_1_657' title='bbox 159 5095 331 5156; x_wconf 75' lang='grc' dir='ltr'>αὐτοῖς</span> <span class='ocrx_word' id='word_1_658' title='bbox 363 5093 549 5154; x_wconf 84' lang='grc' dir='ltr'>ὁσίους</span> <span class='ocrx_word' id='word_1_659' title='bbox 589 5092 621 5161; x_wconf 80' lang='grc' dir='ltr'>ἦ</span> <span class='ocrx_word' id='word_1_660' title='bbox 655 5092 964 5160; x_wconf 79' lang='grc' dir='ltr'>μάρτυρας,</span> <span class='ocrx_word' id='word_1_661' title='bbox 988 5090 1021 5158; x_wconf 80' lang='grc' dir='ltr'>ἢ</span> <span class='ocrx_word' id='word_1_662' title='bbox 1055 5089 1335 5156; x_wconf 88' lang='grc' dir='ltr'>κτησείδια</span> <span class='ocrx_word' id='word_1_663' title='bbox 1397 5085 1538 5141; x_wconf 77' lang='grc' dir='ltr'>εἶναι</span> <span class='ocrx_word' id='word_1_664' title='bbox 1595 5089 1722 5140; x_wconf 82' lang='grc' dir='ltr'>τού-</span> 
     </span>
    </p>
   </div>
   <div class='ocr_carea' id='block_1_100' title="bbox 159 5179 1717 5255">
    <p class='ocr_par' dir='ltr' id='par_1_100' title="bbox 159 5179 1717 5255">
     <span class='ocr_line' id='line_1_100' title="bbox 159 5179 1717 5255; baseline -0.003 -21"><span class='ocrx_word' id='word_1_665' title='bbox 159 5201 274 5249; x_wconf 85' lang='grc' dir='ltr'>των,</span> <span class='ocrx_word' id='word_1_666' title='bbox 298 5187 333 5255; x_wconf 83' lang='grc' dir='ltr'><strong>ἦ</strong></span> <span class='ocrx_word' id='word_1_667' title='bbox 365 5187 428 5238; x_wconf 71' lang='grc' dir='ltr'>ιν</span> <span class='ocrx_word' id='word_1_668' title='bbox 456 5185 643 5246; x_wconf 81' lang='grc' dir='ltr'>αὐτοῖς</span> <span class='ocrx_word' id='word_1_669' title='bbox 671 5181 823 5251; x_wconf 83' lang='grc' dir='ltr'>πάθη</span> <span class='ocrx_word' id='word_1_670' title='bbox 886 5181 1190 5251; x_wconf 83' lang='grc' dir='ltr'>μαρτυρίου</span> <span class='ocrx_word' id='word_1_671' title='bbox 1238 5181 1560 5248; x_wconf 74' lang='grc' dir='ltr'>ὑποστῆναι,</span> <span class='ocrx_word' id='word_1_672' title='bbox 1601 5179 1717 5244; x_wconf 67' lang='grc' dir='ltr'>καὶ,</span> 
     </span>
    </p>
   </div>
   <div class='ocr_carea' id='block_1_101' title="bbox 159 5271 1719 5345">
    <p class='ocr_par' dir='ltr' id='par_1_101' title="bbox 159 5271 1719 5345">
     <span class='ocr_line' id='line_1_101' title="bbox 159 5271 1719 5345; baseline -0.005 -15"><span class='ocrx_word' id='word_1_673' title='bbox 159 5276 222 5338; x_wconf 75' lang='grc' dir='ltr'>ὡς</span> <span class='ocrx_word' id='word_1_674' title='bbox 253 5277 495 5345; x_wconf 85' lang='grc' dir='ltr'>είρηται,</span> <span class='ocrx_word' id='word_1_675' title='bbox 527 5275 601 5345; x_wconf 82' lang='grc' dir='ltr'>μὴ</span> <span class='ocrx_word' id='word_1_676' title='bbox 630 5273 1038 5342; x_wconf 86' lang='grc' dir='ltr'>καθιερωθέντα</span> <span class='ocrx_word' id='word_1_677' title='bbox 1069 5271 1220 5342; x_wconf 74' lang='grc' dir='ltr'>παρὰ</span> <span class='ocrx_word' id='word_1_678' title='bbox 1280 5271 1388 5324; x_wconf 88' lang='grc' dir='ltr'><strong>τῶν</strong></span> <span class='ocrx_word' id='word_1_679' title='bbox 1437 5272 1719 5342; x_wconf 73' lang='grc' dir='ltr'>ἐγχωρίων</span> 
     </span>
    </p>
   </div>
   <div class='ocr_carea' id='block_1_102' title="bbox 161 5359 1717 5431">
    <p class='ocr_par' dir='ltr' id='par_1_102' title="bbox 161 5359 1717 5431">
     <span class='ocr_line' id='line_1_102' title="bbox 161 5359 1717 5431; baseline -0.001 -18"><span class='ocrx_word' id='word_1_680' title='bbox 161 5365 485 5427; x_wconf 66' lang='grc' dir='ltr'>ἐπισκόπων,</span> <span class='ocrx_word' id='word_1_681' title='bbox 541 5361 1045 5431; x_wconf 81' lang='grc' dir='ltr'>καταστρέφεσθαι.</span> <span class='ocrx_word' id='word_1_682' title='bbox 1080 5361 1140 5417; x_wconf 86' lang='grc' dir='ltr'>Εί</span> <span class='ocrx_word' id='word_1_683' title='bbox 1160 5361 1216 5413; x_wconf 79' lang='grc' dir='ltr'>δὲ</span> <span class='ocrx_word' id='word_1_684' title='bbox 1244 5362 1292 5412; x_wconf 90' lang='grc' dir='ltr'><strong>οί</strong></span> <span class='ocrx_word' id='word_1_685' title='bbox 1324 5359 1506 5429; x_wconf 82' lang='grc' dir='ltr'>δῆμοι,</span> <span class='ocrx_word' id='word_1_686' title='bbox 1531 5361 1717 5426; x_wconf 72' lang='grc' dir='ltr'>φασὶν,</span> 
     </span>
    </p>
   </div>
   <div class='ocr_carea' id='block_1_103' title="bbox 157 5452 1720 5526">
    <p class='ocr_par' dir='ltr' id='par_1_103' title="bbox 157 5452 1720 5526">
     <span class='ocr_line' id='line_1_103' title="bbox 157 5452 1720 5526; baseline -0.001 -21"><span class='ocrx_word' id='word_1_687' title='bbox 157 5457 495 5511; x_wconf 77' lang='grc' dir='ltr'>ἀνθίστανται</span> <span class='ocrx_word' id='word_1_688' title='bbox 519 5455 904 5526; x_wconf 74' lang='grc' dir='ltr'>θορυῦοὖντες,</span> <span class='ocrx_word' id='word_1_689' title='bbox 937 5454 1314 5509; x_wconf 82' lang='grc' dir='ltr'>νουθετεῖσθαι</span> <span class='ocrx_word' id='word_1_690' title='bbox 1364 5453 1459 5505; x_wconf 75' lang='grc' dir='ltr'>καὶ</span> <span class='ocrx_word' id='word_1_691' title='bbox 1493 5452 1720 5516; x_wconf 88' lang='grc' dir='ltr'>τούτους</span> 
     </span>
    </p>
   </div>
   <div class='ocr_carea' id='block_1_104' title="bbox 161 5545 1718 5616">
    <p class='ocr_par' dir='ltr' id='par_1_104' title="bbox 161 5545 1718 5616">
     <span class='ocr_line' id='line_1_104' title="bbox 161 5545 1718 5616; baseline 0 -18"><span class='ocrx_word' id='word_1_692' title='bbox 161 5549 580 5616; x_wconf 75' lang='grc' dir='ltr'>μὴόχλαγωγεῖν</span> <span class='ocrx_word' id='word_1_693' title='bbox 610 5552 737 5608; x_wconf 71' lang='grc' dir='ltr'>τοὺς</span> <span class='ocrx_word' id='word_1_694' title='bbox 797 5547 996 5609; x_wconf 81' lang='grc' dir='ltr'>τόπους</span> <span class='ocrx_word' id='word_1_695' title='bbox 1018 5548 1280 5608; x_wconf 73' lang='grc' dir='ltr'>ἐκείνους,</span> <span class='ocrx_word' id='word_1_696' title='bbox 1334 5545 1581 5598; x_wconf 75' lang='grc' dir='ltr'>τουτέστι</span> <span class='ocrx_word' id='word_1_697' title='bbox 1643 5546 1718 5615; x_wconf 79' lang='grc' dir='ltr'>μὴ</span> 
     </span>
    </p>
   </div>
   <div class='ocr_carea' id='block_1_105' title="bbox 160 5637 1725 5706">
    <p class='ocr_par' dir='ltr' id='par_1_105' title="bbox 160 5637 1725 5706">
     <span class='ocr_line' id='line_1_105' title="bbox 160 5637 1725 5706; baseline 0.002 -20"><span class='ocrx_word' id='word_1_698' title='bbox 160 5640 466 5706; x_wconf 71' lang='grc' dir='ltr'>συνάγεσθαι</span> <span class='ocrx_word' id='word_1_699' title='bbox 488 5639 613 5698; x_wconf 77' lang='grc' dir='ltr'>τοὺς</span> <span class='ocrx_word' id='word_1_700' title='bbox 629 5637 822 5706; x_wconf 64' lang='grc' dir='ltr'>ὄχλους</span> <span class='ocrx_word' id='word_1_701' title='bbox 854 5639 986 5702; x_wconf 77' lang='grc' dir='ltr'>ἐκεῖ,</span> <span class='ocrx_word' id='word_1_702' title='bbox 1014 5638 1147 5706; x_wconf 76' lang='grc' dir='ltr'>μηδὲ</span> <span class='ocrx_word' id='word_1_703' title='bbox 1166 5637 1286 5695; x_wconf 73' lang='grc' dir='ltr'>τοὺς</span> <span class='ocrx_word' id='word_1_704' title='bbox 1302 5637 1611 5706; x_wconf 78' lang='grc' dir='ltr'>ὀρθοδόξους</span> <span class='ocrx_word' id='word_1_705' title='bbox 1625 5654 1725 5689; x_wconf 84' lang='grc' dir='ltr'>κα-</span> 
     </span>
    </p>
   </div>
   <div class='ocr_carea' id='block_1_106' title="bbox 161 5728 1715 5800">
    <p class='ocr_par' dir='ltr' id='par_1_106' title="bbox 161 5728 1715 5800">
     <span class='ocr_line' id='line_1_106' title="bbox 161 5728 1715 5800; baseline 0.001 -21"><span class='ocrx_word' id='word_1_706' title='bbox 161 5731 528 5798; x_wconf 69' lang='grc' dir='ltr'>ταδεσμιῖσθαι</span> <span class='ocrx_word' id='word_1_707' title='bbox 569 5733 635 5799; x_wconf 78' lang='grc' dir='ltr'>τῇ</span> <span class='ocrx_word' id='word_1_708' title='bbox 666 5728 874 5782; x_wconf 81' lang='grc' dir='ltr'>τούτων</span> <span class='ocrx_word' id='word_1_709' title='bbox 903 5729 1316 5799; x_wconf 70' lang='grc' dir='ltr'>δεισιδαιμονία,</span> <span class='ocrx_word' id='word_1_710' title='bbox 1343 5731 1470 5800; x_wconf 66' lang='grc' dir='ltr'>μηδὲ</span> <span class='ocrx_word' id='word_1_711' title='bbox 1500 5731 1715 5800; x_wconf 76' lang='grc' dir='ltr'>μνήμας</span> 
     </span>
    </p>
   </div>
   <div class='ocr_carea' id='block_1_107' title="bbox 1833 4546 3408 4617">
    <p class='ocr_par' dir='ltr' id='par_1_107' title="bbox 1833 4546 3408 4617">
     <span class='ocr_line' id='line_1_107' title="bbox 1833 4546 3408 4617; baseline 0.002 -18"><span class='ocrx_word' id='word_1_712' title='bbox 1833 4546 2098 4607; x_wconf 85' lang='lat' dir='ltr'><strong>citabant.</strong></span> <span class='ocrx_word' id='word_1_713' title='bbox 2131 4556 2187 4599; x_wconf 94' lang='lat' dir='ltr'><strong>et</strong></span> <span class='ocrx_word' id='word_1_714' title='bbox 2231 4562 2326 4614; x_wconf 87' lang='lat' dir='ltr'><strong>per</strong></span> <span class='ocrx_word' id='word_1_715' title='bbox 2355 4551 2633 4617; x_wconf 86' lang='lat' dir='ltr'><strong>improbos</strong></span> <span class='ocrx_word' id='word_1_716' title='bbox 2663 4552 2941 4603; x_wconf 90' lang='lat' dir='ltr'><strong>hominum</strong></span> <span class='ocrx_word' id='word_1_717' title='bbox 2969 4562 3164 4612; x_wconf 73' lang='lat' dir='ltr'><strong>C(BlllS.</strong></span> <span class='ocrx_word' id='word_1_718' title='bbox 3198 4561 3251 4604; x_wconf 91' lang='lat' dir='ltr'><strong>et</strong></span> <span class='ocrx_word' id='word_1_719' title='bbox 3275 4550 3408 4603; x_wconf 78' lang='lat' dir='ltr'><strong>falsa</strong></span> 
     </span>
    </p>
   </div>
   <div class='ocr_carea' id='block_1_108' title="bbox 1832 4638 3407 4709">
    <p class='ocr_par' dir='ltr' id='par_1_108' title="bbox 1832 4638 3407 4709">
     <span class='ocr_line' id='line_1_108' title="bbox 1832 4638 3407 4709; baseline 0.004 -19"><span class='ocrx_word' id='word_1_720' title='bbox 1832 4638 2072 4702; x_wconf 86' lang='lat' dir='ltr'><strong>somnia,</strong></span> <span class='ocrx_word' id='word_1_721' title='bbox 2130 4639 2491 4706; x_wconf 89' lang='lat' dir='ltr'><strong>simpliciores</strong></span> <span class='ocrx_word' id='word_1_722' title='bbox 2521 4641 2878 4709; x_wconf 88' lang='lat' dir='ltr'><strong>decipientes,</strong></span> <span class='ocrx_word' id='word_1_723' title='bbox 2919 4641 3078 4695; x_wconf 79' lang='lat' dir='ltr'><strong>[idem</strong></span> <span class='ocrx_word' id='word_1_724' title='bbox 3140 4643 3407 4697; x_wconf 86' lang='lat' dir='ltr'><strong>orthodo-</strong></span> 
     </span>
    </p>
   </div>
   <div class='ocr_carea' id='block_1_109' title="bbox 1839 4727 3402 4801">
    <p class='ocr_par' dir='ltr' id='par_1_109' title="bbox 1839 4727 3402 4801">
     <span class='ocr_line' id='line_1_109' title="bbox 1839 4727 3402 4801; baseline 0.002 -21"><span class='ocrx_word' id='word_1_725' title='bbox 1839 4743 1963 4780; x_wconf 73' lang='lat' dir='ltr'><strong>xam</strong></span> <span class='ocrx_word' id='word_1_726' title='bbox 2022 4727 2406 4782; x_wconf 83' lang='lat' dir='ltr'><strong>subvertebant</strong></span> <span class='ocrx_word' id='word_1_727' title='bbox 2446 4749 2458 4783; x_wconf 94' lang='lat'><strong>:</strong></span> <span class='ocrx_word' id='word_1_728' title='bbox 2494 4731 2717 4798; x_wconf 81' lang='lat' dir='ltr'><strong>placuit,</strong></span> <span class='ocrx_word' id='word_1_729' title='bbox 2757 4743 2816 4785; x_wconf 91' lang='lat' dir='ltr'><strong>ut</strong></span> <span class='ocrx_word' id='word_1_730' title='bbox 2866 4733 3132 4801; x_wconf 85' lang='lat' dir='ltr'><strong>ejusmodi</strong></span> <span class='ocrx_word' id='word_1_731' title='bbox 3186 4735 3402 4794; x_wconf 83' lang='lat' dir='ltr'><strong>altaria,</strong></span> 
     </span>
    </p>
   </div>
   <div class='ocr_carea' id='block_1_110' title="bbox 1831 4817 3402 4889">
    <p class='ocr_par' dir='ltr' id='par_1_110' title="bbox 1831 4817 3402 4889">
     <span class='ocr_line' id='line_1_110' title="bbox 1831 4817 3402 4889; baseline 0.003 -17"><span class='ocrx_word' id='word_1_732' title='bbox 1831 4820 1885 4872; x_wconf 92' lang='lat' dir='ltr'><strong>in</strong></span> <span class='ocrx_word' id='word_1_733' title='bbox 1919 4820 2234 4871; x_wconf 88' lang='lat' dir='ltr'><strong>memoriam</strong></span> <span class='ocrx_word' id='word_1_734' title='bbox 2287 4817 2425 4873; x_wconf 77' lang='lat' dir='ltr'><strong>forte</strong></span> <span class='ocrx_word' id='word_1_735' title='bbox 2469 4831 2767 4889; x_wconf 85' lang='lat' dir='ltr'><strong>martyrum</strong></span> <span class='ocrx_word' id='word_1_736' title='bbox 2817 4826 3138 4886; x_wconf 89' lang='lat' dir='ltr'><strong>constituta,</strong></span> <span class='ocrx_word' id='word_1_737' title='bbox 3195 4834 3250 4876; x_wconf 86' lang='lat' dir='ltr'><strong>et</strong></span> <span class='ocrx_word' id='word_1_738' title='bbox 3277 4839 3402 4876; x_wconf 91' lang='lat' dir='ltr'><strong>eor-</strong></span> 
     </span>
    </p>
   </div>
   <div class='ocr_carea' id='block_1_111' title="bbox 1829 4908 3403 4979">
    <p class='ocr_par' dir='ltr' id='par_1_111' title="bbox 1829 4908 3403 4979">
     <span class='ocr_line' id='line_1_111' title="bbox 1829 4908 3403 4979; baseline 0.005 -20"><span class='ocrx_word' id='word_1_739' title='bbox 1829 4922 1960 4977; x_wconf 88' lang='lat' dir='ltr'><strong>pora</strong></span> <span class='ocrx_word' id='word_1_740' title='bbox 1996 4908 2078 4960; x_wconf 90' lang='lat' dir='ltr'><strong>vel</strong></span> <span class='ocrx_word' id='word_1_741' title='bbox 2111 4909 2372 4974; x_wconf 84' lang='lat' dir='ltr'><strong>reliquias</strong></span> <span class='ocrx_word' id='word_1_742' title='bbox 2429 4920 2727 4979; x_wconf 86' lang='lat' dir='ltr'><strong>martyrum</strong></span> <span class='ocrx_word' id='word_1_743' title='bbox 2791 4927 2896 4965; x_wconf 88' lang='lat' dir='ltr'><strong>non</strong></span> <span class='ocrx_word' id='word_1_744' title='bbox 2941 4915 3195 4968; x_wconf 81' lang='lat' dir='ltr'><strong>habentia</strong></span> <span class='ocrx_word' id='word_1_745' title='bbox 3235 4935 3248 4969; x_wconf 90' lang='lat'><strong>:</strong></span> <span class='ocrx_word' id='word_1_746' title='bbox 3303 4930 3403 4970; x_wconf 78' lang='lat' dir='ltr'><strong>ne—</strong></span> 
     </span>
    </p>
   </div>
   <div class='ocr_carea' id='block_1_112' title="bbox 1829 5000 3400 5070">
    <p class='ocr_par' dir='ltr' id='par_1_112' title="bbox 1829 5000 3400 5070">
     <span class='ocr_line' id='line_1_112' title="bbox 1829 5000 3400 5070; baseline 0.012 -24"><span class='ocrx_word' id='word_1_747' title='bbox 1829 5012 1935 5065; x_wconf 86' lang='lat' dir='ltr'><strong>que</strong></span> <span class='ocrx_word' id='word_1_748' title='bbox 1961 5013 1990 5050; x_wconf 88' lang='lat' dir='ltr'><strong>a</strong></span> <span class='ocrx_word' id='word_1_749' title='bbox 2022 5000 2290 5068; x_wconf 92' lang='lat' dir='ltr'><strong>principio</strong></span> <span class='ocrx_word' id='word_1_750' title='bbox 2319 5001 2579 5063; x_wconf 81' lang='lat' dir='ltr'><strong>excitata,</strong></span> <span class='ocrx_word' id='word_1_751' title='bbox 2616 5003 2759 5070; x_wconf 86' lang='lat' dir='ltr'><strong>quod</strong></span> <span class='ocrx_word' id='word_1_752' title='bbox 2788 5005 2961 5058; x_wconf 82' lang='lat' dir='ltr'><strong>sancti</strong></span> <span class='ocrx_word' id='word_1_753' title='bbox 2997 5007 3048 5058; x_wconf 91' lang='lat' dir='ltr'><strong>in</strong></span> <span class='ocrx_word' id='word_1_754' title='bbox 3078 5007 3157 5061; x_wconf 88' lang='lat' dir='ltr'><strong>eis</strong></span> <span class='ocrx_word' id='word_1_755' title='bbox 3187 5008 3400 5064; x_wconf 88' lang='lat' dir='ltr'><strong>habita-</strong></span> 
     </span>
    </p>
   </div>
   <div class='ocr_carea' id='block_1_113' title="bbox 1828 5090 3401 5167">
    <p class='ocr_par' dir='ltr' id='par_1_113' title="bbox 1828 5090 3401 5167">
     <span class='ocr_line' id='line_1_113' title="bbox 1828 5090 3401 5167; baseline 0.007 -23"><span class='ocrx_word' id='word_1_756' title='bbox 1828 5090 1939 5144; x_wconf 77' lang='lat' dir='ltr'><strong>rint</strong></span> <span class='ocrx_word' id='word_1_757' title='bbox 1973 5100 2068 5144; x_wconf 88' lang='lat' dir='ltr'><strong>aut</strong></span> <span class='ocrx_word' id='word_1_758' title='bbox 2126 5100 2419 5160; x_wconf 87' lang='lat' dir='ltr'><strong>martyres,</strong></span> <span class='ocrx_word' id='word_1_759' title='bbox 2477 5093 2558 5149; x_wconf 84' lang='lat' dir='ltr'><strong>vel</strong></span> <span class='ocrx_word' id='word_1_760' title='bbox 2604 5097 2750 5164; x_wconf 89' lang='lat' dir='ltr'><strong>quod</strong></span> <span class='ocrx_word' id='word_1_761' title='bbox 2782 5098 2893 5149; x_wconf 89' lang='lat' dir='ltr'><strong>sint</strong></span> <span class='ocrx_word' id='word_1_762' title='bbox 2947 5099 3028 5152; x_wconf 85' lang='lat' dir='ltr'><strong>eis</strong></span> <span class='ocrx_word' id='word_1_763' title='bbox 3058 5103 3401 5167; x_wconf 87' lang='lat' dir='ltr'><strong>possessiun-</strong></span> 
     </span>
    </p>
   </div>
   <div class='ocr_carea' id='block_1_114' title="bbox 1831 5183 3397 5255">
    <p class='ocr_par' dir='ltr' id='par_1_114' title="bbox 1831 5183 3397 5255">
     <span class='ocr_line' id='line_1_114' title="bbox 1831 5183 3397 5255; baseline 0.006 -17"><span class='ocrx_word' id='word_1_764' title='bbox 1831 5183 1991 5247; x_wconf 64' lang='lat' dir='ltr'><strong>eulae,</strong></span> <span class='ocrx_word' id='word_1_765' title='bbox 2025 5183 2108 5238; x_wconf 82' lang='lat' dir='ltr'><strong>vel</strong></span> <span class='ocrx_word' id='word_1_766' title='bbox 2140 5191 2280 5253; x_wconf 86' lang='lat' dir='ltr'><strong>quod</strong></span> <span class='ocrx_word' id='word_1_767' title='bbox 2342 5186 2606 5255; x_wconf 88' lang='lat' dir='ltr'><strong>martyrio</strong></span> <span class='ocrx_word' id='word_1_768' title='bbox 2636 5187 2704 5240; x_wconf 91' lang='lat' dir='ltr'><strong>ibi</strong></span> <span class='ocrx_word' id='word_1_769' title='bbox 2738 5190 2983 5242; x_wconf 72' lang='lat' dir='ltr'><strong>coronati</strong></span> <span class='ocrx_word' id='word_1_770' title='bbox 3042 5194 3182 5252; x_wconf 91' lang='lat' dir='ltr'><strong>sint;</strong></span> <span class='ocrx_word' id='word_1_771' title='bbox 3220 5208 3322 5247; x_wconf 90' lang='lat' dir='ltr'><strong>nec</strong></span> <span class='ocrx_word' id='word_1_772' title='bbox 3368 5209 3397 5247; x_wconf 88' lang='lat' dir='ltr'><strong>a</strong></span> 
     </span>
    </p>
   </div>
   <div class='ocr_carea' id='block_1_115' title="bbox 1832 5275 3394 5348">
    <p class='ocr_par' dir='ltr' id='par_1_115' title="bbox 1832 5275 3394 5348">
     <span class='ocr_line' id='line_1_115' title="bbox 1832 5275 3394 5348; baseline 0.007 -22"><span class='ocrx_word' id='word_1_773' title='bbox 1832 5275 2072 5342; x_wconf 77' lang='lat' dir='ltr'><strong>regionis</strong></span> <span class='ocrx_word' id='word_1_774' title='bbox 2119 5277 2411 5343; x_wconf 85' lang='lat' dir='ltr'><strong>episcopis,</strong></span> <span class='ocrx_word' id='word_1_775' title='bbox 2482 5285 2539 5328; x_wconf 92' lang='lat' dir='ltr'><strong>ut</strong></span> <span class='ocrx_word' id='word_1_776' title='bbox 2593 5277 2798 5331; x_wconf 89' lang='lat' dir='ltr'><strong>dictum</strong></span> <span class='ocrx_word' id='word_1_777' title='bbox 2871 5289 2974 5344; x_wconf 86' lang='lat' dir='ltr'><strong>est,</strong></span> <span class='ocrx_word' id='word_1_778' title='bbox 3034 5292 3394 5348; x_wconf 76' lang='lat' dir='ltr'><strong>consecrata,</strong></span> 
     </span>
    </p>
   </div>
   <div class='ocr_carea' id='block_1_116' title="bbox 1830 5363 3398 5436">
    <p class='ocr_par' dir='ltr' id='par_1_116' title="bbox 1830 5363 3398 5436">
     <span class='ocr_line' id='line_1_116' title="bbox 1830 5363 3398 5436; baseline 0.008 -21"><span class='ocrx_word' id='word_1_779' title='bbox 1830 5364 2240 5420; x_wconf 86' lang='lat' dir='ltr'><strong>subvertantur.</strong></span> <span class='ocrx_word' id='word_1_780' title='bbox 2295 5363 2350 5418; x_wconf 91' lang='lat' dir='ltr'><strong>Si</strong></span> <span class='ocrx_word' id='word_1_781' title='bbox 2404 5376 2583 5420; x_wconf 86' lang='lat' dir='ltr'><strong>autem</strong></span> <span class='ocrx_word' id='word_1_782' title='bbox 2645 5367 2850 5436; x_wconf 88' lang='lat' dir='ltr'><strong>populi,</strong></span> <span class='ocrx_word' id='word_1_783' title='bbox 2893 5369 3160 5436; x_wconf 86' lang='lat' dir='ltr'><strong>inquiunt,</strong></span> <span class='ocrx_word' id='word_1_784' title='bbox 3194 5375 3398 5427; x_wconf 89' lang='lat' dir='ltr'><strong>tumul-</strong></span> 
     </span>
    </p>
   </div>
   <div class='ocr_carea' id='block_1_117' title="bbox 1834 5457 3396 5522">
    <p class='ocr_par' dir='ltr' id='par_1_117' title="bbox 1834 5457 3396 5522">
     <span class='ocr_line' id='line_1_117' title="bbox 1834 5457 3396 5522; baseline 0.007 -14"><span class='ocrx_word' id='word_1_785' title='bbox 1834 5465 2048 5509; x_wconf 86' lang='lat' dir='ltr'><strong>tuantes</strong></span> <span class='ocrx_word' id='word_1_786' title='bbox 2119 5457 2400 5522; x_wconf 78' lang='lat' dir='ltr'><strong>resistant,</strong></span> <span class='ocrx_word' id='word_1_787' title='bbox 2434 5459 2848 5520; x_wconf 76' lang='lat' dir='ltr'><strong>admone-antur,</strong></span> <span class='ocrx_word' id='word_1_788' title='bbox 2901 5475 2965 5512; x_wconf 87' lang='lat' dir='ltr'><strong>ne</strong></span> <span class='ocrx_word' id='word_1_789' title='bbox 3001 5462 3052 5512; x_wconf 92' lang='lat' dir='ltr'><strong>in</strong></span> <span class='ocrx_word' id='word_1_790' title='bbox 3103 5461 3238 5517; x_wconf 83' lang='lat' dir='ltr'><strong>locis</strong></span> <span class='ocrx_word' id='word_1_791' title='bbox 3266 5480 3396 5519; x_wconf 88' lang='lat' dir='ltr'><strong>con-</strong></span> 
     </span>
    </p>
   </div>
   <div class='ocr_carea' id='block_1_118' title="bbox 1831 5551 3395 5623">
    <p class='ocr_par' dir='ltr' id='par_1_118' title="bbox 1831 5551 3395 5623">
     <span class='ocr_line' id='line_1_118' title="bbox 1831 5551 3395 5623; baseline 0.008 -26"><span class='ocrx_word' id='word_1_792' title='bbox 1831 5555 2024 5600; x_wconf 83' lang='lat' dir='ltr'><strong>ventus</strong></span> <span class='ocrx_word' id='word_1_793' title='bbox 2048 5557 2233 5616; x_wconf 83' lang='lat' dir='ltr'><strong>agant.</strong></span> <span class='ocrx_word' id='word_1_794' title='bbox 2271 5551 2370 5603; x_wconf 89' lang='lat' dir='ltr'><strong>hoc</strong></span> <span class='ocrx_word' id='word_1_795' title='bbox 2405 5563 2509 5612; x_wconf 86' lang='lat' dir='ltr'><strong>est,</strong></span> <span class='ocrx_word' id='word_1_796' title='bbox 2559 5566 2625 5604; x_wconf 89' lang='lat' dir='ltr'><strong>ne</strong></span> <span class='ocrx_word' id='word_1_797' title='bbox 2659 5551 2765 5602; x_wconf 87' lang='lat' dir='ltr'><strong>illic</strong></span> <span class='ocrx_word' id='word_1_798' title='bbox 2809 5553 2992 5605; x_wconf 82' lang='lat' dir='ltr'><strong>turbas</strong></span> <span class='ocrx_word' id='word_1_799' title='bbox 3019 5566 3348 5623; x_wconf 81' lang='lat' dir='ltr'><strong>congregem</strong></span> <span class='ocrx_word' id='word_1_800' title='bbox 3380 5571 3395 5620; x_wconf 91' lang='lat'><strong>;</strong></span> 
     </span>
    </p>
   </div>
   <div class='ocr_carea' id='block_1_119' title="bbox 1831 5638 3395 5714">
    <p class='ocr_par' dir='ltr' id='par_1_119' title="bbox 1831 5638 3395 5714">
     <span class='ocr_line' id='line_1_119' title="bbox 1831 5638 3395 5714; baseline 0.004 -22"><span class='ocrx_word' id='word_1_801' title='bbox 1831 5653 1930 5692; x_wconf 82' lang='lat' dir='ltr'><strong>nec</strong></span> <span class='ocrx_word' id='word_1_802' title='bbox 2007 5638 2296 5692; x_wconf 81' lang='lat' dir='ltr'><strong>orthodoxi</strong></span> <span class='ocrx_word' id='word_1_803' title='bbox 2361 5655 2547 5692; x_wconf 83' lang='lat' dir='ltr'><strong>eorum</strong></span> <span class='ocrx_word' id='word_1_804' title='bbox 2608 5643 2996 5707; x_wconf 81' lang='lat' dir='ltr'><strong>superstitione</strong></span> <span class='ocrx_word' id='word_1_805' title='bbox 3090 5644 3395 5714; x_wconf 59' lang='lat' dir='ltr'><strong>alligentur,</strong></span> 
     </span>
    </p>
   </div>
   <div class='ocr_carea' id='block_1_120' title="bbox 1843 5731 3396 5800">
    <p class='ocr_par' dir='ltr' id='par_1_120' title="bbox 1843 5731 3396 5800">
     <span class='ocr_line' id='line_1_120' title="bbox 1843 5731 3396 5800; baseline 0.006 -17"><span class='ocrx_word' id='word_1_806' title='bbox 1843 5745 2013 5797; x_wconf 70' lang='lat' dir='ltr'><strong>neque</strong></span> <span class='ocrx_word' id='word_1_807' title='bbox 2044 5732 2096 5783; x_wconf 92' lang='lat' dir='ltr'><strong>in</strong></span> <span class='ocrx_word' id='word_1_808' title='bbox 2131 5731 2210 5784; x_wconf 84' lang='lat' dir='ltr'><strong>eis</strong></span> <span class='ocrx_word' id='word_1_809' title='bbox 2243 5739 2542 5800; x_wconf 80' lang='lat' dir='ltr'><strong>martyrum</strong></span> <span class='ocrx_word' id='word_1_810' title='bbox 2578 5732 2893 5784; x_wconf 84' lang='lat' dir='ltr'><strong>memoriam</strong></span> <span class='ocrx_word' id='word_1_811' title='bbox 2935 5734 3232 5790; x_wconf 69' lang='lat' dir='ltr'><strong>relcln&#39;ent.</strong></span> <span class='ocrx_word' id='word_1_812' title='bbox 3260 5737 3396 5792; x_wconf 57' lang='lat' dir='ltr'><strong>nota</strong></span> 
     </span>
    </p>
   </div>
  </div>
