4000 6442
605 410 703 470 303

1815 389 2090 450 TIIEOD.
2127 384 2520 446 BALSAMON

3690 377 3797 437 3οι

602 524 918 585 pra2sentem
947 526 1232 571 rationem,
1272 509 1356 577 qui
1393 516 1472 560 est
1525 505 1675 558 valde
1710 501 1857 555 utilis
1887 500 1953 552 ad
1983 497 2145 550 rusti-

2273 495 2543 561 ιαρτύρων
2579 493 2654 542 ’ἐν
2731 492 2909 552 αὐτοῖς
2984 489 3267 543 ἐπιτελεῖν.
3343 486 3659 557 Σημείωσαι
3721 488 3815 534 τὴν

597 622 759 660 canas
791 594 1074 657 ecclesias.
1108 600 1268 652 Multa
1295 599 1438 651 enim
1471 594 1732 663 ejusmodi
1757 591 1890 645 ﬁunt
1920 603 1947 640 a
1980 586 2133 639 vica-

599 695 685 748 nis
716 691 1080 750 homunculis,
1121 688 1373 741 mulieres
1426 684 1689 738 diabolico
1718 681 1983 733 instructu
2013 677 2142 729 bae-

600 787 822 836 ebantcs
868 791 918 833 et
984 780 1158 831 l'ntura
1221 778 1355 829 forte
1393 776 1709 833 divinantes,
1768 770 2140 834 hominesque,

601 879 689 944 qui
727 889 783 927 se
820 871 1147 924 dtemoniaeo
1177 867 1366 934 spiritu
1405 865 1606 916 amatos
1638 862 1913 921 simulant,
1943 866 1994 910 et
2028 871 2146 922 qua:

600 982 669 1019 ne
729 967 906 1017 dicere
965 961 1178 1027 quidem
1229 958 1404 1020 decet,
1473 957 1523 1008 in
1586 950 1842 1022 ejusmodi
1904 947 2146 1001 ecclesiis

601 1059 805 1110 faciunt
829 1050 1243 1106 assumentibus.

669 1233 916 1288 ZONAR.
952 1229 1226 1290 Nonnulli,
1267 1241 1323 1280 se
1359 1226 1408 1277 id
1438 1225 1519 1291 pie
1553 1221 1730 1275 facere
1753 1218 2146 1272 existimantes.

607 1329 662 1378 in
701 1326 841 1388 agris
875 1331 928 1374 et
981 1320 1171 1372 vinetis
1219 1323 1513 1383 martyrum
1567 1310 1840 1368 aediculas,
1871 1306 2024 1372 quasi
2057 1317 2148 1371 per

607 1415 812 1467 somnia
869 1413 1090 1476 visaque
1137 1405 1421 1465 admoniti,
1475 1401 1801 1454 excitabant.
1832 1395 1933 1447 Eas
1969 1393 2148 1461 igitur,

605 1507 648 1556 si
683 1519 782 1556 nec
837 1511 1127 1567 martyrum
1163 1510 1384 1563 corpora
1423 1493 1491 1544 ibi
1526 1491 1780 1557 reposita,
1834 1499 1935 1538 nec
1962 1482 2150 1548 aliqua:

609 1596 822 1645 illorum
858 1589 1118 1656 reliquim,
1152 1593 1524 1644 asserventur,
1557 1581 1954 1648 episcoporum,
1990 1570 2152 1639 620

614 1686 704 1750 qui
742 1684 804 1734 iis
862 1681 992 1732 locis
1033 1686 1292 1745 pra'sunl,
1323 1671 1639 1725 auctoritate
1671 1670 1836 1719 everti
1886 1664 2030 1733 jubet
2061 1676 2150 1712 ca-

615 1787 738 1824 non.
771 1769 920 1834 Quod
953 1766 996 1818 si
1024 1765 1324 1821 multitudo,
1362 1761 1557 1826 inquit,
1583 1755 1838 1810 seditiose
1873 1760 2146 1818 repugnet,

2251 583 2490 649 παρόντα
2564 579 2782 640 κανόνα,
2863 579 3033 630 πολλὰ
3100 576 3504 647 χρησιμεύοντα
3559 578 3640 636 είς
3711 578 3815 633 τὰς

2250 670 2570 738 ἁγροικικᾶς
2598 669 2910 737 ἐκκλησίας.
2951 670 3196 720 Γίνονται
3223 670 3329 735 γὰρ
3370 667 3539 718 πολλὰ
3584 664 3817 716 τοιαῦτα.

2252 759 2400 827 παρὰ
2506 758 2814 828 χωριτικῶν
2912 759 3212 827 ἀνδραρίων
3281 755 3818 826 προσλαμϐανόντων

2253 855 2513 916 γυναῖκας
2557 849 2926 910 ἐνθουσιώσας
2952 851 3043 899 καὶ
3112 848 3254 899 κατὰ
3308 847 3631 914 δαιμονικὴν
3672 846 3819 910 ἐπή-

2254 954 2402 1004 ρειαν
2435 937 2898 1004 προφοιϐαζούσας
2916 938 3054 1003 τάχα
3076 937 3143 987 τὰ
3169 936 3452 1004 μέλλοντα,
3487 936 3581 985 καὶ
3612 932 3817 998 ἄνδρας

2255 1027 2748 1093 προσποιουμένους
2779 1027 3059 1093 δαιμονᾷν,
3091 1026 3184 1076 καὶ
3213 1025 3496 1083 ποιοῦντας
3527 1039 3650 1073 τινα
3681 1018 3818 1089 μηδὲ

2255 1115 2511 1181 λέγεσθαι
2540 1116 2664 1179 ἄξια
2701 1119 2780 1177 είς
2815 1119 2911 1177 τὰς
2941 1116 3196 1178 τοιαύτας
3221 1115 3534 1182 ἐκκλησίας.

2326 1205 2569 1255 ΖΩΝΛΡ.
2635 1203 2812 1266 Τινὲς,
2864 1203 3108 1254 εὐσεϐεῖν
3166 1201 3472 1262 δοκοῦντες,
3527 1202 3584 1250 ἐν
3622 1199 3821 1266 ἀγροῖς

2257 1293 2346 1343 καὶ
2380 1294 2436 1342 ἐν
2477 1291 2792 1358 ἀμπελῶσιν
2823 1290 3129 1358 ᾠκοδόμουν
3156 1291 3415 1356 εὐκτήρια
3473 1291 3565 1341 ἐπὶ
3600 1286 3820 1356 μαρτύ-

2258 1400 2366 1450 ριυν
2398 1383 2680 1449 ὀνόμασιν,
2714 1383 2788 1444 ὡς
2843 1383 2911 1433 δι’
2948 1381 3212 1433 ἐνυπνίων
3253 1381 3423 1432 ταῦτα
3471 1381 3563 1430 καὶ
3595 1381 3819 1430 άποκα·

2255 1473 2467 1538 λύψεων
2499 1473 2892 1540 ἀνεγείροντες.
2925 1471 3264 1539 Προστάσσει
3301 1471 3503 1533 ,τοίνυν
3544 1471 3572 1519 ό
3633 1459 3823 1518 κανὼν

2255 1568 2321 1618 τὰ
2347 1566 2591 1624 τοιαῦτα,
2624 1568 2670 1617 εί
2704 1568 2838 1634 μήτε
2871 1566 3098 1632 σώματα
3125 1564 3416 1632 μαρτύρων
3433 1563 3607 1629 ἔχοιεν
3629 1561 3824 1618 αὐτοῖς

2257 1657 2670 1725 ἐναποκείμενα,
2708 1657 2840 1724 μήτε
2868 1655 2986 1705 τινὰ
3009 1654 3236 1720 λείψανα
3291 1652 3604 1720 μαρτύρων,
3659 1646 3821 1714 παρὰ.

2258 1745 2365 1796 τῶν
2395 1746 2537 1798 κατὰ
2575 1746 2769 1804 τόπους
2786 1746 3096 1795 ἐπισκόπων
3127 1741 3625 1810 καταστρέφεσθαι.
3663 1737 3725 1788 Εἰ
3757 1736 3823 1787 δὲ

616 1876 786 1929 Neque
816 1860 933 1911 illas
989 1856 1126 1907 dirui
1155 1855 1382 1921 patiatur
1414 1871 1424 1904 :
1460 1851 1671 1903 saltem.
1706 1860 1771 1897 ne
1831 1845 1896 1895 iis
1926 1843 1976 1893 in
2023 1839 2153 1891 locis

2273 1837 2300 1884 μί
2334 1834 2517 1899 δῆμοι,
2555 1834 2738 1901 φησιν,
2781 1833 3122 1884 ἀνθίστανται
3159 1829 3536 1898 θορυϐοῦντες,
3589 1828 3686 1877 καὶ
3715 1825 3824 1877 οὐκ

619 1953 792 2018 populi
837 1958 1126 2002 conventus
1188 1942 1499 2011 agant,hoc
1530 1953 1632 2001 εει,
1685 1952 1748 1988 ne
1804 1934 1910 1986 illic
1973 1928 2156 1983 turbas

619 2049 962 2109 congregem,
997 2051 1092 2090 nec
1130 2035 1305 2101 aliqua
1333 2045 1516 2084 eorum
1563 2024 1942 2095 superstitione
1969 2020 2156 2071 ortho-

619 2130 740 2181 doxi
803 2129 1104 2194 alligentur,
1160 2137 1256 2175 nec
1290 2124 1340 2173 in
1395 2120 1458 2172 iis
1510 2125 1805 2183 martyrum
1841 2107 2155 2163 memoriam

620 2220 924 2278 celebrent;
959 2216 1001 2266 si
1032 2213 1244 2280 quidem
1276 2224 1373 2263 nec
1399 2207 1648 2275 martyris
1674 2216 1874 2269 corpus
1906 2213 2002 2251 nec
2036 2196 2158 2248 reli-

622 2307 758 2371 qui-.e
820 2305 891 2354 ibi
921 2301 1188 2354 recondita
1241 2298 1368 2358 sint,
1417 2309 1590 2361 neque
1639 2292 1747 2359 jam
1807 2287 1873 2340 ab
1928 2283 2160 2343 antiquis

618 2394 950 2462 temporibus
1001 2390 1167 2442 altare
1200 2388 1326 2441 illud
1368 2388 1437 2439 sit
1493 2381 1917 2440 exmdilieatum;
1949 2374 2161 2443 publice

617 2487 865 2554 populum
919 2481 1312 2537 admonendmn
1373 2492 1490 2531 esse
1523 2473 1783 2528 decernit.
1818 2470 2163 2533 Qumeunque

618 2579 787 2638 enim,
823 2575 974 2642 quasi
1011 2590 1102 2641 per
1136 2571 1364 2631 somnia,
1394 2575 1445 2621 et
1491 2564 1844 2618 revelationes
1875 2573 1902 2609 a
1932 2554 2161 2608 nonnul-

619 2668 680 2719 lis
706 2674 1035 2722 t‘ttllEllUClﬂ,
1089 2671 1305 2724 repente
1370 2658 1646 2715 exstitere,
1706 2651 1908 2712 omnia,
1966 2644 2161 2712 inquit,

621 2759 828 2822 penitus
859 2754 1154 2818 improbata
1183 2751 1533 2802 damnentur.

622 2843 842 2899 ARIST.
883 2864 898 2892 ι
931 2842 1112 2894 Altare
1145 2840 1195 2891 in
1227 2839 1369 2907 agris
1398 2845 1488 2888 aut
1535 2833 1752 2893 vinrtis,
1790 2829 1984 2897 quibus
2011 2823 2166 2877 nullm.

700 2957 715 2985 ι
756 2946 878 2988 sunt
922 2933 1155 2999 reliquis:
1207 2931 1458 2996 martyris
1488 2925 1728 2992 reposita:
1755 2962 1769 2986 ,
1803 2927 2157 2974 exstructum,

706 3047 721 3075 ι
769 3025 869 3077 nisi
921 3023 1161 3091 publicus
1213 3021 1475 3072 excitetur
1513 3017 1788 3076 tumultus,
1845 3019 2164 3066 evertatur:

696 3139 710 3166 ι
751 3127 802 3168 et
829 3127 1160 3181 quaecunque
1215 3124 1308 3178 per
1341 3108 1603 3161 insomnia
1663 3118 1934 3170 vanasque
1962 3099 2166 3154 revela-

702 3228 718 3257 ι
756 3210 928 3260 tiones
959 3203 1143 3256 altaria
1179 3202 1481 3267 eriguntur.
1519 3216 1533 3247 ι

694 3301 1034 3362 ριιειεοιιηίιυε
1066 3293 1205 3345 :cdcs
1238 3291 1482 3343 oratoria:
1513 3302 1607 3354 per
1634 3285 2005 3352 episcoporum
2036 3297 2163 3351 pre-

625 3405 716 3442 ces
755 3402 862 3439 non
897 3384 1318 3442 constituuntur,
1357 3393 1453 3432 nec
1505 3387 1806 3445 martyrum
1842 3373 2080 3440 reliquiae
2117 3372 2166 3424 in

628 3480 694 3529 iis
729 3485 1080 3540 reponuntur,
1111 3469 1347 3538 profanae
1369 3477 1511 3521 sunt.
1573 3466 1870 3534 EaprOpter
1909 3465 2089 3530 itaque
2119 3471 2171 3514 et

631 3567 843 3626 altaria,
867 3577 987 3628 qua:
1019 3563 1068 3611 in
1100 3560 1243 3627 agris
1274 3569 1366 3608 aut
1405 3559 1598 3608 vinetis
1637 3557 1766 3607 liunt
1790 3557 1907 3608 sine
1935 3553 2168 3620 episcopi

635 3656 903 3724 precibus,
937 3661 988 3704 et
1020 3650 1360 3715 reliquiarum
1412 3656 1711 3724 [martyrum
1746 3645 2097 3710 depositione,
2127 3642 2169 3692 si

635 3720 750 3799 iieri
805 3753 998 3811 potest,
1062 3720 1446 3793 subvertantur
1504 3755 1516 3789 :
1566 3738 1645 3788 sin
1697 3744 1872 3787 autem
1903 3733 2173 3801 pepularis

632 3835 890 3888 tumultus
925 3834 1022 3886 hoc
1061 3831 1170 3883 ﬁeri
1212 3829 1483 3896 prohibet,
1521 3825 1705 3877 saltem
1759 3823 2170 3883 admoneamur,

629 3925 902 3994 popularis
950 3921 1123 3973 turbae
1174 3917 1558 3970 concitationes
1613 3915 1662 3964 iu
1716 3912 1780 3964 iis
1836 3926 1938 3963 non
1973 3909 2168 3961 facere.

634 4019 1026 4070 Subvertantur
1092 4020 1264 4061 autem
1315 4014 1366 4059 et
1433 4004 1618 4056 altaria
1681 3989 1775 4068 per
1832 3999 2092 4052 insomnia
2122 4009 2175 4050 et

633 4122 798 4157 vanas
835 4103 1188 4156 revelationes
1246 4107 1446 4150 erecta.
1495 4094 1626 4146 (lum
1661 4091 1906 4144 diabolus
1935 4089 2074 4142 enim
2106 4088 2176 4138 sit

632 4196 881 4256 tenebrae,
919 4194 1097 4243 lumen
1127 4187 1343 4241 simulat
1376 4203 1388 4235 :
1424 4195 1475 4236 et
1503 4183 1716 4250 pietatis
1754 4182 2004 4234 nimirmn
2038 4193 2175 4244 pra:-

632 4297 774 4338 textn
803 4285 1077 4337 hominum
1105 4278 1314 4330 animas
1344 4277 1566 4327 inescat.

1116 4452 1338 4508 CANON
1383 4449 1686 4504 LXXXVII.

640 4571 657 4601 ι
692 4553 761 4602 lie
789 4548 1028 4613 reliquiis
1067 4545 1330 4596 idolorum
1381 4541 1635 4592 radicitus
1663 4534 2041 4602 exstirpandis.
2079 4532 2177 4584 Si-

715 4658 732 4687 t
770 4637 966 4692 utiliter
991 4633 1187 4700 placuit
1210 4630 1315 4696 peti
1349 4643 1375 4678 a
1401 4625 1715 4678 clarissimis
1743 4622 2178 4688 imperatoribus,

709 4745 727 4776 ι
770 4736 825 4776 ιιι
857 4723 1090 4787 reliquiae
1119 4716 1446 4776 idololatriae,
1479 4729 1580 4766 non
1629 4712 1797 4764 solum
1833 4725 1947 4777 quae
1977 4718 2098 4760 sunt
2132 4712 2179 4759 in

710 4834 726 4864 ι
765 4800 1086 4872 simulacris,
1117 4808 1207 4861 sed
1231 4808 1280 4859 in
1317 4805 1591 4873 quibusvis
1616 4802 1766 4865 locis,
1799 4805 1878 4852 rel
1908 4800 2061 4860 lucis,
2101 4798 2181 4848 vel

704 4925 719 4954 ι
763 4902 1061 4965 arboribus,
1094 4896 1400 4951 omnimodo
1433 4894 1734 4948 deleantur.
1777 4910 1792 4941 ι

710 5080 897 5134 BALS.
932 5079 1118 5130 Patres
1151 5077 1504 5142 imperatores
1536 5080 1742 5137 rogant,
1778 5082 1833 5121 ut
1864 5085 1979 5137 quae
2011 5070 2185 5121 adhuc

647 5173 848 5225 relictae
894 5171 1000 5222 sint
1061 5166 1321 5220 idolorum
1373 5164 1648 5230 imagines,
1682 5171 1735 5214 et
1775 5162 2077 5227 ubicunque
2110 5174 2186 5211 eae

640 5275 769 5322 sint,
794 5260 1131 5312 adoleantur.

715 5349 962 5404 ZONAR.
999 5348 1251 5411 Quamvis
1281 5345 1566 5414 Evangelio
1622 5344 1776 5408 longe
1817 5343 2029 5410 lateque
2065 5355 2185 5408 pro-

641 5456 846 5511 pagato.
867 5442 1038 5493 adhuc
1067 5451 1239 5491 tamen
1269 5437 1505 5502 qua-dam
1539 5449 1602 5486 ex
1633 5435 1926 5486 idololatria
1950 5432 2189 5497 reliquis:

639 5535 1044 5601 superfuerant,
1071 5542 1120 5584 et
1175 5531 1344 5583 adhuc
1375 5528 1657 5581 simulacra
1700 5540 1857 5594 atque
1886 5540 1992 5579 arm
2023 5526 2187 5592 pluri-

642 5629 739 5677 Iius
768 5625 818 5672 in
845 5623 972 5672 locis
1006 5637 1066 5671 ae
1103 5620 1416 5673 nemoribus
1451 5619 1832 5672 servabantur.
1875 5619 1946 5668 De
1977 5619 2042 5670 iis
2085 5618 2186 5680 igi-

644 5723 726 5765 tur
755 5710 995 5764 fundittts
1055 5709 1350 5769 abolendis,
1386 5711 1456 5761 ita
1490 5719 1546 5761 u-t
1579 5709 1710 5760 nibil
1761 5710 1986 5775 amplius
2023 5723 2083 5760 ex
2121 5707 2186 5760 iis

2257 1922 2383 1973 ἐῶσι
2421 1922 2808 1989 καθαιρεῖσθαι
2864 1923 3022 1984 αὐτὰ,
3083 1920 3448 1972 νουθετεῖσθαι
3505 1918 3573 1969 τὰ
3635 1916 3828 1984 πλήθη

2257 2012 2466 2064 κελεύει
2503 2012 2575 2080 μὴ
2602 2012 2933 2079 ὀχλαγωγεῖν
2967 2013 3090 2072 τοὺς
3131 2011 3328 2069 τόπους
3371 2007 3635 2070 ἐκείνους,
3658 2019 3830 2056 τουτ-

2260 2102 2373 2152 ἐστι
2405 2102 2477 2168 μὴ
2513 2101 2840 2166 συνάγεσθαι
2887 2103 3010 2162 τοὺς
3062 2101 3250 2168 ὄχλους
3304 2101 3439 2162 ἐκεῖ,
3509 2096 3647 2163 μηδὲ
3693 2094 3830 2154 τούς

2257 2191 2563 2260 ὀρθοδόξους
2619 2191 3075 2259 καταδεσμεῖσθαι
3113 2194 3180 2259 τῇ
3217 2190 3422 2242 τούτων
3481 2186 3830 2250 δεισιδαιμο·

2259 2284 2365 2351 νίᾳν
2398 2283 2534 2350 μηδὲ
2570 2285 2787 2350 μνήμας
2821 2283 3113 2353 μαρτύρων
3147 2284 3204 2333 ἐν
3240 2281 3420 2341 αὐτοῖς
3453 2277 3752 2334 ἐπιτελεῖν,
3777 2273 3832 2325 εί

2263 2376 2335 2440 μὴ
2370 2375 2525 2438 σῶμα
2574 2373 2843 2440 μάρτυρος
2875 2373 3007 2440 μηδὲ
3048 2371 3270 2438 λείψανα
3290 2372 3406 2422 ἐκεῖ
3425 2371 3659 2429 κεῖνται,
3688 2365 3724 2433 ἢ
3767 2362 3834 2424 ἐξ

2262 2460 2505 2525 ἀρχαίων
2543 2459 2750 2524 χρόνων
2774 2456 2839 2524 ἧν
2875 2459 3293 2528 ᾠκοδομημένον
3338 2457 3400 2508 τὸ
3426 2455 3835 2521 θυσιαστήριον

2262 2550 2453 2601 ἐκεῖνο.
2490 2553 2551 2600 "A
2580 2550 2706 2616 γὰρ,
2735 2551 2889 2617 φησι,
2917 2551 3278 2617 συνέστησαν,
3309 2551 3384 2609 ώς
3440 2548 3498 2611 ἐξ
3553 2545 3836 2598 ἐνυπνίων

2264 2643 2357 2694 καὶ
2431 2641 2821 2708 ἀποκαλύψεων
2867 2641 3338 2709 οίκοδομησάντων
3417 2636 3560 2689 αὐτά
3632 2652 3833 2699 τινων,

2275 2730 2454 2780 πάντα
2491 2729 3091 2796 ἁποδοκιμαζέσθωσαν.

2335 2819 2556 2870 ΑΡΙΣΤ.
2607 2836 2624 2868 ι
2667 2819 3060 2885 Θυσιαστήριον
3095 2820 3151 2869 ἐν
3210 2818 3400 2886 ἀγροῖς
3450 2817 3482 2884 ἦ
3532 2814 3837 2883 ἀμπελῶσι

2271 2927 2288 2957 ι
2330 2909 2633 2976 γινόμενον,
2675 2909 2731 2960 ἐν
2776 2903 2855 2969 οἷς
2891 2909 2951 2958 οὐ
2994 2907 3240 2974 λείψανον
3283 2907 3572 2957 ἀπόκειται
3614 2904 3840 2972 μάρτυ-

2273 3017 2290 3047 t
2341 3015 2454 3066 ρος,
2488 2999 2536 3049 εί
2572 2999 2644 3066 μὴ
2665 2999 2918 3066 δημόσιος
2949 2999 3159 3062 γίνεται
3221 2997 3473 3065 θόρυϐος,
3515 3013 3839 3064 καταστρε-

2278 3107 2294 3138 ι
2335 3089 2516 3155 φέσθω
2543 3104 2555 3117 ·
2578 3089 2671 3139 καὶ
2697 3090 2792 3139 ὅσα
2809 3089 2872 3140 δι’
2897 3089 3160 3140 ἐνυπνίων
3189 3090 3282 3139 καὶ
3300 3086 3699 3156 ἀποκαλύψεων
3731 3106 3841 3155 μαο

2278 3195 2294 3226 t
2328 3177 2493 3228 ταίων
2516 3176 2823 3227 συνίσταται
2858 3175 3235 3243 θυσιαστήρια.
3277 3194 3295 3225 ι

2344 3269 2496 3318 Ὀσοι
2519 3268 2626 3316 τῶν
2667 3266 2971 3334 εὐκτηρίων
3002 3265 3165 3316 οἴκων
3203 3267 3262 3316 οὐ
3312 3264 3375 3315 δι’
3404 3264 3575 3332 εὐχῆς
3603 3265 3842 3316 ἐπισκόο

2273 3375 2389 3409 πων
2411 3359 2768 3424 συνέστησαν,
2810 3357 2902 3407 καὶ
2952 3355 3182 3423 λείψανα
3257 3355 3555 3423 μαρτύρων
3617 3356 3842 3418 τούτοις

2272 3448 2692 3514 ἐναπετέθησαν,
2727 3447 2932 3512 ἀνίεροί
2965 3447 3091 3497 εἱσι.
3124 3446 3222 3496 Διὰ
3272 3445 3428 3497 τοῦτο
3456 3446 3587 3512 γοῦν
3640 3448 3842 3500 καὶτὰ

2271 3543 2328 3591 ἐν
2377 3542 2568 3608 ἀγροῖς
2600 3540 2631 3605 ἢ
2674 3537 2956 3605 ἀμπελῶσι
2979 3537 3239 3604 γινόμενα
3272 3537 3636 3607 θυσιαστήρια
3660 3543 3841 3608 χωρὶς

2274 3633 2435 3698 εὐχῆς
2470 3630 2766 3681 ἐπισκόπου
2800 3627 2895 3678 καὶ
2935 3627 3050 3678 τοῦ.
3081 3627 3474 3693 ἐναποτεθῆναι
3535 3628 3842 3698 μαρτύρων

2275 3723 2520 3787 λείψανα,
2588 3721 2634 3770 εί
2693 3718 2936 3780 δυνατὸν,
2985 3717 3550 3784 καταστρεφέσθωσαν
3588 3733 3602 3747 ⁸
3665 3721 3715 3770 εί
3782 3719 3844 3770 δὲ

2275 3810 2560 3877 δημοτικδς
2593 3805 2817 3873 θόρυϐος
2845 3805 3000 3856 τοῦτο
3026 3805 3225 3856 κωλύει
3253 3805 3532 3872 γενέσθαι,
3577 3806 3680 3858 κᾶν
3710 3823 3844 3860 νου-

2277 3900 2459 3950 θεσίαν
2485 3897 2826 3964 δεχέσθωσαν
2861 3896 2934 3963 μὴ
2985 3898 3159 3946 ποιεῖν
3190 3897 3248 3947 ἐν
3278 3896 3460 3956 αὐτοῖς
3492 3895 3842 3964 ὀχλαγώγια.

2287 3985 2863 4054 Καταστρεφέσθωσαν
2916 3985 2970 4034 δὲ
3034 3984 3225 4036 καὶτὰ
3278 3983 3343 4034 δι’
3411 3986 3682 4036 ἐνυπνίων
3747 3990 3848 4038 καί

2277 4076 2662 4142 ἀποκαλύψεων
2741 4075 2983 4141 ματαίων
3080 4074 3442 4139 συνιστάμενα
3533 4075 3848 4145 θυσιαστή-

2281 4185 2386 4233 ρια.
2416 4167 2610 4226 Σκότος
2650 4169 2756 4233 γὰρ
2786 4166 2859 4214 ὢν
2895 4167 2920 4215 ό
2943 4163 3207 4226 διάϐολος,
3267 4164 3382 4230 φῶς
3432 4164 3796 4233 ὑποκρίνεται
3832 4183 3847 4196 ·

2281 4257 2372 4307 καὶ
2396 4257 2661 4323 προφάσει
2683 4255 2842 4322 δῆθεν
2867 4255 3149 4315 εὐλαϐείας
3175 4254 3268 4313 τὰς
3290 4253 3396 4304 τῶν
3414 4254 3723 4322 ἀνθρώπων
3754 4259 3848 4308 δε-

2283 4348 2461 4408 λεάζει
2489 4347 2687 4415 ψυχάς.

2842 4438 3076 4489 ΚΑΝΩΝ
3112 4435 3233 4489 ΠΖ’.

2359 4551 2376 4582 ι
2423 4534 2492 4583 [Is
2505 4534 2556 4601 ρὶ
2582 4532 2673 4582 τοῦ
2693 4531 2758 4582 τὰ
2780 4531 3009 4598 λείψανα
3061 4530 3170 4581 τῶν
3197 4529 3426 4580 εἰδώλων
3449 4525 3853 4596 ἐκριζωθῆναι.

2288 4643 2304 4673 ι
2355 4624 2585 4691 Ὁμοίως
2613 4625 2806 4692 ἤρεσεν
2858 4621 3146 4688 αίτηθῆναι
3173 4620 3280 4671 ἀπὸ
3324 4619 3431 4669 τῶν
3480 4617 3855 4680 ἐνδοξοτάτων

2291 4734 2308 4765 ι
2353 4715 2634 4782 βασιλέων,
2667 4715 2751 4765 ἵνα
2787 4713 2853 4765 τὰ
2889 4713 3115 4778 λείψανα
3140 4712 3236 4775 τῆς
3298 4707 3750 4775 εἰδωλολατρείας
3777 4712 3858 4777 μὴ

2291 4826 2308 4855 t
2354 4807 2512 4873 μόνον
2535 4807 2678 4858 τὰὲν
2726 4805 2954 4867 ξοάνοις,
2990 4803 3123 4853 ἀλλὰ
3155 4802 3249 4851 καὶ
3294 4803 3350 4851 ἐν
3389 4799 3728 4868 οἱοισδήποτε
3759 4801 3856 4852 τό⁹

2293 4915 2308 4945 ι
2348 4912 2469 4956 ποις
2499 4897 2530 4963 ἦ
2558 4897 2777 4948 ἄλσεσιν
2831 4896 2862 4963 ἦ
2904 4895 3142 4961 δένδροις
3176 4892 3337 4943 παντὶ
3377 4891 3566 4959 τρόπῳ
3630 4890 3858 4954 ἐξαλει-

2293 5007 2309 5036 t
2359 4987 2582 5054 φθῶσιν.
2622 5005 2638 5035 ι

2357 5077 2546 5129 ΒΑΛΣ.
2575 5074 2981 5144 Παρακαλοῢσιν
3001 5076 3047 5126 οί
3077 5073 3320 5140 Πατέρες
3343 5070 3466 5132 τοὺς
3490 5070 3754 5136 βασιλεῖς,
3789 5072 3862 5120 τὰ

2288 5169 2365 5217 ἔτι
2398 5167 2808 5234 περιλειφθέντα
2841 5163 3129 5230 ἀγάλματα
3146 5161 3253 5211 τῶν
3284 5158 3534 5220 εἰδώλων,
3561 5159 3656 5208 καὶ
3685 5157 3863 5209 ὁπου-

2288 5259 2481 5326 δήποτε
2505 5257 2628 5307 ὅντα
2648 5253 3038 5322 ἐξαλειφθῆναι.

2363 5349 2605 5400 ΖΩΝΑΡ.
2633 5348 2740 5397 Καὶ
2768 5345 2860 5396 τοῦ
2894 5342 3258 5410 εὐαγγελικοῦ
3314 5341 3671 5410 κηρύγματος
3710 5343 3860 5390 πλαο

2288 5439 2592 5499 τυνθέντος,
2625 5438 2702 5488 ἔτι
2763 5436 2988 5503 λείψανα
3044 5435 3142 5500 τῆς
3199 5431 3653 5497 είδωλολατρείας
3702 5433 3858 5488 τινὰ,

2291 5531 2458 5596 ἤγουν
2488 5524 3003 5592 ἐγκαταλείμματα,
3021 5521 3508 5591 περιελιμπάνοντο
3530 5535 3543 5547 ·
3584 5516 3864 5579 ἐσώζοντο

2292 5620 2384 5669 κτιὶ
2427 5616 2831 5682 ἁγάλματακαὶ
2865 5612 3035 5680 βωμοὶ
3069 5616 3123 5664 ἐν
3174 5611 3452 5677 διαφόροις
3512 5609 3701 5668 τόποις
3762 5609 3863 5658 καὶ

2299 5712 2500 5761 ἄλσεσι.
2549 5708 2679 5772 Περὶ
2711 5703 2899 5756 τούτου
2929 5704 3067 5765 ἔδοξε
3097 5705 3210 5763 τοῖς
3269 5701 3551 5767 Πατράσιν
3599 5701 3860 5768 ὐποίινηο
