4000 6436
200 363 297 425 309
1181 381 1262 441 IN
1300 381 1465 444 CAN.
1498 385 1794 448 LXXXIX
1836 388 2044 452 CONC.
2089 392 2470 457 CARTHAG.
3320 411 3428 473 310

273 498 289 527 ι
327 479 605 548 νεστέρως
659 485 1147 553 χειροτονηθέντας
1183 492 1258 558 μὴ
1294 491 1501 561 τολμᾷν
1530 494 1737 546 ἐαυτοῦ.

1833 541 1835 549 ,
1939 517 1957 548 s
1991 507 2116 552 sunt
2147 501 2418 567 prioribus
2451 516 2509 557 se
2563 519 2668 559 non
2702 508 2936 564 audeant
2965 523 3292 582 praeponere.
3324 517 3434 572 Va-

269 587 286 618 ι
327 573 609 640 προτιμᾷν
641 573 751 628 τῶν
775 576 1078 645 προτέρων.
1117 579 1433 644 Βαλεντῖνος
1461 583 1761 648 ἐπίσκοπος

263 676 286 707 s
322 651 518 710 εἶπεν
555 658 628 712 Τὸ
674 662 883 729 ἀγαθὸν
927 667 1027 734 τῆς
1062 667 1336 737 ὑμετέρας
1386 670 1758 736 ἀνεξικακίας.

269 765 290 796 r
325 745 423 799 ἐὰν
456 748 755 818 ἐπιτρέπῃ,
786 751 1096 816 ἀκολούθως
1119 755 1457 825 ἐξηγήσομαι
1484 760 1550 811 τά
1592 762 1651 812 ἐν
1681 760 1758 827 τῷ

266 854 284 884 ι
321 836 654 902 προλαϐόντι
686 839 866 910 χρόνῳ
906 843 988 904 εἰς
1021 843 1119 912 τὴν
1155 845 1545 916 Καρχηδονίων
1563 849 1761 918 ἐκκλη-

265 943 284 973 ι
323 926 447 979 σίαν
497 929 838 998 πραχθέντα,
882 933 977 985 καὶ
1014 935 1137 998 ταῖς
1184 934 1295 988 τῶν
1332 936 1580 1005 ἀδελφῶν
1625 941 1760 992 ὕπο·

264 1033 284 1065 ι
321 1020 564 1087 γραφαῖς
617 1022 872 1090 φανερῶς
933 1024 1272 1093 πυρωθέντα,
1334 1028 1428 1080 καὶ
1477 1031 1624 1099 ἡμᾶς
1677 1029 1759 1082 ἐτι

261 1122 282 1154 ι
318 1105 413 1158 νῦν
469 1107 809 1174 φυλάξοντας
890 1113 1232 1184 ὁμολογήσω.
1301 1117 1514 1172 Ἐκεῖνο
1571 1120 1757 1172 τοίνυν

259 1213 277 1243 ι
313 1196 654 1263 ἐπιστάμεθα
683 1198 950 1269 ἀμίαντον
988 1202 1076 1255 άεὶ
1126 1205 1226 1273 τὴν
1283 1206 1754 1277 ἐκκλησιαστικὴν

245 1302 265 1334 ι
303 1285 669 1352 φυλάττεσθαι
707 1289 1042 1343 κατάστασιν
1071 1292 1260 1356 οὕτως
1310 1295 1384 1358 ὡς
1420 1298 1626 1367 μηδένα
1646 1299 1756 1350 τῶν

257 1393 275 1422 σ
313 1374 565 1441 ἀδελφῶν
589 1378 794 1448 τολμᾷν
820 1381 1013 1435 ἑαυτὸν
1053 1386 1330 1454 προτιμᾷν
1355 1402 1484 1438 ποτε
1512 1386 1621 1442 τῶν
1649 1389 1756 1458 πρὸ

260 1482 278 1512 ι
319 1464 485 1515 αὑτοῦ
508 1481 520 1494 ·
554 1465 688 1518 ἀλλὰ
720 1469 814 1521 καὶ
841 1467 878 1521 ἃ
914 1473 1028 1533 ταῖς
1091 1471 1192 1541 τῆς
1248 1472 1470 1540 ἀγάπης
1535 1475 1754 1540 τάξεσιν

261 1573 280 1601 s
320 1553 409 1606 ἀεὶ
439 1556 758 1625 παρεσχέθη
790 1559 905 1620 τοῖς
954 1561 1267 1629 προτέροιςο
1295 1561 1439 1631 άπερ
1473 1563 1523 1614 οἱ
1555 1563 1752 1616 ἐπακο-

254 1662 272 1694 ι
312 1643 632 1707 λουθοῦντες
651 1648 956 1715 χαριέντως
992 1650 1368 1714 κατεδέξαντο.
1413 1652 1631 1722 Ταύτην
1659 1650 1752 1706 οὖν

253 1748 275 1778 σ
307 1733 466 1796 τάξιν
504 1734 812 1807 κελεύσιιή
847 1737 1084 1806 ὑμετέρα
1107 1741 1383 1812 άγιωσύνη
1424 1745 1750 1812 κρειττόνως

250 1842 267 1870 ι
307 1825 430 1884 ταῖς
455 1824 760 1893 ἡμετέραις
794 1827 1102 1892 διαλαλιαῐς
1128 1831 1450 1899 βεϐαιῶσαι.
1482 1832 1748 1903 Αὐρήλιος

254 1929 272 1960 ι
310 1913 612 1977 ἐπίσκοπος
652 1909 806 1967 εἶπεν
828 1931 844 1947 ⁶
911 1919 1022 1970 Οὐκ
1055 1919 1224 1990 ἐχρῆν
1257 1922 1354 1989 μὲν
1384 1923 1555 1976 ταῦτα
1597 1926 1745 1993 ἡμᾶς

259 2021 278 2053 s
311 2002 819 2073 ἐπαναλαμϐάνειν,
848 2008 896 2058 sl
920 2006 994 2077 μὴ
1024 2010 1182 2079 τυχὸν
1228 2012 1592 2081 άκατανόητοι
1627 2013 1748 2066 διά-

305 2092 451 2144 νοιαί
500 2109 664 2147 τινων
709 2095 1047 2166 άντφύησαν,
1095 2100 1152 2152 αι
1214 2102 1354 2171 πρὸς
1409 2104 1534 2166 τοὺς
1586 2106 1746 2175 ὄρους

263 2201 282 2230 ι
322 2183 551 2246 τούτους
601 2183 703 2248 τὰς
756 2186 1029 2257 ἡμετέρας
1102 2190 1386 2262 αἰσθήσεις
1434 2194 1742 2260 όξύνουσαι.

251 2294 270 2324 ι
321 2273 461 2328 ’Δλλ⁹
498 2275 687 2344 ἐπειδὴ
717 2275 860 2348 αὕτη
910 2281 1063 2350 κοινή
1097 2281 1251 2335 ἐστιν
1309 2284 1485 2352 αίτία,
1527 2287 1597 2356 ἢν
1648 2287 1746 2340 νῦν

247 2385 267 2415 ι
309 2365 627 2430 ἐνεφάνισεν
655 2368 684 2420 δ
717 2367 948 2437 ἀδελφὸς
976 2371 1072 2423 καὶ
1106 2373 1518 2446 συλλειτουργδς
1553 2380 1739 2447 ήμῶν,

259 2472 276 2504 ι
317 2453 456 2506 ὥστε
487 2454 718 2510 ἕκαστον
744 2457 900 2526 ήμῶν
927 2461 1316 2528 ἐπιγινώσκειν
1339 2465 1438 2536 τὴν
1468 2471 1618 2538 παρὰ
1646 2470 1741 2524 τοῦ

251 2559 268 2589 ι
309 2538 447 2592 Θεοῦ
479 2541 849 2610 ψηφισθετσαν
874 2547 1022 2617 αὐτῷ
1048 2548 1228 2614 τάξιν,
1283 2553 1378 2605 καὶ
1421 2554 1507 2607 ἵνα
1538 2556 1588 2608 oi
1643 2575 1742 2627 με·

251 2649 270 2680 r
312 2632 694 2703 ταγενέστεροι
740 2639 853 2698 τοῖς
906 2640 1190 2709 προτέροις
1234 2642 1602 2714 άναφέρωσιν,
1649 2649 1742 2701 καὶ

255 2738 276 2772 s
322 2720 398 2789 μὴ
438 2721 784 2791 τολμήσωσιν
812 2727 961 2794 παρὰ
983 2729 1208 2800 γνώμην
1258 2734 1465 2786 τούτων
1511 2737 1565 2788 τί
1609 2753 1740 2789 ποτε

251 2829 270 2858 ι
310 2811 569 2878 πράττειν
590 2830 602 2842 ·
635 2813 724 2865 διὰ
763 2814 922 2869 τοῦτο
941 2817 1103 2885 λέγω,
1129 2820 1306 2885 καθὼς
1333 2823 1424 2875 τὸν
1446 2824 1576 2892 εμδν
1610 2826 1744 2880 ὑπο-

253 2920 270 2949 r
310 2904 494 2970 τρέχει
547 2903 834 2973 λογισμὸν,
897 2908 1022 2969 τοὺς
1084 2913 1564 2982 καταφρονοῦντας
1626 2917 1739 2970 τῶν

256 3011 276 3042 ι
321 2994 425 3061 πρὸ
449 2995 653 3058 αὐτῶν,
683 2997 777 3048 καί
813 3015 931 3051 τινα
959 3000 1405 3070 ἀποτολμῶντας,
1431 3006 1736 3070 κωλυτέους

252 3101 271 3131 ι
312 3084 585 3152 ἁρμοδίως
615 3081 756 3138 εἶναι
807 3088 915 3139 άπὸ
965 3088 1149 3157 πάσης
1183 3093 1283 3161 τῆς
1324 3094 1562 3148 συνόδου.
1605 3093 1745 3150 Ξάν-
1771 3108 1815 3166 C

255 3191 274 3223 ι
315 3171 516 3235 θιππος
576 3173 878 3239 ἐπίσκοπος
923 3177 1023 3246 τῆς
1063 3179 1288 3250 πρώτης
1344 3183 1612 3255 καθέδρας
1644 3187 1746 3257 τῆς

249 3281 268 3314 ι
315 3264 636 3335 Νουμηδίας
691 3263 846 3321 εἶπεν
874 3285 888 3299 ο
943 3271 1218 3327 Ἤκουσεν
1264 3275 1298 3344 ή
1362 3276 1583 3330 πάντων
1633 3279 1741 3332 τῶν

251 3375 271 3406 ι
313 3356 556 3426 άδιλςρῶν
583 3361 864 3430 παρουσία
880 3361 978 3434 τὴν
1008 3365 1434 3436 ἐξακολούθησιν
1467 3368 1560 3421 τοῦ
1592 3371 1744 3423 άδελ-

249 3465 268 3496 ι
313 3447 413 3511 φοῦ
452 3449 548 3500 καὶ
572 3452 932 3519 συνιερεσέως
987 3454 1147 3522 ἡμῶν
1179 3455 1481 3524 Αὑρηλίου,
1517 3461 1570 3511 τί
1601 3460 1740 3529 πρὸς

253 3553 272 3583 ι
309 3535 481 3590 ταῦτα
503 3537 896 3608 άποκρίνεταις
933 3543 1204 3610 Διοτίμιος
1238 3547 1537 3609 ἐπίσκοπος
1563 3544 1739 3602 εἶπενο

252 3642 271 3670 α
312 3623 391 3676 Τά
415 3626 564 3693 παρὰ
591 3630 690 3696 τῆς
721 3626 902 3696 ψήφου
924 3646 955 3682 τ
974 3633 1032 3683 ”ν
1075 3633 1318 3703 ἀρχαίων
1347 3636 1633 3706 ὁρισθέντα
1661 3644 1731 3712 τῇ

254 3730 273 3761 ι
310 3712 552 3784 ὑμετέρᾳ
585 3717 893 3771 συναινέσει
945 3721 1344 3791 ἐκδοθήσεται·
1395 3728 1485 3781 ῐνα
1531 3728 1600 3781 τά
1648 3747 1747 3782 πι-

255 3820 276 3852 σ
313 3804 610 3872 ριεχόμενα
661 3809 776 3869 τοῖς
831 3813 1249 3878 πεπραγμένοις
1304 3815 1414 3867 τῶν
1462 3819 1743 3888 προτέρων

251 3912 269 3942 ι
311 3894 548 3947 συνόδων
577 3897 636 3948 ἐν
655 3899 722 3966 τῇ
746 3900 804 3950 ἐν
834 3901 1143 3970 Καρχηδόνι
1171 3902 1441 3976 ἐκκλησίᾳ
1474 3907 1616 3960 κατὰ
1639 3911 1740 3980 τὴν

254 4001 272 4030 ι
315 3983 589 4052 ὑμετέραν
649 3988 957 4042 συναίνεσιν
1025 3992 1482 4063 πεπληρωμένως
1545 3999 1737 4067 βέϐαια

255 4091 275 4120 τ
316 4074 464 4142 παρὰ
494 4076 629 4126 πᾶσι
685 4077 1054 4146 φυλαχθῶσιν.
1093 4081 1413 4149 Σύμπαντες
1441 4088 1488 4139 oi
1520 4089 1744 4143 ἐπίσκο-

249 4181 268 4212 r
313 4179 408 4215 ποι
440 4160 629 4218 εἷπον·
672 4166 734 4219 'H
777 4168 928 4230 τάξις
991 4171 1130 4240 αὕτη
1173 4174 1279 4226 άπὸ
1314 4176 1422 4228 τῶν
1476 4179 1737 4251 Πατέρων

251 4270 270 4301 ι
306 4252 399 4303 καὶ
433 4253 543 4305 ἀπὸ
567 4253 675 4306 τῶν
703 4256 944 4326 ἀρχαίων
986 4259 1290 4329 ἐφυλάχθη,
1333 4265 1426 4316 καὶ
1456 4267 1549 4333 ἀφ’
1580 4269 1736 4336 ἡμῶν

249 4363 266 4391 s
309 4343 448 4396 κατὰ
475 4344 824 4413 συγχώρησιν
854 4345 991 4399 Θεοῦ
1042 4349 1450 4418 φυλαχθήσεται
1500 4357 1736 4422 σωζομέ

1948 605 1966 638 ι
1999 587 2237 641 ιοιιιίιιιιε
2267 590 2556 659 episcopus
2584 592 2723 646 dixit
2753 610 2806 646 :.
2826 596 2884 649 Si
2918 608 3110 652 vestras
3158 604 3432 669 patientia:

1940 695 1959 728 ι
1997 680 2196 730 bonum
2231 680 2524 747 permittat,
2577 682 2767 736 ordine
2819 689 3052 741 narrabo
3099 704 3216 755 qua:
3264 693 3428 758 priori

1933 786 1951 816 ‹
1987 775 2226 835 tempore
2263 768 2316 821 in
2363 769 2871 839 Carthaginiensium
2904 773 3141 829 Ecclesia
3182 778 3343 847 facta,
3375 791 3428 836 et

1941 859 2152 912 «etiam
2212 861 2337 911 dum
2396 857 2623 912 fratrum
2677 863 3165 931 subscriptionibns
3240 882 3424 940 aperte

1937 966 1955 1000 ι
1988 951 2303 1007 conﬁrmata
2340 961 2484 1017 sunt,
2520 962 2573 1007 et
2619 970 2715 1009 nos
2745 969 3055 1012 servaturos
3109 963 3419 1029 proﬁtebor,

1937 1059 1954 1088 ‹
1989 1039 2120 1094 illud
2155 1042 2338 1111 itaque
2384 1045 2584 1097 scimus
2633 1045 2944 1100 inviolatam
2989 1049 3416 1106 ecclesiasticam

1937 1147 1954 1178 ι
1989 1144 2204 1198 semper
2231 1133 2435 1186 servari
2487 1135 2847 1202 disciplinam,
2907 1139 2981 1192 ita
3035 1151 3092 1194 ut
3137 1144 3315 1198 nullus
3347 1162 3416 1201 ex

1926 1238 1945 1270 ι
1977 1218 2236 1274 fratribus
2279 1222 2471 1276 audeat
2503 1239 2738 1293 unquam
2769 1241 2827 1280 se
2859 1227 2927 1282 iis
2958 1244 3293 1297 praeponere,
3329 1237 3419 1304 qui

1943 1329 1960 1360 ι
1988 1318 2112 1362 ante
2140 1310 2314 1379 ipsum
2348 1311 2601 1368 fuerunt:
2655 1315 2746 1368 sed
2781 1326 2835 1369 ct
2866 1333 2981 1382 qua
3012 1322 3300 1378 charitatis
3327 1341 3418 1379 or-

1931 1417 1950 1450 ι
1981 1399 2194 1454 dinibus
2223 1415 2438 1469 semper
2467 1402 2736 1470 prioribus
2772 1406 2992 1473 praebita
3019 1419 3166 1476 sunt,
3194 1427 3256 1466 ea
3287 1427 3418 1468 con-

1944 1507 1962 1539 ι
2007 1499 2296 1557 sequentes
2322 1490 2553 1546 libenter
2585 1506 2961 1561 susceperunt.
2994 1496 3147 1554 Hune
3170 1515 3298 1571 ergo
3333 1519 3422 1557 or-

1919 1599 1936 1630 ι
1968 1580 2144 1633 dinem
2193 1580 2400 1646 lubebit
2437 1590 2614 1636 vestra
2667 1585 2925 1639 sanctitas
2991 1589 3181 1642 melius
3216 1594 3418 1645 nostris

1927 1687 1945 1718 ι
1982 1669 2486 1724 interlocutionibus
2538 1671 2803 1727 roborari.
2835 1676 3084 1730 Aurelius
3129 1680 3419 1748 episcopus

1927 1777 1946 1810 ι
1978 1758 2115 1813 dixit
2141 1775 2154 1811 :
2188 1756 2306 1811 Non
2337 1759 2615 1826 Oportebat
2641 1774 2738 1814 nos
2772 1761 2886 1815 haec
2907 1763 3119 1829 quidem
3151 1777 3414 1833 repetere,

1936 1868 1952 1899 ι
1984 1847 2084 1902 nisi
2121 1847 2260 1901 forte
2288 1848 2464 1902 minus
2488 1849 2850 1917 intelligibiles
2882 1853 3235 1919 quorumdam
3273 1859 3420 1925 cogi-

1933 1958 1952 1990 ‹
1984 1939 2215 1993 taliones
2262 1947 2463 1994 exorta
2504 1951 2702 2006 essent,
2736 1956 2853 2009 quae
2887 1953 3102 1997 nostros
3134 1959 3325 1999 sensus
3353 1947 3419 2000 ad

1932 2047 1950 2080 ι
1985 2029 2098 2083 haec
2127 2028 2343 2083 decreta
2375 2029 2694 2084 excitarent.
2732 2031 2838 2084 Sed
2866 2032 2988 2100 quia
3025 2033 3140 2088 haec
3173 2048 3418 2089 commu-

1936 2139 1955 2172 ι
1990 2121 2075 2175 nis
2127 2135 2294 2174 causa
2348 2128 2450 2186 est,
2505 2136 2666 2188 quam
2714 2136 2856 2177 nunc
2889 2125 3126 2178 ostendit
3171 2125 3339 2178 frater
3364 2137 3420 2180 et

1931 2228 1948 2261 ι
1983 2209 2261 2276 coadjutor
2291 2219 2493 2275 noster,
2526 2213 2894 2282 unusquisque
2943 2225 3186 2269 nostrum
3217 2231 3421 2285 cogno-

1931 2321 1950 2353 ι
1984 2311 2098 2355 scat
2124 2301 2367 2356 ordinem
2399 2302 2502 2356 sibi
2529 2318 2558 2356 a
2592 2303 2698 2358 Deo
2729 2305 3030 2370 decretum,
3060 2316 3115 2360 et
3145 2317 3205 2360 ut
3231 2316 3413 2375 poste-

1929 2409 1946 2440 ι
1975 2391 2144 2444 riores
2177 2391 2447 2459 prioribus
2493 2391 2760 2455 deferant,
2793 2403 2847 2446 et
2881 2409 2986 2447 non
3020 2395 3249 2448 audeant
3277 2410 3418 2466 pra:-

1931 2498 1948 2530 ι
1982 2488 2062 2532 ter
2091 2492 2275 2532 eorum
2331 2482 2649 2534 sententiam
2698 2481 2904 2549 aliquid
2953 2497 3183 2549 unquam
3233 2499 3414 2552 agere,

1932 2585 1950 2618 ι
1988 2575 2267 2635 pr0pterea
2301 2566 2442 2630 dico,
2490 2570 2933 2636 quemadmodum
2985 2571 3113 2622 mihi
3166 2572 3310 2624 venit
3361 2573 3412 2624 in

1929 2676 1946 2708 ι
1980 2665 2236 2723 mentem,
2262 2657 2352 2726 qui
2375 2665 2732 2712 contemnunt
2761 2658 2886 2713 illos
2912 2661 3001 2728 qui
3032 2667 3154 2713 ante
3184 2676 3241 2714 se
3263 2671 3412 2722 sunt,

1926 2767 1943 2798 ι
1977 2757 2029 2802 et
2064 2748 2242 2814 aliqua
2305 2756 2506 2802 temere
2539 2751 2757 2813 audent,
2795 2763 2889 2804 eos
2925 2751 3310 2804 comenienter
3345 2752 3411 2803 ab

1925 2857 1943 2888 ι
1979 2839 2125 2891 omni
2175 2841 2376 2908 synodo
2411 2840 2741 2892 coercendos
2775 2855 2914 2893 esse.
2969 2840 3274 2908 Xantippns
3301 2841 3414 2906 epi~

1925 2946 1943 2978 ι
1975 2942 2168 2995 secpns
2198 2928 2382 2994 prima;
2409 2926 2675 2980 cathedrae
2706 2927 2968 2981 Numidiae
2996 2929 3162 2981 dixit:
3193 2929 3415 2983 Audivit

1935 3036 1952 3068 r
1982 3017 2222 3069 omnium
2251 3017 2480 3069 fratrum
2513 3017 2798 3084 praesentia
2833 3019 3267 3085 prosecutionem
3305 3018 3414 3071 fra-

1928 3127 1945 3156 ε
1980 3107 2076 3158 tris
2110 3113 2165 3158 et
2215 3105 2612 3159 consacerdotis
2664 3107 2833 3158 nostri
2868 3106 3110 3160 Aurelii:
3166 3107 3292 3176 quid
3345 3110 3412 3161 ad

1929 3215 1946 3246 ι
1982 3197 2096 3248 haec
2149 3194 2540 3261 respondetur?
2591 3194 2875 3250 Diatimius
2907 3198 3188 3266 episcopus
3236 3200 3406 3252 dixit:

1925 3306 1942 3336 ι
1974 3285 2100 3351 Quae
2132 3284 2201 3337 ab
2234 3285 2577 3354 antiquorum
2631 3284 2888 3354 snli‘ragio
2919 3287 3138 3342 deﬁnita
3172 3298 3316 3352 sunt,
3345 3306 3408 3341 eu

1927 3395 1942 3425 ι
1975 3385 2154 3428 vestro
2184 3375 2476 3429 consensui
2513 3375 2835 3428 tradentur:
2873 3384 2930 3428 ut
2976 3391 3093 3442 qua:
3125 3379 3407 3430 continen-

1920 3483 1937 3515 r
1971 3472 2061 3518 tur
2114 3465 2164 3517 in
2198 3466 2332 3516 actis
2365 3463 2602 3532 priorum
2634 3464 2964 3533 synodornm
3019 3466 3071 3518 in
3121 3465 3409 3536 Carthagi-

1920 3575 1938 3605 ι
1971 3554 2121 3607 nensi
2153 3552 2412 3616 Ecclesia,
2465 3561 2644 3606 vestro
2691 3565 2954 3606 consensu
2992 3553 3147 3621 plene
3180 3556 3394 3608 ﬁrmata

1921 3662 1938 3694 ι
1967 3643 2105 3709 apud
2137 3655 2328 3696 omnes
2374 3649 2679 3695 serventur.
2725 3640 2926 3694 Omnes
2972 3642 3214 3710 episcopi
3247 3642 3403 3696 dixe-

1924 3750 1942 3782 ι
1975 3741 2103 3785 runt
2131 3749 2142 3784 :
2173 3729 2291 3797 Ipse
2319 3729 2452 3782 ordo
2481 3742 2509 3780 a
2545 3727 2797 3782 Patrlbus
2829 3738 2882 3782 et
2917 3729 2983 3782 ab
3015 3730 3249 3797 antiquis
3283 3745 3399 3784 ser-

1921 3840 1940 3872 s
1969 3830 2124 3874 vatus
2141 3827 2244 3879 est,
2273 3827 2327 3871 et
2349 3832 2379 3871 a
2409 3817 2563 3871 nobis
2583 3817 2674 3870 Dei
2699 3818 3050 3884 permissione
3075 3821 3404 3882 servabitur,

1923 3925 1942 3958 ι
1972 3915 2187 3961 servato
2215 3905 2398 3973 utique
2423 3903 2543 3973 jure
2565 3906 2852 3974 primatum
2880 3906 3139 3961 Numidiae
3168 3920 3222 3961 et
3253 3909 3400 3960 Mau-

1920 4015 1938 4048 ι
1973 3997 2181 4050 ritaniae
2209 4010 2274 4048 ex
2299 3996 2472 4049 indice
2495 4004 2548 4048 et
2578 3996 2856 4050 matricnla
2886 3995 3166 4051 Numidiae.
3203 3996 3404 4053 Deinde

1918 4107 1935 4139 ι
1969 4086 2176 4155 placuit
2221 4084 2472 4138 omnibus
2511 4084 2800 4154 episcopis,
2857 4088 2948 4155 qui
2977 4087 3028 4139 in
3063 4086 3162 4141 hac
3196 4090 3404 4156 synodo

1920 4174 2418 4240 «subscripserunt,
2483 4181 2541 4225 ut
2602 4173 2883 4227 matricula
2941 4183 2997 4228 et
3051 4174 3400 4244 archetypum

1919 4287 1936 4317 ι
1968 4263 2231 4318 Numidiae
2290 4262 2361 4316 sit
2416 4264 2576 4316 etiam
2638 4265 2688 4316 in
2746 4265 2916 4333 prima
2945 4265 3228 4330 cathedra,
3260 4274 3314 4319 et
3348 4267 3402 4319 in

1917 4374 1934 4406 ι
1970 4352 2248 4420 metmpoli
2278 4351 2657 4407 Constantina.
2695 4373 2712 4405 s

251 4449 268 4478 ι
305 4449 399 4485 νον
468 4433 549 4484 ἐτι
626 4435 734 4503 μὴν
780 4434 874 4486 τοῦ
914 4436 1120 4489 δικιίου
1153 4437 1261 4490 τῶν
1302 4444 1696 4507 πρωτευόντων
1765 4449 1861 4515 τῆς
1929 4441 2258 4511 Νουμηδίας’
2289 4443 2383 4493 καὶ
2432 4442 2832 4510 Μαυριτανίας,
2883 4445 2946 4494 ἐκ
2979 4444 3072 4495 τοῦ
3151 4443 3401 4512 χαρτοθε·

250 4541 268 4572 ι
309 4523 427 4575 σίου
463 4523 561 4575 καὶ
615 4525 905 4592 ματρικίου
956 4527 1056 4596 τῆς
1143 4528 1486 4598 Νουμηδίας.
1559 4535 1791 4588 Ἔπειτα
1867 4537 2033 4602 ἤρεσε
2079 4533 2210 4584 πᾶσι
2241 4532 2350 4590 τοῖς
2425 4531 2744 4598 επισκόποις
2797 4534 2908 4592 τοῖς
2973 4535 3031 4584 ὲν
3100 4533 3270 4600 ταύτη
3332 4533 3399 4597 τῇ

249 4632 266 4661 ι
306 4612 512 4679 συνόδῳ
571 4613 971 4682 ὑπογράψασιν,
1033 4616 1118 4667 ἵνα
1166 4618 1228 4670 τὸ
1297 4621 1587 4690 ματρίιιιον
1642 4627 1734 4677 καὶ
1801 4625 2107 4694 ἀρχέτυπον
2177 4621 2277 4691 τῆς
2344 4620 2656 4690 Νουμηδίας
2711 4621 2806 4673 xui.
2865 4622 2944 4684 είς
3008 4622 3108 4692 τὴν
3173 4625 3398 4692 πρώτην

253 4720 271 4750 ι
308 4700 582 4771 καθέδραν
606 4696 662 4771 ᾖ.
689 4703 783 4756 καὶ
814 4705 892 4765 εἰς
922 4705 1022 4773 τὴν
1054 4707 1390 4775 μητρόπολιν
1442 4713 1875 4768 Κωνσταντίναν.
1912 4733 1931 4765 ι

246 4793 440 4846 ΒΑΛΣ.
489 4793 576 4856 Ὠς
604 4794 797 4859 ἔοικεν,
827 4797 927 4847 οὐκ
951 4798 1258 4867 ἐτάχθησαν
1293 4799 1398 4863 ἔτι,
1428 4804 1549 4856 οὐδὲ
1589 4804 1730 4872 ὡρί-

1909 4803 2100 4858 BALS.
2136 4803 2201 4857 Ut
2229 4802 2462 4865 videtur,
2510 4807 2748 4859 nondum
2803 4813 2961 4860 erant
3012 4806 3270 4871 ordinati,
3299 4823 3396 4862 nec

183 4881 386 4950 σθησαν
408 4884 556 4935 κατὰ
585 4884 674 4936 τὸν
697 4887 821 4936 τότε
862 4886 1050 4954 καιρὸν
1076 4889 1123 4940 oi
1179 4889 1360 4958 θρόνοι
1402 4893 1509 4945 τῶν
1539 4894 1735 4962 ἐκκλη-

1843 4904 1968 4946 tunc
2001 4891 2260 4959 temporis
2316 4891 2597 4944 constituti
2655 4893 2830 4946 throni
2899 4893 3290 4947 ecclesiarum:
3347 4905 3398 4948 et

181 4971 302 5024 σιῶν
331 4991 346 5004 ’
377 4973 472 5025 καὶ
490 4972 580 5025 διὰ
607 4973 763 5031 τοῦτο
789 4975 996 5043 ὥρισαν
1021 4980 1067 5030 oi
1097 4979 1338 5048 Πατέρες
1355 4985 1734 5050 προτιμᾶσθαι

1841 4994 2126 5051 propterea
2159 4989 2466 5034 statuerunt
2495 4979 2683 5034 Patres
2715 4997 2810 5038 eos
2833 4985 3093 5053 praeponi,
3121 4985 3208 5053 qui
3245 4985 3396 5055 prius

1375 5094 1573 5154 Guill.
1609 5095 1936 5172 Beveregii
1982 5101 2169 5155 nota.

178 5191 822 5263 indulgentiaeindicarc.
885 5189 1116 5245 Caeteros
1170 5209 1288 5246 uero
1338 5197 1606 5263 episcopos
1649 5214 1721 5250 se-

1831 5198 2007 5264 piant,
2040 5197 2321 5250 consulem
2374 5197 2488 5251 sive
2519 5211 2720 5250 annum
2771 5205 2824 5250 et
2859 5197 2998 5250 diem
3061 5199 3384 5260 indicantes.

178 5266 392 5314 cundum
425 5261 781 5312 ordinationis
819 5275 928 5333 sum
960 5270 1178 5333 tempus,
1212 5264 1317 5333 sise
1350 5266 1415 5315 ad
1433 5261 1720 5318 considen-
1831 5261 1939 5327 nno
1971 5267 2207 5319 ordinati
2241 5274 2366 5318 sunt
2400 5282 2412 5316 :
2447 5266 2538 5332 qui
2571 5266 2790 5333 quidem
2856 5281 3030 5320 canon
3073 5272 3124 5320 in
3157 5271 3391 5321 concilio

178 5334 288 5401 dum
317 5332 648 5401 incondito.
682 5329 788 5380 sive
820 5328 886 5401 ad
925 5329 1374 5401 subscribendum.
1410 5337 1484 5384 vel
1508 5335 1561 5385 in
1594 5351 1720 5401 qua-

1834 5334 2139 5386 Milevitano
2196 5345 2519 5400 praesentem
2593 5335 2906 5388 immediate
2971 5338 3243 5401 sequitur.
3306 5339 3389 5389 liis

181 5400 290 5451 libet
331 5398 444 5450 alia
507 5415 582 5461 re,
642 5413 739 5449 sua
789 5397 1228 5473 a_ttendere_[oca
1276 5397 1628 5473 decernimus,
1673 5415 1722 5456 et
1833 5403 2055 5473 Verbis,
2091 5397 2285 5455 Deinde
2337 5403 2556 5464 placuit.
2597 5413 2651 5453 ut
2687 5403 2976 5473 quicunque
3029 5397 3268 5473 deinceps
3323 5410 3384 5456 ab

181 5483 384 5518 suorum
415 5467 518 5521 sibi
543 5467 950 5537 prmrogotiuum
972 5467 1212 5537 ordinum
1240 5469 1524 5524 rindicare.
1557 5473 1716 5537 (ἰτρκ.

1828 5472 2083 5538 episcopis
2122 5473 2455 5532 ordinantur,
2489 5473 2552 5522 ab
2613 5469 3006 5527 ordinatoribus
3044 5477 3174 5535 suis,
3211 5469 3387 5526 'manu

183 5537 332 5596 l.vtt,
366 5539 526 5604 epist.
564 5536 888 5608 illumne,
1063 5536 1242 5601 fallor,
1300 5553 1507 5591 canone
1562 5535 1722 5608 hujus
1829 5535 2012 5593 cei-unt
2079 5542 2426 5606 subscriptus,
2476 5543 2794 5593 continentes
2852 5545 3115 5595 consulem
3147 5554 3191 5595 et
3228 5543 3388 5603 diem,

183 5606 395 5657 ljoncilii
418 5604 899 5668 9'2,aconstitutum
921 5604 1205 5674 habemus,
1224 5612 1296 5674 ut
1323 5621 1448 5658 cum
1476 5604 1716 5674 episcopi

185 5674 512 5741 ordinantur,
562 5676 630 5732 ub
684 5672 1093 5728 urdinatoribus
1155 5672 1269 5731 suis
1327 5672 1534 5734 litteras
1579 5672 1718 5733 acci-

1832 5619 1887 5659 ut
1917 5609 2062 5661 nulla
2096 5610 2372 5661 altercatio
2426 5610 2491 5661 de
2521 5609 2898 5676 posterioribus
2945 5613 3016 5663 rel
3041 5613 3394 5664 σμασι-ξυναιτία

1827 5679 2048 5732 oriatur.
2084 5678 2291 5733 Goucil.
2326 5677 2499 5733 Milev.
2527 5694 2574 5732 c.
2613 5679 2694 5734 H.
