4000 6454
506 380 615 441 315

1761 388 1862 446 ΤΗ
1872 390 1963 448 ΕΟ
1974 392 2035 449 D.
2077 390 2306 450 BALSA
2317 392 2473 451 MON

3644 390 3755 455 316

504 492 711 562 synodo
738 490 954 559 placuit,
990 501 1045 545 ut
1082 493 1319 561 episcopi
1366 494 1559 563 singuli
1596 496 1663 547 ab
1693 496 1781 559 iis,
1815 513 1841 549 a
1871 499 2067 565 quibus

2206 498 2658 567 ειροτονουμέγων
2711 500 2859 568 παρὰ
2918 499 3025 552 τῶν
3067 498 3520 569 χειροτονούντων
3561 501 3757 567 γράμ-

504 584 673 635 creati
705 593 846 645 sunt,
896 583 1168 650 episc0pis
1221 583 1429 637 litteras
1478 585 1815 654 subsiguatas
1850 588 2065 654 accipe-

507 680 652 731 rent,
690 670 883 736 quibus
918 679 972 723 et
1003 671 1239 725 consulis
1282 686 1473 725 nomen
1510 684 1564 727 et
1596 676 1710 728 dies
1765 676 2067 730 ascribere-

510 768 617 812 tur.
653 758 862 826 Quippe
892 774 954 813 ex
1008 760 1321 815 consulibus
1379 771 1614 828 tempora
1668 765 2066 830 indicabantur,

507 862 627 900 cum
659 850 887 916 publicis
918 853 1283 905 monumentis
1328 854 1647 919 consignata
1683 865 1845 921 atque
1874 866 2067 908 testata

508 940 844 1005 singulorum
880 941 1160 994 consulum
1195 943 1411 994 nomina
1449 951 1746 997 exstarent.

508 1029 735 1083 ARIST.
774 1050 791 1081 ι
829 1030 928 1095 Qui
965 1033 1017 1083 in
1065 1030 1244 1083 Africa
1289 1032 1591 1099 ordinatur,
1627 1034 1770 1089 illius
1816 1037 1905 1103 qui
1952 1051 2071 1088 ma-

586 1139 604 1170 t
639 1136 765 1173 num
800 1121 1049 1186 imposnit
1096 1120 1302 1174 litteras
1346 1124 1563 1191 propria
1625 1140 1785 1176 manu
1816 1128 2070 1193 scriptas,

584 1227 602 1259 ι
641 1211 777 1263 diem
815 1210 1200 1278 consulemque
1225 1212 1583 1273 continentes,
1619 1213 1879 1278 proferat.
1910 1233 1927 1264 ι

586 1384 655 1439 Ut
684 1385 829 1438 nulla
861 1386 1069 1439 oriatur
1096 1387 1467 1440 controversia
1507 1387 1574 1442 dc
1609 1389 1878 1455 episcopis
1925 1392 2075 1457 prius

513 1488 605 1529 aut
634 1477 900 1544 posterius
932 1477 1194 1530 onliuatis
1231 1478 1282 1529 in
1316 1478 1519 1539 Africa,
1550 1494 1664 1539 eos,
1697 1480 1786 1545 qui
1816 1480 2076 1533 ordinant

516 1569 658 1629 illos,
694 1566 898 1619 litteras
929 1567 1142 1634 propria
1177 1582 1334 1617 manu
1364 1568 1603 1634 scriptas
1635 1568 1798 1631 diem,
1838 1585 1946 1638 quo
1982 1585 2073 1622 οι·-

521 1657 687 1709 dinati
722 1655 958 1720 fuerunt,
994 1666 1045 1709 et
1078 1656 1473 1724 magistratum,
1510 1659 1600 1725 qui
1641 1660 1711 1713 ibi
1765 1670 1890 1715 tunc
1937 1678 2077 1729 pra:-

522 1746 645 1811 fuit,
689 1747 1008 1813 indicantes,
1045 1748 1172 1800 dare
1198 1746 1304 1799 illis
1333 1755 1573 1815 oportet.

971 1924 1133 1993 325
1165 1925 1397 1980 CANON
1428 1923 1611 1979 XCIII.

532 2031 546 2063 t
578 2011 645 2068 Ut
673 2015 764 2082 qui
798 2015 880 2068 vel
915 2016 1075 2068 semel
1107 2016 1157 2067 in
1193 2018 1417 2070 eccle°ia
1447 2017 1707 2083 legerunt,
1742 2029 1843 2068 non
1872 2016 2078 2084 possint

597 2126 614 2157 ι
646 2108 713 2159 ab
748 2108 868 2159 aliis
903 2109 1230 2174 promoveri.
1285 2108 1546 2161 Similiter
1580 2107 1799 2175 placuit,
1856 2118 1913 2160 ut
1958 2107 2081 2175 qui-

591 2217 607 2247 t
648 2212 860 2265 cunque
891 2198 940 2247 in
995 2197 1221 2249 ecclesia
1250 2198 1328 2251 vel
1374 2197 1537 2250 semel
1584 2197 1790 2266 legerit,
1855 2199 1921 2250 ab
1978 2198 2079 2251 alia

594 2306 613 2337 ε
647 2290 872 2341 ecclesia
908 2288 971 2339 ad
1000 2288 1310 2341 clericatum
1362 2303 1465 2340 non
1509 2288 1831 2342 detineatur.
1868 2289 1930 2341 Et
1951 2291 2080 2341 sub-

600 2398 615 2425 ι
648 2378 999 2446 scripserunt,
1042 2377 1287 2429 Aurelius
1313 2378 1593 2443 episcOpus
1643 2377 1895 2430 Ecclesite
1945 2376 2079 2429 Car-

602 2489 618 2518 ι
656 2469 988 2535 thagineusis
1024 2468 1268 2534 praesenti
1304 2469 1519 2521 decreto
1549 2468 1815 2529 consensi,
1848 2478 1901 2521 et
1946 2469 2082 2522 lectu

600 2562 958 2625 «subscripsi.
1027 2557 1281 2612 Similiter
1309 2569 1361 2613 et
1388 2559 1577 2627 reliqui
1642 2560 1881 2628 episCupi
1951 2558 2081 2612 sub-

600 2663 618 2693 σ
650 2649 994 2714 scripserunt.
1036 2665 1065 2699 ιι

595 2817 789 2871 BALS.
825 2819 1070 2870 Nnnuulli
1103 2822 1285 2873 dicunt
1319 2822 1382 2875 de
1414 2822 1511 2873 huc
1542 2837 1766 2883 canone,
1804 2823 1943 2886 quod
1977 2822 2087 2873 vult

529 2909 807 2970 clericum,
856 2911 945 2976 qui
1001 2912 1051 2962 in
1101 2911 1328 2965 ecclesia
1382 2912 1559 2977 aliqua
1606 2914 1931 2964 constitutus
1980 2922 2082 2975 est,

526 3014 637 3051 non
666 3001 875 3053 admitti
907 3018 1002 3055 nec
1036 3004 1275 3057 ordinari
1323 3004 1389 3056 ab
1424 3002 1530 3056 alio
1575 3003 1849 3071 episcopo,
1906 3004 1949 3057 si
2006 3002 2086 3056 vel

2171 604 2315 655 ματα
2369 588 2667 657 λαμϐάνειν
2720 590 3227 659 ὑπογεγραμμένα,
3287 590 3616 657 περιέχοντα
3654 589 3756 640 τὸν

2169 675 2373 728 ὕπατον
2408 677 2501 730 καὶ
2536 678 2635 747 τὴν
2669 679 2901 747 ἡμέραν.
2964 679 3075 731 Καὶ
3106 681 3171 730 ἐκ
3211 676 3310 729 τοῦ
3341 677 3546 727 ὑπάτου
3579 675 3694 743 γὰρ
3726 677 3758 727 ὁ

2168 766 2357 833 καιρὸς
2383 767 2681 831 ἐδείκνυτο,
2715 772 2773 821 ἐν
2806 770 3091 837 δημοσίαις
3124 768 3475 835 ἀπογραφαῖς
3509 764 3754 816 ἑκάστου

2168 853 2276 905 τῶν
2305 855 2524 909 ὑπάτων
2550 857 2885 927 δηλουμένου
2924 860 3054 910 πότε
3082 858 3409 909 ὑπάτευσεν.

2170 1026 2391 1079 ΑΡΙΣΤ.
2466 1047 2483 1078 ι
2525 1028 2583 1082 '0
2641 1047 2720 1091 εις
2758 1031 2857 1098 τὴν
2920 1029 3185 1097 Ἀφρικὴν
3234 1024 3761 1098 κεχειροτονημένος

2248 1135 2265 1165 ι
2304 1118 2653 1187 ἐπιφερέσθω
2714 1119 2808 1171 τοῦ
2871 1119 3274 1180 ἐπιτεθεικότος
3310 1121 3469 1187 χεῖρα
3520 1115 3754 1183 γραφὴν

2244 1223 2262 1255 ι
2302 1206 2610 1276 ίδιόχειρον,
2640 1209 2737 1277 τὴν
2791 1212 3005 1280 ἡμέραν
3045 1210 3276 1278 ἔχουσαν
3311 1212 3404 1260 καὶ
3460 1209 3553 1258 τὸν
3606 1205 3757 1257 ὓπα-

2249 1316 2265 1345 ι
2307 1314 2415 1348 τον.
2458 1317 2474 1347 ι

2244 1388 2341 1438 Διὰ
2363 1388 2422 1439 τό
2450 1391 2521 1456 μή
2547 1406 2668 1442 τινα
2701 1390 2917 1441 ὑπεῖναι
2946 1389 3277 1456 ἀμφισολίαν
3300 1389 3429 1455 περὶ
3459 1387 3570 1440 τῶν
3599 1388 3767 1457 πρῶ-

2172 1478 2315 1545 τονῆ
2348 1478 2574 1547 ὕστερον
2608 1478 3093 1548 χειροτονηθέντων
3128 1480 3446 1530 ἐπισκόπων
3476 1480 3533 1529 ἐν
3560 1481 3764 1547 Ἀφρι-

2175 1570 2267 1635 κῇ,
2296 1568 2377 1619 δεῖ
2398 1570 2525 1629 τοὺς
2554 1568 2997 1639 χειροτονοῦντας
3047 1569 3241 1630 αὐτοὺς
3275 1570 3583 1636 γράμματα
3614 1567 3765 1619 διδό-

2174 1675 2263 1710 ναι
2286 1659 2470 1721 αὐτοῖς
2522 1662 2876 1729 οίκειόχειρα,
2910 1661 3176 1727 δηλοῦντα
3225 1661 3325 1726 τὴν
3376 1657 3596 1728 ἡμέραν
3624 1658 3759 1710 καθ’

2177 1749 2245 1817 ἣν
2290 1750 2796 1821 ἐχειροτονήθησαν,
2862 1753 2955 1803 καὶ
3003 1751 3095 1803 τὸν
3151 1752 3331 1802 ἐκεῖσε
3379 1748 3460 1818 τῷ
3498 1748 3623 1800 τότε
3658 1747 3769 1816 ἄρ-

2183 1856 2365 1907 χοντα.

2770 1933 3007 1984 ΚΑΝΩΝ
3048 1931 3161 1998 ιιῐη.

2182 2022 2317 2087 Περὶ
2358 2020 2449 2071 τοῦ
2484 2022 2613 2083 τοὺς
2651 2022 2754 2072 κᾶν
2799 2021 2945 2082 ἅπαξ
2982 2020 3040 2072 ἐν
3089 2022 3154 2089 τῇ
3193 2019 3457 2090 ἐκκλησίᾳ
3487 2020 3766 2085 ἀναγνόν-

2261 2128 2278 2159 ‹
2315 2125 2411 2170 τας
2465 2110 2539 2177 μὴ
2571 2109 2825 2160 δὶνασθαι
2886 2106 2989 2158 ὑπὸ
3045 2107 3220 2159 ἄλλων
3279 2106 3763 2176 προχειρίζεσθαι.

2257 2217 2273 2248 ι
2315 2198 2549 2265 Ὁμοίως
2594 2201 2808 2267 ἤρεσεν,
2848 2197 2935 2249 ἵνα
2967 2198 3118 2260 ὅστις
3145 2196 3342 2267 δήποτε
3377 2202 3434 2250 ἐν
3458 2198 3767 2267 ἐκκλησίᾳ,

2260 2308 2278 2339 ‹
2313 2290 2413 2341 κᾶν
2448 2290 2592 2353 ἅπαξ
2642 2288 2880 2356 ἀναγνῷ,
2927 2288 3021 2341 ἀπ’
3065 2287 3231 2355 ἄλλης
3266 2288 3566 2356 ἐκκλησίας
3615 2289 3770 2359 πρὸς

2257 2399 2273 2429 ε
2309 2380 2582 2449 κλήρωσιν
2609 2380 2683 2447 μὴ
2710 2380 3025 2446 κατέχηται.
3043 2378 3151 2430 Καὶ
3175 2378 3504 2445 ὑπέγραψαν
3522 2391 3538 2406 ⁸
3576 2377 3773 2445 Αὐρή-

2255 2489 2271 2520 ι
2309 2472 2419 2531 λιος
2458 2470 2755 2529 ἐπίσκοπος
2782 2469 2878 2536 τῆς
2910 2469 2964 2520 ἐν
3004 2469 3316 2537 Καρχηδόνι
3348 2468 3649 2537 ἐκκλησίας
3680 2470 3768 2538 τῷ

2253 2580 2269 2609 ι
2314 2563 2538 2629 παρόντι
2570 2560 2881 2625 ψηφίσματι
2911 2558 3199 2627 συνῄνεσα,
3233 2559 3325 2610 καὶ
3352 2558 3769 2624 ἀναγνωσθέντι

2255 2668 2269 2692 ι
2307 2648 2618 2714 ὑπέγραψα.
2661 2645 2894 2713 Ὁμοίως
2927 2647 3018 2698 καὶ
3044 2646 3094 2696 οί
3128 2645 3305 2698 λοιποὶ
3333 2647 3630 2697 ἐπίσκοποι
3658 2647 3767 2698 ὑπ-

2265 2754 2281 2783 ι
2323 2734 2587 2801 ἔγραψαν.
2634 2752 2651 2783 ι

2259 2826 2454 2877 ΒΑΛΣ.
2489 2824 2643 2884 Τινὲς
2680 2824 2777 2891 μὲν
2824 2824 3041 2889 λέγουσι
3076 2822 3206 2892 περὶ
3247 2822 3343 2874 τοῦ
3378 2824 3602 2886 κανόνος
3634 2827 3769 2878 τού-

2186 2930 2279 2965 του
2304 2916 2385 2967 ὅτι
2418 2913 2665 2981 βούλεται
2688 2912 2778 2964 τὸν
2806 2912 3188 2977 καταταγέντα
3244 2911 3510 2980 κληρικὸν
3540 2915 3620 2975 είς
3664 2915 3768 2966 ἐκ·

2191 3004 2418 3071 κλησίαν
2479 3004 2551 3072 μὴ
2608 3003 2858 3072 δέχεσθαι
2934 3004 3067 3072 μηδὲ
3143 3004 3570 3071 χειροτονεῖσθαι
3629 3004 3771 3075 παρ’

523 3090 693 3142 semel
736 3100 940 3143 tantum
987 3093 1039 3144 in
1075 3092 1318 3155 ecclesia,
1376 3092 1429 3145 in
1467 3107 1568 3160 qua
1618 3094 1947 3145 constitutus
1979 3103 2081 3155 est,

2204 3096 2377 3163 ἑτέρου
2406 3096 2725 3153 ἐπισκόπου.
2772 3095 2875 3146 κᾶν
2909 3094 3051 3159 ἅπαξ
3077 3094 3287 3160 ἀνέγνω
3316 3096 3395 3156 είς
3429 3095 3497 3163 ἢν
3522 3097 3770 3147 κατετά-

526 3176 737 3245 legerit.
770 3180 849 3231 Ad
880 3195 1031 3232 suam
1068 3183 1210 3233 enim
1247 3196 1462 3234 causam
1516 3182 1903 3235 delentlendam
1956 3182 2085 3235 alle-

527 3265 747 3331 gabant,
784 3268 924 3335 quod
960 3284 1063 3321 non
1115 3269 1516 3321 existimaretur
1565 3268 1792 3322 clericus
1820 3270 2081 3334 ecclesiae,

528 3356 619 3421 qui
654 3356 703 3407 in
736 3371 795 3409 ea
841 3358 1003 3410 semel
1035 3357 1183 3426 legit.
1217 3357 1319 3409 Alii
1356 3366 1534 3410 autem
1570 3358 1776 3417 dicunt,
1811 3360 1949 3410 hanc
1982 3374 2083 3411 non

526 3456 653 3496 esse
682 3443 812 3496 satis
841 3444 1049 3497 ﬁrmam
1099 3446 1385 3499 rationem.
1416 3445 1493 3498 Ex
1530 3460 1594 3498 eo
1630 3447 1770 3497 enim
1807 3446 1947 3513 quod
1998 3460 2087 3499 or-

537 3534 753 3585 dinatus
784 3534 946 3586 fuerit
992 3545 1044 3586 et
1078 3535 1445 3587 characterem
1494 3535 1811 3602 susceperit,
1851 3535 1910 3588 tit
1941 3536 2089 3604 quis-

534 3623 677 3688 piam
711 3623 959 3685 clericus,
993 3624 1201 3676 etiamsi
1236 3624 1288 3676 in
1338 3623 1571 3676 ecclesia
1612 3639 1716 3676 non
1771 3627 1976 3693 legerit.
2027 3626 2089 3679 Et

533 3711 958 3779 interpretantur
984 3726 1245 3766 canonem
1277 3714 1341 3764 de
1374 3714 1455 3774 iis,
1493 3716 1581 3779 qui
1610 3714 1774 3766 solam
1814 3724 2087 3768 tonsuram

526 3801 601 3852 ab
630 3802 871 3855 antistite
924 3813 1268 3869 acceperunt,
1322 3812 1377 3855 et
1409 3818 1471 3855 ex
1508 3806 1918 3865 consuetudine.
1972 3817 2089 3858 tan-

530 3906 691 3959 quam
746 3906 843 3958 pro
900 3890 1070 3944 forma
1118 3892 1382 3957 lectionis,
1440 3894 1695 3943 dixerunt
1740 3894 2086 3960 apostolicam

528 3982 598 4031 ad
630 3978 965 4035 Timotheum
1002 3980 1321 4048 Epistolam,
1365 3997 1480 4046 seu,
1522 3981 1628 4035 Fili
1677 3982 1960 4048 Timotheo,
2015 3987 2086 4037 sis

533 4071 734 4123 sobrius
758 4072 807 4123 in
835 4073 1068 4126 omnibus
1087 4072 1165 4127 “z
1197 4081 1250 4126 et
1274 4074 1479 4135 dicunt,
1501 4089 1564 4126 ex
1602 4075 1848 4140 praesenti
1882 4090 2089 4129 canone

530 4176 639 4213 non
688 4176 843 4228 posse
873 4177 1044 4229 eos,a
1097 4178 1256 4216 manu
1306 4163 1420 4231 ejus
1471 4163 1558 4229 qui
1608 4165 1750 4230 ipsos
1799 4166 2087 4230 ordinavit,

528 4262 756 4319 prapter
791 4253 958 4305 solam
994 4253 1228 4320 episcopi
1265 4263 1561 4317 tonsuram,
1608 4255 1723 4306 sine
1756 4255 1872 4321 ejus
1904 4256 2091 4307 volun-

531 4349 640 4392 tate
669 4341 921 4405 transire,
955 4350 1008 4393 et
1037 4342 1100 4392 ad
1138 4342 1294 4393 aliam
1328 4341 1610 4394 ecclesiam
1650 4341 1940 4395 transilire.
1976 4343 2089 4395 Etsi

2187 3204 2256 3251 γη
2289 3186 2599 3253 ἐκκλησίαν.
2656 3185 3022 3253 Προεῦάλοντο
3076 3185 3183 3251 γάρ
3229 3200 3398 3247 τινες,
3444 3185 3523 3245 ὠς
3553 3185 3773 3237 δικαιο-

2189 3276 2422 3341 λόγημα,
2472 3276 2533 3325 τὸ
2567 3275 2642 3343 μὴ
2690 3274 2999 3340 λογίζεσθαι
3032 3274 3292 3342 κληρικδν
3324 3274 3626 3343 ἐκκλησίας
3670 3278 3773 3329 τὸν

2188 3364 2334 3426 ἅπαξ
2369 3366 2425 3416 ἐν
2458 3365 2591 3432 αὐτῇ
2623 3364 2945 3430 ἀναγνόντα.
2972 3364 3189 3431 Ἐτεροι
3214 3364 3270 3415 δὲ
3299 3364 3554 3430 λέγουσιν
3586 3365 3671 3417 ὅτι
3701 3369 3769 3420 τὸ

2186 3455 2423 3507 τοιοῦτον
2445 3454 2837 3522 δικαιολόγημα
2868 3454 3063 3522 σαθρόν
3089 3456 3257 3507 ἐστιν.
3281 3453 3421 3507 Ἀπὸ
3453 3456 3619 3523 μόνου
3646 3456 3763 3528 γὰρ

2188 3544 2280 3595 τοῦ
2333 3545 2702 3611 καταταγῆναι
2769 3545 2862 3595 καὶ
2942 3544 3343 3614 σφραγισθῆναι
3378 3544 3647 3615 κληρικός
3675 3566 3768 3611 τις

2190 3634 2413 3698 γίνεται,
2444 3634 2545 3685 κᾶν
2567 3632 2652 3685 ἐπ’
2679 3633 2974 3699 ἐκκλησίας
3022 3633 3119 3685 οὐκ
3150 3632 3385 3701 ἀναγνῷ.
3432 3635 3543 3686 Καὶ
3576 3636 3762 3705 ἑρμη-

2191 3723 2404 3775 νεύουσι
2441 3724 2531 3775 τὸν
2566 3723 2764 3775 κανόνα
2811 3724 2889 3784 είς
2929 3721 3054 3783 τοὺς
3080 3720 3405 3790 δεξαμένους
3440 3723 3613 3792 μόνην
3644 3727 3774 3776 ἐπι-

2191 3812 2412 3879 κουρίδα
2452 3815 2605 3880 παρὰ
2661 3815 2980 3882 ἀρχιερέως,
3015 3814 3109 3865 καὶ
3163 3812 3305 3864 κατὰ
3336 3813 3435 3881 τὴν
3467 3814 3768 3882 συνήθειαν

2191 3905 2462 3963 εἰπόντας,
2490 3902 2563 3963 ὠς
2600 3902 2658 3953 ἐν
2688 3902 2816 3953 είδει
2838 3902 3279 3968 ἀναγνώσματος,
3305 3901 3402 3969 τὴν
3430 3901 3567 3970 προς
3600 3903 3773 3969 Τιμό-

2190 3988 2309 4039 θεον
2362 3988 2724 4057 ἀποστολικὴν
2770 3989 3081 4057 ἐπιστολὴν,
3127 3989 3297 4054 ἤγουν
3346 3988 3408 4041 τὸ
3436 4028 3449 4051 ,
3507 3989 3768 4056 Τέκνον,

2196 4078 2448 4144 Τιμόθεε,
2480 4078 2636 4145 νῆφε
2664 4078 2733 4130 ἐν
2778 4077 2927 4133 πᾶσι
2953 4094 2968 4109 ο
2998 4079 3087 4130 καὶ
3114 4079 3327 4144 λέγουσι
3361 4079 3497 4148 μηδέ
3530 4080 3762 4142 τούτους

2189 4168 2443 4220 δύνασθαι
2489 4169 2596 4221 ἀπὸ
2627 4168 2724 4222 τοῦ
2780 4170 3044 4238 παρόντος
3075 4170 3295 4231 κανόνος
3336 4170 3401 4222 ἐκ
3446 4170 3546 4238 τῆς
3580 4172 3772 4239 χειρὸς

2191 4257 2282 4308 τοῦ
2339 4261 2734 4325 σφραγίσαντος
2800 4259 2994 4321 αὐτοὺς
3038 4260 3127 4311 διὰ
3188 4260 3354 4328 μόνης
3412 4262 3770 4332 ὲπικουρίδος

2193 4350 2493 4399 ἐπισκόπου
2534 4348 2894 4415 μεταπίπτειν
2925 4350 3093 4417 χωρὶς
3120 4349 3344 4418 γνώμης
3394 4351 3634 4413 ἐκείνου,
3670 4356 3769 4407 καὶ

525 4433 675 4486 enim
710 4448 811 4486 nou
843 4442 968 4485 sunt
1002 4433 1053 4485 in
1086 4433 1291 4485 clerum
1321 4433 1579 4495 ordinati,
1632 4433 1724 4486 sed
1760 4442 1937 4485 tamen
1974 4436 2083 4501 epi-

2204 4440 2268 4498 είς
2316 4438 2510 4507 ἑτέραν
2566 4438 2861 4505 ἐκκλησίαν
2909 4438 3277 4505 μεταϐαίνειν.
3341 4440 3456 4490 Κᾶν
3505 4442 3614 4509 γὰρ
3665 4442 3772 4495 οὐκ

534 4524 801 4591 scopalem
841 4532 1116 4574 tonsuram
1176 4531 1556 4589 susceperunt,
1608 4532 1662 4573 et
1717 4523 2090 4577 existimantur

533 4628 654 4665 esse
687 4628 811 4680 pars
837 4614 1078 4666 ecclesia:
1110 4612 1252 4679 ejus,
1287 4613 1377 4679 qui
1418 4612 1522 4665 illis
1557 4628 1749 4665 manus
1803 4614 2082 4681 imposuit.

535 4702 601 4754 Et
633 4702 665 4753 ii
698 4703 946 4755 videnlur
996 4702 1124 4755 mihi
1178 4716 1438 4755 canonem
1492 4704 1795 4757 accuratius
1831 4705 2095 4772 interpre-

536 4803 653 4846 lzzrt.

605 4968 856 5021 ZONAR.
903 4971 1324 5027 Innumerabiles
1352 4980 1566 5025 exstant
1616 4986 1849 5027 canones
1900 4974 2096 5042 quibus

536 5060 719 5113 clerici
772 5076 900 5114 suas
950 5065 1206 5117 ecclesias
1254 5067 1577 5131 relinquere.
1629 5075 1683 5118 et
1739 5067 1802 5118 ad
1852 5065 1986 5119 alias
2034 5080 2091 5119 se

536 5152 787 5205 conferre
817 5155 1184 5220 prohibentur.
1216 5155 1361 5209 Idem
1421 5158 1503 5209 hic
1536 5171 1748 5222 quoque
1782 5170 1950 5208 canon
1985 5172 2091 5209 non

538 5240 654 5292 sine
702 5240 880 5308 aliquo
929 5244 1088 5297 etiam
1136 5246 1399 5308 anctario,
1455 5247 1715 5299 decernit.
1776 5246 2091 5301 Auctarium

541 5341 667 5379 vero
696 5329 822 5381 illud
853 5342 952 5391 est,
988 5334 1119 5387 utsi
1178 5334 1257 5385 vel
1304 5334 1467 5387 semel
1524 5344 1728 5387 tantum
1770 5336 1819 5387 in
1867 5335 2091 5389 ecclesia

540 5418 720 5483 aliqua
758 5419 1047 5487 qui5piam,
1083 5425 1231 5491 quasi
1263 5425 1377 5493 ejus
1405 5425 1547 5477 clero
1597 5426 1885 5492 ascriptus,
1950 5428 2094 5495 lege-

544 5508 637 5573 rit,
666 5509 718 5561 iu
750 5510 850 5561 alia
878 5526 945 5564 ne
977 5513 1315 5569 admittatur.
1371 5514 1632 5569 Videntur
1661 5517 1802 5571 enim
1856 5519 2097 5576 nonnulki

651 5685 694 5716 “
728 5684 769 5738 ll
794 5685 932 5739 'l'im.
960 5702 1034 5753 Ix,
1063 5687 1113 5741 5.

2190 4528 2431 4595 ἔφθασαν
2475 4526 2851 4595 καταταγῆναι
2882 4528 2961 4589 είς
2989 4526 3213 4597 κλῆρον,
3266 4527 3379 4579 ἀλλ’
3403 4529 3553 4596 ὅμως
3588 4548 3772 4598 σφρα-

2190 4621 2312 4686 γῖδα
2348 4619 2708 4688 ἐπισκοπικὴν
2771 4620 3042 4681 ἐδέξαντο,
3090 4621 3183 4672 καὶ
3234 4618 3545 4686 λογίζονται
3612 4622 3760 4691 μέρη

2193 4712 2290 4777 τῆς
2314 4709 2607 4774 ἐκκλησίας
2635 4710 2727 4760 τοῦ
2752 4709 3234 4778 χειροθετήσαντος
3284 4709 3498 4770 αὐτούς.
3532 4712 3644 4762 Καὶ
3673 4712 3766 4761 δοι-

2196 4793 2352 4845 κοῦσί
2380 4810 2469 4858 μοι
2500 4793 2698 4861 μᾶλλον
2721 4790 2865 4845 οὗτοι
2908 4794 3297 4863 ἀκριϐέστερον
3318 4795 3408 4846 τὸν
3440 4796 3641 4848 κανόνα
3676 4798 3773 4867 ἑρ-

2199 4883 2453 4950 μηνεύειν

2270 4974 2511 5027 ΖΩΝΛΡ.
2540 4976 2740 5044 Μυρίοι
2771 4974 2987 5034 κανόνες
3021 4972 3178 5037 είσὶν,
3213 4976 3259 5025 οί
3314 4975 3617 5039 κωλύοντες
3640 4979 3773 5042 τοὺς

2197 5066 2491 5134 κληρικοὺς
2553 5066 2627 5133 μὴ
2675 5065 3111 5133 καταλιμπάνειν
3166 5064 3263 5127 τὰς
3319 5067 3525 5128 οἰκείας
3563 5070 3771 5137 ἐκκλη-

2198 5156 2338 5216 σίας,
2372 5155 2463 5205 καὶ
2522 5154 2918 5222 προσέρχεσθαι
2980 5153 3185 5215 ἄλλαις.
3244 5152 3415 5206 Τοῦτο
3466 5155 3561 5207 οὖν
3608 5159 3702 5210 καὶ
3744 5161 3772 5211 ὁ

2198 5244 2385 5312 παρὼν
2445 5244 2621 5295 κανὼν
2655 5245 2791 5311 μετὰ
2830 5244 3147 5313 προσθήκης
3190 5244 3382 5312 ὁρίζει.
3426 5244 3490 5297 Ἦ
3517 5247 3575 5298 δὲ
3602 5264 3773 5317 προσ-

2202 5336 2342 5402 θήκη
2382 5334 2496 5385 ἐστὶ
2540 5337 2622 5398 τὸ,
2664 5332 2765 5385 κᾶν
2817 5332 2966 5395 ἅπαξ
3004 5334 3215 5399 ἀνέγνω
3267 5337 3324 5385 ἐν
3359 5335 3648 5408 ἐκκλησίᾳ,
3692 5339 3771 5402 ὡς

2203 5428 2377 5477 ἐκεῖσε
2407 5426 2771 5489 καταταγεὶς,
2829 5424 2904 5493 μὴ
2960 5423 3360 5492 παραδέχεσθαι
3393 5427 3525 5493 παρ’
3570 5428 3770 5495 ἑτέρας

2205 5514 2521 5585 ἐκκλησίας.
2558 5515 2737 5568 Ἔοικε
2761 5513 2866 5582 γὰρ
2894 5513 2976 5566 ὅτι
3006 5512 3401 5581 προεϐάλλοντο
3428 5515 3591 5569 τοῦτό
3620 5535 3770 5584 τινες
