4000 6440
237 371 336 434 317

1253 375 1367 447 {IN
1405 385 1573 444 CAN.
1614 386 1807 445 XClll
1849 388 2058 447 CONC.
2085 387 2461 448 CARTHAG.

3378 393 3480 456 318

234 485 304 546 ὡς
335 483 750 554 δικαιολόγημα,
803 488 887 540 ὅτι
919 492 966 542 οί
997 491 1221 553 κανόνες
1277 493 1406 560 περὶ
1432 492 1541 543 τῶν
1590 493 1801 561 χρόνων

1919 508 2023 546 3am
2056 500 2455 552 excusationem
2491 500 2650 554 veluti
2681 500 2882 570 justam
2909 505 3282 572 pretexuissc,
3311 520 3478 558 cano-

232 575 350 628 τινὰ
377 576 578 645 διαρκῆ
614 577 959 646 ποιησάντων
988 585 1046 634 ἐν
1098 582 1279 651 κλήρῳ
1309 583 1472 647 φασίν
1496 599 1509 613 ’
1547 585 1594 633 εί
1637 583 1692 633 δέ
1719 600 1804 644 τις

234 666 375 732 ἅπαξ
399 669 460 718 ἐν
492 667 752 739 ἐκκλησίᾳ
779 670 1014 738 ἀνέγνω,
1039 672 1252 737 ἐξέσται
1280 673 1448 742 αύτῷ,
1473 673 1547 734 ὠς
1577 674 1806 744 μηδενὸς

234 755 423 820 καιροῦ
475 759 779 824 γεγονότος,
824 760 1122 830 ἀναχωρεῖν
1162 763 1390 816 ἐκεῖθεν.
1429 761 1603 816 Τοῦτο
1644 759 1736 816 οὖν
1768 765 1799 833 ὴ

235 847 450 907 σύνοδος
469 849 857 916 ἀνατρέπουσα
892 850 995 920 ἔφη
1025 852 1127 915 δτι,
1171 852 1288 906 Κᾶν
1323 852 1467 917 ἅπαξ
1513 853 1722 918 ἀνέγνω
1747 855 1804 906 ἐν

232 935 516 1005 ἐκκλησίᾳ,
548 939 920 1004 ἀπρόσδεκτος
954 939 1103 991 ἔσται
1127 941 1396 1010 ἐκκλησίᾳ
1429 941 1614 1010 ἑτέρᾳ.

1909 597 2005 637 nes
2033 584 2282 640 videlicet
2309 589 2372 640 de
2405 589 2493 652 iis,
2546 592 2636 659 qui
2671 593 2898 646 multum
2935 596 3194 662 temporis
3231 595 3281 647 in
3318 595 3468 648 clero

1910 673 2166 741 egissent,
2202 691 2324 730 esse
2381 679 2798 748 intelligendos:
2853 684 2898 738 si
2946 685 3068 750 quis
3119 698 3248 737 vero
3307 683 3480 738 semel

1911 772 2116 817 tantum
2148 767 2202 820 in
2237 768 2460 821 ecclesia
2499 769 2741 838 legisset,
2769 772 2904 837 nihil
2940 774 3158 828 obstare
3191 775 3480 840 quominus

1909 852 2008 918 illi,
2047 863 2231 922 utpote
2263 857 2408 911 nullo
2441 868 2679 928 tempore
2715 861 2788 916 ibi
2822 863 2890 917 ab
2943 862 3034 916 illo
3073 874 3370 924 transacto,
3406 863 3475 917 ab

1906 956 1968 995 ea
2021 945 2272 998 secedere
2325 947 2534 1005 liceret.
2589 950 2953 1014 Quamobrem
3007 953 3109 1007 boc
3144 953 3465 1019 improbata,

233 1030 470 1098 synodus
494 1045 638 1095 eum,
666 1031 756 1102 qui
789 1030 872 1085 vel
904 1030 1066 1085 semel
1097 1041 1303 1086 tantum
1341 1033 1391 1084 in
1430 1047 1534 1084 una
1567 1030 1795 1085 ecclesia
1829 1031 2048 1088 lectoris
2095 1050 2289 1091 munus
2316 1038 2532 1104 obierit,
2583 1040 2634 1094 in
2708 1040 2810 1094 alia
2863 1042 3029 1108 recipi
3111 1042 3333 1108 omnino
3389 1058 3480 1096 vc-

235 1127 336 1172 ιιι.

231 1207 453 1261 ΔΡΙΣΤ.
496 1226 516 1259 ι
557 1207 618 1261 '0
648 1209 754 1262 xiv
787 1207 935 1276 άπαξ
969 1213 1046 1274 είς
1091 1214 1388 1280 ἐκκλησίαν
1416 1216 1678 1282 ἀναγνοὺς
1710 1215 1803 1267 ὑπ’

482 1317 500 1349 ι
541 1300 704 1369 ἄλλης
737 1302 812 1372 μὴ
836 1302 1073 1372 δεχέσθω
1100 1304 1178 1364 είς
1203 1305 1495 1374 κλήρωσιν.
1531 1324 1548 1354 ι

299 1388 374 1440 Τὸ
402 1388 685 1458 ἀλλότριον
741 1391 1008 1461 κληρικὸν
1034 1391 1124 1458 ὑφ’
1158 1393 1346 1462 ἐτέρου
1394 1395 1801 1463 παραδέχεσθαι

233 1481 534 1532 ἐπισκόπου
584 1483 756 1535 πᾶσαι
812 1486 868 1535 al
899 1484 1104 1537 σύνοδοι
1132 1486 1468 1538 διεκώλυσαν
1491 1504 1502 1517 ·
1535 1487 1640 1540 κᾶν
1674 1488 1802 1554 γοῦν

231 1569 376 1632 ἅπαξ
415 1573 497 1632 είς
521 1571 819 1640 ἐκκλησίαν
864 1574 892 1625 ό
916 1573 1217 1643 κληρωθεὶς
1244 1577 1302 1627 ἐν
1329 1577 1462 1646 αὐτῇ
1516 1577 1614 1638 τὰς
1651 1578 1804 1648 ἱερὰς

234 1659 451 1727 βίϐλους
475 1660 554 1730 τῷ
574 1660 689 1730 λαῷ
738 1663 1049 1730 ὑπανέγνω,
1098 1666 1190 1734 ὑφ’
1244 1665 1438 1737 ἐτέρας
1475 1668 1556 1728 είς
1601 1667 1801 1737 κλῆρον

231 1750 646 1819 παραὰχθῆναι
666 1752 726 1804 ού
748 1754 1198 1825 συγκεχώρηται.

1913 1215 2139 1270 AttlST.
2179 1235 2197 1268 ι
2231 1217 2330 1282 Qui
2380 1219 2543 1273 etiam
2581 1221 2749 1274 semel
2789 1231 2996 1276 tantum
3032 1223 3083 1275 in
3140 1222 3369 1276 ecclesia
3405 1223 3482 1278 le-

2116 1328 2133 1360 (
2163 1312 2259 1379 git,
2291 1312 2358 1363 ab
2389 1311 2490 1362 alia
2517 1313 2567 1362 in
2603 1312 2798 1364 clerum
2838 1327 2906 1365 ne
2934 1312 3269 1366 admittatur.

1988 1399 2241 1451 Alienum
2313 1401 2571 1453 clericum
2625 1402 2692 1455 ab
2735 1403 2906 1456 altero
2960 1404 3169 1456 admitti
3224 1405 3481 1471 episcopo

1911 1503 2102 1542 omnes
2132 1490 2324 1558 synodi
2355 1501 2556 1545 vetant.
2590 1492 2847 1557 Quamvis
2881 1493 3064 1561 itaque
3100 1493 3266 1547 semel
3300 1496 3389 1562 qui
3428 1495 3481 1546 in

1909 1578 2136 1634 ecclesia
2204 1579 2432 1635 clericus
2465 1582 2544 1646 fit,
2601 1583 2652 1634 in
2683 1597 2744 1636 ea
2791 1597 2978 1638 sacros
3034 1583 3201 1638 libros
3274 1584 3469 1652 p0pn|o

1911 1670 2069 1737 legat,
2139 1674 2205 1725 ab
2257 1671 2360 1724 alia
2425 1671 2480 1725 in
2537 1671 2740 1726 clerum
2815 1673 2978 1743 recipi
3054 1689 3158 1729 non
3214 1673 3482 1744 permitti.

1914 1769 2021 1814 tur.

243 1840 329 1891 Ἐν
352 1841 529 1914 ταύτῃ
580 1845 647 1912 τῇ
689 1845 894 1916 συνόδῳ
945 1847 1339 1915 ἐμφανίζονται
1386 1864 1453 1905 τα
1488 1853 1802 1923 πραχθέντα

1986 1869 2004 1902 ι
2040 1850 2094 1904 In
2149 1850 2250 1905 hac
2303 1853 2508 1921 synodo
2559 1852 2870 1908 referuntur
2898 1862 3050 1924 gesta
3078 1855 3482 1923 episcOporum,

307 1949 327 1983 ι
359 1931 467 1983 ὑπὸ
499 1931 608 1984 τῶν
636 1933 813 2002 πέραν
842 1934 942 2003 τῆς
978 1935 1255 2007 Θαλάσσης
1280 1939 1694 1993 ἀποσταλέντων
1718 1957 1805 1993 το-

306 2043 327 2074 ι
364 2025 694 2093 ποτηρητῶν
719 2027 1033 2081 ἐπισκόπων
1071 2030 1162 2082 ἐπὶ
1211 2029 1306 2082 τοῦ
1334 2031 1677 2095 ἐνδοξοτάτου
1712 2031 1807 2100 βα-

301 2133 320 2166 ι
355 2115 550 2178 σιλέως
580 2116 865 2170 Θεοδοσίου
896 2119 991 2172 τοῦ
1045 2119 1359 2187 Αὐγούστου
1395 2123 1490 2175 καὶ
1529 2121 1808 2192 Ῥουμορί-

305 2225 323 2257 ι
355 2207 448 2259 δου
477 2206 572 2260 τοῦ
601 2207 989 2278 λαμπροτάτου
1024 2211 1228 2264 ὑπάτου
1257 2215 1324 2282 τῇ
1369 2212 1473 2282 πρδ
1504 2213 1654 2267 ὀκτὼ
1691 2216 1809 2265 Κα-

305 2316 324 2348 ι
357 2297 566 2350 λανδῶν
611 2299 1006 2367 Σεπτεμϐρίων
1029 2301 1087 2352 ἐν
1130 2301 1442 2370 Καρχηδόνι
1470 2303 1551 2364 είς
1581 2302 1680 2364 τὴν
1714 2303 1808 2354 ἐκ·

307 2404 326 2437 ι
364 2386 599 2456 κλησίαν
637 2387 956 2441 Σεκούνδου.
993 2407 1010 2439 ι

233 2478 498 2546 Αὐρήλιος
529 2478 826 2540 ἐπίσκοπος
873 2479 929 2530 ἐν
962 2479 1111 2549 πάσῃ
1132 2481 1200 2549 τῇ
1240 2479 1444 2549 συνόδῳ
1468 2481 1808 2551 προκαθίσας

231 2571 263 2595 ⁸·
300 2569 665 2638 παρεστώτων
687 2569 795 2621 τῶν
840 2570 1099 2622 διακόνιον
1141 2567 1295 2622 εἶπεν
1317 2587 1333 2601 ·
1379 2589 1398 2622 ι
1435 2572 1606 2637 Λόγου
1637 2573 1804 2626 ἀπαι-

305 2675 326 2710 ι
361 2659 625 2728 τήσαντος
653 2661 685 2727 ἡ
723 2659 971 2727 ὑμετέρα
1002 2661 1301 2729 ἀδελφότης
1334 2663 1485 2730 παρὰ
1539 2663 1638 2729 τῆς
1663 2663 1803 2730 ἐμῆς

306 2769 328 2804 ι
365 2753 722 2822 μετριότητος
749 2755 828 2814 είς
853 2752 1058 2822 ταύτην
1086 2752 1184 2821 τὴν
1213 2752 1428 2805 σύνοδον
1456 2755 1801 2824 προετράπη.

311 2861 330 2894 ι
362 2843 636 2897 Ἔκπαλαι
655 2843 766 2912 γὰρ
803 2844 879 2904 ὡς
900 2843 1169 2913 μέμνηται
1193 2846 1224 2914 ἡ
1253 2844 1489 2913 ὑμετέρα
1507 2845 1807 2911 άγιωσύνη,

307 2952 326 2985 ι
359 2935 580 2988 συνόδου
608 2933 895 3002 λεχθείσης
914 2935 1316 3002 ἀπεστείλαμεν
1357 2933 1622 2998 ἀδελφοὺς
1648 2931 1809 3000 ἡμῶν

312 3045 330 3076 ι
365 3026 502 3094 πρὸς
533 3024 601 3077 τὰ
632 3024 810 3094 πέραν
844 3023 944 3090 τῆς
968 3022 1243 3092 Θαλάσσης
1277 3023 1677 3092 τοποτηρητὰς,
1712 3023 1809 3084 οὒς

307 3137 326 3169 ι
363 3115 532 3186 ἐχρῆν
563 3115 622 3166 ἐν
651 3118 716 3184 τῇ
738 3113 1047 3166 συνελεύσει
1067 3114 1162 3180 τῆς
1191 3114 1462 3182 ὑμετέρας
1493 3112 1808 3179 ἁγιωσύνης

316 3226 333 3257 ι
371 3207 470 3276 τὴν
503 3208 720 3276 κίνησιν
750 3205 1115 3274 διηγήσασθαι
1143 3206 1242 3275 τῆς
1287 3204 1642 3274 ἐξανυθείσης
1671 3221 1805 3274 πρε-

307 3315 325 3348 ι
364 3297 552 3360 σδείας
575 3312 590 3327 ’
625 3297 722 3349 καὶ
745 3295 852 3349 κᾶν
891 3297 951 3347 ἐν
984 3299 1046 3364 τῇ
1073 3295 1293 3365 χθεσινῇ
1332 3295 1516 3366 ἡμέρᾳ
1557 3295 1807 3362 περὶτοῦ

314 3409 332 3438 ι
369 3386 536 3439 αὑτοῦ
568 3387 897 3454 πράγματος
944 3385 1300 3445 καθεσθέντες
1351 3386 1414 3435 ἐκ
1461 3383 1571 3435 τῶν
1606 3382 1809 3450 ἐκκλη-

310 3495 330 3528 ι
371 3475 672 3529 σιαστικῶν
733 3475 1080 3546 πραγμάτων
1146 3472 1422 3541 ἐπιμελῶς
1475 3471 1509 3524 ἃ
1562 3471 1810 3541 ἔπραξαν

311 3585 331 3618 ι
368 3566 836 3635 ἐψηλαφήσαμενσ
871 3568 1022 3635 ὅμως
1055 3569 1255 3636 πρέπει
1282 3569 1519 3636 σήμερον
1556 3568 1656 3635 τὴν
1683 3562 1812 3618 ἀνὰ-

310 3676 334 3710 (
368 3658 594 3726 ζήτησιν
618 3659 716 3726 τῆς
747 3657 1001 3726 χθεσινῆς
1032 3659 1244 3726 ἡμέρας
1268 3661 1379 3719 τοῖς
1433 3657 1813 3726 ἐκκλησιαστι-

312 3766 333 3801 ι
367 3749 484 3810 κοῐς
525 3747 938 3815 πεπραγμένοις
990 3747 1362 3814 ἐμδεὸαιῶσαι
1398 3748 1484 3800 διὰ
1516 3749 1642 3810 τοὺς
1693 3749 1813 3798 ὲπι-

314 3857 332 3892 ι
376 3838 608 3899 σκόπους
651 3836 761 3890 τῶν
804 3836 1084 3906 ἐπαρχιῶν
1133 3838 1234 3905 τῆς
1273 3837 1544 3907 Ἀφρικῆς
1574 3837 1701 3897 τοὺς
1739 3837 1812 3906 μὴ

319 3949 336 3981 ι
375 3927 856 4000 παραγενομένους
899 3929 954 3979 ἐν
980 3928 1045 3996 τῇ
1080 3927 1328 3997 παρούσῃ
1362 3928 1584 3995 συνόδῳ.
1623 3925 1687 3978 Ἦ
1717 3925 1815 3977 τά·

319 4041 336 4072 ι
370 4021 448 4088 Et;
483 4015 577 4072 οὖν
612 4019 832 4072 ἀπαιτεῖ
857 4018 962 4070 τῶν
990 4018 1347 4086 πραγμάτων,
1381 4018 1466 4069 ἵνα
1491 4021 1548 4070 ἐν
1582 4016 1815 4086 πρώτοις

321 4130 338 4161 ι
372 4108 524 4177 πρά
551 4107 659 4160 τῶν
713 4105 979 4174 ἀδελφῶν,
1023 4107 1116 4157 καὶ
1164 4105 1460 4174 συνιερέων
1491 4106 1667 4174 ἡμῶν,
1710 4107 1817 4158 τῶν

318 4218 336 4250 ι
367 4198 506 4267 πρὸς
530 4197 737 4265 ταύτην
764 4196 862 4266 τὴν
908 4195 1126 4248 σύνοδον
1173 4197 1283 4250 εἴτε
1319 4197 1382 4248 ὲκ
1414 4195 1506 4248 τοῦ
1545 4195 1814 4259 Βυζακίου

319 4308 336 4339 ι
375 4290 482 4340 stre
518 4284 626 4339 ἀπὸ
655 4284 1028 4354 Μαυριτανίας
1057 4284 1531 4352 παραγενομένων,
1569 4283 1815 4354 ζητήσω-

312 4395 330 4428 ι
363 4393 501 4445 μιν,
554 4373 670 4434 πῶς
723 4374 1023 4442 συμφέρειν
1086 4371 1412 4441 ψηφίζονται
1449 4376 1513 4442 τῇ
1567 4371 1819 4442 παρούσῃ

1910 1959 1928 1992 ι
1958 1941 2050 2010 qui
2115 1940 2276 2010 legati
2329 1944 2469 1997 ultra
2503 1959 2651 1997 mare
2679 1945 2826 1999 missi
2859 1955 3003 2011 sunt,
3037 1949 3140 2001 sub
3169 1946 3482 2000 clarissimo

1909 2034 2289 2099 «imperatore
2364 2033 2672 2089 Theodosio
2741 2037 3006 2106 Augusto,
3073 2047 3128 2091 et
3184 2037 3482 2090 linmorido

1910 2141 1929 2175 ι
1959 2123 2326 2179 illustrissimo
2352 2126 2592 2188 consule,
2623 2127 2689 2181 A.
2733 2127 2794 2182 D.
2830 2139 3021 2182 octavo
3065 2128 3336 2181 Kalendas
3391 2127 3487 2180 Se-

1911 2233 1930 2264 ι
1965 2215 2251 2283 ptembris,
2285 2215 2613 2287 Carthagine
2644 2220 2694 2273 in
2727 2220 2951 2274 ecclesia
2988 2219 3243 2274 Secundi.
3281 2240 3299 2272 ι

1990 2476 2245 2530 Aurelius
2305 2478 2589 2546 episcopus
2668 2484 2765 2535 toti
2849 2487 3056 2552 synodo
3137 2487 3471 2552 prrcsidens.

1914 2568 2219 2621 astantibus
2274 2569 2513 2623 diaconis
2540 2571 2714 2624 dixit:
2756 2590 2774 2622 ι
2819 2571 3048 2628 Ratione
3090 2577 3361 2644 exigente,
3391 2593 3484 2632 vc-

1911 2673 1931 2706 ε
1964 2664 2073 2708 stra
2114 2655 2428 2710 fraternitas
2481 2672 2510 2710 a
2543 2674 2660 2710 mea
2711 2660 3088 2716 mediocritate
3140 2665 3193 2717 in
3225 2664 3366 2719 hanc
3397 2679 3487 2735 sy-

1914 2763 1932 2796 ι
1964 2746 2160 2798 nodum
2213 2747 2448 2800 deducta
2485 2757 2587 2802 est.
2641 2748 2755 2803 1am
2792 2751 2920 2804 olim
2975 2752 3140 2816 enim,
3200 2763 3259 2806 ut
3307 2764 3487 2808 vestra

1914 2851 1932 2883 ι
1971 2833 2211 2886 meminit
2245 2836 2527 2901 sanctitas,
2581 2836 2760 2890 habita
2822 2841 3027 2908 synodo
3069 2840 3317 2894 misimus
3371 2840 3478 2894 fra-

1916 2940 1933 2972 ι
1973 2932 2082 2975 tres
2113 2931 2327 2977 nostros
2354 2924 2490 2975 ultra
2545 2939 2695 2979 mare
2743 2925 2974 2994 legatos,
3023 2941 3158 2994 quos
3209 2929 3493 2993 oportebat

1916 3031 1934 3063 ι
1976 3014 2026 3066 in
2061 3021 2255 3066 vestra:
2287 3015 2589 3069 sanctitatis
2645 3027 2911 3070 conventu
2941 3015 3235 3084 perfuncta:
3266 3017 3495 3087 legatio-

1920 3121 1937 3152 ι
1977 3104 2060 3156 nis
2090 3117 2431 3172 progressum
2480 3119 2740 3163 narrare:
2797 3123 2918 3159 nam
2977 3107 3075 3160 etsi
3107 3107 3359 3161 hesterno
3405 3109 3495 3161 die

1917 3213 1934 3245 ι
1965 3196 2028 3245 de
2058 3208 2115 3247 re
2147 3197 2332 3248 eadem
2378 3195 2649 3258 sedentes,
2696 3213 2761 3251 ex
2795 3198 2955 3252 rebus
2988 3200 3380 3254 ecclesiasticis
3405 3200 3484 3252 di.

1917 3300 1936 3333 ι
1973 3285 2201 3351 ligenter
2252 3297 2336 3344 ea.
2390 3301 2508 3352 qua:
2557 3284 2817 3347 fecerunt,
2871 3289 3036 3358 626
3096 3289 3488 3343 tractavimus:

1917 3394 1935 3426 ι
1963 3385 2171 3442 oportet
2204 3385 2382 3428 tamen
2414 3375 2572 3430 hodie
2607 3378 2872 3432 hesterna:
2898 3381 3000 3433 diei
3031 3388 3322 3433 tratactnm
3351 3381 3491 3434 actis

1920 3484 1940 3517 ι
1970 3465 2324 3519 ecclesiaticis
2341 3467 2680 3528 confirmare,
2705 3479 2923 3537 propter
2952 3472 3234 3538 episcopos
3271 3472 3490 3538 provin-

1920 3573 1939 3606 ι
1970 3556 2177 3608 ciarum
2212 3553 2407 3610 Africae
2438 3557 2528 3624 qui
2565 3559 2614 3608 in
2672 3559 2926 3625 praesenti
2976 3559 3181 3626 synodo
3211 3572 3316 3612 non
3347 3559 3491 3613 ade-

1921 3665 1938 3698 ι
1973 3656 2116 3698 rant.
2154 3644 2353 3699 Rerum
2388 3647 2566 3714 itaque
2615 3650 2748 3701 ordo
2795 3648 2984 3716 exigit,
3035 3657 3092 3700 ut
3139 3649 3193 3702 in
3245 3649 3490 3716 primisa

1922 3754 1940 3786 ι
1979 3736 2234 3789 fratribus
2262 3746 2315 3789 et
2346 3738 2826 3791 cunsacerdotibns
2864 3739 3086 3800 nostris.
3129 3739 3218 3805 qui
3249 3739 3314 3792 ad
3351 3740 3491 3794 hanc

1922 3845 1940 3877 ι
1972 3827 2258 3895 synodum,
2295 3827 2409 3880 sive
2462 3843 2525 3880 ex
2556 3825 2804 3896 Byzacia,
2835 3830 2943 3882 sive
2970 3845 3032 3883 ex
3058 3829 3373 3883 Mauritania
3401 3844 3493 3882 ac-

1922 3935 1940 3968 ι
1974 3927 2273 3978 cesserunt,
2311 3932 2634 3984 quianamus,
2683 3920 2952 3987 quomodo
2978 3920 3223 3973 conferre
3251 3929 3493 3974 statuunt

1923 4029 1941 4060 ε
1980 4010 2226 4078 praesenti
2264 4010 2486 4076 synodo.
2544 4008 2602 4060 Et
2637 4024 2756 4061 cum
2803 4009 3111 4063 attulissent
3141 4010 3489 4078 Philologius,

1924 4117 1942 4150 ι
1974 4099 2131 4161 Geta,
2161 4097 2550 4159 Vcnnstianns,
2584 4095 2890 4151 Feliciauns
2919 4098 3160 4166 episcopi
3196 4096 3492 4164 Byzaccnaa

1925 4207 1942 4239 ι
1983 4187 2298 4256 provinciae,
2333 4187 2542 4240 litteras
2581 4186 2886 4254 legationis.
2919 4202 3040 4255 qua:
3068 4194 3121 4239 et
3149 4187 3298 4238 lectae
3327 4194 3492 4248 sunt;

1926 4299 1943 4330 ι
1978 4287 2231 4347 praeterea
2260 4291 2436 4330 autem
2470 4292 2592 4330 cum
2642 4277 2953 4330 attulissent
2985 4276 3262 4330 Lucianns
3297 4283 3352 4328 et
3387 4273 3494 4326 Sil-

1927 4390 1946 4421 ε
1985 4385 2173 4431 vanus,
2202 4368 2364 4437 lcgati
2415 4367 2753 4422 Mauritaniae.
2809 4366 3045 4433 regionis
3079 4364 3373 4423 Sitifensis.
3404 4362 3494 4415 lit-

318 4488 338 4522 ι
376 4467 596 4535 συνόδῳ.
628 4465 735 4518 Καὶ
765 4466 1234 4532 προσενεγκάντων
1266 4463 1598 4530 Φιλολογίου,
1652 4464 1806 4526 rem.

1926 4479 1944 4511 ι
1975 4471 2118 4512 teras
2165 4459 2470 4528 legationis.
2520 4472 2705 4522 eaeque
2761 4457 2910 4509 lecta:
2965 4465 3190 4509 essent:
3239 4454 3493 4507 Aurelius

323 4581 339 4612 ι
377 4555 789 4618 Βενουστιανοῦ,
830 4555 1158 4619 Φιλικιανοῦ,
1192 4554 1299 4607 τῶν
1345 4555 1657 4608 ἐπισκόπων
1711 4555 1808 4623 τῆς

322 4668 339 4698 ι
373 4645 678 4714 Βυζακινῆς
707 4643 911 4713 χώρας,
945 4643 1012 4695 τὰ
1047 4644 1346 4712 γράμματα
1381 4646 1480 4710 τῆς
1507 4659 1812 4712 τοποτηρη-

319 4756 336 4787 ι
371 4737 510 4798 σίας,
541 4735 609 4787 τά
635 4736 730 4787 καὶ⁵
757 4731 1193 4800 ἀναγνωσθέντα,
1218 4731 1297 4785 ἔτι
1323 4733 1380 4784 δὲ
1414 4733 1811 4802 προσενεγκόν-

318 4847 335 4878 ι
374 4845 480 4881 των
512 4822 812 4878 Λουκιανοῦ
835 4825 930 4876 καὶ
963 4822 1248 4889 Σιλδανοῦ,
1290 4823 1401 4875 τῶν
1427 4824 1812 4894 τοποτηρητῶν

320 4940 336 4970 ι
367 4919 464 4989 τῆς
522 4915 902 4986 Μαυριτανιας
955 4912 1140 4984 χώρας
1196 4914 1296 4982 τῆς
1347 4914 1690 4982 Σιτιφένσης,
1744 4915 1813 4966 τά

317 5032 334 5061 ι
372 5012 676 5080 γράμματα
704 5007 802 5076 τῆς
853 5005 1278 5075 τοποτηρησίας,
1315 5009 1406 5059 καὶ
1439 5005 1642 5058 τούτων
1682 5008 1814 5058 ἀνα-

319 5122 334 5152 ‹
365 5099 732 5168 γνωσθέντων,
759 5095 1022 5164 Αὐρήλιος
1053 5094 1346 5157 ἐπίσκοπος
1375 5091 1526 5148 εἶπεν
1549 5110 1561 5125 ο
1594 5095 1812 5148 Τούτων

321 5209 337 5240 ι
374 5189 480 5242 τῶν
513 5186 806 5259 ἐγγράφων
832 5185 866 5253 ὴ
893 5183 1008 5252 ὑφὴ
1039 5186 1148 5246 τοῖς
1182 5187 1594 5254 πεπραγμένοις
1622 5185 1816 5249 συζευ-

323 5299 340 5330 σ
377 5280 550 5349 χθείη.
579 5277 714 5344 Περὶ
737 5275 845 5328 τῶν
881 5275 974 5328 τοῦ
1022 5275 1290 5340 Βυζακίου
1343 5278 1654 5329 ἐπισκόπων
1682 5278 1820 5330 Νου-

324 5391 340 5419 ι
377 5370 563 5440 μήδιος
584 5369 880 5429 ἐπίσκοπος
918 5361 1070 5418 εἶπεν
1093 5382 1107 5396 ·
1145 5367 1489 5437 Προσέχομεν
1519 5371 1644 5430 τοὺς
1670 5369 1822 5422 ἁδελ-

327 5481 341 5510 ι
375 5462 500 5528 φοὺς
532 5461 627 5512 καὶ
654 5458 1088 5519 συνεπισκόπους
1113 5457 1300 5527 ἡμῶν,
1348 5461 1473 5522 τοὺς
1504 5461 1605 5528 τῆς
1648 5461 1822 5525 Βυζα-

325 5570 341 5600 ι
376 5549 551 5618 κηνῶν
579 5547 765 5618 χώρας
806 5547 900 5600 καὶ
946 5547 1324 5625 θίαυριτανίας
1370 5549 1710 5620 Σιτιφένσης,
1744 5554 1822 5615 είς

329 5661 343 5690 ι
384 5639 478 5708 τὴν
528 5639 745 5692 σύνοδον
774 5638 1153 5708 τοποτηρητάς
1183 5639 1537 5693 ἀποστειλαι·
1584 5641 1678 5694 νῦν
1727 5642 1820 5712 ζη-

325 5753 340 5783 ι
383 5732 648 5797 τήσωμεν,
669 5730 766 5783 ἐὰν
792 5730 1274 5800 τοποτηρηταὶτῆς
1302 5727 1616 5805 Νουμηδίας
1651 5752 1821 5806 παρε-

1921 4569 1938 4601 σ
1970 4551 2254 4618 episcopus
2278 4550 2410 4602 dixit
2440 4565 2452 4600 :
2481 4547 2680 4601 [lorum
2704 4551 3023 4614 scriptorum
3052 4556 3334 4600 contextus
3355 4545 3494 4598 actis

1919 4658 1937 4691 ι
1969 4639 2343 4706 conjungatur.
2374 4639 2445 4693 De
2477 4639 2684 4708 Byzacii
2715 4638 2981 4706 episcopis
3007 4636 3269 4690 Nimidius
3287 4636 3499 4705 episco-

1921 4750 1938 4783 ι
1974 4745 2070 4798 pus
2092 4730 2220 4784 dixit
2251 4747 2264 4782 :
2294 4728 2785 4783 Animadvertimus
2807 4729 3104 4782 confratres
3123 4737 3174 4780 et
3215 4729 3496 4795 coepisco-

1923 4833 1942 4866 ι
1972 4830 2064 4884 pos
2083 4825 2293 4870 nostros
2322 4814 2713 4885 Byzacenorutn
2737 4816 3028 4884 provincia:
3073 4825 3126 4868 et
3158 4815 3495 4868 Mauritanire

1924 4909 2247 4963 «Sitifensis
2303 4909 2367 4960 ad
2421 4909 2681 4976 synodum
2747 4907 2947 4976 legatos
3036 4907 3293 4962 misisse:
3356 4921 3494 4958 nunc

1925 5019 1942 5050 ι
1983 5014 2284 5069 quaeramus
2311 5015 2376 5051 an
2406 4999 2560 5069 legati
2590 4996 2852 5051 Numidiae
2882 5007 3247 5061 accesserunt,
3269 4997 3352 5050 vel
3373 4996 3496 5049 Tri-

1925 5110 1942 5142 ι
1977 5093 2226 5158 petitante
2289 5091 2497 5144 scilicet
2531 5091 2783 5159 regionis,
2837 5089 2919 5142 vel
2952 5090 3111 5142 etiam
3175 5089 3498 5145 Cesariana:

1928 5202 1944 5234 ι
1979 5182 2333 5237 Mauritaniae.
2357 5180 2430 5236 De
2457 5181 2794 5234 Mauritaniae
2820 5177 3088 5233 Sitifensis
3109 5178 3373 5244 episc0pis
3395 5175 3503 5229 Lu-

1931 5293 1948 5324 c
1986 5274 2176 5326 cianus
2206 5281 2258 5326 et
2291 5270 2560 5341 Sylvanus
2589 5270 2826 5339 episcopi
2858 5267 3194 5323 Mauritaniae
3227 5267 3500 5322 Sitifensis

1929 5381 1946 5414 ι
1985 5363 2223 5433 regionis
2256 5363 2418 5430 legati
2447 5362 2693 5416 dixerunt
2722 5377 2735 5412 :
2773 5359 2906 5414 Sero
2931 5363 2994 5414 ad
3055 5360 3249 5413 fratres
3283 5369 3497 5412 nostros

1929 5475 1947 5506 σ
1980 5455 2299 5509 Caesariana)
2352 5453 2607 5524 synodica
2649 5452 2874 5521 cpistola
2912 5451 3175 5521 pervenit,
3208 5462 3498 5520 postquam

1933 5565 1950 5598 ι
1984 5547 2058 5600 illi
2089 5545 2302 5600 venturi
2329 5552 2528 5608 erant;
2581 5543 2806 5597 omnino
2851 5553 3028 5597 tamen
3061 5543 3316 5596 venient:
3352 5549 3404 5591 et
3435 5540 3502 5593 de

1932 5656 1950 5687 ι
1984 5653 2169 5691 corum
2202 5638 2396 5693 animis
2444 5639 2790 5702 conﬁdimus,
2843 5638 2985 5708 quod
3020 5639 3066 5695 si
3101 5639 3228 5706 quid
3265 5650 3501 5705 unquam

1934 5749 1950 5780 ‹
1985 5730 2036 5784 in
2071 5729 2171 5786 bac
2207 5730 2412 5800 synodo
2461 5731 2571 5794 lict,
2607 5731 2708 5787 insi
2739 5745 2952 5786 auoaue
2981 5729 3099 5785 sine
3135 5726 3296 5782 dubio
3324 5741 3504 5781 assem
