4000 6440
490 358 595 418 323

565 486 584 516 ι
617 471 750 528 nuit,
779 472 835 518 ut
889 463 955 518 iis
988 463 1150 519 etiam
1176 463 1242 528 “,
1302 461 1391 529 qui
1449 459 1635 514 nolunt
1699 460 1801 512 dici
1866 459 2062 511 fratres
2094 464 2140 517 Α

561 574 580 605 ι
615 554 782 609 nostri
809 555 1089 611 dicamus:
1121 554 1341 608 Fratres
1372 552 1538 605 nostri
1569 552 1725 606 estis.
1758 548 1907 603 Hanc
1929 562 2057 618 ergo

555 661 572 694 ι
606 653 846 698 nostram
874 659 939 697 ex
977 643 1199 711 paciﬁca
1249 641 1538 695 dilectione
1570 640 1635 692 ad
1669 654 1763 692 vos
1815 638 2059 707 proficis-

566 751 584 782 ι
616 742 825 786 centem
881 734 1304 786 admonitionem
1354 744 1451 797 pro
1500 728 1672 781 nihilo
1725 727 1922 780 ducere
1949 740 2056 778 non

569 841 587 872 ι
619 822 863 887 debetis;
918 830 970 875 ut
1002 824 1044 875 si
1083 823 1208 889 quid
1241 836 1336 874 nos
1363 820 1608 873 veritatis
1638 817 1837 871 habere
1865 814 2057 869 existi-

566 931 584 961 ι
617 914 799 975 matis,
830 913 881 965 id
915 928 1155 966 asserere
1184 914 1271 965 'ne
1302 910 1554 965 dubitetis
1584 928 1596 964 :
1651 910 1701 961 id
1737 918 1841 967 est,
1890 914 1948 959 ut
1970 922 2061 959 ve-

563 1022 580 1052 ι
616 1012 726 1056 stra
759 1012 941 1056 coactu
997 1004 1203 1070 synodo
1246 1002 1458 1069 eligatis
1487 1015 1552 1053 ex
1586 998 1737 1051 Vobis
1765 997 1913 1064 ipsis,
1944 996 2063 1064 qui-

573 1111 589 1141 :
624 1094 724 1145 bus
748 1101 937 1145 vestra!
966 1091 1233 1153 ejusmodi
1260 1104 1435 1144 causae
1468 1088 1755 1156 probandi:
1790 1086 2059 1154 negotium
2156 1122 2161 1123 ν

565 1200 582 1231 ι
613 1183 877 1234 committi
929 1182 1158 1243 debeat;
1216 1189 1273 1232 ut
1320 1195 1417 1232 nos
1466 1194 1685 1245 quoque
1737 1178 1838 1230 hoc
1886 1178 2057 1242 ipsum

568 1292 584 1320 ε
620 1274 797 1323 facere
830 1272 1100 1338 possimus
1130 1279 1183 1323 et
1228 1284 1292 1323 ex
1330 1281 1511 1322 nostra
1542 1270 1748 1337 synodo
1773 1268 2058 1334 eligantur,

567 1381 584 1411 ‹
613 1362 701 1428 qni
735 1362 931 1414 debent
960 1376 1081 1414 cum
1133 1362 1218 1423 iis,
1253 1362 1344 1428 qui
1378 1374 1440 1413 ex
1477 1360 1629 1412 vobis
1653 1358 1805 1411 electi
1842 1358 2063 1421 fuerint,

572 1468 587 1497 ι
630 1459 831 1504 statuto
877 1448 994 1502 loco
1023 1459 1076 1503 et
1130 1458 1393 1516 tempore,
1443 1449 1699 1517 quidquid
1750 1463 1812 1501 ex
1843 1459 2062 1501 contro-

563 1558 580 1591 ι
615 1542 825 1604 versiaz,
874 1542 1013 1609 quod
1067 1550 1308 1596 nostram
1359 1555 1388 1594 a
1421 1540 1571 1593 vobis
1622 1539 2060 1593 communionem

574 1650 591 1679 ι
625 1641 859 1698 separat,
914 1631 1135 1697 pacifiee
1184 1631 1522 1693 examinari;
1579 1637 1633 1682 et
1696 1630 1909 1683 tandem
1965 1629 2063 1679 ali-

565 1739 582 1767 «
619 1722 834 1787 quando
856 1721 1055 1773 auxilio
1087 1720 1293 1772 Domini
1316 1721 1406 1773 Dei
1429 1721 1595 1773 nostri
1625 1722 1877 1786 antiquus
1912 1734 2065 1771 error

513 1836 517 1845 η
564 1828 581 1857 ι
620 1809 775 1861 linem
836 1810 1085 1878 accipiat,
1135 1824 1204 1863 ne
1260 1810 1445 1877 utique
1514 1822 1732 1877 propter
1782 1808 2057 1861 hominum
2100 1786 2138 1839 Β

564 1920 580 1948 ι
616 1900 1017 1966 persuasionem
1049 1900 1331 1953 imbecillze
1378 1900 1571 1953 animm
1598 1912 1651 1953 et
1703 1900 1936 1968 imperiti
1985 1914 2066 1967 po-

573 2009 590 2038 ι
625 1990 729 2056 puli
783 1991 1041 2057 sacrilega
1097 1991 1274 2057 aliqua
1329 1993 1668 2058 separatione
1718 1999 1963 2058 pereant.
2013 1988 2069 2041 Si

577 2101 595 2130 ι
630 2082 730 2134 hoc
774 2080 914 2132 cnim
968 2080 1203 2134 fraterne
1252 2082 1598 2145 admiseritis,
1658 2082 1862 2135 veritas
1912 2080 2073 2132 facile

574 2192 589 2220 ι
624 2172 944 2240 apparebit:
994 2172 1074 2225 sin
1126 2171 1177 2223 id
1210 2171 1390 2226 facere
1439 2172 1741 2234 nolueritis,
1786 2169 2073 2223 infidelitas

579 2282 595 2313 ι
632 2274 805 2317 vestra
829 2262 1010 2314 statim
1040 2271 1415 2328 cognoscetur.
1445 2262 1509 2316 Et
1536 2278 1657 2315 cum
1688 2262 1907 2315 recitata
1931 2269 2074 2314 esset

585 2373 600 2400 ι
637 2354 749 2405 [nec
789 2351 982 2412 forma,
1018 2350 1084 2403 ab
1114 2351 1367 2404 omnibus
1418 2352 1685 2419 episcopis
1717 2351 1915 2404 dictum
1948 2359 2071 2405 est:

578 2461 593 2489 ι
628 2440 735 2493 lloc
772 2440 927 2492 valde
955 2440 1166 2506 placet.
1199 2441 1308 2493 fiet.
1347 2440 1409 2492 Et
1440 2443 1875 2507 subscripserunt
1906 2457 1919 2492 :
1958 2440 2071 2492 Au-

585 2550 601 2578 ‹
644 2529 806 2582 relius
840 2531 1128 2597 episcopus
1160 2529 1600 2598 Carthaginiensis
1628 2530 1889 2592 ecclesia,
1929 2546 2069 2598 pra:-

582 2639 598 2669 ι
629 2621 769 2672 senti
799 2620 1012 2673 decreto
1041 2622 1284 2672 consensi
1315 2632 1369 2672 et
1403 2621 1538 2674 lecto
1567 2621 1884 2688 subscripsi.
1909 2621 2072 2675 Simi-

587 2728 603 2757 ι
641 2709 759 2762 liter
796 2719 847 2763 et
899 2698 1090 2777 reliqui
1124 2710 1360 2776 episcopi
1394 2711 1853 2778 subscripserunt.
1888 2731 1909 2760 ι

585 3275 602 3306 ι
634 3254 755 3310 llmc
801 3254 1034 3323 synodus
1087 3256 1347 3309 adversus
1405 3255 1711 3312 Donatistas
1760 3259 1968 3327 legatos
2014 3262 2080 3314 ad

517 3367 532 3395 ι
568 3349 916 3415 imperatores
955 3346 1101 3399 misit
1130 3364 1143 3398 :
1176 3347 1478 3402 clarissimo
1507 3349 1813 3418 imperatori
1849 3349 2083 3406 Honorio

517 3452 534 3483 ι
568 3437 806 3503 Augusto
862 3445 1070 3488 sextum
1123 3437 1331 3489 consuli
1379 3438 1444 3491 Α.
1503 3439 1559 3491 D.
1618 3443 1770 3493 sexto
1820 3440 2085 3494 Kalendas

518 3541 537 3573 ι
567 3523 738 3578 Julias
769 3526 1114 3593 Carthagine;
1150 3526 1203 3577 in
1238 3528 1469 3581 ecclesia
1522 3529 1760 3583 Basilica;
1793 3532 2080 3584 Secundae.

516 3636 532 3665 ‹
569 3619 622 3667 In
658 3617 761 3668 hac
798 3618 1004 3684 synodo
1037 3616 1363 3685 legationem
1414 3630 1771 3687 susceperunt
1824 3620 2083 3674 Theasius

517 3726 535 3757 ι
568 3704 879 3760 etEvodius
908 3705 1165 3759 adversus
1216 3706 1543 3772 Donatistas,
1599 3708 1658 3761 In
1722 3724 1825 3778 qua
1876 3712 2085 3779 synodo

518 3817 537 3848 ι
574 3798 930 3864 compositum
962 3806 1045 3849 cst
1076 3798 1578 3852 commonitorium.
1602 3816 1620 3848 ι

588 4079 773 4133 BALS.
811 4080 919 4133 Nec
942 4095 1028 4144 ea,
1057 4095 1175 4149 qua!
1197 4090 1323 4134 sunt
1347 4081 1397 4134 in
1424 4086 1671 4150 praesenti
1709 4083 2082 4153 collocutinao;

520 4171 956 4237 interpretatione
984 4171 1241 4239 indigent.
1269 4171 1342 4225 De
1374 4170 1667 4227 Donatistis
1695 4175 1840 4226 enim
1874 4177 2083 4242 specia-

517 4264 617 4313 tim
654 4271 796 4313 sum.

595 4349 844 4404 ZONAR.
880 4350 1209 4404 Postulatmn
1260 4359 1360 4415 est,
1395 4363 1452 4405 ut
1502 4366 1586 4416 ea,
1623 4369 1740 4421 quae
1768 4370 1862 4420 per
1890 4356 2087 4422 legatos

527 4441 819 4495 Donatistis
843 4450 998 4493 erant
1026 4442 1406 4505 denuntianda,
1431 4443 1480 4494 in
1514 4445 1716 4509 synodo
1747 4446 2084 4510 legerentur;

522 4548 642 4599 quae
676 4534 892 4599 quidem
924 4542 1082 4599 prout
1112 4548 1140 4584 a
1172 4532 1360 4600 legatis
1414 4535 1706 4602 proposita,
1742 4542 1899 4589 erant
1945 4538 2087 4605 ejus-

527 4622 686 4679 modi.
719 4621 798 4675 Ad
835 4637 927 4675 vos
956 4623 1201 4691 inquiunt
1235 4625 1561 4688 authentice,
1616 4625 1717 4677 hoc
1747 4636 1848 4690 est,
1902 4637 2087 4680 aucto-

526 4711 681 4763 ritate
713 4724 743 4763 «ι
778 4711 979 4779 synodo
1024 4724 1266 4779 accepta,
1318 4714 1709 4779 proficiscimur
1760 4730 1853 4767 vos
1887 4732 2089 4771 conve-

522 4800 644 4852 nire
677 4800 973 4867 cupientes,
1005 4810 1062 4853 ut
1115 4800 1180 4854 de
1211 4813 1387 4855 Vestra
1419 4805 1795 4858 emendatione
1824 4804 2085 4859 laetatiiur.

524 4887 742 4943 Scimus
772 4905 1001 4960 namque
1035 4892 1220 4945 beatos
1252 4893 1461 4949 Domini
1513 4908 1662 4958 voce,
1719 4897 1865 4962 pacis
1913 4898 2089 4950 cousi-

526 4978 745 5031 liatorcs
782 4980 1067 5035 nominari.
1124 4981 1188 5033 Et
1238 4985 1482 5049 quamvis
1534 4984 1728 5039 fratres
1785 4987 1955 5041 nostri
1988 4988 2090 5041 dici

526 5067 733 5132 nolitis,
767 5085 796 5121 a
829 5069 987 5124 nobis
1037 5084 1391 5138 separantes;
1441 5071 1639 5128 fratres
1673 5076 1770 5142 ipsi
1826 5077 2094 5130 nihilomi-

530 5171 631 5209 nus
663 5174 755 5212 vus
788 5160 1139 5228 appellamus.
1194 5163 1553 5227 Quamobrem
1609 5175 1845 5218 nostram
1895 5167 2031 5219 hanc
2063 5183 2091 5219 a

530 5248 814 5303 dilectione
844 5252 1133 5317 profeczam
1170 5254 1609 5319 admonitionem,
1661 5271 1764 5323 qua
1797 5256 2000 5309 scilicet
2034 5271 2093 5309 ea

536 5338 589 5391 in
618 5340 1038 5408 quibusdecepti
1062 5344 1211 5404 estis,
1243 5348 1511 5401 meritoria:
1538 5357 1726 5399 vestrae
1758 5348 2093 5415 subjicimus,

538 5442 604 5481 ne
636 5430 997 5496 comemnite;
1048 5448 1229 5487 verum
1266 5436 1366 5487 sia
1414 5435 1565 5489 vobis
1614 5446 1757 5491 stare
1811 5439 2091 5490 veritatem

539 5519 851 5587 intelligitis:
885 5522 999 5588 ejus
1049 5538 1143 5577 vos
1174 5540 1387 5595 quoque
1438 5538 1730 5581 sectatores
1782 5543 1843 5581 ac
1897 5543 2091 5595 propu-

623 5689 687 5727 ’δδ
726 5697 917 5751 Matth.
946 5714 995 5759 v,
1035 5698 1085 5750 7.

1750 347 2027 409 ΤΠΕΟῙ).
2078 341 2482 405 BALSAMON

2246 474 2261 503 ι
2303 452 2541 513 Οώσεως.
2592 450 2964 517 Ἐπιστάμεθα
3019 450 3128 519 γὰρ
3206 452 3305 519 τὴν
3365 449 3597 516 ἀγάπην
3647 450 3751 501 τοῦ

2247 561 2264 591 ι
2302 541 2506 608 Κυρίου
2542 538 2789 599 είπόντος
2815 552 2830 567 ⁶
2893 555 2910 587 ι
2940 539 3214 606 Μακάριοι
3270 540 3319 591 οί
3382 538 3751 606 είρηνοποιοῖ,

2250 652 2266 679 ι
2309 632 2389 684 ὅτι
2422 630 2697 681 αὐτοὶυίοὶ
2718 628 2852 680 Θεοῦ
2874 629 3284 697 κληθήσονται.»
3348 629 3667 695 ’Υπέμνησε
3694 626 3755 678 δὲ

2243 744 2259 774 ι
2302 726 2391 774 καὶ
2421 723 2509 774 διὰ
2575 721 2669 774 τοῦ
2700 723 3003 790 προφήτου,
3050 721 3190 773 ὥστε
3234 722 3315 772 ἔτι
3348 721 3457 790 μὴν
3490 722 3585 774 καὶ
3634 721 3757 780 τοῖς

2244 831 2263 862 ι
2306 812 2380 881 μὴ
2407 811 2752 879 βουλομένοις
2781 810 3033 876 λέγεσθαι
3061 809 3313 877 ἀδελφοῖς
3350 810 3533 879 ἡμῶν,
3566 808 3758 873 λέγειν

2246 923 2263 952 ι
2306 904 2468 972 ἡμᾶς,
2502 921 2519 952 ι
2549 902 2767 969 ἀδελφοὶ
2798 902 2956 969 ἡμῶν
2984 902 3161 954 ὲστε.»
3199 900 3424 969 Ταύτην
3446 901 3631 953 τοίνυν
3654 898 3762 965 τὴν

2246 1012 2264 1043 ι
2325 993 2384 1056 ἐξ
2409 995 2629 1058 ἀγάπης
2658 994 2939 1060 εἰρηνικῆς
2962 992 3265 1061 ἐρχομένην
3289 991 3763 1060 ήμετέρανὰνάμ-

2262 1101 2279 1131 ι
2317 1101 2469 1150 νησιν
2495 1082 2842 1148 ἑξουθενῆσαι
2864 1082 2961 1131 οὐκ
2981 1083 3246 1147 ὀφείλετε,
3279 1082 3383 1138 ῖνα.
3414 1084 3510 1133 sitv
3535 1083 3589 1131 τί
3618 1094 3762 1131 ποτε

2266 1194 2281 1223 ι
2320 1172 2571 1241 ἀληθείας
2590 1172 2733 1240 ἔχειν
2750 1173 2896 1239 ἡμᾶς
2918 1169 3125 1238 οἴησθε,
3142 1170 3525 1225 ἀντιλαϐέσθαι
3557 1170 3761 1221 τούτου

2247 1284 2266 1315 ι
2307 1267 2381 1333 μὴ
2400 1263 2743 1331 άμφιὸάὶητε
2764 1279 2776 1292 ο
2796 1260 2889 1313 τοῦ
2901 1260 2942 1311 τ’
2960 1262 3127 1323 ἐστιν,
3148 1262 3230 1312 ἵνα
3255 1260 3767 1329 συναχθείσηςξσυνι-

2251 1379 2269 1409 ι
2310 1359 2429 1410 όδου
2485 1355 2637 1421 ὑμῶν
2676 1353 3013 1418 ὲπιλέξοισθε
3081 1354 3142 1416 ἐξ
3190 1353 3344 1420 ὑμῶν
3381 1352 3562 1405 αὐτῶν
3624 1353 3765 1413 τοὺς

2254 1467 2271 1498 ι
2309 1446 2627 1511 ὀφείλοντας
2648 1446 2708 1495 τὸ
2734 1446 2965 1513 πρᾶγμα
2982 1443 3414 1510 ὲμπιστευθῆναι
3440 1444 3543 1509 τῆς
3559 1442 3765 1497 τοιαύο

2250 1558 2266 1588 ι
2307 1556 2405 1606 της
2439 1538 2592 1605 ὐμῶν
2625 1537 3021 1603 δικαιολογίας·
3051 1539 3201 1598 ὅπως
3228 1538 3324 1589 καὶ
3372 1538 3534 1604 ἡμεῖς
3586 1537 3764 1603 δυνη-

2253 1650 2270 1680 ι
2311 1631 2493 1698 Θῶμεν
2534 1630 2595 1681 τὸ
2645 1631 2775 1681 αὐτὸ
2834 1630 3092 1698 ποιῆσαι·
3158 1628 3303 1681 τοῦτ’
3356 1629 3504 1681 ἔστιν
3560 1629 3650 1681 ἵνα
3693 1628 3765 1679 ἐκ

2252 1744 2268 1773 ι
2305 1724 2401 1792 τῆς
2427 1723 2708 1792 ἡμετέρας
2737 1722 2957 1773 συνόδου
3002 1722 3331 1787 ὲπιλεγῶσιν
3360 1725 3409 1773 οἱ
3442 1723 3764 1787 ὀφείλοντες

2246 1833 2263 1863 ι
2307 1815 2444 1881 μετὰ
2476 1812 2583 1864 τῶν
2613 1812 2677 1874 ἐξ
2735 1812 2888 1880 ὐμῶν
2933 1810 3295 1877 ἑπιλεγέντων
3349 1813 3407 1863 ὲν
3458 1810 3764 1880 ὡρισμένῳ

2250 1925 2267 1955 ι
2306 1908 2456 1975 τόπῳ
2479 1906 2574 1957 καὶ
2603 1904 2783 1972 καιρῷ
2814 1905 2924 1954 πάν
2957 1902 3016 1954 τὸ
3037 1902 3134 1970 τῆς
3164 1900 3448 1970 ζητήσεως
3469 1904 3765 1969 ἐχόμενον,

2246 2016 2263 2045 ι
2304 1998 2365 2049 τὸ
2394 1998 2489 2065 τὴν
2522 1996 2798 2064 ἡμετέραν
2824 1994 2917 2062 ἀφ’
2952 1994 3107 2062 ὐμῶν
3142 1994 3429 2045 κοινωνίαν
3491 1993 3760 2063 χωρίζον,

2250 2109 2266 2138 ι
2306 2089 2595 2159 εἰρηνικῶς
2619 2088 2871 2151 ἐξετάσαι
2890 2103 2905 2117 ·
2926 2089 3021 2140 καὶ
3042 2089 3146 2139 κάν
3171 2087 3269 2154 ὀιζιέ
3290 2103 3417 2138 ποτε
3435 2088 3502 2155 τῇ
3533 2087 3768 2156 βοηθείᾳ

2249 2198 2266 2229 ι
2307 2180 2400 2232 τοῦ
2437 2181 2642 2249 Κυρίου
2696 2179 2790 2232 τοῦ
2823 2179 2959 2231 Θεοῦ
2999 2180 3154 2247 ἡμῶν
3181 2179 3331 2239 τέλος
3361 2179 3395 2245 ἡ
3428 2178 3633 2229 παλαιὰ
3670 2178 3766 2230 δέ-

2251 2287 2265 2315 ι
2307 2266 2464 2333 ξηται
2499 2268 2697 2334 πλάνη,
2770 2269 2980 2337 μήποτε
3035 2267 3123 2318 διὰ
3176 2270 3383 2335 πεῖσμα
3448 2266 3766 2334 ἀνθρώπων

2254 2377 2271 2409 ι
2311 2358 2557 2418 ἀσθενεῖς
2590 2357 2765 2425 ψυχαὶ
2802 2359 2895 2409 καὶ
2924 2357 3141 2425 ἄπειροι
3181 2356 3304 2409 λαοὶ
3341 2356 3612 2425 ἱεροσύλῳ
3646 2358 3765 2409 τινὶ

2250 2446 2514 2517 χωρισμῷ
2545 2447 2888 2498 ἀπόλωνται.
2935 2448 3063 2499 Ἐἀν
3120 2446 3227 2514 γάρ
3262 2447 3418 2499 τοῦτο
3452 2446 3765 2515 ἀδελφικιῖκ

2254 2561 2272 2590 ι
2313 2540 2700 2607 καταδέξησθε,
2727 2539 2966 2608 εὐχερῶς
2990 2542 3021 2608 ἡ
3046 2539 3271 2608 ἀλήθεια
3325 2540 3762 2607 διαφανήσεταιο

2257 2656 2273 2681 ι
2313 2633 2437 2683 είδὲ
2463 2632 2617 2686 τοῦτο
2664 2633 2891 2697 ποιῆσαι
2952 2630 3026 2699 μὴ
3080 2630 3369 2698 θελήσητε,
3431 2633 3462 2697 ἡ
3526 2630 3765 2682 ἀπιστία

2252 2743 2270 2774 ι
2308 2724 2459 2791 ὑμῶν
2487 2722 2686 2783 εὐθέως
2726 2721 3184 2790 γνωρισθήσεται.
3211 2723 3321 2773 Καὶ
3380 2720 3763 2789 ἀναγνωσθει-

2256 2834 2271 2864 ι
2314 2831 2402 2875 τος
2431 2813 2524 2864 τοῦ
2558 2813 2799 2865 τοιούτου
2832 2812 3029 2873 τύπου,
3074 2811 3179 2863 ἀπο
3207 2812 3427 2863 πάντων
3478 2814 3587 2864 τῶν
3636 2814 3767 2865 επις

2256 2924 2272 2953 ι
2315 2905 2535 2956 σκόπων
2552 2903 2744 2971 ἐλέχθη
2770 2917 2781 2929 ⁸
2813 2902 2960 2953 Πάνυ
2983 2901 3211 2971 ἀρέσκει
3234 2916 3246 2931 '
3266 2901 3421 2953 τοῦτο
3443 2904 3764 2967 γενήσεται,

2259 3021 2274 3048 ι
2318 2997 2425 3049 Καὶ
2461 2993 2803 3063 ὑπέγραψαν.
2837 2992 3103 3059 Αὐρήλιος
3127 2991 3424 3051 ἐπίσκοπος
3454 2994 3554 3061 τῆς
3603 2994 3764 3060 Καρ-

2262 3109 2278 3140 ι
2320 3087 2556 3157 χηδόνων
2632 3084 2928 3152 ἐκκλησίας
2992 3082 3070 3151 τῷ
3156 3083 3383 3150 παρόντι
3445 3084 3767 3151 ψηφίσματι

2264 3199 2281 3228 ι
2326 3178 2607 3245 συνῄνεσα,
2674 3173 2770 3224 καὶ
2838 3172 3366 3239 παραναγνωσθέντι
3430 3173 3761 3241 ὑπέγραψα.

2264 3289 2279 3317 ι
2334 3267 2568 3337 Ὁμοίως
2602 3266 2695 3317 καὶ
2732 3264 2780 3316 oi
2823 3263 3003 3314 λοιποὶ
3032 3262 3323 3314 ἐπίσκοποι
3359 3263 3709 3331 ὑπέγραψαν.
3744 3283 3763 3314 ι

2258 3344 2404 3427 Λύτη
2439 3360 2472 3425 ἡ
2503 3357 2718 3418 σύνοδος
2742 3356 2882 3408 κατὰ
2903 3355 3010 3405 τῶν
3043 3355 3379 3408 Δονατιστῶν
3417 3356 3772 3423 πρεσϐευτὰς

2193 3453 2325 3519 πρὸς
2363 3452 2486 3509 τοὺς
2525 3446 2934 3516 αὐτοκράτορας
2958 3445 3249 3499 ἀπέστειλε
3292 3446 3371 3512 τῷ
3432 3446 3773 3516 ἐνδοξοτάτῳ

2190 3542 2399 3612 βασιλεῖ
2436 3537 2681 3605 Ὀνωρίῳ
2717 3535 3010 3602 Αὐγούστῳ
3036 3537 3111 3605 τῷ
3144 3536 3290 3605 ἕκτῳ
3320 3536 3516 3605 ὑπάτῳ
3549 3541 3615 3604 τῇ
3660 3539 3773 3605 πρὸ

2189 3633 2246 3697 ἐξ
2284 3627 2574 3681 Καλανδῶν
2603 3626 2838 3678 Ἰουλίων
2870 3626 2927 3677 ὲν
2962 3626 3268 3696 Καρχηδόνι
3296 3628 3376 3685 εἷς
3402 3629 3503 3696 τὴν
3568 3629 3775 3697 ἐκκλη-

2188 3725 2309 3775 σίαν
2339 3724 2437 3789 τῆς
2469 3717 2752 3788 βασιλικῆς
2786 3717 3111 3780 Σεκούνδης.
3160 3718 3247 3768 Ἐν
3269 3717 3440 3786 ταύτῃ
3468 3720 3535 3787 τῇ
3562 3719 3773 3789 συνόδῳ

2193 3810 2607 3879 τοποτηρησίαν
2639 3808 2961 3871 ἀνεδέξαντο
2994 3808 3221 3869 Θεάσιος
3247 3808 3342 3861 καὶ
3372 3808 3591 3870 Εὐόδιος
3622 3813 3772 3863 κατά

2187 3903 2296 3954 τῶν
2326 3898 2692 3952 Δονατιστῶν.
2744 3898 2833 3949 Ἐν
2928 3899 3132 3966 συνόδῳ
3185 3899 3492 3967 συνετάχθη
3551 3917 3772 3969 κομμο-

2188 3994 2441 4060 νιτόριον.

2257 4084 2452 4134 ΒΑΔΣ.
2485 4081 2623 4133 Οὐτε
2644 4081 2713 4131 τὰ
2754 4083 2811 4131 ἐν
2844 4083 2910 4147 τῇ
2941 4080 3195 4151 παρούσῃ
3246 4080 3435 4150 ὁμιλία
3464 4083 3771 4152 ἑρμηνείας

2189 4176 2425 4227 δέονται.
2460 4174 2626 4226 ἰδικά
2657 4173 2761 4239 γάρ
2793 4174 2898 4223 είσι
2947 4172 3077 4242 περὶ
3112 4172 3477 4224 Δονατιστῶν.

2264 4348 2507 4400 ΖΩΝΑΡ.
2554 4344 2828 4414 Ἑξῃτήθη
2880 4343 3299 4412 ἀναγνωσθῆναι
3348 4346 3415 4412 τῇ
3447 4344 3673 4413 συνόδῳ,
3737 4347 3776 4399 ἃ.

2196 4438 2565 4505 ὲνετάλοησαν
2605 4437 2780 4497 εἰπεῖν
2809 4435 2857 4486 οί
2898 4433 3297 4495 ἀποσταλέντες
3346 4434 3481 4502 πρὸς
3524 4436 3649 4495 τοὺς
3670 4438 3775 4488 Ag-

2195 4527 2476 4588 νατιστάς.
2519 4525 2601 4576 Τὰ
2628 4525 2683 4575 δὲ
2710 4519 2849 4592 ἦσαν
2873 4521 3118 4584 τοιαῦτα,
3153 4521 3227 4584 ὡς
3258 4521 3367 4574 ἀπὸ
3416 4521 3527 4574 τῶν
3580 4539 3763 4593 πρεσ-

2193 4620 2358 4671 ϐειῶν
2379 4619 2671 4686 λεγόμενα,
2705 4618 2786 4669 ὅτι
2821 4614 3203 4683 Συνερχόμεθα
3238 4616 3365 4683 ὑμῖν
3403 4613 3772 4679 αὐθεντικῶς,

2195 4715 2362 4782 ἤγουν
2400 4709 2643 4773 ἐξουσίας
2685 4706 2949 4767 λαὸόντες
2977 4704 3128 4774 παρά
3163 4706 3259 4771 τῆς
3292 4704 3540 4767 συνόδου,
3592 4721 3775 4773 προσ-

2193 4803 2451 4871 ομιλῆσαι
2485 4802 2614 4867 ὐμῖν
2646 4794 3063 4865 ἐπιθυμοῦντες,
3110 4796 3345 4864 χαρῆναι
3379 4796 3473 4846 ἐπὶ
3511 4798 3580 4865 τῇ
3630 4796 3779 4864 διορ-

2194 4892 2357 4945 θώσει
2386 4890 2560 4959 ὑμῶν.
2600 4888 2837 4955 Οἴδαμεν
2868 4887 2977 4955 γὰρ
3004 4884 3093 4936 τὸν
3129 4884 3333 4952 Κύριον
3387 4883 3773 4952 μακαρίζοντα

2194 4984 2321 5043 τοὺς
2352 4978 2747 5049 εἰρηνοποιοὺς,
2787 4977 2880 5027 καὶ
2913 4975 2987 5044 μὴ
3022 4974 3272 5036 θέλοντας
3302 4974 3446 5041 ὑμᾶς
3469 4974 3765 5026 καλεῖσθαι

2198 5074 2460 5140 ἀδελφοὺς
2497 5071 2676 5139 ἡμῶν,
2703 5069 2815 5120 ἀλλ’
2840 5067 3234 5137 ἀποσχίζοντας
3264 5067 3360 5133 ἀφ’
3396 5066 3580 5135 ἡμῶν,
3609 5068 3773 5136 ἡμεῖς

2197 5166 2432 5233 λέγομεν
2470 5164 2551 5215 ὅτι
2574 5161 2794 5228 ἀδελφοὶ
2843 5160 3000 5229 ἡμῶν
3043 5160 3189 5211 ἐστε.
3243 5159 3335 5209 Διὸ
3378 5157 3455 5227 μὴ
3488 5157 3777 5226 ἐξουθενή-

2204 5273 2333 5325 σητε
2369 5255 2469 5323 τὴν
2520 5253 2579 5316 ea
2632 5254 2853 5319 ἀγάπης
2907 5250 3189 5320 εἰρηνικὴν
3232 5248 3547 5315 ἀνάμνησιν
3592 5248 3774 5317 ἡμῶν,

2202 5345 2482 5399 τουτέστιν
2513 5341 3103 5410 ὃτιάναμιμνήσκομεν
3125 5341 3267 5409 ὑμᾶς
3294 5340 3405 5391 τῶν
3435 5341 3773 5409 σφαλμάτων

2203 5437 2390 5505 ὐμῶν·
2428 5434 2544 5487 ἀλλ’
2580 5434 2674 5484 ἐὰν
2702 5432 2888 5502 οἴησθε
2924 5431 3183 5501 ἀληθείας
3222 5431 3467 5500 ἔχεσθαι,
3508 5432 3772 5498 ἀντιλαμ-

2204 5526 2462 5580 ϐάνεσθαι
2496 5522 2912 5592 ταύτης,ήγουν
2967 5521 3483 5593 ὐπεραγωνίσασθαι
3543 5522 3644 5589 τῆς
3685 5537 3769 5572 νο·
