4000 6450
207 364 307 427 3‘15

1205 358 1286 418 IN
1307 358 1472 417 CAN.
1517 356 1688 416 XCVI
1724 355 1927 416 CONC.
1971 355 2346 415 CARTIIAG.

3334 350 3437 413 3‘26

215 464 514 537 μιζομένης
547 465 672 536 ὑμῖν
720 462 980 534 ἀληθείας
1026 462 1100 532 μὴ
1156 463 1529 533 ἀμφιδάλητε.
1567 461 1776 514 Ἐπιλέο

1882 451 2124 529 gestores
2153 462 2266 516 tleri
2297 477 2366 516 ne
2399 461 2675 516 dubitetis.
2707 460 2936 529 Aliquos
2969 473 3127 529 porro
3157 473 3221 514 ex
3255 469 3438 514 vestro

210 554 372 620 ξασθε
399 556 462 608 δὲ
516 571 667 616 τινας
721 552 788 618 ἑξ
835 553 1013 622 ὑμῶν,
1068 555 1194 615 τοὺς
1247 550 1770 621 διαλεχθησομένους

213 648 322 708 τοῖς
362 645 854 715 ιπιλεγησομένοις
886 645 952 696 ὲκ
984 643 1080 710 τῆς
1101 643 1376 712 ἡμετέρας
1401 640 1622 693 συνόδου
1643 640 1774 707 περὶ

210 734 312 787 τῶν
339 734 686 802 χωριζόντων
709 734 856 802 ὑμᾶς
894 733 961 785 ὲκ
991 733 1087 799 τῆς
1125 732 1283 800 ἡμῶν
1312 732 1597 794 κοινωνίας
1616 748 1632 764 ·
1660 731 1772 795 ivra,

213 826 310 876 κάν
342 824 602 891 ,βραδέως
637 822 791 883 τέλος
846 825 881 887 ἡ
937 821 1142 875 παλαιὰ
1186 820 1409 890 δέξηται
1445 822 1669 890 addan
1699 824 1772 892 μή

212 927 340 963 ποτε
369 911 462 962 διά
493 912 704 978 πεῖσμα
739 911 862 978 ἢτοι
894 910 982 962 διὰ
1010 909 1246 978 ματαίαν
1271 911 1523 962 ἔνστασιν
1563 910 1776 978 ἀνθρὼ-

210 1016 325 1052 ¹ιιιων
379 999 695 1052 ἀπόλωνται
748 999 995 1060 ἀσθενεῖς
1037 997 1209 1067 ψυχαὶ
1249 998 1342 1050 καὶ
1392 999 1613 1066 ἄπειροι
1653 997 1774 1049 λαοὶ

211 1088 452 1158 (ἄπειροι
479 1089 513 1158 ἢ
540 1088 683 1140 κατὰ
719 1087 947 1156 πλῆθος,
975 1086 1008 1156 ἢ
1037 1086 1103 1138 δι’
1120 1086 1400 1153 ἁπλότητα
1426 1087 1520 1139 καὶ
1550 1088 1773 1152 ἄγνοιαν

209 1176 300 1230 τοῦ
341 1176 532 1244 καλοῦ)
574 1174 934 1245 χωριζόμενοι
975 1177 1075 1244 τῆς
1123 1176 1417 1244 καθολικῆς
1446 1174 1773 1243 Ἐκκλησίας

211 1265 468 1334 ίεροσύλῳ
498 1266 789 1335 χωρισμιῖκ
820 1267 892 1318 Τὸ
922 1265 1029 1334 γὰρ
1057 1264 1234 1333 ψυχὰς
1261 1264 1563 1333 ἀνθρώπων
1585 1305 1599 1325 ,
1631 1265 1774 1334 ίερδν

211 1358 375 1419 οὔσας
400 1357 498 1410 καὶ
529 1357 674 1410 θεῖον
717 1359 928 1426 χρῆμα,
950 1356 1286 1410 ἀπόλλυσθαι
1329 1358 1393 1408 ὲκ
1423 1355 1515 1408 τοῦ
1560 1372 1774 1426 χωρισ-

211 1450 310 1514 μοῦ
342 1448 444 1517 τῆς
466 1447 1113 1518 καθώικῆςἙκκλησίας
1134 1447 1439 1515 ἱεροσυλίαν
1477 1446 1769 1508 ἐκάλεσαν,

207 1538 277 1600 ὡς
303 1540 657 1607 συλουμὲνων
704 1538 818 1590 τῶν
849 1538 1009 1608 ίερῶν
1043 1536 1230 1606 ψυχῶν
1265 1535 1420 1606 παρὰ
1475 1537 1586 1588 τῶν
1626 1537 1772 1590 ἀπα-

205 1628 426 1683 τώντων
453 1631 626 1691 αὐτάς
647 1645 660 1658 ·
695 1629 728 1698 ἢ
780 1630 866 1680 ὅτι
894 1628 968 1696 μὴ
1003 1627 1144 1681 κατά
1174 1627 1274 1695 τὴν
1316 1625 1617 1696 παράδοσιν
1673 1628 1774 1694 τῆς

206 1717 541 1786 Ἐκκλησίας
569 1717 637 1769 τὰ
673 1717 796 1786 ίερά
828 1715 1125 1784 μετιόντες,
1179 1715 1255 1776 ὼς
1287 1713 1344 1767 δὲ
1367 1713 1551 1775 αὐτοῖς
1581 1713 1774 1766 δοκοῦν

1882 565 2105 605 numero
2130 551 2424 619 designate,
2455 551 2545 620 qui
2578 566 2698 605 cum
2718 551 2937 608 delectis
2964 565 2993 605 a
3022 560 3201 605 nostra
3233 551 3438 619 synodo

1882 639 2300 708 congrediantur
2349 642 2520 708 deque
2551 640 2638 706 iis,
2686 655 2916 710 quorum
2967 655 3130 695 causa
3165 655 3194 694 a
3250 650 3432 693 nostra

1881 731 2257 784 communione
2297 731 2540 807 separati
2585 732 2713 786 estis
2766 730 3180 798 colloquantur;
3227 742 3283 783 ut
3315 745 3441 785 εςιινυ

1880 819 2126 886 quamvis
2179 819 2468 887 aliquando
2515 829 2692 875 tamen
2766 820 2922 872 linem
2983 819 3236 886 antiquus
3284 832 3438 872 οτι-«ιτ

1881 907 2142 974 accipiat;
2178 923 2244 964 ne
2278 919 2498 978 praeter
2539 909 2767 977 aliquos,
2814 908 2975 963 stulte
3003 909 3162 965 nimis
3194 923 3256 962 ac
3290 922 3433 976 prus-

1885 997 2052 1051 t‘racte
2095 1012 2206 1052 sure
2235 999 2508 1051 sententia:
2555 997 2868 1059 retinentes.
2908 996 3187 1054 imbecilla
3242 997 3437 1051 animae

1883 1085 2168 1154 pupulique
2197 1086 2615 1142 innmnerabiles
2645 1086 2871 1139 exitiose
2904 1087 3195 1148 perdantur
3222 1086 3435 1152 (quam.

1880 1176 1962 1230 vis
1993 1175 2150 1240 illud,
2177 1178 2396 1246 ἄπειροι
2427 1177 2564 1242 λαοί,
2595 1176 2678 1230 vel
2707 1182 2777 1232 ob
2826 1174 3223 1229 multitudinem
3277 1173 3436 1226 inun-

1881 1267 2185 1328 merabiles.
2218 1269 2298 1322 vel
2333 1268 2402 1322 ob
2432 1269 2833 1337 simplicitatem
2868 1280 2931 1319 ac
2980 1279 3167 1320 rerum
3222 1263 3434 1330 imperi-

1881 1357 2009 1408 tiam
2040 1356 2257 1424 intelligi
2291 1356 2476 1421 liccat)
2510 1360 2576 1410 ab
2625 1355 2878 1411 Ecclesiae
2909 1352 3186 1408 catholicae
3215 1366 3436 1405 consor-

1883 1444 1957 1496 tio
2015 1447 2276 1514 sacrilega
2355 1446 2693 1514 separatione
2767 1443 3036 1511 disiuncti.
3117 1441 3434 1502 Animorum

1879 1550 2114 1604 namque
2137 1537 2402 1605 iacturam
2439 1538 2528 1605 qui
2578 1537 2910 1592 sacrosancti
2947 1542 3091 1596 sunt,
3151 1534 3442 1601 divinaque

1882 1638 2103 1678 munere
2157 1627 2359 1680 homini
2414 1628 2547 1690 dati,
2607 1638 2828 1694 prapter
2881 1625 3012 1680 illud
3071 1625 3140 1677 ab
3197 1623 3437 1677 Ecclesia

1882 1716 2145 1772 catholica
2179 1718 2480 1782 dissidium,
2511 1718 2777 1786 sacrilegii
2828 1717 3043 1769 nomine
3092 1716 3212 1782 jure
3258 1713 3439 1784 appel-

204 1805 340 1858 σύτά
371 1805 740 1874 ψηλαφῶντες
796 1807 890 1858 καὶ
952 1803 1484 1873 μεταχειριζόμενοι,
1541 1796 1777 1854 συλῶσιν

1882 1801 2262 1874 lavere;qnod
2317 1821 2487 1860 sacrae
2512 1807 2707 1860 anima:
2735 1805 2804 1862 ab
2831 1807 2954 1868 illis,
3006 1805 3097 1874 qui
3149 1819 3241 1858 cas
3295 1804 3440 1857 deci-

203 1892 363 1958 αὐτὰ,
393 1895 471 1965 μὴ
503 1895 782 1965 χρώμενοι
814 1896 996 1957 αὐτοῖς
1048 1893 1191 1947 κατά
1239 1892 1303 1946 τὸ
1356 1892 1447 1944 τοῦ
1499 1893 1771 1946 Δεσπότου

203 1983 440 2054 θέλημα.
494 1985 555 2038 '0
598 1984 710 2056 γὰρ
764 1985 919 2055 παρὰ
1002 1982 1228 2053 γνώμην
1298 1984 1443 2044 τινὸς
1504 1982 1773 2050 ψηλαφῶν

205 2077 444 2156 πρᾶγμα
481 2075 648 2129 αὐτοῦ
680 2075 920 2144 κλέπτης
948 2074 1198 2145 κρίνεται
1232 2075 1345 2140 τοῖς
1374 2072 1478 2141 τῆς
1501 2073 1774 2136 πολιτείας

203 2165 452 2232 θεσμοῖς.

1879 1895 2032 1962 piunt
2077 1894 2232 1962 quasi
2287 1894 2429 1948 furto
2475 1897 2909 1952 subtrahantur:
2965 1895 3050 1950 vel
3100 1895 3264 1947 etiam
3312 1892 3438 1960 quin

1878 1997 2066 2038 contra
2113 1986 2568 2041 ecclesiastislicze
2627 1989 2934 2042 traditionis
3001 1986 3302 2040 institutum
3351 1999 3440 2039 res

1877 2092 2064 2134 sacras
2095 2080 2436 2141 invadentes,
2466 2094 2669 2148 easque
2703 2095 2800 2146 pro
2829 2078 3052 2132 arbitrio
3100 2084 3439 2132 contrectan-

1882 2176 1963 2221 tes
1997 2179 2049 2220 et
2081 2167 2541 2232 administrantes,
2574 2182 2726 2222 sacra
2759 2167 3041 2234 diripiunt;
3087 2181 3208 2220 cum
3243 2178 3441 2232 nequa-

202 2269 360 2324 quam
388 2270 460 2312 ex
510 2258 720 2313 Domini
752 2259 1027 2314 voluntate
1075 2258 1207 2328 ipsis
1240 2266 1490 2321 utantur,
1538 2257 1854 2325 Quicunque
1917 2259 2062 2312 enim
2121 2267 2316 2329 prater
2408 2259 2610 2314 domini
2671 2260 3000 2315 voluntatem
3086 2257 3309 2313 ulterius
3384 2271 3444 2309 re

203 2347 369 2399 utitur
446 2363 569 2402 eum
617 2348 763 2416 leges
825 2364 1035 2417 quoque
1065 2349 1248 2403 civiles
1279 2348 1407 2401 furti
1465 2361 1615 2400 reum
1645 2362 1764 2401 esse
1805 2347 2120 2412 decernunt.

200 2435 422 2489 ΑΡΙΣΤ.
458 2453 478 2487 ι
522 2437 676 2489 Ἥτω
707 2436 776 2488 τὰ
807 2437 940 2506 πρὸς
984 2438 1112 2501 τοὺς
1152 2438 1473 2499 Δονατιστὰς
1512 2437 1777 2508 λεχθησό-

276 2545 294 2577 ι
340 2519 482 2596 μενά
513 2527 638 2580 τάδε
660 2545 675 2558 ·
714 2527 1114 2599 Ἐπιθυμοῦμεν
1139 2527 1371 2599 χαρῆναι
1407 2531 1496 2582 ἐπὶ
1531 2533 1598 2600 τῇ
1627 2531 1779 2599 ὑμῶν

275 2634 296 2667 ι
335 2616 670 2685 διορθώσει·
721 2616 1115 2688 ἑκελεύσθημεν
1165 2620 1275 2688 γὰρ
1326 2620 1418 2671 καὶ
1468 2620 1602 2688 πρὸς
1656 2621 1778 2682 τοὺς

282 2724 301 2756 ι
349 2708 428 2775 μὴ
457 2707 820 2773 ἀνεχομένους
875 2704 1012 2760 εἷναι
1067 2707 1222 2775 ἡμῶν
1270 2708 1534 2773 ἀδελφοὺς
1579 2708 1780 2774 λέγειν,

278 2817 297 2848 ι
351 2795 598 2863 ’Δδελφοὶ
625 2798 782 2865 ἡμῶν
812 2798 953 2848 ἐστε.
990 2796 1078 2849 Διὸ
1101 2797 1470 2866 συνερχόμεθα
1504 2797 1649 2865 ὑμῖν,
1692 2798 1786 2850 καὶ

278 2907 296 2938 ι
343 2889 855 2956 ὑπομιμνήσκομεν,
879 2887 1023 2938 ὠσὶν
1045 2889 1100 2941 εἴ
1115 2882 1611 2951 τιναδικαιολογίαν
1637 2889 1780 2958 ἔχειν

277 2997 296 3030 ι
343 2977 895 3046 οῐεσθε,ὲπιλέξησθε
941 2978 1065 3040 τοὺς
1098 2975 1300 3046 ταύτην
1357 2979 1782 3048 πιστευθησομέ-

277 3086 296 3118 ι
342 3084 470 3130 νους
501 3068 831 3134 ἀπαντῆσαι,
868 3066 1180 3133 ὀφείλοντας
1209 3068 1266 3120 ὲν
1291 3065 1580 3136 ὡρισμένῳ
1631 3068 1780 3136 τόπῳ

277 3175 296 3207 ι
336 3157 432 3209 καὶ
455 3155 633 3224 καιρῷ
663 3171 679 3188 ο
704 3129 760 3206 εί
791 3129 844 3206 δε
871 3129 966 3222 μῆ,
1001 3155 1032 3222 ἡ
1064 3153 1290 3206 ἀπιστία
1338 3129 1490 3223 ύμιῖιν
1532 3129 1781 3208 έντεῦθεν
1807 3129 1849 3190 C

275 3265 293 3298 ι
341 3246 642 3316 γνωρισθῇ.
679 3263 699 3297 ι
729 3244 957 3312 Σαφής.

800 3335 1039 3390 κΑΝοΝ
1068 3336 1199 3401 κεῖν.

211 3444 227 3476 ι
276 3427 352 3480 Τδ
375 3427 819 3496 κομμονιτόριον,
849 3426 986 3494 ὅπερ
1015 3424 1206 3480 ἔλαθον
1237 3425 1287 3478 οί
1313 3426 1455 3481 κατὰ
1483 3425 1592 3478 τῶν
1619 3434 1783 3481 Δονα-

278 3536 301 3569 ι
344 3519 547 3571 τιστῶν
579 3516 936 3586 πρεσϐευταί.
986 3516 1417 3585 Κομμονιτόριον
1473 3519 1585 3578 τοῖς
1631 3517 1782 3572 ἀδελ-

282 3623 303 3657 ι
348 3609 474 3674 φοῖς
502 3605 719 3675 Θεασίῳ
746 3606 841 3658 καὶ
872 3605 1092 3673 Εὐοδίῳ,
1125 3606 1236 3667 τοῖς
1293 3604 1589 3675 πεμφθεῖσι
1653 3624 1778 3676 πρεο

281 3715 300 3749 ι
343 3698 600 3761 σσευταῖς
631 3701 694 3750 ἑκ
722 3698 821 3766 τῆς
863 3698 924 3750 ὲν
980 3697 1287 3767 Καρχηδόνι
1342 3696 1586 3760 συνόδου,
1645 3697 1782 3764 πρὸς

277 3805 299 3838 ι
342 3789 472 3849 τοὺς
494 3787 870 3851 ἱνδοξοτὰτους
925 3786 1021 3838 καὶ
1067 3785 1644 3855 θρησκευτικωτάτους
1680 3787 1781 3838 αὖ-

279 3896 298 3928 ι
339 3879 704 3946 ωκράτορας.
743 3876 933 3929 Ἡνίκα
984 3875 1082 3946 τὴν
1124 3874 1218 3927 τοῦ
1273 3875 1480 3944 Κυρίου
1527 3875 1779 3944 βοήθειαν

278 3984 298 4016 ι
340 3967 455 4027 τοῖς
484 3965 903 4025 εὕσεσεστάτοις
929 3963 1286 4034 προσελθοῦσι
1323 3963 1621 4032 βασιλεῦσι,
1656 3965 1778 4018 τού-

279 4073 299 4107 ι
341 4071 455 4116 τοις
474 4055 888 4124 ἑμφανίσουσιν,
910 4053 1048 4123 ποίῳ
1080 4055 1266 4123 τρόπῳ
1308 4054 1488 4124 τελείᾳ
1537 4055 1571 4125 ἢ
1632 4057 1777 4126 παῤ-

281 4164 300 4197 ι
349 4147 523 4215 ρησίᾳ
554 4147 695 4197 κατὰ
721 4147 820 4214 τὴν
845 4143 936 4198 τοῦ
981 4144 1255 4211 ἀνωτέρου
1278 4144 1527 4196 ὲνιαυτοῦ
1565 4144 1779 4197 σύνοδον

278 4257 296 4288 ι
338 4239 388 4289 οἱ
420 4233 792 4306 πρωτεύοντες
824 4235 932 4287 τῶν
961 4235 1295 4287 Δονατιστῶν
1329 4237 1462 4296 ιιτοῖς⁸
1493 4236 1780 4304 πολιχνιωο

282 4345 300 4377 ι
344 4327 520 4385 τικοῖς
555 4323 968 4393 πεπραγμένοις
1020 4323 1292 4377 συνελθεῖν
1337 4325 1776 4394 προετράπησαν,

1881 2439 2048 2509 629
2081 2439 2304 2498 Αιιιδτ.
2362 2461 2381 2493 ι
2429 2444 2558 2509 Quae
2602 2442 2667 2495 ad
2703 2442 3007 2500 Denatistas
3037 2437 3283 2508 legenda,
3329 2438 3443 2493 haec

1961 2550 1978 2582 ι
2016 2543 2144 2585 sunt
2169 2550 2181 2586 :
2206 2532 2393 2588 Vestra
2425 2535 2656 2599 gaudere
2686 2534 3018 2585 correctione
3047 2530 3198 2583 nobis
3227 2531 3278 2582 iu
3308 2529 3444 2582 votis

1963 2638 1979 2668 ι
2021 2629 2144 2673 est:
2178 2622 2228 2672 in
2262 2622 2529 2673 "laudatis
2567 2621 2708 2674 enim
2743 2621 3065 2687 aeci‘pimtta,
3101 2628 3153 2668 ιιι
3187 2617 3250 2670 iis
3281 2615 3442 2670 etiam

1966 2725 1982 2756 ι
2025 2711 2112 2775 qui
2164 2710 2334 2761 nostri
2377 2723 2500 2763 esse
2534 2709 2728 2762 fratres
2756 2722 2898 2776 agre
2947 2707 3140 2769 ferunt,
3169 2705 3443 2764 dicamus.

1962 2814 1980 2846 ι
2024 2796 2218 2851 fratres
2249 2799 2416 2851 nostri
2447 2799 2595 2851 estis.
2635 2784 2740 2852 Vos
2766 2799 2951 2865 itaque
2981 2797 3352 2856 convenimus,
3390 2805 3445 2845 et

1963 2905 1980 2935 ι
2028 2889 2397 2950 admouemus,
2447 2898 2522 2950 ut,
2548 2890 2591 2943 si
2624 2904 2725 2954 qua
2759 2902 2935 2941 causa:
2969 2895 3159 2939 vestra)
3206 2883 3444 2937 delensio

1962 2995 1979 3026 ι
2023 2979 2172 3033 vobis
2203 2993 2482 3046 superesse
2513 2980 2777 3038 videatur,
2800 2976 3048 3044 deligatis
3075 2975 3306 3040 aliquos,
3326 2972 3445 3041 qni-

1963 3085 1980 3118 ι
2021 3067 2118 3122 bus
2146 3069 2533 3128 committatur.
2563 3070 2652 3135 qui
2683 3069 2734 3120 iu
2773 3067 3023 3124 condicto
3061 3066 3177 3118 loco
3207 3074 3261 3117 et
3304 3072 3442 3121 tem-

1957 3171 1976 3203 ι
2021 3168 2150 3221 pore
2183 3155 2396 3223 prodire
2435 3154 2638 3212 debent
2684 3171 2699 3208 :
2745 3154 2979 3222 alioquin
3027 3152 3312 3210 inﬁdelitas
3351 3166 3445 3205 ve-

1959 3262 1976 3294 ι
2020 3256 2128 3300 stra
2160 3247 2354 3301 eximie
2385 3257 2579 3315 pateat.
2611 3265 2631 3298 ι
2667 3241 3002 3314 Perspicnus.

2423 3334 2652 3394 CANON
2686 3334 2868 3389 XCVI.

1889 3462 1907 3494 ι
1942 3445 2448 3510 Commonitorium,
2491 3449 2632 3516 quod
2671 3457 2999 3512 acceperunt
3041 3444 3202 3514 legati
3251 3453 3442 3498 contra

1910 3544 1925 3559 ο
1957 3549 1976 3582 ι
2019 3531 2357 3586 Donatistae.
2385 3533 2871 3597 (,iommonitorium
2913 3531 3170 3594 fratibus,
3211 3529 3444 3584 Tneasin

1958 3639 1977 3671 ι
2020 3630 2076 3674 et
2118 3619 2344 3686 Evodio,
2390 3623 2574 3677 missis
2604 3622 2794 3692 legatis
2837 3637 2866 3674 a
2909 3624 3110 3692 synodo
3155 3619 3441 3688 Ωιιηῆοεί-

1956 3730 1975 3762 ι
2015 3713 2166 3765 nensi
2199 3712 2264 3765 ad
2293 3712 2624 3766 clarissimos
2648 3720 2702 3765 et
2731 3713 3172 3780 religiosissimos
3209 3712 3443 3777 impera-

1957 3817 1974 3847 ι
2013 3810 2184 3854 tores:
2228 3799 2454 3864 Quando
2496 3801 2592 3854 Dei
2639 3800 2840 3856 auxilio
2896 3799 2962 3859 ad
3004 3799 3443 3866 religiosissimos

1955 3911 1972 3938 ι
2018 3890 2365 3958 imperatores
2395 3891 2752 3953 accesserint,
2782 3891 2861 3943 eis
2887 3889 3126 3958 aperiat,
3172 3889 3442 3956 quomodo

1954 3998 1974 4030 ι
2016 3981 2167 4047 plena
2194 3980 2442 4035 libertate
2466 3983 2515 4034 in
2538 3983 2836 4048 superioris
2869 3981 2992 4032 anni
3023 3979 3231 4048 synodo
3261 3981 3439 4033 Dona-

1957 4091 1974 4122 ι
2020 4072 2268 4125 tistarum
2303 4073 2559 4139 primates
2591 4088 2654 4126 ae
2685 4083 2802 4126 acta
2829 4071 3005 4125 civilia
3039 4071 3328 4126 convenire
3348 4072 3443 4125 ad-

1955 4179 1974 4210 ι
2017 4161 2204 4214 moniti
2241 4160 2411 4223 fuere,
2437 4171 2490 4214 ut
2521 4161 2564 4214 si
2599 4177 2752 4214 suum
2794 4161 2986 4228 dogma
3027 4160 3164 4213 tueri
3201 4159 3439 4214 confido-

1956 4267 1973 4298 ι
2019 4257 2156 4312 rent,
2185 4249 2457 4316 aliquibus
2485 4249 2691 4303 idoneis
2718 4264 2780 4300 ex
2811 4249 2998 4301 eodem
3035 4261 3264 4301 numero
3289 4249 3436 4300 elec-

1960 4359 1978 4392 ι
2024 4341 2112 4404 tis,
2133 4341 2413 4394 nobiscum
2433 4340 2654 4408 paclﬁce
2682 4339 3091 4400 contenderent,
3113 4348 3166 4392 et
3187 4353 3438 4392 mansue—

279 4434 296 4464 ι
341 4415 450 4475 ῖνα,
475 4413 524 4464 εί
557 4413 851 4482 ιθὰρῤουν,
881 4412 974 4468 τοῦ
1019 4413 1220 4465 οἰκείου
1252 4413 1522 4480 δόγματος
1564 4414 1774 4469 ἁντιλκο

1957 4451 1975 4482 ι
2018 4431 2203 4484 tudine
2243 4417 2551 4483 Christiana
2585 4429 2736 4482 nobis
2763 4429 2898 4481 citra
2926 4427 3319 4481 dubitationem
3348 4442 3437 4480 os-

283 4527 300 4556 ι
345 4503 560 4567 δέσθαι,
587 4503 948 4570 επιλεγέντων
972 4503 1133 4556 τινῶν
1164 4502 1364 4557 ίκανῶν
1385 4505 1448 4556 ὲκ
1483 4503 1580 4558 τοῦ
1610 4505 1775 4558 αὐτοῦ

280 4617 296 4647 ι
343 4595 605 4664 ἀριθμοῦ,
642 4594 759 4664 μεθ’
789 4594 949 4664 ήμῶν
970 4595 1260 4662 είρηνικῶς
1290 4594 1654 4662 ἀμφέϐαλλον,
1687 4601 1778 4649 καὶ

278 4705 294 4734 ι
343 4685 645 4752 ἡμερότητι
685 4683 1043 4752 Χριστιανικῇ
1077 4681 1463 4749 ἀναμφιϐόλως
1486 4678 1631 4750 εῐχον
1663 4686 1778 4735 snt-

277 4793 296 4824 ι
337 4774 533 4838 δεῖξαι,
565 4773 621 4824 εί
643 4772 712 4834 Ιτί
751 4775 869 4824 ποτ’
921 4771 1178 4841 ἀληθείας
1212 4773 1479 4840 μετεῖχον,
1530 4773 1678 4833 ὅπως
1717 4774 1780 4824 ὲκ

279 4886 296 4914 ε
340 4867 530 4918 τούτου
559 4867 592 4935 ἠ
622 4862 882 4933 καθολικὴ
910 4863 1266 4932 εἰλικρινότης
1289 4901 1304 4925 ,
1339 4864 1371 4931 ἡ
1405 4861 1637 4916 ἔκπαλαι
1668 4867 1779 4926 τοῖς

280 4975 299 5006 ι
335 4957 597 5024 ἀνωτέρω
622 4953 975 5022 διαλάμψασα
1016 4952 1254 5022 χρόνοις,
1298 4954 1393 5003 καὶ
1434 4951 1530 5004 νῦν
1582 4955 1779 5022 ὁμοίως

284 5065 300 5095 ι
346 5047 434 5098 διὰ
457 5045 555 5113 τῆς
582 5043 840 5113 ἀπειρίας
864 5043 958 5094 καὶ
987 5041 1300 5106 μονοτονίας
1334 5040 1442 5092 τῶν
1471 5040 1777 5108 ἀντιλεγόν-

279 5157 296 5189 ι
339 5154 446 5191 των
499 5133 843 5204 ἐγνωρίζετο.
890 5131 1030 5183 Ἀλλ’
1063 5132 1250 5202 ἐπειδὴ
1307 5133 1366 5186 τὸ
1423 5131 1499 5202 μὴ
1561 5132 1778 5204 θαρῤεῖν

284 5249 300 5281 ι
347 5229 652 5297 συνείχοντο
682 5225 892 5294 σχεδὸν,
939 5224 1090 5276 οὐδὲν
1124 5225 1430 5292 ἐτόλμησαν
1484 5226 1780 5294 ἀποκρίνα-

282 5339 300 5370 ι
347 5319 491 5373 σθαι.
545 5316 637 5372 Διὸ
665 5314 998 5384 ὲπισκοπικὴ
1026 5315 1118 5367 καὶ
1154 5315 1403 5385 είρηνικὴ
1457 5317 1606 5379 τάξις
1653 5319 1780 5386 περὶ

284 5431 301 5462 ι
339 5413 461 5474 τοὺς
497 5409 774 5469 τοιούτους
815 5406 1191 5476 πεπλήρωται,
1248 5409 1489 5463 κάκεῖνοι
1535 5413 1598 5480 τῇ
1644 5411 1778 5481 ἀλη-

287 5522 302 5552 ι
347 5502 462 5572 θείᾳ.
494 5499 568 5570 μὴ
601 5497 924 5566 δυνηθέντες
956 5495 1345 5566 ἀποκριθῆναι,
1395 5500 1475 5561 εἰς
1541 5500 1775 5564 ἀτόπους

285 5610 302 5637 ι
348 5589 462 5657 βίας
511 5586 987 5657 μετεστράφησαν,
1049 5585 1124 5646 ὼς
1179 5587 1403 5650 πολλοὺς
1451 5589 1777 5653 ἐπισκόπους

285 5699 301 5728 ι
344 5678 431 5730 καὶ
461 5676 686 5738 πολλοὺς
719 5675 1032 5744 κληρικοίις,
1077 5675 1162 5730 ἵνα
1188 5675 1246 5728 τὸ
1281 5677 1406 5747 περὶ
1434 5678 1541 5731 τῶν
1571 5677 1770 5733 λαῖκῶν

1955 4540 1973 4572 ι
2022 4522 2324 4581 tenderent,
2359 4519 2404 4572 si
2442 4519 2572 4585 quid
2597 4519 2844 4573 veritatis
2874 4527 3159 4571 tenerent:
3196 4527 3247 4570 ut
3275 4532 3339 4569 ex
3373 4530 3437 4570 eo

1953 4629 1971 4661 ι
2015 4610 2280 4664 catholica
2338 4609 2646 4671 sinceritas,
2704 4622 2823 4675 quze
2898 4606 3008 4674 jam
3080 4606 3206 4660 olim
3277 4622 3437 4671 snpe-

1959 4716 1975 4746 ι
2022 4697 2253 4750 rioribns
2282 4696 2458 4747 illuxit
2492 4696 2842 4764 temporibus,
2868 4710 3008 4747 nunc
3037 4707 3248 4762 quoque
3285 4695 3438 4748 simi—

1952 4807 1968 4837 ι
2009 4787 2132 4840 liter
2161 4800 2253 4853 per
2274 4786 2758 4838 contradicentinm
2795 4784 3154 4851 ignorantium
3180 4792 3233 4835 et
3260 4785 3439 4851 pervi-

1958 4897 1974 4926 ι
2014 4878 2221 4931 caciam
2262 4883 2643 4942 cognoscatur.
2692 4873 2796 4926 Sed
2833 4873 2954 4940 quia
3001 4887 3105 4924 non
3149 4871 3282 4925 satis
3313 4872 3440 4924 (lde-

1958 4984 1975 5015 ι
2022 4966 2172 5028 bant,
2215 4964 2324 5018 fere
2351 4963 2483 5016 nihil
2538 4963 2652 5015 ausi
2705 4967 2830 5015 sunt
2867 4961 3207 5029 respondere.
3261 4960 3441 5026 Quare

1958 5075 1974 5106 ι
2017 5054 2268 5124 quoniam
2303 5053 2605 5120 episcopale
2638 5059 2690 5105 et
2721 5050 2999 5120 paciﬁcum
3036 5052 3088 5104 in
3115 5065 3211 5104 eos
3248 5050 3439 5118 imple-

1959 5165 1976 5197 ι
2017 5156 2127 5198 tum
2155 5153 2241 5199 est
2265 5144 2518 5204 cilicium,
2553 5152 2608 5196 et
2639 5142 2713 5195 illi
2735 5140 2947 5193 veritati
2974 5139 3296 5209 respondere
3332 5157 3436 5192 non

1958 5255 1976 5287 ι
2022 5236 2304 5298 valentes,
2356 5234 2424 5286 ad
2479 5231 2841 5287 exsecrandas
2885 5228 3168 5285 violentias
3193 5234 3437 5282 conversi

1956 5346 1973 5378 ι
2012 5335 2160 5388 sunt,
2208 5325 2345 5378 adeo
2386 5335 2441 5376 ut
2469 5327 2666 5378 multos
2692 5324 2974 5391 episcopos
3001 5329 3054 5374 et
3094 5319 3291 5379 multos
3330 5319 3438 5374 cle-

1960 5432 1976 5464 ι
2021 5415 2181 5476 ricos,
2209 5420 2266 5464 ιιι
2298 5413 2361 5464 tle
2390 5411 2539 5464 laicis
2580 5420 2808 5473 taceam,
2856 5407 3067 5461 insidiis
3093 5404 3392 5474 appeterint
3415 5439 3432 5466 ,

1959 5522 1974 5553 ι
2018 5515 2070 5557 et
2097 5514 2349 5571 praeterea
2376 5501 2538 5555 etiam
2567 5501 2773 5569 aliquas
2817 5497 3076 5553 ecclesias
3108 5493 3439 5556 invaserint,

1959 5614 1976 5646 ι
2016 5605 2068 5649 et
2099 5595 2232 5647 alias
2257 5593 2510 5647 invadere
2538 5593 2714 5645 conati
2755 5591 2863 5644 sint
2898 5607 2910 5642 :
2951 5602 3138 5643 eorum
3167 5595 3247 5639 est
3287 5584 3444 5637 dein-

1960 5704 1976 5736 ι
2018 5700 2143 5754 ceps
2200 5684 2550 5739 humanitatis
2582 5682 2888 5755 providere,
2951 5688 3006 5733 ut
3052 5675 3314 5732 catholica
3343 5672 3449 5729 Ec-
