4000 6474
501 364 607 424 327

1767 362 1972 422 ἯιΕο
1985 363 2045 420 [).
2093 361 2182 418 BA
2195 360 2494 421 LSAMON

575 497 592 526 ι
633 477 817 535 elesiu,
855 490 972 542 qua:
1003 491 1097 530 eos
1133 479 1221 544 pio
1252 477 1302 530 in
1336 477 1553 534 Clu-Isto
1601 487 1754 530 utero
1788 479 1992 545 genuit,
2023 485 2075 528 et
2104 476 2155 534 Α
2259 460 2278 522 ι’

575 589 591 618 ι
634 570 738 620 [ide
764 568 1180 624 conﬁrmatione
1216 570 1369 634 aluit,
1409 583 1594 623 eorum
1642 583 1854 636 quoque
1886 567 2064 636 provi-

582 678 597 707 ι
639 657 818 709 dentia
849 658 1153 720 muniatur;
1198 673 1260 710 ue
1289 658 1426 710 forte
1456 660 1683 710 audaces
1714 665 1766 711 et
1798 657 2066 709 munerarii

580 768 595 797 ι
644 747 910 807 humines,
939 749 991 799 in
1043 748 1305 815 religiosis
1331 765 1516 802 eorum
1563 749 1917 815 temporibus,
1956 759 2067 801 ter-

579 858 596 886 ι
651 853 770 890 rore
797 837 978 904 aliquo
1011 842 1061 889 in
1096 838 1263 890 bonos
1296 839 1522 907 populos
1555 840 1887 891 dominatum
1919 837 2065 891 obti-

575 948 592 977 ε
641 940 834 992 neant;
878 929 1132 996 quoniam
1166 944 1261 982 eos
1302 931 1686 997 persuadentes
1721 944 2068 998 corrumpere

578 1039 594 1068 ι
637 1035 742 1072 ιιοιι
796 1031 1040 1088 possunt.
1091 1019 1376 1087 Cognitum
1423 1023 1565 1074 enim
1599 1031 1702 1087 est,
1751 1033 1803 1076 et
1865 1023 2070 1090 legibus

574 1130 590 1161 ι
637 1127 774 1180 smpe
807 1114 1201 1180 proclamatnr,
1246 1128 1488 1180 qumnaut
1532 1129 1744 1174 eorum,
1781 1115 1870 1181 qui
1915 1129 2070 1181 sepa-

578 1220 596 1250 ε
642 1213 811 1254 ratam
860 1201 1061 1254 habent
1100 1205 1594 1270 congregationem,
1629 1205 1962 1254 exsecranda
1997 1200 2074 1253 fa-

578 1311 595 1341 ι
637 1292 742 1345 ciat
792 1293 1105 1357 multitudo,
1149 1309 1266 1361 quae
1297 1295 1456 1346 etiam
1515 1311 1652 1361 sa-pe
1696 1295 2069 1360 prazdictorum

580 1401 597 1430 ι
641 1383 1168 1451 religiosissintornm
1226 1385 1607 1453 imperatorum
1651 1385 1885 1438 decretis
1942 1400 2072 1438 con-

581 1494 597 1523 ι
645 1475 896 1527 demnata
927 1485 1070 1528 sunt.
1107 1476 1379 1529 Adversus
1424 1492 1551 1543 ergo
1585 1478 1799 1529 illorum
1834 1478 2073 1530 insanias

580 1584 595 1613 ι
643 1580 927 1632 possumus
951 1566 1130 1618 divina
1157 1567 1354 1618 auxilia
1386 1569 1667 1634 consequi,
1702 1583 1804 1619 non
1843 1571 2071 1632 insueta,

582 1676 598 1703 ι
643 1663 749 1709 προ·
774 1658 943 1709 aliena
973 1698 986 1721 ,
1021 1658 1112 1709 sed
1163 1673 1191 1710 a
1223 1659 1425 1710 sanctis
1469 1658 1764 1726 Scripturis
1798 1677 1810 1712 :
1858 1662 2072 1726 quando

581 1766 598 1796 ι
638 1746 836 1800 Paulus
869 1750 1169 1816 apostolus,
1205 1760 1261 1802 ut
1289 1749 1428 1801 veris
1454 1751 1822 1816 apostolorum
1853 1749 2072 1802 Actibus

586 1858 601 1888 ι
643 1840 975 1892 declaratum
1005 1850 1104 1904 est,
1135 1841 1481 1893 insolentium
1517 1852 1566 1892 et
1600 1841 1944 1894 factiosorum
1981 1840 2077 1890 lto-

581 1950 596 1979 ι
642 1930 841 1982 miuum
892 1933 1349 2000 conspirationem
1398 1932 1616 1984 militari
1665 1932 1866 1984 auxilio
1912 1933 2076 1998 depu-

580 2041 596 2070 ι
644 2024 722 2074 lit.
799 2021 906 2076 Nos
952 2039 1079 2091 ergo
1125 2026 1224 2076 hoc
1265 2024 1523 2090 petimus,
1579 2034 1637 2076 ut
1679 2024 2077 2078 universalibus

579 2131 594 2158 ι
643 2111 1004 2165 Ecclesiarum
1054 2115 1356 2176 ordinibus,
1392 2115 1442 2166 in
1492 2129 1812 2181 unaquaque
1858 2115 2075 2167 civitate

579 2222 595 2251 ι
639 2211 690 2254 ct
719 2203 769 2252 in
793 2201 1025 2255 diversis
1068 2203 1221 2264 locis,
1249 2205 1547 2255 vicinarum
1574 2219 1909 2272 quarumque
1953 2217 2074 2271 ρος⁴

585 2309 601 2339 ι
647 2293 978 2356 δεεμίοιιιιιιι,
1027 2293 1145 2346 sine
1188 2308 1338 2344 mera
1391 2295 1636 2346 custodia
1672 2303 1724 2346 et
1769 2294 2073 2360 pra‘sidiuut

580 2395 597 2428 ι
649 2382 971 2448 praebeatur.
1021 2381 1191 2433 Simul
1245 2382 1349 2434 hoc
1395 2397 1608 2450 quoque
1635 2383 1919 2449 petendum
1953 2392 2074 2444 est,

577 2489 594 2519 ι
639 2481 695 2522 ιιι
737 2472 903 2538 legem
945 2471 1104 2523 latam
1150 2488 1178 2524 a
1222 2474 1321 2541 pia:
1365 2475 1639 2526 memoria:
1677 2488 1864 2527 eorum
1916 2472 2077 2526 Patro

585 2579 600 2610 ι
646 2561 975 2624 Theodosio,
1003 2561 1070 2614 de
1102 2565 1286 2617 decem
1337 2564 1488 2617 libris
1519 2565 1632 2616 auri
1668 2565 1932 2617 adversus
1963 2565 2073 2616 ba:-

578 2670 593 2698 ‹
638 2651 835 2703 reticos
881 2653 970 2718 qui
1015 2653 1267 2705 ordinant
1327 2665 1380 2707 et
1449 2655 1770 2707 ordinantur
1821 2665 2072 2716 servent;

577 2761 594 2790 ι
641 2749 903 2808 prattcrea
949 2755 1130 2797 autent
1165 2755 1219 2797 et
1245 2745 1503 2798 adversus
1536 2761 1897 2814 possessores,
1933 2749 2069 2814 apud

575 2851 592 2882 ι
641 2849 777 2902 quos
846 2834 1062 2887 illorum
1135 2836 1348 2888 inventa
1435 2835 1599 2889 fuerit
1681 2839 2068 2906 congregatio:

2113 1807 2147 1859 Β

3662 353 3770 416 328

2326 473 3054 544 σιωπήσωμεν,ἒπι6ν,υλαῖς
3101 473 3341 541 συσχεῖν,
3397 470 3494 523 καί
3552 487 3662 522 τισι
3721 467 3778 519 δὲ

2330 564 2409 616 ἔτι
2443 566 2546 633 μὴν
2569 565 2890 634 ἐκκλησίαις
2927 564 3226 633 ἐπέϐησαν,
3257 564 3352 615 καὶ
3387 559 3578 623 ἄλλαις
3615 558 3780 611 ἐπελ-

2332 655 2445 708 θεῖν
2469 659 2668 725 ὁμοίως
2702 659 3097 727 ὲπειράϐησαν,
3123 657 3221 723 τῆς
3247 653 3428 707 αὐτῶν
3463 651 3777 721 φιλανθρωο

2330 749 2458 811 πίας
2483 749 2667 802 λοιπόν
2702 751 2816 802 ἐστι
2839 752 3254 816 προνοήσασθαι,
3285 747 3371 798 ἵνα
3415 749 3445 812 ἠ
3507 743 3778 813 καθολικὴ

2331 841 2651 906 Ἐκκλησία,
2685 841 2716 909 ἡ
2755 843 2949 903 αὐτοὺς
2987 839 3359 908 θρησκευτικῇ
3384 834 3615 906 Χριστῷ
3648 850 3778 901 γεν-

2329 933 2538 996 νήσασα
2566 933 2784 1001 γαστρὶ,
2817 933 2906 983 καὶ
2938 935 3001 1000 τῇ
3030 929 3317 1000 βεϐαῶσει
3375 927 3476 995 τῆς
3533 927 3779 984 πίστεως

2327 1021 2659 1089 ἑκθρὲψασα,
2688 1023 2752 1089 τῇ
2778 1019 2956 1072 αὐτῶν
2979 1020 3056 1070 ἔτι
3092 1019 3196 1088 μὴν
3224 1019 3447 1086 προνοίᾳ,
3472 1012 3732 1084 ὀχυρωθῇ
3761 1029 3776 1042 ’

2334 1114 2541 1179 μήποτε
2580 1114 2871 1181 προπετεῖς
2917 1109 3190 1178 ἄνθρωποι
3238 1106 3471 1159 ἐπὶτῶν
3523 1102 3778 1158 εὐσεϐῶν

2331 1203 2509 1255 αὐτῶν
2547 1205 2752 1272 χρόνων
2783 1202 2931 1270 φόϐῳ
2953 1202 3058 1252 τινὶ
3089 1200 3196 1251 τῶν
3223 1197 3468 1251 ἀσθενῶν
3492 1195 3641 1248 λαῶν
3676 1211 3785 1246 κα-

2328 1291 2846 1343 ταδυναστεύσωσιν.
2895 1291 3107 1356 Ἐπειδὴ
3127 1288 3508 1348 ὑποπείθοντες
3525 1284 3781 1345 τούτους,

2325 1382 2686 1448 ἀποφαυλίσαι
2705 1383 2765 1434 ού
2780 1382 3052 1434 δύνανται.
3083 1383 3390 1448 Ἐγνωσται
3406 1379 3515 1447 γὰρ
3537 1377 3631 1429 καὶ
3646 1377 3782 1429 πολ-

2332 1474 2486 1534 λάκις
2511 1476 2621 1535 τοῖς
2654 1475 2838 1542 νόμοις
2883 1473 3141 1525 ἐκϐοᾶται
3193 1471 3298 1523 τῶν
3345 1467 3782 1538 παρασυναγόν-

2337 1569 2512 1634 τωνὴ
2568 1566 2828 1634 βδελυκτὴ
2890 1566 3119 1632 πληθὺς,
3169 1565 3298 1615 ποῖα
3351 1560 3778 1630 διαπράττεται,

2333 1655 2396 1707 az
2409 1674 2490 1707 ινα
2513 1657 2605 1707 καὶ
2641 1656 2896 1718 πολλάκις
2926 1659 3034 1717 τοῖς
3061 1653 3425 1715 θεσπίσμασιν
3452 1649 3634 1704 αὐτῶν
3661 1647 3781 1701 τῶν

2334 1747 2733 1816 προλεχθέντων
2768 1746 3168 1799 εὐσεϐεστάτων
3199 1742 3618 1813 αὐτοκρατόρων
3674 1756 3784 1792 xa-

2329 1838 2744 1906 τεδικάσθησαν.
2784 1838 2937 1890 Κατὰ
2989 1831 3082 1889 οὖν
3135 1836 3232 1902 τῆς
3277 1834 3500 1886 ἐκείνων
3570 1831 3782 1898 μανίας

2325 1927 2602 1995 δυνάμεθα
2631 1928 2944 1996 συμμαχίας
2986 1927 3134 1988 θείας
3161 1926 3367 1994 τυχεῖν,
3397 1924 3498 1975 ούκ
3559 1920 3777 1989 ἀήθους

2321 2022 2397 2082 δὲ,
2459 2019 2579 2072 οὐδὲ
2626 2019 2934 2087 ἀλλοτρίας,
2991 2017 3104 2069 ἀλλ’
3136 2018 3242 2070 ἀπὸ
3271 2017 3378 2070 τῶν
3410 2014 3583 2083 ἁγίων
3614 2013 3775 2080 Γρα-

2319 2112 2433 2179 φῶν
2466 2125 2480 2140 ’
2506 2112 2706 2162 ὁπόταν
2735 2109 2944 2170 Παῦλος
2971 2110 2997 2159 ὁ
3023 2107 3341 2169 ἀπόστολος,
3370 2105 3444 2166 ὡς
3479 2107 3601 2165 ταῖς
3633 2103 3780 2170 ἀλη-

2324 2200 2497 2260 θιναῖς
2529 2199 2770 2267 Πράξεσι
2799 2199 2905 2250 τῶν
2937 2198 3250 2250 ἀποστόλων
3293 2195 3616 2262 δεδήλωται,
3673 2191 3783 2259 τὴν

2326 2292 2628 2358 σύμπνοιαν
2687 2290 2794 2341 τῶν
2834 2291 3084 2344 ἀτάκτων
3130 2288 3461 2354 ἀπεκίνησεν
3522 2282 3780 2352 βοηθείᾳ.

2334 2382 2523 2448 ἸΙμεῖς
2562 2383 2741 2434 τοίνυν
2767 2380 2924 2432 τοῦτο
2957 2378 3237 2446 αἰτοῦμεν,
3269 2379 3356 2429 ἵνα
3400 2379 3519 2436 ταῖς
3547 2373 3782 2427 καθολι-

2322 2474 2441 2534 καῖς
2463 2473 2648 2537 τάξεσι
2677 2473 2786 2523 τῶν
2819 2471 3124 2539 ἐκκλησιῶν
3185 2470 3286 2522 ἀνά
3329 2468 3566 2534 ἑκάστην
3615 2464 3782 2516 πόλιν

2317 2563 2418 2614 ἁνά
2473 2563 2760 2632 διαφόρους
2815 2563 3009 2622 τόπους
3059 2562 3167 2613 τῶν
3227 2559 3584 2626 γειτονουσῶν
3635 2558 3779 2610 ἑκά·

2321 2672 2457 2706 στων
2489 2657 2755 2719 κτήσεων,
2787 2653 3167 2722 ἀνυπερθέτως
3188 2649 3560 2717 παραφυλακὴ
3587 2665 3779 2716 παρα.-

2323 2746 2508 2814 σχεΟῇ.
2542 2749 2690 2814 ’Λμα
2720 2745 2811 2797 καὶ
2843 2744 2999 2797 τοῦτο
3032 2744 3141 2794 δεῖν
3177 2742 3423 2810 αἰτῆσαι,
3483 2740 3627 2792 ὥστε
3677 2740 3780 2789 τὸν

2317 2837 2478 2905 νόμον
2529 2837 2618 2889 τὸν
2686 2835 2972 2888 ἐκτεθέντα
3033 2834 3182 2903 παρὰ
3233 2833 3325 2884 τοῦ
3375 2834 3472 2899 τῆς
3507 2828 3780 2890 εὐσεϐοῦς

2326 2929 2548 2996 μνήμης
2582 2928 2817 2996 Πατέρος
2848 2926 3026 2978 αὖτῶν
3048 2923 3352 2986 Θεοδοσίου,
3383 2925 3472 2974 τὸν
3501 2923 3628 2990 περὶ
3657 2922 3777 2973 τῶν

573 2941 590 2972 ι
641 2923 836 2978 deinde
880 2926 960 2978 sic
989 2939 1108 2977 eam
1147 2926 1317 2994 legem
1375 2929 1965 2996 coutirmarijnbeant.
2015 2939 2073 2980 ut

571 3031 590 3063 ι
638 3015 899 3069 adversus
940 3031 1032 3070 eos
1076 3021 1286 3079 valeat,
1336 3029 1552 3086 propter
1582 3033 1809 3086 quorum
1847 3018 2072 3071 insidias

571 3121 592 3155 ι
635 3106 695 3168 ii,
743 3109 833 3174 qui
861 3109 1141 3162 catholica
1172 3109 1425 3163 Ecclesize
1446 3124 1630 3163 Curam
1652 3111 1930 3176 gerebant,
1980 3125 2072 3177 per
2100 3136 2140 3189 ο

570 3214 586 3243 ι
630 3197 1001 3250 testimonium
1040 3200 1264 3266 depositi
1313 3211 1433 3252 sunt
1465 3217 1478 3263 ;
1525 3212 1581 3254 ut
1611 3201 1711 3254 huc
1735 3202 1925 3255 saltem
1959 3211 2069 3253 ter-

570 3301 588 3332 ι
633 3299 758 3338 rore
796 3301 822 3337 a
860 3286 1127 3342 faciendis
1156 3291 1565 3354 schismatibus,
1611 3302 1663 3343 et
1697 3291 1762 3343 ab
1796 3292 2071 3344 haeretico-

571 3395 586 3425 ι
629 3393 742 3429 rum
783 3379 1128 3447 improbitate
1167 3393 1407 3443 cessent,
1461 3385 1550 3448 qui
1598 3385 1787 3437 :eterui
1822 3384 2066 3452 supplicii

572 3487 590 3516 ι
635 3470 1092 3536 contemplatione
1122 3474 1362 3542 purgari,
1387 3486 1440 3528 et
1465 3476 1662 3544 corrigi
1694 3474 1971 3529 diiIerunt.
2009 3474 2069 3528 ll-

574 3579 590 3608 (
637 3561 723 3613 lud
781 3572 1036 3629 praeterea
1083 3569 1370 3630 petendum
1426 3575 1509 3619 est
1558 3575 1613 3618 ut
1647 3583 1833 3619 eorum
1871 3567 2070 3635 pietate

2321 3019 2451 3071 δέκα
2484 3018 2575 3070 τοῦ
2607 3018 2832 3089 χρυσίου
2855 3018 3074 3087 λιτρῶν,
3104 3017 3194 3069 τὸν
3223 3016 3366 3069 κατά
3389 3015 3498 3067 τῶν
3523 3031 3778 3084 χειροτο-

2319 3109 2552 3162 νούντων
2578 3111 2672 3162 καὶ
2703 3109 3201 3178 χειροτονουμένων
3244 3107 3537 3176 αἱρετικῶν
3595 3106 3778 3172 φυλά-

2318 3200 2499 3263 ξωσιν,
2534 3201 2612 3251 ἔτι
2653 3201 2757 3269 μὴν
2784 3200 2880 3252 καὶ
2929 3199 3075 3251 κατά
3131 3199 3238 3250 τῶν
3300 3198 3581 3267 κτητόρων
3631 3194 3774 3264 παρ’

2317 3286 2715 3360 οἷςὴὲκείνων
2774 3291 2969 3360 εὐρεθῇ
3034 3289 3327 3356 συναγωγή
3360 3304 3372 3316 ·
3427 3282 3527 3338 εἶθ’
3588 3284 3773 3348 οὕτως

2321 3382 2681 3451 βεϐαιωθῆναι
2713 3383 2801 3433 τὸν
2834 3380 3094 3442 τοιοῦτον,
3129 3373 3202 3431 ῶν
3244 3379 3333 3430 διά
3379 3377 3478 3438 τὰς
3537 3377 3772 3427 ἐπιϐου-

2325 3473 2418 3534 λὰς
2455 3475 2501 3524 oi
2533 3477 2631 3540 τῆς
2664 3474 2952 3542 καθολικῆς
2994 3471 3398 3542 προτραπέντες
3429 3470 3517 3522 διὰ
3548 3486 3772 3537 μαρτυ-

2319 3567 2443 3635 ρίαν
2477 3567 2740 3619 ἀπέθεντο
2778 3583 2792 3598 ·
2827 3567 2912 3618 ἵνα
2946 3566 3046 3618 κᾶν
3079 3566 3254 3633 τούτῳ
3285 3564 3358 3632 τῷ
3392 3563 3542 3630 φόϐῳ
3573 3563 3639 3614 ὲκ
3667 3563 3768 3614 τοῦ

584 3673 601 3702 ι
646 3654 727 3706 lex
764 3669 882 3721 quae
940 3656 1103 3707 etiam
1149 3656 1427 3724 hucusque
1465 3658 1699 3721 duravit,
1761 3672 2066 3719 renovetur,

573 3766 588 3794 ι
634 3763 860 3814 qumque
909 3750 1020 3800 sive
1079 3765 1142 3801 ex
1191 3751 1598 3814 donationibus,
1641 3753 1756 3805 sive
1788 3766 1852 3804 ex
1905 3761 2069 3805 testa-

570 3853 586 3882 ς
632 3839 827 3889 mentis
867 3840 1156 3906 quidquam
1190 3843 1436 3908 capiendi
1470 3843 1547 3894 vel
1597 3845 1954 3910 relinquendi,
1990 3856 2065 3906 ct,

570 3947 584 3975 ι
629 3941 683 3978 ιιι
709 3929 876 3980 semel
901 3931 1101 3993 dieam,
1147 3933 1364 3997 propria
1403 3933 1485 3985 vel
1521 3933 1832 4000 relinquere
1868 3935 1949 3986 vel
1978 3949 2068 3987 ca-

2328 3660 2498 3709 ποιείν
2555 3658 2825 3725 σχίσματα
2883 3657 2978 3710 καὶ
3030 3656 3135 3710 ἀπὸ
3185 3657 3281 3724 τῆς
3327 3654 3436 3706 τῶν
3465 3654 3770 3723 αἱρετικῶν

2316 3747 2645 3816 φαυλότητος
2686 3750 3005 3800 παύσωνται
3055 3748 3103 3798 οἱ
3157 3749 3222 3814 τῇ
3281 3746 3605 3810 κατανοήσει
3658 3743 3770 3814 τῆς

2315 3837 2536 3900 αίωνίας
2577 3837 2851 3899 κολάσεως
2899 3836 3240 3904 καθαρθῆναι
3275 3836 3365 3886 καὶ
3399 3834 3769 3902 διορθωθῆναι

2316 3925 2752 3994 ὑπερτιθέμενοι.
2799 3927 3030 3978 Κάκείνο
3070 3924 3148 3976 έτι
3210 3923 3317 3992 μὴν
3381 3924 3603 3993 αἰτῆσαι
3658 3924 3768 3987 δεῖ,

2324 4017 2412 4068 ἵνα
2441 4019 2505 4084 τῇ
2538 4016 2716 4068 αὐτῶν
2745 4017 2998 4085 εὐσεϐείᾳ
3020 4017 3046 4068 ὁ
3076 4017 3169 4067 καὶ
3209 4016 3370 4082 μέχρι
3405 4014 3498 4066 τοῦ
3557 4015 3772 4082 παρόν-

2248 4125 2263 4152 ι
2309 4123 2397 4166 τος
2437 4107 2598 4173 νόμος
2621 4107 3051 4174 ὲπαναληφθείη,
3097 4107 3122 4157 δ
3155 4106 3252 4175 τὴν
3311 4107 3596 4174 εὐχέρειαν
3647 4106 3767 4161 τῶν

2252 4216 2266 4244 ι
2317 4197 2604 4264 αἰρετικῶν
2629 4196 3160 4265 ἀφαιρούμενος,τοῦ
3192 4198 3301 4248 εἴτε
3337 4196 3445 4249 ἀπὸ
3475 4195 3762 4262 διαθηκῶν

2251 4308 2266 4337 ι
2316 4289 2540 4350 τούτους
2579 4289 2838 4341 δύνασθαι
2866 4289 3164 4356 λαμϐάνειν
3200 4289 3252 4340 τί
3301 4305 3453 4349 ποτε,
3503 4287 3535 4356 ἢ
3582 4305 3766 4340 κατα-

2252 4400 2267 4429 (
2317 4381 2627 4448 λιμπάνειν,
2659 4380 2751 4431 καὶ
2787 4380 2969 4440 ἀτελῶς
2994 4381 3194 4441 είπείν,
3225 4379 3317 4431 τοῦ
3346 4380 3455 4431 εἴτε
3481 4380 3728 4448 καταλιμ
3747 4409 3763 4418 -

2247 4490 2262 4520 ι
2313 4471 2501 4522 πάνειν
2530 4488 2598 4534 τι,
2635 4471 2743 4521 εἴτε
2770 4471 3066 4538 λαμϐάνειν
3095 4472 3160 4522 τὰ
3182 4471 3295 4524 ἴδια
3325 4471 3620 4540 ἀφέληται.
3644 4471 3764 4524 τῶν

2246 4580 2261 4609 ι
2310 4564 2372 4630 τῇ
2405 4562 2573 4630 μανίᾳ
2607 4561 2700 4612 τοῦ
2771 4562 2912 4613 ἰδίου
2973 4564 3275 4629 πείσματος
3343 4560 3762 4628 τυφλωθέντων,

2242 4671 2257 4700 ι
2305 4645 2396 4701 καλ
2462 4655 2518 4702 ἐν
2573 4654 2637 4719 τῇ
2677 4651 2785 4702 τῶν
2839 4651 3175 4703 Δονατιστῶν
3239 4651 3414 4721 πλάνῃ
3469 4651 3760 4718 ἐπιμένειν

2249 4760 2264 4790 ι
2315 4740 2678 4809 βουλομένων.
2709 4740 2830 4802 Τοῖς
2867 4741 2921 4793 δὲ
2955 4744 3018 4811 τῇ
3045 4743 3372 4810 κατανοήσει
3412 4740 3511 4808 τῆς
3565 4741 3760 4809 ἑνότη-

571 4835 587 4867 ι
636 4819 740 4870 cati
779 4818 1001 4883 fuerint,
1049 4821 1435 4874 exisdmarnut
1464 4836 1522 4874 se
1558 4820 1753 4874 debere
1776 4823 1840 4873 ad
1873 4823 2061 4874 catho—

2248 4850 2258 4880 ι
2307 4848 2396 4892 τος
2433 4832 2778 4899 καὶεὶρήνης
2833 4831 3060 4893 ἑαυτοὺς
3112 4830 3510 4896 διορθώσασθαι
3565 4829 3759 4898 βουλο-

565 4929 577 4955 ι
628 4910 784 4962 lit-am
846 4910 1139 4964 Eeclesiam
1176 4914 1425 4967 transire.
1463 4913 1534 4965 De
1565 4913 1627 4966 iis
1659 4913 1799 4965 enim
1831 4914 2057 4965 creden-

2248 4941 2258 4969 ι
2312 4922 2493 4989 μένοις
2527 4922 2922 4991 ὑπερκειμένου
2951 4921 3044 4972 τοῦ
3085 4920 3328 4974 τοιούτου
3374 4921 3542 4988 νόμου
3606 4924 3758 4974 ἀνοι-

565 5018 581 5048 ι
631 5001 755 5052 dum
804 5011 905 5067 cst,
943 5016 1036 5056 eos
1076 5019 1179 5056 non
1218 5016 1362 5056 metu
1417 5006 1656 5057 rmicstis
1687 5005 1878 5073 judieii
1906 5044 1920 5065 ,
1967 5006 2059 5059 sed

2248 5031 2256 5061 ι
2306 5011 2458 5078 χθείη
2489 5015 2520 5078 ὴ
2556 5012 2815 5079 ἀκρόασις
2859 5009 2951 5062 τοῦ
2984 5010 3280 5077 λαμϐάνειν
3333 5009 3705 5080 κληρονομίαν
3736 5031 3752 5045 ο

568 4035 582 4062 ι
631 4031 754 4080 pore
781 4016 915 4067 tollit
948 4029 1266 4083 potestatem
1315 4018 1616 4083 lla-reticis,
1641 4021 1729 4087 qui
1761 4021 1810 4071 iu
1838 4021 2068 4088 propria:

561 4119 575 4147 ι
819 4102 1184 4168 persuasionis
1214 4104 1418 4156 insania
1447 4105 1702 4156 cxcmcati
1737 4113 1882 4165 sunt,
1917 4113 1970 4156 et
2016 4105 2065 4156 iu

570 4213 582 4238 ι
634 4192 1033 4245 Donatistarum
1064 4209 1252 4249 errore
1277 4196 1461 4247 volunt
1486 4210 1826 4262 permanere.
1859 4196 1946 4248 Eis
1975 4212 2069 4248 au-

577 4303 592 4330 (
648 4293 778 4346 tem,
806 4285 896 4350 qui
928 4285 1144 4336 unionis
1201 4296 1256 4339 et
1299 4287 1446 4353 pacis
1489 4286 1947 4353 cuntcmplatiouc
1985 4303 2065 4338 se-

569 4390 582 4419 c
626 4371 773 4438 ipsos
821 4374 1004 4424 volunt
1035 4374 1328 4442 corrigere,
1353 4389 1510 4440 supra
1533 4375 1715 4442 posita:
1745 4375 1876 4444 legis
1911 4391 2066 4442 aper-

573 4479 588 4510 ι
640 4470 724 4513 tus
755 4462 825 4513 sit
855 4477 1072 4525 sensus,
1112 4471 1168 4514 ut
1213 4463 1482 4530 accipiant
1531 4463 1943 4529 ltazreditatem;
2018 4465 2059 4516 si
2095 4465 2142 4522 D

571 4566 588 4597 ‹
640 4549 702 4601 iis
728 4549 904 4602 adhuc
935 4550 1063 4614 ipsis
1089 4551 1138 4600 in
1171 4551 1544 4603 haereticorum
1581 4567 1767 4605 errore
1791 4553 2061 4604 constitu-

570 4633 587 4687 ξ
631 4639 698 4690 tis
732 4639 932 4705 aliquid
957 4655 1022 4692 ex
1051 4643 1339 4694 donatione
1365 4641 1445 4693 vel
1473 4641 1782 4694 bazreditate
1801 4643 2057 4694 obvenit:

569 4750 584 4778 ι
632 4733 876 4798 exceptis
909 4732 1112 4785 scilicet
1142 4734 1268 4794 illis,
1299 4735 1389 4802 qui
1420 4745 1702 4802 pOSIquam
1756 4735 1807 4785 iu
1849 4734 1935 4801 jus
1969 4748 2061 4787 vo-

558 5115 571 5142 ι
625 5105 855 5147 terrena:
889 5095 1263 5163 amplitudinis
1288 5095 1585 5148 insatiabili
1611 5093 1933 5161 copiditate,
1966 5109 2057 5146 ca-

566 5204 581 5232 (
632 5186 882 5238 tltolicam
912 5187 1163 5238 unionem
1198 5186 1552 5238 desiderasse.
1604 5186 1681 5236 Ad
1730 5187 1841 5238 haec
1879 5195 2056 5237 autem

561 5296 576 5325 ι
619 5277 822 5341 Omnia,
859 5278 1060 5330 auxilio
1093 5292 1227 5344 opus
1257 5287 1337 5330 est
1368 5277 1755 5345 dynastiarium
1802 5279 2057 5330 uniuscu-

563 5387 578 5416 ι
618 5367 816 5435 jusque
849 5369 1156 5433 provinciae.
1204 5367 1371 5420 Porro
1399 5378 1451 5420 et
1487 5367 1528 5418 si
1557 5366 1683 5434 quid
1707 5365 1847 5418 aliud
1883 5367 2057 5419 anim-

563 5478 578 5506 ι
626 5460 955 5509 adverterit"
1048 5459 1438 5512 ecclesiastica:
1517 5458 1736 5510 utilitati
1787 5457 2056 5520 conferre,

567 5567 582 5595 ι
629 5549 726 5600 hoc
760 5549 1048 5616 peragendi
1097 5559 1151 5601 ct
1201 5548 1515 5616 perﬁciendi
1549 5548 1770 5601 liberam
1820 5549 2061 5601 decerni-

568 5656 584 5687 t
632 5656 751 5692 mus
781 5641 1123 5707 legationem.
1169 5641 1301 5694 illud
1336 5656 1551 5707 quoque
1597 5641 1782 5694 adhzec
1835 5641 2054 5707 placuit,

567 5748 584 5780 ι
628 5743 681 5785 ιιι
732 5733 923 5786 ίὶ.ιρι·;ῐξ
955 5749 1017 5786 ex
1052 5744 1236 5788 uestro
1287 5744 1551 5787 conventu
1607 5738 1672 5784 ad
1725 5733 2054 5787 clarissimos

2237 5121 2253 5150 ι

2239 5212 2254 5241 1

2240 5300 2257 5330 ί

2239 5391 2254 5421 ί

2239 5483 2256 5512 (

2238 5573 2254 5603 1

2301 5105 2346 5152 εἰ
2378 5102 2468 5153 καὶ
2499 5101 2576 5152 ἔτι
2603 5102 2810 5163 τούτοις
2843 5103 3023 5163 αὐτοῖς
3076 5103 3134 5154 ὲν
3178 5105 3242 5172 τῇ
3289 5101 3396 5154 τῶν
3451 5103 3752 5172 αἱρετικῶν

2316 5192 2493 5262 πλάνῃ
2527 5192 2826 5244 καθεστῶσι
2855 5192 3231 5262 προσαρμόζει
3269 5193 3321 5244 τί
3347 5209 3478 5245 ποτε
3508 5195 3618 5246 ἀπδ
3645 5197 3753 5246 δω-

2309 5283 2433 5350 ρεᾶς
2465 5283 2495 5350 ἢ
2535 5283 2919 5350 κληρονομίας,
2955 5283 3306 5352 ἐξῃρημένων
3358 5284 3588 5336 ἐκείνων
3654 5286 3750 5354 δη-

2299 5371 2431 5440 λαδὴ
2463 5373 2656 5433 οἵτινες
2694 5373 2832 5438 μετά
2857 5374 2915 5424 τὸ
2940 5377 3021 5433 εἰς
3047 5373 3203 5441 δίκην
3230 5373 3524 5442 ὲναχθῆναι
3561 5376 3744 5444 ἐλογί-

2308 5480 2467 5514 σαιιτο
2497 5464 2751 5530 ὀφείλειν,
2783 5464 2918 5531 πρὸς
2958 5464 3054 5532 τὴν
3084 5464 3379 5534 καθολικὴν
3435 5465 3744 5532 μετελθεῖν.

2305 5555 2437 5622 Περὶ
2460 5553 2566 5620 γάρ
2596 5553 2702 5607 τῶν
2730 5554 2986 5605 τοιούτων
3018 5556 3328 5606 πιστευτέον
3363 5553 3514 5605 ἐστὶν
3569 5557 3644 5624 μὴ
3671 5555 3746 5621 τῷ

2304 5645 2452 5713 φόϐῳ
2485 5645 2584 5713 τῆς
2602 5644 2851 5710 οὐρανίου
2883 5644 3134 5713 κρίσεως,
3167 5645 3302 5696 ἀλλά
3346 5647 3412 5714 τῇ
3470 5645 3749 5715 ἀπληστίᾳ

2309 5735 2406 5802 τῆς
2442 5736 2636 5803 γηῖνης
2658 5733 3037 5797 λυισιτελείας,
3074 5734 3170 5804 τὴν
3201 5733 3745 5804 καθολικὴνένότητα
