4000 6432
177 496 284 560 333

1247 497 1320 556 IN
1354 496 1517 556 CAN.
1550 491 1754 550 XCV“
1785 490 1987 549 CONC.
2028 494 2396 555 CARTHAG.

3279 497 3378 559 334

181 603 560 672 τοπθτηρηταὶ
587 607 669 664 είς
709 603 772 656 τὸ
832 606 1144 674 κομιτᾶτον,
1171 606 1338 673 ηείουν
1368 603 1446 660 είς
1475 599 1537 652 τὸ
1567 596 1733 650 παλα-

1841 607 2104 651 consensu
2149 598 2366 662 Patrum
2402 602 2603 670 legatos
2649 604 2713 656 ad
2762 606 3095 667 comitatum,
3135 606 3235 657 huc
3277 617 3378 667 est.

179 712 307 747 τιον.
347 694 946 764 Θρησκσυτικιιδτάτους
980 694 1031 746 δὲ
1048 694 1172 754 τοὺς
1199 693 1427 761 βασιλεῖς
1454 691 1725 750 ἐκάλεσεν,

182 785 300 852 ἦτοι
347 783 712 845 πιστοτάτους
759 784 856 834 καὶ
892 782 1475 851 Χριστιαννκωτάτους,
1525 779 1600 841 ὡς
1636 779 1734 842 τῆς

181 873 483 942 θρησκείας
535 873 644 924 τῶν
701 873 1040 943 Χριστιανῶν
1093 873 1587 939 ἀντιποιουμένους.
1641 870 1735 930 Εἰς

178 964 468 1028 ἀνακοπὴν
492 962 592 1028 τῆς
651 962 772 1030 βίας
819 964 914 1014 καὶ
965 961 1190 1026 ἀταξίας
1234 961 1343 1014 τῶν
1400 961 1734 1012 Δονατιστῶν

179 1051 389 1121 γράψαι
446 1053 566 1104 δέον
605 1053 718 1113 τοῖς
768 1054 993 1120 ἄρχουσι
1059 1051 1166 1103 τῶν
1235 1051 1431 1119 χωρῶν
1511 1048 1734 1101 ἐκείνων

177 1143 424 1210 ἔκριναν,
453 1143 540 1194 ἵνα
572 1143 704 1208 παρ’
725 1143 903 1194 αὐτῶν
919 1141 1289 1208 φυλάσσωνται
1330 1142 1385 1191 αί
1424 1137 1733 1205 ἐκκλησίαι,

181 1235 274 1286 καὶ
307 1236 359 1284 oi
384 1234 607 1302 ἔχοντες
634 1233 703 1285 τὰ
733 1233 931 1302 χωρία,
961 1231 1126 1302 ἧγουν
1153 1232 1265 1284 ὅσοι
1322 1230 1418 1294 τῆς
1437 1226 1733 1295 καθολικῆς

189 1317 524 1380 Ἐκκλησίας
578 1318 716 1369 εἰσί·
755 1319 1008 1386 καὶπερὶ
1053 1316 1145 1368 τοῦ
1195 1319 1476 1379 Αίκυτίου,
1525 1313 1614 1366 ἵνα
1645 1314 1735 1364 ἐκ·

174 1407 405 1474 διωιθῇ,
444 1408 538 1458 καὶ
596 1407 760 1476 μήτι
819 1407 894 1468 ὡς
949 1406 1124 1475 ἱερεὺς
1181 1405 1390 1474 ἐκδικῇ.
1444 1403 1554 1456 Καὶ
1599 1401 1735 1472 πρὸς

177 1496 266 1548 τὸν
339 1495 566 1564 Ῥώμης
610 1495 819 1564 γράψαι
873 1493 1181 1547 τετύπωται
1228 1495 1356 1564 περὶ
1409 1492 1501 1545 τοῦ
1557 1508 1734 1561 παρα-

177 1586 368 1638 θέσθαι
425 1586 557 1644 τοὺς
608 1585 1031 1654 τοποτηρητάς,
1108 1587 1274 1656 ἤγουν
1322 1585 1584 1652 συστῆσαι
1631 1583 1729 1634 καὶ

178 1675 444 1744 γνωρίσαι
499 1674 581 1737 τῷ
628 1675 861 1742 βασιλεῖ,
912 1678 1005 1727 καὶ
1056 1676 1192 1744 πρὸς
1231 1676 1354 1737 τοὺς
1394 1675 1582 1735 ἄλλους
1614 1675 1731 1725 ἐπι-

180 1768 420 1826 σκόπους
450 1764 558 1817 τῶν
589 1766 805 1832 χωρῶν,
839 1767 896 1817 ἐν
949 1761 1034 1826 αἷς
1068 1767 1318 1834 ἐνεδήμει
1360 1767 1479 1816 τότε
1520 1765 1547 1816 ὁ
1577 1762 1736 1828 βασι-

172 1853 318 1916 λεύς.

175 2109 400 2162 ΔΡῙΣΤ.
444 2128 468 2161 ι
511 2111 571 2162 Οἱ
599 2111 948 2180 γεννηθέντες
973 2114 1241 2181 εὐσεϐείᾳ,
1273 2116 1366 2165 καὶ
1392 2119 1572 2166 πίστει
1595 2129 1729 2182 τρα-

244 2215 263 2245 σ
303 2199 495 2264 φέντες
517 2197 777 2266 βασιλεῖς,
809 2203 965 2269 χεῖρα
992 2201 1252 2270 παρέχειν
1281 2204 1396 2264 ταῖς
1415 2202 1731 2271 ἐκκλησίαις

252 2306 272 2337 ι
315 2287 644 2355 ὀφείλουσιν,
668 2291 790 2341 ἐπεὶ
825 2291 918 2343 καὶ
933 2291 1145 2343 Παύλου
1176 2291 1428 2360 δεομένου
1462 2308 1726 2358 στρατιω-

249 2395 268 2426 ι
313 2376 471 2443 τικῆς
505 2377 704 2445 χειρὸς,
743 2377 843 2447 τὴν
882 2380 987 2431 τῶν
1037 2380 1283 2432 ἀτάκτων
1319 2380 1527 2433 διέλυσε
1593 2380 1729 2450 σύμ-

249 2483 269 2514 I
311 2481 522 2516 πνοιαν.
559 2485 579 2517 ι

243 2556 356 2623 Τῆς
385 2556 495 2608 τῶν
517 2557 757 2610 εὐσεϐῶν
793 2559 1055 2628 βασιλέων
1096 2564 1414 2631 συμμαχίας
1455 2563 1550 2615 καὶ
1602 2563 1728 2631 βοη-

180 2643 331 2704 θείας
355 2646 412 2695 αί
448 2646 736 2715 ἐκκλησίαι
779 2649 867 2700 ἀεὶ
905 2652 1252 2718 προσδέονται
1279 2668 1291 2681 ’
1344 2655 1436 2706 καὶ
1460 2655 1727 2720 δςείλουσι

179 2732 385 2799 ταύτην
415 2735 682 2804 παρέχειν
711 2737 907 2795 αὑταῖς
933 2739 1006 2801 ὡς
1031 2742 1129 2809 τῆς
1154 2741 1387 2803 πίστεως
1421 2743 1572 2806 ὄντες
1597 2745 1728 2813 πρό-

181 2838 378 2890 μαχον
425 2824 513 2875 ἶνα
558 2826 632 2893 μὴ
670 2827 819 2894 παρὰ
861 2827 967 2878 τῶν
1015 2829 1306 2897 αἱρετικῶν
1355 2832 1388 2900 ἢ
1428 2831 1534 2882 τῶν
1593 2832 1728 2884 ἀτά-

177 2924 324 2962 κτων
364 2915 837 2981 καταφρονῶνται.
876 2915 986 2970 Καὶ
1032 2919 1138 2985 γὰρ
1193 2920 1284 2971 καὶ
1310 2919 1339 2971 ὁ
1392 2920 1602 2983 Παῦλος
1631 2920 1728 2989 τὴν

175 3000 284 3052 τῶν
315 3002 568 3057 ἀτάκτων
613 3004 916 3074 σύμπνοιαν
964 3012 1322 3080 στρατιωτικῇ
1365 3009 1586 3080 βοηθείᾳ
1623 3010 1728 3064 διέ-

175 3086 320 3143 luce.

742 3188 965 3255 Πρᾶξις
1000 3190 1166 3256 ἕκτη.

250 3291 269 3322 ι
321 3274 412 3327 Ἐν
436 3275 607 3347 ταύτῃ
638 3272 703 3347 τῇ
735 3281 932 3347 συνόδῳ
975 3281 1042 3334 τὰ
1093 3283 1375 3351 ὁρισθέντα
1423 3287 1453 3354 ἠ
1497 3255 1793 3354 βραχείαο

179 3376 198 3407 ι
237 3361 524 3428 σαφηνίζει
559 3365 871 3432 πρόσθεσις.
928 3369 1406 3439 Ἐπὶ-Στελίχωνος
1451 3374 1611 3426 πάλιν
1633 3375 1727 3427 καὶ

179 3469 197 3497 ι
238 3448 546 3517 ’Δνθεμίου,
579 3453 684 3505 τῶν
732 3455 1127 3524 λαμπροτάτων
1189 3459 1427 3525 ὑπάτων,
1480 3464 1544 3530 τῇ
1565 3463 1727 3516 δεκά-

185 3557 201 3586 σ
238 3555 303 3609 τῃ
331 3556 441 3609 προ
482 3542 758 3595 καλανδῶν
792 3545 1173 3616 Σεπτεμὸρίων
1225 3549 1282 3600 ἐν
1309 3549 1610 3618 Καρχηδόνι
1643 3555 1723 3612 εἰς

183 3643 200 3675 ι
231 3630 328 3695 τὴν
361 3629 662 3696 ἐκκλησίαν
711 3631 807 3683 τοῦ
868 3633 1117 3704 δευτέρου
1173 3635 1456 3704 κλίματος.
1507 3639 1586 3689 Τὰ
1629 3654 1726 3689 πε-

181 3735 200 3766 ι
236 3719 530 3785 πραγμένα
555 3722 651 3789 τῆς
685 3723 966 3792 παρούσης
1013 3725 1227 3777 συνόδου
1277 3727 1364 3777 διὰ
1392 3726 1548 3780 τοῦτο
1607 3730 1724 3792 ἐξο-

180 3825 198 3856 ι
227 3808 498 3878 λοκλήρου
539 3812 638 3863 οὐκ
666 3814 1009 3882 ἐγράφησαν,
1038 3815 1228 3885 ἐπειδὴ
1259 3817 1456 3886 μᾶλλον
1477 3819 1545 3869 τὰ
1585 3820 1726 3870 κατὰ

184 3913 199 3944 ι
233 3899 320 3946 τὸν
351 3899 542 3965 καιρὸν
575 3901 845 3966 ἀναγκαῖα
869 3903 1010 3970 ἤπερ
1037 3903 1156 3954 τινὰ
1178 3904 1365 3970 γενικὰ
1391 3904 1720 3973 ὡρίσθησαν,

183 4003 200 4033 ι
236 3985 301 4036 δι’
332 3981 410 4039 ὧν
461 3986 684 4056 βραχεῖα
726 3990 971 4052 σύνθεσις
1001 3992 1106 4043 τῶν
1142 3992 1565 4064 σπουδασμάτων
1626 3996 1723 4062 τῆς

180 4091 197 4122 ι
229 4077 400 4144 αὐτῆς
434 4078 652 4130 συνόδου
675 4080 1000 4149 διετυπὼθη.
1041 4100 1059 4132 ι

760 4171 996 4223 ΚΑΝΩΝ
1014 4170 1123 4236 ιιΖἏ

184 4276 198 4304 ι
231 4258 299 4308 Τδ
351 4257 574 4326 βρέϐιον
603 4260 709 4311 τῶν
746 4261 1076 4326 κεφαλαίων.
1106 4265 1224 4317 ’Ὶνα
1275 4267 1530 4338 ἐλευθέρα
1561 4287 1713 4324 τοπο-

245 4369 258 4396 ι
297 4351 537 4416 τηρησία
579 4351 643 4400 ἐκ
669 4350 860 4402 πασῶν
906 4354 1012 4403 τῶν
1046 4355 1322 4424 ἐπαρχιῶν
1355 4361 1432 4422 εἰς
1463 4363 1563 4430 τὴν
1597 4363 1720 4415 σύν-

241 4451 258 4480 ι
293 4434 412 4483 οδον
445 4435 723 4504 ἀποσταλῇ
750 4438 886 4504 πρὸς
913 4438 1185 4501 Μιξόνιον.
1223 4441 1604 4518 Τοποτηρηταὶ
1626 4453 1716 4502 καὶ

241 4543 256 4569 ι
290 4523 598 4591 γράμματα
623 4525 999 4594 ἀποσταλῆναι
1027 4534 1498 4603 παρηγγέλθησαν,
1536 4540 1622 4592 διὰ
1657 4543 1715 4594 τὸ
1750 4561 1795 4619 ο

243 4631 259 4658 ι
298 4613 536 4677 ὀφείλειν
575 4613 872 4684 ἐλευθέραν
921 4618 1200 4688 ἐκπέμψαι
1259 4629 1662 4695 τοποτηρησίαν
1700 4646 1714 4659 ·

241 4722 254 4747 ι
294 4703 401 4763 ἴνα,
439 4703 627 4770 ἐπειδὴ
659 4706 714 4754 ἐν
746 4705 1046 4774 Καρχηδόνι
1064 4710 1225 4778 μόνον
1259 4712 1450 4777 ἐνωσις
1478 4718 1714 4784 ἐγένετο,

242 4810 257 4837 ι
291 4789 583 4857 πεμφθῶσι
612 4794 919 4861 γράμματα
950 4798 1084 4866 πρὸς
1110 4801 1235 4862 τοὺς
1260 4803 1548 4872 ἄρχοντας,
1570 4809 1715 4872 ὅπως

242 4897 256 4928 ι
291 4881 382 4930 καὶ
418 4881 477 4930 ἐν
508 4884 627 4942 ταῖς
686 4883 874 4946 ἄλλαις
913 4887 1202 4957 ἐπαρχίαις
1250 4892 1344 4943 καὶ
1397 4895 1612 4948 πόλεσιν
1664 4903 1713 4951 oi

243 4987 258 5018 ι
290 4971 444 5022 αὑτοὶ
473 4972 739 5039 ἄρχοντες
771 4975 1003 5045 σπουδὴν
1034 4980 1502 5051 ἐπιχορηγηθῆναι
1532 4988 1715 5040 κελεύ-

240 5078 424 5112 ισωσι
468 5066 536 5132 τῇ
574 5062 809 5131 ἐνότητι,
851 5065 938 5117 ἶνα
961 5067 1300 5138 εὐχαριστίαι
1353 5075 1460 5127 ἀπὸ
1506 5079 1604 5146 τῆς
1654 5081 1712 5132 ἐν

238 5174 254 5203 ι
291 5157 597 5231 Καρχηδόνι
633 5157 957 5228 Ἑκκλησίας
979 5162 1120 5231 ὑπὲρ
1140 5165 1317 5236 πάσης
1338 5169 1433 5236 τῆς
1452 5170 1711 5240 Ἀφρικῆς

235 5266 252 5295 ι
296 5252 420 5316 περὶ
469 5248 563 5300 τοῦ
599 5250 938 5322 ἀπελαθῆναι
995 5257 1122 5318 τοὺς
1183 5259 1512 5324 Δονατιστὰς
1572 5265 1710 5330 μετὰ

237 5355 252 5384 ι
281 5339 627 5406 γραμμάτων
679 5340 788 5392 τῶν
841 5343 1154 5396 ἐπισκόπων
1182 5347 1273 5398 ἐπὶ
1325 5345 1385 5400 τὸ
1418 5356 1707 5420 κομιτᾶτον

233 5443 249 5473 ι
293 5430 640 5496 πεμφθῶσιν.
703 5431 1009 5501 Γράμματα
1068 5437 1487 5510 ἀνεγνώσθησαν
1551 5445 1708 5498 Ἰννο-

235 5533 249 5564 ι
283 5518 489 5569 κεντίου
520 5521 617 5571 τοῦ
669 5520 894 5585 πάππα,
933 5524 1019 5575 ἵνα
1046 5528 1092 5578 οἱ
1131 5529 1420 5584 ἐπίσκοποι
1452 5533 1527 5595 ὡς
1548 5534 1704 5605 ἔτυχε

239 5623 254 5653 ι
291 5607 421 5676 πρὸς
479 5610 548 5660 τὰ
595 5614 951 5678 περαματικά
1016 5616 1232 5669 ἀπιέναι
1278 5621 1350 5689 μὴ
1397 5623 1699 5679 δύνανται·

235 5713 251 5744 ι
279 5696 409 5765 ὅπερ
445 5699 604 5753 τοῦτο
633 5702 768 5753 αὐτὸ
793 5705 908 5765 ταῖς
947 5705 1192 5774 γνώμαις
1241 5709 1349 5760 τῶν
1383 5712 1702 5768 ἐπισκόπων

1843 680 1909 732 ad
1946 682 2204 749 palatium
2239 686 2434 742 missos
2477 703 2599 744 esse
2638 690 2979 745 docerentur.
3021 691 3379 760 Religiosissi-

1840 785 1955 823 mos
1980 782 2161 826 autem
2195 774 2566 844 imperatores,
2605 780 2706 835 hoc
2742 791 2860 845 est,
2909 782 3228 837 Christianae
3259 782 3378 837 ﬁdei

1841 862 2150 931 nominique
2178 868 2415 933 apprime
2445 867 2706 936 addictos,
2735 886 2798 924 ac
2829 873 3095 940 religionis
3117 871 3381 927 Christia—

1837 965 1921 1003 na:
1948 951 2029 1003 vel
2057 953 2287 1006 maxime
2314 957 2607 1010 retinentes
2661 958 3010 1026 appellavere.
3068 960 3147 1014 Ad
3169 974 3380 1027 compe-

1837 1040 2061 1091 scendos
2090 1038 2482 1098 Donatistarum
2512 1045 2721 1101 furores
2739 1055 2794 1101 et
2819 1048 3051 1103 insanias
3076 1091 3090 1114 ,
3118 1051 3380 1118 prafectis

1839 1140 2020 1179 earum
2049 1131 2443 1196 provinciarum
2488 1136 2776 1192 mittendas
2817 1151 2935 1192 esse
2962 1140 3169 1194 litteras
3195 1142 3381 1197 decre-

1839 1228 2052 1282 verunt,
2079 1230 2132 1272 ut
2155 1223 2432 1288 ecclesias,
2460 1239 2660 1293 eosque
2685 1228 2773 1295 qui
2798 1231 2992 1298 pradia
3015 1233 3379 1298 possidebant,

1837 1306 1884 1360 si
1925 1307 2001 1362 illi
2041 1311 2294 1366 nimirum
2329 1314 2470 1369 inter
2515 1316 2824 1374 Catholicos
2856 1335 3224 1388 censerentur,
3279 1326 3378 1392 ipsi

1837 1395 2184 1454 defenderent
2212 1417 2226 1454 :
2250 1404 2314 1455 de
2346 1404 2557 1474 Equitio
2593 1420 2806 1476 quoque
2833 1419 2890 1463 ut
2919 1412 3254 1478 extrudatur,
3287 1431 3383 1465 nec

1842 1486 2002 1540 ullam
2055 1492 2405 1546 sacerdotalis
2446 1496 2682 1550 muneris
2720 1506 2925 1563 partem
2973 1501 3195 1555 omnino
3225 1505 3384 1554 attin-

1838 1580 1946 1639 gat.
1978 1571 2262 1632 Mittendas
2283 1580 2465 1645 {etiam
2497 1579 2704 1636 litteras
2735 1585 2799 1636 ad
2836 1583 3136 1640 Romanum
3171 1590 3386 1657 episco-

1838 1678 1987 1731 pum,
2021 1674 2071 1717 ut
2107 1666 2308 1736 legatos
2339 1671 2526 1740 imper.
2559 1675 2740 1740 sistat,
2777 1677 2876 1731 huc
2900 1687 2999 1739 est,
3045 1682 3383 1734 commendet

1837 1761 1998 1820 atque
2026 1757 2311 1822 conciliet;
2343 1774 2406 1812 ac
2435 1761 2488 1814 in
2521 1763 2765 1818 eamdem
2812 1769 3133 1820 sententiam
3168 1774 3235 1822 ad
3288 1786 3380 1823 ca-

1841 1857 1956 1896 rum
1995 1845 2277 1912 regionum
2309 1850 2608 1918 episcopos,
2647 1854 2697 1905 in
2728 1857 2921 1922 quibus
2956 1867 3081 1911 tunc
3127 1861 3381 1927 temporis

1763 1921 1811 1979 B
1840 1932 2135 2001 imperator
2181 1937 2567 2004 diversaretur,
2625 1945 2965 1999 scribendum
3017 1962 3140 2003 esse
3189 1961 3382 2004 statue-

1831 2033 1980 2076 runt.

1827 2111 2050 2168 ARIST.
2113 2135 2130 2166 ι
2167 2116 2265 2182 Qui
2321 2118 2371 2171 in
2418 2135 2540 2174 vera
2581 2123 2835 2192 religione
2887 2127 3016 2189 nati,
3071 2140 3122 2181 et
3176 2130 3226 2181 in
3280 2130 3380 2183 fide

1905 2222 1925 2255 ι
1965 2207 2176 2261 educati
2229 2210 2442 2264 fuerunt
2472 2212 2842 2280 imperatores,
2889 2233 3105 2272 manum
3148 2222 3382 2274 auxilia-

1906 2313 1924 2345 ι
1961 2297 2144 2351 tricem
2218 2302 2462 2356 ecclesiis
2516 2305 2770 2360 exhibere
2826 2311 3018 2362 debent
3074 2329 3086 2364 :
3133 2315 3378 2378 quoniam

1907 2404 1924 2434 ι
1968 2396 2021 2439 et
2056 2387 2219 2442 Paulo
2259 2391 2503 2445 militaris
2547 2411 2739 2449 manus
2774 2398 3060 2466 iudignnte,
3095 2401 3205 2455 haec
3240 2403 3382 2456 inso-

1903 2491 1922 2522 ι
1956 2474 2174 2528 lentium
2197 2479 2644 2545 conspirationem
2672 2485 2960 2540 dissolvit»

1899 2563 2113 2616 Piorum
2159 2565 2542 2634 imperatorum
2590 2573 2790 2626 auxilio
2827 2583 2877 2629 et
2906 2578 3215 2645 adjumento
3243 2599 3382 2636 sem-

1830 2665 1925 2718 per
1956 2653 2192 2722 indigent
2218 2657 2454 2712 ecclesize
2497 2679 2509 2714 :
2538 2670 2592 2714 et
2638 2663 2831 2717 debent
2865 2666 2993 2719 illud
3029 2668 3092 2722 iis
3121 2674 3378 2738 praebere,

1829 2747 2012 2808 utpote
2054 2745 2144 2810 qui
2173 2744 2291 2801 lidei
2341 2759 2467 2802 Sunt
2503 2765 2962 2821 propugnatores;
2993 2774 3058 2810 ne
3116 2761 3181 2811 ab
3208 2762 3376 2814 barre—

1831 2831 1949 2885 ticis
2002 2834 2162 2904 632
2211 2849 2301 2890 aut
2354 2839 2710 2910 immerigeris
2737 2845 3007 2913 despectui
3060 2850 3377 2906 habeantur.

1829 2917 2037 2975 Etenim
2075 2927 2185 2991 ipse
2238 2943 2446 2997 quoque
2478 2931 2672 2988 Paulus
2729 2935 3070 2991 insolentium
3105 2932 3379 2996 hominum

1828 3014 2276 3080 conspirationem
2312 3020 2528 3075 militari
2573 3025 2776 3078 auxilio
2804 3029 3074 3084 discussit.

2430 3201 2581 3257 Actio
2617 3218 2787 3259 scala.

1901 3300 1921 3332 ι
1963 3283 2089 3349 Quae
2128 3287 2178 3338 in
2227 3289 2325 3342 hac
2366 3295 2568 3360 synodo
2613 3299 2827 3350 definita
2860 3308 2980 3352 sunt
3012 3303 3187 3356 brevis
3229 3304 3375 3372 adje-

1834 3391 1852 3423 ι
1888 3375 1996 3426 ctio
2041 3377 2297 3431 declarat.
2342 3382 2450 3436 Sub
2482 3384 2748 3440 Stelicoue
2777 3405 2960 3444 rursus
2991 3406 3042 3446 et
3072 3396 3373 3459 Anthemio,

1833 3480 1852 3512 ι
1885 3463 2200 3522 clarissimis
2227 3472 2559 3539 consulibus,
2586 3477 2651 3529 ad
2679 3479 2940 3532 decimum
2967 3482 3068 3534 cal.
3098 3485 3371 3553 Septemb.

1833 3569 1852 3600 ι
1893 3553 2236 3624 Carthagine,
2294 3561 2342 3614 in
2398 3565 2620 3620 ecclesia
2678 3570 2895 3625 secundi
2947 3574 3197 3628 climatis.
3245 3578 3376 3632 Acta

1831 3657 1851 3692 ι
1903 3647 2182 3709 praesentis
2226 3654 2414 3718 synodi
2469 3665 2748 3723 propterea
2803 3660 3006 3728 integre
3049 3665 3243 3730 scripta
3274 3683 3375 3718 nun

1831 3748 1849 3780 ι
1897 3744 2043 3799 sunt,
2090 3740 2338 3804 quoniam
2397 3745 2566 3813 magis
2617 3761 2735 3814 qua
2781 3761 2936 3803 erant
2993 3768 3088 3818 pro
3141 3765 3378 3821 tempore

1835 3839 1853 3870 ι
1891 3827 2217 3892 necessaria,
2246 3844 2404 3897 quam
2437 3834 2543 3887 ulla
2577 3838 2868 3904 generalia,
2905 3845 3188 3896 constituta
3224 3858 3374 3906 simi;

1831 3928 1849 3958 ι
1906 3924 2125 3980 propter
2171 3930 2290 3982 quae
2335 3917 2512 3975 brevis
2558 3927 2874 3992 compositio
2918 3946 3125 3996 eorum,
3158 3947 3278 4000 qua:
3327 3938 3374 3987 in

1832 4020 1850 4052 ι
1892 4002 1990 4057 hac
2021 4006 2224 4074 synodo
2258 4010 2496 4065 studiose
2530 4023 2649 4067 acta
2677 4025 2822 4082 sunt,
2855 4033 3106 4088 expressa
3138 4034 3239 4079 est.
3283 4044 3304 4077 ι

2364 4186 2591 4243 CANON
2617 4190 2827 4248 XCVII.

1880 4273 2212 4327 breviculum
2240 4278 2494 4344 capitmn.
2521 4279 2589 4334 Ut
2614 4282 2780 4337 libera
2817 4287 3014 4356 legatio
3038 4305 3099 4343 ex
3129 4295 3377 4348 omnibus

1897 4379 1914 4410 ι
1955 4364 2240 4429 provinciis
2275 4367 2339 4417 ad
2381 4370 2639 4434 synodum
2690 4374 2932 4426 mittatur
2961 4377 3012 4427 in
3050 4377 3364 4434 Mizoninm.

1899 4470 1916 4501 ι
1955 4451 2134 4520 Legati
2167 4470 2377 4524 quoque
2403 4459 2609 4514 litteras
2640 4463 2850 4517 :nittnre
2878 4464 3017 4531 jnssi
3047 4480 3192 4532 sunt,
3235 4479 3372 4539 (ιιιυιί

1898 4561 1915 4591 ι
1969 4543 2198 4596 debeant
2230 4548 2476 4602 emittere
2509 4551 2729 4604 liberam
2751 4554 3067 4622 legationem
3102 4578 3113 4611 :
3147 4571 3222 4626 ut,
3253 4566 3374 4631 quia

1901 4651 1918 4682 ι
1963 4633 2287 4705 Carthagine
2330 4639 2498 4692 solum
2545 4642 2671 4696 unio
2705 4643 2842 4698 facta
2889 4659 2990 4712 est,
3038 4651 3225 4708 littera:
3256 4660 3377 4706 mit-

1903 4737 1918 4769 ι
1962 4727 2144 4774 tantur
2173 4724 2237 4774 ad
2271 4725 2637 4793 magistratus,
2673 4741 2728 4784 ut
2758 4734 2812 4786 in
2859 4736 2980 4789 aliis
3011 4756 3221 4809 quoque
3251 4762 3374 4810 prn-

1900 4825 1916 4856 ι
1957 4809 2147 4863 vinciis
2187 4822 2241 4864 et
2289 4814 2596 4870 civitatibus
2644 4820 2744 4885 ipsi
2789 4826 3372 4899 magistratusjuheant

1898 4915 1914 4947 ι
1949 4899 2185 4952 studium
2212 4903 2453 4958 adhiberi
2484 4907 2663 4961 unioni
2690 4925 2704 4973 ;
2737 4922 2791 4963 ut
2815 4915 3104 4978 gratiarnm
3134 4921 3372 4974 2Cli0lit'5

1898 5004 1916 5034 ι
1950 4988 2016 5040 ab
2045 4988 2280 5046 Ecclesia
2341 4993 2744 5066 Carthagincnsi
2790 5017 2886 5069 pro
2939 5014 3046 5057 tota
3097 5006 3272 5060 Africa
3307 5010 3372 5060 de

1895 5096 1912 5126 ι
1969 5080 2154 5147 ejectis
2187 5083 2476 5139 Donatistis
2525 5104 2646 5141 cum
2691 5090 2878 5146 litteris
2913 5096 3284 5164 episcoporum
3317 5100 3366 5153 in

1896 5186 1914 5217 (
1971 5171 2280 5225 comitatum
2338 5177 2639 5233 mittantur.
2699 5179 2952 5236 Recitata:
3007 5200 3129 5237 sunt
3181 5187 3368 5242 littera:

1897 5279 1913 5310 ι
1967 5261 2261 5317 Innocentii
2305 5281 2469 5334 papa,
2522 5278 2579 5321 ut
2625 5272 2855 5339 episcopi
2899 5277 2962 5325 ad
3011 5279 3364 5330 tr.tn5tttat'i:t:t

1884 5371 1902 5402 ς
1940 5370 2160 5424 pergere
2204 5355 2361 5411 facile
2407 5376 2510 5413 non
2546 5363 2807 5418 tlebeant'
2853 5371 2990 5434 quod
3031 5371 3203 5438 ipsum
3254 5375 3368 5439 cpi-

1890 5463 1907 5494 σ
1965 5459 2248 5513 scaporum
2296 5452 2579 5506 sententiis
2627 5457 2978 5510 conﬁrmatur
3011 5477 3020 5510 :
3053 5473 3105 5512 ut
3153 5473 3366 5528 propter

1885 5551 1904 5583 ι
1969 5538 2263 5604 gratiarum
2321 5541 2586 5595 actionem
2643 5552 2708 5597 ob
2755 5549 3000 5602 exclusos
3056 5552 3361 5605 Dnnatistas

1887 5645 1904 5678 ι
1943 5628 2051 5682 duo
2083 5630 2262 5684 clerici
2292 5633 2546 5688 Ecclesiae
2586 5636 3023 5708 Carthaginiensis
3049 5643 3111 5694 ad
3142 5645 3367 5696 comita-

1888 5728 2030 5769 ntum
2061 5720 2360 5774 mittantur.
2389 5740 2406 5772 ι

238 5787 750 5854 «βεϐαιιιῦταισῖνα
821 5795 905 5846 διὰ
957 5800 1056 5866 τὴν
1125 5801 1476 5870 εὐχαριστίαν
1544 5809 1669 5874 περὶ
1739 5811 1831 5862 τοῦ
1898 5809 2186 5880 διωχθῆναι
2238 5813 2358 5874 τοὺς
2412 5817 2735 5882 Δονατιστὰς
2811 5822 2901 5874 δύο
2970 5822 3217 5890 κληρικοὶ
3263 5823 3360 5893 τῆς

243 5900 258 5930 ι
294 5886 344 5934 ἐν
374 5887 681 5946 Kac-mimi
728 5885 1047 5948 Ἐκκλησῖας
1071 5894 1169 5946 ’ἐπὶ
1203 5897 1261 5947 τὸ
1297 5901 1587 5951 munitm)
1617 5905 1956 5959 πενιωθῶςιν.
1993 5924 2009 5955 ι
