4000 6462
170 324 260 391 331

230 546 249 578 ι
283 544 401 597 σης,
440 533 734 603 γράμματα
759 536 899 605 πρὸς
927 539 1023 607 τὴν
1053 538 1376 611 αύθεντικὴν
1401 543 1697 609 negassem
1728 559 1739 570 '

228 635 245 666 ι
276 622 573 693 καθέδραν,
605 624 699 676 καὶ
736 625 958 689 σύνοδος
999 626 1250 694 γινέσθω,
1288 630 1415 684 ἔνθα
1441 631 1658 684 εὔθετον
1686 647 1699 660 ·

230 726 250 757 ι
283 710 342 762 at
371 712 432 764 δὲ
466 714 539 782 μὴ
562 716 741 768 κοιναὶ
763 716 936 769 αἰτίαι
971 718 1028 770 ἐν
1054 720 1175 782 ταῖς
1201 720 1363 782 ἰδίαις
1412 720 1701 790 ἐπαρχίαις

230 817 248 848 ι
282 802 679 869 κρινέσθωσαν.
734 823 754 855 ι

226 888 294 941 Τὸ
325 890 429 958 μὲν
460 891 520 942 ἐν
561 892 769 965 ἑκάστῃ
795 894 1032 968 ἐπαρχία
1054 897 1266 953 σύνοδον
1307 903 1429 954 κατ’
1454 901 1570 964 ἔτος
1592 900 1703 953 τῶν

1198 344 1277 406 IN
1309 344 1469 407 CAN.
1504 345 1686 408 XCIX
1721 347 1929 407 CONC.
1967 348 2338 409 CARTHAG.
2384 366 2387 377 ·

226 456 245 488 ι
272 438 502 508 λυθῆναι
539 447 658 508 τοὺς
688 448 1042 511 Δονατιστάς.
1072 452 1268 518 Κοινῆς
1291 453 1479 523 χρείας
1503 454 1697 508 καλού-
1728 461 1774 515 Α

3242 340 3344 401 338

1879 475 1897 508 ι
1933 468 2037 511 tur.
2084 453 2364 511 Communi
2409 464 2628 522 urgente
2667 452 3002 514 necessitate,
3045 453 3107 502 ad
3152 452 3347 518 princi-

1880 565 1899 597 ‹
1960 546 2129 613 polem
2182 545 2363 599 sedem
2421 542 2615 596 litterae
2666 540 2967 605 mittantur,
3015 546 3069 593 et
3118 538 3346 607 synodus

1872 652 1889 684 ι
1945 632 2241 686 celebretur
2279 633 2333 684 in
2365 632 2483 684 loco
2529 628 2887 681 convenienti.
2942 626 3124 680 Causae.
3171 635 3350 678 autem

1877 740 1897 773 ε
1931 722 2213 776 ordinariae
2247 722 2299 774 in
2333 718 2560 789 propriis
2590 717 2879 786 provinciis
2929 716 3297 784 dijudicentur.

1873 894 1928 949 lu
1982 896 2188 963 singula
2242 894 2454 963 quidem
2505 890 2773 960 provincia
2835 891 3089 960 synodum
3147 905 3353 959 episco-

166 979 474 1031 ἐπισκόπων
502 981 670 1051 αὐτῆς
688 983 955 1047 γίνεσθαι,
972 988 1066 1040 καὶ
1092 989 1190 1051 τὰς
1214 989 1706 1060 παρεμπιπτούσας

1841 998 2000 1038 orum
2049 985 2192 1039 illius
2234 984 2522 1053 Quotannis
2572 983 2853 1049 celebrari,
2887 990 2938 1036 et
2964 982 3355 1036 controversias

164 1067 215 1116 ἐν
236 1067 427 1128 αὐταῖς
456 1068 643 1132 ίδικῶς
667 1071 1130 1140 ἐκκλησιαστικὰς
1182 1078 1516 1147 ἀμφιϐολίας
1549 1093 1707 1130 κανο-

1806 1074 2022 1143 proprie
2044 1074 2432 1128 ecclesiasticas
2454 1072 2504 1125 in
2528 1072 2592 1125 iis
2616 1072 2905 1133 incidentes
2925 1072 3176 1124 canonice
3216 1086 3357 1138 qna:—

1812 1178 1931 1217 rere
1977 1164 2177 1230 pariter
2222 1178 2286 1216 ac
2332 1162 2559 1221 solvere,
2592 1170 2643 1214 et
2674 1161 2786 1213 haec
2815 1161 2970 1212 etiam
3009 1160 3242 1228 synodus
3266 1159 3359 1227 ju-

1814 1251 1923 1306 bet.
1950 1251 2195 1307 Omnium
2225 1258 2401 1304 autem
2440 1250 2634 1303 Africa:
2667 1248 3058 1317 provinciarum
3086 1250 3359 1315 episcopos

1818 1343 1872 1396 in
1932 1342 2109 1408 aliquo
2164 1340 2281 1393 loco
2332 1341 2619 1396 convenire
2682 1347 2735 1393 et
2792 1353 3132 1391 communem
3190 1338 3362 1390 facere

1813 1431 2099 1502 synodum,
2148 1431 2246 1483 nisi
2293 1445 2601 1482 communes
2628 1429 2734 1481 sint
2763 1444 2957 1491 conste,
2989 1437 3201 1495 propter
3231 1441 3362 1495 quas

165 1515 224 1567 δι’
258 1517 325 1578 ἃς
350 1519 631 1585 ὀφείλουσι
665 1523 960 1587 συνελθεῖν,
998 1524 1168 1586 ἄλλως
1198 1524 1442 1592 γίνεσθαι
1470 1527 1534 1578 ού
1575 1543 1707 1593 συγ-

1841 1522 2109 1576 >onvcnire
2140 1521 2355 1586 debent,
2381 1522 2535 1574 aliter
2563 1521 2674 1573 ﬁeri
2707 1536 2809 1573 non
2838 1521 3117 1587 permittit.
3146 1517 3364 1583 Quando

168 1610 350 1676 χωρεῖ.
394 1609 667 1675 Ὀπηνῐκα
700 1611 758 1663 δέ
783 1628 864 1672 τις
918 1613 1067 1682 κοινὴ
1118 1614 1268 1666 αίτία
1308 1615 1492 1683 κοινὴν
1512 1616 1714 1685 ἀπαιτῇ

1841 1619 2004 1663 intem
2050 1625 2210 1665 causa
2251 1610 2426 1679 aliqua
2458 1610 2754 1664 communis
2780 1624 3112 1661 communem
3144 1607 3367 1676 requirit

167 1696 413 1759 γενέσθαι
459 1697 703 1763 σύνοδον,
736 1700 874 1769 πρὸς
911 1701 1002 1752 τὸν
1029 1702 1128 1771 τὴν
1186 1704 1408 1771 πρώτην
1444 1704 1714 1772 καθέδραν

1841 1699 2080 1754 :elebrari
2139 1701 2421 1769 synodum,
2480 1700 2546 1753 ad
2606 1699 2935 1766 episcopum,
2991 1700 3078 1765 qui
3142 1699 3365 1764 primam

172 1784 356 1850 ἔχοντα
385 1786 691 1840 ἐπίσκοπον
720 1788 997 1855 ὀφείλουσι
1056 1791 1206 1861 παρὰ
1256 1792 1363 1845 τῶν
1410 1793 1720 1845 ἐπισκόπων

1841 1801 1963 1846 .enet
2004 1792 2336 1857 cathedram,
2360 1792 2549 1843 littera:
2584 1790 2649 1842 ab
2693 1788 2955 1857 episcopis
2990 1788 3124 1841 mitti
3151 1788 3366 1847 debent,

172 1875 488 1941 πέμπεσθαι
537 1878 866 1946 γράμματα.
898 1880 989 1932 καὶ
1016 1880 1143 1933 ἔνθα
1200 1882 1265 1934 ἂν
1295 1884 1502 1945 ἐκεῖνος
1558 1884 1721 1954 κρίνῃ

1841 1894 1879 1934 ξι
1913 1883 1999 1935 ubi
2040 1882 2127 1935 illc
2171 1882 2415 1936 idoneum
2448 1879 2768 1949 iudicaverit
2797 1878 3104 1943 convenire,
3140 1877 3209 1931 ibi
3245 1890 3369 1930 con-

168 1966 477 2034 ἐπςτήδειον
505 1964 647 2020 εἶναι
680 1969 973 2036 συνελθεῖν,
1011 1973 1187 2025 ἐκεῖσε
1214 1974 1307 2025 καὶ
1357 1973 1718 2044 συναχθήσονο

1841 1988 1978 2043 ιιιρειι
1989 1972 2206 2032 buntur.

165 1156 317 1217 νικῶς
351 1156 537 1225 ζητεῖν
564 1176 623 1212 τε
654 1162 748 1214 καὶ
770 1162 917 1216 λύειν
945 1165 1039 1218 καὶ
1069 1167 1100 1234 ἡ
1133 1167 1346 1229 σύνοδος
1375 1166 1511 1235 αὕτη
1533 1184 1706 1236 προσ-

162 1247 374 1298 τάττειν
416 1248 480 1299 τὸ
504 1248 563 1300 δέ
599 1251 787 1304 πασῶν
843 1253 951 1305 τῶν
997 1256 1272 1325 ἐπαρχιῶν
1320 1258 1417 1324 τῆς
1447 1255 1711 1325 Ἀφρικῆς

162 1335 276 1397 τοὺς
306 1336 649 1403 ἐπισκόπους
705 1342 1058 1412 συνέρχεσθαι
1108 1344 1165 1397 ἐν
1210 1361 1316 1398 τινι
1381 1346 1550 1415 τόπῳ,
1616 1347 1712 1401 καὶ

166 1428 345 1496 κοινὴν
372 1432 557 1482 ποιεῖν
586 1431 824 1495 σύνοδον,
852 1435 901 1485 εί
926 1434 998 1503 μὴ
1039 1435 1216 1488 κοιναί
1263 1436 1401 1489 εἰσιν
1450 1437 1506 1488 al
1544 1437 1713 1491 αίτίαι

170 2070 276 2108 ται.

735 2149 968 2206 ιιΑΝρΝ
1005 2154 1120 2221 seu

176 2255 194 2285 ι
239 2239 363 2290 ’ἶνα
386 2240 637 2307 αἱρετοὺς
662 2241 923 2306 δικαστὰς
947 2244 1019 2313 μὴ
1047 2245 1165 2309 ἐξὸν
1191 2244 1280 2312 εἴη
1303 2246 1726 2302 ἐκκαλέσασθαι.

247 2346 266 2377 ι
326 2328 456 2381 Ἐὰν
482 2331 539 2382 δὲ
592 2330 818 2398 γένηται
864 2332 1148 2401 ἕκκλητος,
1210 2336 1303 2387 καὶ
1348 2335 1661 2403 ἐπιλέξηται
1701 2336 1729 2386 ὁ

245 2434 265 2465 α
310 2419 756 2483 ἐκκαλεσάμενος
780 2421 1059 2487 δικαστὰς,
1088 2423 1181 2475 καὶ
1210 2424 1325 2491 μετ’
1358 2424 1520 2478 αὐτοῦ
1548 2426 1733 2478 κάκεῖ-

250 2526 269 2558 σ
306 2524 399 2570 νος
430 2508 555 2561 καθ’
574 2503 636 2561 οὗ
669 2510 1044 2576 ἐξεκαλέσατο,
1074 2512 1168 2565 τοῦ
1186 2513 1373 2566 λοιποῦ
1399 2514 1503 2565 ἀπὸ
1529 2514 1732 2567 τούτων

248 2615 270 2647 ι
306 2598 495 2666 μηδενὶ
520 2599 721 2662 ἐξέστω
748 2600 1117 2656 ἐκκαλεῖσθαι.
1156 2583 1293 2673 Περὶ
1319 2619 1519 2671 τοποτη
1531 2604 1732 2672 ρηοιῶν

251 2707 272 2738 ι
311 2688 589 2757 διαφόρων
655 2691 957 2760 ἐπαρχιῶν.
1032 2691 1156 2756 Ὑφ’
1207 2691 1264 2744 ἓν
1342 2693 1733 2762 τοποτηρησίαι

250 2797 271 2828 ι
306 2778 585 2847 διαφόρων
620 2780 901 2851 ἐπαρχιῶν
958 2784 1367 2851 ὲμςανισθεῖσαι
1440 2787 1736 2855 χαριέντως

251 2885 271 2918 ι
308 2868 788 2936 προσεδέχθησαν·
851 2870 993 2924 τοῦτ’
1047 2872 1160 2924 ἔστι
1217 2873 1325 2925 τῶν
1396 2872 1736 2942 Νουμηδίων,

253 2977 278 3010 ε
316 2960 427 3013 τῶν
493 2962 846 3028 Βυζακηνῶν,
893 2964 1000 3016 τῶν
1046 2965 1287 3033 Μαύρων
1352 2967 1736 3033 Σιτιφενσιῶν·

256 3067 277 3101 ε
310 3051 516 3117 ὁμοέως
537 3052 592 3103 δὲ
626 3053 719 3104 καὶ
740 3054 1146 3122 Καισαριανῶν,
1177 3054 1311 3108 ἀλλὰ
1355 3056 1448 3107 καὶ
1485 3054 1594 3107 τῶν
1631 3055 1737 3107 ἀπὸ
1766 3077 1811 3137 c

257 3158 278 3191 α
317 3140 653 3208 Τριπόλεως.
682 3144 817 3211 Περὶ
851 3142 1191 3197 ἱκὸιϐαστῶν
1215 3143 1315 3212 τῆς
1390 3144 1733 3211 Ἑκκλησίας.

258 3249 280 3279 ι
325 3231 565 3297 Ἦρεσεν
595 3232 730 3299 πρὸς
754 3232 984 3295 τούτοις,
1003 3232 1487 3294 ὥστεέκδιδαστὰς
1518 3233 1572 3285 ἐν
1602 3235 1739 3285 πᾶσι

258 3340 278 3371 ε
317 3324 431 3382 τοῖς
455 3322 553 3389 τῆς
574 3323 903 3391 Ἐκκλησίας
920 3323 1199 3392 χρειώδεσι
1228 3324 1390 3375 πέντε
1420 3323 1739 3391 ἐπιλεγῆναι

252 3430 271 3461 ι
318 3410 629 3477 αἱτηθῆναι,
679 3412 879 3473 οῖτινες
914 3414 972 3463 ὲν
1021 3413 1140 3474 ταῖς
1186 3412 1461 3479 διαφόροις
1490 3413 1742 3481 ἐπιμερι-

265 3520 285 3551 r
320 3501 611 3569 σθήσονται
642 3502 955 3569 ἐπαρχίαις.
980 3519 1001 3552 ι

243 3591 443 3644 ΒΔΛΣ.
470 3590 551 3643 Τὰ
583 3591 684 3658 μὲν
712 3590 843 3644 ἄλλα
878 3590 971 3643 τοῦ
1009 3592 1276 3661 παρόντος
1325 3592 1545 3655 κανόνος
1603 3592 1744 3645 εἰσὶν

183 3680 515 3749 ἀλυσιτελῆ’
560 3680 591 3732 δ
653 3680 708 3732 δέ
732 3696 866 3755 φησι.
934 3682 1063 3746 περὶ
1114 3683 1408 3753 αίρετικῶν
1451 3684 1738 3750 δικαστῶν,

182 3770 422 3823 τοιοῦτόν
504 3772 674 3824 ἐστιν.
728 3771 1004 3840 Alps-tt:on
1064 3773 1246 3836 εἰσιν,
1286 3773 1337 3825 οἳ
1394 3775 1487 3827 καὶ
1539 3775 1743 3844 αἱρετοὶ

182 3860 443 3912 δικασταὶ
471 3859 747 3929 λέγονται,
794 3861 844 3913 οἱ
878 3861 1014 3914 κατά
1045 3861 1262 3931 θέλησιν
1294 3862 1606 3928 δικάζοντες
1634 3865 1744 3917 τῶν

184 3951 583 4018 δικαζομένων.
616 3951 784 4017 Φησὶν
816 3946 911 4003 οὖν
943 3951 971 4003 ὁ
1002 3950 1181 4005 κανὼν
1205 3953 1306 4015 ὅτι,
1338 3952 1431 4006 ἐὰν
1456 3954 1741 4025 κριθῇτις,

189 4041 280 4090 καὶ
314 4038 757 4105 ἐκκαλεσάμενος
787 4039 980 4107 ἐληται
1010 4039 1161 4109 παρὰ
1183 4039 1322 4109 τῷδέ
1350 4058 1459 4094 τινι
1505 4042 1583 4110 τῷ
1625 4046 1746 4096 ἐπι-

189 4124 371 4191 σκόπῳ
404 4124 475 4175 τὰ
498 4127 597 4192 τῆς
630 4125 895 4193 ἐκκλήτου
918 4130 1220 4194 γυμνάσαι,
1265 4130 1359 4180 καὶ
1379 4129 1500 4182 οὐδὲ
1534 4131 1561 4182 ὁ
1594 4131 1742 4183 ἀντί-

188 4212 330 4276 δικος
384 4213 525 4279 πρὸς
556 4213 716 4265 τοῦτο
751 4214 1040 4284 ἀντιπέσῃ,
1072 4216 1249 4268 οὐδενὶ
1280 4216 1485 4269 τούτων
1509 4218 1602 4270 τοῦ
1633 4219 1745 4270 λοι-

192 4305 285 4354 ποῦ
333 4303 939 4367 ἐξέσταιλέκκαλεῖσθαι
971 4305 1112 4358 κατὰ
1143 4306 1241 4373 τῆς
1301 4306 1630 4375 ἀποφάσεως
1653 4307 1746 4359 τοῦ

2390 2151 2614 2207 CANON
2647 2150 2832 2207 XCIX.

1834 2260 1852 2294 ι
1890 2241 1967 2298 Ne
2006 2244 2073 2297 ab
2101 2244 2351 2298 electitiis
2375 2246 2650 2313 judicibus
2683 2242 2950 2311 appellare
2981 2240 3158 2295 liceat.
3195 2237 3252 2294 Si
3283 2254 3376 2292 au-

1897 2350 1914 2383 ι
1948 2341 2053 2385 tem
2082 2335 2278 2387 emissa
2307 2336 2375 2387 sit
2402 2334 2707 2403 appellatio.
2739 2342 2793 2387 et
2821 2332 2907 2400 qui
2934 2330 3210 2400 appellavit
3239 2329 3380 2398 judi-

1910 2441 1929 2473 ι
1970 2438 2060 2478 ccs
2103 2425 2343 2490 elegerit.
2394 2431 2447 2475 et
2491 2437 2609 2479 cum
2641 2422 2731 2476 illo
2766 2422 2809 2474 is
2844 2434 3079 2489 quoque,
3124 2418 3380 2472 adversus

1903 2531 1921 2564 ι
1960 2526 2115 2580 quem
2169 2511 2477 2581 appellavit,
2512 2513 2578 2565 ab
2612 2511 2696 2565 bis
2744 2511 2992 2578 deinccps
3038 2508 3165 2562 nulli
3199 2507 3382 2576 appel-

1906 2619 1925 2651 ι
1982 2600 2090 2654 lare
2121 2600 2298 2655 liceat.
2335 2600 2408 2655 De
2437 2600 2766 2654 diversarum
2804 2585 3199 2668 provinciarum
3232 2597 3380 2663 lcga-

1906 2708 1923 2740 ι
1968 2690 2227 2745 tionibus.
2277 2690 2616 2745 Diversarum
2653 2690 3050 2757 provinciarum
3082 2687 3389 2756 legationes.

1904 2799 1921 2831 ι
1956 2780 2112 2834 simul
2150 2788 2542 2848 repraesentata:
2572 2780 2802 2834 libenter
2829 2780 3076 2833 admisse
3102 2786 3244 2843 sunt,
3278 2777 3397 2829 boc-

1912 2890 1928 2922 ι
1958 2881 2062 2935 est,
2084 2869 2469 2933 Numidiarum,
2490 2871 2559 2939 By
2571 2884 2910 2931 zaccnornm,
2934 2868 3237 2921 Maurorum
3258 2866 3385 2920 Siti-

1909 2980 1926 3012 ι
1980 2961 2251 3024 fensium;
2280 2960 2527 3014 similiter
2558 2970 2732 3012 autem
2765 2967 2819 3014 et
2851 2959 3298 3015 Caesarianorum.
3329 2962 3384 3009 et

1917 3069 1935 3101 ι
1970 3051 2131 3104 etiam
2151 3050 2623 3118 Tripolitanorum.
2655 3051 2727 3104 l)e
2747 3049 3087 3103 exactoribus
3116 3046 3382 3100 Ecclesiae.

1911 3160 1930 3192 ι
1984 3142 2192 3196 Placuit
2224 3154 2503 3209 prmtereo.
2560 3151 2621 3195 ut
2672 3150 2960 3195 exactores
3009 3140 3065 3194 in
3115 3139 3387 3199 omnibus,

1919 3248 1937 3280 σ
1978 3246 2097 3301 qua:
2139 3232 2337 3287 fuerint
2368 3231 2619 3286 Ecclesia:
2652 3229 2978 3293 necessaria,
3006 3230 3241 3297 quinque
3268 3226 3386 3295 eligi

1916 3339 1933 3371 ι
1972 3331 2240 3391 petantur,
2261 3321 2424 3390 quiin
2455 3320 2675 3375 diversis
2700 3320 2988 3388 provinciis
3006 3319 3327 3371 dividantur.
3362 3333 3379 3365 ι

1907 3592 2098 3649 BALS.
2152 3593 2265 3648 Alia
2340 3593 2550 3660 quidem
2624 3594 2902 3661 prmsentis
2976 3595 3199 3648 canonis
3269 3604 3395 3647 sunt

1845 3685 2050 3739 inutilia
2100 3699 2114 3736 :
2157 3683 2298 3753 quod
2334 3694 2508 3737 autem
2557 3684 2683 3737 dicit
2710 3684 2777 3737 de
2806 3683 3056 3737 clectitiis
3093 3683 3390 3749 judicibns.

1842 3784 1926 3828 cst
1978 3774 2256 3842 ejusmodi.
2323 3774 2549 3827 Electitii
2612 3782 2739 3828 sunt
2787 3772 3019 3840 judices,
3087 3776 3173 3842 qui
3232 3776 3392 3828 etiam

1845 3864 1999 3919 electi
2049 3865 2320 3926 dicuntur,
2368 3865 2457 3934 qui
2489 3880 2553 3918 ex
2587 3864 2910 3933 litigantium
2955 3863 3226 3918 voluntate
3256 3866 3398 3933 judi-

1845 3963 1989 4009 cant.
2026 3952 2164 4008 Dicit
2197 3969 2325 4023 ergo
2354 3969 2549 4017 canon,
2583 3954 2727 4023 quod
2756 3954 2800 4006 si
2852 3954 2972 4022 quis
3009 3952 3169 4007 fuerit
3191 3954 3395 4019 judica-

1844 4054 1952 4101 tus.
2001 4054 2056 4098 et
2084 4060 2205 4098 cum
2238 4043 2605 4112 appellaverit,
2639 4043 2863 4097 voluerit
2899 4044 2964 4097 ab
2994 4042 3116 4107 hoc,
3152 4041 3397 4113 quisquis

1845 4136 1893 4189 is
1944 4135 2036 4199 sit,
2084 4134 2337 4201 episcopo
2378 4133 2445 4187 de
2480 4147 2574 4187 sua
2630 4131 2986 4199 appellatione
3030 4131 3298 4201 cognosci,
3345 4140 3401 4185 et

1848 4242 1947 4282 nec
1977 4226 2321 4280 adversarius
2357 4225 2406 4278 ei
2438 4225 2841 4289 contradixerit,
2870 4223 2995 4277 nulli
3028 4239 3211 4278 eorum
3242 4224 3397 4277 dein-

1849 4331 1974 4384 ceps
2013 4315 2197 4370 licebit
2241 4313 2507 4381 appellare
2537 4315 2796 4367 adversus
2825 4314 3143 4367 sententiam
3181 4312 3401 4380 iudicis.

190 4392 464 4447 δικαστοῦ.
486 4392 549 4443 δν
579 4392 813 4460 ἄμφοδοὶ
845 4393 1110 4445 ἀντίδικοι
1167 4393 1511 4463 ᾑρετίσαντο.
1552 4396 1658 4447 Καὶ
1717 4398 1742 4449 ὁ

1848 4419 2005 4468 quem
2035 4411 2264 4471 uterque
2290 4402 2640 4457 adversarius
2668 4400 2849 4469 elegit.
2881 4406 2957 4454 Ac
2989 4404 3041 4455 in
3073 4403 3155 4455 bis
3182 4403 3398 4471 quidem

195 4485 285 4549 μὲν
338 4483 525 4536 κανὼν
575 4485 633 4534 ἐν
672 4482 881 4543 τούτοις
939 4482 1241 4545 ἀκολούθως
1297 4486 1408 4545 τοῖς
1449 4484 1747 4547 πολιτικοῖς

190 4574 294 4633 τοῖς
323 4571 602 4638 κειμένοις
634 4573 688 4621 ἐν
721 4571 797 4639 τῷ
818 4572 1056 4641 δευτέρῳ
1100 4573 1263 4642 τίτλῳ
1299 4573 1393 4624 τοῦ
1429 4573 1474 4635 ζ’
1507 4572 1614 4641 βιὸ.
1641 4573 1747 4625 τῶν

194 4661 523 4720 Βασι).ικῶν,
551 4659 644 4710 καὶ
667 4659 1057 4727 διοριζομένοις
1107 4663 1249 4713 κατὰ
1277 4664 1376 4730 τῆς
1418 4661 1599 4729 ψήφου
1639 4663 1748 4714 τῶν

192 4751 424 4819 αἱρετῶν
452 4750 728 4802 δικαστῶν
758 4749 1023 4819 ἔκκλητον
1071 4750 1144 4820 μὴ
1178 4750 1435 4805 δίδοσθαι.
1468 4752 1558 4821 Μὴ
1587 4752 1749 4822 εἴπῃς

189 4842 241 4894 δὲ
273 4842 399 4903 τοὺς
460 4839 741 4899 τοιούτους
774 4839 1021 4908 αἱρετοὺς
1076 4840 1336 4903 δικαστὰς
1392 4842 1748 4895 καθίστασθαι

194 4932 324 4997 μετὰ
347 4931 555 4985 δόσεως
589 4930 897 5000 προστίμου
918 4932 1056 4983 κατὰ
1073 4916 1171 5001 τῆν
1200 4931 1360 4999 φύσιν
1387 4933 1495 4983 τῶν
1516 4934 1748 5001 αἱρετῶν

191 5024 476 5077 δικαστῶν.
517 5023 576 5075 Et
606 5022 661 5075 δέ
694 5040 777 5085 τις
808 5022 934 5093 εἴπῃ
957 5023 1049 5085 ὡς,
1092 5025 1395 5093 προστίμου
1424 5023 1500 5092 μὴ
1535 5026 1746 5093 ἐπερω-

192 5116 468 5184 meiat-.0;
515 5112 813 5174 ἀκινδύνως
844 5114 873 5164 ὁ
906 5113 1325 5174 καταδικασθεὶς
1346 5115 1408 5165 ού
1439 5113 1745 5185 πειθαρχή-

194 5223 270 5258 σει
296 5210 359 5274 τῇ
410 5206 602 5275 ψήφῳ,
631 5203 857 5256 ἀκούσει
905 5204 1011 5266 ὅτι,
1059 5204 1152 5257 τὸν
1209 5204 1283 5273 μὴ
1315 5205 1512 5273 ἔχοντα
1544 5206 1749 5259 δικαιο-

191 5297 367 5351 δοσίαν
388 5299 487 5349 ἐὰν
504 5295 855 5365 αἱρετίσηταί
893 5312 998 5359 τις,
1033 5296 1127 5348 καὶ
1162 5297 1461 5366 πρόστιμον
1485 5300 1584 5349 οὐκ
1620 5299 1750 5349 ἐπε-ι

200 5388 431 5455 ρωτηθῇ,
470 5388 545 5456 μὴ
570 5385 831 5455 ἐμμένων
853 5387 919 5454 τῇ
949 5386 1115 5454 ψήφῳ
1167 5387 1353 5449 αὖτόῦς
1386 5388 1750 5455 ἁποκριματί-

200 5490 328 5537 stu;
356 5476 601 5545 ἁθετήσῃ
636 5476 740 5541 τὴν
769 5474 893 5527 κατ’
924 5475 1090 5527 αὐτοῦ
1127 5475 1411 5543 ἀπόφασιν
1433 5492 1447 5506 ·
1495 5478 1748 5541 ἐπιλεξὰ-

200 5578 347 5626 μενος
384 5564 439 5616 δὲ
489 5562 761 5631 δικαστὴν
817 5561 1217 5615 ἐκκαλέσασθαι
1266 5564 1404 5615 κατὰ
1440 5565 1539 5631 τῆς
1570 5564 1750 5634 ψήφου

200 5652 342 5707 κὺτοῦ
366 5655 426 5706 οὐ
469 5654 726 5714 δύναται,
753 5650 937 5714 καθὼς
969 5652 1126 5705 τοῦτο
1162 5652 1491 5720 παρίσταται
1528 5655 1618 5706 καὶ
1641 5656 1747 5707 ἀπὸ

1848 4491 2099 4546 consistit
2125 4505 2322 4554 canon,
2352 4489 2554 4557 legibus
2581 4489 2826 4541 civilibus
2851 4488 3252 4553 convenienter,
3281 4505 3402 4558 quas

1848 4579 1962 4634 sitae
1991 4589 2115 4631 sunt
2151 4578 2202 4630 in
2243 4578 2327 4631 tit.
2354 4578 2389 4631 9
2429 4576 2523 4631 lib.
2555 4590 2627 4628 vu
2668 4574 2886 4629 Basilio.
2935 4585 2988 4629 et
3019 4591 3135 4641 quae
3162 4584 3402 4629 statuunt

1850 4668 2105 4722 adversus
2142 4666 2499 4721 clectitiorum
2533 4664 2767 4733 iudicum
2802 4666 3122 4719 sententiam
3145 4680 3248 4718 non
3284 4666 3401 4719 dari

1849 4757 2280 4825 appellationem.
2346 4753 2424 4806 Ne
2479 4754 2682 4807 dixeris
2740 4761 2917 4807 autem
2982 4753 3080 4808 bos
3137 4755 3401 4809 electitios

1844 4848 2053 4915 judices
2107 4844 2359 4899 constitui
2419 4858 2541 4897 cum
2589 4844 2802 4897 (latione
2849 4856 3019 4911 poena:
3055 4844 3223 4897 instar
3254 4846 3403 4898 arbi-

1851 4944 2077 4987 trorum.
2102 4933 2157 4986 Si
2180 4932 2300 4999 quis
2322 4941 2499 4985 autem
2525 4930 2741 5002 dixerit,
2771 4932 2915 4999 quod
2938 4930 3203 5000 634nm
3232 4946 3402 4999 ρωποι

1849 5020 2121 5087 stipulatio
2161 5017 2543 5083 intercesserit,
2607 5017 2993 5070 condemnatus
3027 5017 3162 5070 citra
3236 5019 3400 5071 ullum

1849 5109 2213 5178 praejudicium
2256 5107 2536 5162 sententia:
2566 5121 2669 5160 non
2734 5107 2939 5174 parebit
2967 5148 2997 5173 ,η
3022 5106 3220 5173 audiet,
3260 5110 3403 5175 quod

1849 5204 1894 5256 si
1926 5204 2045 5271 quis
2069 5216 2210 5263 eum,
2237 5201 2327 5270 qui
2356 5199 2776 5268 iurisdictionem
2810 5214 2915 5252 non
2949 5200 3127 5263 liabet,
3162 5202 3401 5267 elegerit,

1853 5311 1950 5349 nec
1982 5310 2194 5364 poenam
2226 5293 2553 5360 promiserit,
2584 5292 2626 5345 si
2671 5308 2775 5346 non
2825 5302 2927 5347 stet
2955 5295 3070 5362 ejus
3102 5298 3400 5361 sontentiai,

1853 5386 1972 5439 sine
2024 5384 2133 5437 ullo
2173 5385 2483 5452 przejudicio
2524 5384 2719 5450 poterit
2770 5383 2883 5445 eius
2932 5387 3252 5439 sententiam
3304 5403 3403 5456 pro

1854 5477 2019 5530 uiltilo
2059 5475 2257 5529 ducere
2308 5476 2444 5543 :qtti
2501 5484 2676 5528 autem
2728 5473 2963 5545 judicent
3026 5476 3266 5543 elegerit,
3328 5481 3396 5532 ab

1850 5565 1965 5633 ejus
2000 5564 2260 5620 sententia
2316 5565 2588 5633 appellare
2646 5580 2751 5618 non
2812 5575 3017 5633 potest;
3071 5568 3210 5621 sicut
3252 5568 3303 5621 id
3334 5586 3397 5623 ex

1855 5655 2102 5724 praesenti
2158 5668 2362 5710 canone
2402 5654 2719 5710 ostenditur.
2774 5654 2892 5709 iter
2936 5667 3133 5716 auten.
3177 5669 3232 5709 ut
3270 5659 3397 5709 mihi
