4000 6450
651 310 751 369 339
1870 297 2139 353 THEOD.
2178 293 2565 351 BALSAMON
3710 263 3820 328 340

647 421 855 485 quidem
904 417 1133 480 videtur,
1163 414 1514 469 servabuntur
1542 412 1596 461 in
1637 408 1814 461 causis
1856 403 2227 459 ecclesiasti-A

2243 444 2247 457 .
2275 411 2366 461 τοῦ
2398 407 2654 475 παρόντος
2681 404 2915 462 κανόνος.
2968 397 3151 451 Ταῦτα
3181 396 3235 447 δέ
3290 392 3681 459 κρατὴὀυσιν,
3740 384 3823 442 ὥς

647 507 741 567 eis,
776 514 828 556 ut
857 504 965 556 vult
992 504 1073 556 hic
1106 476 1297 555 canon.
1328 499 1435 552 Lex
1462 498 1602 551 enim
1630 494 1798 548 civilis
1823 491 2077 559 permittit
2103 490 2175 553 ei,

2276 498 2399 566 ἐμοὶ
2445 498 2608 557 δοκεῖ,
2648 495 2739 544 καλ⁸
2775 494 2856 553 εἷς
2886 490 2981 549 τὰς
3014 483 3472 546 ἐκκλησιαστικὰς
3504 476 3825 532 ὑποθέσεις.

644 594 732 658 qni
753 594 980 659 judicem
1011 590 1277 655 petiverit,
1312 588 1393 641 vel
1419 586 1596 653 aliquo
1619 583 1721 635 alio
1751 582 1904 635 modo
1934 579 2174 647 elegerit,

2275 562 2413 641 κατὰ
2444 586 2531 637 τὸν
2571 583 2811 648 παρόντα
2853 580 3068 631 κανόνα.
3101 577 3158 628 ’0
3204 574 3311 639 γὰρ
3349 565 3619 622 πολιτικὸς
3652 562 3827 626 νόμας

644 656 925 737 babentem
949 680 1386 747 iurisdictionem,
1410 692 1441 729 a
1462 672 1723 731 sententia
1749 673 1865 741 ejus
1889 669 2172 739 appellare.

2274 677 2507 744 ἐκχωρεῖ
2534 672 2609 741 τῷ
2642 672 2934 738 ζητήσαντι
2970 666 3248 725 δικαστὴν,
3287 662 3319 727 ἢ
3363 659 3456 709 καὶ
3495 656 3671 709 ἄλλως
3705 666 3827 747 πως

2274 738 2662 830 ἐπι-λεῖξαμένῳ,
2680 760 2819 827 πλὴν
2851 760 3037 824 ἔχοντα
3057 750 3439 809 δικαιοδοσίαν,
3469 738 3829 796 ἐκκαλεῖσθαι

2276 856 2416 910 κατὰ
2446 855 2546 918 τῆς
2575 853 2756 920 ψήφου
2789 846 2977 900 αὑτοῦ.

714 952 959 1005 ZONAR.
994 951 1075 1003 Ab
1108 949 1323 1001 arbitris
1358 946 1591 997 civilium
1626 957 1834 1010 quoque
1878 942 2047 1004 legum
2080 938 2173 990 de-

2345 918 2769 995 ΖΩΝΑΡξΚατὰ
2822 932 3049 1002 αἱρετῶν
3082 928 3350 982 δικαστῶν
3384 924 3478 977 καὶ
3522 924 3635 981 τοῖς
3668 918 3837 969 πολι-

641 1055 787 1095 cr.-to
820 1042 957 1093 nulla
989 1042 1138 1092 datur
1169 1037 1492 1105 provocatio.
1525 1033 1663 1085 Idem
1694 1047 1820 1101 ergo
1849 1030 1933 1083 hic
1966 1042 2175 1097 quoque

2274 1035 2445 1093 τικοῖς
2474 1030 2655 1095 νόμοις
2686 1027 2746 1078 οὐ
2777 1026 2971 1078 δίδοται
2999 1021 3281 1088 ἕκκλητος.
3315 1014 3485 1067 Τοῦτο
3526 1012 3621 1064 οῦν
3644 1009 3745 1061 καὶ
3796 1006 3831 1056 δ

642 1146 807 1182 canon
856 1131 1056 1182 statuit.
1108 1128 1239 1181 Nam
1276 1127 1318 1179 si
1349 1125 1489 1192 quis,
1520 1123 1709 1190 inquit.
1751 1123 1815 1173 ab
1852 1135 1955 1172 uno
2000 1119 2176 1185 judice

2275 1120 2452 1172 κανὼν
2500 1115 2655 1179 οὗτος
2691 1116 2856 1181 λέγει.
2902 1112 3028 1165 Ἐὰν
3067 1109 3175 1178 γὰρ
3207 1107 3370 1175 κριθῇ
3401 1121 3506 1165 τις,
3543 1103 3702 1168 φησὶ,
3731 1097 3836 1150 καὶ

643 1219 920 1270 damnatus
970 1216 1032 1267 ad
1075 1216 1297 1267 alterum
1351 1209 1736 1279 provocaverit,
1783 1221 2008 1274 eumque
2034 1204 2175 1269 judi-

2275 1208 2709 1275 ἐπικαλεσάμενος
2774 1204 2965 1271 ἐληται
3030 1198 3377 1265 δικαστήριον
3433 1192 3840 1279 ἐκκλητάριον,

640 1322 777 1366 cem.
824 1308 913 1359 illo
957 1316 1140 1358 contra
1186 1318 1339 1369 quem
1386 1300 1711 1368 provocavit.
1758 1295 2060 1349 adversario
2090 1294 2173 1346 ni-

2275 1298 2368 1349 καὶ
2398 1298 2513 1366 μετ’
2544 1273 2708 1349 αὐτοῦ
2732 1294 2981 1349 κάκεῖνος
3005 1290 3196 1356 ἐληται
3228 1286 3443 1344 τοῦτον,
3473 1282 3598 1334 καθ’
3617 1273 3681 1331 οῦ
3709 1280 3835 1343 ἐξε-

641 1399 834 1448 mirt'm
881 1411 996 1452 suo.
1030 1394 1412 1451 consentiente,
1441 1389 1698 1458 elegerit;
1744 1388 1915 1441 neutri
1949 1384 2176 1451 amplius

2274 1391 2559 1451 καλέσατο,
2599 1389 2767 1456 ἤγουν
2793 1386 2821 1437 ὁ
2857 1382 3126 1441 ἀντίδικος
3156 1375 3345 1437 αὐτοῦ,
3398 1372 3574 1426 οὐδενὶ
3612 1369 3839 1423 τούτων

637 1490 705 1542 ab
739 1489 850 1553 ejus
880 1486 1163 1545 sententia,
1201 1498 1358 1551 quem
1395 1492 1614 1547 uterque
1642 1481 1870 1547 judicem
1900 1474 2171 1543 delegerit.

2273 1482 2367 1534 τοῦ
2418 1478 2607 1532 λοιποῦ
2644 1477 2861 1540 ἐξέσται
2918 1471 3265 1525 ἐκκαλεῖσθαι
3308 1465 3446 1518 κατὰ
3486 1462 3588 1530 τῆς
3635 1460 3838 1527 ψήφου

637 1578 814 1630 licebit
866 1589 1175 1643 provocare.
1210 1575 1264 1628 In
1316 1574 1464 1634 illud,
1494 1572 1560 1625 de
1600 1572 1926 1625 diversarum
1957 1566 2175 1633 provin-

2274 1574 2367 1625 τοῦ
2420 1571 2693 1631 δικαστοῦ,
2734 1569 2793 1621 ὃν
2849 1567 3015 1634 ἄμφω
3060 1564 3108 1615 οἱ
3163 1559 3423 1629 ἀντίδικοι
3471 1553 3839 1643 ᾑρετίσαντο.

638 1668 838 1718 ciarum
868 1638 1105 1731 Ilegatis.
1159 1666 1404 1731 Legatos,
1455 1675 1589 1727 quos
1640 1659 1841 1728 synodo
1896 1655 2171 1708 adﬁtturos
2203 1702 2218 1731 ι

2274 1659 2381 1721 Οὓς
2434 1659 2660 1729 ἧλπιζον
2699 1657 2873 1708 ἐλθεῖν
2909 1656 2985 1713 εἰς
3012 1651 3110 1719 τὴν
3149 1647 3364 1701 σύνοδον
3418 1638 3847 1731 τοποτηρητάς,

637 1762 1003 1817 Sperat-erant,
1034 1754 1141 1821 jam
1174 1767 1364 1807 omnes
1401 1751 1557 1804 simul
1589 1748 1954 1808 advenientes,
1984 1757 2169 1812 magna
2201 1727 2217 1761 ³

2278 1750 2365 1817 ὑφ’
2399 1727 2476 1812 ἐν,
2506 1750 2671 1816 ἧγουν
2708 1744 2865 1810 ὁμοῦ,
2900 1742 3151 1799 ἐλθόντας
3182 1737 3324 1806 μετὰ
3356 1733 3530 1803 χαρᾶς
3558 1727 3848 1799 προσεδέ-

640 1845 832 1897 Iaetitiae
866 1845 1251 1912 significatione
1301 1842 1486 1909 synodi
1540 1840 1722 1892 Patres
1768 1850 2042 1902 excepere.
2090 1833 2170 1904 [In

2279 1841 2437 1905 Εαντο
2461 1838 2510 1887 οἱ
2546 1839 2642 1902 τῆς
2671 1834 2914 1887 συνόδου.
2949 1831 3058 1883 Καὶ
3089 1828 3258 1881 ταῦτα
3283 1825 3381 1876 οὐκ
3406 1824 3485 1884 εἰς
3520 1818 3718 1888 κοινὴν
3747 1818 3843 1869 οῖ-

633 1936 782 1998 illnd,
829 1936 892 1987 de
924 1935 1258 1987 exactoribus
1308 1930 1602 2001 Ecclesize.]
1651 1928 1800 2001 [Haec
1847 1942 2059 1995 quoque
2108 1924 2172 1979 ad

1190 1949 1258 1985 nis
1308 1930 1602 2001 Ecclesize.]
1651 1928 1800 2001 [Haec
1847 1942 2059 1995 quoque
2108 1924 2172 1979 ad
2276 1929 2528 1997 κονομίαν
2552 1927 2770 1996 ὁρῶσιν.

634 2040 966 2079 communem
1001 2024 1283 2076 utilitatem
1319 2023 1534 2075 mimine
1568 2018 1879 2090 pertinent.]

638 2114 863 2168 ARIST.
928 2131 944 2163 ι
986 2111 1100 2168 Uno
1164 2111 1484 2179 litigantium
1545 2110 1863 2177 appellante,
1916 2109 1957 2161 si
2014 2122 2171 2161 amoo

2273 2108 2490 2161 ΑΡΙΣΤ.
2530 2124 2547 2155 ι
2599 2105 2749 2166 Ἐνὸς
2789 2103 2894 2155 τῶν
2951 2100 3412 2168 ἀντικρινομένων
3445 2094 3853 2160 ἐκκαλεσαμέ-

705 2224 723 2255 ι
782 2204 1068 2257 electitium
1110 2201 1341 2267 iudicem
1387 2200 1663 2268 elegerint,
1710 2213 1775 2251 ne
1810 2197 2033 2266 amplius
2076 2212 2171 2264 ap-

2348 2218 2366 2249 ι
2406 2214 2518 2257 νου,
2554 2198 2619 2247 ἂν
2658 2195 2822 2260 ἄμφω
2872 2192 3087 2261 αἱρετὸν
3140 2188 3493 2252 ἐπιλὲξωνται
3536 2186 3845 2253 δικαστὴν,

701 2311 722 2344 ι
762 2294 975 2362 pellent.
990 2310 1009 2343 ι

2346 2307 2364 2338 ι
2410 2285 2606 2355 μηκέτι
2642 2280 3102 2336 ἐκκαλείέθωσαν.
3144 2298 3163 2331 ι

703 2384 810 2436 Lex
855 2383 1066 2451 quidem
1108 2380 1280 2435 civilis
1305 2380 1380 2433 sic
1405 2378 1568 2433 sentit
1611 2378 1675 2431 de
1696 2375 1963 2443 iudicibus
1989 2375 2170 2429 electi-

2352 2375 2410 2426 Ὀ
2446 2373 2539 2441 μὲν
2589 2369 2860 2429 πολιτικὸς
2890 2372 3050 2435 νόμος
3107 2366 3249 2417 οὕτω
3294 2365 3483 2433 φρονεῖ
3533 2362 3668 2430 περῖ⁸
3717 2363 3847 2414 τῶν

631 2475 743 2539 tiis,
781 2481 839 2525 ut
879 2487 980 2525 non
1006 2471 1161 2524 aliter
1191 2469 1479 2522 electitium
1510 2468 1867 2522 constituatur
1888 2465 2170 2531 judicium,

2273 2462 2504 2530 αἱρετῶν
2560 2458 2849 2524 δικαστῶν,
2888 2456 3027 2508 ὥστε
3074 2456 3147 2521 μὴ
3202 2455 3375 2516 ἄλλως
3421 2452 3637 2523 αἱρετὸν
3674 2452 3846 2505 συνί-

631 2565 732 2617 nisi
779 2566 926 2631 prius
960 2563 1186 2631 quisque
1215 2558 1533 2626 litigantium
1576 2572 1745 2624 pmnaa
1772 2556 2169 2625 stipulationem

2274 2550 2497 2603 στασθαι
2526 2547 2904 2615 δικαστήριον,
2939 2545 2988 2596 εί
3024 2544 3098 2613 μὴ
3126 2543 3390 2613 πρότερον
3422 2542 3655 2603 ἕκαστος
3711 2542 3838 2593 τῶν

631 2661 909 2721 proponat,
954 2651 1092 2720 quod
1138 2651 1445 2719 quicunque
1485 2663 1548 2701 ex
1590 2649 1654 2701 iis
1684 2648 1945 2701 sententia
1979 2646 2172 2715 jndicis

2276 2638 2612 2711 κρινομένων
2648 2638 2947 2707 πρόστιμον
3004 2635 3345 2703 ἐπερωτηθῇ,
3380 2632 3477 2694 ὡς,
3520 2626 3633 2693 οἷος
3664 2631 3736 2684 ἂν
3771 2631 3843 2696 ἐξ

629 2746 697 2798 ab
730 2744 859 2812 ipsis
886 2744 1038 2796 electi
1089 2756 1190 2794 non
1221 2740 1527 2809 acquiescit,
1578 2755 1786 2805 pmnam
1831 2738 1973 2791 illam
2020 2737 2171 2790 alteri

2274 2731 2456 2785 αὐτῶν
2487 2733 2584 2782 οὐκ
2635 2728 2871 2797 ἐμμείνῃ
2914 2729 2979 2795 τῇ
3012 2727 3280 2792 ἀποφάσει
3326 2726 3420 2776 τοῦ
3475 2721 3848 2788 ἐπιλεγέντος

636 2836 920 2898 persolvat,
967 2832 1055 2900 qui
1078 2831 1338 2899 judicium
1384 2830 1638 2884 admittit.
1664 2830 1778 2883 Non
1807 2829 1945 2881 enim
1976 2842 2173 2893 cogun-

2275 2823 2405 2893 παρ’
2448 2822 2627 2874 αὐτῶν
2653 2818 2930 2879 δικαστοῦ,
2960 2816 3348 2870 καταδαλεῖται
3377 2812 3535 2865 τοῦτο
3565 2812 3626 2863 τὸ
3647 2812 3840 2880 πρόσ-

634 2934 720 2977 ιυι·
761 2924 1077 2977 sententiam
1121 2922 1260 2975 illius
1306 2920 1573 2988 recipere;
1624 2920 1714 2972 sed
1759 2918 1883 2971 illud
1910 2916 2048 2983 apud
2080 2931 2171 2969 eos

2272 2930 2427 2982 τιμον
2469 2910 2604 2979 πρὸς
2637 2907 2727 2959 τὸν
2770 2906 2958 2974 ἕτερον
3001 2905 3092 2957 τὸν
3137 2904 3427 2971 δεχόμενον
3459 2903 3557 2968 τὴν
3590 2900 3845 2966 διάγνω-

632 3015 867 3079 ponitur.
907 3011 1190 3078 Propterea
1226 3024 1319 3062 nee
1348 3009 1627 3077 appellatio
1675 3018 1858 3061 contra
1905 3009 2019 3072 ejus
2046 3004 2212 3060 seu—4

2276 3020 2382 3055 σιν.
2441 3000 2513 3052 Οὐ
2564 2999 2669 3066 γὰρ
2722 2995 3123 3061 ἀναγκάσονται
3182 2992 3430 3061 δέχεσθαι
3479 2990 3577 3059 τὴν
3636 2990 3838 3057 ψῆφον

631 3105 852 3159 tentiam
873 3104 1044 3157 locum
1064 3101 1239 3162 habet,
1257 3101 1378 3170 quia
1399 3102 1575 3155 etsine
1596 3099 1945 3165 appellatione
1964 3099 2070 3159 ille,
2089 3100 2171 3149 cui

2276 3089 2437 3144 αὐτοῦ
2464 3102 2479 3117 ⁸
2517 3088 2650 3141 ἀλλὰ
2682 3085 2814 3153 παρ’
2840 3084 3023 3144 αὐτοῖς
3072 3083 3231 3134 τοῦτο
3277 3083 3476 3133 κεῖται.
3530 3080 3629 3131 Διὰ
3664 3079 3843 3131 τοῦτο

630 3195 891 3263 displicet.
919 3206 1126 3260 ptenam
1157 3168 1361 3243 tantum
1390 3190 1696 3256 persolvens
1720 3188 1785 3240 ab
1810 3201 1871 3238 ea
1896 3194 2068 3253 potest
2093 3200 2176 3239 re-

2284 3182 2407 3233 οὐδὲ
2438 3178 2697 3243 ἐκκλητος
2729 3174 2871 3225 κατὰ
2898 3176 2993 3242 τῆς
3028 3171 3354 3239 ἀποφάσεως
3417 3168 3582 3221 αὑτοῦ
3640 3169 3845 3238 χώραν

629 3258 838 3338 cedere.
865 3258 971 3334 Lex
1004 3292 1178 3334 autem
1202 3288 1255 3334 et
1289 3279 1411 3331 illud
1440 3278 1588 3339 dicit,
1621 3277 1759 3345 quod
1786 3276 1972 3344 judex,
1997 3276 2085 3343 qui
2120 3276 2170 3327 in

2274 3271 2409 3339 ἔχει,
2444 3270 2529 3321 διὰ
2551 3269 2611 3319 τὸ
2637 3267 2728 3318 καὶ
2755 3264 2922 3333 χωρὶς
2967 3262 3233 3330 ἐκκλήτου
3259 3259 3516 3313 δύνασθαι
3561 3258 3652 3311 τὸν
3687 3261 3846 3311 ἁπα-

635 3382 811 3437 partes
852 3370 1279 3437 iurisdictionem
1326 3368 1507 3432 habet,
1551 3375 1602 3417 et
1648 3382 1742 3431 per
1768 3366 2033 3433 propriam
2078 3380 2175 3417 au-

2281 3362 2615 3429 ρεσκόμενον
2652 3356 2812 3423 μόνον
2837 3354 2895 3405 τδ
2919 3352 3219 3420 πρόστιμον
3245 3349 3625 3402 καταλαϐόντα.
3683 3350 3845 3401 iam-

632 3462 932 3515 ctoritatem
962 3474 1056 3513 eos
1089 3458 1327 3523 judicare
1355 3466 1548 3522 potest,
1576 3455 1734 3522 judex
1770 3455 2033 3507 electitins
2070 3469 2171 3505 non

2275 3455 2537 3521 ναχωρεῖν
2582 3447 2764 3501 αὐτοῦ.
2800 3447 2966 3510 Λέγει
3021 3443 3075 3494 δὲ
3122 3442 3217 3495 καὶ
3259 3442 3413 3493 τοῦτο
3448 3442 3475 3491 ό
3521 3442 3710 3506 νόμος,
3757 3440 3846 3504 ὡς

635 3556 744 3604 ﬁat.
788 3550 1034 3604 Canoues
1082 3557 1253 3601 autem
1291 3561 1392 3598 non
1432 3547 1499 3597 ita
1568 3547 1631 3597 de
1676 3544 1946 3611 jndicibus
1991 3544 2172 3597 electi-

2273 3550 2301 3599 6
2342 3544 2647 3615 rrpéatpapo;
2682 3538 2757 3589 ῶν
2788 3539 2898 3597 τοῖς
2935 3534 3128 3604 μέρεσι
3161 3531 3437 3598 δικαστὴς.
3472 3528 3565 3580 καὶ
3603 3528 3845 3596 δυηάμε.

634 3647 721 3696 tiis
766 3650 1038 3699 statuunt;
1086 3638 1176 3691 sed
1209 3639 1480 3699 mandant,
1517 3635 1657 3701 quod
1687 3634 1728 3685 si
1764 3635 2031 3701 litigantes
2062 3636 2173 3700 epi-

2273 3651 2360 3695 νος
2409 3631 2650 3692 δικάζειν
2713 3627 2893 3685 αὐτοῖς
2956 3623 3061 3674 ἀπὸ
3121 3621 3365 3683 ἐξουσίας
3415 3617 3550 3678 ἰδίας
3610 3619 3842 3686 αἳρετὸς

632 3732 776 3797 scopi
806 3730 885 3782 vel
914 3726 1092 3781 cleriei
1121 3726 1325 3793 aliquos
1353 3726 1720 3790 episcoporum
1748 3725 1999 3791 elegerint
2020 3724 2167 3790 judi-

2271 3723 2527 3789 δικαστὴς
2560 3721 2619 3772 οὗ
2712 3720 2944 3783 γίνεται.
3000 3716 3059 3765 Ol
3090 3712 3144 3763 δὲ
3174 3712 3392 3771 κανόνες
3425 3711 3521 3777 οὐχ
3540 3708 3685 3760 οῦτω
3707 3712 3845 3778 περὶ

631 3836 720 3875 ees
741 3819 1015 3882 electitios,
1038 3824 1088 3869 et
1111 3815 1177 3869 ab
1203 3816 1279 3869 eis
1298 3813 1524 3882 iudicari
1551 3813 1835 3875 voluerint,
1857 3814 2175 3866 condemna-

2271 3814 2379 3865 τῶν
2403 3811 2630 3879 αἱρετῶν
2660 3805 2929 3859 δικαστῶν
2950 3802 3349 3854 δἹατάτ-τονται·
3385 3800 3525 3850 ἀλλὰ
3560 3802 3847 3867 προστάτ-

634 3924 721 3965 tus
754 3926 854 3963 non
884 3910 1107 3977 amplius
1137 3907 1444 3959 admittetur
1464 3912 1645 3956 contra
1675 3918 1859 3955 eorum
1886 3916 2175 3969 provocare

2272 3919 2454 3957 τουσιν
2487 3900 2581 3962 ὡς,
2610 3898 2703 3951 ἐὰν
2736 3897 2785 3948 ot
2841 3893 3277 3961 ἀντικρινόμενοι
3313 3892 3602 3942 ἐπίσκοποι
3640 3890 3673 3957 ἢ
3706 3892 3843 3959 κλη-

632 4002 980 4065 sententiam,
1013 4000 1103 4052 sed
1140 3998 1188 4051 ei
1222 3997 1380 4049 etiam
1412 3994 1609 4047 invitus
1640 3994 1968 4060 acquiescet.
1999 3992 2172 4045 Causa

2277 3992 2419 4063 ρικοὶ
2477 3986 2832 4052 ἐπιλέξωνταί
2875 4002 3025 4046 τινας
3065 3983 3172 4035 τῶν
3207 3980 3523 4034 ἐπισκόπων
3575 3982 3845 4047 αἱρετοὺς

632 4104 832 4154 autem,
862 4102 918 4143 ut
942 4089 1095 4143 nobis
1119 4086 1332 4154 quidem
1361 4083 1587 4146 videtur,
1616 4089 1831 4149 propter
1856 4096 2011 4148 quam
2041 4095 2171 4133 con-

2272 4080 2550 4141 δικαστὰς,
2584 4081 2675 4130 καὶ
2707 4076 2832 4146 παρ’
2868 4076 3052 4153 αὐτοῖς
3097 4072 3348 4139 κριθῆναι
3376 4069 3678 4139 θελήσωσιν
3700 4070 3843 4123 οὐκ-

630 4196 709 4235 tra
752 4181 1009 4247 judicium
1046 4191 1228 4231 eorum
1276 4173 1546 4243 appellare
1589 4186 1691 4224 non
1736 4172 2084 4239 permittitur,
2122 4171 2172 4222 in

2273 4178 2351 4233 ἑτι
2408 4176 2435 4225 ὁ
2506 4171 2924 4229 καταδικασθεὶς
2975 4165 3471 4235 παραδεχθήσεται,
3526 4164 3670 4216 κατὰ
3732 4164 3843 4232 τῆς

630 4272 838 4325 decimo
884 4269 1074 4335 quinto
1124 4266 1309 4333 synodi
1359 4264 1634 4331 praesentis
1682 4276 1885 4316 canone
1938 4278 1965 4314 a
2020 4263 2171 4315 nobis

2273 4264 2605 4330 ἀποφάσεως
2676 4258 2856 4312 αὐτῶν
2919 4255 3357 4320 ἐκκαλούμενοςο
3411 4252 3549 4304 ἀλλὰ
3612 4252 3842 4320 στέρξει

632 4360 904 4413 seribitur.
2207 4342 2256 4399 υ
2282 4354 2483 4417 ταύτην
2511 4351 2606 4402 καὶ
2630 4350 2797 4399 ἄκων.
2842 4345 2906 4397 Ἠ
2931 4346 2986 4397 δέ
3013 4345 3181 4404 αἰτία,
3204 4343 3346 4394 κατὰ
3368 4342 3427 4393 τὸ
3450 4344 3581 4409 ἡμῖν
3610 4343 3839 4406 δοκοῦν,

632 4454 699 4505 δι’
729 4452 796 4520 ἣν
825 4451 883 4501 οὐ
928 4448 1287 4514 συγχωρεῖται
1315 4444 1452 4496 κατὰ
1490 4445 1582 4510 τῆς
1612 4442 1953 4509 διαγνώσεως
1984 4443 2163 4493 αὐτῶν
2203 4442 2569 4505 ἐκκαλεῖσθαι,
2622 4440 2832 4508 ἐγράφη
2867 4438 2997 4504 παρ’
3028 4435 3184 4505 ἡμῶν
3213 4437 3270 4486 ἐν
3334 4435 3411 4502 τῷ
3482 4435 3845 4488 πεντεκαιδες

630 4546 781 4613 κάτῳ
804 4542 985 4593 κανόνι
1014 4540 1112 4607 τῆς
1142 4537 1415 4606 παρούσης
1446 4535 1681 4587 συνόδου.

1242 4626 1463 4681 CANON
1505 4628 1559 4681 Ο.

2848 4616 3078 4670 ΚΑΝΩΝ
3114 4615 3191 4670 Ρ’.

636 4746 655 4776 ι
693 4726 759 4780 Ut
804 4725 869 4777 ab
904 4718 1319 4788 imperatoribus
1349 4727 1555 4785 petatur
1581 4724 1921 4785 patronorum
1964 4732 2170 4770 assmu-

2282 4733 2301 4767 ι
2336 4715 2445 4767 Ἵνα
2479 4713 2585 4765 ἀπὸ
2619 4710 2729 4763 τῶν
2752 4710 3015 4778 βασιλέων
3036 4711 3229 4777 αἰτηθῇ
3260 4710 3581 4778 συνηγόρων
3620 4712 3846 4780 ἀντίλη.

712 4833 729 4863 ι
782 4812 889 4879 ptio
916 4823 1011 4878 pro
1030 4806 1293 4874 capitibus
1310 4805 1579 4858 Ecclesiae.
1598 4805 2086 4872 Placuitprzeterea,
2110 4814 2169 4858 ut

2355 4823 2374 4855 ι
2406 4805 2496 4873 ψις
2522 4802 2665 4870 ὑπὲρ
2686 4802 2794 4851 τῶν
2814 4801 3128 4868 κεφαλαίων
3157 4802 3255 4867 τῆς
3287 4801 3644 4869 Ἐκκλησίας.
3669 4804 3842 4873 Ἦρε-

702 4926 717 4951 ι
750 4901 960 4955 nmnine
987 4899 1220 4953 omnium
1250 4897 1645 4965 provinciarum
1676 4895 1963 4963 profecturi
1992 4895 2169 4963 legati,

2355 4913 2374 4945 ι
2418 4911 2506 4946 σεν
2548 4894 2625 4945 ἔτι
2654 4893 2779 4961 μὴν,
2804 4892 2889 4943 ἵνα
2922 4891 2980 4954 ἐξ
3012 4891 3273 4958 ὀνόματος
3295 4891 3484 4944 πασῶν
3532 4893 3645 4945 τῶν
3661 4895 3843 4966 ἐπαρ-

706 5010 723 5041 ι
769 4989 1075 5042 Vincentius
1117 4996 1169 5040 et
1211 4986 1639 5047 Fortunatianns,
1677 4993 1856 5051 petant
1905 4999 1932 5035 a
1976 4984 2171 5048 glorio-

2359 5002 2375 5032 ι
2411 4984 2545 5052 χιῶν
2585 4984 2635 5033 οἱ
2668 4979 3129 5049 πορευθησόμενοι
3161 4980 3520 5047 πρεσϐευταὶ,
3554 4982 3842 5047 Βικὲντιος

710 5101 725 5127 ‹
765 5079 991 5133 sissimis
1032 5076 1466 5143 imperatoribus,
1505 5085 1559 5127 ut
1587 5073 1742 5125 detur
1778 5072 2008 5126 anuftas
2054 5089 2176 5126 con-

2356 5087 2372 5118 ι
2411 5069 2502 5119 καί
2525 5066 3017 5135 Φουρτυνατιανὸς,
3048 5068 3347 5134 αἰτήσωσιν
3382 5068 3491 5119 ἀπὸ
3523 5068 3635 5120 τῶν
3680 5072 3841 5123 ἐνδο-

714 5188 729 5214 ι
787 5166 1037 5219 stituendi
1085 5164 1391 5217 defensores
1437 5160 1808 5221 scholasticos,
1854 5159 2045 5226 quibus
2077 5160 2173 5213 hoc

2358 5184 2373 5215 ι
2417 5165 2651 5229 ξοτάτων
2700 5162 2982 5229 βασιλέων,
3041 5162 3181 5213 ὥστε
3235 5162 3453 5230 δοθῆναι
3504 5162 3692 5214 ἄδειαν
3740 5164 3839 5215 τοῦ

712 5281 726 5307 ι
767 5273 935 5323 ῳ-υιιι
967 5270 1156 5307 mimus
1196 5255 1525 5322 negotiorum
1558 5251 2005 5306 deiendendorum
2037 5267 2176 5305 curae

2357 5276 2373 5305 ι
2414 5257 2754 5321 καταστῆσαι
2780 5254 3019 5314 ἐνδίκους
3044 5252 3453 5319 σχολαστικοὺς,
3472 5253 3671 5315 οἵτινες
3698 5254 3841 5306 αὐτὸ

708 5370 722 5395 ε
762 5348 828 5400 sit
854 5364 868 5398 :
902 5356 953 5399 et
983 5355 1036 5397 ut
1064 5354 1311 5409 tanquam
1348 5344 1629 5411 provincize
1657 5342 1961 5395 sacerdotes
1990 5341 2170 5403 iidem,

2356 5361 2374 5393 ι
2414 5342 2570 5392 τοῦτο
2592 5342 2649 5392 τὸ
2676 5341 3046 5409 λειτούργημα
3070 5340 3164 5391 τοῦ
3194 5342 3424 5392 ἐκδικεῖν
3443 5343 3509 5392 τὰ
3528 5342 3843 5409 πράγματα

712 5457 724 5483 ι
760 5436 1105 5489 ecclesiarum
1154 5433 1460 5486 defensione
1489 5441 1751 5499 suscepta,
1786 5431 1939 5483 facile
1970 5431 2174 5497 possint

2357 5452 2373 5481 ι
2417 5433 2755 5499 ἐπιτήδευμα
2799 5431 2982 5499 ἔχουσι
3004 5446 3019 5461 ο
3050 5429 3145 5482 καὶ
3176 5430 3261 5481 ἶνα
3290 5429 3363 5490 ὡς
3392 5431 3559 5497 ἱερεῖς
3590 5433 3708 5491 τοῖς
3739 5432 3843 5498 τῆς

711 5548 725 5575 ι
783 5542 876 5593 pro
918 5527 1139 5595 negotiis
1190 5524 1456 5585 Ecclesiae,
1486 5526 1691 5592 quoties
1734 5524 2025 5575 necessitas
2051 5536 2177 5574 exe—

2360 5542 2377 5571 ι
2423 5521 2686 5589 ἐπαρχίας
2741 5522 2787 5571 οἱ
2852 5520 3030 5580 αὐτοὶ.
3110 5522 3156 5571 οἱ
3209 5519 3308 5587 τὴν
3384 5520 3668 5585 ἐκδίκησιν
3726 5521 3840 5572 ⁴τῶν

708 5641 728 5669 e
760 5621 908 5685 μή,
939 5622 1000 5671 ad
1034 5620 1385 5673 resistendum
1415 5619 1477 5671 iis
1515 5633 1628 5677 qua:
1662 5626 1871 5681 urgent,
1910 5625 1959 5669 et
1995 5628 2175 5668 neces-

2356 5632 2372 5659 ι
2414 5611 2711 5679 ἐκκλησιῶν
2780 5609 3181 5677 ἀναδεξάμενοι,
3237 5608 3477 5676 εὐχερῶς
3528 5608 3836 5677 δυνηθῶσιν
