4000 6452
594 303 698 368 343
1825 313 2100 374 THEOD.

2252 314 2534 373 LSAMON
3674 305 3789 369 3H

1171 425 1391 479 CANO-N
1444 427 1546 480 Cll.

596 527 613 556 ι
656 509 724 559 De
778 513 1010 578 populis,
1046 516 1131 581 qui
1170 531 1438 583 nunquam
1487 517 1785 571 habuerunt
1819 518 2116 585 episcopos.

660 618 677 648 ι
719 601 848 652 lllud
897 619 1108 670 quoque
1153 607 1348 672 plaetiit
1381 648 1396 669 ,
1455 615 1513 658 ut
1583 608 1775 672 populi,
1825 607 1914 676 qui
1979 621 2087 660 nun

661 700 677 731 ι
726 699 878 749 quam
948 691 1187 755 proprios
1239 691 1517 758 episcopos
1570 691 1824 753 habuere,
1890 693 1989 744 nisi
2053 693 2118 744 ab

660 790 679 820 ς
724 775 966 826 universa
1020 777 1222 844 synodo
1271 780 1684 847 uniuscujusque
1733 782 2016 848 provinciae
2065 789 2119 831 et

663 879 680 911 ι
722 863 948 926 primate
999 867 1088 917 tiat
1133 868 1402 920 decretum
1444 910 1457 931 ,
1507 880 1558 920 et
1626 884 1888 922 consensu
1933 869 2072 921 illius
2101 907 2115 932 ,

659 973 674 1002 ι
719 957 817 1007 sub
863 955 1015 1022 mritis
1068 958 1286 1011 dimcesi
1330 961 1675 1014 conSIituitur
1717 963 1826 1014 bare
1868 960 2115 1025 ecclesia,

657 1061 674 1091 ι
719 1058 1051 1110 nequaquam
1093 1048 1467 1099 admittautur.
1497 1067 1514 1098 ι

652 1132 839 1186 BALS.
881 1133 989 1184 lloc
1025 1135 1074 1185 in
1112 1135 1232 1188 aliis
1262 1151 1472 1201 quoque
1512 1137 1840 1194 diversarum
1886 1140 2115 1208 synodo-

581 1237 698 1274 rum
733 1225 1024 1276 canonibus
1056 1223 1331 1278 decretum
1363 1235 1483 1286 est;
1532 1243 1596 1278 ne
1645 1229 1734 1279 [lat
1763 1228 1968 1281 scilicet
2000 1229 2115 1292 epio

579 1325 773 1376 scopus
798 1312 848 1363 in
890 1328 990 1379 qua
1019 1328 1124 1369 non
1159 1314 1321 1383 636
1347 1315 1624 1368 consuevit
1670 1315 1795 1368 olim
1845 1318 1980 1368 iieri.
2014 1317 2114 1369 nisi

579 1399 1022 1463 metropolitanus
1059 1403 1286 1454 voluerit
1334 1403 1402 1467 (is
1454 1404 1592 1455 enim
1639 1412 1718 1457 est
1767 1406 1966 1472 primas
1994 1420 2117 1471 pro-

579 1489 812 1553 vincire),
844 1500 896 1541 et
945 1491 1224 1557 episcopus
1261 1493 1613 1552 consenserit,
1662 1493 1724 1544 ad
1776 1505 1930 1558 quem
1981 1491 2117 1544 forte

578 1579 810 1641 pertinet
857 1581 1108 1643 parcecia,
1151 1592 1203 1631 ut
1249 1595 1367 1647 quae
1408 1587 1476 1632 sit
1527 1581 1578 1632 in
1608 1581 1723 1648 ejus
1758 1581 2012 1642 dimccsi;
2055 1595 2115 1633 ac

575 1668 863 1729 provinciae
886 1670 1096 1734 quidem
1126 1670 1374 1724 decernet
1397 1671 1652 1738 synodus.

647 1755 894 1808 ZONAR.
951 1755 1063 1810 Hoc
1108 1758 1159 1809 iu
1207 1757 1326 1812 aliis
1349 1773 1559 1829 quoque
1590 1761 1921 1814 diversarum
1955 1773 2116 1829 syno-

577 1845 766 1896 dormn
815 1845 1108 1898 canonibus
1157 1845 1430 1899 decretum
1474 1856 1557 1900 est
1594 1886 1611 1910 ,
1658 1863 1725 1902 ne
1779 1848 1866 1900 liat
1914 1849 2116 1900 scilicet

576 1932 857 1999 episcopus
911 1933 961 1984 in
1009 1933 1265 1998 parmcia,
1319 1934 1368 1985 in
1419 1948 1520 1999 qua
1557 1934 1956 1988 nonconsucvit
1989 1935 2112 1986 olim

576 2023 692 2073 ﬁeri
719 2037 733 2081 ;
768 2021 866 2073 nisi
906 2020 1344 2086 metrupolitanus
1384 2021 1612 2074 voluerit
1637 2023 1704 2092 (is
1735 2023 1874 2075 enim
1901 2031 1980 2075 est
2003 2023 2114 2089 pri-

575 2123 692 2160 tuas
715 2109 1042 2176 provinciae),
1069 2119 1122 2163 et
1161 2111 1439 2177 episc0pus
1481 2113 1834 2174 consenserit,
1861 2114 1926 2162 ad
1958 2127 2114 2179 quem

575 2196 712 2249 forte
735 2198 964 2263 pertinet
993 2200 1243 2266 paraecia,
1281 2209 1340 2251 ut
1371 2213 1486 2265 quae
1535 2201 1604 2252 sit
1631 2201 1680 2252 in
1720 2201 1834 2267 ejus
1853 2201 2070 2255 dimcesi
2097 2217 2112 2266 ;

575 2298 639 2338 ac
669 2286 733 2339 de
765 2300 826 2338 ea
851 2287 1064 2353 quidem
1096 2287 1377 2354 provincia:
1400 2293 1634 2358 synodus
1660 2289 1909 2344 decernet

574 2458 799 2515 ARIST.
837 2479 855 2512 ι
903 2461 1003 2526 Qui
1042 2478 1310 2530 nunquam
1338 2467 1562 2518 antehac
1597 2466 1872 2534 proprium
1909 2467 2113 2521 habue-

652 2566 670 2599 ι
712 2559 834 2602 rant
864 2553 1191 2618 episc0pum,
1227 2554 1324 2605 nisi
1350 2554 1600 2608 universa
1635 2557 1921 2621 provincia!
1955 2569 2111 2623 syno-

649 2657 667 2687 ι
711 2641 807 2693 dus
837 2642 1053 2708 ejusque
1074 2644 1272 2709 primas
1314 2643 1461 2708 iuxta
1489 2645 1804 2697 sententiam
1838 2645 1999 2708 illius,
2026 2645 2112 2697 cui

651 2747 669 2778 ι
710 2728 945 2795 subjecta
1009 2740 1090 2784 est
1139 2733 1412 2798 provincia
1465 2733 1517 2786 in
1571 2747 1672 2800 qua
1719 2734 1947 2787 ecclesia
1994 2743 2112 2796 est,

650 2835 669 2866 ι
711 2817 1120 2884 subscripserit,
1158 2819 1313 2871 aliter
1343 2835 1448 2872 non
1478 2820 1766 2872 habebunt.
1811 2839 1828 2871 ι

642 2905 698 2959 Si
730 2907 963 2973 parmcia
1013 2906 1190 2974 aliqua
1241 2912 1491 2975 episcopo
1537 2908 1774 2975 subjecta
1827 2908 2008 2970 fuerit,
2057 2920 2112 2963 et

2150 426 2199 486 Α

2794 427 3023 479 ΚΑΝΩΝ
3058 424 3175 478 ΡΒ’.

2226 531 2242 560 ι
2292 515 2423 582 Περι
2457 517 2561 567 τῶν
2584 518 2724 568 λαῶν
2751 518 2856 567 τῶν
2891 516 3154 583 μηδέποτε
3184 513 3514 574 ἐπισκόπους
3539 508 3784 578 ἐσχηκό-

2295 621 2312 651 ι
2363 621 2484 657 των.
2519 607 2747 673 Ἤρεσεν
2792 609 3028 668 κάκεῖνο,
3090 606 3175 657 ἵνα
3208 605 3374 671 ὄχλοι,
3414 604 3462 654 ol
3507 602 3783 663 μηδέποτε

2289 709 2305 739 ι
2357 691 2514 751 ἰδίους
2544 693 2831 759 ἐσχηκότες
2851 693 3198 750 ἐπισκόπους,
3222 692 3268 740 εί
3295 691 3368 756 μὴ
3387 691 3448 738 ἐκ
3473 685 3648 751 πάσης
3675 682 3785 747 τῆς

2299 797 2316 829 ι
2367 781 2578 832 συνόδου
2604 781 2833 846 ἑκάστης
2861 779 3120 848 ἐπαρχίας
3149 779 3239 828 καὶ
3269 776 3360 826 τοῦ
3405 773 3786 841 πρωτεύοντος

2295 887 2312 919 ι
2355 869 2603 935 ψήφισμα
2630 870 2867 935 γένηται,
2899 871 2989 920 καὶ
3017 869 3153 919 κατὰ
3185 865 3487 916 συναίνεσιν
3531 861 3784 923 ἐκείνου,

2294 978 2309 1005 ι
2358 954 2558 1017 οὗτινος
2617 958 2718 1008 61:6
2761 957 2857 1023 τὴν
2907 957 3165 1024 διοίκησιν
3196 954 3516 1007 καθίσταται
3569 952 3602 1018 η
3638 948 3788 1014 αὐτὴ

2293 1067 2312 1098 ι
2355 1046 2633 1114 ἐκκλησία,
2660 1046 2912 1114 μηδαμῶς
2946 1045 3218 1106 δέξωνται.
3259 1061 3276 1092 1

2282 1135 2474 1190 ΒΑΛΣ.
2541 1134 2707 1186 Τοῦτο
2762 1132 2856 1184 καὶ
2917 1134 2974 1183 ἐν
3035 1131 3214 1192 ἄλλοις
3263 1129 3450 1182 κανόσι
3500 1128 3792 1194 διαφόρων

2219 1223 2447 1275 συνόδων
2477 1222 2705 1292 ὡρίσθη,
2731 1222 2965 1288 δηλονότι
3000 1221 3060 1271 τὸ
3085 1221 3160 1288 μὴ
3187 1219 3431 1286 γίνεσθαι
3479 1216 3789 1267 ἐπίσκοπον

2217 1315 2273 1364 ἐν
2305 1313 2564 1382 παροικίᾳ
2587 1315 2643 1364 ἐν
2732 1307 2798 1380 ἦν
2823 1311 2939 1371 ἔθος
2967 1309 3194 1361 ἔκπαλαι
3229 1307 3500 1373 γίνεσθαι,
3528 1305 3578 1355 ει
3621 1303 3702 1369 μὴ
3754 1301 3789 1351 ὁ

2220 1402 2611 1468 μητροπολίτης
2662 1401 2870 1468 θελήσει
2896 1395 3066 1469 (οὗτος
3097 1399 3202 1467 γάρ
3227 1399 3372 1448 ἐστιν
3415 1398 3443 1446 6
3475 1395 3790 1461 πρωτεύων

2215 1491 2313 1556 τῆς
2341 1491 2648 1559 ἐπαρχίας),
2685 1491 2780 1542 καί¹
2814 1491 2841 1540 6
2863 1490 3159 1549 ἐπίσκοπος
3193 1486 3519 1546 συναινέσει,
3547 1477 3592 1549 ᾧ
3646 1485 3791 1540 ἴσως

2217 1584 2249 1650 η
2279 1581 2533 1649 παροικία
2561 1580 2799 1647 διαφέρει
2825 1579 2899 1640 ὡς
2925 1579 3127 1648 ἐνορία,
3158 1579 3250 1628 καὶ
3282 1580 3314 1646 ἡ
3357 1577 3454 1643 τῆς
3509 1573 3791 1640 ἐπαρχίας

2215 1669 2502 1738 ψηφίσεται
2539 1668 2769 1729 σύνοδος.
2834 1723 2845 1728 ,

2297 1757 2533 1810 ΖΩΝΔΡ.
2581 1757 2748 1810 Τοῦτο
2791 1757 2882 1810 καὶ
2943 1759 2998 1809 ἐν
3038 1757 3213 1814 ἄλλοις
3273 1754 3460 1804 κανόσι
3505 1752 3794 1817 διαφόρων

2219 1849 2447 1900 συνόδων
2478 1847 2704 1915 ὡρίσθη,
2727 1848 2786 1899 τὸ
2822 1847 2894 1916 μὴ
2938 1847 3178 1912 γίνεσθαι
3213 1843 3507 1894 ἐπίσκοπον
3556 1843 3612 1890 ἐν
3639 1856 3794 1906 παρο

2214 1938 2430 1998 οικίαις,
2472 1941 2528 2004 ἐν
2577 1932 2662 1999 αἷς
2684 1939 2783 1988 οὐκ
2805 1933 2871 2006 ἦν
2898 1936 3014 1997 ἐθος
3046 1935 3275 1986 ἔκπαλαι
3301 1933 3570 1997 γίνεσθαι.
3602 1931 3651 1979 εἰ
3704 1929 3788 1995 μὴ

2212 2029 2240 2078 6
2295 2026 2684 2095 μητροπολίτης
2732 2026 2978 2093 θελήσειο
3028 2024 3179 2084 οὗτος
3221 2023 3327 2089 γάρ
3375 2023 3524 2071 ἐστιν
3561 2019 3588 2067 ὁ
3621 2034 3788 2084 πρω·

2214 2118 2381 2167 τεύων
2409 2119 2504 2184 τῆς
2553 2117 2924 2184 ἐπαρχίαςνέν
3021 2117 3074 2165 αἱ
3108 2112 3388 2179 παροικίαι
3424 2109 3778 2160 ὑπόκεινται·

2214 2204 2307 2255 καὶ
2339 2205 2367 2254 6
2402 2203 2696 2263 ἐπίσκοπος
2730 2203 3054 2265 συναινέσει,
3087 2195 3128 2265 ᾧ
3159 2202 3338 2265 ἴσωςὴ
3370 2197 3631 2264 παροικία
3663 2195 3792 2245 δια-

2213 2292 2384 2361 φέρει,
2414 2291 2486 2353 ὠς
2517 2292 2618 2343 61:6
2641 2293 2736 2360 τὴν
2761 2292 3025 2357 διοίκησιν
3057 2289 3219 2342 αὑτοῦ
3246 2284 3398 2350 οὖσα,
3431 2287 3524 2337 καὶ
3589 2287 3623 2351 ἡ
3679 2286 3791 2350 τῆς

2215 2380 2477 2444 ἐπαρχίας
2508 2379 2799 2448 ψηφίσεται
2826 2378 3056 2438 σύνοδος.

2218 2465 2430 2516 ΑΡΙΣΤ.
2461 2484 2479 2514 ι
2524 2465 2584 2516 Οί
2620 2466 2880 2534 μηδέποτε
2907 2467 3120 2533 σχόντες
3171 2465 3298 2516 ἴδιον
3347 2463 3670 2521 ἐπίσκοπον,
3726 2460 3786 2509 εξ

2292 2573 2308 2604 ι
2359 2555 2429 2623 μὴ
2463 2556 2607 2608 πᾶσα
2642 2555 2673 2621 ἠ
2712 2555 2807 2620 τῆς
2827 2548 3088 2622 ἐπαρχίας
3124 2553 3338 2613 σύνοδος
3381 2552 3476 2603 καὶ
3534 2552 3560 2601 6
3619 2564 3786 2615 πρω-

2288 2662 2306 2695 ι
2351 2645 2519 2695 τεύων
2551 2645 2717 2706 αὐτῆς
2751 2643 2980 2710 γράψειε
3009 2641 3147 2694 κατὰ
3180 2642 3401 2708 γνώμην
3425 2636 3544 2699 τοῦ,
3570 2637 3663 2704 ὑφ’
3721 2636 3790 2687 δν

2297 2753 2314 2784 ι
2355 2735 2647 2802 ήέπαρχία
2678 2737 2733 2786 ἐν
2855 2736 2884 2804 ἡ
2922 2733 3060 2801 αὐτὴ
3113 2731 3411 2798 ἐκκλησία,
3448 2729 3619 2789 ἄλλως
3679 2727 3790 2794 οὐχ

2289 2841 2306 2872 ι
2352 2822 2551 2884 ἕξουσι.
2593 2840 2611 2871 ι

2297 2912 2419 2962 Ἐὰν
2477 2912 2736 2980 παροικία
2788 2930 2871 2975 τις
2926 2913 3094 2964 ἐτέλει
3144 2912 3248 2965 61:6
3311 2910 3629 2970 ἐπίσκοπον,
3681 2908 3790 2959 καὶ

571 2995 860 3053 multitudo
891 2997 942 3046 in
985 3009 1046 3047 ea
1083 2995 1358 3061 proprium
1393 2995 1592 3050 habere
1636 2997 1857 3050 voluerit
1901 2999 2111 3066 episco-

2257 3002 2484 3072 ϐουλήθη
2515 3003 2542 3053 6
2582 3006 2638 3054 ἐν
2655 3004 2790 3072 αὐτῇ
2825 3004 2977 3071 ιχ)ος
3014 3004 3139 3055 ῐδιον
3172 3005 3316 3070 σχεῖν
3347 3002 3667 3062 ἐπίσκοπον,
3699 2997 3790 3060 ὡς

572 3103 721 3156 pum,
779 3085 936 3139 facile
987 3101 1090 3140 non
1140 3087 1511 3151 exaudientur,
1557 3088 1649 3141 sed
1687 3103 1808 3143 cum
1851 3088 2111 3156 approba-

572 3178 716 3230 :i0ne
751 3177 913 3229 totius
956 3177 1239 3244 provinciae
1264 3177 1474 3246 synodi,
1514 3177 1762 3246 illiusque
1809 3178 2113 3246 metropoli-

575 3274 680 3326 tm;
717 3273 771 3316 et
815 3266 1047 3331 episcopi
1105 3265 1265 3318 etiam
1343 3267 1426 3318 cui
1479 3266 1714 3332 parmcia
1772 3265 1858 3319 illa
1907 3267 2108 3329 subest,

571 3367 835 3406 consensu
872 3353 998 3405 illud
1028 3353 1140 3404 ﬂet.

1136 3541 1360 3597 CANON
1410 3541 1542 3596 Clll.

577 3652 598 3683 ‹
633 3633 708 3685 De
773 3633 978 3700 populis
1055 3643 1108 3686 et
1165 3635 1484 3687 dioecesibus
1516 3673 1529 3697 ,
1578 3650 1694 3702 qua!
1737 3651 1764 3687 a
1824 3635 2113 3690 Donatistis

653 3740 670 3769 ι
713 3729 1115 3773 convertuntur.
1173 3719 1240 3774 Ut
1297 3722 1501 3774 scilicet
1551 3723 1623 3774 illi
1675 3724 1884 3790 populi.
1931 3725 2022 3791 qui
2083 3740 2110 3776 a

655 3830 670 3857 α
716 3812 1000 3864 Donatistis
1028 3821 1430 3875 convertuntur,
1463 3824 1514 3864 et
1543 3821 1735 3879 praeter
1775 3813 1957 3880 synodi
1996 3826 2115 3864 sen-

662 3921 678 3950 i
721 3903 937 3954 tentiam
993 3904 1272 3969 episcopos
1308 3901 1642 3964 habuerunt,
1689 3917 1779 3955 eos
1832 3903 1945 3955 sine
1985 3915 2114 3953 con-

652 4012 668 4040 ‹
709 3991 968 4042 :IOt'ersia
1005 3991 1195 4041 habere
1223 3990 1364 4057 digni
1403 4001 1719 4044 censeantur
1752 4009 1764 4043 :
1811 3993 1896 4059 qui
1941 4000 2112 4043 autem

652 4099 666 4126 ι
704 4077 880 4145 p0puli
936 4076 1241 4142 episc0pum
1297 4076 1618 4139 habuerunt,
1673 4086 1725 4128 et
1775 4093 1838 4130 eo
1912 4089 2114 4130 mortuo

655 4184 668 4217 ι
709 4169 979 4235 ριιιρττιιιη
1013 4167 1320 4233 episcopum
1352 4166 1548 4220 habere
1589 4168 1892 4230 uoluerunt,
1927 4171 2016 4221 sed
2047 4169 2111 4219 ad

657 4279 672 4304 ι
713 4255 942 4321 alicujus
997 4257 1132 4308 alius
1166 4255 1400 4322 episcopi
1433 4256 1686 4307 dioicesin
1728 4271 2022 4320 recurrere,
2063 4256 2111 4307 id

651 4365 666 4392 ι
710 4361 810 4396 non
873 4348 1027 4397 debet
1087 4347 1164 4397 eis
1220 4343 1419 4408 negari.
1486 4342 1952 4397 Verumeuimvero
2021 4336 2192 4398 hucD

645 4451 661 4482 ι
703 4448 915 4500 quoque
962 4433 1183 4485 relatum
1232 4443 1333 4492 est,
1377 4433 1515 4501 quod
1560 4435 1816 4500 episcopi,
1866 4435 1954 4501 qui
1993 4445 2114 4488 ante

647 4541 662 4570 ι
703 4521 868 4590 legem
899 4524 1295 4589 imperatoriam
1329 4523 1396 4576 de
1425 4523 1625 4576 unione
1650 4525 1861 4576 allatam
1893 4527 2113 4592 populos

649 4630 668 4659 ι
708 4612 772 4664 ad
803 4614 1124 4673 catholicam
1153 4615 1439 4669 Ecclesiain
1470 4625 1812 4677 convertunt,
1847 4631 1979 4683 quos
2016 4618 2113 4682 ipsi

652 4723 668 4750 ι
707 4701 990 4763 habebant,
1014 4719 1106 4757 eos
1135 4714 1313 4759 tenere
1337 4706 1530 4759 debent
1557 4723 1570 4760 :
1600 4717 1720 4773 post
1743 4708 1908 4774 legem
1936 4717 2112 4763 autem

654 4810 671 4839 ι
710 4791 924 4844 unionis
968 4800 1023 4843 et
1063 4791 1222 4856 ultra,
1261 4802 1473 4858 Oportet
1511 4809 1698 4848 omnes
1735 4797 1989 4848 ecclesias
2013 4834 2028 4856 ,
2067 4804 2120 4848 et

643 4899 660 4929 ι
701 4894 885 4933 earum
911 4881 1192 4944 dimceses,
1238 4889 1292 4935 et
1316 4883 1358 4935 si
1396 4883 1500 4934 ulla
1538 4885 1646 4936 sint
1670 4883 1898 4938 fortasse
1921 4885 2120 4938 instru-

650 4987 668 5017 ι
715 4978 920 5033 menta,
953 4985 1069 5038 qua:
1098 4971 1161 5022 ad
1200 4970 1440 5038 ipsarum
1471 4971 1821 5024 ecclesiarum
1846 4971 1966 5037 jura
2003 4989 2122 5040 per-

646 5076 663 5107 σ
707 5057 906 5110 tiueaut
937 5098 951 5121 ,
999 5075 1026 5110 a
1075 5059 1349 5119 catholicis
1393 5060 1658 5128 episcopis
1698 5060 1989 5122 vindicari,
2029 5064 2117 5130 qui

641 5167 658 5196 ‹
700 5159 820 5200 sunt
854 5149 906 5201 in
942 5149 1043 5202 illis
1080 5148 1210 5209 loi-is
1231 5148 1490 5216 inquibus
1514 5149 1580 5203 ab
1611 5149 1877 5204 haereticis
1909 5152 2118 5204 detine-

640 5260 655 5287 ι
694 5241 923 5302 bantur;
961 5242 1071 5294 sive
1095 5241 1155 5291 ad
1190 5239 1503 5293 catholicam
1539 5239 1832 5293 Ecclesiam
1866 5243 2117 5310 deinceps

643 5349 658 5377 ‹
705 5343 1108 5394 convertantur,
1135 5333 1247 5386 sive
1271 5347 1405 5392 non;
1432 5332 1551 5382 etsi
1584 5330 1757 5397 aliqua
1786 5348 1968 5384 eorum
1998 5343 2115 5398 post

639 5438 655 5459 ι
697 5431 866 5486 Ngem
895 5422 1288 5489 imperatoriam
1316 5429 1660 5486 usurparunt,
1687 5418 1886 5472 debent
1915 5430 1967 5473 et
2001 5424 2110 5474 haec

635 5533 648 5555 ε
694 5509 920 5561 restitui.
952 5529 968 5560 ι

635 5621 651 5649 ι
710 5600 1042 5669 ηθαῖσθησιν
1099 5605 1160 5655 ἐκ
1191 5603 1397 5656 τούτων
1470 5602 1872 5670 κατεχρήσαντο
1939 5601 2076 5672 μετᾶ
2121 5603 2209 5656 τὸν

639 5713 656 5748 t
704 5692 946 5746 στασθαι.
986 5711 1002 5743 ι

2219 3092 2427 3160 ἔτυχεν,
2464 3093 2562 3143 οὐκ
2599 3092 3082 3159 είσακουσθήσεται
3111 3106 3124 3120 °
3170 3090 3302 3142 ἀλλὰ
3363 3088 3498 3156 μετὰ
3548 3086 3795 3153 δοκιμα-

2220 3183 2336 3243 σίας
2368 3183 2545 3248 πάσης
2569 3181 2663 3246 τῆς
2687 3182 2897 3233 συνόδου
2927 3182 3021 3247 τῆς
3055 3181 3343 3249 ἐπαρχίας,
3381 3178 3476 3229 καὶ
3527 3175 3621 3226 τοῦ
3677 3191 3796 3243 μη-

2218 3270 2532 3339 τροπολίτου
2559 3271 2749 3334 αὒτῆς.
2787 3272 2921 3338 πρὸς
2956 3269 3008 3320 δὲ
3041 3270 3130 3320 καὶ
3153 3268 3507 3326 συναινέσεως
3537 3264 3628 3316 τοῦ
3658 3264 3792 3314 ἐπι-

2221 3361 2442 3426 σκόπου,
2504 3364 2590 3428 ὑφ’
2637 3364 2695 3412 ὃν
2742 3365 2773 3432 ή
2842 3363 3062 3431 τοιαύτη
3117 3361 3373 3430 παροικὶα
3431 3356 3790 3417 καθίσταται,

2220 3449 2375 3501 τοῦτο
2401 3451 2712 3519 γενήσεται.

2810 3541 3044 3594 ΚΛΝΩΝ
3067 3539 3184 3593 ΡΓ’.

2229 3651 2244 3682 t
2289 3633 2418 3696 Περὶ
2474 3632 2615 3684 λαῶν
2666 3632 2756 3684 καὶ
2798 3633 3111 3699 διοικήσεων
3155 3629 3264 3680 τῶν
3289 3628 3394 3680 ἀπὸ
3445 3623 3796 3677 Δόνατιστῶν

2291 3737 2308 3768 ι
2355 3721 2807 3787 ἐπιστρεφόντων.
2859 3719 2973 3769 Ἵνα
3011 3717 3208 3786 δηλαδὴ
3261 3716 3484 3767 ἐκείνων
3534 3715 3584 3764 oi.
3637 3712 3794 3773 λαοὶ,

2298 3825 2314 3856 ι
2361 3810 2406 3860 ol
2459 3810 2566 3861 ἀπὸ
2626 3810 2731 3859 τῶν
2790 3809 3120 3860 Δονατιστῶν
3178 3808 3622 3874 ἐπιστρέφοντες,
3689 3803 3798 3853 καὶ

2296 3917 2314 3948 ι
2357 3900 2680 3960 ἐπισκόπους
2704 3900 2991 3966 ἐσχηκότες
3011 3897 3154 3964 παρὰ
3177 3894 3397 3965 γνώμην
3416 3896 3514 3962 τῆς
3538 3888 3794 3956 συνόδου,

2302 4007 2319 4037 ι
2364 3991 2584 4050 τούτους
2621 3988 2998 4056 ἀναμφιϐόλως
3032 3987 3173 4054 ἐχειν
3210 3985 3516 4046 ἀξιωίξῶσιν
3540 3999 3552 4011 ·
3583 3983 3797 4041 οἵτινες

2299 4098 2316 4126 ι
2361 4079 2414 4130 δέ
2447 4079 2561 4130 λαοὶ
2593 4079 2887 4144 ἐσχήκασιν
2917 4076 3232 4136 ἐπίσκοπον,
3259 4074 3353 4124 καὶ
3381 4072 3562 4123 τούτου
3598 4071 3802 4120 τελευο

2295 4187 2312 4218 ι
2361 4169 2618 4234 τήσαντος
2649 4170 2748 4217 οὐκ
2793 4167 3060 4233 ἠθέλησαν
3096 4167 3222 4217 ῐδιον
3265 4162 3561 4214 ἐπίσκοπον
3616 4159 3796 4226 ἔχειν,

2302 4279 2317 4306 ι
2367 4260 2500 4311 ἀλλὰ
2528 4259 2659 4325 πρὸς
2685 4259 2842 4310 ἄλλου
2870 4259 3012 4316 τινὸς
3044 4255 3338 4308 ἐπισκόπου
3361 4252 3628 4317 διοίκησιν
3657 4251 3800 4301 ἀνα-

2301 4368 2317 4399 ι
2363 4349 2589 4416 δραμεῖν
2641 4349 2860 4415 ἀνήκειν
2896 4363 2909 4376 ·
2949 4345 3105 4396 τοῦτο
3160 4344 3237 4412 μὴ
3275 4342 3512 4403 ὀφείλειν
3563 4340 3791 4397 τούτοις

2296 4456 2312 4487 ι
2360 4438 2672 4505 ἀρνηθῆναι.
2735 4438 2808 4487 O6
2865 4436 2970 4503 μὴν
3024 4433 3156 4485 ἀλλὰ
3225 4433 3443 4482 κάκεῖνο
3488 4427 3798 4496 ἀνηνέχθη,

2301 4546 2316 4574 ι
2362 4527 2440 4577 ὅτι
2471 4527 2517 4575 οἱ
2547 4526 2829 4576 ἐπίσκοποι
2859 4526 2907 4575 οἱ
2951 4523 3053 4590 πρὸ
3112 4521 3204 4573 τοῦ
3266 4518 3543 4588 βασιλικοῦ
3593 4518 3796 4584 νόμου,

2300 4635 2317 4666 ι
2364 4617 2454 4667 τοῦ
2488 4616 2613 4683 περὶ
2644 4616 2891 4683 ἐνότητος
2943 4612 3432 4683 προκομιζομένου,
3466 4611 3660 4668 οἵτινες
3697 4609 3802 4674 δή-

2294 4723 2311 4752 (
2365 4721 2492 4756 ποτε
2539 4705 2669 4772 πρὸς
2733 4703 2831 4771 τὴν
2881 4702 3171 4769 καθολικὴν
3216 4700 3604 4764 ἐπιστρέφουσι
3663 4695 3802 4755 τοὺς

2301 4813 2319 4844 ⁴
2363 4794 2542 4857 λαοὺς.
2570 4793 2662 4854 οὓς
2695 4789 2838 4862 εἶχον
2877 4793 3052 4853 αὐτοὶ,
3081 4793 3302 4850 τούτους
3359 4786 3607 4853 κατέχειν
3643 4783 3795 4848 65:5!-

2301 4903 2318 4935 ι
2361 4884 2542 4935 λουσιν
2573 4899 2590 4914 ο
2658 4885 2795 4951 μετὰ
2846 4883 2903 4938 δέ
2959 4884 3049 4934 τὸν
3100 4882 3263 4948 νόμον
3286 4878 3383 4943 τῆς
3415 4877 3668 4943 ἐνότητος
3698 4876 3800 4925 καὶ

2302 4992 2320 5023 ι
2367 4974 2624 5026 ἐπέκεινα
2653 4975 2756 5041 χρὴ
2791 4973 2969 5034 πάσας
2993 4973 3088 5031 τὰς
3115 4967 3411 5034 ἐκκλησίας
3437 4965 3531 5022 καὶ
3587 4964 3776 5032 διοική

2306 5083 2323 5106 ι
2370 5081 2480 5125 σεις
2512 5064 2710 5125 αὐτῶν,
2742 5063 2838 5114 καὶ
2869 5064 2962 5113 ἐάν
2991 5076 3114 5112 τινα.
3141 5058 3300 5126 τυχὸν
3321 5051 3422 5108 ὦσι
3441 5053 3806 5121 δικαιώματα

2306 5174 2323 5204 ι
2372 5157 2477 5213 τοῖς
2503 5155 2730 5214 δικαίοις
2767 5155 3036 5219 ἀνήκοντα
3087 5149 3193 5203 τῶν
3241 5146 3421 5213 αὐτῶν
3459 5145 3804 5213 ἐκκλησιῶν,

2297 5263 2314 5294 ι
2360 5245 2741 5297 διεκδικεῖσθαι
2761 5243 2863 5294 61:6
2885 5241 2992 5293 τῶν
3016 5238 3317 5293 καθολικῶν
3345 5238 3660 5289 ἐπισκόπων
3688 5233 3807 5285 τῶν

2291 5353 2312 5384 ι
2360 5336 2416 5384 ἐν
2451 5337 2561 5395 τοῖς
2596 5335 2777 5397 τόποις
2814 5333 3036 5391 ἐκείνοις
3071 5332 3128 5382 ἐν
3150 5325 3229 5390 οἷς
3273 5327 3589 5396 κατείχοντο
3641 5326 3803 5394 παρὰ

2289 5444 2308 5475 ι
2351 5425 2459 5477 τῶν
2490 5425 2798 5494 αἱρετικῶν.
2823 5423 2932 5474 εἴτε
2965 5419 3406 5490 ἐπιστρεφόντων
3435 5418 3628 5469 λοιπόν
3656 5416 3804 5483 πρὸς

2288 5534 2306 5564 ι
2344 5517 2442 5582 τὴν
2473 5513 2788 5582 καθολικὴν,
2815 5512 2921 5568 εἴτε
2953 5512 3027 5580 μὴ
3052 5510 3519 5579 ἐπιστρεφόντων.
3563 5508 3678 5560 Καὶ
3700 5507 3801 5568 ἐὰν

2286 5605 2566 5673 βασιλικὸν
2652 5603 2908 5672 ὁρισμὸν,
3004 5600 3208 5654 ὀφείλει
3279 5599 3450 5652 ταῦτα
3524 5595 3799 5652 ἁποκαθὶς
