4000 6434
179 313 271 376 345

1191 325 1272 385 IN
1305 326 1467 388 CAN.
1504 327 1640 388 CIII
1668 328 1875 391 CONC.
1914 331 2292 391 CARTHAG.

3264 332 3372 395 346

236 424 424 476 ΒΑΛΣ.
451 428 586 491 Τοὺς
616 429 717 481 ἀπὸ
741 432 846 500 τῆς
896 433 1157 502 αἱρέσεως
1208 437 1317 488 τῶν
1379 437 1712 491 Δονατιστῶν

1885 440 2083 496 BALS.
2140 442 2241 496 Eos
2275 443 2366 510 qui
2401 456 2428 494 a
2464 443 2868 497 Donatistarum
2903 439 3095 495 haeresi
3143 444 3372 494 convcr-

176 517 584 583 ἐπιστρέφοντας
618 518 912 588 διορίζεται
959 525 987 574 ὁ
1035 524 1209 576 κανὼν
1240 521 1376 577 εἶναι
1434 519 1539 577 ὐπδ
1587 526 1712 585 τοὺς

177 605 493 669 ἐπισκόπους
519 609 711 670 αὐτῶν,
745 612 852 663 ἐὰν·
873 613 964 665 καὶ
1000 614 1150 666 αὐτοὶ
1183 615 1570 684 ἐπιστρέψων.
1604 617 1713 667 Καὶ

175 695 290 747 ἄλλα
315 695 371 746 δέ
403 699 524 750 τινά
560 715 722 770 φησιν
753 701 1126 755 ἀποϐλέποντα
1155 704 1287 771 πρὸς
1314 705 1582 774 σωτηρίαν
1607 705 1714 756 τῶν

174 784 497 835 Δονατιστῶν
546 790 638 839 καὶ
677 788 785 840 τῶν
836 789 953 841 κατ’
991 789 1184 852 αὐτοὺς
1227 792 1537 862 ἐκκλησιῶν
1574 794 1715 862 μετὰ

172 868 472 936 διόρθωσιν.

231 962 475 1019 ΖΩΝΑΡ.
533 967 596 1018 οι
664 969 1078 1039 ἐπιστρέφοντες
1131 973 1272 1031 λαοὶ.
1333 973 1498 1039 φασὶν
1539 973 1588 1024 οἱ
1614 973 1714 1040 τῆς

173 1051 402 1114 συνόδου,
435 1055 498 1106 ἐκ
517 1055 616 1121 τῆς
643 1058 905 1127 αἱρέσεως
925 1061 1030 1112 τῶν
1055 1063 1402 1124 Δονατιστῶν,
1435 1063 1520 1113 ἵνα
1549 1061 1712 1130 ἔχωσι

169 1141 282 1201 τοὺς
324 1144 680 1208 ἐπισκόπους,
735 1148 828 1210 οὓς
877 1144 1049 1217 εἶχον,
1112 1152 1160 1202 εῑ
1227 1153 1466 1203 κάκεῖνοι
1511 1151 1711 1220 δηλαδὴ

169 1231 512 1297 ἐπέστρςφνν,
563 1236 610 1286 ει
668 1237 726 1288 δέ
777 1253 917 1299 τινες
946 1237 1051 1288 τῶν
1104 1239 1551 1306 ἐπιστρεφόντων,
1605 1239 1712 1290 τῶν

169 1321 470 1372 ἐπισκόπων
498 1324 676 1375 αὐτῶν
703 1318 1152 1392 τελευτησάντων,
1201 1329 1299 1381 οὐκ
1341 1328 1495 1395 ἔσχον
1555 1327 1712 1379 ἄλλον

167 1409 469 1471 ἐπίσκοπον,
515 1407 630 1463 ἀλλ’
673 1413 865 1479 ἐτέρας
921 1416 1231 1485 διοικήσεως
1273 1419 1556 1484 ἐπισκὸπῳ
1619 1418 1710 1468 τοῦ

167 1497 314 1548 τόπου
371 1500 668 1566 ἀνήκοντες
694 1541 709 1564 ,
751 1503 943 1570 ἐκείνῳ
981 1504 1401 1572 προσετέθησαν,
1471 1505 1712 1556 ἔστιιισαν

170 1583 248 1632 ὑπ’
269 1586 495 1650 ἐκεῖνον,
533 1591 624 1641 καὶ
657 1591 731 1658 μὴ
761 1590 913 1642 τοῦτο
942 1593 1120 1654 αὐτοῖς
1148 1594 1424 1662 ἁρνηθείη,
1458 1593 1574 1646 ἀντὶ
1599 1593 1710 1658 τοῦ,

172 1677 233 1741 μὴ
258 1680 682 1749 ἐπαγορευθείη,
709 1681 782 1750 μὴ
806 1682 1064 1752 κωλυθείη
1095 1699 1111 1712 ο
1142 1685 1233 1735 καὶ
1261 1685 1371 1736 ὅσοι
1399 1680 1452 1736 δὲ
1488 1685 1710 1737 ἐπίσκο·

169 1783 246 1816 τοι
269 1768 376 1818 τῶν
413 1771 754 1822 Δονατιστῶν
773 1774 894 1832 τοὺς
911 1772 1000 1822 ὑπ’
1021 1774 1214 1835 αὐτοὺς
1241 1775 1398 1836 λαοὺς
1430 1775 1708 1840 προσαγά-

166 1873 289 1920 γωσι
313 1861 379 1927 τῇ
423 1858 746 1928 Ἐκκλησία,
773 1861 922 1912 αὐτοὶ
946 1864 1034 1915 καὶ
1067 1862 1206 1931 μετὰ
1225 1864 1322 1930 τὴν
1350 1864 1708 1933 προσαγωγὴν

165 1946 389 1998 εστωσαν
434 1949 640 2001 τούτων
667 1951 973 2004 ἐπίσκοποι.
1037 1953 1192 2004 Μετὰ
1221 1953 1276 2004 δέ
1307 1953 1398 2004 τὸν
1426 1955 1591 2021 νόμον
1613 1957 1710 2020 τῆς

165 2037 393 2104 ἐνὸτητος
438 2039 652 2106 (γέγονε
698 2041 807 2108 γὰρ
850 2041 995 2108 παρὰ
1048 2041 1156 2093 τῶν
1201 2043 1538 2110 κρατούντων
1589 2044 1711 2097 τότε

167 2125 313 2190 νόμος
357 2128 628 2195 ἐνωθῆναι
661 2131 761 2190 τὰς
793 2131 1079 2197 ἐκκλησίας
1113 2134 1210 2200 τῆς
1251 2134 1534 2203 Ἀφρικῆς)
1583 2135 1709 2203 χρὴ,

163 2215 301 2278 φασὶ,
331 2216 505 2280 πάσας
522 2219 620 2280 τὰς
651 2220 940 2288 ἐκκλησίας
981 2224 1073 2273 καὶ
1112 2224 1208 2284 τὰς
1250 2224 1558 2292 διοικήσεις,
1594 2226 1715 2295 ῆτοι

165 2307 248 2367 τὰς
278 2310 592 2375 οἰκονομίας
627 2310 782 2379 ﬁta;
833 2313 1063 2381 ἐνορίυις,
1117 2316 1212 2368 καὶ
1256 2318 1318 2367 τὰ
1370 2316 1714 2382 δικαιώματα.

164 2396 256 2447 τῶν
277 2397 456 2450 αὐτῶν
479 2400 808 2467 ἐκκλησιῶν,
829 2403 1145 2456 διοικεῖσθαι
1201 2405 1304 2457 ὑπὸ
1337 2406 1446 2457 τῶν
1492 2405 1713 2456 καθολι-

165 2486 282 2539 κών.
314 2488 655 2550 Καθο>.ικοῦς
675 2491 732 2542 δὲ
764 2492 1094 2553 ἐπισκόπους
1121 2493 1152 2560 ἢ
1186 2495 1311 2554 τοὺς
1357 2495 1452 2560 τῆς
1503 2494 1714 2545 καθολι-

165 2578 250 2641 κῆς
285 2576 614 2645 Ἐκκ)ησίας
648 2579 908 2646 ἐξάρχους
937 2581 1093 2641 ὄντας
1124 2581 1292 2646 λέγει,
1325 2581 1357 2650 ἦ
1412 2583 1536 2644 τοὺς
1563 2582 1712 2650 πρὼο

163 2682 292 2726 τιυς,
323 2669 494 2736 ἤγουν
521 2670 647 2729 τοὺς
684 2671 1104 2738 μητροπολίτας,
1152 2671 1260 2722 εἴτε
1298 2671 1712 2739 ἐπιστρέφουσιν

165 2759 204 2806 οξ
229 2759 509 2826 siparum",
542 2759 646 2808 εἴτε
675 2760 772 2829 μή.
812 2760 869 2811 Ei
899 2759 953 2811 δέ
987 2761 1079 2812 καί
1104 2777 1244 2812 τισιν
1267 2762 1328 2812 ἐκ
1358 2761 1463 2812 τῶν
1493 2761 1712 2813 δικαίων

164 2847 258 2896 τῶν
288 2849 598 2916 ἐκκλησιῶν
627 2853 1032 2918 κατεχρήσαντο
1061 2853 1108 2901 οἱ
1151 2852 1415 2916 αἱρετικοὶ
1451 2851 1588 2918 μετὰ
1621 2851 1712 2903 τὸν

164 2939 328 3006 νὸμον.
355 2942 479 2992 ἀντὶ
501 2941 619 3006 τοῦ,
647 2941 1054 3010 ἐξεποιήσαντο,
1096 2940 1368 3008 ὀφείλουσι
1407 2942 1500 2992 καὶ
1543 2940 1714 2992 ταῦτα

164 3031 646 3083 ἀποκαθίστασθαι.
693 3031 1017 3101 Προσφόρως
1043 3029 1098 3082 δὲ
1133 3031 1428 3099 ἐχρήσαντο
1462 3033 1527 3101 τῇ
1575 3031 1715 3096 λέξει

162 3119 242 3171 τοῦ
263 3121 1074 3191 κττεχρήσαντοΛίατάχρηησις
1123 3120 1231 3187 γάρ
1287 3121 1432 3171 ἐστιν
1477 3121 1509 3188 η
1567 3121 1717 3189 παρά

159 3212 210 3262 τι
238 3212 350 3263 δέον
381 3211 605 3280 χρῆσις.
640 3211 749 3261 Καὶ
769 3211 817 3261 οἱ
846 3208 1222 3277 ἐκποιούμενοι
1250 3204 1342 3262 οὖν
1369 3208 1438 3260 τὰ
1479 3209 1588 3262 τῶν
1619 3211 1709 3262 ἐκ·

162 3301 382 3366 κλησιῶν
408 3302 796 3368 καταχρῶνται
827 3291 1004 3361 αθύτοϊς
1029 3316 1042 3330 ο
1087 3300 1148 3352 οὐ
1180 3300 1288 3368 γὰρ
1337 3299 1413 3363 ὼς
1462 3300 1581 3352 δέον
1621 3301 1719 3360 αυ-

161 3393 257 3452 τοῖς
287 3391 944 3460 χρῶνται.⁹Δκουέτωσαν
997 3390 1167 3447 ταῦτα
1202 3391 1250 3442 oi
1284 3390 1454 3451 ἀδεῶς
1496 3391 1564 3443 τὰ
1608 3389 1716 3442 τῶν

162 3481 450 3548 ἐκκλησιῶν
505 3479 905 3550 ἐκποιούμενοι,
956 3481 1048 3534 καὶ
1089 3483 1137 3533 oi
1182 3480 1558 3544 συναινοῦντες
1619 3482 1715 3534 αὐ-

161 3571 274 3630 τοῖς.

1817 541 2024 594 tuntur.
2057 533 2240 585 statuit
2276 547 2535 586 canonem
2574 547 2695 585 esse
2738 532 2836 586 sub
2860 532 2971 583 suis
2999 529 3293 598 episcopis,
3320 529 3365 582 si

1814 620 1912 686 ipsi
1960 622 2565 674 .etiam'couvertantur.
2606 620 2722 671 Alia
2770 633 2985 688 quoque
3033 618 3198 680 dicit,
3248 632 3368 684 qua

1813 719 2060 774 spectant
2111 713 2174 761 ad
2207 714 2433 765 salutem
2469 712 2869 766 Donatistarum
2906 720 2958 764 et
3005 723 3224 764 suarum
3277 721 3368 761 ec-

1813 801 2099 854 clesiarqu
2132 815 2248 870 post
2271 803 2682 856 correctionem.

1884 971 2131 1026 ZONAR.
2175 973 2236 1028 Ut
2299 975 2497 1042 populi,
2533 975 2619 1043 qni
2647 990 2704 1027 se
2731 976 2795 1026 ah
2838 975 3028 1027 haeresi
3062 973 3368 1026 Donatista-

1813 1075 1930 1112 rqu
1983 1061 2046 1110 ad
2096 1060 2214 1112 ﬁdei
2245 1063 2522 1114 veritatem
2555 1072 2896 1128 convertunt,
2947 1062 3136 1114 iisdem
3170 1061 3366 1127 quibus

1815 1159 1992 1211 antea.
2044 1151 2087 1202 si
2139 1151 2293 1202 modo
2332 1151 2404 1202 illi
2444 1166 2654 1217 quoque
2691 1161 2891 1205 rectam
2926 1151 3084 1203 [idem
3134 1147 3365 1217 amplexi

1815 1251 1955 1303 sunt.
2002 1242 2264 1305 episcopis
2300 1241 2678 1307 subjiciuntur,
2712 1243 2898 1311 synodi
2949 1241 3131 1294 Patres
3166 1240 3371 1298 consti—

1816 1341 2008 1392 tuunt;
2042 1340 2203 1395 utque
2253 1331 2408 1382 iidem
2441 1333 2638 1398 populi,
2682 1334 2724 1383 si
2754 1341 2872 1398 post
2903 1347 3122 1383 suorum
3165 1331 3371 1396 episco-

1813 1436 2001 1488 porum
2055 1421 2257 1470 obitum
2297 1421 2457 1472 alium
2508 1422 2817 1486 episcopum
2864 1435 2969 1471 non
3013 1420 3364 1476 obtinuerint.

1814 1509 1905 1559 sed
1955 1508 2177 1560 alterius
2207 1508 2501 1560 dioeceseos
2533 1509 2785 1574 episcopo
2814 1547 2827 1569 ,
2862 1508 2978 1571 ejus
3010 1507 3096 1571 qui
3136 1506 3368 1557 decessit

1817 1598 2064 1659 ﬁnitimo,
2122 1612 2179 1648 se
2223 1597 2551 1662 adiunxere.
2601 1599 2888 1661 quominus
2944 1597 3088 1648 illum
3135 1593 3368 1664 habeant

1817 1689 2031 1739 tuiuitue
2071 1688 2464 1752 impediantur;
2519 1697 2625 1736 tum
2677 1695 2732 1739 ut
2787 1685 3018 1751 episcopi
3069 1684 3368 1736 Donatista-

1813 1791 1948 1834 rum.
2007 1775 2311 1842 quicunque
2372 1773 2592 1840 populos
2648 1787 2774 1826 suos
2831 1772 3081 1826 Ecclesia:
3115 1770 3370 1822 concilia-

1812 1874 1956 1925 runt.
1997 1866 2181 1917 codem
2231 1879 2336 1930 quo
2401 1873 2554 1916 auten
2586 1863 2726 1928 jure.
2774 1863 2824 1914 in
2877 1861 3095 1915 eosdem
3144 1858 3369 1926 populos

1808 1953 2043 2021 episeopi
2112 1954 2485 2005 auctoritatem
2554 1954 2848 2005 obtineant.
2896 1950 3026 2004 Post
3065 1950 3230 2013 legem
3287 1957 3370 1997 ta-

1810 2057 1930 2096 men
1975 2045 2039 2095 de
2082 2045 2364 2096 concordia
2406 2043 2565 2094 latam
2604 2042 2726 2111 (fuit
2770 2043 2912 2094 enim
2949 2041 3032 2094 lex
3071 2037 3139 2089 ab
3177 2039 3369 2102 imper.

1811 2135 1874 2185 de
1939 2133 2286 2186 ecclesiarum
2366 2133 2560 2185 Africa:
2636 2132 2921 2185 concordia
2996 2143 3061 2182 eo
3131 2137 3372 2192 tempore

1813 2221 2181 2289 promulgata)
2239 2223 2494 2275 ecclesias
2555 2236 2740 2274 Omnes
2807 2231 2860 2274 et
2922 2221 3202 2283 diceceses,
3256 2234 3374 2274 sive

1812 2309 2351 2371 administrationes.
2407 2317 2496 2360 aut
2559 2310 2840 2376 regiones,
2893 2320 3000 2364 tttm
3051 2312 3169 2378 jura
3233 2327 3370 2381 quo-

1813 2413 1917 2465 que
1967 2399 2032 2449 ad
2079 2413 2169 2450 eas
2207 2398 2460 2451 ecclesias
2512 2401 2807 2466 spectantia
2860 2399 2927 2452 sb
2980 2401 3245 2466 episcopis
3274 2416 3370 2453 ca-

1814 2488 2026 2540 tholicis
2076 2489 2242 2539 asscri
2290 2502 2352 2540 ac
2423 2487 2682 2540 vindicari
2734 2499 2985 2553 oportere
3046 2489 3367 2542 decernunt.

1813 2581 2116 2634 Catholicos
2156 2597 2280 2634 vero
2305 2582 2583 2648 episcopos
2632 2581 2907 2650 intelligit.
2947 2583 3110 2652 637
3163 2583 3242 2636 vel
3273 2598 3371 2638 eos

1813 2672 1902 2739 qui
1953 2673 2020 2724 ab
2069 2671 2221 2723 initio
2259 2671 2310 2722 in
2351 2670 2606 2724 Ecclesiae
2654 2672 2934 2725 catholica:
2983 2674 3225 2738 partibus
3262 2682 3371 2724 ste-

1813 2770 2010 2822 terunt.
2052 2760 2132 2814 vel
2170 2761 2444 2828 primates.
2489 2761 2588 2813 hoc
2629 2769 2730 2826 est,
2766 2762 3224 2828 metropolitano“,
3257 2763 3370 2814 sive

1815 2851 2054 2906 ltmretici
2104 2849 2167 2903 ad
2215 2851 2498 2902 sanitatem
2548 2850 2838 2912 redierint,
2879 2851 2994 2904 sive
3027 2867 3154 2903 nou.
3214 2852 3364 2914 Quod

1816 2944 1857 2994 si
1884 2943 2044 2994 etiam
2081 2941 2240 2994 rebus
2269 2942 2332 2992 ad
2371 2939 2669 2994 Ecclesiam
2699 2940 3104 3005 pertinentibus
3137 2940 3370 2993 heretici

1743 3068 1784 3122 ο
1819 3037 1935 3097 post
1961 3029 2126 3100 legem
2163 3029 2549 3098 promulgatam
2599 3029 2752 3082 abusi
2803 3030 2928 3094 sint,
2973 3031 3076 3083 hoc
3119 3039 3220 3092 est.
3275 3044 3373 3083 eas

1818 3118 2124 3181 alienarint.
2163 3119 2369 3171 restitui
2413 3132 2624 3187 quoque
2678 3119 2795 3171 illas
2833 3119 3118 3186 oportebit.
3189 3120 3373 3187 Appo-

1821 3209 1925 3261 site
1979 3217 2156 3261 autem
2208 3208 2308 3262 hoc
2361 3207 2479 3262 loco
2513 3208 2766 3262 almtendi
2803 3208 3023 3262 verbum
3051 3208 3366 3261 adhibuere.

1818 3297 1912 3350 Est
1928 3313 2157 3366 namque
2179 3298 2346 3361 abuti,
2370 3313 2427 3351 re
2455 3298 2628 3366 aliqua
2649 3305 2842 3367 praeter
2861 3299 2908 3350 id
2927 3298 3067 3364 quod
3091 3299 3243 3352 decet
3269 3299 3371 3361 uti,

1823 3391 1964 3458 quod
1991 3389 2172 3457 procul
2208 3390 2367 3443 dubio
2402 3387 2602 3442 faciunt
2640 3391 2698 3449 ii.
2726 3404 2752 3441 a
2779 3390 2972 3457 quibus
2999 3389 3364 3442 ecclesiastica

1819 3494 1905 3534 res
1950 3495 2270 3548 quocunque
2326 3481 2482 3533 modo
2543 3479 2848 3534 alienatur:
2907 3495 3011 3532 non
3071 3479 3238 3542 enim,
3307 3489 3366 3530 ut

1817 3581 2049 3640 oportet.
2083 3572 2167 3625 bis
2203 3582 2448 3626 utuntur.
2478 3569 2840 3626 Audianthzc
2869 3573 2959 3640 qui
2987 3585 3081 3639 per
3108 3586 3372 3624 summam

162 3662 412 3719 l‘centiam
470 3663 722 3720 Ecclesiae
785 3665 922 3720 bona
977 3665 1325 3730 distrahunt.
1382 3665 1578 3735 quique
1641 3681 1702 3722 se
1736 3667 1850 3736 ejus
1891 3667 2102 3721 consilii
2137 3667 2501 3737 adscriptores
2545 3667 2960 3734 laudatoresque
2985 3680 3091 3718 non
3125 3665 3372 3719 dubitant

162 3759 405 3825 proﬁteri.

164 3851 368 3905 ΑΡΙΣΤ.
419 3869 439 3900 ι
490 3851 552 3903 Οἱ
602 3851 709 3904 ἀπὸ
735 3851 1068 3904 Δονατιστῶν
1125 3852 1548 3921 ἐπιστρέψαντες
1581 3853 1705 3922 ἐχέ-

231 3958 246 3988 ι
284 3957 472 3993 τωσαν
525 3941 650 4002 τοὺς
718 3941 878 4003 ἰδίους
936 3942 1283 4004 ἐπισκόπους,
1347 3943 1394 3994 εί
1433 3943 1527 3994 καὶ
1554 3945 1706 4012 παρὰ

226 4049 242 4076 ι
285 4031 520 4100 γνώμην
540 4032 636 4098 τῆς
661 4032 884 4083 συνόδου
911 4031 1131 4094 τούτους
1171 4033 1348 4101 ἐσχον,
1391 4035 1485 4085 καὶ
1518 4035 1703 4085 τελευ-

231 4139 248 4170 ι
292 4121 502 4180 τῶντος
531 4123 853 4182 ἐπισκόπου,
883 4124 930 4172 εἰ
972 4122 1045 4191 μὴ
1075 4121 1350 4190 βούλονται
1381 4121 1537 4174 ἄλλον
1564 4125 1710 4175 ἀντι-

223 4229 240 4262 σ
285 4214 646 4282 καταστῆναι,
677 4207 808 4274 aut;
845 4215 1012 4278 ἐτέρῳ
1043 4216 1449 4284 προσχωρῆσαι,
1488 4215 1708 4278 ἐξέστω·

231 4321 246 4353 ι
287 4306 380 4355 καὶ⁵
407 4305 462 4355 ol
492 4302 801 4364 ἐπίσκοποι,
833 4303 881 4354 οἱ
919 4303 1024 4371 πρὸ
1062 4304 1158 4372 τῆς
1191 4305 1434 4366 ἐνὼσεως
1466 4304 1716 4368 ἐπιπρέο

229 4413 246 4443 ι
287 4394 516 4461 ψαντις,
551 4391 677 4451 τοὺς
708 4390 868 4453 λαοὺς
897 4391 989 4454 οὒς
1016 4387 1181 4460 εἶχον,
1214 4394 1506 4462 ἐχέτωσαν.
1548 4394 1702 4449 Μετὰ
1740 4376 1780 4428 Ῑ)

228 4502 244 4533 ι
285 4485 339 4538 δὲ
394 4485 501 4552 τὴν
570 4485 695 4551 περὶ
768 4483 1016 4552 ἐνότητος
1095 4483 1376 4553 βασιλικὴν
1450 4484 1715 4546 κέλευσιν,

226 4597 242 4628 ι
281 4581 488 4646 ἑκάστη
534 4578 825 4642 Ἑκκλησῗα
847 4578 915 4630 τὰ
947 4577 1048 4629 ἴδια
1083 4578 1265 4629 δίκαια
1289 4577 1588 4630 ἐκδικιίτω.
1631 4595 1649 4627 ι

221 4672 278 4721 Ol
313 4670 639 4723 Δονατισταὶ
666 4669 1056 4737 ἀποσχίσαντες
1100 4670 1324 4731 ἑαυτοὺς
1353 4669 1453 4736 τῆς
1491 4669 1716 4737 Ἐκκλη-

166 4760 288 4823 σίας,
351 4760 454 4812 καὶ
514 4758 676 4819 ἰδίους
732 4758 944 4826 ἔχοντες
998 4759 1347 4821 ἐπισκόπους,
1404 4758 1714 4828 ὼρίσθησαν

165 4850 245 4912 ὡς,
286 4851 379 4902 ἐὰν
411 4847 830 4916 ἐπιστραφῶσιν
869 4849 1024 4906 αὐτοί
1061 4865 1119 4899 τε
1183 4849 1274 4900 κα)⁸
1325 4851 1372 4901 οἱ
1429 4847 1715 4900 ἐπίσκοποι

170 4940 329 4992 αὐτῶν
357 4941 501 5010 πρὸς
555 4940 655 5007 τὴν
686 4937 976 5004 καθολικὴν
1030 4937 1378 5006 Ἐκκλησίαν,
1415 4939 1719 5008 ἀναμφιδό-

170 5022 261 5085 λως
315 5025 517 5086 αὐτοὺς
581 5024 744 5076 πάλιν
798 5025 1130 5086 ἐπισκόπους
1189 5025 1356 5093 ἔχειν,
1416 5027 1516 5078 κᾶν
1567 5026 1716 5095 παρὰ

171 5112 372 5184 γνώμην
416 5116 520 5182 τῆς
547 5113 766 5172 συνόδου
794 5115 1098 5182 γεγόνασιν.
1153 5115 1214 5167 Ei
1245 5117 1321 5179 δὲ,
1361 5118 1717 5186 τελευτησάν-

169 5218 261 5256 των
281 5206 457 5269 αὐτῶν
485 5204 555 5275 δὴ
583 5205 692 5257 τῶν
711 5206 1042 5269 ἐπισκόπων,
1069 5208 1130 5259 οὐ
1153 5207 1470 5277 θελήσουσιν
1497 5210 1717 5276 ἐτέρους

171 5295 267 5346 ἀντ’
327 5297 554 5351 ἐκείνων
596 5298 747 5364 σχεῖν
800 5297 1133 5360 ἐπισκόπους
1207 5299 1548 5364 ίδιαιτάτους,
1599 5300 1714 5354 ἀλλ’

173 5382 264 5436 ὑπὸ
293 5386 546 5451 ἐξουσίαν
595 5402 655 5438 τε
708 5387 803 5438 καὶ
853 5387 1119 5456 διοίκησιν
1179 5390 1273 5440 καὶ
1331 5380 1526 5442 ἄλλων’
1557 5391 1717 5442 τινῶν

169 5474 458 5531 ἐπισκόπων
520 5476 801 5544 γενέσθαι,
850 5476 989 5530 ὥστε
1024 5479 1098 5546 μὴ
1151 5478 1468 5546 λογίζεσθαι
1519 5480 1715 5542 αὐτοὺς

172 5564 306 5631 αὖθις
337 5568 741 5638 σχισματικοὺς
777 5571 868 5620 καὶ
904 5569 1025 5622 καθ’
1052 5569 1279 5630 ἑαυτοὺς
1311 5569 1522 5622 ἐθέλειν
1544 5567 1706 5635 εἶναι,

177 5655 273 5712 ἀλλ’
298 5657 398 5713 ὑπὸ
415 5661 526 5729 ιτὴν
551 5657 846 5728 καθολικὴν
869 5658 1153 5714 τάττεσθαι
1212 5659 1559 5730 Ἐκκλησίαν,
1597 5659 1712 5724 ἐξέ-

1815 3848 2045 3904 ARIST.
2079 3867 2098 3901 ι
2139 3849 2240 3916 Qui
2273 3865 2300 3903 a
2336 3849 2630 3904 Donatistis
2663 3848 2906 3904 conversi
2938 3856 3088 3908 sunt.
3128 3848 3376 3915 proprios

1885 3961 1902 3993 ι
1953 3942 2224 3995 retineant
2268 3942 2574 4010 episcopos.
2617 3940 2718 3994 etsi
2763 3949 2957 4009 prteter
2999 3938 3189 4007 synodi
3241 3953 3370 3992 sen-

1890 4049 1908 4082 ι
1958 4031 2182 4085 tentiam
2224 4044 2318 4083 eos
2365 4031 2690 4092 habuerint;
2731 4039 2784 4082 et
2823 4029 3077 4096 episcopo
3121 4029 3228 4080 vita
3283 4027 3379 4080 dc-

1891 4140 1911 4173 c
1958 4123 2159 4185 functo,
2202 4121 2244 4173 si
2290 4120 2453 4172 alium
2497 4120 2616 4188 ejus
2645 4119 2762 4173 loco
2792 4118 3044 4172 substitui
3079 4119 3370 4177 noluerint.

1888 4232 1908 4265 ι
1956 4214 2047 4266 sed
2099 4212 2254 4266 alteri
2306 4213 2608 4274 adbmrere,
2652 4211 2848 4274 liceat;
2894 4218 2945 4262 et
2971 4207 3231 4276 episcopi,
3283 4208 3377 4275 qui

1893 4322 1910 4354 ι
1959 4313 2082 4357 ante
2114 4304 2362 4356 unionem
2389 4301 2634 4354 conversi
2670 4308 2816 4360 sunt.
2857 4299 3079 4367 populos
3101 4312 3236 4364 quos
3279 4298 3379 4349 ha-

1898 4413 1916 4442 r
1964 4393 2218 4457 buerunt,
2255 4393 2509 4446 habeant.
2546 4390 2673 4442 Post
2712 4389 3116 4457 imperatorium
3157 4401 3283 4440 vero
3314 4389 3416 4439 de‘

1895 4503 1912 4535 ι
1961 4484 2157 4536 unione
2185 4483 2494 4535 mandatum
2518 4493 2854 4548 unaquaeque
2894 4477 3128 4532 Ecclesia
3163 4478 3376 4545 propria

1898 4593 1915 4624 ι
1961 4589 2052 4625 sua
2085 4572 2206 4639 jura
2243 4571 2512 4624 defendat.
2555 4588 2572 4619 ι

1889 4667 1962 4717 De
1994 4664 2284 4718 Donatistis
2316 4665 2406 4730 qui
2453 4664 2518 4713 ah
2547 4660 2786 4714 Ecclesia
2823 4674 2879 4712 se
2915 4658 3281 4716 absciderunt.
3327 4667 3378 4709 et

1818 4756 2063 4826 proprios
2105 4754 2406 4826 habuerunt
2449 4755 2749 4819 episcopos.
2785 4751 3114 4808 decernitur.
3157 4750 3297 4809 quod
3329 4749 3374 4800 si

1820 4848 1920 4914 ipsi
1946 4857 1998 4900 et
2033 4846 2271 4914 ipsorum
2306 4843 2542 4911 episcopi
2603 4843 2668 4892 ad
2710 4841 3027 4894 catholicam
3082 4838 3376 4892 Ecclesiam

1816 4946 2224 4995 convertantur.
2257 4935 2371 4986 sine
2405 4931 2772 4986 controversia
2807 4931 2878 4982 illi
2916 4932 3107 4983 iterum
3147 4928 3378 4982 habeant

1817 5029 2124 5097 episcopos.
2161 5025 2408 5093 quamvis
2436 5033 2628 5090 prmter
2663 5020 2853 5090 synodi
2901 5020 3222 5073 sententiam
3252 5019 3378 5072 facti

1815 5119 1984 5172 fuere.
2014 5117 2067 5171 Si
2095 5126 2270 5168 autem
2298 5128 2418 5167 cum
2447 5113 2680 5179 episcopi
2708 5111 2945 5178 ipsorum
2979 5121 3202 5162 mortem
3227 5110 3378 5162 obic-

1815 5207 1948 5269 riut.
1980 5206 2167 5261 nolunt
2196 5203 2330 5256 alios
2358 5218 2542 5257 eorum
2568 5202 2686 5254 loco
2710 5201 2991 5269 episcopos
3025 5200 3221 5254 habere
3248 5215 3370 5267 pro-

1815 5299 1982 5367 prius,
2017 5297 2108 5350 sed
2140 5295 2366 5349 aliorum
2414 5292 2769 5361 quorumdam
2816 5292 3186 5358 episcoporum
3231 5301 3377 5358 ροισι-

1821 5387 1945 5439 stati
1981 5395 2036 5437 et
2089 5383 2306 5438 direct-si
2356 5383 2618 5438 subesse.
2669 5391 2726 5432 ut
2778 5397 2883 5432 non
2949 5390 3226 5447 putaretur
3277 5396 3373 5435 eos

1815 5476 2192 5529 schisuiaticos
2239 5474 2433 5526 iterum
2464 5481 2516 5525 et
2555 5485 2650 5539 per
2685 5474 2890 5537 seipsos
2921 5486 3040 5522 esse
3075 5472 3228 5531 velle,
3273 5475 3366 5524 sed

1819 5567 1918 5618 sub
1968 5565 2230 5618 catholica
2281 5563 2520 5615 Ecclesia
2562 5561 2852 5623 constitui;
2902 5561 3082 5613 licebit
3122 5559 3203 5612 eis
3241 5561 3368 5613 illud

1814 5659 2012 5713 facere.
2043 5657 2148 5712 Sed
2182 5667 2232 5712 et
2263 5653 2658 5710 DOuaSlitartttt‘t
2689 5653 2946 5722 episcopi,
3023 5653 3114 5720 qui
3156 5662 3275 5705 autc
3313 5653 3360 5706 lo
