4012 6448
659 442 763 502 359

1938 453 2036 513 ΤΗ
2045 453 2208 516 EOD.
2247 455 2335 514 BA
2344 458 2635 520 LSAMON

3746 470 3852 534 360

729 553 972 608 ZONAR.
1004 555 1057 608 Si
1105 557 1246 624 quis,
1281 557 1481 625 inquit,
1514 559 1561 610 in
1596 556 1796 626 Africa,
1828 565 2056 632 cpiscOpi
2107 570 2187 618 sui

2359 574 2598 628 ΖΩΝΑΡ.
2645 576 2766 629 Ἐάν
2792 593 2896 639 τις,
2938 580 3118 645 φησιν,
3155 579 3397 641 ἀποστὰς
3440 580 3539 646 τῆς
3564 584 3857 643 κοινωνίας

657 647 1029 696 iommunione
1059 646 1351 712 repudiata,
1380 661 1435 699 se
1465 647 1610 702 illinc
1634 661 1840 704 secreto
1859 653 2187 716 subduxerit,

656 736 816 794 atque
852 729 903 780 in
930 733 1313 785 transmarinas
1355 734 1595 800 regiones
1621 773 1635 796 ,
1669 739 2056 790 communionis
2082 741 2191 792 evi-

659 818 828 871 tanda:
852 834 1037 880 causa,
1067 823 1423 885 transmearit,
1456 823 1708 876 clericatu
1734 827 2065 890 utultabilur,
2093 831 2190 881 lioc

655 917 759 970 est,
793 922 822 959 a
847 908 987 961 clero
1017 909 1245 972 excidet,
1275 923 1589 977 omnemque
1632 913 1891 967 clericalis
1921 917 2189 984 dignitatis

654 995 906 1048 honorem
935 1000 1159 1051 amittet.

655 1083 879 1140 ARIST.
915 1105 932 1136 ι
966 1087 1064 1151 Qui
1101 1089 1150 1139 in
1189 1089 1365 1141 Africa
1406 1090 1783 1143 communione
1821 1092 2080 1158 priVatnr,
2124 1095 2188 1146 ad

727 1193 744 1224 ι
779 1176 1162 1227 transmarinas
1193 1186 1370 1240 partes
1422 1191 1478 1229 se
1504 1177 1826 1243 subripiens,
1860 1186 1916 1229 ut
1949 1177 2020 1229 ibi
2043 1193 2189 1230 coni-

726 1281 744 1312 ι
784 1264 1038 1324 inunicet,
1080 1264 1220 1316 clero
1253 1267 1469 1318 excidit.
1510 1287 1529 1316 ι

723 1349 1011 1418 Episcopus
1043 1353 1120 1402 vel
1171 1354 1398 1405 clericus
1435 1354 1487 1406 in
1539 1352 1718 1406 Africa
1759 1366 2088 1423 segregatus,
2138 1356 2182 1408 si

621 1448 803 1493 .trans
833 1453 976 1491 mare
1011 1455 1070 1492 se
1094 1441 1371 1493 conferens
1404 1442 1516 1494 sive
1563 1442 1839 1496 discedens
1863 1482 1878 1507 ,
1909 1444 2188 1511 episcOpos

653 1528 726 1580 ibi
748 1528 1066 1581 constitutos
1097 1529 1317 1583 subdole
1341 1530 1559 1593 alliciat,
1593 1540 1646 1584 et
1677 1532 1739 1583 ad
1763 1533 2186 1585 communionem

649 1632 771 1668 eum
807 1619 1087 1669 admittant
1107 1660 1122 1680 ,
1149 1619 1341 1686 gradus
1371 1619 1449 1671 sui
1487 1620 1695 1686 jactura
1722 1619 2079 1675 damnabitur.

1216 1790 1439 1846 CANON
1471 1793 1603 1847 CIX.

654 1898 673 1929 ι
717 1879 783 1934 Ut
814 1883 900 1948 qui
937 1881 988 1934 in
1020 1884 1326 1935 contltatnm
1388 1885 1811 1951 proﬁciscuntur,
1870 1898 1922 1938 et
1964 1885 2183 1940 Cartlia-
2214 1860 2256 1914 Β

722 1990 739 2019 ι
778 1974 983 2038 ginensi
1021 1983 1073 2024 et
1104 1974 1342 2027 Romano
1367 1975 1628 2026 sacerdoti
1652 1990 1865 2027 causam
1900 1991 2055 2028 suam
2088 1991 2182 2027 cu-

725 2081 743 2113 i
787 2073 903 2116 rent
936 2063 1241 2116 ostendere.
1272 2061 1496 2127 Placuit,
1527 2075 1582 2116 ut
1633 2066 1939 2132 quicunque
1995 2067 2045 2118 in
2087 2079 2182 2118 co-

731 2172 747 2200 ι
790 2153 1030 2203 iniiatum
1078 2152 1347 2219 prolicisci
1409 2153 1673 2218 voluerit,
1729 2155 1779 2206 in
1845 2155 2181 2216 itiinissoria,

731 2257 748 2286 ι
781 2255 896 2305 qua:
912 2241 974 2290 ad
995 2239 1281 2292 Ecrlesiam
1300 2239 1588 2292 llomanani
1610 2242 1852 2301 mittitur,
1877 2243 2179 2305 intimetur;

724 2346 740 2375 ι
771 2339 825 2379 et
855 2341 909 2378 ut
949 2329 1055 2381 illic
1085 2340 1340 2396 prmterea
1374 2333 1600 2396 accipiat
1623 2331 1826 2383 litteras
1863 2331 1913 2382 in
1956 2333 2180 2384 comita-

727 2433 743 2461 ι
778 2429 908 2469 tum.
941 2415 1115 2480 Quare
1174 2420 1217 2470 si
1273 2419 1413 2485 quis,
1493 2430 1708 2485 aeaepta
1757 2420 2056 2471 diinissoria
2115 2421 2179 2472 ad

723 2524 741 2553 ι
784 2504 999 2558 Romani
1027 2515 1256 2566 tantum,
1293 2507 1650 2572 prmtermissa
1701 2511 2039 2570 necessitate,
2066 2524 2184 2574 pro-

727 2618 745 2649 ι
788 2610 906 2664 pter
951 2613 1107 2663 quam
1165 2603 1371 2662 op0itet
1422 2609 1544 2647 eum
1572 2595 1622 2647 in
1663 2597 1971 2648 comitatum
2017 2597 2178 2663 proﬂ-

724 2711 742 2740 ι
787 2691 937 2749 cisci,
965 2687 1188 2740 volueiit
1216 2696 1358 2738 recta
1391 2685 1466 2738 ire
1508 2686 1558 2737 iii
1590 2687 1915 2749 comitatuin,
1944 2702 2181 2741 commu-

729 2797 749 2828 ι
783 2781 938 2831 nione
964 2780 1303 2831 movebitur:
1349 2778 1432 2831 sin
1478 2788 1654 2830 autem
1710 2777 1819 2828 illic
1869 2779 2049 2830 Romae
2096 2792 2182 2829 re-

721 2889 742 2918 i
781 2869 996 2934 pentina
1027 2878 1210 2921 exorta
1266 2868 1428 2920 fuerit
1469 2869 1758 2921 necessitas
1809 2868 1966 2919 eundi
2003 2869 2053 2918 in
2087 2883 2179 2919 co-

721 2976 738 3005 ‹
780 2958 1040 3016 initatuni,
1067 2958 1233 3024 ipsam
1270 2957 1508 3010 Romano
1533 2957 1782 3021 episcopo
1807 2956 2174 3006 neccsﬂtatcm

718 3064 735 3092 ι
771 3048 1036 3109 ostendat,
1086 3057 1138 3099 et
1199 3046 1401 3099 deferat
1440 3047 1748 3111 rescriptum
1786 3044 1954 3107 ipsius
1999 3042 2177 3094 Romae

711 3155 728 3184 i
763 3137 1012 3204 episcopi.
1043 3137 1367 3188 Diuiissoria:
1404 3144 1603 3196 autem,
1633 3150 1747 3201 qua!
1773 3150 1798 3182 :l
1866 3133 2174 3197 primatibus
2204 3156 2246 3210 ο

715 3244 734 3274 ‹
784 3228 861 3276 vel
903 3227 1308 3292 quibuscmique
1347 3226 1610 3292 episcopis
1673 3225 1867 3273 dantur
1955 3223 2178 3286 projiriis

719 3333 737 3364 ‹
764 3315 994 3377 clericis,
1025 3315 1161 3366 diem
1194 3314 1408 3366 Pascbte
1439 3312 1696 3363 habeant:
1736 3311 1777 3361 si
1841 3318 2014 3361 autem
2062 3308 2177 3360 dies

723 3422 742 3454 ι
778 3405 998 3458 Pascha:
1037 3400 1150 3468 ejus
1176 3403 1299 3452 anni
1327 3401 1396 3452 sit
1423 3401 1678 3460 incertus,
1725 3399 1841 3464 ejus
1869 3398 2006 3462 quod
2043 3412 2174 3462 pra:-

722 3512 740 3541 (
773 3495 934 3544 cessit
967 3492 1316 3558 adjnngatm';
1352 3487 1618 3554 quomodo
1649 3484 1784 3537 solet
1838 3484 1999 3536 scribi
2061 3491 2176 3547 post

719 3599 736 3630 ι
774 3580 1108 3631 consulatum
1171 3577 1223 3628 in
1284 3578 1347 3628 iis
1399 3591 1515 3641 qua:
1572 3574 1782 3641 publice
1833 3581 1978 3636 gesta
2033 3581 2174 3622 sunt.

719 3687 739 3718 ι
785 3669 984 3719 1Ἰιιιίιὶί.
1017 3678 1190 3718 autem
1219 3675 1270 3717 et
1314 3665 1462 3726 illud,
1499 3675 1555 3716 ut
1592 3665 1845 3715 adversus
1878 3660 2175 3713 Donatistas

716 3777 734 3806 ι
770 3767 820 3809 et
847 3757 1081 3816 Gramns,
1109 3768 1157 3808 et
1187 3770 1368 3806 eorum
1427 3753 1854 3819 superstitiones,
1897 3751 2043 3802 missi
2105 3750 2176 3800 le-

723 3865 742 3895 ‹
779 3847 887 3913 gati
920 3862 982 3897 ex
1009 3845 1107 3896 liae
1142 3843 1428 3895 venerabili
1479 3844 1680 3910 synodo
1746 3841 1998 3907 quidquid
2050 3839 2175 3890 utile

723 3936 1275 3996 «animadverterent,
1344 3933 1408 3984 ab
1456 3932 1833 3984 illustrissimis
1887 3931 2175 3996 imperato-

723 4045 740 4072 ι
778 4026 922 4075 ribus
946 4032 1148 4088 petant.
1185 4022 1390 4072 Placuit
1422 4031 1677 4084 przeterea
1707 4018 1940 4069 omnium
1968 4018 2174 4081 episco-

725 4131 741 4159 ι
782 4125 965 4176 porum
999 4120 1204 4176 rogatu,
1235 4118 1290 4159 nt
1313 4108 1561 4158 omnibus
1590 4119 1707 4171 qua:
1739 4104 1855 4156 dari
1886 4105 2079 4156 debent
2109 4119 2173 4154 ex

724 4217 742 4247 ι
790 4201 884 4249 bac
912 4199 1111 4265 synodo
1151 4195 1391 4262 epistolis
1434 4200 1522 4244 tua
1585 4191 1842 4243 sanctitas
1891 4189 2001 4241 sola
2051 4191 2176 4241 sub-

716 4308 734 4338 ι
766 4287 979 4339 scribat.
1017 4285 1080 4336 Et
1104 4285 1560 4351 subscripserunt.
1600 4281 1846 4333 Aurelius
1893 4280 2174 4346 episcopus

719 4395 740 4424 ι
776 4373 1212 4440 Carthaginiensis
1244 4373 1493 4424 Ecclesiae
1517 4371 1762 4438 praesenti
1797 4370 2013 4422 decreto
2043 4384 2172 4422 con-

713 4484 732 4513 ι
774 4464 936 4525 sensi,
962 4473 1014 4516 et
1047 4465 1181 4516 lecto
1205 4461 1519 4527 subscripsi.
1570 4459 1826 4512 Similiter
1874 4469 1926 4511 et
1981 4458 2170 4525 reliqui
2202 4453 2244 4506 D

714 4573 732 4604 ι
765 4553 995 4617 episcopi
1017 4551 1468 4616 subscripserunt.
1496 4567 1514 4599 ι

701 5005 891 5058 BALS.
945 5005 1187 5057 Praesens
1238 5018 1410 5056 canon
1473 5002 1753 5065 decernit,
1803 5019 1922 5056 cum
1989 5005 2177 5058 litteris

630 5094 950 5147 dimissui-iis
1005 5095 1246 5158 primatis
1300 5109 1391 5144 seu
1437 5093 1836 5158 metropolitani
1910 5093 2173 5160 proﬁcisci

632 5187 907 5252 episcopos
939 5187 1351 5247 incomitatum,
1413 5198 1505 5236 seu
1562 5183 1650 5235 ubi
1714 5195 1796 5236 est
1855 5198 2035 5236 comes
2094 5186 2176 5236 vel

635 5273 944 5341 imperator.
971 5272 1219 5336 Quaedam
1246 5275 1343 5324 alia
1366 5287 1576 5339 quoque
1596 5273 1833 5324 decernit
1853 5273 2176 5341 Specialiter,

632 5374 684 5415 et
715 5377 832 5428 qua:
866 5377 969 5414 non
1001 5373 1122 5415 sunt
1148 5365 1198 5413 in
1233 5377 1514 5414 commune
1560 5361 1740 5426 utilia;
1769 5375 1820 5414 et
1879 5371 2163 5430 propterea

630 5467 729 5503 nec
755 5455 993 5516 exposita
1031 5454 1242 5516 quidem
1306 5463 1449 5502 sunt.

697 5538 854 5606 643
899 5536 1144 5589 ZONAR.
1178 5536 1360 5589 Plures
1395 5553 1609 5605 quoque
1657 5538 1748 5590 alii
1802 5553 2053 5602 canones,
2109 5556 2176 5592 ne

631 5631 826 5694 absque
858 5628 1178 5680 dimissoriis
1213 5627 1472 5693 epistolis,
1500 5642 1526 5677 a
1551 5629 1861 5693 primatibus
1908 5638 1961 5679 et
2006 5645 2033 5680 a
2061 5644 2180 5694 pro-

633 5719 844 5771 vinciali
910 5721 1112 5780 synodo
1163 5717 1454 5781 concessis,
1512 5717 1754 5784 episcopo
1797 5719 2043 5785 cuiquam
2113 5721 2177 5772 ad

2289 663 2382 714 τοῦ
2411 664 2704 716 ἐπισκόπου
2734 666 2897 718 αὐτοῦ
2943 668 3000 718 ὲν
3025 670 3089 736 τῇ
3132 669 3364 738 Ἀφρικῇ
3425 675 3670 738 μεταστῇ
3707 675 3855 740 sarci-

2289 751 2378 802 θεν
2405 752 2594 819 λάθρα,
2625 755 2812 814 nisi;
2844 755 2912 807 τὰ
2938 758 3107 822 πέραν
3144 756 3244 823 τῆς
3278 758 3554 825 ’Δφρικῆς
3585 759 3844 822 ἀπέλθοι,

2287 840 2375 892 ἴνα
2410 842 2484 907 μὴ
2511 843 2794 894 άπαιτοῐτο
2824 849 3216 910 συγκοινωνεῖν,
3267 846 3683 915 ζημιωθήσεται
3716 851 3852 914 περὶ

2291 929 2388 996 τὴν
2415 931 2685 997 κλήρωσιν
2705 932 2892 994 αὐτοῦ,
2924 932 3218 994 τουτέστιν,
3243 937 3560 989 ἐκπεσεῖται
3589 935 3684 988 τοῦ
3716 937 3854 1005 κλή-

2291 1032 2381 1082 ρου
2409 1021 2499 1067 καὶ
2534 1018 2628 1084 τῆς
2654 1018 2740 1069 διὰ
2768 1020 2859 1071 τοῦ
2893 1021 3145 1089 κληρικδς
3178 1019 3317 1074 εἶναι
3352 1025 3543 1092 τιμῆς.

2287 1102 2503 1156 ΔΡΙΣΤ,
2562 1125 2577 1153 ι
2606 1104 2663 1155 ⁹()
2720 1110 2774 1157 ὲν
2801 1111 2864 1175 τῇ
2901 1106 3130 1175 Ἀφρικῇ
3179 1111 3564 1175 ἀκοινώνητος,
3602 1115 3720 1174 τοῖς
3757 1113 3856 1164 πέ-

2400 1210 2416 1240 ι
2450 1207 2543 1258 ραν
2570 1193 2826 1261 ὑφέρπων
2855 1196 2989 1264 πρὸς
3019 1196 3322 1260 κοινωνίαν,
3353 1200 3737 1266 ἀκλήρωτος.»

2367 1365 2422 1415 ου
2449 1368 2505 1417 ἐν
2533 1369 2596 1434 τῇ
2629 1367 2855 1435 ’Δφρικῇ
2904 1365 3281 1438 ἀφωρισμένος
3328 1375 3626 1436 ἐπίσκοπος
3657 1375 3690 1443 ἢ
3721 1378 3856 1445 κλή-

2291 1455 2458 1521 ρικὸς,
2493 1456 2586 1506 ἐὰν
2634 1458 2804 1524 πέραν
2833 1455 3104 1527 θαλάσσης
3147 1459 3421 1528 ὑφέρπων,
3473 1464 3644 1530 ἤγουν
3667 1467 3855 1533 άπερ-

2287 1545 2531 1611 χόμενος,
2581 1546 2702 1605 τοὺς
2731 1547 2908 1596 ἐκεῖσε
2955 1547 3287 1609 ἐπισκόπους
3325 1550 3594 1619 ὑποσύρῃ,
3640 1554 3734 1603 καὶ
3769 1555 3857 1616 είς

2285 1632 2565 1684 κοινωνίαν
2613 1633 2769 1685 αὐτὸν
2809 1634 3224 1702 προσδέξωνταις
3275 1638 3366 1689 τὸν
3423 1638 3634 1707 βαθμὸν
3677 1641 3856 1695 αὑτοῦ

2287 1719 2708 1788 ζημιωθήσεται.

2848 1812 3084 1864 ΚΑΝΩΝ
3156 1812 3274 1870 ΡΘ’.

2288 1916 2306 1947 ι
2343 1898 2458 1948 Ἵνα
2484 1899 2530 1949 οί
2560 1899 2651 1951 ὲπὶ
2697 1900 2756 1952 τὸ
2791 1906 3074 1967 κομιτᾶτον
3116 1905 3469 1972 πορευόμενοι
3498 1907 3597 1976 τὴν
3639 1912 3839 1964 αἰτίαν

2357 2006 2374 2036 ι
2412 1989 2612 2039 ἑαυτῶν
2647 1991 2737 2042 καὶ
2763 1991 2835 2059 τῷ
2860 1995 2914 2042 ἐν
2947 1995 3247 2061 Καρχηδόνι
3291 1995 3380 2047 καὶ
3418 1999 3494 2067 τῷ
3537 1999 3852 2067 Ῥωμαῖκῷ

2360 2095 2376 2124 ι
2415 2077 2547 2143 ἱερεῖ
2565 2079 2928 2131 σπουδάσωσιν
2944 2083 3255 2149 ἐμφανίσαι.
3276 2087 3528 2155 Ἥρεσεν,
3553 2088 3638 2139 ἴνα
3661 2093 3854 2142 ὁστισ-

2352 2185 2369 2215 ι
2403 2165 2597 2232 δήποτε
2622 2168 2752 2233 πρὸς
2801 2169 2857 2220 τὸ
2888 2174 3177 2237 κομιτᾶτον
3225 2175 3558 2243 πορευθῆναι
3592 2177 3849 2247 θελήσαι,

2358 2273 2375 2304 ι
2411 2256 2467 2306 ἐν
2491 2258 2553 2322 τῇ
2601 2257 2918 2325 ἀπολυτικῇ,
2951 2264 3017 2329 τῇ
3072 2263 3162 2314 ἐπὶ
3190 2266 3252 2332 τῇ
3284 2265 3580 2336 Ἐκκλησία
3621 2268 3851 2336 Ῥώμης

2355 2363 2372 2393 ι
2409 2347 2750 2413 πεμπομένη,
2801 2351 3098 2417 κατάδηλος
3148 2354 3392 2420 γένηται,
3445 2356 3541 2407 καὶ
3573 2355 3662 2408 ἵνα
3697 2360 3853 2410 ἐκεῖ·

2359 2451 2375 2483 ι
2416 2432 2505 2486 θεν
2530 2435 2608 2486 ἔτι
2639 2438 2742 2506 μὴν
2775 2439 3103 2508 ἀπολυτικὴν
3143 2442 3281 2512 λάϐῃ
3313 2445 3404 2496 ἐπὶ
3436 2445 3494 2496 τὺ
3519 2451 3848 2514 κομιτᾶτοι..

2360 2543 2378 2572 ι
2414 2525 2502 2575 Διὸ
2551 2525 2643 2577 ἐὰν
2687 2526 2863 2578 λαϐὼν
2903 2531 3234 2600 ἀπολυτικὴν
3280 2532 3416 2601 πρὸς
3463 2536 3564 2603 τὴν
3607 2535 3850 2605 Ῥώμην

2355 2629 2372 2660 ι
2417 2610 2593 2678 μόνον,
2632 2615 2908 2680 σιωπήσας
2937 2614 3031 2684 τὴν
3054 2618 3316 2686 ἀνάγκην,
3347 2619 3412 2672 δι’
3453 2621 3519 2690 ἣν
3554 2623 3633 2682 εἰς
3662 2623 3724 2673 τὸ
3755 2640 3851 2674 κο-

2351 2718 2369 2749 ι
2410 2703 2631 2768 μιτᾶτον
2659 2704 2820 2754 αὐτὸν
2874 2705 2976 2772 χρὴ
3013 2708 3361 2775 πορευθῆναι,
3391 2709 3588 2780 θελήσῃ
3627 2712 3850 2773 εὐθέως

2357 2806 2373 2837 ι
2411 2788 2492 2847 είς
2523 2789 2581 2842 τὸ
2605 2793 2891 2858 κομιτᾶτον
2920 2791 3149 2859 βαδίσαι,
3181 2795 3479 2865 ἀποκινηθῇ
3511 2802 3610 2866 τῆς
3641 2816 3852 2851 κοινω-

2356 2893 2373 2922 ι
2415 2875 2552 2935 νίας.
2623 2877 2744 2927 Ἐὰν
2779 2878 2833 2929 δὲ
2878 2880 3054 2930 ἐκεῖσε
3113 2882 3168 2931 ἐν
3222 2885 3286 2949 τῇ
3357 2883 3542 2954 Ῥώμῃ
3591 2889 3849 2951 αίφνιδῗα

2362 2980 2379 3009 ι
2411 2962 2618 3029 ἀνάγκη
2650 2965 2860 3033 ἀναφυῇ
2899 2968 2988 3019 τοῦ
3021 2968 3274 3021 ἀπελθεῖν
3304 2974 3380 3032 είς
3409 2973 3470 3024 τὸ
3515 2980 3848 3041 κομιτᾶτον,

2351 3069 2368 3101 ι
2409 3055 2678 3122 ἑμφανίσῃ
2703 3056 2868 3123 αὐτὴν
2889 3057 2985 3124 τὴν
3018 3060 3258 3127 ἀνάγκην
3279 3061 3355 3129 τῷ
3388 3065 3668 3133 ἑπισκόπῳ
3704 3067 3845 3118 Ῥώ-

2353 3160 2370 3191 ι
2409 3160 2533 3211 μης,
2588 3145 2680 3196 καὶ
2731 3150 3079 3218 παρακομίσῃ
3129 3151 3461 3220 ἀντίγραφον
3509 3155 3602 3206 τοῦ
3660 3158 3848 3210 aeto}

2354 3248 2371 3278 ι
2413 3234 2505 3295 τῆς
2544 3233 2762 3302 Ῥώμης
2806 3237 3125 3289 ἐπισκόπου.
3181 3243 3242 3291 Ai
3293 3243 3618 3296 ἀπολυτικαὶ
3667 3247 3748 3308 δὲ,
3787 3254 3848 3300 αἱ

2358 3339 2375 3368 ι
2414 3323 2519 3371 ἀπὸ
2545 3324 2646 3373 τῶν
2682 3326 3063 3390 πρωτευόντων
3103 3327 3133 3396 ἢ
3180 3330 3288 3380 τῶν
3336 3333 3668 3400 οίωνδήποτε
3722 3340 3849 3387 ἐπι-

2354 3427 2371 3458 ι
2414 3412 2627 3462 σκόπων
2660 3415 2770 3472 τοῖς
2805 3414 2952 3474 ἰδίοις
3006 3416 3286 3484 κληρικοῖς
3333 3421 3622 3488 διδόμεναι,
3657 3428 3844 3492 σχῶσι

2354 3516 2371 3545 ι
2413 3497 2507 3564 τὴν
2534 3500 2740 3567 ἡμέραν
2795 3501 2886 3552 τοῦ
2919 3504 3133 3571 Πάσχα·
3167 3506 3256 3556 ἐὰν
3289 3507 3344 3558 δὲ
3382 3510 3558 3576 ἡμέρα
3590 3512 3685 3562 τοῦ
3723 3517 3844 3566 Πλ..

2349 3602 2366 3634 ι
2401 3602 2500 3653 σχα
2522 3587 2614 3638 τοῦ
2642 3589 2802 3640 αὐτοῦ
2828 3593 3072 3643 ἐνιαυτοῦ
3121 3596 3417 3662 κατάδηλος
3454 3600 3551 3648 οὐκ
3599 3599 3770 3663 ἔστιν,
3806 3607 3840 3671 ἡ

2341 3691 2359 3724 ι
2397 3675 2486 3726 τοῦ
2539 3683 2991 3749 προηγησαμένου
3055 3686 3393 3755 προσζευχθῇ
3424 3701 3439 3715 ·
3513 3688 3572 3739 ὃν
3626 3693 3843 3758 τρόπον

2354 3783 2367 3812 ι
2406 3765 2560 3815 εῐωθε
2625 3770 2758 3834 μετὰ
2815 3771 2912 3838 τὴν
2959 3773 3218 3824 ὑπατείαν
3259 3777 3568 3842 γράφεσθαι
3625 3781 3686 3830 ὲν
3721 3785 3844 3842 τοῖς

2349 3873 2366 3902 ι
2404 3856 2677 3921 δημοσίοις
2724 3864 3144 3928 πεπραγμένοις.
3215 3865 3412 3931 ’Πρεσε
3469 3867 3525 3917 δὲ
3584 3870 3843 3936 κὰκείνις⁸

2352 3961 2368 3992 ι
2407 3943 2540 3994 ὥστε
2570 3947 2706 3997 κατὰ
2752 3948 2857 3998 τῶν
2906 3953 3238 4004 Δονατιστῶν
3269 3954 3363 4006 καὶ¹
3397 3955 3504 4006 τῶν
3539 3957 3842 4026 Ἑλλήνων,

2349 4051 2366 4080 ‹
2404 4033 2632 4083 καὶτῶν
2688 4035 2992 4103 θρησκειῶν
3032 4041 3230 4105 αὐτῶν,
3300 4045 3426 4104 τοὺς
3481 4049 3846 4114 πεμφθέντας

2350 4137 2366 4166 ι
2403 4125 2778 4187 τοποτηρητὰς
2833 4125 2896 4174 ἐκ
2927 4127 3025 4193 τῆς
3079 4130 3264 4194 τιμίας
3312 4131 3511 4197 ταύτης
3566 4139 3797 4188 συνόδου
3829 4183 3845 4203 ,

2349 4225 2366 4256 ι
2408 4208 2511 4258 πᾶν
2549 4209 2723 4260 ὁτιοῦν
2767 4212 3034 4280 χρήσιμον
3067 4216 3368 4278 συνιδώσιν,
3407 4220 3468 4270 ὲκ
3499 4220 3603 4271 τῶν
3625 4223 3851 4288 ἐνδοξο-

2349 4311 2366 4342 ι
2400 4295 2572 4345 τὰτων
2609 4298 2932 4364 αἰτήσασθαι
2971 4300 3257 4369 βασιλέων.
3318 4306 3549 4374 Ἤρεσεν
3581 4309 3661 4361 ἔτι
3725 4316 3848 4382 μὴν

2350 4401 2367 4431 ι
2399 4387 2464 4452 τῇ
2497 4386 2707 4453 αίτήσει
2744 4388 2957 4440 πάντων
3001 4391 3108 4442 τῶν
3137 4395 3467 4461 ἐπισκόπων,
3512 4398 3600 4450 ἵνα
3628 4402 3849 4467 πάσαις

2350 4491 2366 4522 ι
2405 4477 2518 4534 ταῖς
2549 4474 2883 4539 ὀφειλούσσις
2905 4478 3119 4547 δοθῆναι
3152 4485 3214 4533 ἐκ
3236 4485 3332 4554 τῇς
3367 4487 3582 4538 συνόδου
3612 4491 3846 4544 ἐπιστο-

2351 4580 2368 4609 ι
2406 4563 2521 4623 λαῖς
2551 4566 2582 4630 ἡ
2611 4563 2675 4632 σὴ
2703 4566 2975 4634 ἀγιωσύνη
3007 4570 3141 4638 μόνη
3173 4572 3484 4645 ὑπογράφῃ.
3559 4577 3670 4628 Καὶ
3701 4581 3850 4632 ὑπέ-

2356 4671 2371 4700 i
2410 4656 2640 4718 γραψαν.
2702 4656 2961 4722 Αὐρήλιος
3014 4660 3305 4723 ἐπίσκοπος
3346 4665 3442 4730 τῆς
3502 4668 3558 4715 ὲν
3602 4668 3845 4740 Καρχη-

2353 4760 2368 4789 ι
2403 4741 2512 4790 δόνι
2558 4742 2881 4810 Ἑκκλησίας
2911 4745 2987 4813 τῷ
3016 4749 3238 4815 παρόντι
3269 4751 3577 4819 ψηφίσματι
3604 4756 3846 4824 συνῄνε-

2351 4849 2367 4879 i
2407 4847 2490 4893 σα,
2555 4832 2647 4882 καὶ
2681 4837 3191 4901 παραναγνωσθέντι
3244 4840 3553 4909 ὑπέγραψα.
3596 4844 3845 4911 Ὁμοίως

2351 4937 2368 4966 ι
2402 4920 2490 4969 καὶ
2511 4920 2558 4970 οί
2589 4921 2762 4972 λοιποὶ
2790 4924 3074 4976 ἐπίσκοποι
3120 4927 3458 4996 ὑπέγραψαν.
3505 4950 3525 4981 ι

2348 5007 2538 5058 ΒΑΛΣ.
2555 5008 2613 5058 '0
2635 5011 2822 5077 παρὼν
2846 5012 3024 5063 κανὼν
3055 5013 3299 5078 θεσπίζει
3326 5021 3463 5086 μετὰ
3482 5023 3833 5096 άπολυτικῆς

2280 5097 2490 5162 γραφῆς
2511 5096 2602 5147 τοῦ
2625 5100 2988 5166 πρωτεὺοντος
3013 5104 3132 5172 ἦτοι
3151 5105 3243 5157 τοῦ
3277 5111 3666 5175 μητροπολίτου
3694 5117 3844 5169 ἀπο-

2276 5187 2463 5254 δημεῖν
2485 5190 2606 5250 τοὺς
2628 5191 2954 5253 ἐπισκόπους
2977 5196 3057 5254 είς
3080 5197 3138 5246 τὸ
3178 5201 3488 5265 κομιτᾶτον,
3508 5202 3672 5270 ἡγουν
3707 5206 3844 5260 ἔνθα.

2277 5278 2422 5328 ἐστὶν
2457 5278 2699 5346 όκόμης,
2727 5281 2844 5346 ἦτοι
2886 5285 2913 5335 ὁ
2955 5284 3226 5352 βασιλεύς.
3264 5290 3367 5340 Καὶ
3411 5291 3546 5343 ἄλλα
3601 5294 3655 5344 δέ
3709 5311 3846 5348 τινα

2277 5367 2442 5432 ὁρίζει
2475 5367 2650 5428 ῑδικῶς
2679 5371 2772 5421 καὶ
2828 5372 2901 5440 μὴ
2940 5377 3090 5443 κοινῇ
3144 5379 3545 5446 χρησιμεύοντα
3571 5397 3586 5411 ·
3623 5383 3716 5433 καὶ
3747 5384 3845 5437 διὰ.

2281 5455 2437 5505 τοῦτο
2460 5458 2577 5507 οὐδὲ
2609 5459 3052 5527 ἡρμηνεύθησαν.

2347 5546 2585 5598 ΖΩΝΔΡ.
2647 5549 2756 5600 Καὶ
2804 5551 2951 5602 ἄλλοι
3012 5555 3235 5617 κανόνες
3267 5557 3509 5625 διάφοροι
3546 5560 3672 5627 περὶ
3725 5565 3826 5614 τοῦ

2286 5637 2362 5703 μὴ
2402 5635 2598 5698 ἐξεῖναι
2659 5642 2768 5700 τοῖς
2826 5642 3139 5705 ἐπισκόποις
3189 5649 3355 5716 χωρὶς
3383 5650 3675 5702 ἐπιστολῶν
3704 5655 3842 5705 ἀπο.

2284 5725 2516 5777 λυτικῶν
2552 5727 2659 5778 τῶν
2713 5732 3094 5790 πρωτευόντων
3128 5737 3306 5790 αὐτῶν
3339 5737 3431 5790 καὶ
3461 5743 3557 5802 τῆς
3613 5743 3842 5795 συνόδου
