4012 6434
253 380 345 444 361

1322 389 1399 454 ΙΝ
1427 394 1586 454 CAN.
1630 393 1756 453 CIX
1786 393 1988 454 CONC.
2021 391 2388 452 CAR'I‘HAG.

3330 385 3433 448 362

251 496 346 560 τῆς
380 494 654 564 ἐπαρχίας
680 501 898 567 ἐκείνης
933 503 1147 557 ἀπιέναι
1183 504 1313 572 πρὸς
1341 504 1559 570 βασιλέα
1583 502 1776 570 όρίίξου⁴

1897 501 2264 567 imperatorem
2307 504 2568 569 proﬁcisci
2613 504 2787 566 liceat,
2819 505 3134 558 decrevere-
3165 503 3280 556 haec
3307 516 3429 556 vero

253 583 530 652 σιν-ἀὓτη
557 587 610 638 δὲ
632 590 726 639 καί
765 606 816 642 τι
848 590 1006 642 πλέον
1032 591 1216 658 ὁρίζει,
1253 591 1311 642 τὸ
1338 590 1434 651 τὰς
1471 591 1795 650 ἀπολυτικᾶς

247 669 539 735 ἐπιστολὰς
604 677 816 744 καὶτῷ
876 680 1073 747 πάππα
1114 678 1327 745 Ῥώμης
1385 677 1792 745 ἐμφανίζεσθαι.

249 757 368 810 Καὶ
408 761 551 812 ἔοικε
578 762 734 815 τοῦτο
761 768 874 826 τοῖς
897 767 954 816 ἐν
1001 764 1228 835 Ἀφρικῇ
1282 766 1677 828 ἐπιτάττεσθαι,
1707 766 1792 818 ἵνα

244 848 698 914 ἐμφανιζομένων
731 853 809 918 τῷ
841 853 1039 920 πάππα
1081 853 1185 904 τῶν
1239 850 1582 903 ἀπολυτικῶν
1618 852 1710 903 καὶ
1735 853 1794 916 ἐξ

244 936 459 986 ἐκείνου
511 937 647 1006 λάϐῃ
698 939 1028 1009 ἀπολυτικὴν
1079 942 1173 992 ἐπὶ
1217 941 1277 992 τὸ
1311 944 1618 1006 κομιτᾶτον.
1669 941 1791 994 Ἐὰν

243 1019 340 1072 οὖν
368 1023 565 1088 λαδὼν,
594 1031 782 1092 φησὶν,
804 1027 1130 1096 ἀπολυτικὴν
1173 1027 1278 1079 ἀπὸ
1313 1029 1409 1096 τῆς
1435 1028 1635 1088 οἰκείας
1666 1045 1791 1080 συν·

241 1109 389 1171 ὁδου,
443 1113 536 1163 καὶ
573 1112 820 1165 ἀπελθὼν
849 1116 928 1175 είς
965 1115 1058 1182 τὴν
1107 1112 1342 1181 Ῥώμην,
1397 1113 1494 1165 οὐκ
1530 1114 1657 1185 εἴπῃ
1690 1115 1791 1166 κά-

241 1198 333 1246 κεῖ
381 1197 478 1264 τὴν
535 1200 716 1274 αἰτίαν
760 1202 937 1269 δι’·ἥν
993 1203 1174 1254 ἀπεισι
1223 1202 1358 1268 πρὸς
1407 1203 1496 1254 τὸν
1550 1203 1788 1270 βασιλέα,

238 1288 376 1338 ἀλλά
409 1290 691 1356 σιωπήσας
729 1290 966 1358 ἀπέλθῃ,
998 1291 1440 1358 ἀφορισθήσεται.
1465 1292 1589 1342 Ἐὰν
1615 1292 1672 1342 δέ
1711 1309 1789 1353 τις

237 1378 309 1442 τῇ
355 1376 541 1445 Ῥώμη
570 1378 816 1444 ἐνδημῶν
836 1383 937 1447 σχῇ
969 1379 1208 1446 ἀνάγκην
1249 1379 1578 1446 ἀναφυείσης
1601 1380 1789 1447 ἀθρόον

239 1465 426 1526 αίτίας
462 1466 717 1519 ἀπελθεῖν
755 1470 838 1530 είς
879 1469 937 1519 τὸ
976 1470 1284 1536 κομιτᾶτον,
1322 1470 1406 1520 ἵνα
1458 1469 1534 1536 τῷ
1573 1469 1789 1537 Ῥώμης

238 1555 494 1621 ἀρχιερεῖ
541 1554 750 1624 δηλώσῃ
783 1557 882 1625 τὴν
909 1557 1103 1619 αἰτίαν,
1140 1558 1232 1608 καὶ
1270 1555 1412 1626 λάϐῃ
1449 1559 1663 1625 γραφὴν
1693 1557 1788 1610 τοῦ

250 1643 474 1712 Ῥώμης
503 1646 856 1714 ἀπολυτικήν.
895 1649 956 1699 Al
983 1648 1037 1699 δὲ
1060 1648 1165 1700 τῶν
1197 1649 1601 1714 πρωτευόντων,
1631 1649 1785 1714 φησι,

1898 591 2132 656 synodus
2175 593 2371 658 aliquid
2409 593 2634 658 amplius
2674 594 2881 656 statuit,
2919 592 3167 645 nimirum
3213 601 3270 644 ut
3317 589 3426 644 Ro-

1897 691 2050 730 mano
2123 691 2268 744 papa:
2325 678 2638 732 dimissoria:
2691 680 2792 731 illa:
2836 680 3023 732 littera:
3056 678 3426 732 ostendantur.

1897 764 2046 830 Quod
2087 768 2297 834 quidem
2321 767 2586 822 Africanis
2617 769 2814 822 ideirco
2861 767 3065 822 videtur
3090 770 3423 835 imperatum,

1898 866 1957 908 ut
2012 859 2216 913 traditis
2241 874 2388 927 papa:
2414 860 2606 914 litteris
2637 860 2703 913 ab
2729 876 2793 914 eo
2823 861 3174 914 dintissnriam
3206 861 3426 915 alteram

1897 944 1948 996 in
1988 947 2295 1000 comitatum
2328 949 2612 1016 accipiant.
2646 948 2700 1002 Si
2725 950 2842 1016 quis
2885 950 3066 1016 igitur,
3098 952 3289 1018 inquit,
3341 966 3430 1005 ac-

1896 1044 2046 1100 cepta
2076 1049 2103 1086 a
2156 1051 2248 1088 sua
2283 1039 2485 1104 synodo
2519 1038 2842 1101 dimissoria,
2884 1038 3215 1105 Romamque
3254 1039 3428 1105 profe-

1897 1129 2031 1185 ctus,
2051 1123 2120 1174 ibi
2141 1137 2349 1191 quoque
2373 1139 2586 1179 causam
2620 1141 2724 1180 sua:
2756 1127 2820 1180 ad
2858 1126 3225 1194 imperatorem
3247 1127 3428 1180 itionia~

1893 1224 1995 1263 non
2048 1211 2384 1276 indicaverit,
2430 1216 2520 1267 sed
2569 1215 2783 1268 silentio
2823 1217 3152 1278 discesserit,
3186 1233 3427 1284 segrega-

1892 1299 2034 1351 tione
2071 1301 2336 1367 punietur.
2386 1303 2535 1367 Quod
2581 1305 2627 1357 si
2681 1305 2881 1359 interea
2925 1305 3048 1358 dum
3092 1307 3210 1373 quis
3249 1306 3426 1359 Retine

1891 1397 2270 1454 commoratur,
2310 1401 2494 1445 exorta
2549 1402 2762 1459 repente
2796 1409 2978 1459 causa,
3026 1396 3075 1448 in
3109 1396 3421 1450 comitatum

1891 1475 2156 1538 proﬁcisci
2179 1493 2397 1532 necesse
2434 1481 2654 1546 habeat;
2688 1497 2745 1536 re
2767 1497 2886 1537 cum
2923 1485 3162 1538 antistite
3189 1485 3426 1538 Romano

1891 1566 2299 1630 communicata,
2349 1569 2706 1622 dimissoriam
2756 1573 2822 1624 ab
2870 1586 2934 1626 eo
2972 1574 3249 1640 epistolam
3284 1574 3423 1628 acci-

1888 1651 2015 1716 piat.
2050 1651 2176 1715 Quae
2203 1669 2346 1720 vero,
2373 1657 2561 1726 inquit,
2593 1659 2782 1714 litterae
2813 1662 3133 1716 dimissoriaa
3159 1664 3425 1731 episcopis

239 1733 525 1799 γινόμεναι
579 1734 905 1787 ἀπολυτικαὶ
957 1739 1065 1797 τοῖς
1121 1737 1456 1799 ἐπισκόποις,
1516 1739 1546 1804 ἢ
1594 1741 1655 1789 ἐκ
1681 1740 1776 1790 τῶι

1887 1753 1914 1788 a
1942 1753 2038 1792 suo
2067 1743 2312 1807 primate,
2343 1755 2428 1796 aut
2479 1747 2687 1801 clericis
2713 1750 2778 1803 ab
2813 1751 3083 1820 episcopo,
3119 1753 3421 1807 concedun-

237 1798 570 1888 οἱωνδήποτε
604 1826 915 1877 ἐπισκόπων
945 1829 1052 1884 τοῖς
1101 1825 1380 1894 κληρικοῖς
1421 1798 1618 1890 satis»,
1665 1828 1776 1896 ἐχέ-

1892 1833 1996 1888 tur,
2029 1825 2081 1879 in
2116 1827 2180 1880 iis
2214 1832 2327 1883 dies
2351 1829 2569 1886 Pascha!
2604 1833 2673 1887 sit
2698 1835 2944 1903 inscripta
2969 1798 3136 1902 :rqu:e
3167 1837 3210 1890 si
3253 1839 3426 1891 adhuc

239 1928 424 1964 τωσαν
476 1915 573 1980 τὴν
624 1915 833 1984 ⁴ἡμέραν
880 1913 972 1967 τοῦ
1032 1915 1242 1983 Πάσχα·
1276 1916 1371 1967 ἐὰν
1410 1916 1467 1967 δέ
1493 1916 1568 1968 ἔτι
1598 1917 1787 1985 ἄδηλός

238 2002 386 2051 ἐστιν
426 2001 458 2068 ἡ
496 2003 672 2070 ἡμέρα
733 2004 825 2055 τοῦ
886 2002 1073 2072 Πάσχα
1127 2005 1219 2055 τοῦ
1270 2004 1515 2056 ἐνιαυτοῦ
1550 2006 1783 2069 ἐκείνου,

237 2090 538 2156 γραφέσθω
583 2093 616 2158 η
643 2090 733 2150 τοῦ
779 2091 1140 2158 παρελθόντος
1177 2091 1365 2158 Πάσχα
1387 2093 1589 2160 ἡμέρα.
1620 2086 1661 2143 Τ
1663 2093 1786 2145 οῦτο

241 2178 323 2238 δέ,
365 2175 541 2245 οἶμαι,
585 2180 759 2241 ἔδοξεν
795 2179 934 2230 οὕτω
967 2180 1226 2246 γίνεσθαι,
1275 2180 1359 2231 ῖνα
1389 2180 1705 2248 κηρύττοιτο
1749 2186 1781 2251 ἡ

236 2268 424 2334 ἡμέρα
470 2268 563 2318 τοῦ
612 2269 812 2337 Πάσχα
839 2269 932 2320 τοῦ
985 2270 1227 2321 ἐνιαυτοῦ
1277 2269 1480 2322 ἐκείνου
1528 2270 1646 2340 (ἤδη
1679 2272 1786 2342 γὰρ

235 2357 330 2408 καὶ
352 2359 410 2405 ἐν
440 2356 766 2425 προλαὸοῦσι
795 2359 1012 2410 κανόσιν
1041 2359 1286 2427 ἀπῄτησε
1315 2361 1347 2427 ἡ
1385 2358 1600 2421 σύνοδος
1647 2361 1785 2430 αὕτη

237 2445 296 2492 ἐν
316 2447 432 2504 ταῖς
461 2446 691 2510 ἐτησίοις
746 2447 977 2506 συνόδοις
1027 2446 1188 2514 δήλην
1241 2448 1479 2512 γίνεσθαι
1534 2450 1629 2514 τὴν
1650 2453 1780 2518 ὴμέ-

240 2547 339 2597 ραν
394 2531 486 2582 τοῦ
545 2531 729 2600 Πάσχα
786 2534 1009 2584 ἐκάστου
1073 2534 1363 2599 ἐνιαυτοῦ),
1422 2537 1584 2605 ἢκαὶ
1627 2539 1711 2590 ἵνα
1757 2540 1793 2589 ό

235 2622 458 2686 χρόνος,
521 2620 638 2672 καθ’
682 2621 739 2672 ὃν
793 2623 1008 2673 ἄπεισιν
1048 2625 1073 2672 ό
1118 2622 1295 2674 ἀπιὼν
1354 2627 1488 2692 πρὸς
1533 2630 1591 2678 τὸ
1637 2627 1786 2695 βασί-

235 2709 400 2767 λειον.
429 2710 580 2775 δῆλος
603 2706 658 2780 ᾖ,
688 2712 847 2777 ὅπερ,
873 2711 1058 2780 φησὶν,
1111 2713 1262 2764 εἴωθε
1288 2714 1530 2778 γίνεσθαι
1563 2718 1656 2768 καὶ
1690 2717 1782 2770 ἐπὶ

237 2798 345 2848 τῶν
375 2797 648 2866 δημοσίων
676 2798 950 2866 πράξεων.
983 2800 1069 2851 Ἐν
1104 2802 1210 2869 γὰρ
1257 2801 1440 2870 βιὸλίῳ
1482 2804 1588 2856 τῶν
1619 2806 1778 2857 Βασι-

236 2884 404 2937 λικών
461 2886 565 2951 κβ’,
614 2885 747 2937 τίτλ.
777 2884 806 2937 ι’
842 2887 1147 2954 γέγραπται
1196 2888 1264 2940 τά
1314 2890 1542 2957 ἀγοραῖα
1584 2891 1781 2960 συμϐό-

235 2973 358 3024 λαια
385 2973 730 3037 πρωτόκολλα
762 2975 923 3041 ἔχειν,
957 2977 1048 3027 καὶ
1072 2978 1129 3025 ἐν
1160 2975 1343 3036 αὐτοῖς
1375 2978 1678 3046 γεγράφθαι
1713 2980 1779 3032 τά

1890 1914 2088 1968 incerta
2120 1917 2188 1970 sit
2218 1955 2233 1981 ,
2260 1919 2374 1985 ejus
2409 1921 2525 1976 loco
2569 1924 2858 1992 superioris
2906 1923 3027 1977 anni
3059 1923 3273 1979 Pascha:
3312 1926 3424 1982 dies

1889 2015 2196 2068 reponatur.
2253 2009 2308 2061 Id
2357 2020 2526 2064 autem
2558 2027 2617 2064 ea
2651 2014 2716 2066 de
2748 2027 2905 2068 causa
2954 2015 3257 2069 institutum
3304 2030 3422 2070 esse

1887 2093 2137 2154 arbitror,
2169 2106 2224 2148 ut
2249 2097 2369 2164 ejus
2397 2101 2519 2151 anni
2545 2099 2761 2155 Pascha:
2783 2103 2895 2156 dies
2922 2104 3258 2173 evulgaretur
3283 2104 3420 2174 (eam

1887 2194 2114 2247 namque
2133 2186 2244 2249 jam
2279 2187 2616 2252 superiorum
2649 2205 2861 2258 quoque
2903 2206 3167 2246 canonum
3206 2195 3423 2248 decreto

1885 2273 2167 2335 quotannis
2194 2274 2449 2341 synodico
2475 2289 2738 2332 conventu
2770 2281 2854 2335 edi
2891 2284 3001 2336 haec
3033 2284 3142 2347 ipsa
3193 2285 3423 2353 synodus

1885 2359 2288 2430 constituerat),
2319 2365 2400 2416 vel
2440 2367 2600 2421 etiam
2631 2379 2686 2422 ut
2719 2371 2879 2433 illius,
2912 2373 3001 2440 qui
3024 2375 3087 2425 ad
3132 2373 3418 2441 imperato-

1886 2463 1994 2502 rem
2063 2451 2444 2518 prollciseitur,
2493 2457 2745 2514 absentia:
2798 2471 3006 2529 tempus
3055 2453 3412 2526 indicaretur;

1884 2540 2024 2605 quod
2054 2542 2103 2593 in
2127 2539 2275 2618 Actis
2301 2559 2508 2612 quoque
2537 2549 2785 2615 publicis,
2820 2551 3010 2619 inquit,
3044 2554 3230 2607 eodem
3261 2556 3419 2608 modo

1883 2628 1997 2681 fleri
2023 2631 2174 2685 solet.
2223 2630 2353 2684 Nam
2389 2635 2479 2688 lib.
2524 2652 2633 2691 xxn
2677 2639 2758 2695 tit.
2790 2641 2854 2693 l0
2913 2643 3126 2697 Basilio.
3158 2646 3422 2698 sancitum

1883 2727 2048 2783 est,ut
2090 2717 2143 2770 in
2186 2719 2481 2775 ferentibus
2513 2725 3038 2794 tabulis__protocolla
3068 2729 3420 2797 adjiciantur;

1883 2808 2158 2875 inquibus
2206 2811 2543 2879 imperatoris
2575 2825 2627 2868 et
2661 2819 2944 2872 consulum
2989 2820 3108 2888 ejus
3151 2822 3274 2874 anni
3321 2837 3422 2874 no-

1882 2899 2047 2963 mina,
2080 2899 2292 2968 aliaque
2313 2917 2376 2955 eo
2406 2904 2521 2958 loco
2553 2906 2833 2973 explicata,
2872 2909 3262 2966 describantur.
3292 2912 3421 2978 Quae

1881 2989 2097 3052 quidem
2127 2992 2323 3045 nostris
2357 2995 2684 3062 temporibus
2717 2999 2916 3063 passim
2939 3001 3198 3068 neglecta,
3223 3002 3274 3055 in
3306 3016 3418 3055 em-

235 3067 338 3115 τών
397 3064 737 3131 κρατούντων
799 3067 1052 3116 ἑκάστοτε
1107 3065 1365 3131 βασιλέων
1404 3067 1776 3135 όνόματα,καὶ

1882 3077 2203 3142 phyteuticis
2231 3084 2595 3137 tantummodo
2617 3086 2890 3141 conventis
2911 3064 3084 3142 adhuc
3115 3064 3415 3143 servantur.

231 3156 327 3214 τὰς
383 3155 662 3215 ὑπατείας.
725 3155 820 3206 καὶ
883 3155 980 3206 ὅσα
1041 3156 1154 3206 ἐκεῖ
1203 3155 1536 3209 ἀπαιτεῖται.
1586 3158 1651 3208 Ἃ
1688 3158 1773 3224 ἐφ’

237 3243 388 3310 ἡμῶν
421 3245 477 3294 ἐν
514 3245 610 3312 μὲν
642 3247 750 3305 τοῖς
787 3244 962 3304 ἄλλοις
993 3245 1456 3312 καταπεφρόνητο,
1479 3248 1532 3298 ἐν
1563 3247 1617 3298 δὲ
1666 3249 1776 3310 τοῖς

232 3335 640 3400 ἐμφυτευτικοῖς
674 3334 966 3400 ἐγγράφοις
1016 3334 1094 3384 ἔτι
1148 3331 1401 3394 ἐσώζετο.
1441 3335 1685 3404 Ἐνεδόθη
1718 3336 1773 3387 δὲ

233 3425 338 3483 τοῖς
375 3423 744 3488 στελλομένοις
780 3425 915 3490 πρὸς
960 3423 1048 3473 τὸν
1094 3423 1337 3490 βασιλέα,
1365 3425 1392 3474 ὅ
1435 3426 1497 3476 ἃν
1542 3427 1773 3494 νοήσωσι
1823 3445 1828 3456 ’

235 3511 500 3577 χρήσιμον
557 3513 674 3579 ἦτοι
742 3512 1014 3578 ὠφέλιμον
1073 3513 1184 3572 τοῖς
1221 3514 1424 3575 πιστοῖς
1475 3516 1610 3566 κατὰ
1661 3516 1770 3567 τῶν

229 3601 559 3652 Δονατιστῶν
579 3603 669 3652 καὶ
693 3602 1104 3669 τῶνἙλλήνων,
1133 3602 1394 3653 αἰτεῖσθαι
1413 3600 1568 3654 τοῦτο
1591 3606 1651 3655 ἐκ
1674 3606 1764 3656 τοῦ

1879 3163 2087 3233 Legatis
2129 3169 2362 3233 demum,
2395 3175 2486 3238 qui
2517 3175 2582 3226 ad
2625 3173 3000 3243 imperatorem
3048 3181 3414 3246 mittebantur,

1876 3256 2129 3324 quidquid
2177 3259 2420 3314 fidelibus
2478 3271 2659 3316 contra
2716 3265 3019 3322 Donatistas
3068 3279 3160 3321 aut
3203 3270 3417 3326 Grmcos

1877 3343 2126 3410 prodesse
2155 3359 2307 3411 posse
2335 3348 2712 3418 intellexerint,
2748 3355 2812 3406 ab
2842 3369 2905 3408 eo
2947 3357 3244 3424 postulandi
3277 3358 3415 3412 facta

1875 3441 1954 3483 est
1990 3431 2250 3487 facultas:
2286 3451 2510 3505 quaeque
2553 3442 2741 3508 synodi
2777 3443 2988 3498 nomine
3019 3445 3209 3499 litterae
3239 3449 3414 3503 mitte-

1873 3528 2076 3585 rentur,
2124 3532 2181 3575 ut
2216 3538 2292 3576 θαι
2331 3527 2536 3580 Aurelii
2581 3529 2812 3597 episcopi
2845 3533 3194 3603 chirographo
3233 3541 3414 3592 murti-

1877 3617 2078 3674 rentur,
2115 3610 2383 3667 decretum
2415 3624 2518 3670 est.

229 3693 758 3760 κρατοῦντος.Ἕδοξε
782 3694 837 3744 δέ
871 3695 962 3746 καὶ
984 3696 1049 3746 τά
1080 3694 1340 3762 μέλλοντα
1371 3696 1620 3760 γενέσθαι
1648 3701 1943 3768 γράμματα
1970 3704 2033 3754 ἐκ
2055 3704 2150 3773 τῆς
2179 3709 2394 3760 συνόδου
2420 3710 2796 3783 ὑπογραφῆναι
2822 3717 2970 3784 παρὰ
3001 3717 3085 3770 τοῦ
3113 3720 3412 3774 ἐπισκόπου

224 3787 508 3853 Λύρηλίου.

226 3878 439 3929 ΔΡΙΣΤ.
493 3895 511 3926 ι
560 3877 619 3927 Ὀ
652 3875 717 3927 δι’
755 3875 996 3944 ἀνάγκην
1034 3875 1150 3927 τινα
1195 3873 1327 3941 πρὸς
1384 3877 1442 3926 τὸ
1477 3879 1765 3943 κομιτᾶτον

295 3985 311 4014 ι
357 3965 782 4030 ἀπελευσόμενος
812 3964 1024 4032 ἐμφανῆ
1051 3964 1253 4031 ταύτην
1277 3965 1493 4017 ποιείτω
1522 3967 1599 4035 τῷ
1621 3969 1766 4035 Καρ-

294 4072 312 4102 ι
359 4055 579 4121 χηδόνος
607 4055 741 4120 ἱερεῖ
784 4055 875 4104 καὶ
907 4054 981 4120 τῷ
1020 4053 1258 4120 Ῥώμης,
1297 4055 1386 4104 καὶ
1432 4055 1761 4126 ἀπολυτικὴν

297 4161 315 4192 ι
356 4143 645 4211 ἐπιστολὴν
703 4142 1065 4210 λαμεανέτω,
1108 4143 1139 4208 ἥ
1190 4143 1544 4210 ἀκοινώνητος
1598 4146 1756 4201 ἔστω.

292 4250 309 4281 ι
363 4233 484 4284 Πᾶν
549 4231 727 4284 ότιοῦν
786 4235 898 4291 τοῖς
940 4234 1335 4298 τοποτηρηταῖς
1374 4231 1529 4294 δόξαν
1571 4237 1760 4302 χρήσι-

285 4339 305 4371 ‹
355 4339 452 4388 μον
517 4321 654 4373 κατά
717 4320 1093 4382 Δονατιστῶν,
1150 4320 1243 4370 καὶ
1316 4319 1613 4386 Ἑλλήνων,
1664 4327 1758 4376 καὶ

1875 3876 2102 3932 ARIST.
2166 3900 2183 3931 ι
2222 3883 2320 3946 Qui
2373 3899 2587 3955 propter
2635 3891 2866 3958 aliquam
2912 3897 3282 3951 necessitatem
3345 3902 3416 3952 ad

1948 3984 1964 4014 ι
2006 3969 2321 4021 comitatum
2378 3975 2619 4027 abiturus
2666 3986 2782 4039 est,
2833 3994 2948 4032 eam
3002 3983 3408 4052 Carthaginensi

1947 4072 1964 4102 ι
2012 4058 2272 4110 sacerdoti
2303 4076 2363 4114 ac
2392 4061 2632 4116 Romano
2669 4067 3003 4122 manifestam
3035 4071 3219 4136 faciat,
3251 4087 3302 4126 et
3332 4075 3412 4127 di-

1945 4163 1961 4194 ι
2009 4145 2309 4201 missoriam
2367 4153 2597 4220 accipiat
2643 4156 2946 4222 epistolam,
2994 4161 3148 4214 aliter
3195 4179 3410 4218 excom-

1942 4253 1959 4284 ι
2008 4237 2326 4291 municetur.
2362 4241 2726 4311 Quodcunque
2755 4246 2940 4314 legatis
2985 4249 3114 4302 utile
3148 4251 3411 4306 videbitur

1944 4342 1960 4373 ι
2007 4335 2191 4379 contra
2238 4327 2561 4392 Donatistas,
2596 4340 2687 4385 aut
2715 4334 2952 4399 Graecos,
2985 4352 3276 4407 eorumque
3316 4357 3410 4396 stt-

286 4429 304 4461 ι
352 4412 460 4461 τῶν
514 4409 820 4479 θρησκειῶν
867 4409 1090 4471 αὐτῶν,
1160 4408 1415 4460 αἰτείσθω
1474 4411 1536 4461 ἐκ
1603 4411 1757 4478 βασι-

1937 4430 1954 4462 ι
2001 4414 2362 4481 oerstitiones,
2391 4417 2518 4470 illud
2547 4423 2611 4473 ah
2643 4421 2965 4490 imperatore
2995 4435 3224 4493 petatur.
3272 4445 3293 4477 ι

286 4519 304 4550 ι
349 4500 505 4560 λέως.
539 4518 557 4548 ι

286 4590 343 4640 '0
370 4590 477 4640 ἀπὸ
516 4585 777 4654 Ἀφρικῆς
803 4587 889 4638 διὰ
914 4589 1154 4654 ἀνάγκην
1207 4589 1326 4639 τινὰ
1359 4587 1563 4657 μέλλων
1590 4592 1757 4642 ἀπελ-

213 4677 316 4729 θεῖν
349 4680 407 4728 ἐν
439 4677 518 4746 τῷ
571 4678 865 4744 κομιτάτῳ,
923 4678 1200 4728 τουτέστιν
1253 4679 1380 4731 ἔνθα
1431 4683 1456 4732 ὁ
1507 4681 1758 4746 βασιλεύς

213 4766 336 4829 ἐστι,
365 4766 470 4816 κᾶν
497 4764 751 4830 κληρικός
798 4765 932 4827 ἐστι,
963 4763 1062 4816 κᾶν
1089 4765 1403 4827 ἐπίσκοπος,
1459 4771 1755 4838 κατάδηλον

211 4854 299 4920 τὴν
327 4853 507 4905 αίτίαν
565 4854 783 4903 ποιείτω
804 4853 880 4920 τῷ
914 4855 1008 4918 τῆς
1052 4854 1392 4923 Καρχηδόνος
1446 4858 1748 4928 ἐπισκόπῳ,

211 4943 458 4994 κάκεῖθεν
491 4942 795 5011 γράμματα
825 4941 1138 5010 λαμϐάνων,
1179 4946 1272 4996 καὶ
1321 4947 1453 5014 πρὸς
1496 4948 1584 4999 τὸν
1624 4948 1755 5000 Ῥώ-

210 5052 309 5103 μης
362 5033 815 5102 παραγινόμενος,
859 5032 1196 5100 ἐμφανιξέτω
1257 5035 1446 5086 ἐαυτὸν
1505 5035 1581 5105 τῷ
1634 5040 1756 5092 ἐπι-

210 5128 386 5194 exemp
444 5123 681 5191 Ῥώμης·
715 5124 808 5174 καὶ
856 5121 954 5188 τὴν
1009 5122 1185 5173 αἰτίαν
1233 5123 1434 5188 λεγέτω
1473 5125 1538 5175 δι’
1579 5126 1644 5194 ἢν
1675 5129 1754 5190 είς

207 5217 287 5264 τὸν
323 5214 552 5282 βασιλέα
608 5213 924 5280 πορεύεται,
984 5215 1074 5262 καὶ
1123 5211 1217 5262 τοῦ
1295 5214 1509 5282 Ῥώμης
1533 5213 1753 5284 δοκιμά-

211 5321 389 5364 σαντος
425 5302 651 5368 ταύτην,
704 5301 796 5352 καὶ
829 5298 1046 5366 εῦλογον
1094 5296 1230 5354 εἶναι
1262 5303 1564 5370 κρίναντος,
1613 5307 1753 5376 λαμ-

208 5394 404 5445 ὗανέτω
432 5396 525 5444 καὶ
553 5394 610 5458 ἐξ
646 5391 858 5443 ἐκείνου
885 5391 1208 5458 γράμματα,
1242 5392 1572 5461 προστασίαν
1592 5394 1750 5447 αὐτοῦ

208 5485 332 5552 πρὸς
371 5482 715 5550 τὸνβασιλέα
759 5481 1084 5548 παρέχοντα.
1125 5479 1310 5542 Ὅστις
1338 5481 1391 5533 δὲ
1423 5482 1454 5552 ἢ
1487 5483 1591 5535 τῶν
1638 5486 1752 5537 ἐπιο

207 5576 408 5625 σκόπων
439 5573 472 5641 ἦ
513 5573 621 5624 τῶν
647 5570 926 5637 κληρικῶν
968 5569 1140 5630 ἄλλως
1172 5572 1303 5638 πρὸς
1342 5573 1399 5622 τὸ
1451 5577 1740 5640 κομιτᾶτον

204 5662 422 5734 ἀπέλθῃ,
464 5660 832 5728 ἀκοινώνητος
863 5660 1034 5713 ἐσται.
1074 5661 1182 5712 Καὶ
1225 5660 1373 5727 ζήτει
1414 5664 1611 5713 κανόνα
1661 5666 1746 5716 ἐν-

425 5753 696 5811 Parnm.
745 5753 859 5809 (in.
906 5749 1290 5812 CXXXVI”.

1930 4579 2030 4645 Qui
2073 4582 2139 4636 ab
2165 4584 2348 4639 Africa
2397 4599 2611 4658 propter
2659 4595 3035 4649 necessitatem
3081 4597 3314 4665 aliquam
3350 4602 3403 4654 in

1860 4673 2170 4725 comitatum
2215 4687 2296 4728 est
2349 4681 2612 4748 abiturus,
2643 4683 2693 4736 id
2720 4697 2824 4746 εει,
2861 4685 2950 4739 ubi
2985 4687 3276 4755 imperator
3297 4702 3400 4756 est,

1857 4765 2102 4826 quamvis
2147 4765 2378 4821 clericus
2414 4773 2483 4823 sit
2529 4783 2622 4826 aut
2663 4777 2969 4843 episcopus,
3007 4794 3221 4833 causam
3248 4797 3399 4837 suam

1858 4849 2107 4919 episcopo
2162 4853 2569 4925 Carthaginiensi
2615 4865 2954 4918 manifestam
3005 4869 3208 4935 reddat,
3246 4873 3400 4925 etab

1856 4953 1918 4991 co
1943 4939 2146 4994 litteras
2175 4947 2462 5013 accipiens,
2492 4959 2543 5001 et
2571 4951 2633 5001 ad
2662 4951 2846 5005 Romae
2868 4957 3174 5025 episcopum
3196 4975 3252 5012 se
3275 4975 3405 5013 con-

1857 5026 2054 5091 ferens,
2095 5029 2349 5099 episcopo
2393 5034 2635 5089 Romano
2684 5053 2744 5092 se
2789 5045 3059 5106 ostendat,
3103 5056 3156 5098 et
3185 5062 3399 5100 causam

1857 5117 1997 5169 dicat
2020 5131 2189 5183 quare
2219 5123 2281 5172 ad
2312 5122 2688 5190 imperatorem
2735 5132 3088 5196 proficiscitur
3122 5151 3137 5188 :
3173 5147 3226 5189 et
3279 5138 3397 5205 cpio

1854 5223 2014 5275 scopo
2038 5210 2276 5263 Romano
2303 5226 2418 5264 eam
2446 5217 2788 5283 approbante,
2814 5229 2866 5274 et
2887 5221 3085 5288 justam
3107 5240 3226 5279 esse
3257 5227 3403 5293 judi-

1853 5308 2028 5362 cante,
2081 5301 2310 5368 accipiat
2338 5313 2391 5354 et
2428 5304 2495 5356 ab
2524 5320 2588 5360 eo
2615 5307 2843 5373 litteras,
2890 5312 3252 5368 dimissionem
3284 5317 3403 5384 ejus

1854 5394 1919 5445 ad
1948 5393 2325 5458 imperatorem
2357 5394 2696 5450 exhibentes.
2744 5399 3056 5470 Quicunque
3084 5411 3260 5456 autem
3287 5407 3400 5457 sive

1851 5496 1916 5534 ex
1944 5481 2206 5550 episcopis
2236 5482 2347 5535 sive
2378 5498 2406 5537 c
2432 5485 2643 5540 clericis
2679 5488 2834 5540 aliter
2861 5490 2912 5542 in
2938 5493 3244 5546 comitatum
3269 5509 3394 5561 pro-

1855 5573 2141 5634 ficiscetur,
2179 5574 2670 5628 excommunicatus
2713 5579 2836 5630 erit.
2880 5580 3068 5643 Quaere
3099 5583 3258 5635 etiam
3293 5599 3396 5635 uu-

1852 5663 2116 5718 decimum
2147 5659 2339 5730 synodi
2373 5662 2719 5720 Antiochena:
2750 5683 3028 5734 canonem,
3055 5681 3108 5723 et
3141 5685 3398 5728 canonum

2979 5759 3047 5820 12
