4012 6452
577 413 682 468 363]
1812 403 2082 462 'l‘liEOD.
2125 402 2357 457 BALSA
2367 399 2519 458 MON
3670 390 3780 454 361

577 519 765 584 synodi
801 511 1131 566 Sardiccnsis
1154 525 1372 564 nonum.
1410 510 1590 578 ch..ti
1619 523 1648 563 ε
1681 511 1884 578 synodo
1918 512 1980 560 ad
2015 510 2115 560 im-

2253 506 2440 558 ἕκατον
2489 505 2584 572 τῆς
2633 505 2689 555 ἐν
2759 505 3065 572 Ἀντιοχείᾳ
3123 505 3362 566 συνόδου,
3419 507 3511 555 καὶ
3569 504 3668 568 τῆς
3720 505 3782 550 ἐν

580 609 878 664 peratorem
917 594 1060 649 misSi
1083 596 1313 663 episc0pi
1341 593 1595 646 adversus
1623 592 1836 646 Graecos
1864 600 1914 643 et
1943 593 2112 643 luere-

2250 595 2454 661 ἱαρδικῇ
2493 593 2705 644 συνόδου
2735 594 2934 645 κανόνα
2966 593 3033 645 θ’.
3091 593 3350 662 [Ιρέσϐεις
3374 594 3440 643 ἐκ
3487 593 3586 656 τῆς
3616 591 3781 641 συνύ-

589 692 743 753 ticos,
778 687 1047 740 licentiam
1099 691 1417 751 acceperunt
1456 683 1810 750 quodcunque
1862 678 2117 731 Ecclesiae

2250 698 2307 732 ου
2366 682 2500 748 πρὸς
2551 686 2638 733 τὸν
2693 680 2919 748 βασιλέα
2971 682 3256 742 σταλέντες
3285 683 3579 731 ἐπίσκοποι
3634 680 3784 728 κατὰ

580 781 856 835 catholica:
884 775 1219 831 commodum
1257 772 1369 826 fore
1394 772 1741 840 cognoverint
1765 777 1948 820 contra
1971 764 2118 817 Cra:-

2251 771 2324 822 ὦν
2365 772 2631 840 Ἑλλήνων
2671 773 2903 824 καὶτῶν
2965 773 3263 841 αίρετικῷν
3315 773 3500 824 ἄδειαν
3558 768 3781 830 ἔλαϐον,

580 888 764 928 eorum
792 879 844 924 et
873 868 1273 922 Donatistarum
1307 863 1638 930 religionem,
1670 859 1796 911 illud
1847 858 1913 911 ab
1950 856 2121 918 impe-

2250 863 2328 913 ιᾶν
2351 861 2379 912 ὅ
2413 879 2462 912 τι
2493 861 2557 913 ἂν
2606 864 2881 930 συμφέρον
2908 865 2972 931 τῇ
3013 863 3274 930 καθολικῇ
3307 860 3611 927 Ἐκκλησία
3649 875 3786 909 συν-

583 970 762 1017 ratore
795 967 994 1026 petere,
1025 955 1268 1026 quamvis
1300 952 1426 1006 illud
1448 949 1785 1019 peculiariter
1814 946 2118 999 mandatum

2250 952 2392 1014 δωσι,
2436 954 2575 1003 κατὰ
2621 953 2716 1018 τῆς
2753 953 3048 1020 θρησκείας
3083 953 3192 1003 τῶν
3249 951 3519 1018 Ἑλλήνων
3549 951 3643 999 καὶ
3673 949 3787 999 τιῖιν

581 1069 684 1108 non
717 1053 1035 1106 habuerunt.

2250 1041 2575 1104 ιονατιστῶν,
2638 1039 2794 1092 τοῦτο
2850 1043 3064 1108 αἰτῆσαι
3119 1044 3183 1093 ἐκ
3232 1039 3517 1108 βασιλέως,
3567 1038 3677 1089 κᾶν
3707 1037 3788 1104 μὴ

2225 1127 2403 1188 ίδικῶς
2439 1129 2566 1179 αὐτὸ
2598 1125 2742 1197 εῐχον
2775 1130 3177 1198 ἐντεταλμένον.

1069 1221 1232 1295 eu.
1259 1216 1485 1274 canon
1519 1214 1632 1270 cx.

590 1343 605 1371 ι
651 1318 896 1390 Synodus
921 1324 1107 1370 contra
1152 1313 1366 1365 Gnaeos
1396 1318 1450 1363 et
1485 1304 1782 1360 haereticos.
1825 1299 1935 1390 sub
1959 1298 2122 1351 Basso

661 1432 677 1462 ι
725 1389 777 1463 et
800 1408 1061 1476 Philippo,
1089 1399 1407 1456 clarlssimis
1433 1393 1758 1456 consulibus,
1792 1393 1856 1443 Δ.
1884 1389 1944 1441 υ.
1973 1396 2121 1441 seno

663 1521 678 1550 ι
727 1499 936 1551 decimo
967 1493 1216 1548 calendas
1243 1487 1431 1550 Julias,
1461 1482 1785 1550 Carthagine
1823 1479 1874 1531 in
1915 1483 2123 1531 secreto

661 1613 676 1639 ι
726 1588 1004 1641 Restituta:
1044 1581 1301 1637 ecclesias.
1344 1579 1400 1632 In
1438 1577 1537 1628 hac
1569 1573 1769 1642 synodo
1805 1567 2121 1636 legationem

663 1699 678 1729 ι
728 1685 1015 1742 suscepere
1045 1669 1347 1725 Restitutus
1387 1675 1442 1719 et
1498 1660 1840 1715 Florentinus
1887 1650 2123 1720 episcopi

669 1788 686 1817 ι
730 1766 986 1819 adversus
1013 1759 1224 1813 Graecos
1249 1763 1303 1809 et
1335 1749 1636 1811 haereticos,
1660 1747 1713 1798 in
1740 1745 1833 1796 illo
1865 1751 2122 1807 tempore,

661 1876 676 1906 ι
724 1814 1086 1922 ἔργει-υς
1108 1857 1162 1899 et
1188 1841 1452 1896 Macarius
1477 1835 1702 1905 depositi
1730 1840 1852 1887 sunt
1880 1847 1894 1881 :
1926 1836 2127 1922 etnpro-
2157 1814 2199 1869 Β

669 1963 684 1994 ‹
731 1914 847 2010 pter
876 1950 1058 1992 eorum
1081 1946 1293 1988 causam
1319 1927 1571 1988 Evodius,
1593 1920 1853 1976 Theasius
1869 1927 1923 1971 et
1953 1914 2131 1968 Victor

669 2054 685 2084 ι
733 2027 966 2099 episcOpi
995 2024 1116 2079 cassi
1145 2029 1290 2076 sunt.

668 2308 685 2340 ι
734 2285 980 2356 Synodus
1011 2283 1075 2337 de
1100 2279 1404 2350 cognitione
1445 2276 1837 2344 episcoporum.
1874 2267 1984 2322 Sub
2018 2266 2134 2336 glo-

601 2398 616 2426 ι
668 2372 978 2428 riosissimis
1004 2360 1441 2438 imperatoribus,
1477 2363 1712 2426 Honorio
1740 2360 2046 2427 septimum,
2081 2364 2135 2409 et

600 2487 617 2516 ι
659 2463 960 2519 Theodosio
1003 2459 1256 2520 tertium,
1302 2455 1556 2524 Augustis
1614 2451 1922 2505 consulibus
1956 2448 2018 2498 Α.
2071 2447 2131 2498 ι).

604 2575 621 2606 ι
669 2555 878 2609 decimo
913 2551 1143 2618 septimo
1187 2545 1434 2599 calendas
1468 2540 1654 2602 Julias,
1698 2535 2020 2601 Carthagine
2082 2532 2134 2585 in

602 2667 618 2696 ι
668 2643 925 2698 Secunda:
954 2637 1198 2705 ecclesia.
1232 2637 1289 2689 In
1316 2635 1415 2688 hac
1445 2630 1646 2701 synodo
1670 2627 1887 2694 placuit,
1907 2634 1964 2678 ut
2001 2635 2135 2676 unus

603 2755 620 2786 ι
664 2735 943 2803 episcopus
996 2744 1099 2782 non
1143 2726 1395 2780 vendicet
1436 2721 1538 2776 sibi
1584 2717 1963 2787 cognitionem.
2003 2715 2135 2766 Acta

604 2843 623 2873 ι
667 2818 947 2889 ρταιεεηιὶε
1004 2815 1192 2888 synodi
1252 2828 1356 2867 non
1415 2819 1538 2865 sunt
1587 2807 1806 2872 scripta,
1857 2811 2134 2872 propterea

605 2933 622 2962 ι
666 2912 800 2979 quod
847 2907 1152 2976 specialiter
1199 2903 1271 2956 oh
1311 2902 1453 2955 illam
1502 2898 1793 2967 regionem,
1837 2903 1890 2946 et
1941 2907 2046 2944 non
2081 2892 2134 2943 in

606 3021 624 3052 ε
667 2981 945 3054 commune
979 3005 1194 3064 peracta
1221 3003 1362 3047 ειιηι.
1407 3011 1424 3041 ι

669 3087 862 3139 llALS.
896 3085 1024 3150 Quae
1057 3085 1107 3136 in
1138 3082 1383 3149 praesenti
1427 3093 1631 3132 canone
1671 3077 1868 3143 scripta
1903 3081 2046 3135 sunt,
2083 3079 2142 3122 ut

2769 1220 3004 1271 ΚΑΝΩΝ
3041 1221 3145 1272 Pl'.

2231 1325 2246 1357 ι
2295 1306 2512 1369 Σύνοδος
2545 1309 2683 1361 κατά
2715 1307 2823 1358 τῶν
2865 1308 3130 1378 Ἐλλήνων
3161 1314 3253 1361 καὶ
3279 1307 3594 1378 αἱρετικῶν.
3661 1307 3795 1358 Ἐπὶ

2301 1413 2318 1445 t
2367 1393 2573 1446 Βάσσου
2610 1397 2702 1448 καὶ
2729 1397 3016 1460 Φιλίππου,
3048 1396 3158 1450 τῶν
3195 1399 3601 1465 λαμπροτάτων
3635 1397 3793 1449 ὑπά-

2298 1502 2316 1534 ι
2358 1501 2463 1536 των
2492 1487 2557 1553 τῇ
2603 1485 2707 1553 πρὸ
2739 1485 2799 1549 ἒξ
2833 1489 2927 1538 καὶ
2958 1487 3158 1556 δεκάτῃ
3209 1487 3488 1539 καλανδῶν
3517 1485 3793 1544 Ἰουλίων,

2299 1589 2317 1622 ι
2362 1572 2420 1623 ἐν
2470 1573 2778 1642 Καρχηδόνι
2849 1575 2928 1634 είς
2985 1574 3044 1624 τὸ
3092 1575 3362 1642 σήκρητον
3413 1572 3513 1640 τῆς
3581 1572 3798 1622 Ῥεστι-

2298 1677 2318 1712 ι
2362 1661 2556 1729 τούτης
2576 1661 2889 1731 ἐκκλησίας.
2915 1663 3002 1714 Ἐν
3038 1663 3207 1733 ταύτῃ
3243 1662 3444 1730 συνόδῳ
3485 1660 3798 1730 πρεσϐείαν

2298 1769 2317 1802 ι
2363 1751 2676 1814 ἀνεδέξαντο
2715 1751 3075 1814 Ῥεστιτοῦτος
3125 1752 3221 1802 καὶ
3246 1751 3557 1819 Φλσρέντιος
3579 1751 3628 1801 οἱ
3664 1749 3796 1799 ἐπί-

2301 1856 2320 1890 ι
2365 1855 2558 1891 σκοποι
2585 1839 2723 1891 κατὰ
2751 1840 2857 1890 τῶν
2896 1838 3158 1909 Ἐλλήνων
3186 1839 3279 1891 καὶ
3330 1839 3438 1890 τῶν
3491 1836 3798 1906 αίρετικῶν

2307 1947 2325 1979 ι
2371 1931 2430 1982 ἐν
2455 1929 2648 1998 ἐκείνῳ
2698 1929 2776 1996 τῷ
2828 1929 3003 1998 καιρῷ
3046 1927 3167 1980 καθ’
3187 1927 3245 1980 δν
3275 1928 3510 1996 Σευῆρος
3541 1927 3638 1979 καὶ
3669 1927 3800 1978 Μα-

2307 2036 2324 2069 ι
2371 2018 2555 2086 κάριος
2589 2016 2948 2086 ἀνῃρέθησαν,
2977 2015 3070 2069 καὶ
3107 2016 3196 2068 διὰ
3226 2015 3333 2066 τῶν
3357 2015 3562 2067 τούτων
3603 2014 3800 2065 αἰτίαν

2305 2127 2324 2160 ‹
2368 2109 2602 2173 Εὑόδιος,
2664 2110 2889 2170 Θεάσιος
2951 2108 3046 2160 καὶ
3095 2107 3331 2176 Βίκτωρ,
3391 2109 3440 2158 oi
3470 2106 3799 2166 ἐπίσκοποι,

2307 2216 2326 2250 ι
2373 2200 2707 2268 ἐσφάγησαν.

2307 2309 2325 2342 ι
2371 2289 2594 2351 Σύνοδος
2626 2290 2753 2357 περὶ
2783 2289 3121 2356 διαγνώσεως
3155 2289 3486 2341 ἐπισκόπων.
3527 2285 3650 2336 Ἐπὶ
3685 2283 3805 2333 τῶν

2241 2399 2260 2430 ι
2309 2378 2658 2443 ἐνδοξοτάτων
2688 2379 2948 2446 βασιλέων
2997 2378 3251 2447 Ὀνωρίου
3305 2377 3366 2428 τὸ
3409 2375 3658 2443 ἕϐδομον,
3699 2373 3806 2423 καὶ.

2243 2487 2260 2520 ι
2305 2467 2581 2519 Θεοδοσίου
2607 2467 2694 2534 ,τὸ
2735 2467 2940 2535 τρίτον,
2992 2467 3100 2518 τῶν
3151 2467 3478 2533 Δύγούστων
3539 2463 3800 2519 ὑπάτων,

2239 2575 2257 2608 ι
2303 2559 2370 2626 τῇ
2400 2554 2504 2624 πρὸ
2533 2555 3135 2618 δεκαεπτάκαλανδῶν,
3181 2555 3412 2606 Ἰουλίων
3441 2554 3516 2612 είς
3573 2552 3809 2617 Καρχη-

2242 2666 2260 2698 ί
2303 2647 2431 2699 δόνα
2457 2647 2513 2697 ἐν
2543 2648 2608 2714 τῇ
2641 2643 2937 2713 Σεκούνδης
2987 2643 3268 2713 ἐκκλησίᾳ..
3325 2642 3419 2704 Et;
3469 2642 3676 2707 ταύτην
3703 2641 3810 2708 τὴν

2241 2751 2259 2782 ι
2307 2732 2520 2785 σύνοδον
2553 2734 2768 2800 ήρεσεν,
2797 2731 2936 2783 ὥστε
2976 2732 3069 2783 ἕνα
3120 2731 3411 2783 ἐπίσκοπον
3446 2729 3522 2798 μὴ
3561 2729 3811 2779 ἐκδικεῖν

2243 2843 2262 2875 ι
2309 2822 2500 2875 ἑαυτοῦ
2530 2821 2837 2887 διάγνωσιν.
2888 2821 2967 2872 Τὰ
2999 2822 3361 2888 πεπραγμένα
3385 2811 3482 2886 τῆς
3513 2819 3813 2886 παρούσης

2242 2932 2260 2964 ι
2309 2913 2524 2965 συνόδου
2556 2911 2643 2963 διὰ
2679 2912 2833 2963 τοῦτο
2857 2911 2956 2963 οὐκ
2986 2911 3220 2981 ἐγράφη,
3255 2910 3435 2978 ἐπειδὴ
3485 2908 3809 2977 ἐπιχωρίως

2245 3021 2262 3052 ι
2307 3002 2400 3052 καὶ
2428 3001 2487 3050 ού
2519 3001 2658 3051 κατᾶ
2690 3001 2869 3050 κοινοῦ
2902 3000 3351 3064 ἐπετελέσθησαν.
3388 3016 3407 3048 ι

2310 3089 2504 3140 ΒΑΛΣ.
2550 3086 2629 3138 Τὰ
2660 3090 2716 3138 ἐν
2749 3087 2824 3154 τῷ
2853 3082 3078 3154 παρόντι
3132 3085 3315 3136 κανόνι
3361 3085 3692 3150 δηλωθέντα,
3724 3085 3810 3146 ὡς

601 3177 902 3248 specialiter
944 3174 1166 3243 prolata,
1219 3170 1554 3240 expositione
1599 3183 1701 3222 non
1764 3173 1942 3233 egent.
1985 3160 2140 3226 Quod

2250 3179 2425 3239 ἱδικῶς
2459 3175 2847 3244 ἐκφωνηθέντα
2902 3175 3210 3243 ἐξηγήσεως
3256 3176 3314 3225 οὐ
3347 3173 3580 3228 δέονται.
3612 3175 3688 3225 Τὸ
3745 3176 3810 3225 δὲ

602 3279 776 3324 autem
809 3269 1006 3321 dictum
1050 3274 1126 3318 est
1151 3301 1166 3327 ,
1216 3276 1374 3314 unum
1415 3260 1719 3327 episcopum
1756 3255 1855 3308 sibi
1903 3267 2008 3305 non
2039 3252 2136 3304 de-

604 3364 726 3414 bere
753 3359 1030 3412 \endicare
1050 3353 1429 3422 cognitionem,
1458 3360 1537 3401 est
1559 3346 1922 3415 accipiendum
1951 3357 2139 3397 secun-

604 3454 732 3504 dum
762 3462 1021 3502 canonem
1055 3446 1113 3496 ll
1153 3443 1428 3510 prtesentis
1461 3439 1667 3506 synodi.

677 3535 924 3591 ZONAR.
963 3532 1032 3587 Ut
1064 3535 1126 3586 de
1153 3532 1465 3584 clericorum
1497 3528 1676 3580 causis
1700 3542 1726 3577 a
1760 3539 1856 3578 suo
1888 3523 2141 3591 cujusque

606 3629 853 3696 episcopo
902 3623 1017 3692 judi
1052 3631 1190 3685 etnr,
1249 3633 1388 3672 nono
1439 3629 1643 3686 quartae
1692 3614 1879 3683 synodi
1935 3625 2142 3666 canone

606 3718 947 3772 constitutum
974 3723 1057 3766 est
1086 3729 1098 3764 :
1136 3712 1177 3763 si
1216 3724 1361 3774 vero,
1391 3708 1468 3759 vel
1492 3706 1715 3759 clericus
1750 3718 1866 3756 cum
1899 3701 2144 3766 episcopo

607 3820 726 3869 suo,
777 3804 856 3856 vel
905 3804 1007 3855 dno
1051 3800 1191 3852 inter
1219 3813 1275 3851 se
1317 3797 1550 3865 episcopi
1598 3792 1868 3862 quidpiam
1913 3790 2145 3842 habeant

606 3893 1022 3953 controversiae,
1079 3901 1242 3955 penes
1291 3886 1550 3954 synodum
1605 3883 1720 3948 ejus
1769 3880 1842 3933 rei
1887 3880 2143 3946 judicium

611 3999 751 4038 esse.
778 3981 919 4034 idem
940 3981 1041 4032 hoc
1067 3992 1274 4031 canone
1302 3976 1510 4028 videtur
1535 3987 1653 4026 esse
1680 3971 1979 4032 sancitum;
2013 3979 2070 4020 ut
2100 3969 2145 4021 si

610 4072 715 4124 duo
750 4067 996 4121 nimirum
1029 4069 1167 4119 inter
1199 4079 1256 4117 se
1278 4062 1511 4131 episcopi
1542 4060 1769 4128 litigent,
1790 4058 1871 4110 vel
1898 4059 2148 4110 adversus

613 4161 914 4229 episcopum
949 4155 1174 4208 clericus
1202 4155 1464 4207 actionem
1499 4149 1756 4210 intendat,
1805 4160 1870 4200 ne
1902 4146 2003 4198 sibi
2037 4144 2150 4211 epi-

613 4264 801 4318 scopus
861 4247 1126 4315 quispiam
1189 4243 1305 4311 ejus
1353 4255 1528 4296 causa:
1576 4238 1940 4306 cognitionem
2001 4236 2150 4287 solus

617 4349 890 4404 assumat,
927 4337 1017 4390 sed
1044 4349 1103 4389 ea
1137 4335 1203 4386 ad
1238 4333 1422 4402 synodi
1465 4327 1804 4398 provincialis
1829 4334 2148 4378 conventum

617 4429 893 4482 referatur.

619 4518 844 4571 ARlST.
909 4536 926 4567 ι
973 4516 1124 4569 Unus
1172 4515 1449 4583 episcOpus
1500 4510 1854 4578 cognitionem
1920 4505 2019 4560 sibi
2082 4519 2148 4557 ne

1196 4619 1215 4651 ι
1256 4599 1519 4652 vendicet.
1562 4613 1581 4646 ι

688 4693 801 4747 Non
854 4701 1060 4744 tantum
1111 4689 1272 4742 unius
1321 4687 1555 4754 episcopi
1587 4684 1866 4754 judicium,
1914 4681 2006 4735 scd
2054 4693 2150 4731 nec

621 4784 728 4836 duo
763 4779 1026 4835 sulliciunt
1057 4781 1120 4831 ad
1167 4776 1461 4846 presbyteri
1492 4775 1575 4829 vel
1614 4774 1822 4827 diaconi
1866 4770 2152 4838 depositio-

627 4889 768 4926 ncm.
794 4872 897 4924 Sed
924 4872 967 4924 si
1005 4870 1287 4938 episcopus
1320 4869 1390 4921 sit
1421 4875 1723 4930 accusatus,
1755 4865 1801 4917 si
1847 4861 1998 4916 multi
2040 4858 2155 4926 epi-

625 4962 767 5026 scopi
799 4958 1083 5010 convenire
1112 4972 1214 5009 non
1242 4964 1488 5024 possunt,
1509 4969 1538 5006 a
1565 4952 1845 5007 duodecim
1879 4949 2152 5003 minimum

625 5049 885 5117 episcopis
921 5045 1278 5114 judicabitur;
1326 5044 1371 5097 si
1433 5043 1709 5110 presbyter
1747 5051 1944 5100 autem,
1985 5053 2014 5090 a
2061 5051 2155 5091 sex

627 5138 906 5205 episc0pis,
945 5145 997 5189 et
1019 5149 1115 5208 suo
1145 5135 1429 5202 episcopo;
1467 5133 1549 5186 sin
1601 5141 1774 5183 autem
1816 5129 2094 5188 diaconus,
2125 5139 2154 5176 a

628 5228 794 5280 tribus
817 5235 869 5279 et
898 5239 993 5279 suo
1023 5226 1306 5292 episcopo:
1345 5222 1787 5290 quemadmodum
1819 5219 2158 5272 duodecimus

631 5329 680 5373 et
704 5318 986 5370 vicesimus
1013 5316 1168 5385 hujus
1199 5313 1384 5383 synodi
1416 5327 1588 5366 canon
1612 5317 1865 5365 statuunt.
1901 5308 2018 5360 Non
2059 5308 2156 5374 igi-

632 5422 716 5462 tur
740 5408 1018 5476 episcopus
1049 5420 1186 5459 unus
1241 5420 1300 5458 se
1323 5404 1554 5469 judicem
1588 5404 1873 5456 constituet
1903 5401 1951 5452 in
1975 5399 2159 5452 crimi-

634 5497 782 5548 nibus
812 5494 1104 5562 presbyteri
1133 5501 1224 5544 aut
1247 5491 1477 5556 diaconi,
1500 5497 1552 5542 et
1575 5505 1725 5542 suum
1759 5487 2005 5540 defendet
2025 5485 2163 5553 judi-

636 5587 793 5646 cium,
825 5597 878 5639 et
908 5586 973 5639 ad
996 5599 1127 5652 Opus
1171 5583 1298 5635 illud
1327 5583 1613 5650 perducet;
1641 5581 1740 5633 nisi
1778 5579 2016 5633 accusati
2059 5580 2164 5631 sint

636 5687 665 5728 e
686 5687 907 5728 numero
925 5673 1262 5736 clericorum,
1289 5669 1378 5737 qui
1400 5677 1520 5722 sunt
1541 5670 1680 5720 intra
1705 5666 1971 5719 diaconos.
2002 5663 2071 5718 De
2099 5664 2162 5719 iis

2242 3267 2404 3335 ῥηθὲν
2433 3265 2589 3334 χάριν
2618 3263 2709 3315 τοῦ
2752 3262 2828 3332 μὴ
2859 3262 3142 3314 διεκδικεῖν
3169 3262 3266 3314 ἐνα
3299 3261 3592 3312 ἐπίσκοπον
3616 3262 3810 3328 ἐαυτῷ

2239 3356 2546 3421 διάγνωσιν,
2607 3353 2906 3422 ἐκληπτέον
2960 3353 3099 3404 κατά
3133 3352 3223 3403 τὸν
3259 3352 3544 3404 ἑνδέκατον
3595 3353 3813 3404 κανόνα

2239 3444 2337 3512 τῆς
2387 3443 2662 3512 παρούσης
2695 3442 2931 3494 συνόδου.

2311 3534 2550 3585 ΖΩΝΛΡ.
2602 3533 2662 3583 Ὀ
2704 3532 2924 3592 ἐννατος
2979 3532 3158 3584 κανὼν
3187 3533 3286 3599 τῆς
3319 3531 3584 3600 τετάρτης
3648 3533 3815 3582 συνόο

2241 3621 2329 3673 δου
2353 3623 2474 3682 τοὺς
2512 3623 2800 3690 κληρικοὺς
2836 3621 3006 3688 ὁρίζει
3061 3620 3212 3686 παρὰ
3271 3623 3384 3681 τοῖς
3429 3621 3652 3678 οίκείοις
3688 3623 3816 3672 ἐπι-

2244 3712 2467 3773 σκόποις
2521 3711 2858 3772 δικάζεσθαι’
2912 3712 2960 3762 εί
3008 3711 3062 3762 δὲ
3090 3713 3350 3779 κληριχὺς
3383 3711 3519 3776 πρὸς
3550 3712 3642 3761 τὸν
3677 3713 3815 3761 ἐπί-

2244 3817 2444 3854 σκοπον
2499 3801 2660 3852 αὑτοῦ
2731 3800 2845 3868 ἔχει
2897 3799 3171 3863 ὑπόθεσιν,
3221 3801 3252 3866 ἢ
3297 3800 3596 3860 ἐπίσκοπος
3666 3799 3814 3865 πρὸς

2243 3887 2564 3948 ἐπίσκοπον,
2598 3887 2745 3954 παρὰ
2779 3890 2842 3953 τῇ
2876 3887 3074 3956 συνόδῳ
3126 3887 3224 3954 τῆς
3273 3886 3545 3954 ἐπαρχίας
3586 3886 3814 3948 δικάςέ⁸

2246 3976 2390 4029 σθαι.
2428 3975 2599 4026 Τοῦτο
2631 3971 2723 4026 οὖν
2772 3975 2915 4026 ἔοικε
2963 3975 3056 4027 καὶ
3080 3977 3108 4027 ὁ
3133 3975 3322 4044 παρὼν
3383 3975 3559 4027 κανὼν
3585 3975 3819 4027 διατάτ-

2244 4065 2471 4128 τεσθαι,
2531 4064 2669 4116 ὥστε
2721 4064 3033 4116 ἐπισκόπων
3092 4064 3186 4117 δύο
3255 4065 3408 4133 δίκην
3452 4066 3724 4132 ἐχόντων,
3779 4067 3817 4133 ἢ

2247 4153 2507 4221 κληρικοῦ
2561 4153 2701 4206 κατὰ
2746 4154 3042 4205 ἐπισκόπου
3107 4154 3411 4220 ἐνάγοντος,
3463 4154 3536 4223 μὴ
3565 4154 3664 4206 ἕνα
3688 4155 3819 4205 ἐπί-

2250 4260 2445 4294 σκοπον
2469 4243 2650 4311 ζητεῖν
2673 4242 2767 4310 τὴν
2799 4244 2924 4311 περὶ
2977 4242 3152 4294 αὐτῶν
3185 4243 3454 4293 ποιεῖσθαι
3491 4243 3815 4309 διάγνωσιν,

2250 4331 2384 4382 ἀλλὰ
2421 4331 2518 4400 τὴν
2554 4333 2766 4384 σύνοδον
2813 4333 2911 4400 τῆς
2935 4332 3198 4399 ἐπαρχίας
3223 4331 3484 4394 δικάζειν.

2253 4507 2469 4560 ΑΡΙΣΓ.
2550 4525 2570 4558 ι
2626 4502 2718 4568 Εἷς
2783 4509 3070 4571 ἐπίσκοπος
3143 4511 3216 4580 μὴ
3295 4510 3576 4562 ἐκδικείτω
3629 4512 3822 4579 ἐαυτῷ

2807 4617 2824 4647 ι
2869 4600 3175 4664 διάγνωσιν.
3219 4618 3236 4649 ι

2320 4685 2394 4737 Οὐ
2435 4685 2591 4753 μόνον
2618 4686 2733 4746 ἐνὸς
2791 4687 3087 4738 ἐπισκόπου
3144 4688 3460 4754 διάγνωσις,
3520 4690 3642 4742 ἀλλ’
3687 4667 3820 4745 οἶδὲ

2251 4777 2344 4827 δύο
2410 4776 2730 4842 ἀρκέσουσιν
2792 4778 2871 4836 είς
2946 4776 3262 4843 καθαίρεσιν
3343 4777 3720 4849 πρεσϐυτέρου
3781 4785 3820 4852 ἢ

2251 4866 2516 4918 διακόνου.
2576 4864 2715 4915 Ἀλλ’
2769 4866 2818 4915 εί
2850 4865 2946 4932 μὲν
2980 4867 3273 4926 ἐπὶσὶεοπός
3316 4869 3467 4920 ἐστιν
3505 4869 3532 4918 δ
3569 4887 3822 4938 κατηγο-

2256 4957 2539 5022 ρούμενος,
2571 4958 2618 5005 εί
2653 4955 2724 5023 μὴ
2750 4955 2974 5009 δυνατὸν
3001 4956 3230 5018 πολλοὺς
3256 4957 3535 5010 συνελθεῖν
3592 4962 3826 5013 ἐπισκό-

2255 5060 2409 5106 πους,
2449 5041 2598 5110 παρὰ
2632 5043 2840 5116 δώδεκα
2892 5047 2951 5096 τὸ
2991 5046 3270 5114 ἐλάχιστον
3324 5048 3640 5099 ἐπισκόπων
3691 5067 3824 5117 κρι-

2257 5134 2496 5201 θήσεταιο
2528 5134 2576 5184 εί
2633 5134 2688 5184 δὲ
2744 5134 3122 5204 πρεσϐύτερος,
3175 5135 3330 5204 παρὰ
3383 5136 3440 5201 ἓξ
3498 5138 3824 5191 ἐπισκόπων

2258 5223 2354 5276 καὶ
2385 5222 2478 5274 τοῦ
2505 5223 2633 5275 ίδίου
2666 5225 2987 5276 ἐπισκόπου’
3012 5228 3058 5276 εί
3081 5226 3136 5276 δὲ
3165 5218 3431 5289 διάκονος,
3459 5229 3612 5294 παρὰ
3638 5229 3822 5296 τριῶν

2257 5311 2478 5365 καὶτοῦ
2536 5313 2662 5364 ἰδίου
2717 5314 3038 5378 ἐπισκόπου,
3098 5315 3173 5376 ὡς
3202 5316 3230 5366 δ
3281 5315 3582 5377 δωδέκατος
3629 5317 3823 5370 κανὼν

2262 5407 2352 5454 καὶ
2387 5404 2414 5454 ὁ
2448 5404 2689 5462 είκοστὺς
2709 5403 2806 5470 τῆς
2831 5405 3049 5456 συνόδου
3075 5405 3277 5474 ταύτης
3325 5406 3821 5474 διαλαμϐάνουσιν.

2262 5491 2372 5544 Οὐκ
2401 5487 2490 5543 οὖν
2519 5469 2810 5554 ἐπίσκοπος
2837 5494 2913 5553 είς
2945 5494 3201 5563 δικαστὴν
3233 5469 3450 5548 ’ἐαυτὸν
3483 5469 3572 5548 ἐπ’
3609 5469 3847 5566 ἐγκλήεί

2268 5597 2399 5649 μασι
2423 5583 2750 5649 καταστήσει
2776 5583 3144 5654 πρεσϐυτέρου
3174 5625 3187 5647 ,
3217 5584 3248 5652 ἢ
3277 5585 3525 5638 διακόνου
3547 5627 3562 5649 ,
3594 5589 3690 5638 καὶ
3721 5590 3826 5657 τὴν

2267 5669 2466 5723 οἰκείαν
2491 5670 2815 5737 διεκδικήσει
2849 5671 3155 5738 διάγνωσιν,
3192 5674 3282 5727 καὶ
3312 5675 3391 5736 είς
3426 5675 3586 5744 ἔργον
3613 5676 3827 5747 ταύτην
