4012 6452
577 416 689 476 ’367
1806 417 1903 475 TIl
1918 415 2076 477 EOD.
2123 417 2158 474 Il

2187 418 2513 477 \LSAMUN
3672 413 3780 481 368

660 565 674 593 ι
711 542 1010 596 Theodosio
1067 541 1175 596 γιιι
1240 543 1502 598 causulih.
1541 545 1644 599 cal.
1701 544 1877 608 Maiis.
1936 546 2158 600 Cill'lll.‘

2167 532 2196 585 Α
2305 568 2322 599 ι
2380 551 2632 619 Ὀνωρίου
2659 547 2965 616 Αὐγούστου
2999 550 3058 602 τὸ
3095 550 3420 612 δωδέκατον,
3464 549 3559 601 καὶ
3589 549 3794 600 ’Θεοδο-

660 662 673 684 .
723 639 771 687 in
799 647 1006 688 secreto
1061 633 1243 688 Fausti
1282 637 1544 703 ecclesize,
1603 638 1822 692 Aurelio
1873 639 2125 707 CplSCOIIO

2307 640 2487 692 «σίου
2560 641 2620 692 τὸ
2702 640 2925 706 ὄγδοον,
2987 641 3095 692 τῶν
3178 641 3436 703 ὑπάτων,
3493 637 3792 698 καλάνδαις

669 748 676 765 τ
706 729 977 779 universae
1008 727 1208 794 synodo
1235 729 1566 795 praesidente,
1588 729 1923 782 adstantibus
1954 730 2130 782 diaco-

2306 749 2322 780 ι
2371 730 2584 794 Μαΐαις,
2637 731 2714 791 εις
2763 730 3084 800 Καρχηδόνα
3129 733 3185 782 ὲν
3236 731 3314 800 τῷ
3363 731 3629 800 σηκρήτῳ
3685 731 3795 795 τῆς

663 839 677 866 ι
724 819 804 871 uis
827 836 837 870 :
863 817 1058 885 placuit
1083 819 1328 870 omnibus
1351 818 1612 887 episcopis
1637 819 1882 873 Ecclesia:
1902 820 2128 874 Cartha-

2306 840 2322 870 ι
2371 820 2609 870 Φαύστου
2655 819 2980 886 ἐκκλησίας,
3032 818 3306 886 Αύρηλίου
3344 817 3441 869 τοῦ
3478 816 3794 869 ἐπισκόπου

663 926 678 956 ι
715 908 971 976 ginetisis,
1002 909 1053 957 in
1090 917 1271 959 sancm
1303 907 1507 975 synodo
1533 906 1857 972 conStitutis,
1893 923 2121 975 quorum

2310 931 2326 962 ι
2375 911 2637 980 συμπάσῃ
2667 913 2729 978 τῇ
2764 909 2965 976 συνόδῳ
3002 907 3461 974 προκαθίσαντος,
3497 905 3796 973 παρεστώο

663 1014 680 1042 ‹
725 993 935 1045 nomina
986 1005 1038 1046 et
1063 994 1484 1060 subscriptiones
1535 995 1749 1049 insertae
1809 1007 1949 1060 sunt,
1984 997 2127 1064 quod

2306 1022 2323 1053 ι
2367 1019 2472 1052 των
2521 1001 2627 1051 τῶν
2658 1000 2940 1060 διακόνων,
2998 999 3195 1067 ἧρεσεν
3241 1000 3374 1049 πᾶσι
3410 998 3527 1058 τοῖς
3557 995 3795 1047 ἐπισκό-

646 1106 660 1135 ι
699 1086 866 1138 Adam
901 1087 1142 1138 mortalis
1170 1101 1197 1138 a
1230 1086 1334 1140 Deo
1363 1085 1537 1140 factus
1562 1103 1667 1141 non
1691 1099 1770 1140 est
1797 1107 1808 1140 :
1846 1087 1973 1141 utsi
2007 1087 2128 1154 quis

2308 1111 2324 1141 ι
2369 1108 2488 1153 ποις
2517 1093 2611 1158 τῆς
2657 1092 2714 1142 ὲν
2743 1089 3042 1158 Καρχηδόνι
3085 1088 3403 1156 ἐκκλησίας,
3443 1087 3576 1155 ἁγίᾳ
3634 1085 3802 1136 συνόο

660 1193 675 1223 ι
714 1177 904 1226 dixerit
945 1175 1326 1242 protoplastum
1363 1177 1530 1228 Adam
1597 1178 1668 1230 ita
1715 1177 1984 1230 hominem
2047 1177 2127 1230 fa-

2304 1204 2320 1234 ι
2371 1184 2443 1251 δῳ
2466 1175 2906 1245 καθεστῶσιν,ὦν
2930 1181 2994 1232 τά
3014 1180 3253 1248 ὀνόματα
3278 1179 3368 1230 καὶ
3391 1182 3445 1232 αἱ
3471 1177 3804 1247 ὑπογραφαὶ

654 1283 670 1312 ‹
711 1273 853 1316 ctum
882 1277 999 1316 esse
1022 1264 1320 1324 mortalem,
1353 1275 1409 1318 ut
1434 1265 1543 1318 sive
1574 1275 1833 1334 pecasset,
1862 1267 1974 1320 sive
2003 1282 2125 1329 non,

2305 1293 2322 1324 ι
2371 1273 2712 1341 ἐνετέθησαν,
2759 1274 2839 1326 ὅτι
2900 1273 3073 1340 Ἀδὰμ
3121 1271 3308 1338 θνητὸς
3358 1270 3467 1321 ἀπὸ
3508 1268 3606 1321 τοῦ
3655 1267 3802 1320 Θεοῦ

663 1371 678 1401 ι
737 1363 877 1407 esset
913 1354 966 1407 in
1010 1369 1233 1421 corpore
1267 1357 1578 1419 moriturus,
1612 1356 1663 1408 id
1693 1365 1794 1422 est,
1841 1371 1870 1410 e
1907 1370 2128 1423 corpore

2307 1383 2323 1414 ι
2371 1366 2469 1417 ούκ
2497 1365 2711 1430 ἐγένετο
2735 1379 2749 1393 ·
2780 1362 2865 1414 ἵνα
2893 1363 3041 1423 ὅστις
3082 1362 3282 1430 δήποτε
3316 1360 3448 1428 λέγῃ
3481 1359 3574 1412 τὸν
3619 1358 3807 1425 Ἀδὰμ

673 1462 689 1492 ι
737 1459 1184 1507 cxcessurns,non
1216 1454 1433 1512 propter
1461 1446 1708 1499 meritum
1765 1445 1989 1513 peccati,
2037 1445 2127 1498 sed

2311 1475 2328 1504 ι
2378 1455 2466 1504 τὸν
2497 1451 2920 1520 πρωτόπλαστον
2951 1449 3237 1517 ἄνθρωπον
3268 1445 3463 1513 θνητὸν
3495 1443 3807 1512 γενόμενον

656 1553 671 1581 ι
721 1549 814 1602 per
852 1545 1054 1588 natura:
1085 1537 1474 1598 necessitatem,
1506 1536 1574 1590 sit
1629 1536 1932 1591 anathema.

2305 1564 2324 1595 ⁴
2370 1544 2562 1606 οὕτως,
2597 1541 2692 1605 ὦς,
2725 1543 2831 1592 εἴτε
2882 1541 3212 1608 ἁμαρτήσει,
3256 1539 3368 1590 σῖτα
3410 1537 3484 1605 μὴ
3524 1532 3804 1601 ἁμαρτή-

2307 1655 2325 1688 ι
2374 1651 2476 1696 σει,
2531 1630 2882 1700 τεθνήξεσθαι
2928 1634 2985 1682 ὲν
3038 1629 3118 1698 τῷ
3152 1628 3399 1696 σώματι,
3446 1625 3594 1678 τοῦτ’
3639 1623 3808 1676 ἔστιν

2309 1746 2326 1776 ι
2373 1725 2605 1789 ἐξελθεῖν
2628 1725 2690 1776 ἐκ
2714 1722 2804 1775 τοῦ
2830 1723 3098 1790 σώματος.
3127 1721 3202 1788 μὴ
3231 1721 3296 1786 τῇ
3325 1718 3452 1786 ἀξίᾳ
3476 1719 3574 1782 τῆς
3606 1717 3810 1783 ἁμαρ-

2167 1839 2207 1892 Β
2314 1836 2332 1868 ι
2376 1809 2514 1879 τίας,
2549 1813 2684 1866 ἀλλὰ
2723 1816 2789 1883 τῇ
2841 1812 3057 1880 ἀνάγκη
3106 1811 3204 1877 τῆς
3265 1808 3502 1876 φύσεως,
3537 1805 3810 1872 ἀνάθεμα

2315 1929 2332 1960 ι
2377 1907 2538 1960 ἔστω.
2582 1925 2600 1956 ι

655 1990 838 2042 ιιΑις.
873 1999 925 2043 ct
955 1991 1202 2045 ZONAR.
1237 1993 1375 2046 Deus
1396 1994 1562 2048 Adam
1594 2007 1691 2049 nec
1725 1998 2006 2051 mortalem
2046 1998 2122 2049 [eo

2311 1999 2504 2051 ΒΑΛΣ.
2542 1997 2636 2050 καὶ
2686 1994 2838 2048 ΖΩΝ.
2873 1995 2975 2046 Τὸν
3018 1991 3186 2060 Ἀδὰμ
3220 1993 3248 2044 6
3298 1989 3430 2051 Θεὸς
3483 1989 3543 2041 οὐ
3598 1987 3814 2056 θνητὸν

583 2082 675 2142 cit,
714 2096 810 2134 nec
841 2082 1217 2144 immortalem,
1252 2085 1341 2137 sed
1369 2086 1598 2138 medium
1627 2085 1769 2139 inter
1800 2087 2126 2154 magnitudi-

2240 2093 2489 2148 ἔπλασεν,
2526 2088 2644 2140 οὐδὲ
2681 2087 2863 2156 μέντοι
2903 2083 3197 2144 ἀθάνατον,
3231 2082 3395 2150 μέσον
3425 2080 3482 2132 δὲ
3527 2079 3810 2147 μεγέθους

586 2186 700 2224 nem
720 2181 769 2223 et
791 2171 1164 2236 humilitatem,
1179 2182 1367 2227 etcum
1385 2189 1502 2226 eum
1522 2189 1628 2227 sua:
1646 2178 1926 2242 potestatis
1941 2177 2125 2230 liberi-

2243 2184 2335 2236 καῖ
2381 2179 2787 2246 ταπεινότητος,
2821 2175 2914 2227 καὶ
2962 2172 3310 2235 αὐτεξούσιον
3349 2172 3582 2239 ποιήσας
3611 2169 3812 2232 αὑτὸν,

584 2276 688 2322 que
709 2263 913 2315 arbitrii
934 2271 1230 2329 compotem
1260 2264 1493 2330 fecisset,
1519 2267 1718 2320 dimisit
1742 2283 1754 2326 :
1777 2277 1834 2320 ut
1856 2269 2124 2332 utrolibet,

2240 2277 2441 2336 εἴασεν,
2479 2272 2618 2324 ὥστε
2647 2270 2954 2339 ὁποτέρωσε
2993 2268 3197 2328 νεύσει,
3232 2266 3342 2316 εἴτε
3391 2265 3528 2331 πρὸς
3586 2263 3811 2330 ἀρετὴν

586 2355 696 2406 sive
719 2353 784 2406 ad
816 2354 1084 2415 virtutem,
1107 2355 1217 2406 sive
1248 2358 1312 2406 ad
1347 2356 1531 2409 vitium
1564 2357 1892 2418 inclinasset.
1921 2359 1998 2412 vel
2031 2365 2130 2412 im-

2239 2366 2346 2417 εἷτε
2380 2362 2515 2432 πρὸς
2564 2361 2785 2424 κακίαν,
2820 2357 3211 2428 κληρώσασθαι
3248 2354 3412 2408 αὑτὸν
3443 2355 3474 2423 ἢ
3529 2351 3630 2422 τὴν
3659 2351 3818 2405 ἁθαο

588 2445 984 2506 mortalitatem,
1007 2445 1084 2498 vel
1123 2447 1494 2499 mortalitatem
1517 2449 1818 2502 sortiretur.
1853 2450 1962 2502 Etsi
1985 2451 2124 2503 enim

2241 2458 2432 2508 νασίαν
2474 2456 2505 2523 ἢ
2550 2455 2648 2524 τὴν
2683 2453 3003 2522 θνητότητα.
3049 2450 3166 2502 Κᾶν
3198 2449 3306 2517 γάρ
3345 2447 3524 2516 σάρκα
3554 2439 3670 2513 εἶχε
3708 2445 3816 2496 καὶ

587 2550 800 2588 carnem
825 2547 948 2588 tunc
968 2549 1178 2602 quoque
1202 2537 1421 2589 habebat
1447 2538 1624 2601 homo,
1673 2555 1777 2592 non
1800 2551 1972 2593 tamen
2001 2556 2132 2608 qua-

2239 2549 2358 2600 τότε
2388 2549 2414 2598 ό
2439 2547 2740 2611 ἅνθρωπος,
2771 2525 2886 2594 ἀλλ’
2915 2543 3013 2608 οὐχ
3043 2542 3158 2593 οἵαν
3190 2540 3306 2591 νῦν.
3342 2539 3451 2589 Καὶ
3485 2535 3642 2588 τοῦτό
3698 2553 3816 2603 φη-

591 2627 688 2678 Iem
714 2641 872 2679 nunc.
894 2624 958 2676 Et
988 2627 1084 2678 hoc
1104 2627 1174 2677 ait
1193 2623 1476 2693 Gregorius
1498 2627 1796 2698 Tlieologus
1823 2645 1940 2684 cum
1963 2632 2093 2685 dicit
2115 2651 2128 2688 :

2247 2655 2329 2690 σιν
2371 2639 2398 2688 6
2433 2634 2697 2700 Θεολόγος
2743 2633 3064 2700 Γρηγόριος,
3112 2630 3285 2694 λέγων
3313 2645 3326 2657 ·
3364 2629 3474 2680 Καὶ
3524 2626 3652 2687 τοὺς
3681 2625 3818 2694 δαρ-

591 2715 842 2769 Pelliceas
873 2730 1081 2783 quoque
1107 2727 1283 2769 vestes
1303 2717 1490 2781 induit,
1513 2717 1647 2772 forte
1673 2719 1974 2774 deusiorem
2011 2737 2134 2773 car-

2248 2729 2500 2796 ματίνους
2531 2722 2889 2789 ἀμφιέννυται
2922 2721 3174 2788 χιτῶνας,
3203 2719 3330 2778 ἴσως
3358 2716 3456 2785 τὴν
3485 2715 3819 2784 παχυτέραν

591 2824 709 2863 nem
740 2816 792 2863 et
831 2809 1106 2862 mortalem
1135 2817 1188 2860 et
1214 2809 1570 2861 resistentem.
1602 2809 1775 2874 Quare
1804 2823 1926 2866 ante
1961 2824 2136 2866 trans-

2249 2817 2426 2884 σάρκα
2479 2815 2571 2866 καὶ⁵
2614 2811 2811 2882 θνητὴν
2848 2812 2942 2862 καὶ
2985 2810 3298 2862 ἀντίτυπον.
3333 2807 3493 2858 Ὥστε
3549 2805 3657 2875 πρὸ
3702 2805 3819 2873 τῆς

592 2899 922 2968 gressionem
973 2912 1068 2951 nec
1103 2897 1264 2950 densa
1292 2906 1551 2950 eratcaro
1573 2899 1784 2961 Adami,
1817 2914 1914 2952 nec
1943 2911 2132 2953 natura

2247 2905 2611 2974 παραϐάσεως
2664 2901 2787 2953 οὔτε
2845 2903 3042 2968 παχεῖα
3091 2895 3158 2968 ἦν
3205 2900 3236 2968 ἡ
3295 2897 3433 2966 σὰρξ
3491 2897 3569 2967 τῷ
3605 2897 3819 2965 Ἀδὰμ,

595 2991 848 3044 mortalis.
882 2988 1112 3042 Fuerunt
1144 2998 1318 3042 autem
1357 2987 1448 3056 qui
1488 2990 1723 3042 dicerent
1747 3004 1866 3042 eum
1915 2998 1968 3043 et
1999 3006 2138 3043 mor-

2247 2998 2369 3050 οὔτε
2407 2996 2564 3062 φύσει
2608 2994 2798 3062 θνητή.
2836 2988 3012 3044 Ἱὶσαν
3036 2992 3079 3043 δ’
3110 2992 3158 3043 οἱ
3192 2991 3442 3056 λέγοντες
3477 2989 3559 3042 ὅτι
3607 2987 3821 3059 θνητὸς

594 3081 754 3134 talem
781 3081 846 3133 ab
880 3079 1030 3132 initio
1068 3079 1264 3132 factum
1293 3093 1434 3141 esse,
1469 3086 1521 3131 et
1571 3080 1887 3132 moriturum
1952 3082 2133 3144 fuisse,

2249 3091 2306 3152 ἐξ
2343 3088 2521 3158 ἀρχῆς
2559 3085 2807 3152 ἐπλάσθη
2830 3085 2922 3137 καὶ
2939 3084 3118 3146 θανεῖν
3143 3082 3356 3152 ἔμελλε,
3394 3081 3499 3134 κᾶν
3529 3080 3607 3151 μὴ
3657 3098 3822 3150 παρ-

591 3170 801 3224 etiamsi
832 3172 1140 3224 mandatum
1182 3185 1284 3222 non
1317 3179 1457 3222 esset
1496 3181 1858 3239 transgressus
1915 3181 2005 3224 :et
2038 3187 2140 3224 non

2169 3168 2213 3229 C
2252 3183 2350 3248 ἑὸη
2411 3183 2534 3248 ιτὴν
2617 3180 2862 3242 ἐντολὴν,
2915 3181 3010 3230 καὶ
3061 3178 3181 3245 οὐχὶ
3237 3177 3324 3228 διὰ
3375 3175 3474 3244 τὴν
3526 3175 3821 3245 ἁμαρτίαν

596 3272 811 3330 prepter
837 3271 1112 3329 peccatum
1146 3261 1442 3325 ingressam
1472 3276 1589 3315 esse
1621 3272 1870 3324 mortem,
1903 3264 1992 3316 sed
2019 3277 2144 3330 pro-

2250 3269 2566 3336 ἐπεισῆλθεν
2596 3271 2622 3319 ὁ
2653 3267 2898 3328 θάνατος,
2931 3267 3062 3317 ἀλλὰ
3099 3267 3186 3317 διὰ
3213 3266 3310 3332 τὴν
3353 3265 3514 3331 φύσιν
3548 3262 3822 3332 τοιαύτην

596 3367 712 3416 pter
753 3361 1019 3411 naturam,
1055 3363 1173 3418 qua:
1222 3350 1319 3401 fuit
1357 3351 1476 3403 talis
1516 3353 1582 3402 ab
1616 3352 1787 3404 initio.
1842 3351 1945 3404 Eos
1996 3366 2144 3420 ergo,

2248 3360 2534 3424 γεγονυῖαν
2581 3356 2841 3424 ἀρχῆθεν.
2868 3355 2988 3405 Τῶν
3033 3351 3126 3407 οὖν
3162 3355 3334 3406 ταῦτα
3376 3353 3727 3423 φρονούντων
3759 3355 3816 3404 οῖ

599 3443 687 3507 qui
720 3441 791 3493 ita
821 3440 1076 3504 sentiunt,
1131 3438 1285 3506 hujus
1329 3440 1515 3508 synodi
1574 3439 1759 3493 Patres
1811 3441 2147 3493 anathemate

2246 3449 2342 3516 τῆς
2377 3447 2591 3498 συνόδου
2621 3446 2823 3513 ταύτης
2855 3445 3092 3515 Πατέρες
3124 3444 3568 3513 κατεψηφίσαντο
3589 3443 3651 3495 τὸ
3681 3442 3822 3496 ἀνά⁴⁵

603 3532 946 3582 damnarunt.
2251 3538 2306 3590 θε
2317 3555 2408 3599 μα.

606 3620 830 3674 ARIST.
870 3639 887 3669 ι
929 3620 1030 3684 Qui
1058 3618 1438 3689 protoplastum
1461 3619 1620 3672 etiam
1652 3620 1766 3674 sine
1793 3631 2008 3688 peccato
2058 3636 2149 3688 per

2253 3631 2471 3684 ΑΡΙΣΤ.
2543 3648 2561 3679 ι
2618 3631 2673 3683 '0
2718 3631 2809 3682 τὸν
2852 3630 3274 3698 πρωτόπλοιστον
3317 3624 3664 3694 δογματίζων
3719 3626 3824 3678 καὶ

679 3728 698 3759 ι
733 3719 934 3762 natum
958 3710 1332 3763 necessitatem
1367 3711 1686 3763 moriturum
1728 3709 1896 3764 fuisse
1930 3711 2143 3776 asserit,

2329 3738 2345 3768 ι
2396 3720 2516 3788 δίχα
2547 3719 2644 3786 τῆς
2677 3720 2946 3787 ἁμαρτίας
2974 3718 3392 3786 τεθνηξόμενον,
3429 3715 3518 3768 διὰ
3557 3715 3821 3783 ἀνάγκην

679 3819 696 3850 ι
738 3801 1016 3852 anathema
1050 3799 1136 3852 sit.
1171 3818 1190 3848 ο

2333 3829 2349 3859 ι
2391 3809 2488 3875 τῆς
2519 3810 2754 3876 φύσεως,
2791 3811 2904 3880 ήτω
2936 3810 3242 3875 ἀνάθεμα.»

1051 3934 1212 4005 646
1259 3933 1486 3989 CANON
1541 3935 1698 3989 exn.

2825 3941 3062 3992 ΚΑΝΩΝ
3094 3940 3235 3992 PIB'.

611 4072 628 4102 ι
670 4052 819 4118 Quod
847 4051 1079 4106 infantes
1109 4051 1162 4103 in
1211 4060 1548 4118 peccatorum
1585 4050 1950 4104 remissionem
1979 4049 2151 4118 bapti-

2259 4073 2276 4100 ι
2319 4052 2439 4102 Ὀτι
2471 4050 2536 4102 τὰ
2566 4044 2738 4119 μικρὰ
2767 4051 2843 4110 εἰς
2867 4049 3058 4116 ἄφεσιν
3097 4047 3382 4115 ἁμαρτιῶν
3431 4046 3824 4115 βαπτίζονται.

684 4166 698 4196 ι
737 4142 1223 4212 ιοηιιιτηὸἱηιίιὶιοτ
1248 4142 1462 4210 placuit,
1483 4152 1540 4194 ut
1560 4142 1862 4210 quicunque
1885 4156 2075 4209 parvos
2099 4151 2152 4194 et

2329 4161 2347 4190 ι
2403 4141 2636 4209 Ὁμοίως
2668 4140 2884 4208 ἤρεσεν,
2915 4139 3000 4189 ἴνα
3025 4138 3378 4205 ὁστισδήποτε
3414 4137 3481 4188 τά
3516 4138 3696 4206 μικρὰ
3724 4141 3826 4190 καὶ

685 4257 700 4285 ι
730 4251 915 4289 recens
944 4246 1093 4287 natos
1117 4233 1349 4285 infantes
1376 4235 1441 4283 ab
1474 4244 1624 4285 utero
1653 4233 1838 4284 matris
1865 4231 2146 4298 baptizan-

2333 4254 2351 4287 ι
2397 4235 2716 4301 νεογέννητα
2771 4233 2834 4284 ὲκ
2888 4232 2995 4283 τῶν
3059 4231 3344 4298 γαστέρων
3393 4228 3500 4281 τῶν
3561 4230 3826 4299 μητέρων

674 4346 687 4374 ι
737 4327 829 4379 dos
855 4340 970 4378 esse
997 4331 1150 4392 negat
1175 4362 1189 4386 ,
1219 4323 1301 4374 Vel
1333 4322 1460 4374 dicit
1490 4323 1541 4374 in
1571 4323 1933 4375 remissionem
1962 4335 2154 4387 pecea-

2335 4347 2352 4377 ι
2401 4326 2770 4395 βαπτιζόμενα
2829 4326 3115 4394 ἀρνεῖται,
3176 4323 3209 4391 ἢ
3266 4322 3412 4389 λέγει
3482 4324 3561 4383 είς
3621 4324 3830 4390 ἄφεσιν

671 4438 686 4465 ς
733 4427 903 4468 torum
965 4413 1245 4480 baptizari,
1278 4428 1378 4465 non
1408 4422 1664 4465 autemex
1715 4413 1867 4480 primi
1919 4411 2153 4478 parentis

2191 4480 2221 4485 Δ
2335 4437 2351 4467 ι
2401 4417 2681 4485 ἁμαρτιῶν
2727 4413 2865 4467 αὐτὰ
2907 4414 3286 4482 βαπτίζεσθαι,
3321 4413 3489 4482 μηδὲν
3533 4411 3589 4464 δὲ
3627 4415 3693 4464 ὲκ
3725 4415 3834 4482 τῆς

677 4527 690 4554 ι
731 4507 898 4558 Adam
919 4512 1134 4572 peccato
1157 4504 1444 4571 quidquam
1461 4503 1690 4565 trahere,
1717 4501 1856 4569 quod
1875 4499 2062 4552 debeat
2082 4499 2158 4550 la-

2191 4480 2232 4534 D
2337 4527 2354 4557 (
2401 4480 2532 4558 τὰς’
2568 4504 2735 4572 Ἀδὰμ
2785 4480 2962 4555 ἕλκε-ιν
3032 4480 3704 4571 προγονικῆςήὰμαρτίας
3768 4480 3835 4555 τὸ

684 4618 699 4646 ι
739 4612 895 4650 vaero
932 4594 1345 4662 regenerationis
1394 4592 1607 4661 purgari
1646 4590 1807 4662 (unde
1837 4601 1921 4645 est
1968 4605 2156 4645 conse-

2341 4616 2357 4646 (
2404 4595 2615 4661 ὀφεῖλον
2645 4592 2986 4662 καθαρθῆναι
3041 4591 3118 4660 τῷ
3156 4591 3364 4660 λουτρῴ
3419 4591 3520 4659 τῆς
3555 4592 3839 4657 παλιγγε-

678 4708 693 4738 ι
737 4703 922 4756 quens,
941 4687 1080 4755 quod
1099 4687 1147 4737 in
1167 4686 1250 4738 his
1275 4685 1439 4737 forma
1465 4683 1794 4751 baptismatis
1817 4683 1868 4734 in
1887 4682 2158 4735 remissio-

2341 4703 2357 4734 ι
2403 4682 2581 4745 νεσίας
2615 4682 2756 4751 (ὅθεν
2783 4682 2988 4748 γίνεται
3022 4680 3310 4733 ἀκόλουθον
3343 4681 3423 4732 ὅτι
3467 4682 3526 4730 ὲν
3563 4681 3780 4742 τούτοις
3806 4681 3836 4732 6

687 4799 701 4827 ι
765 4791 881 4831 nem
907 4783 1236 4845 peccatorum
1258 4790 1357 4827 non
1388 4789 1531 4838 vera,
1553 4773 1643 4827 sed
1662 4772 1780 4826 ﬁcta
1807 4773 2155 4840 intelligitur),

2342 4794 2357 4824 ι
2404 4774 2568 4834 τύπος
2599 4774 2689 4824 τού
2736 4774 2814 4832 εἰς
2871 4771 3064 4838 ἄρεσιν
3108 4769 3392 4838 ἁμαρτιῶν
3443 4769 3837 4837 βαπτίσματος

689 4887 704 4917 ι
745 4869 815 4922 sit
857 4867 1138 4919 anathema
1176 4882 1188 4918 :
1238 4866 1486 4934 quoniam
1533 4878 1636 4916 non
1672 4863 1822 4915 aliter
1872 4862 2158 4929 intelligere

2343 4883 2358 4913 ι
2405 4865 2503 4914 οὑκ
2537 4862 2760 4930 ἀληθὴς,
2789 4860 2920 4913 ἀλλὰ
2977 4860 3208 4920 πλαστὸς
3267 4859 3514 4928 νοεῖται),
3569 4859 3836 4928 ἀνάθεμα

689 4978 704 5007 ι
747 4968 954 5026 oportet
981 4957 1119 5025 quod
1143 4957 1206 5010 ab
1232 4955 1480 5023 Apostolo
1495 4956 1694 5008 dictum
1711 4962 1843 5016 est,t
1873 4953 1970 5006 Per
1997 4969 2158 5005 unum

2344 4973 2359 5002 ι
2409 4953 2491 5020 εἴη
2520 4968 2532 4981 ’
2569 4950 2752 5019 ἐπειδὴ
2776 4953 2874 5001 οὑκ
2900 4951 3070 5011 ἄλλως
3100 4952 3182 5001 δεῖ
3211 4953 3402 5019 νοῆσαι
3443 4951 3502 5003 τὸ
3533 4953 3838 5020 είρημένον

689 5066 705 5095 ι
751 5049 1012 5100 hominem
1046 5045 1602 5114 peccatumiintroivit
1652 5046 1704 5098 in
1764 5043 2060 5107 mundum,
2115 5053 2158 5096 el

2345 5060 2362 5092 ι
2407 5043 2481 5109 τῷ
2522 5039 2847 5107 Ἀποστόλῳ,
2887 5057 2903 5089 ι
2939 5040 3016 5090 Δι’
3052 5040 3168 5100 ἑνὸς
3192 5028 3485 5108 ανθρώπου
3508 5042 3540 5108 ἠ
3576 5042 3834 5109 ἁμαρτία

686 5159 702 5188 ι
743 5153 832 5204 per
864 5149 1138 5205 peccatum
1168 5151 1331 5201 mors,
1372 5146 1423 5191 et
1456 5137 1532 5190 sic
1587 5137 1637 5189 in
1683 5151 1869 5190 omnes
1924 5136 2158 5188 homines

2348 5150 2363 5180 I
2410 5130 2656 5198 εἰσῆλθεν
2685 5130 2762 5189 εἰς
2800 5129 2890 5179 τὸν
2923 5129 3148 5197 κόσμον,
3175 5132 3267 5180 καὶ
3296 5131 3382 5181 διὰ
3426 5129 3524 5198 τῆς
3548 5130 3836 5198 ἁμαρτίας

702 5248 716 5278 ι
758 5228 1012 5296 pervasit,
1044 5228 1096 5281 in
1127 5244 1232 5296 quo
1270 5243 1453 5283 omnes
1491 5235 1844 5296 peccaverunt
1880 5226 1967 5278 ἰι
2010 5244 2026 5276 ι
2064 5225 2158 5279 nisi

2167 5270 2168 5275 η
2346 5243 2362 5273 ι
2407 5225 2435 5274 ὁ
2490 5222 2735 5284 θάνατος,
2787 5221 2877 5271 καὶ
2910 5220 3082 5281 οὓτως
3129 5222 3207 5280 εἰς
3261 5221 3470 5282 πάντας
3502 5221 3836 5291 ἀνθρώπους

701 5409 744 5438 ⁵⁸
781 5407 937 5461 Rom.
975 5422 1026 5472 γ,
1061 5407 1146 5459 ιν.

1827 5519 2011 5579 Guill.
2045 5516 2359 5592 Beveregii
2402 5522 2592 5576 nota).

630 5649 758 5702 rint.
788 5645 1134 5698 Massaliauos
1165 5651 1338 5696 autem
1374 5641 1626 5694 Euchitas
1663 5639 1834 5692 dictos
1857 5653 1975 5691 esse
2034 5636 2158 5687 llar-

2275 5653 2451 5705 μενον,
2487 5636 2911 5705 Εὐχίταςᾼδηλοῖο
2949 5634 3082 5686 πολῦ
3108 5635 3216 5703 γάρ
3251 5635 3378 5702 παρ’
3394 5635 3596 5705 αὐτοῖς
3648 5633 3835 5704 τὸτῆς

634 5717 952 5781 menopulus
984 5714 1142 5765 etiam
1188 5710 1800 5781 tradidit,etArationem
1835 5707 2159 5781 _|_iis‘verhis
2269 5702 2430 5774 εὐχῆς
2459 5702 2651 5774 ὄνομα.
2686 5702 3011 5771 llarinenop.
3037 5705 3103 5757 de
3136 5702 3269 5757 sect.
3303 5720 3352 5757 c.
3384 5702 3471 5757 18.

633 5775 903 5849 ι·υι]ἀίι’,’1’ὺ
930 5783 983 5834 δὲ
1011 5783 1116 5836 τῶν
1173 5779 1564 5834 Μασσαλιανών
1603 5778 1768 5846 ὄνομα
1832 5775 2158 5844 ἐξελληνιςό-
