4012 6440
246 303 333 368 369
1205 318 1285 377 IN
1323 316 1486 377 CAN.
1523 317 1712 376 cxut
1755 315 1956 378 conc.
1999 317 2364 377 caurum.

3294 317 3396 380 370

303 432 320 462 ι
360 414 590 484 διῆλθεν,
614 418 670 471 ἐν
698 411 742 486 ᾧ
771 420 965 483 πάντες
992 423 1260 491 ἥμαρτον,
1283 424 1330 474 εἰ
1360 422 1435 492 μὴ
1461 421 1519 474 δν
1550 422 1745 491 τρόπον

1929 440 1947 471 ι
1983 421 2426 491 quemadmodum
2452 421 2711 479 catholica
2738 422 2970 479 Ecclesia
2996 462 3012 487 ,
3036 438 3154 493 quae
3201 423 3395 492 ubique

302 519 318 551 ι
356 504 674 575 ἡκαθολικὴ
725 509 1012 578 Ἐκκλησία
1052 514 1083 580 ἡ
1127 512 1397 581 πανταχοῦ
1429 511 1754 580 διακεχυμέ-

302 610 319 641 ι
359 611 420 663 νη
447 613 507 648 τε
537 599 628 650 καὶ
660 599 951 670 ήπλωμένη
982 602 1069 654 ἀεὶ
1112 604 1349 671 ἐνόησεν.
1372 604 1470 657 Διά
1514 603 1623 671 γὰρ
1670 605 1758 655 τδν

297 702 315 733 ι
351 689 544 739 κανόνα
590 687 776 740 τοῦτον
815 690 916 759 τῆς
968 692 1201 754 πίστεως
1247 693 1339 744 καὶ
1365 692 1413 745 οί
1470 693 1676 760 μικροὶ,
1707 694 1755 745 οί

298 793 315 823 ι
358 775 517 842 μηδὲν
543 778 949 848 ἁμαρτημάτων
979 783 1059 844 είς
1091 783 1311 845 ἑαυτοὺς
1335 782 1413 834 ἔτι
1440 783 1546 851 μὴν
1570 783 1754 851 πλημ-

296 883 311 911 ι
354 864 530 930 μελετν
562 866 865 933 δυνάμενοι,
902 871 981 933 είς
1016 871 1207 935 ἄφεσιν
1253 869 1537 939 ἁμαρτιῶν
1562 871 1753 940 ἀληθιο

293 971 309 1000 ι
348 952 449 1014 νῶς
500 954 853 1023 βαπτίζονται
878 974 893 990 ·
936 960 1022 1013 ῖνα
1054 959 1317 1029 καθαρθῇε
1353 963 1409 1013 ὲν
1444 962 1624 1023 αὐτοῖς
1668 959 1754 1013 διά

292 1059 307 1089 ⁸
348 1041 442 1109 τῆς
490 1043 929 1111 παλιγγενεσίας.
961 1050 1097 1117 ὅπερ
1128 1049 1385 1103 εἵλκυσαν
1419 1052 1483 1102 ὲκ
1511 1050 1608 1117 τῆς
1651 1048 1751 1116 ἀρ-

290 1148 308 1179 ι
347 1134 669 1197 χαιογονίας.
708 1154 727 1185 ι

289 1221 467 1273 ΒΔΛΣ.
503 1224 595 1275 καὶ
628 1226 780 1280 ΖΩΝ.
812 1227 1032 1295 Ἐλεγόν
1065 1245 1206 1290 τινες
1235 1230 1303 1282 τά
1344 1228 1536 1296 νεογνά
1564 1226 1750 1279 παιδία

227 1307 290 1378 μὴ
326 1310 399 1372 εἷς
433 1312 626 1380 ἄφεσιν
685 1315 964 1385 ἁμαρτιῶν
1016 1317 1406 1385 βαπτίζεσθαι·
1461 1319 1598 1387 μηδὲ
1646 1318 1750 1386 γὰρ

222 1396 349 1463 ἔχειν
378 1400 517 1452 αὐτὰ
551 1403 845 1471 ἁμαρτίας,
882 1407 999 1459 ἐπεὶ
1039 1408 1173 1476 μηδὲ
1224 1408 1529 1475 πεφύκασιν
1557 1410 1744 1478 ἀμαρ-

222 1490 398 1553 τὰνειν,
433 1489 514 1543 ἔτι
559 1494 633 1561 μὴ
665 1492 854 1562 ἔχοντα
878 1496 1147 1565 διάκρισιν
1183 1496 1275 1550 τοῦ
1318 1496 1485 1550 καλοῦ
1520 1499 1613 1551 καὶ
1655 1496 1748 1549 τοῦ

220 1580 455 1645 χείρονος.
511 1581 680 1634 Τοῦτο
746 1578 839 1635 οῦν
889 1584 1218 1653 ἀπαγορεύει
1272 1589 1305 1654 ἡ
1369 1587 1605 1649 σύνοδος,
1657 1587 1749 1638 καὶ

219 1662 328 1728 τοὺς
360 1670 686 1737 φρονοῦντας
730 1670 890 1735 οὕτω,
924 1675 1020 1725 καὶ
1047 1673 1303 1741 λέγοντας
1350 1675 1422 1744 μή
1469 1692 1521 1727 τι
1557 1677 1619 1726 ἐκ
1651 1675 1750 1741 τῆς

1941 530 1958 561 ι
1995 510 2183 564 diﬂ'usa
2214 520 2295 565 est
2319 519 2373 563 et
2394 510 2615 580 simplex
2643 550 2659 578 ,
2692 527 2901 581 semper
2943 513 3221 568 intellexit.
3266 512 3397 568 Pro-

1942 619 1959 650 ι
1992 609 2109 664 pter
2130 599 2270 652 hanc
2297 599 2435 652 enim
2480 599 2598 654 11άεί
2629 602 2860 671 regulam
2888 601 3129 657 infantes
3163 616 3394 671 quoque,

1939 707 1955 738 ι
1994 688 2082 755 qui
2120 688 2319 741 nullum
2353 704 2418 743 ex
2448 704 2506 745 se
2524 699 2797 759 peccatum
2839 692 3174 747 committere
3213 701 3396 761 potue-

1938 796 1956 825 ‹
1996 785 2138 839 runt,
2172 791 2296 831 vere
2325 778 2377 830 in
2425 790 2761 844 peccatorum
2817 779 3180 834 remissionem
3228 780 3399 848 baptio

1945 883 1963 915 ι
1996 874 2208 931 zantur,
2268 874 2326 919 ut
2376 882 2469 936 per
2521 868 3003 936 regenerationem-
3040 865 3091 918 in
3146 868 3223 919 eis
3275 882 3397 921 rere

1933 973 1951 1005 ι
1983 956 2285 1021 mundetur,
2320 955 2458 1023 quod
2513 954 2579 1008 ab
2626 954 2838 1009 antiqua
2877 954 3082 1023 origine
3116 964 3397 1010 contraxe-

1933 1062 1950 1093 ι
1996 1054 2135 1099 runt.
2184 1064 2201 1096 ι

1925 1218 2119 1273 BALS.
2150 1229 2202 1273 et
2231 1219 2476 1274 ZONAR.
2509 1222 2758 1275 Dicebant
2783 1223 2995 1288 quidam
3024 1261 3038 1285 ,
3074 1238 3260 1276 recens
3302 1238 3399 1275 ητις

1858 1317 1938 1360 tos
1973 1307 2205 1362 infantes
2232 1309 2284 1361 in
2320 1308 2684 1364 remissionem
2712 1319 3052 1378 peccatorum
3085 1324 3191 1363 non
3225 1312 3399 1378 bapti-

1855 1398 1967 1450 zari
2000 1414 2014 1452 :
2048 1412 2140 1452 eos
2163 1398 2304 1452 enim
2336 1413 2438 1453 non
2467 1399 2663 1454 habere
2694 1410 2965 1468 peccatum
2990 1439 3004 1462 ,
3037 1414 3154 1452 cum
3188 1414 3278 1468 per
3301 1416 3397 1452 na-

1859 1498 2031 1541 turam
2054 1490 2230 1543 adhuc
2260 1503 2481 1556 pereare
2510 1506 2617 1545 non
2647 1490 2870 1560 possint,
2905 1500 2964 1544 ut
2991 1493 3078 1560 qui
3129 1491 3320 1545 bonum
3347 1500 3400 1544 et

1856 1577 2049 1632 malum
2078 1577 2382 1632 discernere
2406 1589 2694 1648 nequeant.
2718 1576 2835 1635 'Iloc
2862 1595 2987 1648 ergo
3014 1579 3260 1648 prohibet
3305 1596 3394 1647 sy-

1856 1669 2046 1732 nodus,
2074 1675 2127 1722 et
2150 1682 2262 1731 eos,
2288 1670 2377 1737 qui
2406 1669 2477 1723 ita
2507 1671 2762 1732 sentiunt,
2807 1679 2861 1723 et
2900 1671 3081 1723 dicunt
3126 1670 3240 1724 illos
3266 1708 3281 1732 ,
3309 1672 3396 1737 qui

219 1756 298 1810 τοῦ
334 1756 499 1823 Ἀδὰμ
524 1761 853 1827 προγονικῆς
892 1739 1165 1829 ἁμαρτίας
1194 1739 1507 1831 ἐφέλκεσθαι
1535 1766 1660 1826 τοὺς
1689 1739 1745 1828 ἐξ

1849 1760 1915 1811 ab
1937 1761 2052 1827 ipso
2087 1760 2492 1823 descenderunt.
2520 1761 2648 1815 nihil
2678 1776 2741 1815 ex
2773 1761 2926 1829 primi
2956 1760 3193 1829 parentis
3230 1763 3395 1812 Adam

217 1846 422 1909 ἐκείνου,
449 1846 594 1900 ὥστε
642 1850 958 1917 καθάρσεως
992 1852 1205 1906 δέεσθαι
1253 1854 1350 1921 τῆς
1394 1856 1456 1906 ὲκ
1485 1856 1575 1907 τοῦ
1604 1857 1747 1907 θείου

218 1934 417 2004 λουτροῦ
459 1936 557 1990 τοῦ
602 1938 975 2007 βαπτίσματος
1022 1941 1089 1993 τὰ
1132 1943 1341 2007 παιδία,
1384 1946 1749 2010 ποιεῖταιὺπὸ

215 2021 461 2092 ἀνάθεμα,
492 2025 731 2094 λεγουσα
779 2028 862 2080 ὅτι
903 2028 965 2080 ὲκ
994 2029 1182 2082 τούτου
1211 2031 1498 2085 ἀκολουθεῖ
1519 2033 1579 2085 τὸ
1606 2034 1745 2086 νοεῖο

217 2108 342 2175 σθαι,
373 2112 446 2172 ὡς
482 2112 511 2164 δ
543 2113 713 2176 τύπος
745 2114 836 2167 τοῦ
866 2118 943 2178 εἰς
972 2116 1165 2186 ἄφεσιν
1197 2120 1478 2187 ἁμαρτιῶν
1555 2120 1749 2187 βαπτί-

222 2217 407 2267 σματος
439 2203 542 2257 οὐκ
598 2205 804 2274 ἀληθής
852 2209 1016 2272 ἔστιν,
1076 2207 1207 2262 ἀλλά
1235 2209 1636 2280 πεπλασμένος,
1691 2214 1748 2263 ἐν

216 2291 400 2355 τούτοις
419 2296 532 2357 τοῖς
559 2299 795 2365 νεογνοῖς
824 2298 1045 2367 δηλαδή.
1062 2295 1193 2352 Εἶτα
1224 2302 1318 2354 καὶ
1344 2301 1742 2365 κατασκευάζει

1849 1857 2066 1915 peccato
2097 1849 2332 1912 trahere,
2360 1857 2417 1903 ut
2477 1848 2714 1903 infantes
2778 1864 2841 1904 ex
2908 1856 3095 1904 sancto
3148 1848 3395 1916 baptismi

1850 1937 2061 1991 lavacro
2086 1938 2427 1992 mundatione
2455 1953 2588 2006 opus
2637 1940 2887 2002 habeant,
2912 1939 3236 1995 anathemati
3268 1940 3397 1993 sul:-

1842 2026 1980 2096 jieit,
2009 2027 2211 2091 dicens,
2232 2030 2375 2098 quod
2401 2043 2463 2083 ex
2494 2031 2595 2085 hoc
2619 2045 2954 2100 consequens
2972 2040 3057 2086 est
3076 2031 3391 2099 intelligere,

1845 2118 1986 2186 quod
2012 2117 2180 2172 forma
2215 2119 2552 2188 baptismatis
2573 2120 2624 2173 in
2656 2121 3026 2174 remissionem
3055 2127 3390 2188 peccatorum

1847 2219 1949 2258 non
1984 2216 2066 2260 est
2097 2220 2246 2272 vera,
2278 2208 2370 2261 sed
2409 2207 2554 2269 (icta.
2585 2208 2637 2261 in
2689 2207 2773 2261 his
2822 2208 3027 2261 scilicet
3083 2207 3394 2263 infantibus.

1847 2293 2045 2349 Deinde
2075 2313 2225 2351 suam
2258 2312 2467 2366 quoque
2495 2299 2755 2352 rationem
2793 2298 3097 2362 conﬁrmat,
3121 2311 3184 2351 ex
3207 2313 3395 2365 magno

214 2379 290 2430 τὸν
317 2383 509 2436 οἰκεῖον
539 2385 717 2453 λόγον,
752 2388 977 2456 χρήσεις
1026 2390 1090 2441 ὲκ
1135 2389 1226 2441 τοῦ
1262 2391 1496 2458 μεγάλου
1530 2392 1741 2446 Παύλου

1849 2384 2010 2440 Paulo
2044 2389 2357 2441 sententiam
2403 2388 2692 2463 adducens.
2741 2391 3015 2454 Quomodo
3067 2389 3247 2452 enim,
3313 2388 3394 2440 in-

216 2472 536 2537 παράτουσα,
591 2476 715 2539 Πῶς
761 2477 891 2546 γὰρ,
943 2481 1128 2545 φησὶν,
1177 2481 1350 2544 ἄλλως
1394 2485 1608 2550 νοητὲον
1661 2484 1741 2544 τὸ,

213 2562 278 2613 Δι’
299 2562 428 2628 ἐνὸς
458 2564 778 2632 ἀνθρώπου
829 2568 1113 2634 εἰσῆλθεν
1154 2572 1192 2638 ἡ
1237 2572 1492 2638 ἁμαρτία
1520 2575 1607 2638 εὶς
1639 2574 1744 2625 τὸν

213 2652 436 2719 κόσμον,
467 2654 573 2707 καὶ
617 2655 715 2709 διὰ
772 2656 882 2721 τῆς
928 2659 1213 2725 ἁμαρτίας
1260 2663 1293 2714 δ
1344 2661 1615 2727 θάνατος,
1646 2665 1742 2717 καὶ

211 2742 375 2808 οὕτως
396 2747 480 2811 εις
509 2747 741 2811 πάντας
767 2748 1110 2816 ἀνθρώπους
1139 2751 1402 2819 διῆλθεν.
1426 2754 1495 2806 ἐν
1523 2748 1571 2821 ᾧ
1600 2758 1745 2807 πᾶν·

210 2851 292 2899 τες
311 2836 576 2902 ἥμαρτον
606 2840 656 2889 εί
688 2839 760 2907 μὴ
789 2838 863 2900 ὡς
887 2840 1071 2908 ἐνόησε
1091 2842 1246 2894 τοῦτο
1279 2843 1309 2910 ἡ
1334 2842 1590 2914 καθολικὴ
1628 2846 1743 2897 Ἑκ-

210 2924 402 2990 κλησία,
434 2926 466 2994 ή
498 2925 778 2994 πανταχοῦ
803 2928 1162 2996 δίακεχυμένη
1207 2948 1265 2982 τε
1294 2932 1386 2984 καὶ
1419 2933 1740 3003 ἠπλωμένη,

1849 2478 1980 2545 quit,
2014 2477 2167 2531 aliter
2206 2485 2290 2532 est
2319 2478 2737 2546 intelligendum,
2785 2480 2925 2544 quod
2976 2487 3247 2546 peccatum
3306 2494 3393 2544 pet

1847 2584 2006 2620 unum
2031 2567 2285 2620 hominem
2315 2569 2605 2638 ingressum
2631 2577 2704 2622 est
2735 2570 2786 2622 in
2817 2570 3155 2633 mundum,“
3179 2585 3395 2638 perpac-

1845 2667 2016 2711 cutum
2042 2673 2201 2721 more,
2232 2671 2280 2714 et
2311 2659 2385 2712 sic
2412 2663 2470 2715 in
2500 2674 2671 2712 ontnes
2703 2660 2930 2713 homines
2951 2661 3194 2726 pervenit,
3218 2660 3270 2712 in
3297 2677 3395 2728 φη»

1846 2765 2018 2802 omnes
2053 2758 2426 2817 peccaverunt,
2463 2751 2561 2804 nisi
2594 2749 3037 2818 quemadmodum
3098 2751 3202 2804 hoc
3241 2749 3396 2802 intel-

1844 2838 1977 2894 lexit
2023 2840 2284 2894 catholica
2340 2843 2599 2906 Ecclesia,
2633 2856 2751 2908 qum
2778 2841 2970 2908 ubique
3002 2840 3188 2894 uillosa
3236 2823 3317 2892 est
3341 2851 3395 2892 et

1845 2928 2091 2997 simplex,
2119 2930 2169 2981 in
2214 2940 2325 2984 toto
2369 2931 2577 2986 scilicet
2626 2930 2824 2986 mundo
2867 2933 3104 2998 dispersa
3162 2928 3390 2982 fidelium

209 3011 352 3077 ἦγουν
379 3016 409 3083 ἡ
438 3016 497 3067 ὲν
522 3014 631 3083 ὅλῳ
660 3016 737 3083 τῷ
782 3016 968 3086 κόσμῳ
999 3018 1369 3090 ὲσκεδασμένη
1403 3020 1609 3091 πληθὺς
1634 3024 1741 3076 τῶν
1769 3055 1812 3110 c
1845 3015 2175 3071 ιιιυιιίιυάοἳ

206 3104 411 3169 πιστῶνς

205 3193 403 3246 ΑΡΙΣΤ.
469 3213 487 3246 ι
541 3194 603 3248 Ὀ
649 3195 717 3248 τὰ
746 3197 934 3262 νεογνά
997 3199 1090 3251 καὶ
1147 3199 1514 3269 βαπτιζόμενα
1568 3203 1744 3268 λέγων

266 3298 284 3331 ι
326 3283 487 3349 μηδὲν
511 3283 695 3336 ἕλκειν
729 3285 792 3336 ὲκ
836 3286 931 3354 τῆς
956 3285 1048 3338 τοῦ
1090 3287 1260 3356 Ἀδὰμ
1286 3290 1562 3360 ἀμαρτίας
1594 3292 1743 3361 ὁιρεῖ·

258 3392 275 3424 ι
315 3373 398 3426 λον
420 3374 763 3441 καθαρθῆναι
793 3373 867 3443 τῷ
904 3375 1257 3444 βαπτίσματι,
1294 3362 1563 3449 ὲπάρατος
1588 3399 1601 3413 ο
1655 3385 1743 3437 διὰ

262 3484 279 3514 ι
318 3466 419 3533 γὰρ
468 3464 565 3517 τοῦ
621 3464 741 3527 ἐνὸς
786 3466 878 3518 καὶ
911 3467 939 3520 ὀ
970 3465 1201 3532 θάνατος
1254 3471 1346 3524 καὶ
1406 3473 1437 3543 ἡ
1494 3473 1738 3545 ἁμαρτία

258 3572 274 3605 ι
313 3555 674 3626 παγκὸσμιος.
719 3574 738 3609 ι

742 3648 977 3702 ΚΔΝΩΝ
1003 3648 1146 3704 PII".

208 3756 224 3789 ι
258 3738 369 3792 Ὀτι
395 3740 428 3808 ἡ
459 3739 555 3792 τοῦ
587 3737 728 3792 Θεοῦ
752 3738 911 3807 χάρις
940 3740 1001 3792 οὐ
1032 3741 1194 3809 μόνον
1221 3742 1415 3810 ἄφεσιν
1456 3750 1736 3815 χαρίζεται

265 3844 282 3875 ι
320 3825 623 3895 ἁμαρτιῶν,
649 3825 789 3878 ἀλλά
818 3827 912 3878 καὶ
941 3827 1192 3897 βοήθειαν
1245 3831 1473 3901 παρέχει
1504 3833 1597 3886 τοῦ
1633 3852 1739 3904 μη-

258 3934 275 3967 ι
315 3918 427 3970 κέτι
454 3915 815 3986 ἁμαρτάνειν.
857 3915 1086 3987 Ὁμοίως
1118 3920 1336 3990 ἠρεσεν,
1370 3923 1460 3975 ἵνα
1488 3926 1732 3996 ὁστισδη-

264 4024 281 4055 ι
318 4023 442 4059 ποτε
478 4007 628 4059 είποι
659 4004 761 4074 τὴν
783 4006 944 4074 χάριν
983 4008 1077 4061 τοῦ
1099 4008 1233 4063 Θεοῦ
1262 4027 1403 4082 ῃτινι
1428 4013 1734 4067 δικαιοῦται

261 4113 276 4143 ι
313 4094 395 4147 διὰ
437 4094 619 4164 Ἰησοῦ
669 4093 907 4163 Χριστοῦ
962 4096 1057 4149 τοῦ
1114 4100 1317 4167 Κυρίου
1373 4102 1551 4169 ἡμῶν,
1599 4105 1735 4173 πρὸς

253 4201 269 4233 ι
316 4185 478 4255 μόνην
503 4185 705 4252 ἄφεσιν
760 4186 1039 4254 ἁμαρτιῶν
1095 4189 1303 4257 ἰσχύειν
1354 4192 1462 4243 τῶν
1505 4193 1606 4263 ἤδη
1636 4212 1734 4248 πε-

255 4290 271 4321 ι
309 4274 811 4343 πλημμελημένων,
835 4277 930 4327 καὶ
963 4276 1036 4347 μὴ
1067 4279 1330 4348 παρέχειν
1360 4280 1439 4334 ἔτι
1472 4283 1577 4351 μὴν
1609 4283 1734 4353 βοή-

1844 3196 2065 3252 ARIST.
2106 3215 2125 3249 ι
2164 3198 2261 3266 Qui
2285 3199 2512 3254 infantes
2565 3214 2752 3254 recens
2787 3208 2943 3253 natos
2986 3210 3039 3253 et
3095 3197 3393 3265 baptizatos

1921 3305 1940 3338 ‹
1978 3287 2108 3340 nihil
2143 3304 2205 3341 ex
2238 3288 2423 3341 Adami
2454 3298 2670 3356 peccato
2700 3291 2909 3342 trahere
2934 3328 2949 3351 ,
2991 3288 3133 3354 quod
3192 3290 3391 3353 baptis-

1919 3396 1938 3427 ι
1977 3387 2116 3431 male
2147 3378 2387 3431 mundari
2419 3378 2595 3438 debet,
2622 3379 2832 3442 asserit,
2864 3378 3230 3433 cxseerandus
3262 3387 3343 3430 est
3376 3394 3389 3429 :

1916 3484 1933 3514 ι
1975 3480 2070 3535 per
2097 3482 2257 3520 unum
2285 3467 2427 3519 enim
2454 3474 2507 3521 et
2530 3481 2676 3521 mors
2695 3476 2749 3522 et
2768 3476 3042 3537 peccatum
3075 3469 3381 3527 universum

1916 3575 1936 3609 ι
1969 3559 2222 3613 mundum
2255 3557 2472 3613 invasit.
2523 3577 2541 3609 ι

2401 3647 2629 3705 CANON
2652 3647 2833 3702 CXIII.

1848 3752 1866 3784 ι
1904 3735 2054 3800 Quod
2081 3735 2169 3789 Dei
2206 3736 2374 3803 gratia
2406 3750 2510 3789 non
2537 3737 2712 3790 solum
2743 3737 2967 3804 largitur
3019 3739 3389 3794 remissionem

1917 3842 1933 3873 ι
1975 3832 2339 3891 peccatorum,
2364 3824 2455 3877 sed
2487 3826 2646 3879 etiam
2677 3828 2877 3895 praebet
2900 3827 3176 3895 auxilium,
3202 3838 3259 3883 ut
3287 3845 3389 3884 non

1914 3932 1933 3965 ι
1967 3914 2196 3985 amplius
2227 3924 2495 3980 peccetur.
2531 3915 2787 3971 Similiter
2813 3918 3033 3987 placuit,
3081 3928 3138 3972 ut
3163 3922 3390 3988 quicum

1914 4023 1932 4055 ι
1968 4018 2072 4072 que
2098 4005 2296 4059 dixerit
2331 4004 2422 4057 Dei
2454 4005 2701 4072 gratiam,
2736 4022 2837 4075 qua
2877 4008 3200 4075 justiticatur
3228 4010 3391 4064 homo

1915 4113 1933 4146 ι
1966 4109 2060 4164 per
2084 4093 2265 4149 Jesum
2299 4094 2567 4150 Christum
2604 4097 2878 4151 Dominum
2909 4110 3147 4153 nosmtm
3173 4139 3188 4164 ,
3214 4102 3390 4156 valere

1913 4205 1929 4237 ι
1966 4186 2033 4240 ad
2065 4187 2231 4240 solam
2253 4186 2363 4254 jam
2396 4188 2803 4248 commissorum
2826 4199 3164 4257 peccatorum
3195 4194 3385 4246 remis-

1912 4293 1929 4324 ι
1970 4274 2198 4338 sionem,
2236 4284 2288 4329 et
2317 4289 2419 4330 non
2457 4276 2695 4344 praebere
2720 4287 2977 4344 prmterea
3008 4280 3287 4344 auxilium,
3333 4290 3393 4336 ttt

255 4389 271 4412 ι
312 4364 455 4419 θιιαν
479 4365 620 4435 πρὸς
646 4364 707 4416 τὸ
732 4364 807 4433 μὴ
831 4365 994 4434 ἕτερα
1016 4368 1471 4437 πλημμελεῖσθαι,
1488 4374 1735 4443 ἀνάθεμα

1916 4384 1932 4417 ι
1978 4381 2079 4419 ηοη
2111 4366 2359 4435 deinceps
2385 4377 2654 4436 peccetur,
2683 4370 2755 4422 sit
2786 4371 3090 4424 anathema.
3119 4372 3267 4435 Quod
3302 4371 3387 4423 1).ιί

248 4469 265 4501 ι
302 4455 401 4523 εῖη.
439 4455 564 4508 Ὅτι
625 4456 660 4523 ἠ
713 4455 869 4524 χάρις
916 4457 1007 4509 τοῦ
1034 4458 1165 4511 Θεοῦ
1211 4458 1271 4510 οὐ
1322 4459 1479 4528 μόνον
1532 4463 1732 4529 γνῶσιν

250 4561 264 4591 ι
304 4546 547 4613 παρέχει,
582 4536 662 4597 ὧν
711 4545 794 4596 δεῖ
849 4548 1126 4614 πράττειν,
1174 4548 1308 4601 ἀλλά
1363 4552 1455 4603 καὶ
1513 4551 1733 4623 ἀγάπην

253 4652 269 4680 ι
310 4634 383 4687 ἔτι
425 4637 535 4706 μὴν
562 4638 797 4705 ιμπνέει
833 4636 983 4706 ἡμῖν,
1018 4638 1105 4690 ἵνα
1150 4639 1178 4691 δ
1230 4642 1323 4693 ἐὰν
1352 4642 1728 4710 ἐπιγινώσκω-

250 4741 265 4773 ι
302 4742 412 4790 μεν,
448 4727 545 4780 καὶ
578 4726 870 4797 πληρῶσαι
906 4728 1234 4798 ἰσχύσωμεν.
1280 4732 1513 4800 Ὁμοίως
1542 4736 1725 4787 ὁστισ-

249 4833 264 4860 ι
303 4814 494 4883 δήποτε
550 4819 701 4869 είποι
760 4816 858 4886 τὴν
907 4819 1078 4889 αὐτὴν
1108 4821 1267 4888 χάριν
1317 4822 1409 4874 τοῦ
1442 4822 1601 4887 Θεοῦ,
1629 4826 1726 4894 τὴν

251 4923 265 4951 ι
305 4904 386 4957 διὸ.
430 4906 613 4977 Ἰησοῦ
650 4906 885 4975 Χριστοῦ
920 4908 1013 4960 τοῦ
1048 4910 1253 4979 Κυρίου
1282 4911 1458 4978 ἡμῶν,
1492 4915 1571 4975 είς
1602 4914 1729 4966 τοῦ-

252 5010 266 5039 ι
294 5005 358 5047 το
392 4995 552 5064 μόνον
577 4998 713 5065 ἡμῖν
745 4994 979 5064 βοηθεῖν,
1008 4999 1144 5067 πρὸς
1171 5000 1231 5051 τὸ
1259 4999 1331 5068 μὴ
1368 5001 1725 5070 ἁμαρτάνειν,

253 5100 267 5132 ι
302 5084 376 5137 ὃτι
401 5086 485 5138 διὰ
518 5086 732 5152 ταύτης
765 5088 898 5153 ἡμῖν
928 5088 1371 5147 ἀποκαλύπτεται
1424 5093 1517 5143 καὶ
1568 5110 1725 5159 φανε-

255 5172 488 5241 ιροῦται
548 5177 583 5243 ὴ
645 5175 849 5241 γνῶσις
907 5178 1015 5230 τῶν
1068 5178 1517 5247 ἁμαρτημάτων,
1585 5182 1724 5235 ὥστε

249 5281 262 5309 ι
299 5264 581 5325 γινώσκειν
614 5263 651 5318 ἃ.
684 5265 767 5316 δεῖ
789 5267 1089 5336 ἐπιζητεῖν,
1124 5268 1287 5323 καὶᾶ
1316 5272 1398 5322 δεῖ
1432 5272 1724 5336 ἐκκλίνειν,

252 5354 353 5404 toi:
382 5355 486 5425 μὴν
533 5354 605 5407 δι’
640 5354 813 5423 αὐτῆς
860 5357 990 5424 ἡμῖν
1047 5359 1404 5428 παρέχεσθαι,
1448 5361 1535 5414 ἵνα
1586 5363 1724 5431 ὅπερ

255 5458 270 5488 ι
306 5442 512 5512 γνῶμεν
551 5445 833 5507 ποιητέον,
863 5448 953 5499 καὶ
992 5448 1218 5517 ποιῆσαι
1247 5449 1324 5503 ἔτι
1360 5452 1465 5523 μὴν
1506 5452 1725 5520 ἀγαπή.

253 5549 268 5580 ι
307 5548 478 5602 σωμεν
522 5534 622 5587 καὶ
663 5534 994 5607 ἰσχύσωμεν,
1024 5540 1271 5610 ἀνάθεμα
1327 5543 1431 5613 εἴη.
1466 5541 1571 5594 Τοῦ
1609 5543 1716 5613 γὰρ

249 5645 321 5699 ⁸³1
360 5649 479 5703 (ζον.
506 5665 627 5712 VIII,
667 5649 721 5704 9..

1917 4476 1934 4506 ι
1971 4456 2139 4525 gratia
2173 4472 2275 4510 non
2326 4459 2524 4525 praebet
2572 4459 2742 4513 solam
2797 4461 3151 4528 cognitlonem
3204 4476 3388 4514 eorum

1913 4560 1931 4593 ι
1968 4556 2085 4610 qua!
2117 4553 2327 4611 oportet
2358 4543 2533 4599 facere
2559 4585 2574 4610 ,
2604 4547 2699 4601 sed
2737 4547 3075 4601 dilectionem
3128 4560 3384 4616 praeterea

1913 4651 1931 4682 ι
1968 4633 2118 4688 nobis
2146 4636 2396 4704 inspirat,
2427 4647 2482 4689 ut
2509 4638 2649 4705 quod
2676 4638 3067 4707 cognoscimus,
3096 4639 3253 4692 etiam
3288 4640 3387 4690 im-

1910 4740 1928 4772 ι
1971 4722 2113 4791 plere
2159 4725 2453 4779 valeamus.
2487 4724 2746 4779 Similiter
2774 4766 2789 4789 ,
2842 4728 3144 4795 quicunque
3196 4728 3389 4782 dixerit

1906 4831 1924 4861 ι
1959 4815 2197 4866 eamdem
2227 4813 2317 4867 Dei
2353 4816 2600 4883 gratiam,
2622 4831 2740 4884 quae
2774 4827 2855 4871 est
2877 4833 2969 4885 per
3001 4816 3182 4872 Jcsum
3219 4818 3380 4873 Chri-

1905 4922 1920 4950 ι
1956 4910 2095 4954 stum
2128 4901 2411 4956 Dominum
2464 4914 2730 4970 nostrum,
2780 4906 2845 4958 ad
2908 4906 3008 4959 hoc
3060 4906 3232 4961 solum
3291 4924 3386 4960 nos

1902 5011 1919 5041 ι
1961 4992 2233 5060 adjuvare,
2268 5010 2333 5047 ne
2366 5008 2667 5060 peccemus,
2700 4997 2825 5064 quia
2861 5011 2954 5065 per
2978 5010 3095 5051 eam
3119 4997 3385 5052 revelatur

1900 5100 1921 5131 ι
1959 5082 2110 5136 nobis
2136 5090 2191 5136 et
2223 5083 2592 5138 manifestatur
2615 5088 2849 5153 cognitio
2881 5088 3109 5155 peccati,
3152 5099 3203 5142 ut
3240 5090 3379 5144 scia-

1904 5191 1923 5223 ι
1955 5188 2071 5227 mus
2095 5190 2213 5243 qua:
2234 5175 2397 5242 qumri
2428 5186 2481 5230 et
2501 5191 2619 5244 quae
2641 5178 2797 5231 vitari
2819 5187 3061 5247 operteat
3092 5195 3106 5231 :
3149 5195 3257 5234 non
3287 5194 3381 5233 au-

1904 5282 1921 5314 ι
1964 5273 2184 5331 temper
2211 5278 2327 5317 eam
2372 5267 2635 5331 praeberi,
2670 5270 2894 5338 utquod
2942 5268 3243 5325 faciendum
3285 5286 3382 5325 co-

1904 5374 1921 5406 ι
1958 5358 2258 5423 gnovimus,
2285 5356 2444 5409 etiam
2481 5356 2660 5413 facere
2686 5360 2970 5428 diligamus
3002 5369 3055 5415 et
3087 5360 3377 5427 valeamus,

1902 5466 1918 5495 ι
1955 5448 2023 5499 sit
2055 5446 2356 5501 anathema.
2380 5446 2511 5501 Cum
2539 5450 2679 5502 enim
2702 5450 2826 5503 dicit
2848 5451 3128 5526 Appsmlns
3159 5449 3377 5505 :Scien-

1905 5552 1920 5586 ι
1963 5538 2034 5588 tia
2088 5536 2274 5604 inﬂat,
2318 5538 2545 5591 rltan'les
2594 5550 2763 5595 autcm
2812 5542 3038 5609 mli/ica!
3077 5544 3120 5575 "
3159 5561 3174 5612 ;
3217 5541 3376 5614 647
