4012 6448
477 267 578 328 371

557 484 576 514 ι
617 466 822 520 nandos
853 465 1051 520 habere
1081 483 1174 521 nos
1209 467 1298 520 Dei
1333 468 1558 537 gratiam
1592 508 1606 531 ,
1645 468 1708 519 ad
1737 470 2047 523 :cdiﬁcatio-

558 577 573 605 ι
621 573 738 611 nem
778 567 953 611 autem
988 574 1091 613 non
1127 559 1324 612 habere
1354 576 1367 622 ;
1396 561 1611 626 quando
1644 568 1929 628 utrumque
1967 570 2050 613 est

557 667 574 697 ι
613 651 809 702 donum
861 649 953 701 Dei
987 690 1000 713 ,
1029 658 1081 704 et
1109 649 1248 704 seire
1275 650 1400 716 quid
1445 648 1623 702 facere
1672 656 1916 717 oporteat
1946 689 1960 713 ,
1997 660 2051 703 et

558 756 575 786 ι
615 752 797 790 amare
832 739 1026 791 bonum
1055 740 1194 807 quod
1245 739 1421 790 iacere
1461 745 1710 804 oportet,
1764 747 1821 790 ut
1875 737 2048 790 chari-

553 848 571 878 ι
607 838 714 881 tate
760 828 1056 882 aediﬁcante
1090 869 1103 884 .
1152 827 1378 882 scientia
1451 826 1634 880 inﬂare
1691 843 1794 880 non
1851 827 2044 880 valeat.

557 941 574 971 ι
613 921 1074 986 Quemadmodum
1103 921 1244 975 enim
1292 921 1356 973 de
1396 919 1503 972 Deo
1525 920 1784 985 scriptum
1808 929 1911 984 est,
1947 918 2050 982 Qui

555 1029 573 1062 ι
606 1013 751 1066 docet
807 1012 1069 1064 hominem
1124 1012 1395 1064 scientiam
1428 1010 1472 1043 ⁵³
1523 1024 1537 1061 :
1597 1010 1674 1062 sic
1705 1011 1864 1061 etiam
1914 1008 2049 1061 scii-

552 1122 570 1152 ι
603 1113 748 1170 ptum
775 1115 879 1166 est,
905 1102 1154 1156 Charitas
1180 1118 1242 1154 ea:
1272 1101 1379 1154 Deo
1413 1117 1486 1153 est
1519 1101 1583 1156 “.
1619 1119 1638 1151 ι

545 1377 738 1431 ιιιις.
779 1387 832 1431 et
864 1374 1116 1430 ZONAR.
1151 1374 1392 1429 Gratiam
1433 1389 1553 1442 quae
1593 1371 1749 1425 nobis
1787 1371 1837 1423 iu
1870 1371 2046 1438 bapti-

475 1476 648 1522 smate
703 1482 799 1536 per
854 1467 1138 1524 Dominum
1206 1473 1452 1518 nostrum
1510 1461 1695 1517 Jesum
1761 1461 2044 1515 Christum

476 1560 875 1627 suppeditatur,
906 1559 1185 1613 credimus
1220 1574 1320 1612 non
1356 1557 1530 1612 solum
1584 1557 1716 1610 dare
1765 1556 1920 1608 nobis
1958 1569 2046 1607 re-

473 1655 788 1710 missionem
841 1661 1186 1720 peccatorum
1227 1650 1335 1720 jam
1372 1649 1673 1711 factorum,
1734 1650 1828 1701 sed
1879 1648 2044 1700 etiam

1725 267 2002 327 THEOD.
2039 270 2264 329 BALSA
2279 271 2438 329 MUN

559 393 575 423 ι
617 374 769 428 Valde
807 373 1022 444 impium
1051 384 1133 428 est
1159 374 1403 429 credere.
1459 375 1521 428 ad
1568 391 1663 428 nos
1694 376 1910 444 quidem
1963 380 2044 432 in-
2079 385 2120 435 Α

3622 273 3731 332 3T3

2217 401 2235 432 ι
2289 381 2608 434 Ἀποστόλου
2651 381 2939 448 λέγοντος,
2993 383 3067 434 “Il
3112 381 3336 448 γνῶσις
3385 383 3636 449 φυσιοῖ,
3687 381 3726 445 ἡ

2229 489 2246 519 ι
2290 470 2489 535 ἀγάπη
2518 468 2834 537 οἰκοδομεῖ,
2875 469 3070 530 ἀσεϐὲς
3116 471 3256 522 πάνυ
3291 470 3414 522 ἐστὶ
3442 468 3733 522 πιστεύειν

2228 579 2244 609 ι
2288 561 2422 628 πρὸς
2455 561 2554 626 μὲν
2589 560 2646 612 τὸ
2675 558 2903 626 φυσιοῦν
2932 561 3078 630 ἡμᾶς
3111 561 3262 628 ἱχειν
3288 563 3390 629 τὴν
3437 560 3604 628 χάριν
3633 560 3734 610 τοῦ

2219 671 2236 702 ι
2287 652 2444 713 Θεοῦ,
2495 652 2630 720 πρὸς
2682 652 2736 703 δὲ
2789 650 3079 720 οἰκοδομὴν
3134 654 3207 719 μὴ
3272 651 3422 720 ἔχειν
3452 667 3466 681 ⁸
3518 650 3734 703 ὁπόταν

2224 761 2244 793 ι
2288 746 2543 814 ἑκάτερον
2579 745 2750 813 δῶρόν
2796 745 2914 796 ἐστι
2951 742 3044 796 τοῦ
3076 742 3234 804 Θεοῦ,
3269 749 3362 794 καὶ
3410 741 3474 794 τὸ
3524 742 3741 793 εἰδέναι

2227 854 2242 883 ι
2293 835 2344 887 τί
2397 837 2574 886 ποιεῖν
2621 835 2722 895 δεῖ,
2760 834 2852 886 καὶ
2902 835 2963 886 τὸ
3006 835 3228 902 ἀγαπᾷν
3257 832 3318 884 τὸ
3348 831 3561 898 ἀγαθὸν
3591 832 3619 884 ὃ
3655 833 3743 883 δεῖ

2227 946 2242 975 ι
2295 930 2467 978 ποιεῖν
2495 944 2508 957 ·
2545 929 2654 990 ἵνα,
2677 928 2775 993 τῆς
2801 927 3021 994 ἀγάπης
3057 923 3475 991 οἱκοδομούσης,
3506 924 3541 990 ή
3590 923 3742 990 γνῶ-

2222 1039 2238 1067 ι
2288 1035 2370 1079 ait;
2427 1015 2654 1086 φυσιοῦν
2707 1016 2782 1087 μὴ
2817 1016 3042 1083 δυνηθῇ.
3075 1014 3292 1080 ’Ὥσπερ
3350 1013 3461 1079 γὰρ
3514 1013 3584 1063 ἐκ
3640 1011 3742 1064 τοῦ

2221 1127 2238 1158 ι
2281 1106 2417 1159 Θεοῦ
2449 1108 2774 1176 γέγραπται,
2811 1105 2875 1158 Ὀ
2905 1103 3212 1158 διδάσκων
3231 1101 3555 1167 ἄνθρωπον
3580 1102 3746 1168 τηνῶ-

2218 1219 2234 1249 ι
2275 1215 2418 1252 σιν’
2469 1197 2641 1259 οῦτως
2705 1198 2786 1249 ἔτι
2838 1196 2944 1265 μὴν
2996 1198 3348 1262 γέγραπται,
3411 1192 3474 1247 Ἡ
3529 1193 3746 1260 ἀγάπη

2224 1309 2241 1339 ι
2290 1290 2357 1341 ἐκ
2392 1289 2496 1342 τοῦ
2538 1288 2684 1342 Θεοῦ
2710 1288 2898 1341 ἐστιν.
2923 1307 2941 1336 ι

2221 1382 2414 1433 ΒᾹΛΣ.
2452 1381 2545 1432 καὶ
2584 1379 2828 1432 ΖΩΝΛΡ.
2865 1379 2972 1449 Τὴν
3006 1378 3063 1430 ἐν
3094 1378 3173 1447 τῷ
3208 1379 3348 1444 ἁγίῳ
3387 1375 3745 1446 βαπτίσματι

2149 1473 2561 1542 χορηγουμένην
2582 1474 2713 1540 ἡμῖν
2735 1472 2895 1540 χάριν
2913 1469 3000 1524 διὰ
3022 1470 3117 1525 τοῦ
3141 1469 3347 1538 Κυρίου
3368 1467 3530 1536 ἡμῶν
3555 1464 3748 1532 Ἰησοῦ

2148 1560 2386 1628 Χριστοῦ
2432 1561 2760 1630 πιστεύομεν
2808 1561 2883 1629 μὴ
2931 1566 3091 1628 μόνον
3141 1561 3337 1628 ἄφεσιν
3381 1555 3583 1611 διδόναι
3626 1556 3750 1607 τῶν

2150 1651 2555 1722 πεπραγμένων
2596 1653 2727 1720 ἡμῖν
2770 1651 3208 1720 ἁμαρτημάτων,
3254 1648 3394 1700 ἀλλὰ
3436 1649 3530 1700 καὶ
3573 1646 3751 1700 δύναο

475 1755 795 1815 potestatem
849 1759 913 1797 ne
950 1742 1180 1810 amplius
1229 1755 1534 1810 peccemus,
1601 1739 1704 1792 nisi
1757 1753 1855 1793 nos
1901 1740 2048 1807 ipsos

2189 1761 2245 1794 ιν
2275 1742 2409 1811 πρὸς
2435 1741 2493 1794 τὺ
2523 1741 2598 1811 μὴ
2628 1741 2790 1794 πάλιν
2818 1744 2964 1810 ἡμᾶς
2993 1741 3352 1810 ἁμαρτάνειν,
3383 1739 3432 1791 εί
3465 1737 3543 1808 μὴ
3571 1738 3750 1806 ἡμεῖς

476 1853 572 1905 per
602 1837 901 1891 socordiam
931 1835 1170 1903 peccatis
1217 1831 1607 1887 tradiderimus
1642 1848 1657 1885 :
1707 1844 1801 1884 eos
1839 1839 2043 1893 autem,

477 1927 568 1995 qui
602 1943 706 1981 non
741 1926 818 1980 sic
850 1924 1185 1985 existimant,
1217 1931 1270 1976 et
1316 1923 1501 1976 dicunt
1539 1930 1885 1990 peccatorum
1919 1930 2044 1986 tau-

482 2026 590 2067 tum
649 2014 1020 2069 remissionem
1079 2013 1318 2066 divinum
1379 2011 1512 2064 dare
1561 2012 1874 2073 lavacrum,
1941 2025 2044 2062 non

481 2117 659 2162 autem
712 2106 874 2160 etiam
928 2103 1187 2157 auxilium
1246 2102 1310 2154 ad
1372 2100 1648 2166 futurum,
1705 2101 2048 2153 anathemate

476 2198 912 2253 condemnarunt
951 2196 1161 2249 Patres.
1213 2193 1325 2248 Hoc
1369 2208 1583 2261 quoque
1616 2193 1864 2244 diechant
1897 2207 2002 2244 non
2026 2220 2050 2232 -

480 2290 631 2351 nulli,
663 2291 806 2356 quod
842 2287 932 2339 Dei
968 2286 1138 2354 gratia
1175 2285 1332 2338 nobis
1376 2283 1479 2337 fert
1528 2283 1786 2336 auxilium
1820 2283 1886 2336 ad
1939 2298 2046 2335 non

480 2381 836 2449 peccandum,
869 2378 988 2446 (per
1016 2393 1132 2430 eam
1178 2379 1322 2430 enim
1357 2376 1716 2444 cognitionem
1755 2375 2050 2441 accipimus

478 2488 662 2526 eorum
696 2487 812 2540 quae
847 2471 1023 2524 facere
1060 2482 1114 2524 et
1160 2469 1346 2539 fugere
1403 2468 1664 2537 Oportet),
1714 2482 1816 2520 non
1868 2475 2047 2518 autem

478 2567 640 2620 etiam
673 2567 737 2618 ad
787 2563 1211 2633 ingeneraudum
1267 2560 1482 2615 honesti
1532 2560 1861 2625 virtutisque
1920 2557 2052 2612 dile-

480 2655 735 2716 ctionem,
771 2661 831 2704 ut
861 2653 1062 2705 bonum
1091 2650 1230 2716 quod
1274 2647 1703 2717 cognoverimus.
1741 2647 1792 2698 id
1826 2655 1878 2697 et
1907 2657 2050 2697 ame-

481 2763 600 2801 mus
630 2755 682 2800 et
739 2746 919 2797 facere
953 2742 1250 2796 valeamus.
1302 2738 1408 2792 Eos
1447 2752 1597 2804 ergo.
1652 2736 1883 2804 quith
1931 2735 2048 2802 opi-

479 2849 697 2902 nantur,
748 2835 986 2906 synodus
1031 2830 1473 2894 anathematizat,
1528 2829 1715 2882 dicens
1761 2838 2052 2895 utrumque

479 2948 598 2986 esse
630 2932 828 2986 donum
863 2930 978 2995 Dei,
1015 2937 1065 2981 et
1094 2927 1374 2982 soientiam
1404 2933 1456 2978 et
1477 2923 1823 2986 charitatem;
1861 2935 2046 2989 quem-

2147 1833 2234 1886 διὰ
2275 1833 2549 1904 ῥᾳθυμίαν
2584 1833 2826 1898 ἐκδῶμεν
2869 1832 3095 1893 ἑαυτοὺς
3139 1831 3472 1901 ἁμαρτίαις’
3515 1829 3647 1890 τοὺς
3687 1828 3752 1881 δὲ

2152 1927 2225 1996 μὴ
2257 1927 2398 1979 οὕτω
2423 1926 2768 1990 δοξάζοντας,
2798 1926 2937 1976 ἀλλὰ
2969 1925 3143 1992 μόνων
3174 1923 3282 1974 τῶν
3314 1921 3752 1992 ἁμαρτημάτων

2148 2019 2408 2085 λέγοντας
2438 2016 2630 2084 ἄφεσιν
2658 2015 2857 2069 διδόναι
2885 2015 2945 2068 τὸ
2977 2015 3120 2067 Θεῖον
3152 2014 3375 2082 λουτρὸν
3394 2051 3410 2077 ,
3442 2013 3516 2081 μὴ
3550 2011 3751 2080 μέντοι

2149 2111 2247 2161 καὶ
2285 2110 2421 2178 πρὸς
2453 2109 2512 2159 τὸ
2551 2108 2742 2177 μέλλον
2782 2107 3066 2176 βοήθειαν,
3101 2106 3408 2174 ἁναΟέματι
3448 2103 3755 2157 κατεδίκα-

2152 2219 2249 2254 σαν
2275 2204 2323 2253 oi
2357 2202 2618 2268 Πατέρες.
2651 2201 2758 2253 Καὶ
2787 2199 2946 2251 τοῦτό
2976 2217 3119 2261 τινες
3151 2200 3359 2265 ἔλεγον,
3390 2199 3472 2250 ὅτι
3505 2199 3538 2265 ἡ
3573 2198 3749 2265 χάρις

2150 2291 2242 2343 τοῦ
2273 2290 2408 2344 Θεοῦ
2442 2293 2520 2351 είς
2551 2290 2708 2342 τοῦτο
2739 2290 2870 2359 ἡμῖν
2902 2288 3122 2358 βοηθεῖ,
3157 2291 3234 2348 είς
3263 2288 3326 2340 τὸ
3363 2287 3439 2356 μὴ
3471 2286 3749 2354 ἁμαρτά-

2152 2401 2264 2435 νειν
2315 2383 2406 2451 (δι’
2435 2382 2606 2449 αὐτῆς
2659 2382 2767 2450 γάρ
2817 2380 3018 2445 γνῶσιν
3069 2379 3425 2447 λαμδάνομεν
3474 2377 3597 2429 τίνα
3660 2377 3751 2428 δεῖ

2153 2475 2325 2525 ποιεῖν
2357 2472 2450 2524 καὶ
2483 2473 2596 2523 τίνα
2632 2472 2878 2537 φεύγειν)
2905 2488 2916 2502 ·
2951 2472 3010 2521 οὐ
3051 2471 3155 2539 μὴν
3187 2471 3279 2520 καὶ
3313 2471 3394 2530 είς
3424 2468 3484 2519 τὸ
3516 2468 3754 2535 ἀγάπην

2151 2562 2260 2614 τῶν
2292 2561 2468 2613 καλῶν
2499 2564 2591 2613 καὶ
2624 2560 2722 2628 τῆς
2757 2560 2964 2628 ἀρετῆς
2996 2561 3248 2627 ἐμποιεῖν
3282 2559 3448 2625 ἡμῖν,
3483 2555 3572 2606 ἵνα
3603 2555 3758 2622 ὅπερ

2151 2652 2368 2720 γνῶμεν
2401 2651 2566 2703 καλὸν
2589 2691 2602 2714 ,
2636 2649 2796 2703 τοῦτο
2831 2652 2925 2702 καὶ
2963 2650 3346 2718 ἀγαπήσωμεν
3380 2648 3474 2699 καὶ
3512 2644 3756 2712 ποιῆσαι

2155 2746 2481 2814 ἰσχύσωμεν.
2519 2745 2655 2804 Τοϋς
2695 2739 2787 2793 οῦν
2819 2743 3046 2794 τοιαῦτα
3088 2739 3416 2802 δοξάζοντας
3457 2738 3754 2805 ἀναθεμα-

2152 2836 2291 2898 τίζει
2321 2837 2351 2904 ἡ
2385 2833 2623 2899 σύνοδος,
2648 2833 2882 2900 λέγουσα
2909 2834 2990 2885 ὅτι
3020 2833 3111 2884 καὶ
3137 2832 3305 2899 ἄμφω
3334 2829 3484 2900 δῶρά
3511 2832 3620 2881 είσι
3652 2830 3754 2882 τοῦ

2153 2925 2317 2990 Θεοῦ,
2348 2926 2379 2994 ἦ
2409 2943 2465 2978 τε
2495 2926 2696 2990 γνῶσις
2725 2926 2816 2976 καὶ
2844 2927 2876 2992 ἡ
2911 2924 3100 2990 ἀγάπη
3131 2962 3143 2984 ,
3178 2921 3361 2981 καθὼς
3395 2921 3754 2988 γέγραπται,

481 3026 771 3078 admodum
828 3025 1091 3090 scriptum
1139 3032 1241 3085 ρει,
1273 3017 1376 3084 Qui
1411 3018 1556 3070 docet
1591 3015 1848 3067 hominem
1882 3012 2051 3064 scien-

2189 3023 2226 3069 Ο
2277 3016 2581 3070 διδάσκων
2626 3016 2943 3083 ἄνθρωπον
2994 3014 3241 3082 γνῶσιν.
3289 3014 3398 3064 Καὶ
3450 3012 3637 3072 πάλιν,
3683 3011 3761 3064 ἸΙ

479 3118 645 3181 tiam;
687 3125 740 3168 et
776 3129 990 3177 rursus,
1025 3112 1272 3165 Charitas
1303 3125 1366 3162 ex
1402 3108 1504 3160 Deo
1547 3117 1641 3167 est,
1686 3105 1894 3170 Alioqui
1950 3103 2048 3152 im-

480 3207 627 3273 pium
665 3215 749 3258 est
779 3204 986 3264 dicere,
1021 3202 1161 3267 quod
1217 3201 1418 3253 bonum
1478 3196 1695 3264 quidem
1744 3207 1902 3246 nosse
1955 3192 2049 3243 dat

481 3295 635 3350 nobis
676 3295 766 3349 Dei
803 3294 997 3360 gratia,
1034 3290 1356 3344 charitatem
1406 3296 1587 3340 autem
1638 3282 1758 3350 ejus
1807 3297 1912 3335 non
1947 3280 2051 3333 im-

481 3387 665 3449 mittit,
705 3401 804 3439 nee
837 3385 992 3438 nohis
1046 3384 1138 3436 dat
1191 3382 1336 3434 vires
1389 3391 1596 3446 nosque
1649 3373 1961 3436 confirmat,
1997 3381 2054 3423 ut

481 3479 682 3530 bonum
713 3477 765 3528 in
791 3473 906 3541 ejus
942 3473 1231 3526 dilectione
1267 3467 1549 3520 faciamus.
1592 3463 1759 3516 Al'l'ert
1787 3469 1965 3513 autem
2000 3465 2053 3512 ct

481 3571 534 3620 in
567 3567 694 3619 dicti
725 3566 804 3620 sui
838 3561 1309 3618 conﬁrmationem
1345 3557 1492 3627 quod
1524 3556 1654 3609 dicit
1703 3551 1997 3621 Apostolus
2035 3568 2048 3604 :

484 3658 724 3712 Scientia
777 3656 956 3721 inﬂat,
1008 3651 1243 3704 charitas
1298 3665 1418 3700 vero
1472 3646 1725 3710 a’diﬁcat.
1773 3641 2054 3708 Quomodo

483 3763 611 3815 ergo
644 3761 747 3800 non
779 3754 862 3798 cst
892 3742 1114 3809 impium
1146 3739 1349 3800 dicere,
1379 3735 1444 3787 ad
1475 3731 1769 3786 inﬂandum
1809 3730 2053 3795 quidem,

484 3855 578 3893 seu
607 3839 670 3891 ad
704 3851 895 3889 vanam
957 3829 1382 3902 ingencrandum
1433 3824 1767 3891 opinionem.
1818 3819 2054 3874 divinam

487 3931 640 3987 nobis
669 3929 897 4000 gratiam
934 3923 1182 3979 conferre
1213 3960 1229 3985 ,
1268 3919 1360 3974 sed
1397 3917 1460 3969 ad
1491 3912 1870 3969 aediﬁcandum
1923 3910 2056 3962 nihil

487 4025 612 4077 dare
645 4020 874 4073 auvilii?

485 4115 714 4171 ARIST.
770 4116 822 4167 iu
877 4111 1012 4167 Can.
1077 4110 1195 4164 112,
1251 4126 1269 4158 ι
1313 4106 1414 4170 Qui
1450 4101 1540 4155 Dei
1601 4101 1828 4170 gratiam
1889 4097 2057 4150 solam

556 4223 576 4255 ι
619 4219 831 4267 eorum,
887 4215 1004 4270 quae
1056 4201 1168 4268 jam
1230 4195 1642 4255 commisimus,
1710 4195 2053 4256 peccatorum

565 4316 583 4345 ι
629 4292 1004 4347 remissionem
1065 4286 1320 4340 exhibere
1382 4283 1674 4350 Opinatur,
1743 4294 1848 4332 non
1928 4290 2061 4330 vero

565 4404 583 4437 ι
629 4395 816 4439 contra
842 4383 1022 4436 futura
1056 4379 1315 4432 auxilium
1347 4395 1360 4430 :
1389 4375 1473 4428 bis
1498 4374 1867 4428 exsecrandus
1891 4377 1998 4423 est.
2033 4388 2049 4419 ι
2095 4392 2138 4444 ι)

487 4476 713 4533 ARIST.
748 4476 800 4529 in
842 4474 976 4528 Can.
1013 4471 1138 4524 HS.
1184 4487 1201 4518 ι
1239 4467 1342 4534 Qui
1375 4466 1527 4528 dicit,
1553 4466 1696 4532 quod
1739 4463 1830 4515 Dei
1882 4461 2060 4530 gratia

565 4589 585 4622 ι
628 4571 690 4623 ad
727 4569 829 4622 hoc
869 4573 1074 4620 tantum
1109 4562 1265 4616 nobis
1315 4559 1636 4628 opitulatur,
1692 4562 1750 4608 ut.
1801 4554 2062 4618 sciamus,

565 4683 586 4716 ι
628 4663 756 4733 quid
790 4660 973 4714 facere
1009 4664 1244 4725 oportet,
1272 4662 1325 4706 et
1357 4653 1486 4721 quid
1509 4649 1746 4717 effugere
1769 4689 1783 4712 ,
1825 4647 1920 4701 sed
1955 4663 2060 4700 non

566 4775 584 4806 ι
631 4755 793 4808 etiam
830 4760 886 4803 ut
925 4749 1204 4817 cognitum
1251 4756 1515 4804 amemus,
1569 4750 1622 4794 et
1659 4739 1922 4808 perﬁcere
1965 4754 2060 4790 va-

571 4865 588 4896 ι
633 4846 836 4898 lcamus
871 4860 885 4895 :
924 4841 996 4895 sit
1041 4838 1351 4891 anathema.
1397 4853 1419 4885 ι

1040 4926 1274 4985 (LA-NON
1331 4923 1517 4979 CXIV.

495 5047 511 5079 ι
561 5028 714 5093 Quod
760 5026 877 5080 sine
909 5024 1001 5078 Dei
1042 5023 1214 5092 gratia
1265 5019 1396 5073 nihil
1440 5030 1728 5086 possumus
1781 5014 2062 5084 perficere.

573 5135 589 5166 ι
622 5115 885 5169 Similiter
898 5113 1118 5182 placuit,
1137 5124 1194 5164 ut
1211 5112 1516 5180 quicunque
1535 5108 1753 5171 dixerit,
1781 5115 2061 5175 propterea

574 5223 590 5255 ι
634 5208 814 5257 datam
867 5217 992 5256 esse
1046 5201 1199 5255 nohis
1240 5199 1652 5266 justiﬁcationis
1705 5197 1954 5266 gratiam,
2008 5204 2066 5246 ut

576 5314 591 5345 ι
638 5295 777 5362 quod
811 5310 907 5362 per
941 5294 1168 5346 liherum
1207 5292 1492 5344 arbitrium
1543 5290 1720 5344 facere
1755 5303 2062 5355 possumus,

584 5407 599 5435 ι
646 5386 855 5440 facilius
903 5401 996 5451 per
1047 5385 1282 5452 gratiam
1334 5397 1690 5451 peragamus;
1743 5382 1965 5450 perinde
2009 5395 2070 5434 ac

583 5499 596 5527 ι
641 5479 707 5541 si,
758 5467 1006 5546 quamvis
1039 5491 1140 5528 non
1177 5476 1300 5529 data
1356 5483 1499 5528 esset
1546 5475 1742 5543 gratia,
1782 5472 2072 5526 dillicultcr

581 5662 620 5690 :3
646 5658 786 5712 [sb-a1.
834 5672 983 5722 xuii,
1035 5657 1117 5710 10.
1196 5656 1236 5680 ’ίλ
1274 5654 1470 5710 lJuan.
1512 5673 1570 5719 tt,
1627 5655 1707 5718 Ιῧ,

2153 3109 2354 3177 ἀγάπη
2400 3111 2468 3162 ἑκ
2510 3109 2614 3162 τοῦ
2656 3109 2805 3162 Θεοῦ
2846 3108 3036 3160 ἐστιν.
3076 3107 3184 3160 Καὶ
3228 3105 3400 3166 ἄλλως
3444 3103 3499 3155 δὲ
3544 3102 3760 3164 ἀσεϐές

2153 3205 2271 3254 ἐστι
2314 3205 2374 3255 τὺ
2412 3205 2591 3270 λέγειν
2631 3205 2711 3254 ὅτι
2751 3202 3041 3269 γινώσκειν
3081 3202 3178 3268 μὲν
3222 3202 3281 3251 τὸ
3324 3198 3491 3251 καλὸν
3532 3197 3758 3250 δίδωσιν

2157 3298 2285 3366 ἡμῖν
2315 3298 2346 3363 ἠ
2384 3295 2502 3346 Θεία
2537 3295 2723 3362 χάρις,
2757 3295 2977 3360 ἀγάπην
3007 3292 3064 3342 δὲ
3100 3291 3263 3343 αὑτοῦ
3301 3292 3400 3342 οὐκ
3435 3289 3758 3354 ἐντίθησιν,

2156 3386 2276 3439 οὐδὲ
2307 3387 2594 3452 ἐνδυναμοῖ
2623 3385 2768 3453 ἡμᾶς
2801 3385 2880 3445 είς
2908 3384 2966 3434 τὸ
2996 3381 3329 3450 ἐργάζεσθαι
3360 3380 3418 3431 τὸ
3451 3377 3662 3446 ἀγαθὸν
3695 3380 3759 3429 ἐν

2158 3479 2347 3548 ἀγάπῃ
2380 3477 2560 3529 αὑτοῦ.
2593 3477 2699 3528 Καὶ
2731 3475 2994 3543 προφέρει
3027 3475 3093 3524 τά
3121 3473 3458 3524 ἀποστολικά
3491 3470 3635 3536 ῥητὰ
3673 3471 3761 3531 είς

2156 3573 2254 3639 τὴν
2286 3568 2378 3620 τοῦ
2416 3569 2572 3634 λόγου
2611 3567 2992 3635 κατασκευὴν,
3027 3566 3092 3616 τά
3127 3565 3356 3629 λέγοντα
3379 3578 3392 3593 ·
3426 3562 3486 3617 Ἠ
3522 3559 3763 3628 γνῶσις

2159 3662 2385 3728 φυσιοῖ,
2416 3662 2452 3725 ἡ
2482 3659 2547 3712 δὲ
2573 3659 2774 3725 ἀγάπη
2804 3655 3119 3723 οἰκοδομεῖ.
3150 3654 3272 3716 Πῶς
3305 3649 3395 3705 οῦν
3422 3651 3521 3703 οὐκ
3553 3652 3762 3715 ἀσεϐὲς

2160 3752 2218 3803 τὸ
2247 3752 2424 3818 λέγειν
2455 3753 2586 3819 πρῖς
2621 3751 2719 3818 μὲν
2749 3749 2808 3800 τὸ
2835 3747 3064 3814 φυσιοῦν
3084 3787 3096 3807 ,
3128 3747 3297 3814 ἤγουν
3326 3744 3386 3795 τὸ
3421 3745 3602 3810 οἴησιν
3636 3743 3761 3810 ἐμ-

2162 3838 2378 3901 ποιοῦν,
2413 3839 2696 3907 συνεργεῖν
2730 3838 2861 3904 tum
2891 3836 2991 3904 τὴν
3026 3834 3174 3887 θείαν
3206 3833 3400 3903 χάριν,
3435 3830 3572 3899 πρὸς
3605 3831 3665 3883 δέ
3699 3832 3767 3882 τὸ

2161 3931 2464 3998 οἰκοδομεῖν
2498 3931 2570 3998 μὴ
2602 3930 2949 3991 ἐπικουίτεῖνς

2163 4113 2381 4168 ΑΡΙΣΤ.
2465 4129 2484 4160 ι
2524 4112 2582 4163 'O
2625 4110 2861 4174 δοξάζων
2903 4108 3003 4177 τὴν
3045 4105 3139 4157 τοῦ
3187 4104 3325 4158 Θεοῦ
3377 4105 3538 4173 χάριν
3587 4106 3768 4172 μόνην

2241 4224 2258 4255 ι
2306 4205 2496 4269 ἄφεσιν
2529 4202 2638 4254 τῶν
2671 4203 2771 4272 ἤδη
2809 4197 3364 4267 πεπλημμελημένων
3398 4195 3579 4263 ἔχειν,
3619 4196 3766 4247 ἀλλὰ

2238 4315 2256 4346 ι
2311 4295 2386 4365 μὴ
2413 4294 2509 4347 καὶ
2534 4294 2638 4346 τῶν
2667 4293 2970 4363 μελλόντων
2999 4289 3273 4360 βοήθειαν,
3301 4286 3696 4354 δισεπάρατος.
3737 4305 3758 4338 ι

2173 4465 2394 4522 ΑΡΙΣΤ.
2458 4483 2475 4514 ι
2517 4465 2573 4516 '0
2608 4462 2782 4529 λέγων
2813 4463 2897 4513 ὅτι
2931 4462 2964 4529 ἠ
3001 4458 3158 4528 χάρις
3190 4457 3282 4510 τοῦ
3322 4455 3459 4507 Θεοῦ
3495 4455 3575 4515 εἰς
3607 4454 3776 4506 τοῦτο

2250 4575 2267 4606 ι
2319 4556 2478 4624 μόνον
2510 4556 2642 4623 ἡμῖν
2676 4553 2880 4621 βοηθεῖ,
2911 4552 2971 4604 τὸ
3001 4550 3204 4602 είδὲναι
3234 4548 3288 4601 τί
3320 4547 3400 4598 δεῖ
3431 4547 3630 4606 ποιεῖν,
3671 4547 3775 4598 καὶ

2250 4667 2268 4698 ι
2315 4647 2366 4696 τί
2406 4646 2712 4698 ἐκκλίνειν·
2763 4641 2878 4695 ἀλλ’
2907 4641 3024 4710 οὐχὶ
3068 4640 3163 4692 καὶ
3203 4640 3284 4700 είς
3327 4637 3388 4690 τὸ
3430 4636 3660 4704 ἀγαπᾷν
3711 4635 3775 4687 τὸ

2249 4759 2266 4789 ι
2312 4737 2681 4804 ἐπιγνωσθὲν,
2733 4736 2825 4788 καὶ
2879 4735 3053 4786 ποιεῖν
3101 4729 3402 4794 δύνασθαι,
3454 4728 3572 4797 ἤτω
3623 4726 3772 4778 ἀνά-ο

2250 4851 2267 4880 ι
2314 4831 2473 4898 Θεμα.
2523 4847 2540 4880 ι

2755 4915 2996 4971 ΚΛΝΩΝ
3035 4912 3175 4969 ΡΙΔ’.

2180 5035 2199 5064 ι
2227 5014 2348 5065 "Ott
2376 5011 2502 5064 ἄνευ
2532 5012 2626 5078 τῆς
2655 5008 2749 5060 τοῦ
2781 5006 2918 5059 Θεοῦ
2948 5005 3166 5074 χάριτος
3195 5002 3348 5054 οὐδὲν
3374 4999 3581 5066 ἀγαθὸν
3608 4998 3774 5051 δυνά-

2253 5124 2270 5155 ι
2322 5103 2460 5168 μεοα
2487 5098 2752 5170 πληροῦν.
2783 5096 3014 5164 Ὁμοίως
3042 5094 3254 5162 ἤρεσεν.
3288 5092 3374 5142 ἵνα
3400 5089 3772 5157 ὁστισδήποτε

2255 5215 2271 5245 ι
2321 5196 2464 5247 εἴποι
2500 5193 2584 5245 διὰ
2615 5191 2772 5244 τοῦτο
2799 5189 2898 5256 τὴν
2927 5190 3086 5256 χάριν
3120 5186 3250 5254 ἡμῖν
3281 5183 3377 5249 τῆς
3411 5182 3772 5247 δικαιοσύνης

2251 5305 2265 5335 ι
2313 5283 2578 5343 δεδόσθαι,
2625 5282 2710 5333 ἵνα
2751 5281 2887 5346 ὅπερ
2927 5277 3101 5327 ποιεῖν
3142 5274 3232 5326 διὰ
3275 5271 3368 5324 τοῦ
3411 5268 3772 5333 αὑτεξουσίου

2253 5397 2269 5430 ι
2317 5374 2616 5445 δυνάμεθα,
2651 5369 3059 5441 εὐχερεστέρως
3089 5365 3389 5435 πληρῶμεν
3415 5363 3504 5415 διὰ
3535 5361 3633 5429 τῆς
3668 5360 3771 5429 χά-

2252 5489 2270 5520 ι
2322 5485 2465 5541 piro;
2494 5484 2506 5497 ο
2546 5465 2747 5517 ὡσανεὶ
2786 5464 2876 5515 καὶ
2914 5464 2961 5513 εἰ
3001 5463 3033 5530 ἡ
3075 5460 3235 5528 χάρις
3280 5457 3353 5526 μὴ
3396 5455 3632 5516 ἐδίδοτο,
3668 5451 3778 5505 οὐκ.
