  <div class='ocr_page' id='page_1' title='image "/cluster/home/n/w/nwhite01/storage/ocr_20150623/138/ien.35556001660133/198.png"; bbox 0 0 4012 6434; ppageno 0'>
   <div class='ocr_carea' id='block_1_1' title="bbox 222 291 323 351">
    <p class='ocr_par' dir='ltr' id='par_1_1' title="bbox 222 291 323 351">
     <span class='ocr_line' id='line_1_1' title="bbox 222 291 323 351; baseline -0.04 0"><span class='ocrx_word' id='word_1_1' title='bbox 222 291 323 351; x_wconf 73' lang='grc' dir='ltr'><strong>3Ἷ3</strong></span> 
     </span>
    </p>
   </div>
   <div class='ocr_carea' id='block_1_2' title="bbox 281 493 1763 562">
    <p class='ocr_par' dir='ltr' id='par_1_2' title="bbox 281 493 1763 562">
     <span class='ocr_line' id='line_1_2' title="bbox 281 493 1763 562; baseline 0.005 -18"><span class='ocrx_word' id='word_1_2' title='bbox 281 513 300 544; x_wconf 87' lang='lat'><strong>1</strong></span> <span class='ocrx_word' id='word_1_3' title='bbox 348 495 559 561; x_wconf 70' lang='grc' dir='ltr'>ἐκείνης</span> <span class='ocrx_word' id='word_1_4' title='bbox 594 493 670 545; x_wconf 80' lang='grc' dir='ltr'>ἔτι</span> <span class='ocrx_word' id='word_1_5' title='bbox 715 495 823 562; x_wconf 86' lang='grc' dir='ltr'><strong>μὴν</strong></span> <span class='ocrx_word' id='word_1_6' title='bbox 862 493 1141 561; x_wconf 85' lang='grc' dir='ltr'>πληρῶσαι</span> <span class='ocrx_word' id='word_1_7' title='bbox 1175 496 1272 556; x_wconf 75' lang='grc' dir='ltr'>τὰς</span> <span class='ocrx_word' id='word_1_8' title='bbox 1311 495 1458 556; x_wconf 78' lang='grc' dir='ltr'>θείας</span> <span class='ocrx_word' id='word_1_9' title='bbox 1515 498 1763 561; x_wconf 69' lang='grc' dir='ltr'>ἐντολάς·</span> 
     </span>
    </p>
   </div>
   <div class='ocr_carea' id='block_1_3' title="bbox 283 581 1763 657">
    <p class='ocr_par' dir='ltr' id='par_1_3' title="bbox 283 581 1763 657">
     <span class='ocr_line' id='line_1_3' title="bbox 283 581 1763 657; baseline 0.005 -24"><span class='ocrx_word' id='word_1_10' title='bbox 283 602 304 633; x_wconf 98' lang='lat'><strong>1</strong></span> <span class='ocrx_word' id='word_1_11' title='bbox 352 585 596 652; x_wconf 71' lang='grc' dir='ltr'>ἀνάθεμα</span> <span class='ocrx_word' id='word_1_12' title='bbox 628 581 732 652; x_wconf 82' lang='grc' dir='ltr'>εἴη.</span> <span class='ocrx_word' id='word_1_13' title='bbox 771 585 906 652; x_wconf 74' lang='grc' dir='ltr'>Περὶ</span> <span class='ocrx_word' id='word_1_14' title='bbox 939 585 1045 652; x_wconf 84' lang='grc' dir='ltr'>γὰρ</span> <span class='ocrx_word' id='word_1_15' title='bbox 1077 585 1185 635; x_wconf 79' lang='grc' dir='ltr'>τῶν</span> <span class='ocrx_word' id='word_1_16' title='bbox 1218 587 1444 657; x_wconf 83' lang='grc' dir='ltr'>καρπῶν</span> <span class='ocrx_word' id='word_1_17' title='bbox 1477 588 1584 639; x_wconf 83' lang='grc' dir='ltr'>τῶν</span> <span class='ocrx_word' id='word_1_18' title='bbox 1619 590 1763 641; x_wconf 73' lang='grc' dir='ltr'>ἐντο-</span> 
     </span>
    </p>
   </div>
   <div class='ocr_carea' id='block_1_4' title="bbox 283 671 1765 747">
    <p class='ocr_par' dir='ltr' id='par_1_4' title="bbox 283 671 1765 747">
     <span class='ocr_line' id='line_1_4' title="bbox 283 671 1765 747; baseline 0.003 -23"><span class='ocrx_word' id='word_1_19' title='bbox 283 692 303 724; x_wconf 91' lang='lat'><strong>1</strong></span> <span class='ocrx_word' id='word_1_20' title='bbox 348 674 458 725; x_wconf 83' lang='grc' dir='ltr'>λῶν</span> <span class='ocrx_word' id='word_1_21' title='bbox 486 677 512 725; x_wconf 84' lang='grc' dir='ltr'>ὁ</span> <span class='ocrx_word' id='word_1_22' title='bbox 541 673 739 743; x_wconf 84' lang='grc' dir='ltr'>Κύριος</span> <span class='ocrx_word' id='word_1_23' title='bbox 769 676 869 727; x_wconf 86' lang='grc' dir='ltr'><strong>ούκ</strong></span> <span class='ocrx_word' id='word_1_24' title='bbox 902 671 1052 727; x_wconf 75' lang='grc' dir='ltr'>εἶπεν</span> <span class='ocrx_word' id='word_1_25' title='bbox 1072 691 1085 706; x_wconf 76' lang='grc'><strong><em>⁵</em></strong></span> <span class='ocrx_word' id='word_1_26' title='bbox 1119 677 1299 744; x_wconf 78' lang='grc' dir='ltr'>Χωρὶς</span> <span class='ocrx_word' id='word_1_27' title='bbox 1325 677 1461 747; x_wconf 75' lang='grc' dir='ltr'>ἐμοῦ</span> <span class='ocrx_word' id='word_1_28' title='bbox 1491 678 1765 747; x_wconf 79' lang='grc' dir='ltr'><strong>δυσχερῶς</strong></span> 
     </span>
    </p>
   </div>
   <div class='ocr_carea' id='block_1_5' title="bbox 283 761 1760 834">
    <p class='ocr_par' dir='ltr' id='par_1_5' title="bbox 283 761 1760 834">
     <span class='ocr_line' id='line_1_5' title="bbox 283 761 1760 834; baseline 0.005 -22"><span class='ocrx_word' id='word_1_29' title='bbox 283 780 302 811; x_wconf 95' lang='lat'><strong>1</strong></span> <span class='ocrx_word' id='word_1_30' title='bbox 349 761 572 813; x_wconf 80' lang='grc' dir='ltr'>δύνασθε</span> <span class='ocrx_word' id='word_1_31' title='bbox 610 767 805 816; x_wconf 85' lang='grc' dir='ltr'>ποιεῖν·</span> <span class='ocrx_word' id='word_1_32' title='bbox 845 765 958 817; x_wconf 78' lang='grc' dir='ltr'>ἀλλ’</span> <span class='ocrx_word' id='word_1_33' title='bbox 984 761 1159 816; x_wconf 76' lang='grc' dir='ltr'>εἶπεν·</span> <span class='ocrx_word' id='word_1_34' title='bbox 1234 784 1252 815; x_wconf 89' lang='lat'><strong>1</strong></span> <span class='ocrx_word' id='word_1_35' title='bbox 1286 765 1464 831; x_wconf 79' lang='grc' dir='ltr'>Χωρίς</span> <span class='ocrx_word' id='word_1_36' title='bbox 1510 767 1654 834; x_wconf 78' lang='grc' dir='ltr'>ἐμοῦ</span> <span class='ocrx_word' id='word_1_37' title='bbox 1691 769 1760 819; x_wconf 78' lang='grc' dir='ltr'>οὺ</span> 
     </span>
    </p>
   </div>
   <div class='ocr_carea' id='block_1_6' title="bbox 285 853 888 907">
    <p class='ocr_par' dir='ltr' id='par_1_6' title="bbox 285 853 888 907">
     <span class='ocr_line' id='line_1_6' title="bbox 285 853 888 907; baseline 0.005 -6"><span class='ocrx_word' id='word_1_38' title='bbox 285 870 303 901; x_wconf 93' lang='lat'><strong>1</strong></span> <span class='ocrx_word' id='word_1_39' title='bbox 347 853 598 906; x_wconf 77' lang='grc' dir='ltr'><strong>δύνασθε</strong></span> <span class='ocrx_word' id='word_1_40' title='bbox 627 855 844 907; x_wconf 71' lang='grc' dir='ltr'>ποθεῖν.</span> <span class='ocrx_word' id='word_1_41' title='bbox 870 873 888 904; x_wconf 89' lang='lat'><strong>1</strong></span> 
     </span>
    </p>
   </div>
   <div class='ocr_carea' id='block_1_7' title="bbox 279 941 1764 1018">
    <p class='ocr_par' dir='ltr' id='par_1_7' title="bbox 279 941 1764 1018">
     <span class='ocr_line' id='line_1_7' title="bbox 279 941 1764 1018; baseline 0.003 -26"><span class='ocrx_word' id='word_1_42' title='bbox 279 942 472 996; x_wconf 71' lang='lat' dir='ltr'><strong>BAAE.</strong></span> <span class='ocrx_word' id='word_1_43' title='bbox 508 943 709 1010; x_wconf 76' lang='lat' dir='ltr'><strong>Mupla:</strong></span> <span class='ocrx_word' id='word_1_44' title='bbox 740 945 882 1008; x_wconf 81' lang='grc' dir='ltr'>δόξαι</span> <span class='ocrx_word' id='word_1_45' title='bbox 910 945 1336 1013; x_wconf 73' lang='grc' dir='ltr'>διεστραμμέναι</span> <span class='ocrx_word' id='word_1_46' title='bbox 1365 942 1532 1018; x_wconf 78' lang='grc' dir='ltr'>ἦσαν,</span> <span class='ocrx_word' id='word_1_47' title='bbox 1562 941 1637 1000; x_wconf 82' lang='grc' dir='ltr'>ὧν</span> <span class='ocrx_word' id='word_1_48' title='bbox 1669 947 1764 1015; x_wconf 85' lang='grc' dir='ltr'><strong>μία</strong></span> 
     </span>
    </p>
   </div>
   <div class='ocr_carea' id='block_1_8' title="bbox 211 1031 1765 1106">
    <p class='ocr_par' dir='ltr' id='par_1_8' title="bbox 211 1031 1765 1106">
     <span class='ocr_line' id='line_1_8' title="bbox 211 1031 1765 1106; baseline 0.005 -24"><span class='ocrx_word' id='word_1_49' title='bbox 211 1031 302 1083; x_wconf 79' lang='grc' dir='ltr'>καὶ</span> <span class='ocrx_word' id='word_1_50' title='bbox 333 1031 472 1100; x_wconf 84' lang='grc' dir='ltr'>αῦτη</span> <span class='ocrx_word' id='word_1_51' title='bbox 501 1033 534 1101; x_wconf 72' lang='grc' dir='ltr'><strong>ἡ</strong></span> <span class='ocrx_word' id='word_1_52' title='bbox 559 1033 791 1099; x_wconf 80' lang='grc' dir='ltr'>λέγουσα</span> <span class='ocrx_word' id='word_1_53' title='bbox 820 1037 901 1087; x_wconf 82' lang='grc' dir='ltr'><strong>ὅτι</strong></span> <span class='ocrx_word' id='word_1_54' title='bbox 931 1036 1309 1101; x_wconf 80' lang='grc' dir='ltr'>αύτεξουσὶους</span> <span class='ocrx_word' id='word_1_55' title='bbox 1337 1039 1482 1106; x_wconf 81' lang='grc' dir='ltr'>ἡμᾶς</span> <span class='ocrx_word' id='word_1_56' title='bbox 1512 1039 1765 1106; x_wconf 77' lang='grc' dir='ltr'>ἐποίησεν</span> 
     </span>
    </p>
   </div>
   <div class='ocr_carea' id='block_1_9' title="bbox 206 1124 1762 1196">
    <p class='ocr_par' dir='ltr' id='par_1_9' title="bbox 206 1124 1762 1196">
     <span class='ocr_line' id='line_1_9' title="bbox 206 1124 1762 1196; baseline 0.003 -22"><span class='ocrx_word' id='word_1_57' title='bbox 206 1126 232 1174; x_wconf 83' lang='grc' dir='ltr'><strong>ὁ</strong></span> <span class='ocrx_word' id='word_1_58' title='bbox 271 1125 422 1184; x_wconf 70' lang='grc' dir='ltr'>Θεὸς,</span> <span class='ocrx_word' id='word_1_59' title='bbox 463 1124 552 1176; x_wconf 81' lang='grc' dir='ltr'><strong>ἵνα</strong></span> <span class='ocrx_word' id='word_1_60' title='bbox 592 1125 875 1192; x_wconf 84' lang='grc' dir='ltr'>δυνώμεθα</span> <span class='ocrx_word' id='word_1_61' title='bbox 917 1128 1012 1178; x_wconf 76' lang='grc' dir='ltr'>καὶ</span> <span class='ocrx_word' id='word_1_62' title='bbox 1046 1129 1141 1195; x_wconf 79' lang='grc' dir='ltr'>τῆς</span> <span class='ocrx_word' id='word_1_63' title='bbox 1186 1129 1335 1189; x_wconf 85' lang='grc' dir='ltr'>θείας</span> <span class='ocrx_word' id='word_1_64' title='bbox 1378 1131 1597 1196; x_wconf 68' lang='grc' dir='ltr'>χαριτος</span> <span class='ocrx_word' id='word_1_65' title='bbox 1636 1131 1762 1181; x_wconf 83' lang='grc' dir='ltr'>ἄνευ</span> 
     </span>
    </p>
   </div>
   <div class='ocr_carea' id='block_1_10' title="bbox 207 1213 1766 1286">
    <p class='ocr_par' dir='ltr' id='par_1_10' title="bbox 207 1213 1766 1286">
     <span class='ocr_line' id='line_1_10' title="bbox 207 1213 1766 1286; baseline 0.005 -26"><span class='ocrx_word' id='word_1_66' title='bbox 207 1213 446 1280; x_wconf 75' lang='grc' dir='ltr'>πληροῦν</span> <span class='ocrx_word' id='word_1_67' title='bbox 469 1213 568 1274; x_wconf 84' lang='grc' dir='ltr'>τὰς</span> <span class='ocrx_word' id='word_1_68' title='bbox 600 1214 816 1276; x_wconf 81' lang='grc' dir='ltr'>ἐντολάς</span> <span class='ocrx_word' id='word_1_69' title='bbox 835 1231 849 1245; x_wconf 79' lang='grc'><strong><em>⁸</em></strong></span> <span class='ocrx_word' id='word_1_70' title='bbox 883 1216 914 1283; x_wconf 78' lang='grc' dir='ltr'>ἡ</span> <span class='ocrx_word' id='word_1_71' title='bbox 943 1216 995 1267; x_wconf 83' lang='grc' dir='ltr'>δὲ</span> <span class='ocrx_word' id='word_1_72' title='bbox 1029 1217 1146 1268; x_wconf 83' lang='grc' dir='ltr'>θεία</span> <span class='ocrx_word' id='word_1_73' title='bbox 1173 1218 1332 1285; x_wconf 85' lang='grc' dir='ltr'>χάρις</span> <span class='ocrx_word' id='word_1_74' title='bbox 1361 1219 1439 1279; x_wconf 85' lang='grc' dir='ltr'>εἰς</span> <span class='ocrx_word' id='word_1_75' title='bbox 1464 1219 1525 1268; x_wconf 68' lang='grc' dir='ltr'>τὸ</span> <span class='ocrx_word' id='word_1_76' title='bbox 1549 1217 1766 1286; x_wconf 76' lang='grc' dir='ltr'>εὐχερέ-</span> 
     </span>
    </p>
   </div>
   <div class='ocr_carea' id='block_1_11' title="bbox 206 1302 1763 1375">
    <p class='ocr_par' dir='ltr' id='par_1_11' title="bbox 206 1302 1763 1375">
     <span class='ocr_line' id='line_1_11' title="bbox 206 1302 1763 1375; baseline 0.006 -24"><span class='ocrx_word' id='word_1_77' title='bbox 206 1318 392 1368; x_wconf 85' lang='grc' dir='ltr'>στερον</span> <span class='ocrx_word' id='word_1_78' title='bbox 421 1303 590 1363; x_wconf 69' lang='grc' dir='ltr'>αὑτὰς</span> <span class='ocrx_word' id='word_1_79' title='bbox 623 1302 961 1357; x_wconf 77' lang='grc' dir='ltr'>πληροῦσθαι</span> <span class='ocrx_word' id='word_1_80' title='bbox 999 1307 1126 1375; x_wconf 79' lang='grc' dir='ltr'>παρ’</span> <span class='ocrx_word' id='word_1_81' title='bbox 1152 1307 1308 1375; x_wconf 77' lang='grc' dir='ltr'>ἡμῶν</span> <span class='ocrx_word' id='word_1_82' title='bbox 1339 1309 1501 1364; x_wconf 82' lang='grc' dir='ltr'>ποιεῖ.</span> <span class='ocrx_word' id='word_1_83' title='bbox 1537 1306 1763 1360; x_wconf 82' lang='grc' dir='ltr'>Ἠδυνά-</span> 
     </span>
    </p>
   </div>
   <div class='ocr_carea' id='block_1_12' title="bbox 208 1389 1764 1465">
    <p class='ocr_par' dir='ltr' id='par_1_12' title="bbox 208 1389 1764 1465">
     <span class='ocr_line' id='line_1_12' title="bbox 208 1389 1764 1465; baseline 0.006 -25"><span class='ocrx_word' id='word_1_84' title='bbox 208 1389 340 1456; x_wconf 86' lang='grc' dir='ltr'>μεθα</span> <span class='ocrx_word' id='word_1_85' title='bbox 385 1392 496 1458; x_wconf 78' lang='grc' dir='ltr'>γὰρ</span> <span class='ocrx_word' id='word_1_86' title='bbox 541 1394 632 1443; x_wconf 75' lang='grc' dir='ltr'>καὶ</span> <span class='ocrx_word' id='word_1_87' title='bbox 670 1393 769 1460; x_wconf 86' lang='grc' dir='ltr'>τῆς</span> <span class='ocrx_word' id='word_1_88' title='bbox 815 1394 962 1455; x_wconf 80' lang='grc' dir='ltr'>θείας</span> <span class='ocrx_word' id='word_1_89' title='bbox 1007 1396 1224 1464; x_wconf 85' lang='grc' dir='ltr'>χάριτος</span> <span class='ocrx_word' id='word_1_90' title='bbox 1274 1395 1347 1465; x_wconf 79' lang='grc' dir='ltr'>μὴ</span> <span class='ocrx_word' id='word_1_91' title='bbox 1395 1396 1764 1465; x_wconf 79' lang='grc' dir='ltr'><strong>συνεργούσης</strong></span> 
     </span>
    </p>
   </div>
   <div class='ocr_carea' id='block_1_13' title="bbox 208 1479 1762 1551">
    <p class='ocr_par' dir='ltr' id='par_1_13' title="bbox 208 1479 1762 1551">
     <span class='ocr_line' id='line_1_13' title="bbox 208 1479 1762 1551; baseline 0.006 -23"><span class='ocrx_word' id='word_1_92' title='bbox 208 1479 445 1548; x_wconf 75' lang='grc' dir='ltr'>πληροῦν</span> <span class='ocrx_word' id='word_1_93' title='bbox 478 1480 700 1543; x_wconf 81' lang='grc' dir='ltr'>ταύτας,</span> <span class='ocrx_word' id='word_1_94' title='bbox 737 1483 1159 1551; x_wconf 78' lang='grc' dir='ltr'>δυσχερέστερον</span> <span class='ocrx_word' id='word_1_95' title='bbox 1192 1485 1268 1538; x_wconf 84' lang='grc' dir='ltr'><strong>δέ.</strong></span> <span class='ocrx_word' id='word_1_96' title='bbox 1307 1486 1430 1548; x_wconf 71' lang='grc' dir='ltr'>Τοῖς</span> <span class='ocrx_word' id='word_1_97' title='bbox 1465 1485 1558 1539; x_wconf 81' lang='grc' dir='ltr'><strong>οὖν</strong></span> <span class='ocrx_word' id='word_1_98' title='bbox 1589 1487 1762 1538; x_wconf 85' lang='grc' dir='ltr'>ταῦτα</span> 
     </span>
    </p>
   </div>
   <div class='ocr_carea' id='block_1_14' title="bbox 204 1568 1281 1643">
    <p class='ocr_par' dir='ltr' id='par_1_14' title="bbox 204 1568 1281 1643">
     <span class='ocr_line' id='line_1_14' title="bbox 204 1568 1281 1643; baseline 0.01 -26"><span class='ocrx_word' id='word_1_99' title='bbox 204 1568 450 1635; x_wconf 76' lang='grc' dir='ltr'>λέγουσιν</span> <span class='ocrx_word' id='word_1_100' title='bbox 479 1572 728 1641; x_wconf 74' lang='grc' dir='ltr'>ἀνάθεμα</span> <span class='ocrx_word' id='word_1_101' title='bbox 758 1573 952 1640; x_wconf 74' lang='grc' dir='ltr'>ἐπάγει</span> <span class='ocrx_word' id='word_1_102' title='bbox 981 1576 1012 1643; x_wconf 80' lang='grc' dir='ltr'><strong>ὴ</strong></span> <span class='ocrx_word' id='word_1_103' title='bbox 1046 1575 1281 1637; x_wconf 82' lang='grc' dir='ltr'>σύνοδος.</span> 
     </span>
    </p>
   </div>
   <div class='ocr_carea' id='block_1_15' title="bbox 269 1746 1764 1824">
    <p class='ocr_par' dir='ltr' id='par_1_15' title="bbox 269 1746 1764 1824">
     <span class='ocr_line' id='line_1_15' title="bbox 269 1746 1764 1824; baseline 0.006 -27"><span class='ocrx_word' id='word_1_104' title='bbox 269 1746 518 1800; x_wconf 76' lang='grc' dir='ltr'><strong>ΖΩΝΑΡ.</strong></span> <span class='ocrx_word' id='word_1_105' title='bbox 563 1749 768 1818; x_wconf 86' lang='grc' dir='ltr'>Μυρίαι</span> <span class='ocrx_word' id='word_1_106' title='bbox 813 1750 958 1815; x_wconf 81' lang='grc' dir='ltr'>δόξαι</span> <span class='ocrx_word' id='word_1_107' title='bbox 1006 1750 1434 1820; x_wconf 85' lang='grc' dir='ltr'>διεστραμμέναι</span> <span class='ocrx_word' id='word_1_108' title='bbox 1476 1749 1644 1824; x_wconf 76' lang='grc' dir='ltr'>ἦσαν,</span> <span class='ocrx_word' id='word_1_109' title='bbox 1691 1747 1764 1806; x_wconf 79' lang='grc' dir='ltr'><strong>ὧν</strong></span> 
     </span>
    </p>
   </div>
   <div class='ocr_carea' id='block_1_16' title="bbox 209 1837 1768 1916">
    <p class='ocr_par' dir='ltr' id='par_1_16' title="bbox 209 1837 1768 1916">
     <span class='ocr_line' id='line_1_16' title="bbox 209 1837 1768 1916; baseline 0.008 -28"><span class='ocrx_word' id='word_1_110' title='bbox 209 1837 302 1903; x_wconf 84' lang='grc' dir='ltr'><strong>μία</strong></span> <span class='ocrx_word' id='word_1_111' title='bbox 354 1839 451 1891; x_wconf 77' lang='grc' dir='ltr'>καὶ</span> <span class='ocrx_word' id='word_1_112' title='bbox 501 1839 640 1908; x_wconf 85' lang='grc' dir='ltr'>αῦτη</span> <span class='ocrx_word' id='word_1_113' title='bbox 694 1842 728 1908; x_wconf 83' lang='grc' dir='ltr'>ἠ</span> <span class='ocrx_word' id='word_1_114' title='bbox 784 1840 1012 1906; x_wconf 82' lang='grc' dir='ltr'>λέγουσα</span> <span class='ocrx_word' id='word_1_115' title='bbox 1060 1844 1140 1895; x_wconf 85' lang='grc' dir='ltr'>ὅτι</span> <span class='ocrx_word' id='word_1_116' title='bbox 1191 1844 1568 1910; x_wconf 73' lang='grc' dir='ltr'><strong>αὐτεξουσίως</strong></span> <span class='ocrx_word' id='word_1_117' title='bbox 1617 1848 1768 1916; x_wconf 78' lang='grc' dir='ltr'>ἡμᾶς</span> 
     </span>
    </p>
   </div>
   <div class='ocr_carea' id='block_1_17' title="bbox 203 1927 1764 2006">
    <p class='ocr_par' dir='ltr' id='par_1_17' title="bbox 203 1927 1764 2006">
     <span class='ocr_line' id='line_1_17' title="bbox 203 1927 1764 2006; baseline 0.008 -29"><span class='ocrx_word' id='word_1_118' title='bbox 203 1927 451 1996; x_wconf 79' lang='grc' dir='ltr'>ἐποίησεν</span> <span class='ocrx_word' id='word_1_119' title='bbox 485 1929 513 1979; x_wconf 83' lang='grc' dir='ltr'><strong>ὀ</strong></span> <span class='ocrx_word' id='word_1_120' title='bbox 544 1929 697 1992; x_wconf 81' lang='grc' dir='ltr'>Θεὸς,</span> <span class='ocrx_word' id='word_1_121' title='bbox 735 1931 822 1982; x_wconf 73' lang='grc' dir='ltr'>ἳνα</span> <span class='ocrx_word' id='word_1_122' title='bbox 853 1930 1131 1998; x_wconf 81' lang='grc' dir='ltr'>δυνώμεθα</span> <span class='ocrx_word' id='word_1_123' title='bbox 1166 1934 1259 1986; x_wconf 82' lang='grc' dir='ltr'>καὶ</span> <span class='ocrx_word' id='word_1_124' title='bbox 1290 1935 1384 2003; x_wconf 84' lang='grc' dir='ltr'>τῆς</span> <span class='ocrx_word' id='word_1_125' title='bbox 1421 1930 1569 1998; x_wconf 77' lang='grc' dir='ltr'>Θείας</span> <span class='ocrx_word' id='word_1_126' title='bbox 1603 1936 1764 2006; x_wconf 81' lang='grc' dir='ltr'>χάρι-</span> 
     </span>
    </p>
   </div>
   <div class='ocr_carea' id='block_1_18' title="bbox 202 2017 1765 2090">
    <p class='ocr_par' dir='ltr' id='par_1_18' title="bbox 202 2017 1765 2090">
     <span class='ocr_line' id='line_1_18' title="bbox 202 2017 1765 2090; baseline 0.007 -26"><span class='ocrx_word' id='word_1_127' title='bbox 202 2032 285 2076; x_wconf 84' lang='grc' dir='ltr'><strong>τος</strong></span> <span class='ocrx_word' id='word_1_128' title='bbox 321 2017 448 2068; x_wconf 76' lang='grc' dir='ltr'>ἄνευ</span> <span class='ocrx_word' id='word_1_129' title='bbox 487 2017 725 2085; x_wconf 79' lang='grc' dir='ltr'>πληροῦν</span> <span class='ocrx_word' id='word_1_130' title='bbox 755 2019 853 2080; x_wconf 83' lang='grc' dir='ltr'>τὰς</span> <span class='ocrx_word' id='word_1_131' title='bbox 886 2019 1118 2082; x_wconf 79' lang='grc' dir='ltr'>ἐντολάς.</span> <span class='ocrx_word' id='word_1_132' title='bbox 1155 2019 1219 2072; x_wconf 82' lang='grc' dir='ltr'><strong>Ἦ</strong></span> <span class='ocrx_word' id='word_1_133' title='bbox 1252 2020 1308 2072; x_wconf 69' lang='grc' dir='ltr'>δὲ</span> <span class='ocrx_word' id='word_1_134' title='bbox 1345 2020 1462 2073; x_wconf 88' lang='grc' dir='ltr'>θεία</span> <span class='ocrx_word' id='word_1_135' title='bbox 1497 2022 1654 2090; x_wconf 87' lang='grc' dir='ltr'>χάρις</span> <span class='ocrx_word' id='word_1_136' title='bbox 1685 2024 1765 2086; x_wconf 85' lang='grc' dir='ltr'><strong>είς</strong></span> 
     </span>
    </p>
   </div>
   <div class='ocr_carea' id='block_1_19' title="bbox 202 2106 1764 2180">
    <p class='ocr_par' dir='ltr' id='par_1_19' title="bbox 202 2106 1764 2180">
     <span class='ocr_line' id='line_1_19' title="bbox 202 2106 1764 2180; baseline 0.006 -26"><span class='ocrx_word' id='word_1_137' title='bbox 202 2107 258 2157; x_wconf 67' lang='grc' dir='ltr'>τὸ</span> <span class='ocrx_word' id='word_1_138' title='bbox 281 2106 666 2176; x_wconf 76' lang='grc' dir='ltr'><strong>εὐχερέστερον</strong></span> <span class='ocrx_word' id='word_1_139' title='bbox 692 2109 860 2170; x_wconf 74' lang='grc' dir='ltr'>αὑτὰς</span> <span class='ocrx_word' id='word_1_140' title='bbox 886 2109 1217 2176; x_wconf 87' lang='grc' dir='ltr'>πληροῦσθαι</span> <span class='ocrx_word' id='word_1_141' title='bbox 1244 2109 1374 2178; x_wconf 83' lang='grc' dir='ltr'>παρ’</span> <span class='ocrx_word' id='word_1_142' title='bbox 1397 2111 1552 2180; x_wconf 76' lang='grc' dir='ltr'>ἡμῶν</span> <span class='ocrx_word' id='word_1_143' title='bbox 1578 2128 1764 2178; x_wconf 81' lang='grc' dir='ltr'>συνερ-</span> 
     </span>
    </p>
   </div>
   <div class='ocr_carea' id='block_1_20' title="bbox 203 2196 1766 2269">
    <p class='ocr_par' dir='ltr' id='par_1_20' title="bbox 203 2196 1766 2269">
     <span class='ocr_line' id='line_1_20' title="bbox 203 2196 1766 2269; baseline 0.004 -23"><span class='ocrx_word' id='word_1_144' title='bbox 203 2199 300 2262; x_wconf 74' lang='grc' dir='ltr'>γεῖ.</span> <span class='ocrx_word' id='word_1_145' title='bbox 331 2196 671 2265; x_wconf 84' lang='grc' dir='ltr'>Ἠδυνάμεθα</span> <span class='ocrx_word' id='word_1_146' title='bbox 696 2197 804 2266; x_wconf 79' lang='grc' dir='ltr'>γὰρ</span> <span class='ocrx_word' id='word_1_147' title='bbox 828 2199 916 2249; x_wconf 75' lang='grc' dir='ltr'><strong>καὶ</strong></span> <span class='ocrx_word' id='word_1_148' title='bbox 938 2198 1032 2266; x_wconf 84' lang='grc' dir='ltr'>τῆς</span> <span class='ocrx_word' id='word_1_149' title='bbox 1057 2198 1206 2260; x_wconf 89' lang='grc' dir='ltr'>θείας</span> <span class='ocrx_word' id='word_1_150' title='bbox 1231 2199 1449 2267; x_wconf 81' lang='grc' dir='ltr'>χάριτος</span> <span class='ocrx_word' id='word_1_151' title='bbox 1479 2199 1552 2269; x_wconf 80' lang='grc' dir='ltr'>μὴ</span> <span class='ocrx_word' id='word_1_152' title='bbox 1578 2216 1766 2268; x_wconf 84' lang='grc' dir='ltr'>συνερ-</span> 
     </span>
    </p>
   </div>
   <div class='ocr_carea' id='block_1_21' title="bbox 205 2285 1764 2358">
    <p class='ocr_par' dir='ltr' id='par_1_21' title="bbox 205 2285 1764 2358">
     <span class='ocr_line' id='line_1_21' title="bbox 205 2285 1764 2358; baseline 0.003 -20"><span class='ocrx_word' id='word_1_153' title='bbox 205 2285 399 2355; x_wconf 81' lang='grc' dir='ltr'>γούσης</span> <span class='ocrx_word' id='word_1_154' title='bbox 433 2287 675 2355; x_wconf 78' lang='grc' dir='ltr'>πληροῦν</span> <span class='ocrx_word' id='word_1_155' title='bbox 707 2287 925 2353; x_wconf 86' lang='grc' dir='ltr'>ταύτας,</span> <span class='ocrx_word' id='word_1_156' title='bbox 959 2289 1376 2358; x_wconf 81' lang='grc' dir='ltr'>δυσχερέστερον</span> <span class='ocrx_word' id='word_1_157' title='bbox 1406 2290 1484 2342; x_wconf 87' lang='grc' dir='ltr'><strong>δέ.</strong></span> <span class='ocrx_word' id='word_1_158' title='bbox 1517 2290 1640 2353; x_wconf 82' lang='grc' dir='ltr'>Τοῖς</span> <span class='ocrx_word' id='word_1_159' title='bbox 1671 2285 1764 2343; x_wconf 80' lang='grc' dir='ltr'><strong>οὖν</strong></span> 
     </span>
    </p>
   </div>
   <div class='ocr_carea' id='block_1_22' title="bbox 204 2373 1764 2445">
    <p class='ocr_par' dir='ltr' id='par_1_22' title="bbox 204 2373 1764 2445">
     <span class='ocr_line' id='line_1_22' title="bbox 204 2373 1764 2445; baseline 0.002 -20"><span class='ocrx_word' id='word_1_160' title='bbox 204 2373 366 2426; x_wconf 81' lang='grc' dir='ltr'>ταῦτα</span> <span class='ocrx_word' id='word_1_161' title='bbox 399 2375 649 2440; x_wconf 72' lang='grc' dir='ltr'>λέγουσιν</span> <span class='ocrx_word' id='word_1_162' title='bbox 683 2374 928 2442; x_wconf 78' lang='grc' dir='ltr'><strong>ἀνάθεμα</strong></span> <span class='ocrx_word' id='word_1_163' title='bbox 962 2375 1153 2442; x_wconf 69' lang='grc' dir='ltr'>ἐπάγει</span> <span class='ocrx_word' id='word_1_164' title='bbox 1183 2377 1216 2445; x_wconf 76' lang='grc' dir='ltr'><strong>ἡ</strong></span> <span class='ocrx_word' id='word_1_165' title='bbox 1255 2375 1496 2440; x_wconf 81' lang='grc' dir='ltr'>σύνοδος,</span> <span class='ocrx_word' id='word_1_166' title='bbox 1534 2376 1764 2442; x_wconf 80' lang='grc' dir='ltr'>λέγουσα</span> 
     </span>
    </p>
   </div>
   <div class='ocr_carea' id='block_1_23' title="bbox 203 2459 1766 2536">
    <p class='ocr_par' dir='ltr' id='par_1_23' title="bbox 203 2459 1766 2536">
     <span class='ocr_line' id='line_1_23' title="bbox 203 2459 1766 2536; baseline 0.002 -23"><span class='ocrx_word' id='word_1_167' title='bbox 203 2466 258 2514; x_wconf 82' lang='grc' dir='ltr'><strong>τὸ</strong></span> <span class='ocrx_word' id='word_1_168' title='bbox 286 2464 391 2515; x_wconf 75' lang='grc' dir='ltr'>πᾶν</span> <span class='ocrx_word' id='word_1_169' title='bbox 417 2463 515 2531; x_wconf 78' lang='grc' dir='ltr'>τῆς</span> <span class='ocrx_word' id='word_1_170' title='bbox 542 2463 692 2525; x_wconf 87' lang='grc' dir='ltr'>θείας</span> <span class='ocrx_word' id='word_1_171' title='bbox 719 2465 935 2531; x_wconf 82' lang='grc' dir='ltr'>χάριτος</span> <span class='ocrx_word' id='word_1_172' title='bbox 963 2459 1121 2527; x_wconf 75' lang='grc' dir='ltr'>εἶναι,</span> <span class='ocrx_word' id='word_1_173' title='bbox 1148 2463 1243 2516; x_wconf 75' lang='grc' dir='ltr'><strong>καὶ</strong></span> <span class='ocrx_word' id='word_1_174' title='bbox 1268 2466 1396 2518; x_wconf 77' lang='grc' dir='ltr'>ἄνευ</span> <span class='ocrx_word' id='word_1_175' title='bbox 1423 2465 1635 2532; x_wconf 77' lang='grc' dir='ltr'>ἐκείνης</span> <span class='ocrx_word' id='word_1_176' title='bbox 1662 2481 1766 2536; x_wconf 81' lang='grc' dir='ltr'>μη-</span> 
     </span>
    </p>
   </div>
   <div class='ocr_carea' id='block_1_24' title="bbox 198 2552 1762 2624">
    <p class='ocr_par' dir='ltr' id='par_1_24' title="bbox 198 2552 1762 2624">
     <span class='ocr_line' id='line_1_24' title="bbox 198 2552 1762 2624; baseline 0.001 -19"><span class='ocrx_word' id='word_1_177' title='bbox 198 2555 281 2606; x_wconf 70' lang='grc' dir='ltr'>δὲν</span> <span class='ocrx_word' id='word_1_178' title='bbox 307 2557 338 2621; x_wconf 72' lang='grc' dir='ltr'>ἡ</span> <span class='ocrx_word' id='word_1_179' title='bbox 350 2555 454 2622; x_wconf 81' lang='grc' dir='ltr'><strong>μᾶς</strong></span> <span class='ocrx_word' id='word_1_180' title='bbox 489 2552 804 2623; x_wconf 78' lang='grc' dir='ltr'>κατορθοῦν.</span> <span class='ocrx_word' id='word_1_181' title='bbox 833 2555 990 2622; x_wconf 74' lang='grc' dir='ltr'>Φέρει</span> <span class='ocrx_word' id='word_1_182' title='bbox 1024 2555 1080 2606; x_wconf 84' lang='grc' dir='ltr'>δὲ</span> <span class='ocrx_word' id='word_1_183' title='bbox 1119 2555 1207 2607; x_wconf 79' lang='grc' dir='ltr'>καὶ</span> <span class='ocrx_word' id='word_1_184' title='bbox 1245 2558 1548 2624; x_wconf 87' lang='grc' dir='ltr'>μαρτυρίαν</span> <span class='ocrx_word' id='word_1_185' title='bbox 1577 2556 1641 2608; x_wconf 81' lang='grc' dir='ltr'>ὲκ</span> <span class='ocrx_word' id='word_1_186' title='bbox 1669 2556 1762 2609; x_wconf 86' lang='grc' dir='ltr'><strong>τοῦ</strong></span> 
     </span>
    </p>
   </div>
   <div class='ocr_carea' id='block_1_25' title="bbox 205 2645 1765 2714">
    <p class='ocr_par' dir='ltr' id='par_1_25' title="bbox 205 2645 1765 2714">
     <span class='ocr_line' id='line_1_25' title="bbox 205 2645 1765 2714; baseline 0.001 -18"><span class='ocrx_word' id='word_1_187' title='bbox 205 2647 424 2712; x_wconf 84' lang='grc' dir='ltr'>Κυρίου,</span> <span class='ocrx_word' id='word_1_188' title='bbox 459 2645 729 2713; x_wconf 85' lang='grc' dir='ltr'>λέγοντος,</span> <span class='ocrx_word' id='word_1_189' title='bbox 767 2647 952 2711; x_wconf 75' lang='grc' dir='ltr'>Χωρὶς</span> <span class='ocrx_word' id='word_1_190' title='bbox 986 2646 1132 2714; x_wconf 85' lang='grc' dir='ltr'><strong>ἐμοῦ</strong></span> <span class='ocrx_word' id='word_1_191' title='bbox 1165 2650 1236 2700; x_wconf 87' lang='grc' dir='ltr'>οὐ</span> <span class='ocrx_word' id='word_1_192' title='bbox 1270 2645 1534 2700; x_wconf 80' lang='grc' dir='ltr'>δύνασθε</span> <span class='ocrx_word' id='word_1_193' title='bbox 1572 2646 1765 2698; x_wconf 76' lang='grc' dir='ltr'>ποιεῖν</span> 
     </span>
    </p>
   </div>
   <div class='ocr_carea' id='block_1_26' title="bbox 202 2728 1765 2802">
    <p class='ocr_par' dir='ltr' id='par_1_26' title="bbox 202 2728 1765 2802">
     <span class='ocr_line' id='line_1_26' title="bbox 202 2728 1765 2802; baseline 0.003 -23"><span class='ocrx_word' id='word_1_194' title='bbox 202 2729 394 2792; x_wconf 80' lang='grc' dir='ltr'>οὐδὲν,</span> <span class='ocrx_word' id='word_1_195' title='bbox 442 2732 536 2783; x_wconf 77' lang='grc' dir='ltr'><strong>καὶ</strong></span> <span class='ocrx_word' id='word_1_196' title='bbox 578 2733 678 2782; x_wconf 78' lang='grc' dir='ltr'><strong>οὐκ</strong></span> <span class='ocrx_word' id='word_1_197' title='bbox 724 2728 866 2794; x_wconf 82' lang='grc' dir='ltr'>εἷπε,</span> <span class='ocrx_word' id='word_1_198' title='bbox 912 2733 1093 2799; x_wconf 77' lang='grc' dir='ltr'>φησὶν,</span> <span class='ocrx_word' id='word_1_199' title='bbox 1138 2735 1211 2785; x_wconf 86' lang='grc' dir='ltr'><strong>Οὐ</strong></span> <span class='ocrx_word' id='word_1_200' title='bbox 1257 2732 1486 2784; x_wconf 84' lang='grc' dir='ltr'>δύνασθε</span> <span class='ocrx_word' id='word_1_201' title='bbox 1530 2732 1765 2802; x_wconf 85' lang='grc' dir='ltr'>εὐχερῶς</span> 
     </span>
    </p>
   </div>
   <div class='ocr_carea' id='block_1_27' title="bbox 204 2819 1327 2885">
    <p class='ocr_par' dir='ltr' id='par_1_27' title="bbox 204 2819 1327 2885">
     <span class='ocr_line' id='line_1_27' title="bbox 204 2819 1327 2885; baseline 0.005 -16"><span class='ocrx_word' id='word_1_202' title='bbox 204 2823 370 2870; x_wconf 77' lang='grc' dir='ltr'>ποιεῖν</span> <span class='ocrx_word' id='word_1_203' title='bbox 389 2836 403 2850; x_wconf 87' lang='grc'><strong>·</strong></span> <span class='ocrx_word' id='word_1_204' title='bbox 436 2819 574 2885; x_wconf 77' lang='grc' dir='ltr'>ἀλλ’,</span> <span class='ocrx_word' id='word_1_205' title='bbox 604 2821 796 2874; x_wconf 78' lang='grc' dir='ltr'>Οὐδὲν</span> <span class='ocrx_word' id='word_1_206' title='bbox 824 2821 1085 2875; x_wconf 77' lang='grc' dir='ltr'>δύνασθε</span> <span class='ocrx_word' id='word_1_207' title='bbox 1116 2823 1327 2875; x_wconf 79' lang='grc' dir='ltr'>ποιεῖν.</span> 
     </span>
    </p>
   </div>
   <div class='ocr_carea' id='block_1_28' title="bbox 1275 293 2433 364">
    <p class='ocr_par' dir='ltr' id='par_1_28' title="bbox 1275 293 2433 364">
     <span class='ocr_line' id='line_1_28' title="bbox 1275 293 2433 364; baseline 0.009 -12"><span class='ocrx_word' id='word_1_208' title='bbox 1275 293 1356 352; x_wconf 76' lang='grc' dir='ltr'><strong>ΙΝ</strong></span> <span class='ocrx_word' id='word_1_209' title='bbox 1397 298 1558 356; x_wconf 62' lang='lat' dir='ltr'><strong>CAN.</strong></span> <span class='ocrx_word' id='word_1_210' title='bbox 1607 298 1781 360; x_wconf 80' lang='lat' dir='ltr'><strong>CXIV</strong></span> <span class='ocrx_word' id='word_1_211' title='bbox 1810 301 2015 361; x_wconf 70' lang='lat' dir='ltr'><strong>CONC.</strong></span> <span class='ocrx_word' id='word_1_212' title='bbox 2061 303 2433 364; x_wconf 76' lang='lat' dir='ltr'><strong>CAllTHAG.</strong></span> 
     </span>
    </p>
   </div>
   <div class='ocr_carea' id='block_1_29' title="bbox 284 402 1839 476">
    <p class='ocr_par' dir='ltr' id='par_1_29' title="bbox 284 402 1839 476">
     <span class='ocr_line' id='line_1_29' title="bbox 284 402 1839 476; baseline 0.005 -24"><span class='ocrx_word' id='word_1_213' title='bbox 284 423 301 452; x_wconf 93' lang='lat'><strong>1</strong></span> <span class='ocrx_word' id='word_1_214' title='bbox 350 404 588 472; x_wconf 74' lang='grc' dir='ltr'>εὐχερῶς</span> <span class='ocrx_word' id='word_1_215' title='bbox 638 404 773 470; x_wconf 78' lang='grc' dir='ltr'>μὲν,</span> <span class='ocrx_word' id='word_1_216' title='bbox 823 402 936 455; x_wconf 81' lang='grc' dir='ltr'>ἀλλ’</span> <span class='ocrx_word' id='word_1_217' title='bbox 965 402 1108 470; x_wconf 76' lang='grc' dir='ltr'>ὅμως</span> <span class='ocrx_word' id='word_1_218' title='bbox 1161 403 1458 473; x_wconf 72' lang='grc' dir='ltr'>ἐδυνάμεθα</span> <span class='ocrx_word' id='word_1_219' title='bbox 1506 409 1599 460; x_wconf 76' lang='grc' dir='ltr'>καὶ</span> <span class='ocrx_word' id='word_1_220' title='bbox 1643 409 1765 476; x_wconf 80' lang='grc' dir='ltr'>δίχα</span> <span class='ocrx_word' id='word_1_221' title='bbox 1796 413 1839 466; x_wconf 86' lang='grc' dir='ltr'>Λ</span> 
     </span>
    </p>
   </div>
   <div class='ocr_carea' id='block_1_30' title="bbox 3300 304 3403 371">
    <p class='ocr_par' dir='ltr' id='par_1_30' title="bbox 3300 304 3403 371">
     <span class='ocr_line' id='line_1_30' title="bbox 3300 304 3403 371; baseline -0.068 0"><span class='ocrx_word' id='word_1_222' title='bbox 3300 304 3403 371; x_wconf 75' lang='grc'><strong>374</strong></span> 
     </span>
    </p>
   </div>
   <div class='ocr_carea' id='block_1_31' title="bbox 1946 414 3404 480">
    <p class='ocr_par' dir='ltr' id='par_1_31' title="bbox 1946 414 3404 480">
     <span class='ocr_line' id='line_1_31' title="bbox 1946 414 3404 480; baseline 0.001 -16"><span class='ocrx_word' id='word_1_223' title='bbox 1946 435 1962 461; x_wconf 80' lang='lat'><strong>1</strong></span> <span class='ocrx_word' id='word_1_224' title='bbox 2007 416 2241 480; x_wconf 80' lang='lat' dir='ltr'><strong>quidem,</strong></span> <span class='ocrx_word' id='word_1_225' title='bbox 2308 416 2399 468; x_wconf 91' lang='lat' dir='ltr'><strong>sed</strong></span> <span class='ocrx_word' id='word_1_226' title='bbox 2451 425 2624 468; x_wconf 89' lang='lat' dir='ltr'><strong>tamen</strong></span> <span class='ocrx_word' id='word_1_227' title='bbox 2675 417 2836 468; x_wconf 89' lang='lat' dir='ltr'><strong>etiam</strong></span> <span class='ocrx_word' id='word_1_228' title='bbox 2889 415 3004 469; x_wconf 87' lang='lat' dir='ltr'><strong>sine</strong></span> <span class='ocrx_word' id='word_1_229' title='bbox 3067 415 3176 479; x_wconf 74' lang='lat' dir='ltr'><strong>illa,</strong></span> <span class='ocrx_word' id='word_1_230' title='bbox 3225 414 3404 466; x_wconf 67' lang='lat' dir='ltr'><strong>diuina</strong></span> 
     </span>
    </p>
   </div>
   <div class='ocr_carea' id='block_1_32' title="bbox 1945 504 3400 570">
    <p class='ocr_par' dir='ltr' id='par_1_32' title="bbox 1945 504 3400 570">
     <span class='ocr_line' id='line_1_32' title="bbox 1945 504 3400 570; baseline 0.001 -18"><span class='ocrx_word' id='word_1_231' title='bbox 1945 520 1962 549; x_wconf 98' lang='lat'><strong>1</strong></span> <span class='ocrx_word' id='word_1_232' title='bbox 2008 513 2268 570; x_wconf 64' lang='lat' dir='ltr'><strong>pra‘cepla</strong></span> <span class='ocrx_word' id='word_1_233' title='bbox 2317 504 2538 570; x_wconf 76' lang='lat' dir='ltr'><strong>exsequi</strong></span> <span class='ocrx_word' id='word_1_234' title='bbox 2610 517 2892 570; x_wconf 88' lang='lat' dir='ltr'><strong>possumus</strong></span> <span class='ocrx_word' id='word_1_235' title='bbox 2925 521 2938 555; x_wconf 90' lang='lat'><strong>:</strong></span> <span class='ocrx_word' id='word_1_236' title='bbox 2973 504 3042 556; x_wconf 87' lang='lat' dir='ltr'><strong>sit</strong></span> <span class='ocrx_word' id='word_1_237' title='bbox 3095 507 3400 560; x_wconf 84' lang='lat' dir='ltr'><strong>anathema.</strong></span> 
     </span>
    </p>
   </div>
   <div class='ocr_carea' id='block_1_33' title="bbox 1947 591 3402 648">
    <p class='ocr_par' dir='ltr' id='par_1_33' title="bbox 1947 591 3402 648">
     <span class='ocr_line' id='line_1_33' title="bbox 1947 591 3402 648; baseline 0.001 -8"><span class='ocrx_word' id='word_1_238' title='bbox 1947 611 1963 640; x_wconf 91' lang='lat'><strong>1</strong></span> <span class='ocrx_word' id='word_1_239' title='bbox 2012 591 2080 644; x_wconf 87' lang='lat' dir='ltr'><strong>De</strong></span> <span class='ocrx_word' id='word_1_240' title='bbox 2111 592 2372 648; x_wconf 77' lang='lat' dir='ltr'><strong>fructibus</strong></span> <span class='ocrx_word' id='word_1_241' title='bbox 2414 595 2552 646; x_wconf 90' lang='lat' dir='ltr'><strong>enim</strong></span> <span class='ocrx_word' id='word_1_242' title='bbox 2594 594 2966 647; x_wconf 75' lang='lat' dir='ltr'><strong>mandatorum</strong></span> <span class='ocrx_word' id='word_1_243' title='bbox 3004 593 3257 644; x_wconf 89' lang='lat' dir='ltr'><strong>Dominus</strong></span> <span class='ocrx_word' id='word_1_244' title='bbox 3298 607 3402 644; x_wconf 88' lang='lat' dir='ltr'><strong>non</strong></span> 
     </span>
    </p>
   </div>
   <div class='ocr_carea' id='block_1_34' title="bbox 1954 680 3406 747">
    <p class='ocr_par' dir='ltr' id='par_1_34' title="bbox 1954 680 3406 747">
     <span class='ocr_line' id='line_1_34' title="bbox 1954 680 3406 747; baseline 0 -19"><span class='ocrx_word' id='word_1_245' title='bbox 1954 699 1969 728; x_wconf 82' lang='lat'><strong>1</strong></span> <span class='ocrx_word' id='word_1_246' title='bbox 2018 680 2172 741; x_wconf 81' lang='lat' dir='ltr'><strong>dixit,</strong></span> <span class='ocrx_word' id='word_1_247' title='bbox 2208 680 2336 734; x_wconf 88' lang='lat' dir='ltr'><strong>Sine</strong></span> <span class='ocrx_word' id='word_1_248' title='bbox 2369 696 2453 734; x_wconf 91' lang='lat' dir='ltr'><strong>me</strong></span> <span class='ocrx_word' id='word_1_249' title='bbox 2481 680 2748 734; x_wconf 78' lang='lat' dir='ltr'><strong>diliicilius</strong></span> <span class='ocrx_word' id='word_1_250' title='bbox 2783 681 3006 747; x_wconf 86' lang='lat' dir='ltr'><strong>potestis</strong></span> <span class='ocrx_word' id='word_1_251' title='bbox 3040 680 3220 734; x_wconf 85' lang='lat' dir='ltr'><strong>facere</strong></span> <span class='ocrx_word' id='word_1_252' title='bbox 3248 697 3260 731; x_wconf 88' lang='lat'><strong>:</strong></span> <span class='ocrx_word' id='word_1_253' title='bbox 3294 681 3406 737; x_wconf 81' lang='lat' dir='ltr'><strong>sed.</strong></span> 
     </span>
    </p>
   </div>
   <div class='ocr_carea' id='block_1_35' title="bbox 1943 768 2897 837">
    <p class='ocr_par' dir='ltr' id='par_1_35' title="bbox 1943 768 2897 837">
     <span class='ocr_line' id='line_1_35' title="bbox 1943 768 2897 837; baseline 0.001 -16"><span class='ocrx_word' id='word_1_254' title='bbox 1943 787 1960 815; x_wconf 85' lang='lat'><strong>1</strong></span> <span class='ocrx_word' id='word_1_255' title='bbox 2004 768 2125 822; x_wconf 80' lang='lat' dir='ltr'><strong>Siue</strong></span> <span class='ocrx_word' id='word_1_256' title='bbox 2147 787 2222 823; x_wconf 81' lang='lat' dir='ltr'><strong>me</strong></span> <span class='ocrx_word' id='word_1_257' title='bbox 2249 769 2380 823; x_wconf 68' lang='lat' dir='ltr'><strong>tiltil</strong></span> <span class='ocrx_word' id='word_1_258' title='bbox 2407 768 2580 835; x_wconf 79' lang='lat' dir='ltr'><strong>facere</strong></span> <span class='ocrx_word' id='word_1_259' title='bbox 2604 771 2840 837; x_wconf 79' lang='lat' dir='ltr'><strong>potestis.</strong></span> <span class='ocrx_word' id='word_1_260' title='bbox 2880 789 2897 822; x_wconf 93' lang='lat'><strong>1</strong></span> 
     </span>
    </p>
   </div>
   <div class='ocr_carea' id='block_1_36' title="bbox 1938 947 3407 1016">
    <p class='ocr_par' dir='ltr' id='par_1_36' title="bbox 1938 947 3407 1016">
     <span class='ocr_line' id='line_1_36' title="bbox 1938 947 3407 1016; baseline 0.003 -18"><span class='ocrx_word' id='word_1_261' title='bbox 1938 947 2130 1002; x_wconf 68' lang='lat' dir='ltr'><strong>BALS.</strong></span> <span class='ocrx_word' id='word_1_262' title='bbox 2160 947 2577 1001; x_wconf 83' lang='lat' dir='ltr'><strong>Innumerabiles</strong></span> <span class='ocrx_word' id='word_1_263' title='bbox 2604 958 2759 1000; x_wconf 86' lang='lat' dir='ltr'><strong>erant</strong></span> <span class='ocrx_word' id='word_1_264' title='bbox 2808 962 3072 1013; x_wconf 72' lang='lat' dir='ltr'><strong>perversa:</strong></span> <span class='ocrx_word' id='word_1_265' title='bbox 3111 951 3407 1016; x_wconf 80' lang='lat' dir='ltr'><strong>Opinioncs.</strong></span> 
     </span>
    </p>
   </div>
   <div class='ocr_carea' id='block_1_37' title="bbox 1866 1039 3408 1108">
    <p class='ocr_par' dir='ltr' id='par_1_37' title="bbox 1866 1039 3408 1108">
     <span class='ocr_line' id='line_1_37' title="bbox 1866 1039 3408 1108; baseline 0.005 -22"><span class='ocrx_word' id='word_1_266' title='bbox 1866 1055 2090 1105; x_wconf 82' lang='lat' dir='ltr'><strong>quarum</strong></span> <span class='ocrx_word' id='word_1_267' title='bbox 2137 1055 2240 1092; x_wconf 91' lang='lat' dir='ltr'><strong>una</strong></span> <span class='ocrx_word' id='word_1_268' title='bbox 2275 1050 2392 1092; x_wconf 91' lang='lat' dir='ltr'><strong>erat</strong></span> <span class='ocrx_word' id='word_1_269' title='bbox 2430 1041 2588 1092; x_wconf 82' lang='lat' dir='ltr'><strong>etiam</strong></span> <span class='ocrx_word' id='word_1_270' title='bbox 2637 1053 2757 1106; x_wconf 68' lang='lat' dir='ltr'><strong>qua:</strong></span> <span class='ocrx_word' id='word_1_271' title='bbox 2808 1039 3040 1101; x_wconf 83' lang='lat' dir='ltr'><strong>dicebat,</strong></span> <span class='ocrx_word' id='word_1_272' title='bbox 3075 1042 3213 1108; x_wconf 88' lang='lat' dir='ltr'><strong>quod</strong></span> <span class='ocrx_word' id='word_1_273' title='bbox 3268 1041 3408 1094; x_wconf 87' lang='lat' dir='ltr'><strong>Dens</strong></span> 
     </span>
    </p>
   </div>
   <div class='ocr_carea' id='block_1_38' title="bbox 1867 1129 3406 1197">
    <p class='ocr_par' dir='ltr' id='par_1_38' title="bbox 1867 1129 3406 1197">
     <span class='ocr_line' id='line_1_38' title="bbox 1867 1129 3406 1197; baseline 0.001 -16"><span class='ocrx_word' id='word_1_274' title='bbox 1867 1130 2012 1181; x_wconf 84' lang='lat' dir='ltr'><strong>dedit</strong></span> <span class='ocrx_word' id='word_1_275' title='bbox 2043 1129 2198 1182; x_wconf 83' lang='lat' dir='ltr'><strong>nobis</strong></span> <span class='ocrx_word' id='word_1_276' title='bbox 2223 1129 2447 1180; x_wconf 81' lang='lat' dir='ltr'><strong>liberum</strong></span> <span class='ocrx_word' id='word_1_277' title='bbox 2486 1129 2797 1193; x_wconf 81' lang='lat' dir='ltr'><strong>arbitrium,</strong></span> <span class='ocrx_word' id='word_1_278' title='bbox 2835 1139 2891 1181; x_wconf 88' lang='lat' dir='ltr'><strong>ot</strong></span> <span class='ocrx_word' id='word_1_279' title='bbox 2941 1143 3220 1197; x_wconf 83' lang='lat' dir='ltr'><strong>possemus</strong></span> <span class='ocrx_word' id='word_1_280' title='bbox 3246 1132 3406 1183; x_wconf 82' lang='lat' dir='ltr'><strong>etiam</strong></span> 
     </span>
    </p>
   </div>
   <div class='ocr_carea' id='block_1_39' title="bbox 1867 1218 3406 1288">
    <p class='ocr_par' dir='ltr' id='par_1_39' title="bbox 1867 1218 3406 1288">
     <span class='ocr_line' id='line_1_39' title="bbox 1867 1218 3406 1288; baseline -0.001 -17"><span class='ocrx_word' id='word_1_281' title='bbox 1867 1219 1983 1272; x_wconf 85' lang='lat' dir='ltr'><strong>sine</strong></span> <span class='ocrx_word' id='word_1_282' title='bbox 2015 1218 2192 1271; x_wconf 84' lang='lat' dir='ltr'><strong>divina</strong></span> <span class='ocrx_word' id='word_1_283' title='bbox 2226 1220 2398 1287; x_wconf 79' lang='lat' dir='ltr'><strong>gratia</strong></span> <span class='ocrx_word' id='word_1_284' title='bbox 2434 1220 2522 1272; x_wconf 85' lang='lat' dir='ltr'><strong>Dei</strong></span> <span class='ocrx_word' id='word_1_285' title='bbox 2566 1222 2816 1275; x_wconf 90' lang='lat' dir='ltr'><strong>mandata</strong></span> <span class='ocrx_word' id='word_1_286' title='bbox 2877 1222 3148 1288; x_wconf 89' lang='lat' dir='ltr'><strong>complere</strong></span> <span class='ocrx_word' id='word_1_287' title='bbox 3183 1239 3195 1272; x_wconf 87' lang='lat'><strong>:</strong></span> <span class='ocrx_word' id='word_1_288' title='bbox 3231 1221 3406 1273; x_wconf 76' lang='lat' dir='ltr'><strong>divina</strong></span> 
     </span>
    </p>
   </div>
   <div class='ocr_carea' id='block_1_40' title="bbox 1867 1307 3411 1376">
    <p class='ocr_par' dir='ltr' id='par_1_40' title="bbox 1867 1307 3411 1376">
     <span class='ocr_line' id='line_1_40' title="bbox 1867 1307 3411 1376; baseline 0.001 -19"><span class='ocrx_word' id='word_1_289' title='bbox 1867 1315 2042 1358; x_wconf 89' lang='lat' dir='ltr'><strong>autem</strong></span> <span class='ocrx_word' id='word_1_290' title='bbox 2082 1309 2250 1374; x_wconf 73' lang='lat' dir='ltr'><strong>gratia</strong></span> <span class='ocrx_word' id='word_1_291' title='bbox 2285 1309 2348 1359; x_wconf 86' lang='lat' dir='ltr'><strong>ad</strong></span> <span class='ocrx_word' id='word_1_292' title='bbox 2382 1322 2441 1360; x_wconf 89' lang='lat' dir='ltr'><strong>ea</strong></span> <span class='ocrx_word' id='word_1_293' title='bbox 2477 1307 2689 1361; x_wconf 80' lang='lat' dir='ltr'><strong>facilius</strong></span> <span class='ocrx_word' id='word_1_294' title='bbox 2716 1309 3040 1376; x_wconf 79' lang='lat' dir='ltr'><strong>perﬁcienda</strong></span> <span class='ocrx_word' id='word_1_295' title='bbox 3075 1323 3228 1360; x_wconf 87' lang='lat' dir='ltr'><strong>suum</strong></span> <span class='ocrx_word' id='word_1_296' title='bbox 3263 1309 3411 1359; x_wconf 83' lang='lat' dir='ltr'><strong>nobis</strong></span> 
     </span>
    </p>
   </div>
   <div class='ocr_carea' id='block_1_41' title="bbox 1866 1396 3411 1465">
    <p class='ocr_par' dir='ltr' id='par_1_41' title="bbox 1866 1396 3411 1465">
     <span class='ocr_line' id='line_1_41' title="bbox 1866 1396 3411 1465; baseline 0 -17"><span class='ocrx_word' id='word_1_297' title='bbox 1866 1396 2066 1465; x_wconf 71' lang='lat' dir='ltr'><strong>prmbet</strong></span> <span class='ocrx_word' id='word_1_298' title='bbox 2101 1396 2380 1450; x_wconf 86' lang='lat' dir='ltr'><strong>auxilium.</strong></span> <span class='ocrx_word' id='word_1_299' title='bbox 2414 1397 2700 1450; x_wconf 84' lang='lat' dir='ltr'><strong>Possemus</strong></span> <span class='ocrx_word' id='word_1_300' title='bbox 2750 1398 2890 1450; x_wconf 91' lang='lat' dir='ltr'><strong>enim</strong></span> <span class='ocrx_word' id='word_1_301' title='bbox 2942 1397 3029 1448; x_wconf 85' lang='lat' dir='ltr'><strong>illa</strong></span> <span class='ocrx_word' id='word_1_302' title='bbox 3077 1400 3239 1448; x_wconf 84' lang='lat' dir='ltr'><strong>etiam</strong></span> <span class='ocrx_word' id='word_1_303' title='bbox 3295 1399 3411 1450; x_wconf 88' lang='lat' dir='ltr'><strong>sine</strong></span> 
     </span>
    </p>
   </div>
   <div class='ocr_carea' id='block_1_42' title="bbox 1867 1484 3409 1554">
    <p class='ocr_par' dir='ltr' id='par_1_42' title="bbox 1867 1484 3409 1554">
     <span class='ocr_line' id='line_1_42' title="bbox 1867 1484 3409 1554; baseline -0.003 -16"><span class='ocrx_word' id='word_1_304' title='bbox 1867 1486 2044 1538; x_wconf 83' lang='lat' dir='ltr'><strong>divina</strong></span> <span class='ocrx_word' id='word_1_305' title='bbox 2074 1501 2226 1552; x_wconf 88' lang='lat' dir='ltr'><strong>opem</strong></span> <span class='ocrx_word' id='word_1_306' title='bbox 2262 1486 2466 1539; x_wconf 90' lang='lat' dir='ltr'><strong>ferente</strong></span> <span class='ocrx_word' id='word_1_307' title='bbox 2496 1486 2688 1554; x_wconf 75' lang='lat' dir='ltr'><strong>gratia,</strong></span> <span class='ocrx_word' id='word_1_308' title='bbox 2724 1485 2815 1538; x_wconf 90' lang='lat' dir='ltr'><strong>sed</strong></span> <span class='ocrx_word' id='word_1_309' title='bbox 2843 1484 3135 1546; x_wconf 85' lang='lat' dir='ltr'><strong>diiIicilius,</strong></span> <span class='ocrx_word' id='word_1_310' title='bbox 3168 1485 3409 1552; x_wconf 78' lang='lat' dir='ltr'><strong>exsequi.</strong></span> 
     </span>
    </p>
   </div>
   <div class='ocr_carea' id='block_1_43' title="bbox 1866 1574 3414 1646">
    <p class='ocr_par' dir='ltr' id='par_1_43' title="bbox 1866 1574 3414 1646">
     <span class='ocr_line' id='line_1_43' title="bbox 1866 1574 3414 1646; baseline 0 -18"><span class='ocrx_word' id='word_1_311' title='bbox 1866 1576 1933 1629; x_wconf 86' lang='lat' dir='ltr'><strong>lis</strong></span> <span class='ocrx_word' id='word_1_312' title='bbox 1989 1589 2140 1642; x_wconf 79' lang='lat' dir='ltr'><strong>ergo,</strong></span> <span class='ocrx_word' id='word_1_313' title='bbox 2188 1574 2279 1642; x_wconf 86' lang='lat' dir='ltr'><strong>qui</strong></span> <span class='ocrx_word' id='word_1_314' title='bbox 2329 1574 2445 1628; x_wconf 61' lang='lat' dir='ltr'><strong>haec</strong></span> <span class='ocrx_word' id='word_1_315' title='bbox 2479 1575 2685 1638; x_wconf 89' lang='lat' dir='ltr'><strong>dicunt,</strong></span> <span class='ocrx_word' id='word_1_316' title='bbox 2728 1575 3019 1628; x_wconf 81' lang='lat' dir='ltr'><strong>anathema</strong></span> <span class='ocrx_word' id='word_1_317' title='bbox 3066 1574 3274 1629; x_wconf 87' lang='lat' dir='ltr'><strong>inducit</strong></span> <span class='ocrx_word' id='word_1_318' title='bbox 3323 1591 3414 1646; x_wconf 86' lang='lat' dir='ltr'><strong>sy-</strong></span> 
     </span>
    </p>
   </div>
   <div class='ocr_carea' id='block_1_44' title="bbox 1865 1665 2057 1718">
    <p class='ocr_par' dir='ltr' id='par_1_44' title="bbox 1865 1665 2057 1718">
     <span class='ocr_line' id='line_1_44' title="bbox 1865 1665 2057 1718; baseline -0.01 0"><span class='ocrx_word' id='word_1_319' title='bbox 1865 1665 2057 1718; x_wconf 88' lang='lat' dir='ltr'><strong>nodus.</strong></span> 
     </span>
    </p>
   </div>
   <div class='ocr_carea' id='block_1_45' title="bbox 1795 1721 3410 1821">
    <p class='ocr_par' dir='ltr' id='par_1_45' title="bbox 1795 1721 3410 1821">
     <span class='ocr_line' id='line_1_45' title="bbox 1795 1721 3410 1821; baseline -0.002 -13"><span class='ocrx_word' id='word_1_320' title='bbox 1795 1721 1838 1776; x_wconf 70' lang='grc' dir='ltr'><strong><em>Β</em></strong></span> <span class='ocrx_word' id='word_1_321' title='bbox 1938 1753 2189 1809; x_wconf 78' lang='lat' dir='ltr'><strong>ZONAR.</strong></span> <span class='ocrx_word' id='word_1_322' title='bbox 2213 1753 2636 1807; x_wconf 84' lang='lat' dir='ltr'><strong>Innumerabiles</strong></span> <span class='ocrx_word' id='word_1_323' title='bbox 2655 1761 2809 1808; x_wconf 90' lang='lat' dir='ltr'><strong>erant</strong></span> <span class='ocrx_word' id='word_1_324' title='bbox 2827 1767 3089 1820; x_wconf 66' lang='lat' dir='ltr'><strong>perversae</strong></span> <span class='ocrx_word' id='word_1_325' title='bbox 3111 1753 3410 1821; x_wconf 88' lang='lat' dir='ltr'><strong>opiniones,</strong></span> 
     </span>
    </p>
   </div>
   <div class='ocr_carea' id='block_1_46' title="bbox 1866 1840 3414 1911">
    <p class='ocr_par' dir='ltr' id='par_1_46' title="bbox 1866 1840 3414 1911">
     <span class='ocr_line' id='line_1_46' title="bbox 1866 1840 3414 1911; baseline -0.001 -17"><span class='ocrx_word' id='word_1_326' title='bbox 1866 1857 2094 1911; x_wconf 89' lang='lat' dir='ltr'><strong>quarum</strong></span> <span class='ocrx_word' id='word_1_327' title='bbox 2130 1856 2232 1894; x_wconf 88' lang='lat' dir='ltr'><strong>una</strong></span> <span class='ocrx_word' id='word_1_328' title='bbox 2267 1851 2385 1895; x_wconf 89' lang='lat' dir='ltr'><strong>erat</strong></span> <span class='ocrx_word' id='word_1_329' title='bbox 2427 1841 2591 1894; x_wconf 90' lang='lat' dir='ltr'><strong>etiam</strong></span> <span class='ocrx_word' id='word_1_330' title='bbox 2636 1855 2754 1906; x_wconf 69' lang='lat' dir='ltr'><strong>quae</strong></span> <span class='ocrx_word' id='word_1_331' title='bbox 2796 1840 3031 1904; x_wconf 87' lang='lat' dir='ltr'><strong>dicebat,</strong></span> <span class='ocrx_word' id='word_1_332' title='bbox 3077 1841 3221 1908; x_wconf 91' lang='lat' dir='ltr'><strong>quod</strong></span> <span class='ocrx_word' id='word_1_333' title='bbox 3274 1840 3414 1893; x_wconf 78' lang='lat' dir='ltr'><strong>Deus</strong></span> 
     </span>
    </p>
   </div>
   <div class='ocr_carea' id='block_1_47' title="bbox 1868 1929 3410 1997">
    <p class='ocr_par' dir='ltr' id='par_1_47' title="bbox 1868 1929 3410 1997">
     <span class='ocr_line' id='line_1_47' title="bbox 1868 1929 3410 1997; baseline -0.005 -10"><span class='ocrx_word' id='word_1_334' title='bbox 1868 1933 2011 1987; x_wconf 89' lang='lat' dir='ltr'><strong>dedit</strong></span> <span class='ocrx_word' id='word_1_335' title='bbox 2037 1933 2196 1986; x_wconf 89' lang='lat' dir='ltr'><strong>nobis</strong></span> <span class='ocrx_word' id='word_1_336' title='bbox 2225 1931 2451 1986; x_wconf 89' lang='lat' dir='ltr'><strong>liberum</strong></span> <span class='ocrx_word' id='word_1_337' title='bbox 2491 1930 2798 1994; x_wconf 85' lang='lat' dir='ltr'><strong>arbitrium,</strong></span> <span class='ocrx_word' id='word_1_338' title='bbox 2843 1940 3203 1997; x_wconf 87' lang='lat' dir='ltr'><strong>utpossemus</strong></span> <span class='ocrx_word' id='word_1_339' title='bbox 3250 1929 3410 1983; x_wconf 88' lang='lat' dir='ltr'><strong>etiam</strong></span> 
     </span>
    </p>
   </div>
   <div class='ocr_carea' id='block_1_48' title="bbox 1868 2019 3411 2089">
    <p class='ocr_par' dir='ltr' id='par_1_48' title="bbox 1868 2019 3411 2089">
     <span class='ocr_line' id='line_1_48' title="bbox 1868 2019 3411 2089; baseline -0.005 -13"><span class='ocrx_word' id='word_1_340' title='bbox 1868 2023 1986 2076; x_wconf 87' lang='lat' dir='ltr'><strong>sine</strong></span> <span class='ocrx_word' id='word_1_341' title='bbox 2034 2021 2214 2075; x_wconf 84' lang='lat' dir='ltr'><strong>divina</strong></span> <span class='ocrx_word' id='word_1_342' title='bbox 2269 2020 2435 2089; x_wconf 78' lang='lat' dir='ltr'><strong>gratia</strong></span> <span class='ocrx_word' id='word_1_343' title='bbox 2461 2019 2554 2072; x_wconf 88' lang='lat' dir='ltr'><strong>Dei</strong></span> <span class='ocrx_word' id='word_1_344' title='bbox 2584 2020 2835 2072; x_wconf 80' lang='lat' dir='ltr'><strong>mandata</strong></span> <span class='ocrx_word' id='word_1_345' title='bbox 2892 2019 3201 2086; x_wconf 87' lang='lat' dir='ltr'><strong>complere:</strong></span> <span class='ocrx_word' id='word_1_346' title='bbox 3236 2019 3411 2070; x_wconf 83' lang='lat' dir='ltr'><strong>divina</strong></span> 
     </span>
    </p>
   </div>
   <div class='ocr_carea' id='block_1_49' title="bbox 1867 2103 3414 2177">
    <p class='ocr_par' dir='ltr' id='par_1_49' title="bbox 1867 2103 3414 2177">
     <span class='ocr_line' id='line_1_49' title="bbox 1867 2103 3414 2177; baseline -0.006 -14"><span class='ocrx_word' id='word_1_347' title='bbox 1867 2120 2045 2164; x_wconf 85' lang='lat' dir='ltr'><strong>autem</strong></span> <span class='ocrx_word' id='word_1_348' title='bbox 2086 2109 2253 2177; x_wconf 75' lang='lat' dir='ltr'><strong>gratia</strong></span> <span class='ocrx_word' id='word_1_349' title='bbox 2283 2106 2349 2161; x_wconf 90' lang='lat' dir='ltr'><strong>ad</strong></span> <span class='ocrx_word' id='word_1_350' title='bbox 2381 2122 2442 2161; x_wconf 78' lang='lat' dir='ltr'><strong>ea</strong></span> <span class='ocrx_word' id='word_1_351' title='bbox 2469 2106 2674 2159; x_wconf 77' lang='lat' dir='ltr'><strong>facilius</strong></span> <span class='ocrx_word' id='word_1_352' title='bbox 2704 2103 3022 2174; x_wconf 81' lang='lat' dir='ltr'><strong>perﬁcienda</strong></span> <span class='ocrx_word' id='word_1_353' title='bbox 3075 2119 3229 2158; x_wconf 92' lang='lat' dir='ltr'><strong>suum</strong></span> <span class='ocrx_word' id='word_1_354' title='bbox 3259 2103 3414 2156; x_wconf 87' lang='lat' dir='ltr'><strong>nobis</strong></span> 
     </span>
    </p>
   </div>
   <div class='ocr_carea' id='block_1_50' title="bbox 1867 2191 3412 2266">
    <p class='ocr_par' dir='ltr' id='par_1_50' title="bbox 1867 2191 3412 2266">
     <span class='ocr_line' id='line_1_50' title="bbox 1867 2191 3412 2266; baseline -0.006 -17"><span class='ocrx_word' id='word_1_355' title='bbox 1867 2199 2068 2266; x_wconf 70' lang='lat' dir='ltr'><strong>praebet</strong></span> <span class='ocrx_word' id='word_1_356' title='bbox 2097 2197 2376 2250; x_wconf 76' lang='lat' dir='ltr'><strong>auxilium.</strong></span> <span class='ocrx_word' id='word_1_357' title='bbox 2414 2194 2582 2266; x_wconf 65' lang='grc'><strong>648</strong></span> <span class='ocrx_word' id='word_1_358' title='bbox 2605 2193 2896 2248; x_wconf 85' lang='lat' dir='ltr'><strong>Possemns</strong></span> <span class='ocrx_word' id='word_1_359' title='bbox 2926 2195 3068 2246; x_wconf 88' lang='lat' dir='ltr'><strong>enim</strong></span> <span class='ocrx_word' id='word_1_360' title='bbox 3115 2193 3204 2243; x_wconf 91' lang='lat' dir='ltr'><strong>illa</strong></span> <span class='ocrx_word' id='word_1_361' title='bbox 3253 2191 3412 2245; x_wconf 85' lang='lat' dir='ltr'><strong>etiam</strong></span> 
     </span>
    </p>
   </div>
   <div class='ocr_carea' id='block_1_51' title="bbox 1868 2281 3413 2354">
    <p class='ocr_par' dir='ltr' id='par_1_51' title="bbox 1868 2281 3413 2354">
     <span class='ocr_line' id='line_1_51' title="bbox 1868 2281 3413 2354; baseline -0.006 -13"><span class='ocrx_word' id='word_1_362' title='bbox 1868 2289 1985 2341; x_wconf 88' lang='lat' dir='ltr'><strong>sine</strong></span> <span class='ocrx_word' id='word_1_363' title='bbox 2045 2287 2224 2341; x_wconf 85' lang='lat' dir='ltr'><strong>divina</strong></span> <span class='ocrx_word' id='word_1_364' title='bbox 2273 2301 2432 2354; x_wconf 86' lang='lat' dir='ltr'><strong>opem</strong></span> <span class='ocrx_word' id='word_1_365' title='bbox 2478 2285 2680 2338; x_wconf 80' lang='lat' dir='ltr'><strong>ferente</strong></span> <span class='ocrx_word' id='word_1_366' title='bbox 2723 2285 2916 2351; x_wconf 75' lang='lat' dir='ltr'><strong>gratia,</strong></span> <span class='ocrx_word' id='word_1_367' title='bbox 2972 2282 3063 2336; x_wconf 87' lang='lat' dir='ltr'><strong>sed</strong></span> <span class='ocrx_word' id='word_1_368' title='bbox 3119 2281 3413 2338; x_wconf 82' lang='lat' dir='ltr'><strong>diliicilius,</strong></span> 
     </span>
    </p>
   </div>
   <div class='ocr_carea' id='block_1_52' title="bbox 1866 2371 3416 2446">
    <p class='ocr_par' dir='ltr' id='par_1_52' title="bbox 1866 2371 3416 2446">
     <span class='ocr_line' id='line_1_52' title="bbox 1866 2371 3416 2446; baseline -0.008 -13"><span class='ocrx_word' id='word_1_369' title='bbox 1866 2377 2109 2446; x_wconf 75' lang='lat' dir='ltr'><strong>exsequi.</strong></span> <span class='ocrx_word' id='word_1_370' title='bbox 2139 2376 2206 2430; x_wconf 92' lang='lat' dir='ltr'><strong>lis</strong></span> <span class='ocrx_word' id='word_1_371' title='bbox 2236 2389 2382 2444; x_wconf 78' lang='lat' dir='ltr'><strong>ergo,</strong></span> <span class='ocrx_word' id='word_1_372' title='bbox 2411 2375 2498 2443; x_wconf 91' lang='lat' dir='ltr'><strong>qui</strong></span> <span class='ocrx_word' id='word_1_373' title='bbox 2526 2374 2639 2428; x_wconf 64' lang='lat' dir='ltr'><strong>haec</strong></span> <span class='ocrx_word' id='word_1_374' title='bbox 2666 2375 2870 2438; x_wconf 89' lang='lat' dir='ltr'><strong>dicunt,</strong></span> <span class='ocrx_word' id='word_1_375' title='bbox 2896 2373 3178 2426; x_wconf 76' lang='lat' dir='ltr'><strong>anathema</strong></span> <span class='ocrx_word' id='word_1_376' title='bbox 3211 2371 3416 2425; x_wconf 86' lang='lat' dir='ltr'><strong>inducit</strong></span> 
     </span>
    </p>
   </div>
   <div class='ocr_carea' id='block_1_53' title="bbox 1865 2461 3416 2537">
    <p class='ocr_par' dir='ltr' id='par_1_53' title="bbox 1865 2461 3416 2537">
     <span class='ocr_line' id='line_1_53' title="bbox 1865 2461 3416 2537; baseline -0.006 -16"><span class='ocrx_word' id='word_1_377' title='bbox 1865 2468 2127 2537; x_wconf 76' lang='lat' dir='ltr'><strong>synodus,</strong></span> <span class='ocrx_word' id='word_1_378' title='bbox 2158 2480 2428 2530; x_wconf 86' lang='lat' dir='ltr'><strong>asserens,</strong></span> <span class='ocrx_word' id='word_1_379' title='bbox 2476 2473 2645 2519; x_wconf 92' lang='lat' dir='ltr'><strong>totum</strong></span> <span class='ocrx_word' id='word_1_380' title='bbox 2694 2464 2883 2533; x_wconf 71' lang='lat' dir='ltr'><strong>gratiae</strong></span> <span class='ocrx_word' id='word_1_381' title='bbox 2923 2478 3046 2518; x_wconf 82' lang='lat' dir='ltr'><strong>esse</strong></span> <span class='ocrx_word' id='word_1_382' title='bbox 3099 2461 3313 2526; x_wconf 66' lang='lat' dir='ltr'><strong>divinae,</strong></span> <span class='ocrx_word' id='word_1_383' title='bbox 3353 2477 3416 2513; x_wconf 87' lang='lat' dir='ltr'><strong>ac</strong></span> 
     </span>
    </p>
   </div>
   <div class='ocr_carea' id='block_1_54' title="bbox 1867 2548 3416 2620">
    <p class='ocr_par' dir='ltr' id='par_1_54' title="bbox 1867 2548 3416 2620">
     <span class='ocr_line' id='line_1_54' title="bbox 1867 2548 3416 2620; baseline -0.006 -10"><span class='ocrx_word' id='word_1_384' title='bbox 1867 2558 1984 2611; x_wconf 78' lang='lat' dir='ltr'><strong>sine</strong></span> <span class='ocrx_word' id='word_1_385' title='bbox 2046 2557 2134 2610; x_wconf 84' lang='lat' dir='ltr'><strong>illa</strong></span> <span class='ocrx_word' id='word_1_386' title='bbox 2182 2555 2319 2609; x_wconf 91' lang='lat' dir='ltr'><strong>nihil</strong></span> <span class='ocrx_word' id='word_1_387' title='bbox 2367 2569 2396 2607; x_wconf 89' lang='lat' dir='ltr'><strong>a</strong></span> <span class='ocrx_word' id='word_1_388' title='bbox 2453 2554 2608 2608; x_wconf 86' lang='lat' dir='ltr'><strong>nobis</strong></span> <span class='ocrx_word' id='word_1_389' title='bbox 2639 2562 2782 2607; x_wconf 89' lang='lat' dir='ltr'><strong>recte</strong></span> <span class='ocrx_word' id='word_1_390' title='bbox 2835 2553 2920 2620; x_wconf 79' lang='lat' dir='ltr'><strong>agi</strong></span> <span class='ocrx_word' id='word_1_391' title='bbox 2983 2565 3164 2620; x_wconf 79' lang='lat' dir='ltr'><strong>posse.</strong></span> <span class='ocrx_word' id='word_1_392' title='bbox 3205 2548 3416 2603; x_wconf 79' lang='lat' dir='ltr'><strong>Profert</strong></span> 
     </span>
    </p>
   </div>
   <div class='ocr_carea' id='block_1_55' title="bbox 1867 2637 3418 2710">
    <p class='ocr_par' dir='ltr' id='par_1_55' title="bbox 1867 2637 3418 2710">
     <span class='ocr_line' id='line_1_55' title="bbox 1867 2637 3418 2710; baseline -0.005 -13"><span class='ocrx_word' id='word_1_393' title='bbox 1867 2656 2041 2700; x_wconf 90' lang='lat' dir='ltr'><strong>autem</strong></span> <span class='ocrx_word' id='word_1_394' title='bbox 2073 2657 2126 2698; x_wconf 89' lang='lat' dir='ltr'><strong>et</strong></span> <span class='ocrx_word' id='word_1_395' title='bbox 2151 2643 2514 2698; x_wconf 77' lang='lat' dir='ltr'><strong>testiinonium</strong></span> <span class='ocrx_word' id='word_1_396' title='bbox 2549 2641 2796 2710; x_wconf 74' lang='grc' dir='ltr'><strong>⁶θοιιιίιιί,</strong></span> <span class='ocrx_word' id='word_1_397' title='bbox 2847 2640 3074 2693; x_wconf 86' lang='lat' dir='ltr'><strong>dicentis</strong></span> <span class='ocrx_word' id='word_1_398' title='bbox 3113 2657 3127 2693; x_wconf 88' lang='lat'><strong>:</strong></span> <span class='ocrx_word' id='word_1_399' title='bbox 3167 2637 3291 2692; x_wconf 83' lang='lat' dir='ltr'><strong>Sine</strong></span> <span class='ocrx_word' id='word_1_400' title='bbox 3338 2655 3418 2690; x_wconf 83' lang='lat' dir='ltr'><strong>me</strong></span> 
     </span>
    </p>
   </div>
   <div class='ocr_carea' id='block_1_56' title="bbox 1868 2727 3414 2800">
    <p class='ocr_par' dir='ltr' id='par_1_56' title="bbox 1868 2727 3414 2800">
     <span class='ocr_line' id='line_1_56' title="bbox 1868 2727 3414 2800; baseline -0.004 -19"><span class='ocrx_word' id='word_1_401' title='bbox 1868 2734 1997 2786; x_wconf 80' lang='lat' dir='ltr'><strong>nihil</strong></span> <span class='ocrx_word' id='word_1_402' title='bbox 2032 2735 2244 2787; x_wconf 79' lang='lat' dir='ltr'><strong>omnino</strong></span> <span class='ocrx_word' id='word_1_403' title='bbox 2272 2733 2488 2800; x_wconf 76' lang='lat' dir='ltr'><strong>potestis</strong></span> <span class='ocrx_word' id='word_1_404' title='bbox 2529 2733 2700 2800; x_wconf 78' lang='lat' dir='ltr'><strong>facere</strong></span> <span class='ocrx_word' id='word_1_405' title='bbox 2723 2731 2803 2782; x_wconf 72' lang='grc' dir='ltr'><strong>ἐ</strong></span> <span class='ocrx_word' id='word_1_406' title='bbox 2831 2743 3004 2796; x_wconf 87' lang='lat' dir='ltr'><strong>neque</strong></span> <span class='ocrx_word' id='word_1_407' title='bbox 3043 2728 3197 2791; x_wconf 88' lang='lat' dir='ltr'><strong>dixit,</strong></span> <span class='ocrx_word' id='word_1_408' title='bbox 3225 2727 3414 2794; x_wconf 90' lang='lat' dir='ltr'><strong>inquit,</strong></span> 
     </span>
    </p>
   </div>
   <div class='ocr_carea' id='block_1_57' title="bbox 1867 2815 3417 2888">
    <p class='ocr_par' dir='ltr' id='par_1_57' title="bbox 1867 2815 3417 2888">
     <span class='ocr_line' id='line_1_57' title="bbox 1867 2815 3417 2888; baseline -0.006 -13"><span class='ocrx_word' id='word_1_409' title='bbox 1867 2823 2046 2876; x_wconf 84' lang='lat' dir='ltr'><strong>Facile</strong></span> <span class='ocrx_word' id='word_1_410' title='bbox 2078 2823 2254 2876; x_wconf 89' lang='lat' dir='ltr'><strong>facere</strong></span> <span class='ocrx_word' id='word_1_411' title='bbox 2309 2837 2411 2874; x_wconf 90' lang='lat' dir='ltr'><strong>non</strong></span> <span class='ocrx_word' id='word_1_412' title='bbox 2467 2819 2728 2888; x_wconf 85' lang='lat' dir='ltr'><strong>potestis;</strong></span> <span class='ocrx_word' id='word_1_413' title='bbox 2788 2817 2902 2883; x_wconf 90' lang='lat' dir='ltr'><strong>sed,</strong></span> <span class='ocrx_word' id='word_1_414' title='bbox 2963 2815 3116 2868; x_wconf 79' lang='lat' dir='ltr'><strong>Nihil</strong></span> <span class='ocrx_word' id='word_1_415' title='bbox 3204 2815 3417 2881; x_wconf 73' lang='lat' dir='ltr'><strong>potestis</strong></span> 
     </span>
    </p>
   </div>
   <div class='ocr_carea' id='block_1_58' title="bbox 1864 2913 2057 2980">
    <p class='ocr_par' dir='ltr' id='par_1_58' title="bbox 1864 2913 2057 2980">
     <span class='ocr_line' id='line_1_58' title="bbox 1864 2913 2057 2980; baseline -0.005 -14"><span class='ocrx_word' id='word_1_416' title='bbox 1864 2913 2057 2980; x_wconf 78' lang='lat' dir='ltr'><strong>facere.</strong></span> 
     </span>
    </p>
   </div>
   <div class='ocr_carea' id='block_1_59' title="bbox 201 2993 1762 3084">
    <p class='ocr_par' dir='ltr' id='par_1_59' title="bbox 201 2998 1762 3068">
     <span class='ocr_line' id='line_1_59' title="bbox 201 2998 1762 3068; baseline 0.003 -20"><span class='ocrx_word' id='word_1_417' title='bbox 201 2998 414 3050; x_wconf 74' lang='grc' dir='ltr'><strong>ΑΡΙΣΤ.</strong></span> <span class='ocrx_word' id='word_1_418' title='bbox 472 3018 490 3048; x_wconf 94' lang='lat'><strong>1</strong></span> <span class='ocrx_word' id='word_1_419' title='bbox 520 3000 580 3050; x_wconf 88' lang='grc' dir='ltr'><strong>Ὀ</strong></span> <span class='ocrx_word' id='word_1_420' title='bbox 607 2999 889 3066; x_wconf 86' lang='grc' dir='ltr'>κηρύττων</span> <span class='ocrx_word' id='word_1_421' title='bbox 908 3000 988 3051; x_wconf 79' lang='grc' dir='ltr'><strong>ὅτι</strong></span> <span class='ocrx_word' id='word_1_422' title='bbox 1017 2999 1108 3053; x_wconf 73' lang='grc' dir='ltr'>καὶ</span> <span class='ocrx_word' id='word_1_423' title='bbox 1133 3000 1254 3068; x_wconf 82' lang='grc' dir='ltr'>δίχα</span> <span class='ocrx_word' id='word_1_424' title='bbox 1275 2999 1373 3067; x_wconf 77' lang='grc' dir='ltr'>τῆς</span> <span class='ocrx_word' id='word_1_425' title='bbox 1398 3001 1616 3068; x_wconf 85' lang='grc' dir='ltr'>χάριτο;</span> <span class='ocrx_word' id='word_1_426' title='bbox 1642 3001 1762 3053; x_wconf 91' lang='grc' dir='ltr'>δυσ-</span> 
     </span>
    </p>
   </div>
   <div class='ocr_carea' id='block_1_60' title="bbox 1865 2993 3416 3084">
    <p class='ocr_par' dir='ltr' id='par_1_60' title="bbox 1867 2993 3416 3072">
     <span class='ocr_line' id='line_1_60' title="bbox 1867 2993 3416 3072; baseline -0.008 -15"><span class='ocrx_word' id='word_1_427' title='bbox 1867 3005 2094 3060; x_wconf 77' lang='lat' dir='ltr'><strong>ARIST.</strong></span> <span class='ocrx_word' id='word_1_428' title='bbox 2133 3022 2151 3056; x_wconf 93' lang='lat'><strong>1</strong></span> <span class='ocrx_word' id='word_1_429' title='bbox 2192 3004 2292 3071; x_wconf 88' lang='lat' dir='ltr'><strong>Qui</strong></span> <span class='ocrx_word' id='word_1_430' title='bbox 2328 3003 2605 3072; x_wconf 75' lang='lat' dir='ltr'><strong>prmdical,</strong></span> <span class='ocrx_word' id='word_1_431' title='bbox 2640 3000 2782 3068; x_wconf 86' lang='lat' dir='ltr'><strong>quod</strong></span> <span class='ocrx_word' id='word_1_432' title='bbox 2812 3007 2866 3053; x_wconf 83' lang='lat' dir='ltr'><strong>et</strong></span> <span class='ocrx_word' id='word_1_433' title='bbox 2915 3012 3032 3052; x_wconf 81' lang='lat' dir='ltr'><strong>sine</strong></span> <span class='ocrx_word' id='word_1_434' title='bbox 3077 3006 3248 3064; x_wconf 73' lang='lat' dir='ltr'><strong>gratia</strong></span> <span class='ocrx_word' id='word_1_435' title='bbox 3279 2993 3416 3045; x_wconf 80' lang='lat' dir='ltr'><strong>ditii-</strong></span> 
     </span>
    </p>
   </div>
   <div class='ocr_carea' id='block_1_61' title="bbox 267 3088 1754 3157">
    <p class='ocr_par' dir='ltr' id='par_1_61' title="bbox 267 3088 1754 3157">
     <span class='ocr_line' id='line_1_61' title="bbox 267 3088 1754 3157; baseline 0.003 -19"><span class='ocrx_word' id='word_1_436' title='bbox 267 3108 284 3138; x_wconf 91' lang='lat'><strong>1</strong></span> <span class='ocrx_word' id='word_1_437' title='bbox 330 3107 385 3156; x_wconf 83' lang='grc' dir='ltr'><strong>χε</strong></span> <span class='ocrx_word' id='word_1_438' title='bbox 397 3089 668 3157; x_wconf 81' lang='grc' dir='ltr'>ρεστέρως</span> <span class='ocrx_word' id='word_1_439' title='bbox 685 3128 700 3150; x_wconf 85' lang='grc'><strong>,</strong></span> <span class='ocrx_word' id='word_1_440' title='bbox 728 3089 842 3139; x_wconf 80' lang='grc' dir='ltr'>ἀλλ’</span> <span class='ocrx_word' id='word_1_441' title='bbox 862 3088 953 3140; x_wconf 81' lang='grc' dir='ltr'><strong>οὖν</strong></span> <span class='ocrx_word' id='word_1_442' title='bbox 977 3088 1356 3156; x_wconf 77' lang='grc' dir='ltr'>ἐκπληροῦμεν</span> <span class='ocrx_word' id='word_1_443' title='bbox 1379 3091 1474 3150; x_wconf 78' lang='grc' dir='ltr'>τὰς</span> <span class='ocrx_word' id='word_1_444' title='bbox 1500 3092 1718 3152; x_wconf 73' lang='grc' dir='ltr'>ἐντολὰς</span> <span class='ocrx_word' id='word_1_445' title='bbox 1740 3131 1754 3154; x_wconf 92' lang='grc'><strong>,</strong></span> 
     </span>
    </p>
   </div>
   <div class='ocr_carea' id='block_1_62' title="bbox 269 3177 1758 3248">
    <p class='ocr_par' dir='ltr' id='par_1_62' title="bbox 269 3177 1758 3248">
     <span class='ocr_line' id='line_1_62' title="bbox 269 3177 1758 3248; baseline 0.003 -20"><span class='ocrx_word' id='word_1_446' title='bbox 269 3199 286 3228; x_wconf 90' lang='lat'><strong>1</strong></span> <span class='ocrx_word' id='word_1_447' title='bbox 333 3181 767 3245; x_wconf 80' lang='grc' dir='ltr'>τρισκατάρατος</span> <span class='ocrx_word' id='word_1_448' title='bbox 795 3194 807 3207; x_wconf 93' lang='grc'><strong>·</strong></span> <span class='ocrx_word' id='word_1_449' title='bbox 849 3195 867 3228; x_wconf 96' lang='lat'><strong>1</strong></span> <span class='ocrx_word' id='word_1_450' title='bbox 914 3179 1096 3242; x_wconf 75' lang='lat' dir='ltr'><strong>prlc</strong></span> <span class='ocrx_word' id='word_1_451' title='bbox 1127 3178 1235 3246; x_wconf 74' lang='grc' dir='ltr'>γὰρ</span> <span class='ocrx_word' id='word_1_452' title='bbox 1264 3177 1430 3244; x_wconf 79' lang='grc' dir='ltr'>ἐμοῦ,</span> <span class='ocrx_word' id='word_1_453' title='bbox 1477 3197 1494 3228; x_wconf 96' lang='lat'><strong>1</strong></span> <span class='ocrx_word' id='word_1_454' title='bbox 1533 3181 1698 3248; x_wconf 73' lang='grc' dir='ltr'>φησὶν</span> <span class='ocrx_word' id='word_1_455' title='bbox 1730 3183 1758 3232; x_wconf 87' lang='grc' dir='ltr'>ὁ</span> 
     </span>
    </p>
   </div>
   <div class='ocr_carea' id='block_1_63' title="bbox 272 3266 1432 3336">
    <p class='ocr_par' dir='ltr' id='par_1_63' title="bbox 272 3266 1432 3336">
     <span class='ocr_line' id='line_1_63' title="bbox 272 3266 1432 3336; baseline -0.001 -17"><span class='ocrx_word' id='word_1_456' title='bbox 272 3289 290 3319; x_wconf 95' lang='lat'><strong>1</strong></span> <span class='ocrx_word' id='word_1_457' title='bbox 342 3270 558 3336; x_wconf 70' lang='grc' dir='ltr'>Κύριος,</span> <span class='ocrx_word' id='word_1_458' title='bbox 591 3269 662 3321; x_wconf 86' lang='grc' dir='ltr'>οὐ</span> <span class='ocrx_word' id='word_1_459' title='bbox 690 3267 952 3322; x_wconf 81' lang='grc' dir='ltr'>δύνασθε</span> <span class='ocrx_word' id='word_1_460' title='bbox 973 3267 1166 3320; x_wconf 82' lang='grc' dir='ltr'>ποιεῖν</span> <span class='ocrx_word' id='word_1_461' title='bbox 1189 3266 1386 3321; x_wconf 78' lang='grc' dir='ltr'>οὐδέν.</span> <span class='ocrx_word' id='word_1_462' title='bbox 1415 3288 1432 3318; x_wconf 89' lang='lat'><strong>1</strong></span> 
     </span>
    </p>
   </div>
   <div class='ocr_carea' id='block_1_64' title="bbox 265 3357 1753 3428">
    <p class='ocr_par' dir='ltr' id='par_1_64' title="bbox 265 3357 1753 3428">
     <span class='ocr_line' id='line_1_64' title="bbox 265 3357 1753 3428; baseline 0 -18"><span class='ocrx_word' id='word_1_463' title='bbox 265 3359 368 3410; x_wconf 81' lang='grc' dir='ltr'>Τοῦ</span> <span class='ocrx_word' id='word_1_464' title='bbox 401 3359 696 3424; x_wconf 73' lang='grc' dir='ltr'>Πελαγίαν,</span> <span class='ocrx_word' id='word_1_465' title='bbox 726 3359 816 3409; x_wconf 82' lang='grc' dir='ltr'><strong>καὶ</strong></span> <span class='ocrx_word' id='word_1_466' title='bbox 848 3357 1192 3421; x_wconf 86' lang='grc' dir='ltr'>Κελεστίνου,</span> <span class='ocrx_word' id='word_1_467' title='bbox 1223 3359 1316 3410; x_wconf 73' lang='grc' dir='ltr'>καὶ</span> <span class='ocrx_word' id='word_1_468' title='bbox 1341 3358 1632 3428; x_wconf 84' lang='grc' dir='ltr'>Νεστορίου</span> <span class='ocrx_word' id='word_1_469' title='bbox 1659 3358 1753 3411; x_wconf 89' lang='grc' dir='ltr'><strong>τοῦ</strong></span> 
     </span>
    </p>
   </div>
   <div class='ocr_carea' id='block_1_65' title="bbox 205 3447 1756 3516">
    <p class='ocr_par' dir='ltr' id='par_1_65' title="bbox 205 3447 1756 3516">
     <span class='ocr_line' id='line_1_65' title="bbox 205 3447 1756 3516; baseline 0.003 -16"><span class='ocrx_word' id='word_1_470' title='bbox 205 3451 608 3516; x_wconf 66' lang='grc' dir='ltr'>ιςαταιὸφρονος,</span> <span class='ocrx_word' id='word_1_471' title='bbox 657 3447 975 3516; x_wconf 72' lang='grc' dir='ltr'>ὀμοφρόνων</span> <span class='ocrx_word' id='word_1_472' title='bbox 1014 3452 1331 3516; x_wconf 81' lang='grc' dir='ltr'>γεγονότων,</span> <span class='ocrx_word' id='word_1_473' title='bbox 1378 3451 1511 3502; x_wconf 82' lang='grc' dir='ltr'>ἀλλὰ</span> <span class='ocrx_word' id='word_1_474' title='bbox 1551 3453 1646 3504; x_wconf 78' lang='grc' dir='ltr'><strong>καὶ</strong></span> <span class='ocrx_word' id='word_1_475' title='bbox 1689 3453 1756 3504; x_wconf 81' lang='grc' dir='ltr'>τὰ</span> 
     </span>
    </p>
   </div>
   <div class='ocr_carea' id='block_1_66' title="bbox 198 3539 1754 3610">
    <p class='ocr_par' dir='ltr' id='par_1_66' title="bbox 198 3539 1754 3610">
     <span class='ocr_line' id='line_1_66' title="bbox 198 3539 1754 3610; baseline 0.002 -20"><span class='ocrx_word' id='word_1_476' title='bbox 198 3541 298 3590; x_wconf 72' lang='grc' dir='ltr'>τῶν</span> <span class='ocrx_word' id='word_1_477' title='bbox 333 3539 608 3590; x_wconf 78' lang='grc' dir='ltr'>δυσσεϐὦν</span> <span class='ocrx_word' id='word_1_478' title='bbox 647 3539 959 3606; x_wconf 80' lang='grc' dir='ltr'>Μανιχαίων</span> <span class='ocrx_word' id='word_1_479' title='bbox 997 3541 1331 3607; x_wconf 84' lang='grc' dir='ltr'>φρονούντων</span> <span class='ocrx_word' id='word_1_480' title='bbox 1367 3541 1462 3592; x_wconf 63' lang='grc' dir='ltr'><strong>κα)⁸</strong></span> <span class='ocrx_word' id='word_1_481' title='bbox 1497 3541 1754 3610; x_wconf 76' lang='grc' dir='ltr'><strong>δογματί-⁹</strong></span> 
     </span>
    </p>
   </div>
   <div class='ocr_carea' id='block_1_67' title="bbox 202 3627 1757 3696">
    <p class='ocr_par' dir='ltr' id='par_1_67' title="bbox 202 3627 1757 3696">
     <span class='ocr_line' id='line_1_67' title="bbox 202 3627 1757 3696; baseline 0.002 -17"><span class='ocrx_word' id='word_1_482' title='bbox 202 3629 406 3690; x_wconf 75' lang='grc' dir='ltr'>ζόντων,</span> <span class='ocrx_word' id='word_1_483' title='bbox 439 3631 530 3681; x_wconf 83' lang='grc' dir='ltr'>καὶ</span> <span class='ocrx_word' id='word_1_484' title='bbox 555 3628 725 3678; x_wconf 80' lang='grc' dir='ltr'>ταῦτα</span> <span class='ocrx_word' id='word_1_485' title='bbox 759 3628 901 3695; x_wconf 75' lang='grc' dir='ltr'>εἰπερ</span> <span class='ocrx_word' id='word_1_486' title='bbox 930 3629 963 3696; x_wconf 77' lang='grc' dir='ltr'>ἡ</span> <span class='ocrx_word' id='word_1_487' title='bbox 996 3627 1205 3689; x_wconf 82' lang='grc' dir='ltr'>σύνοδος</span> <span class='ocrx_word' id='word_1_488' title='bbox 1235 3629 1640 3695; x_wconf 75' lang='grc' dir='ltr'>ἀναθεματίζει,</span> <span class='ocrx_word' id='word_1_489' title='bbox 1666 3631 1757 3682; x_wconf 79' lang='grc' dir='ltr'><strong>οὔ·</strong></span> 
     </span>
    </p>
   </div>
   <div class='ocr_carea' id='block_1_68' title="bbox 203 3718 1754 3790">
    <p class='ocr_par' dir='ltr' id='par_1_68' title="bbox 203 3718 1754 3790">
     <span class='ocr_line' id='line_1_68' title="bbox 203 3718 1754 3790; baseline 0.002 -21"><span class='ocrx_word' id='word_1_490' title='bbox 203 3719 322 3770; x_wconf 70' lang='grc' dir='ltr'>ποτέ</span> <span class='ocrx_word' id='word_1_491' title='bbox 347 3735 426 3778; x_wconf 86' lang='grc' dir='ltr'><strong>τις</strong></span> <span class='ocrx_word' id='word_1_492' title='bbox 453 3718 622 3769; x_wconf 84' lang='grc' dir='ltr'>ταῦτα</span> <span class='ocrx_word' id='word_1_493' title='bbox 655 3718 926 3786; x_wconf 80' lang='grc' dir='ltr'>φρονήσας</span> <span class='ocrx_word' id='word_1_494' title='bbox 949 3719 1058 3780; x_wconf 82' lang='grc' dir='ltr'>τοῖς</span> <span class='ocrx_word' id='word_1_495' title='bbox 1088 3719 1426 3785; x_wconf 82' lang='grc' dir='ltr'>Χριστιανοίς</span> <span class='ocrx_word' id='word_1_496' title='bbox 1460 3721 1754 3790; x_wconf 73' lang='grc' dir='ltr'>συνταχθῆ-</span> 
     </span>
    </p>
   </div>
   <div class='ocr_carea' id='block_1_69' title="bbox 203 3805 1752 3876">
    <p class='ocr_par' dir='ltr' id='par_1_69' title="bbox 203 3805 1752 3876">
     <span class='ocr_line' id='line_1_69' title="bbox 203 3805 1752 3876; baseline 0.002 -18"><span class='ocrx_word' id='word_1_497' title='bbox 203 3822 364 3868; x_wconf 80' lang='grc' dir='ltr'>σεται,</span> <span class='ocrx_word' id='word_1_498' title='bbox 408 3808 544 3858; x_wconf 70' lang='grc' dir='ltr'>ἀλλὰ</span> <span class='ocrx_word' id='word_1_499' title='bbox 587 3807 688 3874; x_wconf 82' lang='grc' dir='ltr'>τῆς</span> <span class='ocrx_word' id='word_1_500' title='bbox 722 3805 1044 3875; x_wconf 83' lang='grc' dir='ltr'>Ἐκκλησίας</span> <span class='ocrx_word' id='word_1_501' title='bbox 1083 3807 1632 3876; x_wconf 76' lang='grc' dir='ltr'>ἑξοστρακισθήσεται</span> <span class='ocrx_word' id='word_1_502' title='bbox 1676 3811 1752 3870; x_wconf 86' lang='grc' dir='ltr'>ὠς</span> 
     </span>
    </p>
   </div>
   <div class='ocr_carea' id='block_1_70' title="bbox 201 3897 1757 3964">
    <p class='ocr_par' dir='ltr' id='par_1_70' title="bbox 201 3897 1757 3964">
     <span class='ocr_line' id='line_1_70' title="bbox 201 3897 1757 3964; baseline 0.003 -18"><span class='ocrx_word' id='word_1_503' title='bbox 201 3897 502 3963; x_wconf 78' lang='grc' dir='ltr'>ἀλλότριος,</span> <span class='ocrx_word' id='word_1_504' title='bbox 538 3898 629 3949; x_wconf 70' lang='grc' dir='ltr'>καὶ</span> <span class='ocrx_word' id='word_1_505' title='bbox 671 3897 946 3963; x_wconf 78' lang='grc' dir='ltr'>χωρισμὸν</span> <span class='ocrx_word' id='word_1_506' title='bbox 980 3897 1088 3948; x_wconf 81' lang='grc' dir='ltr'>ἀπὸ</span> <span class='ocrx_word' id='word_1_507' title='bbox 1122 3897 1320 3964; x_wconf 89' lang='grc' dir='ltr'>ταύτης</span> <span class='ocrx_word' id='word_1_508' title='bbox 1363 3900 1452 3949; x_wconf 69' lang='grc' dir='ltr'>καὶ</span> <span class='ocrx_word' id='word_1_509' title='bbox 1489 3897 1580 3950; x_wconf 81' lang='grc' dir='ltr'><strong>τοῦ</strong></span> <span class='ocrx_word' id='word_1_510' title='bbox 1621 3899 1757 3951; x_wconf 84' lang='grc' dir='ltr'>Θεοῦ</span> 
     </span>
    </p>
   </div>
   <div class='ocr_carea' id='block_1_71' title="bbox 203 3986 1755 4055">
    <p class='ocr_par' dir='ltr' id='par_1_71' title="bbox 203 3986 1755 4055">
     <span class='ocr_line' id='line_1_71' title="bbox 203 3986 1755 4055; baseline 0.003 -19"><span class='ocrx_word' id='word_1_511' title='bbox 203 3987 556 4054; x_wconf 74' lang='grc' dir='ltr'>κληρώσεται.</span> <span class='ocrx_word' id='word_1_512' title='bbox 596 3986 732 4037; x_wconf 74' lang='grc' dir='ltr'><strong>Φασὶ</strong></span> <span class='ocrx_word' id='word_1_513' title='bbox 775 3986 830 4038; x_wconf 83' lang='grc' dir='ltr'><strong>δέ</strong></span> <span class='ocrx_word' id='word_1_514' title='bbox 871 4003 1016 4047; x_wconf 86' lang='grc' dir='ltr'>τινες</span> <span class='ocrx_word' id='word_1_515' title='bbox 1056 3988 1180 4048; x_wconf 75' lang='grc' dir='ltr'>τοὺς</span> <span class='ocrx_word' id='word_1_516' title='bbox 1224 3987 1470 4049; x_wconf 79' lang='grc' dir='ltr'>ἀνοσίους</span> <span class='ocrx_word' id='word_1_517' title='bbox 1513 3990 1755 4055; x_wconf 86' lang='grc' dir='ltr'>τούτους,</span> 
     </span>
    </p>
   </div>
   <div class='ocr_carea' id='block_1_72' title="bbox 203 4076 1762 4146">
    <p class='ocr_par' dir='ltr' id='par_1_72' title="bbox 203 4076 1762 4146">
     <span class='ocr_line' id='line_1_72' title="bbox 203 4076 1762 4146; baseline 0.003 -20"><span class='ocrx_word' id='word_1_518' title='bbox 203 4078 288 4128; x_wconf 75' lang='grc' dir='ltr'><strong>τὸν</strong></span> <span class='ocrx_word' id='word_1_519' title='bbox 323 4079 640 4130; x_wconf 83' lang='grc' dir='ltr'>Κελεστῖνον</span> <span class='ocrx_word' id='word_1_520' title='bbox 674 4076 874 4145; x_wconf 70' lang='grc' dir='ltr'>δηλαδὴ</span> <span class='ocrx_word' id='word_1_521' title='bbox 909 4078 1002 4128; x_wconf 77' lang='grc' dir='ltr'>καὶ</span> <span class='ocrx_word' id='word_1_522' title='bbox 1039 4078 1329 4143; x_wconf 75' lang='grc' dir='ltr'>Πελάγιον,</span> <span class='ocrx_word' id='word_1_523' title='bbox 1369 4082 1507 4146; x_wconf 81' lang='grc' dir='ltr'>μήτε</span> <span class='ocrx_word' id='word_1_524' title='bbox 1540 4080 1762 4131; x_wconf 71' lang='grc' dir='ltr'>ἔπισκόο</span> 
     </span>
    </p>
   </div>
   <div class='ocr_carea' id='block_1_73' title="bbox 206 4166 1754 4238">
    <p class='ocr_par' dir='ltr' id='par_1_73' title="bbox 206 4166 1754 4238">
     <span class='ocr_line' id='line_1_73' title="bbox 206 4166 1754 4238; baseline 0.004 -22"><span class='ocrx_word' id='word_1_525' title='bbox 206 4183 358 4228; x_wconf 80' lang='grc' dir='ltr'>πους,</span> <span class='ocrx_word' id='word_1_526' title='bbox 393 4169 530 4234; x_wconf 80' lang='grc' dir='ltr'>μήτε</span> <span class='ocrx_word' id='word_1_527' title='bbox 565 4166 994 4235; x_wconf 78' lang='grc' dir='ltr'>πρεσϐυτέρους,</span> <span class='ocrx_word' id='word_1_528' title='bbox 1032 4169 1166 4235; x_wconf 72' lang='grc' dir='ltr'>μήτε</span> <span class='ocrx_word' id='word_1_529' title='bbox 1197 4167 1330 4229; x_wconf 85' lang='grc' dir='ltr'>ὅλως</span> <span class='ocrx_word' id='word_1_530' title='bbox 1356 4169 1449 4220; x_wconf 76' lang='grc' dir='ltr'><strong>τοῦ</strong></span> <span class='ocrx_word' id='word_1_531' title='bbox 1483 4169 1754 4238; x_wconf 76' lang='grc' dir='ltr'>ἱερατικοῦ</span> 
     </span>
    </p>
   </div>
   <div class='ocr_carea' id='block_1_74' title="bbox 205 4254 1759 4325">
    <p class='ocr_par' dir='ltr' id='par_1_74' title="bbox 205 4254 1759 4325">
     <span class='ocr_line' id='line_1_74' title="bbox 205 4254 1759 4325; baseline 0.005 -21"><span class='ocrx_word' id='word_1_532' title='bbox 205 4255 448 4318; x_wconf 81' lang='grc' dir='ltr'>γενέσθαι</span> <span class='ocrx_word' id='word_1_533' title='bbox 480 4256 760 4322; x_wconf 82' lang='grc' dir='ltr'>τάγματος</span> <span class='ocrx_word' id='word_1_534' title='bbox 786 4270 799 4284; x_wconf 79' lang='grc' dir='ltr'><strong><em>ο</em></strong></span> <span class='ocrx_word' id='word_1_535' title='bbox 832 4254 948 4306; x_wconf 82' lang='grc' dir='ltr'>ἀλλ’</span> <span class='ocrx_word' id='word_1_536' title='bbox 971 4254 1172 4307; x_wconf 80' lang='grc' dir='ltr'>ὡσανεὶ</span> <span class='ocrx_word' id='word_1_537' title='bbox 1203 4256 1534 4322; x_wconf 76' lang='grc' dir='ltr'>μονάζοντας</span> <span class='ocrx_word' id='word_1_538' title='bbox 1566 4258 1759 4325; x_wconf 72' lang='grc' dir='ltr'>ὄντας,</span> 
     </span>
    </p>
   </div>
   <div class='ocr_carea' id='block_1_75' title="bbox 1948 3086 3414 3162">
    <p class='ocr_par' dir='ltr' id='par_1_75' title="bbox 1948 3086 3414 3162">
     <span class='ocr_line' id='line_1_75' title="bbox 1948 3086 3414 3162; baseline -0.008 -16"><span class='ocrx_word' id='word_1_539' title='bbox 1948 3114 1965 3146; x_wconf 91' lang='lat'><strong>1</strong></span> <span class='ocrx_word' id='word_1_540' title='bbox 2007 3096 2166 3148; x_wconf 81' lang='lat' dir='ltr'><strong>cilius</strong></span> <span class='ocrx_word' id='word_1_541' title='bbox 2192 3095 2426 3162; x_wconf 88' lang='lat' dir='ltr'><strong>quidem,</strong></span> <span class='ocrx_word' id='word_1_542' title='bbox 2456 3093 2548 3145; x_wconf 86' lang='lat' dir='ltr'><strong>sed</strong></span> <span class='ocrx_word' id='word_1_543' title='bbox 2598 3100 2776 3143; x_wconf 82' lang='lat' dir='ltr'><strong>tamen</strong></span> <span class='ocrx_word' id='word_1_544' title='bbox 2808 3088 3084 3156; x_wconf 75' lang='lat' dir='ltr'><strong>esplemus</strong></span> <span class='ocrx_word' id='word_1_545' title='bbox 3128 3086 3374 3136; x_wconf 82' lang='lat' dir='ltr'><strong>mandata</strong></span> <span class='ocrx_word' id='word_1_546' title='bbox 3401 3120 3414 3143; x_wconf 88' lang='lat'><strong>,</strong></span> 
     </span>
    </p>
   </div>
   <div class='ocr_carea' id='block_1_76' title="bbox 1947 3172 3414 3237">
    <p class='ocr_par' dir='ltr' id='par_1_76' title="bbox 1947 3172 3414 3237">
     <span class='ocr_line' id='line_1_76' title="bbox 1947 3172 3414 3237; baseline -0.008 -2"><span class='ocrx_word' id='word_1_547' title='bbox 1947 3203 1965 3235; x_wconf 93' lang='lat'><strong>1</strong></span> <span class='ocrx_word' id='word_1_548' title='bbox 2014 3193 2095 3237; x_wconf 89' lang='lat' dir='ltr'><strong>ter</strong></span> <span class='ocrx_word' id='word_1_549' title='bbox 2150 3181 2509 3237; x_wconf 77' lang='lat' dir='ltr'><strong>exsecrandus</strong></span> <span class='ocrx_word' id='word_1_550' title='bbox 2552 3188 2636 3232; x_wconf 84' lang='lat' dir='ltr'><strong>est</strong></span> <span class='ocrx_word' id='word_1_551' title='bbox 2690 3195 2706 3232; x_wconf 94' lang='lat'><strong>:</strong></span> <span class='ocrx_word' id='word_1_552' title='bbox 2765 3175 2895 3230; x_wconf 88' lang='lat' dir='ltr'><strong>dicit</strong></span> <span class='ocrx_word' id='word_1_553' title='bbox 2946 3174 3087 3226; x_wconf 89' lang='lat' dir='ltr'><strong>enim</strong></span> <span class='ocrx_word' id='word_1_554' title='bbox 3137 3172 3414 3234; x_wconf 86' lang='lat' dir='ltr'><strong>Dominus,</strong></span> 
     </span>
    </p>
   </div>
   <div class='ocr_carea' id='block_1_77' title="bbox 1947 3266 3190 3333">
    <p class='ocr_par' dir='ltr' id='par_1_77' title="bbox 1947 3266 3190 3333">
     <span class='ocr_line' id='line_1_77' title="bbox 1947 3266 3190 3333; baseline -0.008 -9"><span class='ocrx_word' id='word_1_555' title='bbox 1947 3293 1965 3324; x_wconf 95' lang='lat'><strong>1</strong></span> <span class='ocrx_word' id='word_1_556' title='bbox 2015 3272 2138 3328; x_wconf 82' lang='lat' dir='ltr'><strong>Sine</strong></span> <span class='ocrx_word' id='word_1_557' title='bbox 2166 3289 2241 3325; x_wconf 86' lang='lat' dir='ltr'><strong>me</strong></span> <span class='ocrx_word' id='word_1_558' title='bbox 2277 3270 2407 3324; x_wconf 79' lang='lat' dir='ltr'><strong>nihil</strong></span> <span class='ocrx_word' id='word_1_559' title='bbox 2432 3271 2642 3323; x_wconf 81' lang='lat' dir='ltr'><strong>omnino</strong></span> <span class='ocrx_word' id='word_1_560' title='bbox 2678 3268 2851 3333; x_wconf 79' lang='lat' dir='ltr'><strong>facere</strong></span> <span class='ocrx_word' id='word_1_561' title='bbox 2890 3266 3126 3332; x_wconf 75' lang='lat' dir='ltr'><strong>potestis.</strong></span> <span class='ocrx_word' id='word_1_562' title='bbox 3172 3283 3190 3314; x_wconf 91' lang='lat'><strong>1</strong></span> 
     </span>
    </p>
   </div>
   <div class='ocr_carea' id='block_1_78' title="bbox 1942 3353 3414 3434">
    <p class='ocr_par' dir='ltr' id='par_1_78' title="bbox 1942 3353 3414 3434">
     <span class='ocr_line' id='line_1_78' title="bbox 1942 3353 3414 3434; baseline -0.009 -18"><span class='ocrx_word' id='word_1_563' title='bbox 1942 3364 2154 3433; x_wconf 78' lang='lat' dir='ltr'><strong>Pelagio</strong></span> <span class='ocrx_word' id='word_1_564' title='bbox 2177 3372 2228 3415; x_wconf 87' lang='lat' dir='ltr'><strong>et</strong></span> <span class='ocrx_word' id='word_1_565' title='bbox 2249 3361 2513 3415; x_wconf 85' lang='lat' dir='ltr'><strong>Celestino</strong></span> <span class='ocrx_word' id='word_1_566' title='bbox 2532 3365 2587 3412; x_wconf 91' lang='lat' dir='ltr'><strong>et</strong></span> <span class='ocrx_word' id='word_1_567' title='bbox 2614 3356 2864 3411; x_wconf 82' lang='lat' dir='ltr'><strong>Nestorio</strong></span> <span class='ocrx_word' id='word_1_568' title='bbox 2889 3356 3119 3434; x_wconf 79' lang='lat' dir='ltr'><strong>absurda</strong></span> <span class='ocrx_word' id='word_1_569' title='bbox 3145 3353 3414 3421; x_wconf 88' lang='lat' dir='ltr'><strong>sapiente,</strong></span> 
     </span>
    </p>
   </div>
   <div class='ocr_carea' id='block_1_79' title="bbox 1865 3441 3419 3513">
    <p class='ocr_par' dir='ltr' id='par_1_79' title="bbox 1865 3441 3419 3513">
     <span class='ocr_line' id='line_1_79' title="bbox 1865 3441 3419 3513; baseline -0.01 -5"><span class='ocrx_word' id='word_1_570' title='bbox 1865 3451 2348 3511; x_wconf 88' lang='lat' dir='ltr'><strong>consentientibus,</strong></span> <span class='ocrx_word' id='word_1_571' title='bbox 2399 3461 2452 3503; x_wconf 90' lang='lat' dir='ltr'><strong>et</strong></span> <span class='ocrx_word' id='word_1_572' title='bbox 2486 3447 2770 3513; x_wconf 86' lang='lat' dir='ltr'><strong>impiorum</strong></span> <span class='ocrx_word' id='word_1_573' title='bbox 2820 3443 3235 3496; x_wconf 68' lang='lat' dir='ltr'><strong>Manichaaorum</strong></span> <span class='ocrx_word' id='word_1_574' title='bbox 3287 3441 3419 3507; x_wconf 73' lang='lat' dir='ltr'><strong>dog-</strong></span> 
     </span>
    </p>
   </div>
   <div class='ocr_carea' id='block_1_80' title="bbox 1869 3531 3418 3610">
    <p class='ocr_par' dir='ltr' id='par_1_80' title="bbox 1869 3531 3418 3610">
     <span class='ocr_line' id='line_1_80' title="bbox 1869 3531 3418 3610; baseline -0.01 -13"><span class='ocrx_word' id='word_1_575' title='bbox 1869 3554 2006 3597; x_wconf 83' lang='lat' dir='ltr'><strong>mata</strong></span> <span class='ocrx_word' id='word_1_576' title='bbox 2030 3551 2084 3598; x_wconf 90' lang='lat' dir='ltr'><strong>et</strong></span> <span class='ocrx_word' id='word_1_577' title='bbox 2114 3556 2174 3600; x_wconf 82' lang='lat' dir='ltr'><strong>ea</strong></span> <span class='ocrx_word' id='word_1_578' title='bbox 2205 3555 2322 3610; x_wconf 73' lang='lat' dir='ltr'><strong>quae</strong></span> <span class='ocrx_word' id='word_1_579' title='bbox 2343 3536 2579 3606; x_wconf 84' lang='lat' dir='ltr'><strong>synodus</strong></span> <span class='ocrx_word' id='word_1_580' title='bbox 2602 3535 3026 3588; x_wconf 83' lang='lat' dir='ltr'><strong>anathematizat</strong></span> <span class='ocrx_word' id='word_1_581' title='bbox 3057 3531 3418 3586; x_wconf 87' lang='lat' dir='ltr'><strong>sentientibus</strong></span> 
     </span>
    </p>
   </div>
   <div class='ocr_carea' id='block_1_81' title="bbox 1867 3618 3418 3701">
    <p class='ocr_par' dir='ltr' id='par_1_81' title="bbox 1867 3618 3418 3701">
     <span class='ocr_line' id='line_1_81' title="bbox 1867 3618 3418 3701; baseline -0.01 -15"><span class='ocrx_word' id='word_1_582' title='bbox 1867 3645 1921 3686; x_wconf 89' lang='lat' dir='ltr'><strong>et</strong></span> <span class='ocrx_word' id='word_1_583' title='bbox 1973 3629 2411 3701; x_wconf 77' lang='lat' dir='ltr'><strong>praedicantibus,</strong></span> <span class='ocrx_word' id='word_1_584' title='bbox 2465 3626 2555 3693; x_wconf 86' lang='lat' dir='ltr'><strong>qui</strong></span> <span class='ocrx_word' id='word_1_585' title='bbox 2607 3625 2794 3678; x_wconf 84' lang='lat' dir='ltr'><strong>eadem</strong></span> <span class='ocrx_word' id='word_1_586' title='bbox 2852 3623 3016 3676; x_wconf 86' lang='lat' dir='ltr'><strong>sentit</strong></span> <span class='ocrx_word' id='word_1_587' title='bbox 3074 3621 3214 3673; x_wconf 88' lang='lat' dir='ltr'><strong>inter</strong></span> <span class='ocrx_word' id='word_1_588' title='bbox 3256 3618 3418 3672; x_wconf 62' lang='lat' dir='ltr'><strong>Chrio</strong></span> 
     </span>
    </p>
   </div>
   <div class='ocr_carea' id='block_1_82' title="bbox 1869 3709 3419 3777">
    <p class='ocr_par' dir='ltr' id='par_1_82' title="bbox 1869 3709 3419 3777">
     <span class='ocr_line' id='line_1_82' title="bbox 1869 3709 3419 3777; baseline -0.01 -1"><span class='ocrx_word' id='word_1_589' title='bbox 1869 3723 2073 3776; x_wconf 88' lang='lat' dir='ltr'><strong>stiauos</strong></span> <span class='ocrx_word' id='word_1_590' title='bbox 2105 3734 2207 3772; x_wconf 87' lang='lat' dir='ltr'><strong>non</strong></span> <span class='ocrx_word' id='word_1_591' title='bbox 2236 3717 2564 3776; x_wconf 88' lang='lat' dir='ltr'><strong>collocatur,</strong></span> <span class='ocrx_word' id='word_1_592' title='bbox 2601 3713 2693 3766; x_wconf 88' lang='lat' dir='ltr'><strong>sed</strong></span> <span class='ocrx_word' id='word_1_593' title='bbox 2741 3727 2805 3766; x_wconf 85' lang='lat' dir='ltr'><strong>ex</strong></span> <span class='ocrx_word' id='word_1_594' title='bbox 2859 3710 3101 3765; x_wconf 84' lang='lat' dir='ltr'><strong>Ecclesia</strong></span> <span class='ocrx_word' id='word_1_595' title='bbox 3150 3709 3419 3777; x_wconf 80' lang='lat' dir='ltr'><strong>relegatur</strong></span> 
     </span>
    </p>
   </div>
   <div class='ocr_carea' id='block_1_83' title="bbox 1869 3798 3418 3870">
    <p class='ocr_par' dir='ltr' id='par_1_83' title="bbox 1869 3798 3418 3870">
     <span class='ocr_line' id='line_1_83' title="bbox 1869 3798 3418 3870; baseline -0.009 -7"><span class='ocrx_word' id='word_1_596' title='bbox 1869 3821 1926 3863; x_wconf 91' lang='lat' dir='ltr'><strong>nt</strong></span> <span class='ocrx_word' id='word_1_597' title='bbox 1952 3811 2183 3870; x_wconf 86' lang='lat' dir='ltr'><strong>alienus,</strong></span> <span class='ocrx_word' id='word_1_598' title='bbox 2235 3817 2288 3860; x_wconf 89' lang='lat' dir='ltr'><strong>et</strong></span> <span class='ocrx_word' id='word_1_599' title='bbox 2333 3807 2398 3857; x_wconf 86' lang='lat' dir='ltr'><strong>ab</strong></span> <span class='ocrx_word' id='word_1_600' title='bbox 2429 3818 2490 3858; x_wconf 88' lang='lat' dir='ltr'><strong>ea</strong></span> <span class='ocrx_word' id='word_1_601' title='bbox 2522 3805 2721 3870; x_wconf 89' lang='lat' dir='ltr'><strong>pariter</strong></span> <span class='ocrx_word' id='word_1_602' title='bbox 2765 3809 2822 3855; x_wconf 79' lang='lat' dir='ltr'><strong>et</strong></span> <span class='ocrx_word' id='word_1_603' title='bbox 2873 3800 2981 3854; x_wconf 87' lang='lat' dir='ltr'><strong>Deo</strong></span> <span class='ocrx_word' id='word_1_604' title='bbox 3027 3798 3418 3870; x_wconf 73' lang='lat' dir='ltr'><strong>segregabitur.</strong></span> 
     </span>
    </p>
   </div>
   <div class='ocr_carea' id='block_1_84' title="bbox 1868 3887 3420 3964">
    <p class='ocr_par' dir='ltr' id='par_1_84' title="bbox 1868 3887 3420 3964">
     <span class='ocr_line' id='line_1_84' title="bbox 1868 3887 3420 3964; baseline -0.01 -8"><span class='ocrx_word' id='word_1_605' title='bbox 1868 3903 2064 3956; x_wconf 80' lang='lat' dir='ltr'><strong>Dicunt</strong></span> <span class='ocrx_word' id='word_1_606' title='bbox 2115 3908 2294 3952; x_wconf 89' lang='lat' dir='ltr'><strong>autem</strong></span> <span class='ocrx_word' id='word_1_607' title='bbox 2328 3895 2547 3964; x_wconf 89' lang='lat' dir='ltr'><strong>quidam</strong></span> <span class='ocrx_word' id='word_1_608' title='bbox 2608 3893 2798 3960; x_wconf 90' lang='lat' dir='ltr'><strong>impios</strong></span> <span class='ocrx_word' id='word_1_609' title='bbox 2849 3892 2987 3956; x_wconf 91' lang='lat' dir='ltr'><strong>illos,</strong></span> <span class='ocrx_word' id='word_1_610' title='bbox 3021 3904 3212 3956; x_wconf 86' lang='lat' dir='ltr'><strong>nempe</strong></span> <span class='ocrx_word' id='word_1_611' title='bbox 3263 3887 3420 3942; x_wconf 88' lang='lat' dir='ltr'><strong>Cele-</strong></span> 
     </span>
    </p>
   </div>
   <div class='ocr_carea' id='block_1_85' title="bbox 1864 3980 3418 4053">
    <p class='ocr_par' dir='ltr' id='par_1_85' title="bbox 1864 3980 3418 4053">
     <span class='ocr_line' id='line_1_85' title="bbox 1864 3980 3418 4053; baseline -0.006 -8"><span class='ocrx_word' id='word_1_612' title='bbox 1864 3993 2060 4046; x_wconf 90' lang='lat' dir='ltr'><strong>stinum</strong></span> <span class='ocrx_word' id='word_1_613' title='bbox 2089 3997 2145 4042; x_wconf 91' lang='lat' dir='ltr'><strong>et</strong></span> <span class='ocrx_word' id='word_1_614' title='bbox 2176 3985 2469 4053; x_wconf 75' lang='lat' dir='ltr'><strong>Pelagium,</strong></span> <span class='ocrx_word' id='word_1_615' title='bbox 2504 3998 2604 4038; x_wconf 86' lang='lat' dir='ltr'><strong>nec</strong></span> <span class='ocrx_word' id='word_1_616' title='bbox 2628 3984 2911 4050; x_wconf 86' lang='lat' dir='ltr'><strong>episcopos</strong></span> <span class='ocrx_word' id='word_1_617' title='bbox 2941 3995 3042 4034; x_wconf 85' lang='lat' dir='ltr'><strong>nec</strong></span> <span class='ocrx_word' id='word_1_618' title='bbox 3073 3980 3418 4046; x_wconf 78' lang='lat' dir='ltr'><strong>presbyteros</strong></span> 
     </span>
    </p>
   </div>
   <div class='ocr_carea' id='block_1_86' title="bbox 1869 4067 3418 4134">
    <p class='ocr_par' dir='ltr' id='par_1_86' title="bbox 1869 4067 3418 4134">
     <span class='ocr_line' id='line_1_86' title="bbox 1869 4067 3418 4134; baseline -0.008 -3"><span class='ocrx_word' id='word_1_619' title='bbox 1869 4094 1967 4134; x_wconf 89' lang='lat' dir='ltr'><strong>nec</strong></span> <span class='ocrx_word' id='word_1_620' title='bbox 1995 4077 2213 4130; x_wconf 91' lang='lat' dir='ltr'><strong>omnino</strong></span> <span class='ocrx_word' id='word_1_621' title='bbox 2250 4077 2314 4128; x_wconf 93' lang='lat' dir='ltr'><strong>de</strong></span> <span class='ocrx_word' id='word_1_622' title='bbox 2339 4075 2531 4127; x_wconf 89' lang='lat' dir='ltr'><strong>ordine</strong></span> <span class='ocrx_word' id='word_1_623' title='bbox 2560 4070 2878 4125; x_wconf 81' lang='lat' dir='ltr'><strong>sacerdotali</strong></span> <span class='ocrx_word' id='word_1_624' title='bbox 2911 4067 3116 4132; x_wconf 87' lang='lat' dir='ltr'><strong>fuisse;</strong></span> <span class='ocrx_word' id='word_1_625' title='bbox 3149 4067 3240 4120; x_wconf 89' lang='lat' dir='ltr'><strong>sed</strong></span> <span class='ocrx_word' id='word_1_626' title='bbox 3265 4067 3418 4132; x_wconf 88' lang='lat' dir='ltr'><strong>quasi</strong></span> 
     </span>
    </p>
   </div>
   <div class='ocr_carea' id='block_1_87' title="bbox 1867 4160 3412 4226">
    <p class='ocr_par' dir='ltr' id='par_1_87' title="bbox 1867 4160 3412 4226">
     <span class='ocr_line' id='line_1_87' title="bbox 1867 4160 3412 4226; baseline -0.011 -3"><span class='ocrx_word' id='word_1_627' title='bbox 1867 4167 2157 4223; x_wconf 84' lang='lat' dir='ltr'><strong>monachos</strong></span> <span class='ocrx_word' id='word_1_628' title='bbox 2177 4163 2516 4224; x_wconf 86' lang='lat' dir='ltr'><strong>exsistentes,</strong></span> <span class='ocrx_word' id='word_1_629' title='bbox 2540 4167 2595 4213; x_wconf 88' lang='lat' dir='ltr'><strong>et</strong></span> <span class='ocrx_word' id='word_1_630' title='bbox 2617 4160 2863 4214; x_wconf 74' lang='lat' dir='ltr'><strong>civitates</strong></span> <span class='ocrx_word' id='word_1_631' title='bbox 2895 4166 3332 4226; x_wconf 86' lang='lat' dir='ltr'><strong>pertranseuntes</strong></span> <span class='ocrx_word' id='word_1_632' title='bbox 3359 4166 3412 4207; x_wconf 87' lang='lat' dir='ltr'><strong>et</strong></span> 
     </span>
    </p>
   </div>
   <div class='ocr_carea' id='block_1_88' title="bbox 1864 4246 3417 4312">
    <p class='ocr_par' dir='ltr' id='par_1_88' title="bbox 1864 4246 3417 4312">
     <span class='ocr_line' id='line_1_88' title="bbox 1864 4246 3417 4312; baseline -0.01 0"><span class='ocrx_word' id='word_1_633' title='bbox 1864 4257 2266 4312; x_wconf 87' lang='lat' dir='ltr'><strong>consentientes</strong></span> <span class='ocrx_word' id='word_1_634' title='bbox 2285 4260 2474 4306; x_wconf 89' lang='lat' dir='ltr'><strong>contra</strong></span> <span class='ocrx_word' id='word_1_635' title='bbox 2501 4251 2803 4312; x_wconf 83' lang='lat' dir='ltr'><strong>veritatem,</strong></span> <span class='ocrx_word' id='word_1_636' title='bbox 2826 4249 2881 4301; x_wconf 93' lang='lat' dir='ltr'><strong>in</strong></span> <span class='ocrx_word' id='word_1_637' title='bbox 2905 4246 3201 4300; x_wconf 86' lang='lat' dir='ltr'><strong>Ecclesiam</strong></span> <span class='ocrx_word' id='word_1_638' title='bbox 3237 4257 3417 4300; x_wconf 86' lang='lat' dir='ltr'><strong>autem</strong></span> 
     </span>
    </p>
   </div>
   <div class='ocr_carea' id='block_1_89' title="bbox 208 4337 1762 4418">
    <p class='ocr_par' dir='ltr' id='par_1_89' title="bbox 208 4343 1760 4414">
     <span class='ocr_line' id='line_1_89' title="bbox 208 4343 1760 4414; baseline 0.005 -22"><span class='ocrx_word' id='word_1_639' title='bbox 208 4346 286 4395; x_wconf 76' lang='lat' dir='ltr'><strong>xa‘:</strong></span> <span class='ocrx_word' id='word_1_640' title='bbox 311 4345 382 4395; x_wconf 83' lang='grc' dir='ltr'><strong>διε</strong></span> <span class='ocrx_word' id='word_1_641' title='bbox 391 4345 688 4412; x_wconf 79' lang='grc' dir='ltr'>ρχομὲνους</span> <span class='ocrx_word' id='word_1_642' title='bbox 710 4343 804 4404; x_wconf 69' lang='grc' dir='ltr'><strong>τὰς</strong></span> <span class='ocrx_word' id='word_1_643' title='bbox 831 4345 1032 4405; x_wconf 84' lang='grc' dir='ltr'>πόλεις,</span> <span class='ocrx_word' id='word_1_644' title='bbox 1059 4347 1150 4396; x_wconf 73' lang='grc' dir='ltr'>καὶ</span> <span class='ocrx_word' id='word_1_645' title='bbox 1176 4347 1594 4414; x_wconf 85' lang='grc' dir='ltr'>συμφωνοῦντας</span> <span class='ocrx_word' id='word_1_646' title='bbox 1619 4350 1760 4400; x_wconf 78' lang='grc' dir='ltr'>κατὰ</span> 
     </span>
    </p>
   </div>
   <div class='ocr_carea' id='block_1_90' title="bbox 1865 4337 3423 4418">
    <p class='ocr_par' dir='ltr' id='par_1_90' title="bbox 1865 4337 3423 4418">
     <span class='ocr_line' id='line_1_90' title="bbox 1865 4337 3423 4418; baseline -0.013 -14"><span class='ocrx_word' id='word_1_647' title='bbox 1865 4352 2205 4418; x_wconf 77' lang='lat' dir='ltr'><strong>insurgentes</strong></span> <span class='ocrx_word' id='word_1_648' title='bbox 2263 4345 2367 4398; x_wconf 89' lang='lat' dir='ltr'><strong>sub</strong></span> <span class='ocrx_word' id='word_1_649' title='bbox 2441 4339 2739 4410; x_wconf 80' lang='lat' dir='ltr'><strong>Theopltilo</strong></span> <span class='ocrx_word' id='word_1_650' title='bbox 2783 4339 3118 4392; x_wconf 64' lang='lat' dir='ltr'><strong>Alexandriae</strong></span> <span class='ocrx_word' id='word_1_651' title='bbox 3170 4337 3423 4405; x_wconf 77' lang='lat' dir='ltr'><strong>episcopo</strong></span> 
     </span>
    </p>
   </div>
   <div class='ocr_carea' id='block_1_91' title="bbox 206 4434 1762 4508">
    <p class='ocr_par' dir='ltr' id='par_1_91' title="bbox 206 4434 1762 4508">
     <span class='ocr_line' id='line_1_91' title="bbox 206 4434 1762 4508; baseline 0.006 -27"><span class='ocrx_word' id='word_1_652' title='bbox 206 4436 296 4499; x_wconf 80' lang='grc' dir='ltr'>τῆς</span> <span class='ocrx_word' id='word_1_653' title='bbox 341 4434 626 4502; x_wconf 78' lang='grc' dir='ltr'>ἀληθείας,</span> <span class='ocrx_word' id='word_1_654' title='bbox 674 4434 1082 4495; x_wconf 83' lang='grc' dir='ltr'>ὲπαναστάντας</span> <span class='ocrx_word' id='word_1_655' title='bbox 1131 4435 1184 4486; x_wconf 81' lang='grc' dir='ltr'>δὲ</span> <span class='ocrx_word' id='word_1_656' title='bbox 1226 4440 1290 4506; x_wconf 81' lang='grc' dir='ltr'>τῇ</span> <span class='ocrx_word' id='word_1_657' title='bbox 1329 4438 1622 4508; x_wconf 77' lang='grc' dir='ltr'>Ἐκκλησία</span> <span class='ocrx_word' id='word_1_658' title='bbox 1670 4440 1762 4491; x_wconf 76' lang='grc' dir='ltr'>ἐπὶ</span> 
     </span>
    </p>
   </div>
   <div class='ocr_carea' id='block_1_92' title="bbox 207 4521 1758 4591">
    <p class='ocr_par' dir='ltr' id='par_1_92' title="bbox 207 4521 1758 4591">
     <span class='ocr_line' id='line_1_92' title="bbox 207 4521 1758 4591; baseline 0.008 -24"><span class='ocrx_word' id='word_1_659' title='bbox 207 4521 449 4589; x_wconf 73' lang='grc' dir='ltr'>Θεοφίλου</span> <span class='ocrx_word' id='word_1_660' title='bbox 482 4522 575 4572; x_wconf 81' lang='grc' dir='ltr'><strong>τοῦ</strong></span> <span class='ocrx_word' id='word_1_661' title='bbox 613 4521 912 4574; x_wconf 79' lang='grc' dir='ltr'>ἐπισκόπου</span> <span class='ocrx_word' id='word_1_662' title='bbox 948 4523 1371 4591; x_wconf 78' lang='grc' dir='ltr'>Ἀλεξανδρείας,</span> <span class='ocrx_word' id='word_1_663' title='bbox 1409 4529 1499 4580; x_wconf 82' lang='grc' dir='ltr'>καὶ</span> <span class='ocrx_word' id='word_1_664' title='bbox 1535 4529 1758 4580; x_wconf 80' lang='grc' dir='ltr'>Ἰνοκεν-</span> 
     </span>
    </p>
   </div>
   <div class='ocr_carea' id='block_1_93' title="bbox 208 4611 1760 4683">
    <p class='ocr_par' dir='ltr' id='par_1_93' title="bbox 208 4611 1760 4683">
     <span class='ocr_line' id='line_1_93' title="bbox 208 4611 1760 4683; baseline 0.007 -23"><span class='ocrx_word' id='word_1_665' title='bbox 208 4613 310 4662; x_wconf 75' lang='grc' dir='ltr'>τξου</span> <span class='ocrx_word' id='word_1_666' title='bbox 342 4611 433 4663; x_wconf 82' lang='grc' dir='ltr'><strong>τοῦ</strong></span> <span class='ocrx_word' id='word_1_667' title='bbox 470 4612 717 4680; x_wconf 84' lang='grc' dir='ltr'>Ῥώμης,</span> <span class='ocrx_word' id='word_1_668' title='bbox 750 4613 841 4663; x_wconf 82' lang='grc' dir='ltr'>καὶ</span> <span class='ocrx_word' id='word_1_669' title='bbox 873 4615 1010 4681; x_wconf 69' lang='grc' dir='ltr'>μετὰ</span> <span class='ocrx_word' id='word_1_670' title='bbox 1043 4613 1269 4676; x_wconf 78' lang='grc' dir='ltr'>πολλοὺς</span> <span class='ocrx_word' id='word_1_671' title='bbox 1299 4616 1514 4683; x_wconf 83' lang='grc' dir='ltr'>ἀγῶνας</span> <span class='ocrx_word' id='word_1_672' title='bbox 1544 4619 1635 4670; x_wconf 83' lang='grc' dir='ltr'>ὑπ’</span> <span class='ocrx_word' id='word_1_673' title='bbox 1658 4619 1760 4670; x_wconf 81' lang='grc' dir='ltr'><strong>αύ-</strong></span> 
     </span>
    </p>
   </div>
   <div class='ocr_carea' id='block_1_94' title="bbox 207 4702 1756 4775">
    <p class='ocr_par' dir='ltr' id='par_1_94' title="bbox 207 4702 1756 4775">
     <span class='ocr_line' id='line_1_94' title="bbox 207 4702 1756 4775; baseline 0.006 -25"><span class='ocrx_word' id='word_1_674' title='bbox 207 4703 304 4751; x_wconf 81' lang='grc' dir='ltr'>τῶν</span> <span class='ocrx_word' id='word_1_675' title='bbox 339 4703 399 4772; x_wconf 78' lang='grc' dir='ltr'>δὴ</span> <span class='ocrx_word' id='word_1_676' title='bbox 449 4703 556 4752; x_wconf 78' lang='grc' dir='ltr'>τῶν</span> <span class='ocrx_word' id='word_1_677' title='bbox 602 4702 914 4754; x_wconf 75' lang='grc' dir='ltr'>ἐπισκόπων</span> <span class='ocrx_word' id='word_1_678' title='bbox 959 4704 1252 4771; x_wconf 74' lang='grc' dir='ltr'>ἐγγράφως</span> <span class='ocrx_word' id='word_1_679' title='bbox 1295 4708 1756 4775; x_wconf 77' lang='grc' dir='ltr'>κατακριθένταςο</span> 
     </span>
    </p>
   </div>
   <div class='ocr_carea' id='block_1_95' title="bbox 209 4793 1762 4865">
    <p class='ocr_par' dir='ltr' id='par_1_95' title="bbox 209 4793 1762 4865">
     <span class='ocr_line' id='line_1_95' title="bbox 209 4793 1762 4865; baseline 0.005 -23"><span class='ocrx_word' id='word_1_680' title='bbox 209 4795 336 4851; x_wconf 63' lang='grc' dir='ltr'>ὅστις</span> <span class='ocrx_word' id='word_1_681' title='bbox 377 4793 506 4860; x_wconf 81' lang='grc' dir='ltr'>γοῦν</span> <span class='ocrx_word' id='word_1_682' title='bbox 544 4793 576 4861; x_wconf 78' lang='grc' dir='ltr'><strong>ἦ</strong></span> <span class='ocrx_word' id='word_1_683' title='bbox 612 4795 700 4844; x_wconf 82' lang='grc' dir='ltr'><strong>τὸν</strong></span> <span class='ocrx_word' id='word_1_684' title='bbox 740 4793 910 4862; x_wconf 74' lang='grc' dir='ltr'>’Δδὰμ</span> <span class='ocrx_word' id='word_1_685' title='bbox 949 4793 1140 4859; x_wconf 80' lang='grc' dir='ltr'>θνητὸν</span> <span class='ocrx_word' id='word_1_686' title='bbox 1173 4796 1232 4857; x_wconf 71' lang='grc' dir='ltr'><strong>ιε</strong></span> <span class='ocrx_word' id='word_1_687' title='bbox 1270 4797 1442 4865; x_wconf 81' lang='grc' dir='ltr'>ἀρχῆς</span> <span class='ocrx_word' id='word_1_688' title='bbox 1481 4797 1586 4848; x_wconf 84' lang='grc' dir='ltr'><strong>ἀπὺ</strong></span> <span class='ocrx_word' id='word_1_689' title='bbox 1627 4796 1762 4848; x_wconf 85' lang='grc' dir='ltr'>Θεοῦ</span> 
     </span>
    </p>
   </div>
   <div class='ocr_carea' id='block_1_96' title="bbox 210 4883 1763 4954">
    <p class='ocr_par' dir='ltr' id='par_1_96' title="bbox 210 4883 1763 4954">
     <span class='ocr_line' id='line_1_96' title="bbox 210 4883 1763 4954; baseline 0.004 -22"><span class='ocrx_word' id='word_1_690' title='bbox 210 4885 442 4945; x_wconf 74' lang='grc' dir='ltr'>γενέσθαι</span> <span class='ocrx_word' id='word_1_691' title='bbox 483 4883 833 4952; x_wconf 72' lang='grc' dir='ltr'>δογματίζει,</span> <span class='ocrx_word' id='word_1_692' title='bbox 873 4887 960 4936; x_wconf 78' lang='grc' dir='ltr'><strong>καὶ</strong></span> <span class='ocrx_word' id='word_1_693' title='bbox 1001 4885 1087 4935; x_wconf 75' lang='grc' dir='ltr'>διὰ</span> <span class='ocrx_word' id='word_1_694' title='bbox 1130 4885 1374 4953; x_wconf 75' lang='grc' dir='ltr'>ἀνάγκην</span> <span class='ocrx_word' id='word_1_695' title='bbox 1409 4886 1508 4954; x_wconf 84' lang='grc' dir='ltr'>τῆς</span> <span class='ocrx_word' id='word_1_696' title='bbox 1550 4887 1763 4953; x_wconf 77' lang='grc' dir='ltr'>φύσεως</span> 
     </span>
    </p>
   </div>
   <div class='ocr_carea' id='block_1_97' title="bbox 209 4966 1763 5045">
    <p class='ocr_par' dir='ltr' id='par_1_97' title="bbox 209 4966 1763 5045">
     <span class='ocr_line' id='line_1_97' title="bbox 209 4966 1763 5045; baseline 0.006 -25"><span class='ocrx_word' id='word_1_697' title='bbox 209 4973 607 5042; x_wconf 67' lang='grc' dir='ltr'>τεθνηξόμενον,</span> <span class='ocrx_word' id='word_1_698' title='bbox 645 4974 746 5026; x_wconf 69' lang='grc' dir='ltr'>κᾶν</span> <span class='ocrx_word' id='word_1_699' title='bbox 775 4991 831 5024; x_wconf 89' lang='grc' dir='ltr'><strong>τε</strong></span> <span class='ocrx_word' id='word_1_700' title='bbox 863 4975 1105 5042; x_wconf 75' lang='grc' dir='ltr'>ἥμαρτε,</span> <span class='ocrx_word' id='word_1_701' title='bbox 1141 4974 1240 5026; x_wconf 74' lang='grc' dir='ltr'>κᾶν</span> <span class='ocrx_word' id='word_1_702' title='bbox 1272 4993 1328 5026; x_wconf 89' lang='grc' dir='ltr'><strong>τε</strong></span> <span class='ocrx_word' id='word_1_703' title='bbox 1366 4978 1435 5043; x_wconf 88' lang='grc' dir='ltr'>μή</span> <span class='ocrx_word' id='word_1_704' title='bbox 1463 4992 1475 5005; x_wconf 85' lang='lat'><strong><em>°</em></strong></span> <span class='ocrx_word' id='word_1_705' title='bbox 1509 4976 1541 5045; x_wconf 82' lang='grc' dir='ltr'>ἢ</span> <span class='ocrx_word' id='word_1_706' title='bbox 1574 4966 1639 5028; x_wconf 79' lang='grc' dir='ltr'><em>τᾶ</em></span> <span class='ocrx_word' id='word_1_707' title='bbox 1671 4977 1763 5042; x_wconf 84' lang='grc' dir='ltr'><strong>νή·</strong></span> 
     </span>
    </p>
   </div>
   <div class='ocr_carea' id='block_1_98' title="bbox 213 5063 1760 5133">
    <p class='ocr_par' dir='ltr' id='par_1_98' title="bbox 213 5063 1760 5133">
     <span class='ocr_line' id='line_1_98' title="bbox 213 5063 1760 5133; baseline 0.004 -22"><span class='ocrx_word' id='word_1_708' title='bbox 213 5078 295 5112; x_wconf 77' lang='grc' dir='ltr'><strong>πια</strong></span> <span class='ocrx_word' id='word_1_709' title='bbox 327 5065 466 5129; x_wconf 80' lang='grc' dir='ltr'>λέγει</span> <span class='ocrx_word' id='word_1_710' title='bbox 505 5065 578 5132; x_wconf 83' lang='grc' dir='ltr'>μὴ</span> <span class='ocrx_word' id='word_1_711' title='bbox 611 5066 687 5124; x_wconf 79' lang='grc' dir='ltr'>εἰς</span> <span class='ocrx_word' id='word_1_712' title='bbox 719 5063 914 5129; x_wconf 66' lang='grc' dir='ltr'>ἄφεσιν</span> <span class='ocrx_word' id='word_1_713' title='bbox 945 5066 1228 5133; x_wconf 74' lang='grc' dir='ltr'>ἁμαρτιῶν</span> <span class='ocrx_word' id='word_1_714' title='bbox 1264 5063 1655 5133; x_wconf 71' lang='grc' dir='ltr'>βαπτίζεσθαι,</span> <span class='ocrx_word' id='word_1_715' title='bbox 1686 5067 1760 5129; x_wconf 89' lang='grc' dir='ltr'>ὼς</span> 
     </span>
    </p>
   </div>
   <div class='ocr_carea' id='block_1_99' title="bbox 214 5153 1758 5224">
    <p class='ocr_par' dir='ltr' id='par_1_99' title="bbox 214 5153 1758 5224">
     <span class='ocr_line' id='line_1_99' title="bbox 214 5153 1758 5224; baseline 0.003 -22"><span class='ocrx_word' id='word_1_716' title='bbox 214 5154 359 5220; x_wconf 69' lang='grc' dir='ltr'>μηδὲν</span> <span class='ocrx_word' id='word_1_717' title='bbox 397 5157 458 5204; x_wconf 74' lang='grc' dir='ltr'>ἐκ</span> <span class='ocrx_word' id='word_1_718' title='bbox 500 5154 597 5218; x_wconf 78' lang='grc' dir='ltr'>τῆς</span> <span class='ocrx_word' id='word_1_719' title='bbox 639 5154 733 5206; x_wconf 82' lang='grc' dir='ltr'><strong>τοῦ</strong></span> <span class='ocrx_word' id='word_1_720' title='bbox 773 5153 941 5221; x_wconf 74' lang='grc' dir='ltr'>’Λδὰμ</span> <span class='ocrx_word' id='word_1_721' title='bbox 986 5155 1316 5223; x_wconf 77' lang='grc' dir='ltr'>προγονικῆς</span> <span class='ocrx_word' id='word_1_722' title='bbox 1359 5156 1629 5224; x_wconf 84' lang='grc' dir='ltr'>ἁμαρτίας</span> <span class='ocrx_word' id='word_1_723' title='bbox 1669 5157 1758 5207; x_wconf 61' lang='grc' dir='ltr'><strong>ἕλη</strong></span> 
     </span>
    </p>
   </div>
   <div class='ocr_carea' id='block_1_100' title="bbox 213 5244 1756 5315">
    <p class='ocr_par' dir='ltr' id='par_1_100' title="bbox 213 5244 1756 5315">
     <span class='ocr_line' id='line_1_100' title="bbox 213 5244 1756 5315; baseline 0.006 -23"><span class='ocrx_word' id='word_1_724' title='bbox 213 5261 376 5298; x_wconf 62' lang='grc' dir='ltr'>κονταο</span> <span class='ocrx_word' id='word_1_725' title='bbox 421 5249 513 5298; x_wconf 77' lang='grc' dir='ltr'><strong>καὶ</strong></span> <span class='ocrx_word' id='word_1_726' title='bbox 561 5245 734 5299; x_wconf 81' lang='grc' dir='ltr'>ταῦτα</span> <span class='ocrx_word' id='word_1_727' title='bbox 775 5244 868 5297; x_wconf 77' lang='grc' dir='ltr'><strong>τοῦ</strong></span> <span class='ocrx_word' id='word_1_728' title='bbox 911 5247 1228 5298; x_wconf 68' lang='grc' dir='ltr'><strong>ὶΑποεςτόλου</strong></span> <span class='ocrx_word' id='word_1_729' title='bbox 1281 5249 1532 5315; x_wconf 78' lang='grc' dir='ltr'>βοῶντος,</span> <span class='ocrx_word' id='word_1_730' title='bbox 1560 5249 1634 5310; x_wconf 81' lang='grc' dir='ltr'>ὡς</span> <span class='ocrx_word' id='word_1_731' title='bbox 1675 5247 1756 5302; x_wconf 80' lang='grc' dir='ltr'><strong>Δι’</strong></span> 
     </span>
    </p>
   </div>
   <div class='ocr_carea' id='block_1_101' title="bbox 209 5316 1760 5405">
    <p class='ocr_par' dir='ltr' id='par_1_101' title="bbox 209 5316 1760 5405">
     <span class='ocr_line' id='line_1_101' title="bbox 209 5316 1760 5405; baseline 0.005 -22"><span class='ocrx_word' id='word_1_732' title='bbox 209 5333 328 5397; x_wconf 76' lang='grc' dir='ltr'>ἐνὸς</span> <span class='ocrx_word' id='word_1_733' title='bbox 369 5316 682 5400; x_wconf 61' lang='grc' dir='ltr'>ἀνθρώεἶου</span> <span class='ocrx_word' id='word_1_734' title='bbox 729 5337 766 5401; x_wconf 76' lang='grc' dir='ltr'><strong><em>ἡ</em></strong></span> <span class='ocrx_word' id='word_1_735' title='bbox 807 5336 1056 5403; x_wconf 78' lang='grc' dir='ltr'>ἁμαρτία</span> <span class='ocrx_word' id='word_1_736' title='bbox 1099 5338 1186 5401; x_wconf 83' lang='grc' dir='ltr'>εις</span> <span class='ocrx_word' id='word_1_737' title='bbox 1227 5339 1330 5388; x_wconf 67' lang='grc' dir='ltr'><strong>τὸν</strong></span> <span class='ocrx_word' id='word_1_738' title='bbox 1367 5338 1594 5405; x_wconf 69' lang='grc' dir='ltr'>κόσμον</span> <span class='ocrx_word' id='word_1_739' title='bbox 1633 5342 1760 5391; x_wconf 71' lang='lat' dir='ltr'><strong>sitr-</strong></span> 
     </span>
    </p>
   </div>
   <div class='ocr_carea' id='block_1_102' title="bbox 212 5423 1757 5500">
    <p class='ocr_par' dir='ltr' id='par_1_102' title="bbox 212 5423 1757 5500">
     <span class='ocr_line' id='line_1_102' title="bbox 212 5423 1757 5500; baseline 0.004 -23"><span class='ocrx_word' id='word_1_740' title='bbox 212 5423 370 5489; x_wconf 66' lang='grc' dir='ltr'>ἦλθε,</span> <span class='ocrx_word' id='word_1_741' title='bbox 409 5431 501 5481; x_wconf 73' lang='grc' dir='ltr'><strong>καὶ</strong></span> <span class='ocrx_word' id='word_1_742' title='bbox 540 5429 639 5480; x_wconf 77' lang='grc' dir='ltr'>διὰ</span> <span class='ocrx_word' id='word_1_743' title='bbox 677 5427 785 5493; x_wconf 74' lang='grc' dir='ltr'><strong>τῆς</strong></span> <span class='ocrx_word' id='word_1_744' title='bbox 820 5429 1103 5496; x_wconf 69' lang='grc' dir='ltr'>ἠμαρτίας</span> <span class='ocrx_word' id='word_1_745' title='bbox 1139 5434 1170 5483; x_wconf 82' lang='grc' dir='ltr'><em>ό</em></span> <span class='ocrx_word' id='word_1_746' title='bbox 1205 5431 1488 5494; x_wconf 72' lang='grc' dir='ltr'>θάνατος’</span> <span class='ocrx_word' id='word_1_747' title='bbox 1530 5433 1560 5500; x_wconf 76' lang='grc' dir='ltr'>ἦ</span> <span class='ocrx_word' id='word_1_748' title='bbox 1600 5433 1757 5483; x_wconf 78' lang='grc' dir='ltr'>πάλιν</span> 
     </span>
    </p>
   </div>
   <div class='ocr_carea' id='block_1_103' title="bbox 275 5603 710 5666">
    <p class='ocr_par' dir='ltr' id='par_1_103' title="bbox 275 5603 710 5666">
     <span class='ocr_line' id='line_1_103' title="bbox 275 5603 710 5666; baseline 0.005 -15"><span class='ocrx_word' id='word_1_749' title='bbox 275 5604 313 5631; x_wconf 81' lang='lat'><strong>&quot;&#39;</strong></span> <span class='ocrx_word' id='word_1_750' title='bbox 338 5603 488 5658; x_wconf 57' lang='lat' dir='ltr'><strong>Jun.</strong></span> <span class='ocrx_word' id='word_1_751' title='bbox 526 5623 613 5666; x_wconf 74' lang='lat' dir='ltr'><strong>xv,</strong></span> <span class='ocrx_word' id='word_1_752' title='bbox 657 5607 710 5653; x_wconf 72' lang='lat' dir='ltr'><strong>.‘i.</strong></span> 
     </span>
    </p>
   </div>
   <div class='ocr_carea' id='block_1_104' title="bbox 1864 4425 3426 4498">
    <p class='ocr_par' dir='ltr' id='par_1_104' title="bbox 1864 4425 3426 4498">
     <span class='ocr_line' id='line_1_104' title="bbox 1864 4425 3426 4498; baseline -0.011 -5"><span class='ocrx_word' id='word_1_753' title='bbox 1864 4450 1919 4494; x_wconf 90' lang='lat' dir='ltr'><strong>et</strong></span> <span class='ocrx_word' id='word_1_754' title='bbox 1953 4433 2262 4491; x_wconf 88' lang='lat' dir='ltr'><strong>Innocentio</strong></span> <span class='ocrx_word' id='word_1_755' title='bbox 2297 4433 2505 4494; x_wconf 68' lang='lat' dir='ltr'><strong>Romae,</strong></span> <span class='ocrx_word' id='word_1_756' title='bbox 2539 4439 2592 4484; x_wconf 87' lang='lat' dir='ltr'><strong>et</strong></span> <span class='ocrx_word' id='word_1_757' title='bbox 2621 4439 2743 4498; x_wconf 88' lang='lat' dir='ltr'><strong>post</strong></span> <span class='ocrx_word' id='word_1_758' title='bbox 2797 4427 2964 4480; x_wconf 90' lang='lat' dir='ltr'><strong>multa</strong></span> <span class='ocrx_word' id='word_1_759' title='bbox 3015 4426 3314 4480; x_wconf 80' lang='lat' dir='ltr'><strong>certamina</strong></span> <span class='ocrx_word' id='word_1_760' title='bbox 3357 4425 3426 4476; x_wconf 84' lang='lat' dir='ltr'><strong>ab</strong></span> 
     </span>
    </p>
   </div>
   <div class='ocr_carea' id='block_1_105' title="bbox 1867 4517 3422 4598">
    <p class='ocr_par' dir='ltr' id='par_1_105' title="bbox 1867 4517 3422 4598">
     <span class='ocr_line' id='line_1_105' title="bbox 1867 4517 3422 4598; baseline -0.014 -11"><span class='ocrx_word' id='word_1_761' title='bbox 1867 4535 1998 4598; x_wconf 87' lang='lat' dir='ltr'><strong>ipsis</strong></span> <span class='ocrx_word' id='word_1_762' title='bbox 2025 4531 2190 4586; x_wconf 89' lang='lat' dir='ltr'><strong>etiam</strong></span> <span class='ocrx_word' id='word_1_763' title='bbox 2221 4523 2494 4596; x_wconf 83' lang='lat' dir='ltr'><strong>episcopis</strong></span> <span class='ocrx_word' id='word_1_764' title='bbox 2541 4520 2759 4589; x_wconf 84' lang='lat' dir='ltr'><strong>scriptis</strong></span> <span class='ocrx_word' id='word_1_765' title='bbox 2805 4518 2970 4572; x_wconf 87' lang='lat' dir='ltr'><strong>fuisse</strong></span> <span class='ocrx_word' id='word_1_766' title='bbox 3019 4517 3422 4569; x_wconf 88' lang='lat' dir='ltr'><strong>condemnatos.</strong></span> 
     </span>
    </p>
   </div>
   <div class='ocr_carea' id='block_1_106' title="bbox 1866 4603 3424 4689">
    <p class='ocr_par' dir='ltr' id='par_1_106' title="bbox 1866 4603 3424 4689">
     <span class='ocr_line' id='line_1_106' title="bbox 1866 4603 3424 4689; baseline -0.015 -13"><span class='ocrx_word' id='word_1_767' title='bbox 1866 4624 2187 4689; x_wconf 84' lang='lat' dir='ltr'><strong>Quicunque</strong></span> <span class='ocrx_word' id='word_1_768' title='bbox 2217 4631 2347 4685; x_wconf 75' lang='lat' dir='ltr'><strong>ergo</strong></span> <span class='ocrx_word' id='word_1_769' title='bbox 2373 4615 2638 4666; x_wconf 86' lang='lat' dir='ltr'><strong>Adanmm</strong></span> <span class='ocrx_word' id='word_1_770' title='bbox 2672 4625 2701 4663; x_wconf 90' lang='lat' dir='ltr'><strong>a</strong></span> <span class='ocrx_word' id='word_1_771' title='bbox 2735 4610 2842 4663; x_wconf 87' lang='lat' dir='ltr'><strong>Deo</strong></span> <span class='ocrx_word' id='word_1_772' title='bbox 2889 4607 3167 4660; x_wconf 87' lang='lat' dir='ltr'><strong>mortalem</strong></span> <span class='ocrx_word' id='word_1_773' title='bbox 3225 4603 3424 4656; x_wconf 87' lang='lat' dir='ltr'><strong>factum</strong></span> 
     </span>
    </p>
   </div>
   <div class='ocr_carea' id='block_1_107' title="bbox 1868 4695 3423 4772">
    <p class='ocr_par' dir='ltr' id='par_1_107' title="bbox 1868 4695 3423 4772">
     <span class='ocr_line' id='line_1_107' title="bbox 1868 4695 3423 4772; baseline -0.015 -7"><span class='ocrx_word' id='word_1_774' title='bbox 1868 4713 2030 4765; x_wconf 84' lang='lat' dir='ltr'><strong>fuisse</strong></span> <span class='ocrx_word' id='word_1_775' title='bbox 2052 4711 2231 4768; x_wconf 87' lang='lat' dir='ltr'><strong>docet,</strong></span> <span class='ocrx_word' id='word_1_776' title='bbox 2259 4715 2313 4758; x_wconf 84' lang='lat' dir='ltr'><strong>et</strong></span> <span class='ocrx_word' id='word_1_777' title='bbox 2331 4719 2426 4772; x_wconf 90' lang='lat' dir='ltr'><strong>per</strong></span> <span class='ocrx_word' id='word_1_778' title='bbox 2449 4711 2652 4754; x_wconf 61' lang='lat' dir='ltr'><strong>natura</strong></span> <span class='ocrx_word' id='word_1_779' title='bbox 2678 4699 3054 4753; x_wconf 83' lang='lat' dir='ltr'><strong>necessitatem</strong></span> <span class='ocrx_word' id='word_1_780' title='bbox 3081 4695 3423 4753; x_wconf 88' lang='lat' dir='ltr'><strong>moriturum,</strong></span> 
     </span>
    </p>
   </div>
   <div class='ocr_carea' id='block_1_108' title="bbox 1867 4786 3412 4868">
    <p class='ocr_par' dir='ltr' id='par_1_108' title="bbox 1867 4786 3412 4868">
     <span class='ocr_line' id='line_1_108' title="bbox 1867 4786 3412 4868; baseline -0.014 -12"><span class='ocrx_word' id='word_1_781' title='bbox 1867 4803 1983 4856; x_wconf 83' lang='lat' dir='ltr'><strong>sive</strong></span> <span class='ocrx_word' id='word_1_782' title='bbox 2013 4804 2313 4868; x_wconf 89' lang='lat' dir='ltr'><strong>peccasset,</strong></span> <span class='ocrx_word' id='word_1_783' title='bbox 2351 4795 2464 4850; x_wconf 84' lang='lat' dir='ltr'><strong>sive</strong></span> <span class='ocrx_word' id='word_1_784' title='bbox 2496 4808 2598 4846; x_wconf 92' lang='lat' dir='ltr'><strong>non</strong></span> <span class='ocrx_word' id='word_1_785' title='bbox 2623 4830 2636 4853; x_wconf 93' lang='lat'><strong>,</strong></span> <span class='ocrx_word' id='word_1_786' title='bbox 2675 4800 2766 4842; x_wconf 90' lang='lat' dir='ltr'><strong>aut</strong></span> <span class='ocrx_word' id='word_1_787' title='bbox 2798 4788 3030 4841; x_wconf 89' lang='lat' dir='ltr'><strong>infantes</strong></span> <span class='ocrx_word' id='word_1_788' title='bbox 3064 4800 3170 4838; x_wconf 89' lang='lat' dir='ltr'><strong>non</strong></span> <span class='ocrx_word' id='word_1_789' title='bbox 3214 4786 3265 4836; x_wconf 93' lang='lat' dir='ltr'><strong>in</strong></span> <span class='ocrx_word' id='word_1_790' title='bbox 3299 4799 3412 4851; x_wconf 87' lang='lat' dir='ltr'><strong>pec-</strong></span> 
     </span>
    </p>
   </div>
   <div class='ocr_carea' id='block_1_109' title="bbox 1869 4875 3423 4949">
    <p class='ocr_par' dir='ltr' id='par_1_109' title="bbox 1869 4875 3423 4949">
     <span class='ocr_line' id='line_1_109' title="bbox 1869 4875 3423 4949; baseline -0.015 -2"><span class='ocrx_word' id='word_1_791' title='bbox 1869 4903 2110 4946; x_wconf 87' lang='lat' dir='ltr'><strong>catorum</strong></span> <span class='ocrx_word' id='word_1_792' title='bbox 2147 4885 2524 4941; x_wconf 88' lang='lat' dir='ltr'><strong>remissionem</strong></span> <span class='ocrx_word' id='word_1_793' title='bbox 2581 4881 2883 4949; x_wconf 86' lang='lat' dir='ltr'><strong>baptizatos</strong></span> <span class='ocrx_word' id='word_1_794' title='bbox 2915 4879 3064 4943; x_wconf 85' lang='lat' dir='ltr'><strong>dicit,</strong></span> <span class='ocrx_word' id='word_1_795' title='bbox 3115 4885 3172 4929; x_wconf 91' lang='lat' dir='ltr'><strong>ut</strong></span> <span class='ocrx_word' id='word_1_796' title='bbox 3220 4875 3348 4928; x_wconf 89' lang='lat' dir='ltr'><strong>nihil</strong></span> <span class='ocrx_word' id='word_1_797' title='bbox 3397 4891 3423 4924; x_wconf 82' lang='lat' dir='ltr'><strong>a</strong></span> 
     </span>
    </p>
   </div>
   <div class='ocr_carea' id='block_1_110' title="bbox 1867 4961 3425 5048">
    <p class='ocr_par' dir='ltr' id='par_1_110' title="bbox 1867 4961 3425 5048">
     <span class='ocr_line' id='line_1_110' title="bbox 1867 4961 3425 5048; baseline -0.015 -15"><span class='ocrx_word' id='word_1_798' title='bbox 1867 4979 2139 5048; x_wconf 84' lang='lat' dir='ltr'><strong>primitivo</strong></span> <span class='ocrx_word' id='word_1_799' title='bbox 2182 4974 2370 5028; x_wconf 88' lang='lat' dir='ltr'><strong>Adami</strong></span> <span class='ocrx_word' id='word_1_800' title='bbox 2417 4977 2640 5039; x_wconf 88' lang='lat' dir='ltr'><strong>peccato</strong></span> <span class='ocrx_word' id='word_1_801' title='bbox 2689 4965 3051 5026; x_wconf 79' lang='lat' dir='ltr'><strong>attrahentes;</strong></span> <span class='ocrx_word' id='word_1_802' title='bbox 3109 4975 3227 5013; x_wconf 87' lang='lat' dir='ltr'><strong>cum</strong></span> <span class='ocrx_word' id='word_1_803' title='bbox 3284 4961 3425 5025; x_wconf 81' lang='lat' dir='ltr'><strong>Apo-</strong></span> 
     </span>
    </p>
   </div>
   <div class='ocr_carea' id='block_1_111' title="bbox 1866 5054 3424 5128">
    <p class='ocr_par' dir='ltr' id='par_1_111' title="bbox 1866 5054 3424 5128">
     <span class='ocr_line' id='line_1_111' title="bbox 1866 5054 3424 5128; baseline -0.019 -2"><span class='ocrx_word' id='word_1_804' title='bbox 1866 5071 2034 5125; x_wconf 87' lang='lat' dir='ltr'><strong>stolus</strong></span> <span class='ocrx_word' id='word_1_805' title='bbox 2055 5069 2167 5121; x_wconf 67' lang='lat' dir='ltr'><strong>haec</strong></span> <span class='ocrx_word' id='word_1_806' title='bbox 2179 5066 2396 5123; x_wconf 89' lang='lat' dir='ltr'><strong>clamet,</strong></span> <span class='ocrx_word' id='word_1_807' title='bbox 2425 5059 2564 5128; x_wconf 91' lang='lat' dir='ltr'><strong>quod</strong></span> <span class='ocrx_word' id='word_1_808' title='bbox 2583 5075 2672 5124; x_wconf 83' lang='lat' dir='ltr'><strong>per</strong></span> <span class='ocrx_word' id='word_1_809' title='bbox 2702 5071 2862 5109; x_wconf 81' lang='lat' dir='ltr'><strong>unum</strong></span> <span class='ocrx_word' id='word_1_810' title='bbox 2879 5054 3135 5106; x_wconf 83' lang='lat' dir='ltr'><strong>hominem</strong></span> <span class='ocrx_word' id='word_1_811' title='bbox 3155 5061 3424 5118; x_wconf 82' lang='lat' dir='ltr'><strong>peccatum</strong></span> 
     </span>
    </p>
   </div>
   <div class='ocr_carea' id='block_1_112' title="bbox 1868 5142 3422 5220">
    <p class='ocr_par' dir='ltr' id='par_1_112' title="bbox 1868 5142 3422 5220">
     <span class='ocr_line' id='line_1_112' title="bbox 1868 5142 3422 5220; baseline -0.017 -6"><span class='ocrx_word' id='word_1_812' title='bbox 1868 5164 1921 5214; x_wconf 85' lang='lat' dir='ltr'><strong>in</strong></span> <span class='ocrx_word' id='word_1_813' title='bbox 1958 5161 2208 5213; x_wconf 86' lang='lat' dir='ltr'><strong>mundum</strong></span> <span class='ocrx_word' id='word_1_814' title='bbox 2242 5155 2399 5218; x_wconf 80' lang='lat' dir='ltr'><strong>venit,</strong></span> <span class='ocrx_word' id='word_1_815' title='bbox 2432 5161 2480 5205; x_wconf 86' lang='lat' dir='ltr'><strong>et</strong></span> <span class='ocrx_word' id='word_1_816' title='bbox 2511 5167 2600 5220; x_wconf 78' lang='lat' dir='ltr'><strong>per</strong></span> <span class='ocrx_word' id='word_1_817' title='bbox 2644 5158 2909 5218; x_wconf 80' lang='lat' dir='ltr'><strong>peccatum</strong></span> <span class='ocrx_word' id='word_1_818' title='bbox 2942 5160 3118 5205; x_wconf 80' lang='lat' dir='ltr'><strong>mors;</strong></span> <span class='ocrx_word' id='word_1_819' title='bbox 3151 5143 3230 5196; x_wconf 81' lang='lat' dir='ltr'><strong>vel</strong></span> <span class='ocrx_word' id='word_1_820' title='bbox 3263 5142 3422 5194; x_wconf 86' lang='lat' dir='ltr'><strong>etiam</strong></span> 
     </span>
    </p>
   </div>
   <div class='ocr_carea' id='block_1_113' title="bbox 1868 5234 3420 5316">
    <p class='ocr_par' dir='ltr' id='par_1_113' title="bbox 1868 5234 3420 5316">
     <span class='ocr_line' id='line_1_113' title="bbox 1868 5234 3420 5316; baseline -0.017 -10"><span class='ocrx_word' id='word_1_821' title='bbox 1868 5253 2033 5306; x_wconf 81' lang='lat' dir='ltr'><strong>sentit</strong></span> <span class='ocrx_word' id='word_1_822' title='bbox 2061 5249 2384 5316; x_wconf 88' lang='lat' dir='ltr'><strong>baptismum</strong></span> <span class='ocrx_word' id='word_1_823' title='bbox 2414 5253 2755 5313; x_wconf 86' lang='lat' dir='ltr'><strong>peccatorum</strong></span> <span class='ocrx_word' id='word_1_824' title='bbox 2782 5238 2997 5308; x_wconf 79' lang='lat' dir='ltr'><strong>quidem</strong></span> <span class='ocrx_word' id='word_1_825' title='bbox 3050 5234 3420 5288; x_wconf 85' lang='lat' dir='ltr'><strong>remissionem</strong></span> 
     </span>
    </p>
   </div>
   <div class='ocr_carea' id='block_1_114' title="bbox 1870 5320 3423 5406">
    <p class='ocr_par' dir='ltr' id='par_1_114' title="bbox 1870 5320 3423 5406">
     <span class='ocr_line' id='line_1_114' title="bbox 1870 5320 3423 5406; baseline -0.016 -13"><span class='ocrx_word' id='word_1_826' title='bbox 1870 5340 2078 5406; x_wconf 70' lang='lat' dir='ltr'><strong>largiri,</strong></span> <span class='ocrx_word' id='word_1_827' title='bbox 2117 5353 2219 5392; x_wconf 91' lang='lat' dir='ltr'><strong>non</strong></span> <span class='ocrx_word' id='word_1_828' title='bbox 2251 5345 2428 5388; x_wconf 87' lang='lat' dir='ltr'><strong>autem</strong></span> <span class='ocrx_word' id='word_1_829' title='bbox 2466 5344 2518 5388; x_wconf 87' lang='lat' dir='ltr'><strong>ct</strong></span> <span class='ocrx_word' id='word_1_830' title='bbox 2544 5331 2780 5401; x_wconf 69' lang='lat' dir='ltr'><strong>prmi)ch</strong></span> <span class='ocrx_word' id='word_1_831' title='bbox 2812 5327 3067 5383; x_wconf 84' lang='lat' dir='ltr'><strong>auxilium</strong></span> <span class='ocrx_word' id='word_1_832' title='bbox 3104 5339 3170 5377; x_wconf 89' lang='lat' dir='ltr'><strong>nc</strong></span> <span class='ocrx_word' id='word_1_833' title='bbox 3198 5320 3423 5387; x_wconf 60' lang='lat' dir='ltr'><strong>amplius-</strong></span> 
     </span>
    </p>
   </div>
   <div class='ocr_carea' id='block_1_115' title="bbox 1870 5410 3420 5498">
    <p class='ocr_par' dir='ltr' id='par_1_115' title="bbox 1870 5410 3420 5498">
     <span class='ocr_line' id='line_1_115' title="bbox 1870 5410 3420 5498; baseline -0.016 -12"><span class='ocrx_word' id='word_1_834' title='bbox 1870 5442 2140 5498; x_wconf 56' lang='lat' dir='ltr'><strong>peccetur,</strong></span> <span class='ocrx_word' id='word_1_835' title='bbox 2173 5428 2263 5482; x_wconf 82' lang='lat' dir='ltr'><strong>scd</strong></span> <span class='ocrx_word' id='word_1_836' title='bbox 2296 5435 2480 5480; x_wconf 86' lang='lat' dir='ltr'><strong>nostro</strong></span> <span class='ocrx_word' id='word_1_837' title='bbox 2525 5424 2634 5476; x_wconf 81' lang='lat' dir='ltr'><strong>solo</strong></span> <span class='ocrx_word' id='word_1_838' title='bbox 2692 5427 2882 5471; x_wconf 74' lang='lat' dir='ltr'><strong>conatu</strong></span> <span class='ocrx_word' id='word_1_839' title='bbox 2941 5416 3066 5469; x_wconf 86' lang='lat' dir='ltr'><strong>illud</strong></span> <span class='ocrx_word' id='word_1_840' title='bbox 3109 5410 3376 5467; x_wconf 83' lang='lat' dir='ltr'><strong>cmcmlari</strong></span> <span class='ocrx_word' id='word_1_841' title='bbox 3403 5447 3420 5472; x_wconf 84' lang='lat'><strong>,</strong></span> 
     </span>
    </p>
   </div>
  </div>
