4012 6448
485 311 590 370 375

1703 309 1804 368 T11
1816 309 1981 368 EOD.
2011 305 2411 366 BALSAMOV

3622 311 3736 374 37G

488 419 573 473 vel
625 416 752 472 illud
803 419 966 472 etiam
1023 417 1283 482 admittit,
1330 426 1384 474 et
1444 419 1535 472 Dei
1573 419 1802 488 gratiam
1844 434 1941 473 nos
1969 419 2052 478 ,ad

2217 422 2347 469 :ovet
2373 417 2434 469 τὸ
2465 417 2749 487 βάπτισμα
2780 418 2887 471 τῶν
2920 419 3024 489 μὲν
3054 420 3156 489 ἤδη
3191 417 3605 489 ἡμαρτημένων
3636 421 3753 474 δω-

490 508 743 561 mandata
776 507 944 576 ipsius
968 508 1229 576 explenda
1277 509 1532 578 adjuvare
1585 509 1915 575 arbitratur;
1957 511 2051 563 sed

492 595 670 658 docet,
703 595 844 663 quod
870 607 924 650 et
953 597 1068 652 sine
1099 600 1272 666 gratia
1303 613 1366 652 ea
1415 599 1679 666 perficere
1737 614 2049 669 possumus.

2163 513 2371 581 ρεῖσθαι
2403 512 2632 579 ἄφεσιν,
2668 515 2742 580 μὴ
2777 511 3038 580 παρέχειν
3069 512 3125 565 δὲ
3161 511 3414 582 βοήθειαν
3447 513 3542 564 καὶ
3577 513 3659 573 είς
3688 513 3760 564 τδ

2162 598 2360 667 μηκέτι
2393 596 2729 666 ἀμαρτῆσαι,
2760 597 2874 649 ἀλλ’
2901 597 2958 663 ἐξ
2991 600 3267 667 ἡμετέρας
3299 600 3474 668 μόνης
3506 601 3756 671 σπουδῆς

489 686 583 739 sed
614 701 734 738 cum
764 686 1075 742 diiﬁcultate
1103 704 1118 744 ε
1157 690 1222 743 sit
1258 691 1566 744 anathema.
1600 690 1712 744 Nec
1749 691 1891 744 enim
1919 689 2055 743 dixit

2217 687 2316 740 ιῦτο
2347 687 2742 756 κατορθοῦσθαι
2767 705 2781 718 ο
2817 689 2851 758 ἢ
2889 690 2980 742 καὶ
3010 689 3167 743 τοῦτο
3201 690 3299 759 μὲν
3329 691 3756 761 παραδέχεται,

492 774 770 840 Dominus,
803 779 944 846 quod
975 777 1104 831 Sine
1138 794 1224 831 me
1267 793 1327 832 ea
1379 780 1662 833 difficulter
1701 781 1924 848 potestis
1976 780 2054 831 ia-

491 881 644 933 cere;
677 867 766 922 sed
803 868 942 936 quod
974 868 1097 922 Sine
1126 886 1206 922 me
1235 869 1367 922 nihil
1401 872 1619 938 potestis
1649 873 1844 940 facere.

2162 779 2257 830 καὶ
2291 779 2388 846 τὴν
2424 779 2517 831 τοῦ
2553 778 2690 832 Θεοῦ
2727 781 2886 850 χάριν
2919 779 3134 845 δοξάζει
3176 781 3448 850 ἐνισχύειν
3483 782 3634 849 ἡμᾶς
3669 784 3760 844 εἰς

2163 872 2224 922 τὸ
2257 871 2354 932 τὰς
2391 872 2608 934 ἐντολὰς
2650 871 2957 941 ἐκπληροῦν
2977 888 2992 904 ·
3025 872 3265 925 διδάσκει
3296 874 3352 926 δὲ
3385 875 3461 935 ὡς
3495 875 3592 927 καὶ
3625 874 3760 944 δίχα.

491 961 590 1026 τῆς
624 961 841 1029 χάριτος
871 960 1163 1029 κατορθοῦι
1197 962 1365 1024 αὔτὰς
1397 963 1730 1032 ἠδυνάμεθα,
1793 962 1929 1032 πλὴν
1997 961 2134 1030 μετὰ
2167 963 2501 1032 δυσχερείας,
2534 963 2648 1032 ῆτω
2683 964 2946 1031 ἀνάθεμα.
2982 964 3116 1017 Οὐδὲ
3152 965 3259 1034 γάρ
3295 959 3450 1018 εἶπεν
3479 967 3507 1019 6
3541 966 3762 1036 Κύριος

495 1056 568 1118 ὡς
595 1054 778 1121 Χωρὶς
803 1055 937 1124 ἐμοῦ
963 1057 1242 1125 δυσχερῶς
1267 1059 1495 1111 δύνασθε
1523 1064 1694 1113 ποιεῖν
1718 1059 1909 1123 αὑτὰς,
1935 1058 2072 1124 ἀλλ’,
2102 1058 2183 1110 ὅτι
2215 1060 2400 1127 Χωρὶς
2433 1060 2580 1129 ἐμοῦ
2613 1060 2794 1114 οὐδὲν
2823 1061 3090 1115 δύνασθε
3125 1060 3339 1116 ποιεῖν.

1059 1149 1288 1206 CANON
1335 1154 1497 1207 CXV.

2734 1152 2975 1206 ΚΑΝΩΝ
3013 1154 3163 1206 ΡΙΕ’.

503 1259 520 1288 ι
570 1240 721 1306 Quod
758 1258 862 1295 non
895 1243 1066 1297 solum
1101 1245 1340 1310 humilis,
1369 1247 1462 1300 sed
1493 1248 1656 1300 etiam
1685 1262 1812 1300 vera
1838 1255 1918 1300 est
1949 1247 2061 1300 hanc

2217 1245 2336 1297 Ὄτι
2369 1246 2428 1298 ού
2470 1246 2628 1313 μόνον
2661 1245 2924 1313 ταπεινὴ,
2961 1245 3096 1298 ἀλλά
3130 1243 3225 1296 καὶ
3259 1243 3492 1314 ἀληθινὴ
3527 1247 3561 1314 ἡ
3597 1244 3762 1315 φωνὴ

575 1350 592 1379 ι
637 1348 737 1385 vox
774 1344 1124 1389 sanctorum:
1159 1334 1214 1388 Si
1250 1337 1546 1391 dixerimus
1590 1339 1730 1404 quod
1781 1347 2058 1404 peccatum

577 1441 592 1469 ι
645 1437 747 1474 non
783 1423 1065 1488 habemus,
1092 1439 1187 1478 nos
1232 1426 1375 1493 ipsos
1409 1428 1744 1480 seducimus.
1799 1427 2061 1480 Similiter

577 1530 592 1560 ι
640 1512 860 1580 placuit,
892 1522 950 1567 ut
980 1514 1120 1581 quod
1168 1514 1305 1567 dixit
1357 1527 1576 1569 sanctus
1632 1514 1869 1571 Joannes
1922 1531 2052 1586 apo-

579 1623 594 1652 ι
643 1603 811 1657 stolus
847 1623 859 1658 :
894 1602 952 1657 Si
984 1605 1290 1669 dixerimus,
1321 1607 1457 1672 quod
1508 1615 1780 1673 peccatum
1825 1623 1929 1658 non
1961 1609 2060 1658 Ita-

576 1712 594 1742 ι
640 1695 838 1761 bemus,
875 1713 972 1748 nos
1000 1696 1141 1764 ipsos
1165 1696 1481 1759 seducimus,
1513 1703 1562 1748 et
1590 1697 1784 1750 veritas
1830 1699 1886 1751 in
1910 1699 2057 1751 nobis

580 1805 596 1834 ι
641 1803 741 1839 non
768 1797 840 1839 est
867 1788 949 1851 ";
985 1789 1296 1855 Quicunque
1327 1788 1405 1841 sic
1457 1788 1829 1857 accipiendum
1865 1791 2059 1844 existi-

577 1894 596 1926 ι
641 1877 886 1940 maverit,
916 1886 970 1930 ut
998 1878 1140 1931 dicat
1169 1893 1264 1945 per
1311 1877 1673 1932 humilitatem
1731 1896 1836 1933 non
1865 1881 2060 1934 debere

583 1967 817 2020 :dicere
872 1980 971 2022 nos
1000 1983 1108 2020 non
1165 1968 1366 2023 habere
1423 1978 1726 2036 peccatum,
1783 1986 1886 2023 non
1918 1973 2061 2039 quod

581 2075 598 2106 ι
639 2071 764 2110 vere
793 2058 866 2111 ita
895 2066 995 2120 est,
1028 2058 1099 2111 sit
1139 2064 1450 2112 anathema.
1509 2059 1863 2127 Prosequitur
1918 2062 2060 2114 enim

577 2168 594 2199 ι
638 2148 932 2217 apostolus.
968 2161 1021 2202 et
1045 2149 1123 2203 sic
1154 2148 1433 2219 subiungit
1474 2171 1485 2204 :
1521 2150 1612 2205 Sin
1641 2161 1814 2203 autem
1845 2161 2062 2218 peccata

582 2257 599 2287 ι
643 2247 821 2291 nostra
855 2239 1078 2310 confessi
1127 2241 1408 2307 fuerimus.
1464 2241 1634 2308 ﬁdelis
1674 2251 1750 2294 est
1787 2250 1835 2295 et
1884 2241 2063 2310 justus

580 2346 597 2379 ι
639 2329 730 2397 qui
763 2340 980 2398 peccata
1011 2331 1158 2383 nobis
1200 2333 1450 2398 remittet,
1480 2341 1529 2386 et
1559 2332 1807 2402 purgabit
1859 2350 1952 2387 nos
2000 2335 2063 2387 ab

583 2435 599 2465 α
645 2422 789 2472 omni
840 2419 1196 2488 injustitia".
1255 2421 1360 2477 Ubi
1411 2423 1571 2492 plane
1623 2432 1900 2478 ostensum
1957 2435 2062 2489 est,

586 2527 603 2560 ι
648 2510 753 2564 hoc
785 2525 893 2565 non
927 2511 1098 2567 solum
1134 2513 1430 2577 humiliter,
1466 2513 1560 2568 sed
1594 2513 1756 2568 etiam
1784 2529 1907 2569 vere
1939 2516 2063 2570 dici.

585 2617 602 2647 ι
647 2597 864 2654 Poterat
895 2601 1036 2654 enim
1071 2603 1348 2669 apostolus
1389 2605 1605 2660 dicere:
1651 2608 1708 2662 Si
1744 2608 2066 2671 dixerimus,

586 2706 603 2736 ι
649 2688 789 2755 quod
819 2698 1102 2756 peccatum
1142 2705 1245 2744 non
1277 2691 1558 2748 habemus.
1591 2709 1686 2749 nos
1716 2699 1861 2762 ipsos
1890 2697 2066 2749 extol-

589 2798 604 2824 σ
657 2779 836 2840 limus,
891 2786 944 2832 et
996 2779 1273 2833 humilitas
1343 2796 1451 2835 non
1505 2794 1586 2837 cst
1640 2786 1690 2837 in
1742 2787 1944 2840 nobis:
1977 2788 2067 2840 sed

593 2891 609 2921 ι
651 2885 772 2924 cum
811 2871 966 2935 dixit,
999 2870 1110 2924 Nos
1141 2874 1279 2941 ipsos
1308 2875 1626 2938 seducimus,
1657 2885 1736 2938 et,
1769 2876 1885 2928 Non
1916 2888 1988 2930 est
2015 2878 2067 2927 in

587 2979 603 3009 ι
647 2960 793 3013 nobis
827 2962 1059 3022 veritas;
1093 2973 1275 3028 aperte
1319 2963 1552 3016 ostendit
1610 2979 1730 3015 eum
1764 2965 1856 3032 qui
1915 2963 2066 3026 dicit,

591 3069 607 3099 ι
655 3065 710 3103 se
743 3065 847 3103 non
887 3051 1084 3105 habere
1118 3062 1423 3121 peccatum,
1455 3067 1556 3106 non
1581 3068 1705 3107 vere
1750 3054 1949 3120 dicere,
1978 3055 2071 3108 sed
2102 3075 2147 3135 ε

589 3161 606 3190 ι
656 3142 891 3195 mentiri.
931 3159 948 3190 ι

581 3231 776 3284 BALS.
823 3243 874 3284 et
913 3229 1162 3286 ZONAR.
1200 3233 1425 3300 Quidam
1470 3236 1521 3288 id
1563 3236 1702 3302 quod
1753 3235 1881 3288 dicit
1936 3237 2078 3305 Apo-

512 3321 719 3375 stolus:
769 3320 826 3375 Si
879 3321 1194 3385 dixerimus,
1243 3325 1381 3393 quod
1433 3337 1705 3393 peccatum
1769 3343 1872 3380 non
1919 3327 2078 3380 habe-

515 3429 653 3477 mus,
694 3428 785 3465 nos
811 3413 948 3480 ipsos
976 3413 1270 3468 seducimus
1299 3432 1317 3469 :
1345 3417 1420 3470 sic
1448 3429 1791 3486 acceperunt,
1815 3419 1955 3486 quod
1988 3432 2078 3484 per

523 3503 878 3556 humilitatem
921 3505 1020 3558 hoc
1050 3515 1262 3572 oportet
1293 3506 1494 3570 dicere,
1527 3523 1628 3561 non
1655 3523 1749 3575 per
1776 3511 2078 3562 veritatem.

520 3593 627 3646 1ιῖοε
657 3608 803 3662 ergo,
832 3594 919 3660 qui
973 3596 1198 3660 apostoli
1244 3595 1450 3649 dictum
1504 3599 1581 3650 sic
1630 3599 2077 3666 interpretantur,

519 3684 865 3736 anathemate
918 3688 1274 3739 condemnant
1332 3686 1498 3755 649
1555 3689 1784 3752 Ρηιιεε,
1841 3690 2081 3744 dicentes

519 3773 662 3841 quod
693 3787 757 3826 ex
791 3774 1031 3840 proxime
1055 3777 1406 3842 sequentibus
1440 3775 1688 3844 Epistolae
1717 3780 1898 3833 verbis
1936 3781 2082 3833 clare

521 3863 824 3918 ostenditur
879 3864 1102 3931 apostoli
1167 3867 1460 3930 sententia,
1517 3867 1947 3936 subjungentis:
1988 3869 2082 3924 Sin

523 3965 694 4008 mitem
727 3956 1070 4022 conﬁteamur
1103 3967 1317 4022 peccata
1347 3970 1549 4022 nostra,
1582 3969 1637 4012 et
1665 3975 1784 4028 quae
1829 3960 2084 4030 deinceps

527 4057 848 4114 sequuntur.
873 4045 992 4100 1am
1029 4061 1156 4100 vero
1191 4047 1355 4101 David
1396 4064 1610 4117 quoque
1643 4049 1775 4104 dicit
1807 4070 1818 4105 :
1863 4052 1927 4103 In
1961 4069 2083 4116 pec-

524 4139 656 4190 ratis
684 4137 915 4205 concepit
940 4153 1016 4190 me
1047 4148 1213 4190 mater
1234 4154 1344 4190 mea
1369 4140 1436 4191 °‘.
1468 4139 1579 4192 Nisi
1602 4142 1744 4194 enim
1777 4143 1859 4196 lex
1887 4145 2085 4209 nuptiis

523 4242 678 4295 opem
706 4227 892 4293 ferret,
927 4231 1100 4282 coitus
1149 4239 1428 4296 peccatum
1478 4230 1908 4298 existimaretur,
1959 4235 2082 4288 libi-

525 4322 702 4373 dinem
733 4321 1020 4387 carnisque
1051 4319 1434 4386 appetitionem
1475 4321 1698 4384 habens,
1739 4339 1859 4391 quae
1906 4326 2080 4393 ipsum

525 4412 797 4474 incitaret,
832 4413 1040 4465 etiamsi
1103 4412 1396 4465 liberorum
1425 4415 1595 4480 gratia
1631 4415 1802 4469 ﬁeret.
1842 4417 1909 4470 Et
1945 4419 2083 4484 ideo,

526 4503 593 4555 In
618 4506 866 4570 peccatis,
906 4504 1038 4556 dixit
1088 4503 1276 4566 David,
1330 4505 1564 4572 concepit
1615 4523 1694 4558 me
1751 4521 1919 4562 mater
1949 4527 2085 4566 mea.

534 4596 589 4649 Si
626 4596 769 4649 enim
805 4595 982 4646 carnis
1010 4592 1355 4659 cupiditatem
1399 4607 1614 4646 causam
1651 4596 1841 4650 habeat
1892 4613 2085 4667 COI‘po-

531 4702 646 4740 tum
678 4685 974 4754 generatio,
1008 4684 1130 4736 talia
1167 4691 1290 4734 sunt
1315 4685 1535 4738 omnino
1581 4695 1634 4739 et
1679 4702 1796 4755 qua:
1845 4704 1906 4742 ex
1958 4692 2088 4759 ipsis

527 4784 869 4842 generantur.

528 4865 753 4918 ARIST.
793 4884 810 4915 ι
853 4865 974 4930 Qui,
1023 4865 1292 4934 Theologo
1337 4865 1550 4920 dicente
1591 4885 1602 4919 :
1641 4885 1658 4918 ι
1689 4866 1744 4921 Si
1769 4868 2084 4934 dixerimus,

604 4972 622 5004 ι
665 4959 806 5022 quod
838 4965 1119 5023 peccatum
1171 4959 1223 5011 in
1266 4957 1420 5011 nobis
1443 4973 1550 5011 non
1584 4967 1684 5022 est,
1730 4961 2088 5026 nosmetipsos

604 5064 624 5096 ι
666 5045 976 5100 seducimus
1001 5063 1016 5110 ;
1046 5064 1064 5097 ι
1089 5048 1465 5112 interpretatur
1493 5056 1672 5101 utnon
1695 5063 1837 5112 vere,
1870 5049 1964 5101 sed
1995 5051 2090 5102 hu-

608 5155 626 5185 ι
670 5136 864 5189 tniliter
891 5138 991 5190 hoc
1019 5137 1215 5190 dixerit
1248 5155 1261 5190 :
1297 5138 1576 5199 anathema
1630 5140 1718 5192 sit.
1756 5157 1773 5189 ι

604 5226 1047 5294 Quandoquidem
1072 5242 1257 5280 omnes
1288 5244 1472 5281 sumus
1499 5229 1549 5281 in
1578 5231 1828 5295 peccatis,
1855 5241 1907 5283 et
1935 5246 2092 5284 nemo

536 5332 754 5383 purusa
789 5317 1054 5376 sordibus.
1093 5319 1304 5371 etiamsi
1341 5335 1476 5371 unus
1521 5320 1634 5372 dies
1680 5331 1788 5372 tota
1837 5323 1906 5374 sit
1951 5322 2092 5375 illius

540 5412 643 5462 vita
681 5429 692 5462 :
729 5409 1056 5462 anathemati
1081 5411 1347 5463 obnoxius
1375 5421 1476 5473 est,
1513 5413 1602 5479 qui
1627 5411 1780 5476 dicit,
1812 5413 2091 5468 humiliter

538 5510 592 5553 et
622 5517 724 5552 non
752 5515 877 5552 vere
904 5502 968 5551 ab
998 5499 1238 5568 apostolo
1267 5500 1368 5554 dici
1402 5519 1414 5554 :
1451 5501 1601 5564 Quod
1634 5503 1676 5554 si
1707 5503 1929 5556 dicimus
1953 5510 2089 5573 quod

605 5685 864 5740 "Hth
925 5703 957 5753 ι,
1011 5687 1092 5739 10.

1165 5689 1204 5715 ³⁷
1235 5687 1359 5741 ibid.
1414 5687 1444 5740 9
1509 5687 1552 5715 ⁵⁸
1583 5685 1719 5739 Psul.
1759 5701 1809 5751 L,
1855 5686 1902 5737 7.

2230 1354 2247 1385 ι
2294 1336 2401 1388 τῶν
2430 1336 2599 1402 ἁγίων
2627 1337 2777 1388 ἐστὶν
2806 1334 2946 1403 αῦτη
2972 1352 2985 1364 ·
3021 1337 3146 1388 Ἐὰν
3176 1336 3425 1403 εἴπωμεν
3445 1335 3528 1386 ὅτι
3559 1336 3759 1404 ἀμαρ-

2236 1444 2252 1474 ι
2300 1425 2422 1478 τίαν
2469 1427 2567 1478 ούκ
2613 1426 2844 1494 ἔχομεν,
2889 1425 3115 1486 ἑαυτούς
3161 1424 3474 1492 πλανῶμεν.
3512 1423 3766 1491 Ὁμοίως

2242 1534 2260 1566 ι
2307 1517 2523 1586 ῆρεσεν,
2555 1518 2644 1570 ἵνα
2672 1519 2810 1585 ὅπερ
2841 1511 2996 1569 εἷπεν
3023 1518 3050 1567 6
3080 1516 3231 1580 ἅγιος
3267 1514 3522 1584 Ἰωάννης
3551 1518 3578 1567 6
3609 1514 3770 1567 ἀπό-

2245 1626 2263 1658 ι
2313 1609 2493 1668 στολος
2520 1624 2535 1640 ⁶
2577 1609 2718 1662 Ἐὰν
2744 1610 3001 1676 ειπωμεν
3023 1607 3112 1660 ὅτι
3143 1607 3435 1675 ἁμαρτίαν
3476 1609 3590 1659 οὐκ
3619 1607 3772 1672 ἔχο-

2244 1717 2262 1748 ι
2299 1715 2434 1765 μεν,
2491 1698 2744 1764 ἑαυτοὺς
2777 1697 3114 1767 ἀπατῶμεν,
3158 1697 3254 1749 καὶ
3306 1698 3559 1762 ἀλήθεια
3609 1697 3775 1764 ἡμῖν

2241 1808 2259 1839 ι
2303 1793 2413 1844 οὐκ
2470 1790 2677 1844 ἐστιν’
2753 1791 3108 1858 ὁστισδήποτε
3155 1790 3305 1841 οὕτω
3362 1789 3773 1858 παραληπτέον

2239 1898 2258 1930 ι
2307 1881 2540 1950 νομίσει,
2567 1883 2640 1943 ὡς
2665 1883 2838 1932 εἰπεῖν
2861 1882 2951 1932 διὰ
2970 1879 3477 1948 ταπεινοφροσύνην
3503 1878 3578 1948 μὴ
3601 1879 3768 1948 ὀφεί-

2241 1988 2258 2020 ι
2305 1969 2416 2022 λειν
2447 1971 2699 2038 λέγεσθαι
2729 1973 2877 2039 ἡμᾶς
2915 1971 2989 2039 μὴ
3025 1970 3168 2037 ἔχειν
3202 1969 3502 2038 ἁμαρτίαν.
3534 1969 3639 2038 οὐχ
3673 1970 3768 2022 ὅτι

2241 2079 2258 2110 ι
2306 2061 2519 2130 ἀληθῶς
2551 2059 2726 2123 οὕτως
2760 2060 2942 2120 ἐστὶν,
2979 2059 3231 2129 ἀνάθεμα
3265 2059 3372 2128 εῐη.
3411 2059 3770 2112 Ἐπακολου-

2241 2170 2260 2202 ι
2307 2151 2391 2203 θεῖ
2425 2151 2533 2219 γάρ
2565 2154 2591 2202 6
2622 2151 2920 2212 ἀπόστολος
2952 2151 3045 2202 καὶ
3084 2150 3516 2217 προσζεύγνυσιν
3547 2150 3731 2212 οὕτως
3751 2147 3772 2163 ⁸

2242 2262 2260 2295 ι
2300 2243 2432 2297 Ἐὰν
2460 2240 2526 2296 δὲ
2565 2241 3038 2312 ὁμολογήσωμεν
3075 2242 3183 2305 τὰς
3236 2241 3528 2308 ἁμαρτίας
3559 2240 3764 2307 ἡμῶν,

2242 2353 2261 2386 ι
2310 2337 2521 2400 πιστός
2553 2335 2680 2387 ἐστι
2724 2333 2818 2386 καὶ
2853 2333 3104 2398 δίκαιος,
3152 2333 3327 2395 ὅστις
3354 2330 3578 2400 ἀφήσει
3613 2332 3778 2398 ’ἡμῖν

2245 2445 2263 2474 ι
2309 2428 2413 2490 τὰς
2443 2425 2750 2493 ἁμαρτίας,
2774 2425 2869 2477 καί
2901 2423 3211 2489 καθαρίσει
3238 2420 3393 2488 ἡμᾶς
3409 2420 3528 2473 ἀπὸ
3551 2419 3775 2486 πάσης

2247 2534 2264 2565 ι
2310 2515 2566 2579 ἀδικίας.
2599 2515 2766 2567 Ἔνθα
2807 2516 2945 2568 πάνυ
2986 2513 3285 2582 δεδήλωται
3316 2512 3474 2564 τοῦτο
3499 2511 3575 2580 μὴ
3601 2513 3778 2579 μόνον

2246 2624 2264 2654 ι
2311 2606 2769 2672 ταπεινοτρρὸνως,
2795 2604 2908 2656 ἀλλ’
2933 2603 3011 2654 ἔτι
3043 2603 3147 2671 μὴν
3175 2601 3446 2666 ἀληθινῶς
3469 2598 3772 2666 λέγεσθαι.

2248 2715 2265 2746 ι
2305 2697 2563 2749 Ἦδύνατο
2589 2695 2696 2762 γὰρ
2723 2697 2748 2746 6
2775 2694 3071 2756 ἀπόστολος
3099 2695 3298 2756 εἰπεῖν,
3332 2692 3462 2744 Ἐἀν
3487 2691 3774 2759 εῑπωμεν,

2248 2807 2268 2838 ι
2314 2789 2426 2840 Ούκ
2462 2786 2656 2856 ἔχομεν
2691 2785 2987 2854 ἁμαρτίαν.
3027 2785 3253 2844 ἑαυτοὺς
3289 2781 3620 2858 ἐξυψοῦμεν,
3665 2783 3773 2835 καὶ

2247 2897 2266 2928 ι
2312 2878 2782 2948 ταπεινοφροσύνη
2819 2879 2873 2928 ὲν
2904 2878 3036 2944 ἡμῖν
3066 2878 3164 2928 ούκ
3199 2875 3346 2926 ἔστιν
3374 2891 3387 2904 ο
3421 2874 3537 2926 ἀλλ’
3564 2873 3772 2932 εἰπὼν,

2250 2988 2266 3018 ι
2309 2968 2590 3032 Ἑαυτοὺς
2605 2966 2938 3034 ἀπατῶμεν,
2961 2965 3074 3030 καὶ,
3101 2965 3370 3031 Ἀλήθεια
3396 2965 3465 3016 ἐν
3487 2964 3632 3031 ἡμῖν
3657 2965 3784 3016 οὐκ

2257 3078 2274 3109 ι
2322 3060 2489 3122 ἔστι,
2537 3060 2678 3110 πάνυ
2731 3057 2978 3121 ἀπέδειξε
3031 3057 3120 3108 τὸν
3166 3057 3393 3120 λέγοντα
3447 3056 3642 3107 ἐνυτδν
3695 3060 3783 3123 μὴ

2258 3169 2276 3200 ι
2324 3151 2468 3218 ἔχειν
2490 3150 2786 3216 ἁμαρτίαν,
2818 3147 2890 3215 μὴ
2913 3147 3216 3214 ἀληθεύειν,
3241 3145 3376 3197 ἀλλὰ
3397 3145 3717 3212 ψεύδεσθαι.
3751 3167 3774 3198 ι

2251 3237 2447 3290 ΒΑΛΣ.
2487 3235 2579 3287 καὶ
2617 3235 2769 3287 ΖΩΝ.
2805 3235 2962 3295 Τινὲς
2997 3235 3058 3286 τὸ
3091 3234 3451 3286 ἀποστολικδν
3486 3235 3676 3303 ῥητὸν,
3713 3236 3788 3287 τὸ

2178 3327 2358 3394 λέγον,
2394 3325 2537 3378 Ἐὰν
2568 3325 2849 3392 εἴπωμεν,
2891 3325 3210 3392 Ἀμαρτίαν
3240 3325 3350 3377 οὐκ
3369 3324 3608 3392 ἔχομεν,
3629 3325 3782 3378 ἐαυ-

2179 3418 2321 3477 τοὺς
2355 3414 2695 3483 ἀπατῶμεν,
2732 3415 2901 3476 οὕτως
2937 3413 3385 3482 ὲξελαμῦάνοντο,
3423 3415 3504 3465 δτι
3538 3414 3628 3466 διὰ
3667 3431 3778 3465 τα-

2184 3505 2617 3574 πεινοφροσύνην
2651 3505 2730 3555 δεῖ
2765 3504 2924 3556 τοῦτο
2963 3504 3166 3570 λέγειν,
3206 3505 3296 3556 καὶ
3341 3505 3400 3554 οὐ
3449 3505 3584 3572 πρὶς
3629 3502 3740 3572 ἀλή
3764 3535 3781 3543 -

2183 3597 2352 3648 θειαν.
2385 3597 2522 3657 Τοὺς
2552 3595 2644 3647 οῦν
2669 3594 2840 3656 οὕτως
2871 3594 3269 3662 ὲρμηνεύοντας
3298 3593 3364 3644 τὰ
3395 3594 3665 3662 εἰρημένα
3693 3595 3786 3663 τῷ

2196 3687 2506 3756 ’Λποστόλῳ
2551 3685 2852 3754 ἀναθέμσιτι
2897 3685 3356 3746 καταδικάζουσιν
3396 3686 3444 3737 oi
3491 3686 3784 3754 Πατέρες,

2183 3777 2431 3842 λέγοντες
2473 3779 2553 3828 ὅτι
2595 3779 2660 3828 ὲκ
2699 3777 2805 3827 τῶν
2850 3776 2977 3841 ἑξῆς
3023 3777 3285 3843 ῥημάτων
3328 3776 3424 3841 τῆς
3459 3777 3786 3840 ἐπιστολῆς

2183 3867 2454 3919 δείκνυται
2500 3866 2780 3936 προδήλως
2821 3867 2912 3917 τοῦ
2961 3866 3336 3934 ἀποστόλουηή
3387 3865 3606 3931 ἔννοια,
3669 3868 3784 3918 ἑπ-

2186 3959 2426 4023 άγοντος·
2447 3960 2579 4010 Ἐὰν
2595 3957 2660 4010 δὲ
2674 3958 3139 4026 ὁμολογήσωμεν
3156 3957 3258 4020 τὰς
3271 3957 3564 4023 ἁμαρτίας
3577 3954 3784 4022 ἡμῶν,

2186 4053 2278 4102 καὶ
2314 4051 2413 4102 ὅσα
2454 4051 2672 4118 ἐφεξῆς.
2712 4051 2820 4102 Καὶ
2855 4051 2881 4101 6
2917 4049 3080 4101 Δαὸὶδ
3117 4049 3173 4101 δὲ
3219 4048 3367 4113 λέγει
3393 4065 3404 4076 ·
3446 4050 3545 4098 Ἐν
3586 4046 3793 4114 ἁμαρ-

2186 4141 2335 4205 τιάις
2369 4141 2665 4206 ἐκίσσησέ
2694 4155 2768 4206 με
2802 4140 2838 4205 ἡ
2869 4139 3066 4206 μήτηρ
3096 4155 3236 4203 μου.
3271 4137 3330 4187 Et
3367 4135 3442 4204 μὴ
3477 4135 3582 4202 γὰρ
3620 4137 3650 4186 6
3685 4137 3786 4187 v6-

2191 4250 2286 4299 μος
2335 4231 2626 4301 ἐπεκούρει
2667 4231 2741 4298 τῷ
2787 4231 2970 4299 γάμῳ,
3017 4229 3260 4298 ἁμαρτία
3307 4230 3372 4280 ἂν
3417 4227 3698 4292 ἐλογίζετο
3746 4229 3785 4297 ἡ

2193 4323 2336 4392 μίξις
2359 4363 2373 4385 ,
2409 4323 2766 4392 φιλοσαρκίαν
2802 4324 2897 4376 καὶ
2936 4321 3112 4392 ὄρεξιν
3147 4319 3418 4389 σαρκικὴν
3455 4319 3652 4388 ἔχουσα
3694 4335 3788 4369 κι-

2191 4414 2388 4466 νοῦσαν
2417 4418 2494 4475 εἰς
2528 4415 2724 4482 αὐτὴν,
2762 4414 2865 4466 κᾶν
2894 4414 2982 4465 διὰ
3018 4412 3365 4467 παιδοποιίαν
3399 4412 3647 4476 γένηται.
3682 4411 3788 4462 Διὸ

2191 4505 2307 4569 καὶ,
2340 4506 2442 4559 Ἐν
2470 4506 2796 4573 ἁμαρτίαις,
2825 4499 2979 4555 εἶπεν
3005 4506 3032 4556 6
3065 4503 3249 4565 Δαϐὶδ,
3298 4501 3601 4566 ἐκίσσησέ
3626 4517 3710 4567 με
3739 4500 3786 4566 ἡ

2185 4595 2383 4663 μήτηρ
2410 4614 2548 4662 μου.
2582 4598 2642 4650 Ei
2673 4597 2781 4663 γὰρ
2808 4595 2987 4646 αἰτίαν
3014 4594 3128 4661 ἔχει
3159 4593 3260 4661 τὴν
3289 4591 3386 4660 τῆς
3419 4589 3621 4658 σαρκὸς
3654 4591 3792 4640 ἐπι-

2193 4688 2391 4756 θυμίαν
2416 4689 2524 4740 τῶν
2555 4688 2819 4755 σωμάτων
2845 4687 2876 4754 ἡ
2910 4686 3140 4752 γένεσις,
3171 4680 3395 4734 τοιαῦτα
3425 4680 3646 4740 πάντως
3682 4682 3793 4732 καὶ

2189 4779 2259 4831 τὰ
2288 4780 2344 4844 ἐξ
2375 4780 2551 4832 αὐτῶν
2580 4778 2912 4847 γεννώμενα.

2195 4869 2412 4922 ᾹΙῚΣΤ.
2480 4887 2498 4918 ι
2536 4870 2614 4929 '0,
2649 4867 2740 4918 τοῦ
2776 4866 3034 4930 Θεολόγου
3068 4864 3344 4930 λέγοντος·
3389 4880 3407 4912 ι
3445 4861 3569 4912 Ἐὰν
3603 4863 3794 4913 εἴπω·

2271 4978 2290 5009 ι
2339 4977 2434 5027 μεν
2459 4959 2538 5010 ὃτι
2565 4957 2806 5026 ἁμαρτία
2831 4959 2887 5008 ὲν
2913 4957 3043 5025 ἡμῖν
3066 4956 3164 5006 οὐκ
3191 4954 3356 5016 ἔστιν,
3382 4952 3608 5013 ἑαυτοὺς
3635 4952 3796 5003 ἀπαο

2271 5070 2288 5100 ι
2337 5049 2534 5116 τῶμεν,
2582 5069 2600 5099 ι
2646 5045 3078 5116 παρερμηνεύων
3113 5047 3192 5097 ὅτι
3228 5045 3326 5095 οὐκ
3365 5042 3602 5110 ἀληθῶς,
3645 5042 3794 5099 ἀλλὰ

2272 5161 2288 5188 ι
2337 5139 2772 5207 ταπεινοςςρόνως
2803 5139 2988 5206 εἴρηκε
3017 5136 3196 5200 τοῦτο,
3229 5135 3497 5203 ἀνάθεμα.
3545 5152 3564 5184 s

2283 5231 2498 5298 Ἐπειδὴ
2552 5231 2746 5291 πάντες
2793 5229 2849 5280 ὲν
2893 5229 3184 5297 ἁμαρτίαις
3231 5227 3419 5295 ἐσμὲν,
3461 5225 3557 5277 καὶ
3600 5225 3791 5289 οὐδεὶς

2201 5321 2436 5389 καθαρὸς
2475 5321 2580 5371 ἀπὸ
2623 5321 2819 5386 ῥύπου,
2852 5319 3044 5371 οὐδ’ἆν
3083 5321 3179 5388 μία
3213 5319 3394 5386 ἡμέρα
3432 5317 3550 5377 ὅλος
3589 5318 3617 5368 6
3664 5317 3791 5385 βίος

2200 5408 2359 5462 αὺτοῦ
2379 5411 2546 5460 ἐστιν·
2578 5408 2874 5476 ἀναθέματι
2897 5407 3051 5459 ἔσται
3071 5409 3250 5476 ἔνοχος
3269 5410 3296 5459 6
3314 5407 3486 5473 λέγων
3516 5422 3787 5460 ταπεινο-

2202 5506 2428 5575 capri-101;,
2451 5506 2543 5557 καὶ
2573 5503 2645 5572 μὴ
2673 5503 2882 5572 ἀληθῶς
2914 5505 3060 5573 παρὰ
3085 5503 3178 5558 τοῦ
3200 5503 3499 5556 ἀποστόλου
3520 5501 3789 5570 εἰρῆσθαι
