4012 6456
611 317 711 378 sm

1853 328 1951 385 ΤΗ
1963 329 2130 387 EOD.
2177 329 2264 385 BA
2276 330 2570 389 LSAMON

3694 332 3800 393 380

610 419 741 485 ipsis
777 440 788 473 :
825 432 876 473 et
933 424 1203 481 adducunt
1251 429 1552 482 testimonia
1604 445 1770 486 sacrae
1817 432 2128 501 Scriptum:

2243 437 2354 486 τεῒν
2384 436 2480 500 τὴν
2512 437 2702 500 ἄφεσιν
2733 433 2839 486 τῶν
2871 434 3180 503 ἁμαρτιῶν,
3212 433 3343 486 ἀλλὰ
3376 444 3467 488 καὶ
3497 439 3636 504 ὑπὲρ
3666 441 3796 488 ἐαυ-

609 523 770 561 unum
804 513 1012 576 quidem
1039 529 1102 583 ex
1139 515 1370 581 Epistula
1423 519 1605 572 Jacobi
1663 521 1844 575 fratris
1893 521 2101 578 Domhii
2131 565 2145 590 ,

611 598 809 664 reliqua
839 613 1012 654 autem
1045 618 1107 658 ex
1142 603 1320 658 Veteri
1345 605 1711 665 Testamento.

606 791 828 846 AlllST.
871 813 888 844 ι
926 795 1022 859 Qui
1067 799 1190 851 illud
1226 817 1238 851 :
1274 800 1486 855 Dimitte
1535 805 1678 857 nobis
1708 807 1880 859 debita
1931 819 2142 874 nostra;

685 901 701 931 ι
743 900 858 950 quae
884 889 1168 940 multorum
1192 902 1318 943 sunt
1347 892 1547 956 dicere,
1581 903 1636 947 et
1684 911 1788 949 non
1818 911 1933 963 quae
1962 900 2142 964 singu-

680 990 698 1021 ι
742 974 910 1026 Ι‹ιι·ιιιιι
944 985 994 1028 et
1019 982 1249 1045 propria,
1283 984 1520 1050 exponit,
1551 987 1833 1039 anathema
1869 989 1941 1041 sit
1971 1005 1985 1040 :
2018 1003 2138 1042 cum

680 1079 697 1107 ‹
740 1061 1010 1115 Danielem
1038 1068 1196 1117 etiam
1245 1083 1365 1120 cum
1401 1071 1580 1124 multis
1623 1073 1886 1126 dicentem
1921 1075 2135 1128 videat:

677 1168 693 1197 ι
737 1147 1012 1218 Confessus
1050 1171 1163 1207 sum
1201 1161 1411 1222 peccata
1460 1174 1591 1220 mea,
1619 1169 1667 1212 et
1712 1174 1920 1226 peccata
1964 1166 2140 1230 populi

675 1255 692 1287 ι
733 1241 850 1292 mei.
897 1261 916 1292 s

677 1328 776 1393 Qui
810 1347 1085 1401 perperam
1133 1337 1537 1405 interpretatur,
1569 1342 1706 1409 quod
1761 1344 1930 1396 sancti
1981 1343 2133 1405 illud,

599 1419 816 1473 Remitte
868 1426 1011 1476 nobis
1045 1428 1238 1493 debita,
1297 1430 1560 1496 dicentes,
1623 1447 1728 1485 non
1788 1447 1884 1501 pro
1939 1434 2133 1501 seipsis

597 1522 876 1574 precantes
917 1514 1041 1567 illud
1067 1517 1268 1581 dicunt,
1300 1529 1486 1573 utnon
1532 1521 1790 1576 habentes
1833 1533 2132 1589 peccatum,

595 1613 657 1651 ac
689 1599 806 1652 ideo
840 1605 1142 1668 precatione
1176 1606 1273 1660 ista
1309 1623 1410 1661 non
1449 1609 1722 1677 indigent,
1755 1613 1846 1665 sed
1883 1627 1980 1679 pro
2009 1627 2133 1680 pec-

591 1691 862 1744 catoribus
885 1695 1184 1748 orationem
1215 1696 1371 1749 istam
1406 1698 1511 1752 Deo
1549 1699 1801 1764 oﬂ‘erunt,
1849 1705 2129 1756 anathema

591 1779 681 1833 sit.
712 1781 943 1836 Sanctus
971 1786 1109 1838 enim
1139 1798 1190 1840 et
1222 1791 1399 1852 justus
1445 1799 1564 1844 erat
1584 1792 1856 1859 apostolus
1877 1791 2127 1857 Jacobus,

592 1870 807 1934 quando
836 1872 990 1932 dixit.
1023 1873 1088 1927 1η
1119 1878 1293 1929 multis
1328 1880 1462 1930 enim
1504 1896 1776 1947 percautus
1829 1897 2000 1935 omnes
2028 1895 2047 1933 .'
2080 1891 2132 1935 et

593 1958 778 2014 Daniel
808 1960 856 2013 in
887 1965 1128 2018 oratione
1153 1967 1267 2032 ejus
1298 1986 1514 2024 numero
1540 1972 1731 2040 plurali
1762 1975 1962 2038 dicens,
1997 1971 2128 2026 Pec-

586 2051 834 2114 cavimus,
890 2052 1049 2121 legem
1106 2061 1422 2126 transgressi
1450 2078 1628 2117 sumus
1675 2072 1727 2118 et
1761 2077 1986 2132 caetera;
2033 2066 2127 2119 de-

585 2140 707 2194 inde
741 2155 793 2195 et
825 2143 1170 2210 singulariter
1195 2151 1414 2213 addens,
1448 2152 1728 2218 Confessus
1757 2172 1872 2208 sum
1914 2167 2125 2222 peccata

587 2246 721 2294 mea,
756 2243 802 2284 et
828 2245 1038 2300 peccata
1071 2240 1250 2304 populi
1281 2242 1379 2292 mei
1413 2241 1636 2297 Domino
1672 2243 1780 2297 Deo
1813 2262 1944 2299 meo.

1125 2412 1350 2469 CANO'N
1387 2418 1588 2474 CXVII.

590 2517 606 2546 ι
653 2500 802 2564 Quod
835 2517 862 2554 a
889 2506 1089 2557 sanctis
1125 2521 1245 2560 vere
1278 2510 1495 2571 dicitur,
1530 2510 1744 2564 Dimitte
1786 2513 1931 2566 nobis
1955 2515 2124 2566 debita

656 2611 676 2642 ι
716 2605 888 2644 nostra
914 2597 976 2646 ⁶⁵.
1016 2595 1271 2649 Similiter
1303 2599 1520 2664 placuit,
1567 2611 1621 2653 ut
1656 2603 1960 2668 quicunque
2013 2605 2126 2660 lt:er

655 2701 672 2731 ι
715 2686 871 2736 verba
921 2684 1193 2740 Orationis
1246 2689 1552 2750 Dominicte,
1607 2693 1694 2741 ubi
1747 2693 1993 2756 dicimus,
2031 2693 2122 2745 Di-

654 2792 672 2822 ι
715 2775 856 2828 mitte
892 2777 1062 2849 _nobis
1115 2779 1286 2830 debita
1336 2789 1531 2839 nostra,
1584 2782 1660 2832 sic
1704 2780 1884 2834 volunt
1938 2784 2041 2834 dici
2095 2800 2123 2834 a

656 2882 671 2912 ι
717 2867 940 2928 sanetis,
971 2876 1106 2918 utea
1139 2868 1430 2930 humiliter,
1481 2884 1588 2921 non
1628 2885 1752 2923 vere
1801 2873 1940 2926 dicta
1980 2873 2121 2938 sint;

657 2974 674 3003 ι
718 2955 820 3006 sint
852 2955 1153 3008 anathema.
1187 2957 1314 3020 Quis
1341 2958 1482 3009 enim
1532 2958 1666 3011 ferat
1713 2974 2040 3027 precantem,
2069 2975 2121 3016 et

651 3065 672 3094 ι
717 3061 820 3098 non
878 3047 1204 3110 hominibus,
1267 3051 1356 3102 sed
1415 3052 1518 3103 Deo
1573 3055 1917 3107 mentientem

656 3155 673 3186 ι
719 3136 880 3188 labris
903 3136 1064 3201 dicat,
1099 3139 1232 3194 velle
1260 3140 1357 3191 sibi
1387 3141 1619 3203 remitti,
1651 3145 1742 3195 sed
1773 3147 1934 3198 corde
1960 3146 2121 3205 dicat,

657 3244 673 3276 ι
715 3241 772 3279 se
802 3241 903 3278 non
933 3227 1127 3280 habere
1158 3237 1397 3296 peccata,
1425 3244 1542 3298 qua:
1573 3231 1673 3284 sibi
1706 3234 2074 3286 dimittantur?
2103 3255 2119 3285 ι

655 3572 843 3625 [ςλιδ.
874 3572 1116 3626 Praesens
1144 3588 1352 3641 quoque
1384 3590 1550 3629 canon
1591 3587 1673 3630 cst
1718 3580 1953 3645 ejusdem
2004 3599 2127 3636 scn-

581 3664 778 3726 tmttizn,
811 3679 930 3716 cum
958 3664 1105 3728 dicit,
1137 3662 1266 3732 Qttis
1297 3666 1438 3718 enim
1471 3682 1590 3719 eum
1627 3668 1782 3731 feret,
1815 3672 1903 3739 qui
1950 3674 2124 3728 verbis

578 3757 791 3822 quidem
814 3756 949 3822 petit
974 3757 1338 3810 remissionem
1372 3768 1731 3826 peccatorum,
1759 3762 1922 3814 corde
1943 3775 2121 3817 autem

581 3861 637 3897 se
660 3861 762 3896 non
788 3845 982 3898 habere
1009 3858 1228 3912 peccata
1254 3847 1554 3912 existimet;
1588 3857 1636 3902 el
1663 3864 1764 3902 non
1795 3849 2123 3918 hominibus,

580 3934 672 3985 sed
711 3935 815 3987 Deo
846 3935 1136 3988 mentitur?

650 4020 901 4076 ZONAR.
939 4023 1182 4078 Prresens
1204 4041 1416 4093 quoque
1439 4041 1607 4082 canon
1630 4039 1713 4084 est
1734 4032 1970 4099 ejusdem
2002 4047 2123 4086 sen-

580 4115 781 4177 tentias,
809 4124 860 4165 et
901 4115 1224 4168 anathemati
1258 4116 1470 4183 sultjicit
1508 4133 1651 4185 eum,
1699 4124 1787 4188 qui
1836 4123 1909 4175 ita
1942 4125 2122 4188 sentit,

579 4206 797 4258 dicens:
832 4205 961 4269 Quis
990 4206 1131 4259 enim
1179 4221 1298 4259 eum
1327 4209 1483 4275 ierat,
1518 4209 1620 4263 hoc
1651 4222 1752 4274 est,
1809 4214 1929 4280 quis
1964 4216 2126 4268 susti-

581 4303 704 4348 neat
761 4303 814 4347 et
843 4295 1073 4361 patiatur
1105 4310 1248 4358 eum,
1280 4297 1372 4363 qui
1405 4297 1582 4352 verbis
1614 4301 1824 4365 quidem
1859 4303 1986 4368 petit
2036 4319 2122 4355 re-

1969 3072 1980 3106 :
2033 3056 2119 3123 qui
2147 3073 2190 3132 ρ

2247 525 2374 576 τῶν.
2407 527 2514 577 Kal
2550 529 2846 591 μαρτυρίας
2877 527 3195 592 ἐπιφέρουσι
3228 527 3531 592 γραφικὰς,
3571 528 3697 592 μίαν
3730 530 3796 580 ἐκ

2247 616 2343 683 τῆς
2373 618 2658 683 ἐπιστολῆς
2687 617 2775 668 τοῦ
2805 616 3118 683 ἁδελφοθέου
3154 616 3438 679 Ἰακὼὄου,
3466 617 3560 677 τὰς
3588 617 3643 668 δὲ
3677 618 3794 669 λοι-

2245 705 2353 766 πὰς
2381 707 2444 757 ὲκ
2467 710 2563 774 τῆς
2594 707 2948 772 παλαιοτέρας
2977 707 3212 774 Γρατρῆς.

2243 795 2458 847 ΔΡΙΣΤ.
2499 814 2516 845 ι
2558 796 2616 846 Ὀ
2649 793 3016 862 παραφράζων
3041 795 3120 857 τὸ,
3153 795 3332 860 Ἄφες
3361 795 3504 860 ἡμῖν
3541 795 3610 847 τὰ
3633 796 3796 861 ὀφει-

2325 902 2342 932 ι
2385 884 2617 950 λήματα
2664 884 2862 951 ἡμῶν,
2906 885 2971 935 τά
3015 884 3123 935 τῶν
3191 883 3397 936 πολλῶν
3441 884 3648 948 λέγειν,
3693 886 3793 934 καὶ

2320 990 2339 1023 ι
2382 974 2476 1040 οὐχ
2505 974 2730 1025 ἑκάστου
2760 973 2852 1025 καὶ
2877 973 2944 1024 τὰ
2967 975 3157 1032 οἰκεῖα,
3185 971 3430 1038 ἀνάθεμα
3451 987 3463 999 ·
3495 972 3631 1037 μετὰ
3663 971 3792 1022 πολ-

2317 1081 2334 1112 ι
2381 1062 2486 1113 λῶν
2527 1066 2616 1113 καὶ
2657 1062 2852 1130 Δανιὴλ
2894 1062 3103 1129 βλέπων
3145 1061 3389 1126 λέγοντα,
3451 1061 3788 1126 Ἐξωμολοο

2316 1171 2332 1202 ι
2381 1153 2608 1220 γούμην
2643 1152 2746 1215 τὰς
2768 1152 3050 1218 ἁμαρτίας
3075 1166 3212 1217 μου,
3254 1149 3480 1212 καὶτὰς
3501 1149 3792 1216 ἁμαρτίας

2315 1259 2332 1290 ι
2375 1239 2479 1293 τοῦ
2509 1240 2661 1293 λαοῦ
2680 1257 2816 1307 μου.
2862 1259 2880 1289 s

2323 1333 2380 1386 Ὀ
2412 1332 2837 1402 παρερμηνεὺων
2864 1331 2936 1393 ὡς
2968 1333 3017 1384 οῑ
3046 1332 3188 1399 ἅγιοι
3217 1332 3304 1395 τὸ,
3335 1333 3516 1397 Ἄφες
3547 1333 3690 1397 ἡμῖν
3721 1333 3796 1385 τὰ

2237 1423 2600 1492 ὀφειλήματα
2619 1461 2634 1482 ,
2665 1421 2940 1486 λέγοντες,
2975 1421 3072 1489 οὐχ
3102 1421 3238 1488 ὑπὲρ
3269 1420 3476 1472 ἑαυτῶν
3505 1421 3793 1487 εὐχόμενοι

2233 1513 2389 1566 τοῦτο
2433 1515 2703 1579 λέγουσιν,
2745 1513 2818 1572 ὡς
2865 1513 2937 1579 μὴ
2979 1510 3190 1579 ἔχοντες
3233 1510 3526 1577 ἁμαρτίας,
3568 1510 3662 1568 καὶ
3701 1510 3794 1561 διὰ

2232 1599 2387 1652 τοῦτο
2417 1599 2550 1669 μηδὲ
2575 1599 2812 1667 δεόμενοι
2835 1598 2930 1666 τῆς
2963 1598 3224 1667 αἰτήσεως
3248 1596 3448 1665 ταύτης
3467 1614 3481 1627 ·
3507 1597 3621 1648 ἀλλ’
3646 1597 3792 1662 ὑπὲρ

2231 1689 2338 1742 τῶν
2365 1688 2698 1758 ἁμαρτωλῶν
2725 1688 2821 1756 τὴν
2852 1687 3056 1740 ἱκεσίαν
3084 1686 3286 1754 ταύτην
3315 1687 3676 1754 προσφέρουσι
3709 1687 3791 1754 τῷ

2159 1757 2205 1814 Β
2233 1777 2367 1846 Θεῷ,
2393 1757 2507 1847 ήτω
2535 1777 2777 1844 ἀνάθεμα
2797 1792 2814 1810 ο
2841 1776 2991 1844 ἅγιος
3019 1776 3124 1844 γὰρ
3153 1775 3244 1826 καὶ
3274 1775 3477 1836 δίκαιος
3503 1771 3570 1843 ἦν
3598 1777 3792 1852 Ὶάκω·

2231 1868 2324 1930 ὄος
2372 1869 2400 1918 ὁ
2452 1869 2780 1931 ἀπόστολος,
2828 1868 2916 1919 ὅτε
2967 1864 3188 1931 ἔλεγεν·
3229 1864 3329 1916 Ἐν
3375 1865 3628 1929 πολλοῖς
3676 1867 3792 1933 γὰρ

2230 1955 2639 2024 ἁμαρτάνομεν
2663 1956 2881 2020 πάντες
2900 1972 2914 1985 ο
2941 1957 3032 2008 καὶ
3061 1958 3087 2007 ὁ
3109 1955 3308 2025 Δανιὴλ
3331 1955 3387 2005 ὲν
3410 1957 3473 2024 τῇ
3507 1957 3784 2022 προσευχῇ

2229 2044 2392 2097 αὑτοῦ
2430 2045 2797 2114 πληθυντικῶς
2826 2046 2995 2111 λέγων
3014 2062 3027 2074 ’
3058 2046 3440 2112 Ἦμάρτομεν,
3471 2045 3787 2111 vis-opiﬁcu-

2224 2148 2358 2200 μεν,
2393 2133 2486 2183 καὶ
2514 2132 2578 2183 τὰ
2610 2131 2770 2184 λοιπά
2790 2148 2802 2161 ·
2833 2128 2950 2183 εἶτα
2983 2133 3074 2184 καὶ
3109 2133 3287 2194 ίδικῶς
3321 2133 3538 2197 ἐπάγων
3563 2149 3577 2161 ο
3613 2133 3792 2193 Ἐξω-

2225 2222 2612 2288 μολογούμην
2640 2221 2743 2284 τὰς
2774 2223 3058 2288 ἁμαρτίας
3085 2239 3224 2289 μου,
3247 2222 3342 2273 καὶ
3367 2223 3470 2286 τὰς
3501 2223 3795 2288 ἁμαρτίας

2229 2310 2333 2363 τοῦ
2362 2311 2512 2363 λαοῦ
2537 2328 2653 2378 μου
2684 2313 2872 2378 Κυρίῳ
2902 2309 2977 2374 τῷ
3010 2310 3130 2374 Θεῷ
3155 2327 3295 2378 μου.

2801 2402 3033 2452 ΚΛΝΩΝ
3070 2399 3211 2453 ΡΙΖ’.

2239 2510 2255 2540 ι
2282 2491 2402 2542 Ὀτι
2444 2491 2657 2559 ἀληθῶς
2697 2491 2803 2543 άπὸ
2843 2492 2945 2541 τῶν
2988 2491 3153 2568 άχίων
3193 2490 3411 2556 λέγεται
3461 2489 3539 2553 τὸ,
3613 2491 3792 2554 ’Ἄφες

2303 2601 2319 2630 ι
2367 2582 2507 2648 ἡμῖν
2555 2582 2625 2632 τὰ
2665 2581 3027 2648 ὀφειλήματα
3073 2577 3261 2647 ἡμῶν.
3312 2579 3539 2646 Ὁμοίως
3593 2580 3793 2647 ἤρεσεν

2309 2690 2326 2722 t
2376 2673 2461 2723 ἵνα
2490 2673 2686 2735 οἵτινες
2715 2673 2911 2739 δήποτε
2940 2670 3071 2722 αὐτὰ
3101 2671 3166 2721 τὰ
3198 2670 3419 2737 ῥήματα
3450 2669 3549 2735 τῆς
3581 2671 3795 2720 Δεσπο-

2304 2781 2322 2813 ι
2366 2765 2522 2829 τικῆς
2569 2763 2780 2830 Εὑχῆς,
2826 2762 2956 2812 ὅπου
3001 2759 3256 2828 λέγομενῗ,
3325 2761 3492 2824 Ἄφες
3529 2756 3675 2824 ἡμῖν
3716 2759 3793 2810 τὰ

2301 2867 2321 2903 t
2367 2852 2729 2918 ὀφειλήματα
2757 2849 2958 2917 ἡμῶν,
3023 2849 3164 2900 οὓτω
3219 2847 3490 2916 β‹.ύλονται
3529 2847 3635 2899 ἀπὸ
3678 2848 3791 2901 τῶν

2307 2963 2323 2993 ι
2369 2943 2535 3009 ἁγίων
2557 2942 2827 2999 λέγεσθαι,
2851 2942 2922 3002 ὠς
2945 2939 3383 3007 ταπεινοφρόνως
3409 2939 3501 2990 καὶ
3529 2940 3626 2989 οὐκ
3653 2939 3791 3005 ἀλη-

2304 3053 2319 3082 ι
2368 3033 2473 3095 θῶς
2499 3033 2665 3084 ταῦτα
2694 3031 2962 3098 λεχθῆναι,
2992 3029 3235 3097 ἀνάθεμα
3263 3030 3371 3096 εἴη.
3400 3028 3494 3088 Τίς
3523 3028 3629 3095 γὰρ
3660 3028 3777 3079 ὑπε-

2307 3145 2324 3174 ι
2372 3129 2552 3189 νέγκοι
2590 3124 2676 3174 τὸν
2709 3123 3014 3189 εὐχόμενον,
3057 3121 3147 3171 καὶ
3190 3120 3264 3186 μὴ
3306 3117 3631 3185 ἀνθρώποις,
3670 3119 3791 3170 ἀλλ’

2303 3233 2319 3262 ι
2368 3214 2514 3280 αὐτῷ
2548 3213 2623 3279 τῷ
2665 3214 2850 3279 Κυρίῳ
2885 3211 3238 3277 ψευδόμενον,
3274 3210 3364 3262 τὸν
3396 3213 3508 3271 τοῖς
3551 3210 3792 3277 χείλεσιν

2302 3321 2319 3352 ι
2367 3303 2526 3354 αὑτοῦ
2567 3303 2787 3366 λέγοντα
2827 3302 2996 3351 θέλειν
3041 3299 3332 3366 ἀφεθῆναι,
3374 3303 3436 3365 τῇ
3479 3300 3534 3350 δὲ
3580 3299 3784 3369 καρδίᾳ

2301 3411 2318 3440 ι
2366 3392 2588 3458 λέγοντα
2616 3391 2708 3450 τὰς
2740 3387 3053 3455 ὀφειλούσας
3084 3388 3348 3454 άρεθῆναι
3380 3389 3654 3454 ἁμαρτίας
3686 3390 3786 3439 αὐ-

2304 3501 2320 3532 ι
2366 3483 2460 3550 τῷ,
2493 3481 2564 3549 μὴ
2593 3481 2764 3548 ἔχειν;
2813 3499 2830 3528 ι

2295 3575 2481 3627 ΒΑΛΣ.
2529 3573 2636 3625 Kal
2681 3574 2708 3622 ὁ
2758 3569 2945 3638 παρὼν
2993 3568 3172 3620 κανὼν
3217 3569 3312 3633 τῆς
3361 3567 3528 3633 αὐτῆς
3577 3567 3787 3630 ἐννοίας

2225 3667 2360 3724 ἐστὶ,
2397 3665 2588 3730 λέγων,
2623 3661 2716 3723 Τίς
2749 3662 2857 3730 γὰρ
2890 3658 3136 3722 ἀνέξεται
3169 3658 3258 3709 τὸν
3293 3661 3405 3719 τοῖς
3442 3659 3647 3726 ῥήμασι
3687 3659 3790 3725 μὲν

2223 3758 2412 3822 ἆςρεσιν
2446 3751 2772 3820 σφαλμάτων
2802 3748 3085 3810 αἰτοῦντα,
3115 3750 3178 3814 τῇ
3208 3747 3263 3798 δὲ
3300 3747 3495 3816 καρδίᾳ
3530 3748 3604 3817 μὴ
3637 3747 3788 3815 ἔχειν

2223 3845 2566 3912 λογιζόμενον
2595 3841 2893 3910 ἁμαρτίας,
2923 3840 3016 3891 καὶ
3049 3838 3148 3889 οὐκ
3177 3837 3510 3906 ἀνθρώποις,
3545 3837 3680 3890 ἀλλὰ
3708 3839 3789 3906 τῷ

2225 3937 2415 4003 Κυρίῳ,
2437 3933 2762 4000 ψευδόμενον
2782 3948 2796 3994 ;

2296 4024 2540 4077 ΖΩΝΑΡ.
2582 4023 2690 4076 Kal
2728 4022 2755 4072 ὸ
2795 4018 2984 4088 παρὼν
3022 4016 3201 4070 κανὼν
3242 4016 3338 4084 τῆς
3378 4015 3544 4081 αὐτῆς
3586 4017 3796 4080 ἐννοίας

2225 4115 2341 4167 ὲστὶ
2360 4156 2374 4180 ,
2406 4112 2500 4165 καὶ
2526 4110 2823 4178 ἀναθέματι
2854 4109 3034 4175 ἔνοχον
3062 4109 3292 4157 ποιεῖται
3322 4102 3410 4156 τὸν
3441 4105 3507 4156 τὰ
3536 4104 3676 4156 αὐτὰ
3704 4105 3797 4156 δο-

2226 4203 2476 4267 ξάζοντα,
2517 4200 2710 4264 λέγων,
2750 4197 2845 4258 Τίς
2885 4195 2991 4262 γὰρ
3036 4192 3345 4258 ὑπενέγκοι,
3381 4191 3501 4240 ἀντὶ
3533 4190 3652 4252 τοῦ,
3691 4192 3794 4254 Τίς

2224 4295 2329 4363 γὰρ
2363 4289 2642 4358 ὑπομείνοι
2675 4289 2766 4340 καὶ
2798 4284 3151 4351 καταδέξηται
3181 4281 3269 4332 τὸν
3296 4283 3406 4342 τοῖς
3443 4281 3650 4350 ῥήμασι
3687 4282 3791 4349 μὲν

583 4385 888 4438 missionem
923 4394 1282 4452 peccatorum,
1314 4388 1472 4440 corde
1495 4397 1671 4440 autem
1703 4405 1759 4443 se
1791 4406 1890 4442 non
1927 4394 2122 4446 habere

2227 4384 2419 4449 ἄφεσιν
2451 4377 2777 4446 σφαλμάτων
2809 4373 3094 4436 αἰτοῦντα,
3124 4374 3190 4439 τῇ
3223 4371 3279 4421 δὲ
3309 4370 3503 4437 καρδίᾳ
3539 4370 3611 4437 μὴ
3644 4370 3794 4436 ἔχειν

580 4478 796 4538 pce-cata
850 4471 1153 4538 existimet;
1212 4483 1266 4528 et
1325 4489 1427 4526 non
1493 4476 1819 4540 hominibus,
1866 4481 1956 4532 sed
2019 4482 2120 4535 Deo

577 4565 872 4617 mentitur?

1092 4653 1318 4708 CANON
1377 4654 1608 4710 CXVIII.

585 4759 603 4791 ι
651 4744 720 4795 De
750 4744 980 4811 populis,
1013 4743 1150 4810 quia
1186 4744 1483 4799 Donatistis
1513 4759 1929 4803 convertuntur.
1964 4751 2126 4804 Simi-

656 4851 674 4880 ι
720 4833 840 4885 liter
870 4833 1090 4900 pl:t"llll,
1129 4838 1380 4901 quoniatn
1428 4847 1549 4891 ante
1597 4839 1799 4907 aliquot
1846 4856 2013 4896 annos
2072 4843 2122 4894 in

654 4939 670 4969 ι
717 4921 816 4972 hac
844 4920 1068 4973 ecclesia
1126 4921 1280 4987 p!ena
1340 4926 1542 4990 synodo
1589 4924 1862 4978 deﬁnitum
1913 4937 2015 4992 est,
2071 4939 2126 4979 ut

656 5025 673 5056 ι
718 5022 1045 5074 (umentique
1093 5009 1354 5071 ecclesiae,
1412 5011 1462 5061 in
1521 5011 1740 5064 dioecesi
1794 5015 1947 5076 sitze,
2002 5027 2127 5068 ante

655 5118 672 5148 ι
714 5099 856 5165 leges
906 5101 971 5150 de
1028 5097 1319 5151 Donatistis
1388 5101 1559 5153 editas
1623 5103 1897 5156 catholica:
1975 5104 2125 5158 facta!

658 5208 675 5237 ι
721 5188 939 5253 fuerint,
972 5190 1036 5242 ad
1073 5190 1370 5243 illas-sedes
1399 5192 1751 5258 pertinerent,
1778 5207 1875 5260 per
1899 5209 2122 5260 quarum

657 5296 674 5328 ι
704 5279 994 5346 episcopos
1021 5295 1289 5348 persuasa:
1322 5282 1597 5334 catholicae
1655 5283 1837 5334 unioni
1887 5297 2123 5336 commu-

661 5390 679 5418 s
723 5372 998 5437 nicarunt;
1033 5383 1150 5439 post
1180 5374 1323 5441 leges
1359 5384 1556 5438 autem,
1603 5389 1935 5442 qnmcunque
1979 5389 2122 5427 com-

659 5481 675 5510 ι
720 5463 1078 5527 ntunicarunt,
1141 5466 1202 5516 ad
1263 5465 1378 5518 illas
1437 5465 1800 5532 pertinerent,
1862 5465 1926 5518 ad
1995 5481 2127 5532 quas

600 5645 640 5673 ”
666 5643 855 5698 Matth.
895 5659 964 5711 γι,
997 5645 1075 5699 l5.

2222 4471 2568 4539 λογιζόμενον
2599 4468 2902 4535 ἁμαρτίας,
2933 4462 3023 4515 καὶ
3054 4462 3152 4512 οὐκ
3184 4461 3519 4529 ἀνθρώποις,
3552 4459 3686 4510 ἀλλὰ
3714 4461 3796 4529 τῷ

2226 4563 2414 4630 Κυρίῳ
2446 4559 2770 4628 ψευδόμενον
2793 4574 2806 4622 ;

2796 4645 3031 4698 ΚΑΝΩΝ
3065 4643 3210 4696 PlH’.

2234 4761 2252 4794 ι
2302 4743 2436 4810 Περὶ
2485 4741 2593 4792 τῶν
2639 4738 2781 4792 λαῶν
2827 4735 2934 4787 τῶν
2980 4735 3083 4785 ἀπὸ
3130 4733 3237 4784 τῶν
3284 4727 3622 4782 Δονατιστῶν
3669 4728 3798 4778 ἑπι-

2305 4851 2322 4882 ι
2371 4830 2724 4898 στρεφόντων.
2759 4825 2989 4894 Ὁμοίως
3020 4823 3237 4891 ἤρεσεν,
3274 4818 3460 4889 ἐπειδὴ
3493 4819 3598 4887 πρό
3625 4835 3797 4869 τινων

2305 4941 2321 4970 ι
2367 4918 2626 4972 ἐνιαυτῶν
2653 4919 2708 4969 ὲν
2733 4917 2901 4986 ταύτῃ
2920 4919 2981 4983 τῇ
3006 4912 3270 4980 ἐκκλησίᾳ
3294 4909 3696 4977 πεπληρωμένη
3723 4911 3793 4977 τῇ

2303 5025 2318 5055 ι
2370 5003 2566 5072 συνόδῳ
2607 5003 2846 5071 ὡρίσθη,
2890 5003 2981 5053 ἵνα
3015 4993 3317 5067 οἱαιδῆποτε
3363 4997 3688 5064 ἐκκλησίαι,
3734 4998 3796 5047 ὲν

2305 5116 2320 5145 ι
2366 5095 2624 5162 διοικήσει
2656 5093 3020 5154 καθεστῶσαι,
3051 5091 3152 5159 πρὸ
3182 5089 3288 5141 τῶν
3317 5089 3498 5156 νόμων
3527 5088 3632 5137 τῶν
3663 5090 3796 5157 περὶ

2315 5207 2332 5237 ι
2379 5187 2489 5238 τῶν
2523 5185 2857 5237 Δονατιστῶν
2914 5184 3232 5235 ὲντεθέντων
3267 5180 3551 5232 καθολικαὶ
3584 5178 3794 5244 γένων-

2303 5300 2318 5330 ι
2367 5297 2490 5342 ται,
2533 5279 2763 5338 ἐκείνοις
2803 5278 2914 5336 τοῖς
2954 5275 3162 5344 θρόνοις
3203 5274 3504 5340 ἀνήκωσιν,
3549 5263 3790 5323 ὧντινων

2307 5391 2323 5422 ι
2369 5371 2456 5423 διὰ
2492 5371 2599 5421 τῶν
2637 5369 2947 5421 ἐπισκόπων
2989 5368 3379 5435 προτραπεῖσαι
3417 5368 3482 5433 τῇ
3527 5365 3793 5432 καθολικῇ

2313 5482 2328 5511 ι
2379 5463 2585 5530 ἐνότητι
2614 5461 2972 5526 ἐκοινώνησαν
2995 5475 3007 5487 '
3042 5457 3173 5525 μετὰ
3203 5456 3255 5508 δὲ
3284 5455 3405 5516 τοὺς
3433 5456 3629 5522 νόμους
3657 5455 3799 5506 οἶαι-
