4012 6442
186 429 284 490 385

1295 421 1374 484 IN
1405 423 1568 487 CAN.
1603 425 1750 484 CXX
1779 422 1986 482 CONC.
2022 417 2390 481 CARZHAG.

3276 417 3378 479 385

250 535 441 591 BAAS.
487 534 575 598 Ὧς
629 533 797 596 ἔοικε,
844 535 997 603 νόμοι
1055 534 1561 604 προεθεσπίσθησαν
1607 535 1733 600 περὶ

1903 529 2098 584 BALS.
2135 531 2201 584 Ut
2227 543 2308 583 est
2343 527 2655 594 verisimile,
2690 528 2831 596 leges
2862 531 2930 584 de
2960 530 3229 598 regionum
3260 532 3382 582 lini-

187 621 290 672 τῶν
331 620 578 690 ἐνοριῶν.
623 622 773 673 Ἐπεὶ
795 621 850 674 δέ
881 624 973 673 καὶ
1004 622 1138 690 μετά
1185 623 1245 674 τδ
1300 623 1521 683 τούτους
1549 624 1730 686 ἐκφω-

188 709 410 778 ηθῆναι
439 708 756 776 ἁμφιῦολίαι
783 709 1104 772 ἀνέκυπτον,
1144 709 1348 776 ῶρισαν
1377 710 1427 760 οἱ
1461 709 1729 775 Πατέρες,

189 799 293 862 ἵνα,
342 802 440 852 ἐὰν
472 801 769 862 ἐπίσκοπός
797 817 881 862 τις
910 801 1249 869 μεταστρέψῃ
1282 800 1417 867 πρὸς
1448 799 1544 868 τὴν
1576 799 1732 868 ὀρθός

187 889 330 952 δοξον
361 891 564 952 πίστιν,
598 893 760 940 τόπον
793 891 933 954 τινὰ,
960 892 1126 959 ἤγουν
1163 891 1454 958 παροικίαν
1502 889 1733 956 ἔχουσαν

189 979 515 1046 αἱρετικοῦς,
548 981 643 1032 καὶ
676 981 881 1050 κατέχῃ
911 980 1078 1047 αὐτὴν
1115 972 1209 1030 ἐπὶ
1247 977 1504 1043 τριετίαν,
1536 977 1734 1038 ζῶντος

190 1069 281 1122 καὶ
329 1069 500 1121 ταῦτα
549 1069 641 1120 τοῦ
694 1068 1072 1136 δικαιουμένου
1113 1066 1196 1119 ἐπ’
1244 1068 1378 1136 αὐτῇ
1431 1066 1732 1118 ἐπισκόπου

185 1161 279 1212 καὶ
315 1159 699 1227 ἡσυχάζοντος,
733 1160 927 1226 μηκέτι
964 1158 1090 1226 περὶ
1122 1157 1322 1223 ταύτῆς
1348 1155 1566 1224 ὁχληϐᾔ.
1614 1155 1733 1206 Ἐὰν

186 1251 241 1302 δὲ
295 1253 352 1302 ἐν
399 1252 464 1318 τῇ
502 1251 793 1316 ἐπισκοπῇ,
927 1246 1139 1312 λέγεται
1193 1245 1467 1314 διαφέρειν
1495 1248 1521 1297 ὁ
1551 1245 1736 1305 τόπος,

187 1341 286 1392 οὐκ
331 1335 402 1405 ἦν
446 1339 762 1400 ἐπίσκοπος,
799 1338 831 1404 ἡ
877 1336 1201 1404 παραδρομὴ
1243 1336 1340 1403 τῆς
1367 1334 1611 1401 τριετίας
1640 1333 1739 1386 οὐκ

191 1427 474 1497 ἑμποδίσει
505 1427 594 1478 τὸν
626 1427 763 1494 μετά
785 1424 953 1477 ταῦτα
984 1425 1320 1493 ψηφισθέντα
1352 1421 1738 1476 ἀνακαλεῖ-σθαι

189 1519 283 1587 τὴν
318 1517 554 1584 ἐνορίαν,
586 1516 658 1566 Τὸ
701 1515 832 1567 αὐτὸ
879 1516 932 1566 δέ
967 1517 1187 1583 κρατεῖν
1235 1513 1328 1565 καὶ
1371 1515 1464 1566 ἐπὶ
1502 1514 1610 1565 τῶν
1644 1517 1740 1564 Δο-

193 1605 456 1660 νατιστῶν
517 1603 967 1672 ἐπιστρεφόντων.
1032 1603 1139 1654 Καὶ
1193 1605 1220 1654 ὁ
1283 1601 1380 1670 μὲν
1436 1600 1616 1654 κανῶν
1683 1603 1740 1652 ἐν

193 1696 421 1756 τούτοις.
451 1695 523 1746 Σὺ
575 1695 631 1746 δὲ
673 1693 906 1762 γίνωσκε
942 1695 1020 1747 ὅτι
1053 1695 1121 1747 τὰ
1181 1691 1609 1762 ἐκκλησιαστικὰ
1659 1691 1740 1742 δί-

196 1801 347 1846 καια,
380 1784 447 1835 τὰ
480 1782 604 1849 περὶ
631 1781 739 1832 τῶν
778 1781 999 1850 ἐνοριῶν
1042 1781 1242 1849 δηλαδὴ
1291 1783 1382 1833 καὶ
1409 1779 1516 1830 τῶν
1547 1777 1736 1842 ἄλλων,

193 1876 239 1925 εί
275 1874 376 1940 μέν
429 1871 569 1924 κατά
616 1870 942 1940 Ἑκκλησίας
984 1870 1311 1939 ἀρμόζουσι,
1354 1868 1440 1921 διὰ
1491 1883 1741 1935 τριακον-
1775 1861 1816 1916 Β

192 1962 412 2023 ταετίας
463 1959 871 2012 ἀποκλείονται·
924 1961 971 2011 εἰ
1017 1959 1071 2011 δὲ
1124 1959 1262 2011 κατά
1303 1956 1606 2027 προσώπων
1654 1955 1739 2008 διὰ

193 2052 772 2121 τεσσαρακονταετίας.
803 2052 914 2103 Καὶ
945 2050 1215 2119 ἀνάγνωθι
1245 2051 1306 2102 τὸ
1339 2051 1519 2117 τρίτον
1541 2049 1739 2116 κεφάλ.

194 2143 284 2197 τοῦ
305 2144 491 2213 τρίτου
520 2141 698 2192 τίτ>.ου
728 2140 820 2192 τοῦ
857 2146 896 2190 ε’
930 2139 1135 2206 βιϐλίου
1184 2139 1291 2190 τῶν
1320 2137 1620 2189 Βασιλικῶν
1650 2134 1743 2186 καὶ

195 2237 255 2286 τὶ)
301 2235 606 2286 τελευταῖον
666 2231 958 2299 κεφάλαιον
1004 2230 1095 2282 τοῦ
1148 2229 1396 2297 δευτέρου
1437 2229 1616 2279 τίτλον
1649 2227 1742 2279 τοῦ

198 2325 362 2378 αὐτοῦ
420 2325 647 2393 βιϐλίου,
707 2325 886 2390 λέγον,
939 2322 1092 2374 Πᾶσα
1141 2324 1330 2391 ἀγωγὴ
1393 2321 1742 2390 προσήκουσα

203 2418 381 2484 σεπτῷ
454 2417 608 2485 οῐκῳ,
665 2416 776 2466 εἴτε
839 2413 1163 2484 προσωπικὴ
1231 2414 1339 2464 εἴτε
1394 2404 1741 2479 ὑποθηκαρία

201 2509 372 2570 ἐστὶν,
404 2508 501 2574 οὐχ
551 2504 864 2573 ὑπερϐαίνει
916 2504 983 2556 τὰ
1032 2503 1438 2571 τεσσαράκοντα
1491 2501 1607 2569 ἐτη,
1639 2500 1744 2551 τῶν

203 2597 549 2668 ἁρμοζουσῶν
581 2597 795 2665 ἑκάστῳ
839 2595 969 2663 οἴκῳ
999 2594 1219 2662 τοιούτῳ
1252 2593 1441 2658 εύαγεϊ
1481 2592 1748 2661 προσκαί-

203 2704 310 2752 ρων
367 2681 746 2756 παραγραφῶν
809 2684 1193 2750 φυλαττουσῶν
1252 2683 1434 2750 μέντοι
1495 2696 1558 2747 γε
1622 2681 1747 2741 τοὺς

202 2779 435 2839 οἰκείους
483 2778 726 2847 χρόνους.
756 2774 917 2826 Ὥστε
973 2774 1040 2828 τὰ
1087 2774 1178 2826 τοῦ
1234 2776 1494 2838 παρόντος
1527 2771 1749 2831 κανόνος

209 2869 509 2937 ἐσχόλασαν
562 2867 666 2917 ὑπὸ
705 2865 816 2916 τῶν
848 2863 1100 2916 τοιούτων
1141 2862 1450 2931 κεφαλαίων
1483 2862 1592 2914 ἀπὸ
1623 2878 1751 2912 νεα-

202 2958 308 3024 ρῶν
347 2955 782 3008 Ἰουστινιανείων
806 2953 992 3007 ὄντων.

270 3087 515 3140 ΖΩΝΑΡ.
556 3086 645 3148 Ἐξ
670 3084 952 3153 ἀναφορῶν
990 3085 1096 3136 τῶν
1143 3085 1242 3151 τῆς
1276 3085 1514 3138 ’συνόδου
1547 3084 1747 3153 ταύτης

1839 623 1940 674 bus
1969 621 2114 688 prius
2149 622 2267 672 latae
2305 621 2552 673 fuerant:
2600 620 2693 672 sed
2728 621 2851 688 quia
2906 629 3182 690 postquam
3230 621 3386 674 editae

1838 722 1961 767 sunt
1987 751 2002 773 ,
2043 712 2424 763 controversia:
2465 725 2756 773 emersere,
2808 722 3114 765 statuerunt
3159 711 3384 771 Patres,

1839 811 1897 853 ut
1923 802 1968 854 si
1993 799 2112 868 quis
2138 801 2418 866 episcopus
2442 802 2506 852 ad
2530 800 2685 852 ﬁdem
2721 801 3074 854 orthodoxam
3106 811 3387 855 converte-

1841 892 1908 942 rit
1937 891 2109 941 locum
2139 888 2368 956 aliquem
2401 903 2490 941 seu
2530 891 2838 956 parceciam,
2867 904 2984 956 qua:
3017 891 3172 942 habet
3219 891 3389 943 haere-

1843 979 1993 1042 ticos,
2025 988 2077 1031 et
2111 992 2227 1030 eam
2252 978 2479 1030 triennio
2509 978 2818 1042 detinuerit,
2858 979 3014 1046 idque
3047 981 3195 1043 vivo,
3219 982 3308 1048 qui
3337 982 3387 1032 in

1842 1082 1903 1120 ea
1930 1067 2018 1132 jus
2058 1068 2238 1128 habet,
2266 1067 2516 1134 episcopo
2539 1077 2592 1120 et
2619 1077 2822 1120 tacente
2841 1109 2855 1132 ,
2887 1069 2952 1121 de
2985 1083 3046 1122 ea
3075 1085 3138 1120 ne
3162 1070 3388 1138 amplius

1846 1155 2106 1207 turbetur.
2141 1152 2234 1206 Siti
2264 1165 2439 1206 autem
2469 1155 2522 1206 itt
2554 1156 2890 1223 episcopatu,
2924 1157 2988 1207 ad
3011 1170 3166 1223 quem
3190 1156 3383 1210 dicitur

1843 1244 1993 1297 locus
2035 1244 2323 1310 pertinere,
2351 1257 2454 1295 non
2488 1253 2604 1296 erat
2637 1243 2951 1312 episcopus;
2978 1243 3156 1313 lapsus
3179 1246 3387 1300 triennii

1845 1349 1947 1386 non
1975 1334 2227 1401 impediet
2263 1348 2405 1396 eum,
2424 1334 2514 1401 qui
2549 1342 2730 1400 postea
2753 1334 2952 1386 electus
2978 1343 3078 1397 est,
3107 1335 3393 1403 quominus

1845 1425 2136 1491 paroreiam
2167 1437 2316 1475 suam
2356 1431 2586 1476 revocet.
2616 1422 2671 1475 id
2725 1424 2896 1491 ipsum
2929 1435 3103 1477 autem
3147 1435 3390 1478 servatur

1844 1523 1896 1566 et
1930 1515 1980 1564 in
2007 1512 2313 1567 Donatistis.
2341 1512 2432 1578 qui
2463 1522 2865 1570 convertuntur.
2892 1513 2967 1567 Ac
2999 1515 3050 1568 in
3090 1515 3154 1568 iis
3179 1515 3390 1583 quidem

1845 1603 2090 1655 consistit
2119 1618 2313 1655 canon.
2349 1602 2427 1655 Tu
2473 1614 2648 1658 autem
2679 1606 2819 1659 scias
2841 1643 2856 1668 ,
2897 1608 3037 1672 quod
3071 1605 3193 1671 jura
3221 1609 3393 1660 eccle-

1846 1694 2088 1754 siastica,
2123 1709 2241 1760 qua“:
2272 1705 2395 1746 sunt
2424 1696 2628 1748 scilicet
2667 1696 2732 1749 de
2762 1698 3036 1764 regionum
3069 1697 3257 1750 tinibus
3287 1737 3302 1760 ,
3339 1707 3394 1750 et

1847 1783 1988 1847 aliis,
2020 1785 2062 1837 si
2088 1784 2343 1836 adversus
2371 1784 2582 1852 quidem
2613 1785 2910 1839 Ecclesium
2942 1796 3266 1854 competunt,
3294 1787 3393 1840 tri-

1846 1875 1988 1944 ginta
2022 1875 2174 1928 annis
2201 1876 2559 1929 excluduntur
2598 1893 2610 1928 :
2639 1879 2721 1929 sin
2753 1886 2929 1929 autem
2980 1880 3238 1933 adversus
3270 1894 3394 1947 per-

1847 1980 2032 2028 soaas,
2068 1965 2421 2033 quadraginta
2453 1968 2627 2020 annis.
2657 1967 2723 2019 Et
2757 1968 2868 2036 lege
2893 1981 3050 2035 caput
3074 1971 3139 2034 3,
3167 1969 3303 2023 titul.
3335 1971 3389 2035 5,

1848 2056 1937 2106 lib.
1972 2071 2001 2105 ν
2040 2053 2250 2107 Basilic.
2275 2055 2594 2108 etultimunt
2620 2067 2779 2125 caput
2814 2059 2895 2111 tit.
2924 2057 2960 2108 Ξ
2983 2059 3217 2126 ejusdem
3247 2059 3389 2124 libri,

1845 2143 1986 2210 quod
2015 2143 2162 2203 dicit,
2193 2143 2377 2196 Omnis
2403 2146 2567 2206 actio,
2601 2158 2718 2212 qua:
2751 2146 2815 2199 ad
2851 2147 3178 2201 venerabiles
3207 2148 3393 2202 domos

1847 2231 2080 2298 pertinet
2105 2270 2120 2293 ,
2154 2232 2264 2284 sive
2295 2233 2364 2286 sit
2419 2234 2716 2299 personalis
2749 2273 2764 2298 ,
2820 2237 2930 2288 sive
2967 2236 3346 2304 hypotltecaria
3374 2274 3390 2299 ,

1849 2323 2201 2388 quadraginta
2258 2337 2426 2376 annos
2492 2337 2596 2376 non
2653 2326 2883 2390 excedit,
2949 2327 3393 2379 convenientibus

1853 2413 2137 2479 unicuique
2184 2413 2442 2479 ejusmodi
2506 2424 2706 2471 sancire
2771 2414 2951 2466 domui
3016 2415 3396 2481 temporalibus

1848 2503 2330 2571 praescriptionibus
2360 2518 2453 2556 sua
2486 2516 2719 2571 tempora
2785 2506 3144 2560 servantibus.
3193 2505 3395 2569 Quam-

1849 2594 2030 2648 obrem
2063 2609 2176 2661 qua:
2210 2595 2260 2646 in
2297 2595 2538 2660 prtesenti
2560 2610 2765 2648 canone
2787 2597 3135 2650 continentur
3178 2605 3396 2665 propter

1851 2686 1960 2739 hac
1983 2687 2175 2754 capita.
2200 2701 2317 2741 aute
2342 2701 2406 2739 ex
2434 2683 2718 2740 Iustiniani
2754 2687 2972 2740 novellis
3018 2697 3161 2752 sunt,
3211 2687 3394 2741 exole-

1853 2785 2064 2830 νεευηι.

1924 3081 2168 3137 ZONAR.
2203 3083 2276 3136 Ex
2312 3083 2404 3144 iis,
2449 3095 2567 3149 quae
2601 3080 2788 3150 synodi
2828 3079 3011 3132 Patres
3067 3079 3396 3141 retulerant,

203 3178 463 3243 ῐιατέρων
521 3177 676 3243 νόμοι
734 3174 1015 3242 ἐτέθησαν,
1060 3169 1236 3239 οἶμαι,
1289 3174 1438 3244 παρὰ
1490 3175 1744 3243 Ὀνωρὶου

1852 3172 1993 3241 leges
2025 3173 2090 3226 ab
2119 3171 2442 3238 imperatore
2478 3170 2760 3241 (llonorio,
2788 3171 2840 3222 ni
2878 3169 3064 3234 fallor;
3093 3177 3212 3222 nam
3260 3171 3305 3223 is
3335 3183 3397 3222 ea

201 3267 291 3318 τοῦ
326 3263 627 3333 βασιλέωςο
670 3263 874 3323 ἐκεῖνος
920 3262 1027 3331 γὰρ
1066 3257 1200 3331 ἦρχε
1251 3263 1370 3312 τότε
1420 3263 1528 3313 τῶν
1583 3265 1747 3314 ἐσπε-

202 3355 356 3421 ρίων.
387 3356 555 3421 Φησὶν
603 3348 691 3404 οὖν
726 3353 754 3402 ό
800 3351 975 3404 κανὼν
1009 3351 1106 3414 ὡς,
1135 3353 1182 3402 εί
1213 3351 1349 3420 μετά
1397 3353 1521 3414 τοὺς
1552 3353 1750 3420 νόμους

211 3446 531 3512 ἐπιστρέψει
564 3444 727 3496 τόπον
751 3443 892 3507 τινὰ,
921 3443 1087 3512 ἤγουν
1110 3441 1340 3510 ἐνορίαν,
1373 3442 1402 3510 ἢ
1435 3442 1750 3510 παροικίαν,

203 3538 322 3604 ἦτοι
345 3536 436 3586 τὸν
463 3535 519 3583 ἐν
553 3534 688 3601 αὐτῇ
722 3532 870 3594 λαὸν,
903 3533 1194 3592 ἐπίσκοπος
1228 3531 1362 3597 πρὸς
1391 3532 1488 3599 τὴν
1529 3532 1752 3600 ἑνότητα

202 3626 302 3692 τῆς
359 3623 653 3690 καθολικῆς
723 3621 1063 3689 Ἐκκλησίας,
1105 3623 1198 3673 καὶ
1255 3622 1352 3691 τὴν
1402 3622 1613 3691 ἐνορίαν
1654 3641 1750 3674 κα-

202 3717 380 3786 ςάσχῃ
432 3715 490 3765 ἐν
532 3713 743 3782 τριετίᾳ
789 3713 1013 3781 μηδενὸς
1063 3713 1507 3781 ἀντιποιουμένου
1562 3715 1750 3780 αὐτῆς,

201 3807 391 3857 ἔκτοτε
422 3801 588 3856 αὐτοῦ
621 3802 792 3866 ἔσται,
822 3803 1096 3854 τουτέστιν
1125 3803 1297 3854 οὐδενὶ
1331 3803 1548 3866 ἐξέσται
1584 3805 1753 3873 αὐτὴν

206 3896 451 3963 ὲκνικᾷν.
508 3892 634 3944 Ἐὰν
677 3891 733 3942 δέ
773 3893 828 3942 ἐν
857 3893 922 3957 τῇ
958 3892 1251 3960 ἐπισκοπῇ,
1373 3892 1586 3958 λέγεται
1634 3893 1753 3943 δια-

203 3988 391 4054 φέρειν
420 3987 447 4035 ό
479 3985 661 4047 τόπος,
690 3981 786 4032 οὐκ
811 3977 878 4050 ἦν
903 3980 1197 4043 ἐπίσκοπος
1223 3982 1362 4034 κατά
1389 3984 1487 4051 τὴν
1515 3984 1753 4052 τριετίαν

205 4077 438 4143 ἐκείνην,
468 4074 613 4134 ὅστις
667 4071 886 4134 ἐμελλεν
937 4070 1217 4138 ἐκνικῆσαι
1268 4072 1448 4135 αὐτὸν,
1481 4072 1594 4125 ἀλλ’
1628 4074 1754 4141 ἐχή·

206 4178 363 4228 ρευεν
414 4161 450 4227 ἡ
498 4159 768 4225 ἐπισκοπὴ
801 4157 1155 4225 προεστῶτος,
1187 4159 1248 4209 οὐ
1282 4161 1754 4228 προκριματισοή-

207 4267 355 4302 σεται
391 4251 450 4299 ἐν
475 4249 540 4314 τῇ
577 4247 818 4314 μάτρικι,
848 4248 964 4298 ἀντὶ
989 4247 1080 4297 τοῦ
1116 4248 1174 4297 οὐ
1209 4247 1536 4316 βλαϐήσεται
1568 4251 1630 4300 ἐκ
1655 4249 1746 4300 τοῦ

207 4339 626 4405 καταγραφῆναι
673 4338 729 4386 ἐν
779 4335 843 4404 τῇ
901 4337 1190 4404 ἀπογραφῇ
1231 4337 1336 4387 τῶν
1370 4338 1751 4406 οδιαφερόντων

206 4432 267 4496 τῇ
298 4426 592 4493 ἐκκλησίᾳ,
623 4425 656 4492 ἡ
703 4425 791 4476 ἐπὶ
839 4424 1078 4492 τριετίαν
1128 4427 1365 4494 ἐνεμήθη
1419 4427 1602 4490 αὑτὸν,
1636 4427 1751 4480 ἀλλ’

209 4491 421 4579 ἐξέσται
461 4491 553 4580 ⁷τῷ
605 4491 1166 4582 χειροτονηθησομένῳ
1206 4491 1488 4583 ἐπισκόπῳ
1524 4517 1753 4584 ζητῆσαι
1791 4491 1831 4543 D

209 4600 300 4651 καὶ
340 4597 640 4664 ἐκνικῆσαι
662 4597 842 4658 αὐτὸν,
893 4597 1045 4658 ἐντὸς
1088 4602 1333 4667 τριετίας
1375 4601 1752 4672 ψηφιζομένης

209 4688 298 4740 ἀπ’
326 4688 497 4754 αὐτῆς
556 4689 653 4752 τῆς
706 4686 937 4754 ἡμέρας,
970 4687 1091 4739 καθ’
1135 4689 1200 4757 ἥν
1237 4690 1472 4756 ἐγένετο.
1503 4693 1671 4744 Τοῦτο
1697 4695 1753 4746 δέ

210 4778 426 4845 κρατεῖν
452 4774 544 4825 καὶ
567 4775 656 4825 ἐπὶ
687 4775 788 4826 τῶν
819 4776 1171 4840 Δονατιστῶν,
1209 4777 1371 4842 ὥστε,
1398 4780 1493 4832 ἐὰν
1537 4783 1759 4834 ἐπίσκο-

211 4883 304 4927 πος
333 4866 517 4918 αὐτῶν
548 4865 846 4934 ἐπιστρέψῃ
876 4868 968 4917 καὶ
995 4867 1168 4935 ἐνωθῇ
1223 4872 1288 4938 τῇ
1336 4870 1496 4921 καθολ
1509 4875 1596 4940 ικῇ
1635 4873 1757 4924 Ἐκ·-

211 4959 424 5026 κλησίᾳ,
459 4951 522 5009 οὗ
543 4959 703 5007 τόπον
738 4959 856 5008 τινα
905 4957 1090 5026 ἐτερος
1139 4975 1388 5028 κατειχεν
1433 4963 1753 5028 ἐπίσκοπος,

210 5047 352 5113 ἐχειν
405 5045 569 5097 αὑτὸν
629 5045 812 5096 ἄδειαν
864 5047 1012 5108 ἐντὸς
1053 5049 1334 5114 τριετίας,
1381 5049 1756 5120 ψηφιζομένης

210 5138 384 5199 ἐξότου
447 5133 816 5200 ἐπέστρεψεν,
865 5134 1153 5203 ἀναζητεῖν
1206 5139 1332 5199 τοὺς
1388 5140 1585 5202 τόπους
1632 5145 1756 5204 τοὺς

210 5223 508 5291 ἀνήκοντας
535 5224 601 5290 τῇ
634 5221 898 5290 ἐκκλησίᾳ
928 5222 1114 5277 αὑτοῦ.

215 5540 425 5592 ΑΡΙΣΤ.
501 5557 518 5589 ι
567 5539 624 5591 '0
686 5541 1072 5610 μεταστρέφων
1143 5545 1222 5606 είς
1281 5546 1607 5614 ὀρθοδοξιαν,
1662 5567 1758 5600 και

287 5647 305 5680 ι
345 5630 589 5696 κατέχων
607 5628 702 5678 ἐπὶ
729 5629 971 5696 τριετίαν
990 5630 1088 5702 τὴν
1111 5633 1534 5702 ἐπιστραφείσαν
1553 5640 1756 5705 χώραν,

286 5736 304 5766 ε
338 5717 476 5770 ιστω
506 5717 860 5785 ἀνέγκλητο;.
894 5721 998 5772 Καὶ
1041 5723 1068 5772 ὁ
1105 5726 1494 5792 μεταστρέφων
1536 5726 1752 5778 ἐπίσκο-

1857 3270 2166 3329 tempestate
2196 3260 2464 3314 Occidenti
2519 3259 2780 3328 praaerat)
2834 3260 3061 3313 conditre
3109 3257 3276 3312 fuere.
3333 3257 3396 3310 Si

1857 3352 2149 3420 quisigitur
2182 3354 2480 3418 episcOpus,
2503 3352 2669 3418 inquit
2698 3365 2889 3414 canon,
2919 3360 3034 3418 post
3071 3350 3212 3418 leges
3241 3350 3398 3411 latas,

1856 3440 2028 3505 locum
2074 3441 2329 3506 aliquem,
2365 3440 2634 3506 regionem
2673 3440 2918 3492 videlicet
2960 3449 3043 3490 aut
3073 3440 3357 3506 parmciam
3385 3479 3400 3502 ,

1855 3529 2075 3596 ejusque
2106 3530 2202 3582 loci
2233 3529 2504 3594 pepulum,
2544 3528 2790 3581 Ecclesiae
2823 3528 3101 3581 catholica:
3139 3528 3404 3596 adiunxe-

1859 3624 1949 3687 rit,
1983 3635 2204 3687 eantque
2226 3621 2491 3685 regionem
2524 3618 2737 3672 triennii
2772 3620 2945 3685 spatio
2993 3620 3202 3671 nemine
3241 3633 3406 3685 repu-

1859 3720 2052 3778 gnante
2084 3711 2398 3772 obtinuerit,
2431 3725 2493 3764 ex
2523 3725 2586 3763 eo
2627 3719 2862 3777 tempore
2919 3709 3082 3776 ipsius
3116 3710 3252 3770 erit,
3305 3710 3405 3762 hoc

1857 3808 1972 3861 est,
2006 3799 2240 3859 nemini,
2270 3808 2326 3849 ut
2355 3812 2474 3850 eum
2503 3799 2676 3852 locum
2710 3799 2809 3851 sibi
2856 3793 3106 3851 v'endicet
3130 3837 3143 3860 ,
3203 3799 3407 3866 judicio

1858 3889 2089 3950 experiri
2111 3888 2308 3941 licebit.
2343 3887 2399 3940 Si
2435 3899 2610 3940 tamen
2641 3890 2756 3950 ejus
2780 3887 3228 3955 episcopatus,-ad
3248 3902 3405 3956 quem

1857 3978 2004 4031 locus
2029 3979 2114 4032 ille
2163 3980 2428 4045 pertinere
2457 3979 2671 4039 dicitur,
2709 3977 2885 4031 nullus
2916 3992 2977 4030 co
3023 3987 3259 4046 tempore
3296 3980 3408 4046 epi-

1858 4079 2050 4130 scopus
2097 4066 2339 4117 exstabat
2391 4063 2538 4117 illum
2597 4066 2997 4129 vendicaturus,
3062 4067 3151 4119 sed
3189 4068 3404 4120 viduata

1860 4153 2108 4222 praefecto
2139 4153 2372 4207 Ecclesia
2418 4157 2664 4218 vacabat,
2721 4172 2825 4209 non
2869 4157 3298 4224 pra-judicabitur
3350 4159 3403 4210 in

1861 4241 2166 4305 matrienla;
2202 4243 2303 4295 hoc
2330 4252 2431 4306 est,
2467 4245 2714 4311 quamvis
2749 4245 2800 4297 in
2835 4246 2951 4312 ejus
2979 4247 3228 4298 Ecclesia:
3257 4247 3409 4299 tabu-

1860 4329 1958 4393 las,
1985 4345 2103 4397 quat
2130 4344 2253 4381 eum
2279 4331 2506 4383 triennio
2535 4332 2788 4396 possedit,
2821 4333 2866 4385 is
2889 4332 3037 4384 locus
3078 4333 3276 4385 relatus
3314 4334 3404 4395 sit,

1866 4435 1970 4473 non
2014 4429 2188 4472 tamen
2243 4434 2305 4473 ea
2337 4423 2448 4473 “res
2512 4423 2817 4489 episcopum
2842 4458 2858 4485 ,
2905 4420 3064 4490 653
3106 4422 3194 4488 qui
3223 4431 3407 4486 postea

1860 4520 2072 4562 creatus
2099 4507 2278 4572 fuerit,
2338 4509 2490 4562 laedet
2515 4526 2531 4574 ;
2559 4511 2653 4563 sed
2686 4525 2806 4563 eum
2848 4510 3061 4563 triennii
3093 4511 3266 4578 spatio
3294 4551 3310 4574 ,
3339 4508 3408 4562 ab

1860 4613 1923 4651 eo
1949 4600 2054 4661 die,
2088 4611 2192 4665 quo
2215 4597 2495 4664 episcopus
2519 4597 2691 4651 factus
2726 4607 2828 4660 est,
2864 4599 3215 4660 recensendo,
3254 4609 3406 4663 repe-

1863 4698 1972 4743 tere
1997 4689 2200 4757 acjure
2250 4704 2350 4742 suo
2410 4691 2608 4757 poterit
2654 4691 2954 4745 vendicare.
2999 4690 3147 4755 Quod
3197 4690 3408 4758 quidem

1860 4781 2020 4834 etiam
2051 4780 2101 4832 in
2127 4779 2211 4842 iis,
2237 4793 2353 4844 qua:
2377 4778 2439 4830 ad
2465 4778 2767 4833 Donatistas
2793 4791 3063 4847 spectant,
3088 4780 3408 4833 servandum

1859 4884 1975 4923 esse
2005 4869 2346 4933 decernitur;
2374 4878 2428 4920 ut
2456 4869 2500 4920 si
2557 4870 2679 4935 quis
2726 4870 2984 4921 nimirum
3027 4869 3306 4936 episcopus
3343 4883 3410 4922 ex

1859 4976 1922 5015 eo
1951 4976 2172 5015 numero
2199 4975 2256 5015 se
2282 4976 2491 5013 rursum
2531 4963 2595 5012 ad
2631 4961 2879 5016 Ecclesiae
2932 4963 3211 5016 catholica:
3238 4963 3412 5016 unita-

1864 5061 1965 5103 tem
1997 5049 2316 5120 aggregarit,
2345 5049 2493 5116 cujus
2526 5051 2756 5116 aliquam
2799 5051 3070 5119 regionem
3113 5053 3250 5105 alius
3291 5053 3411 5121 epi-

1860 5154 2052 5206 scopus
2083 5139 2504 5208 detinebatJoca
2545 5143 2608 5191 ad
2636 5139 2926 5195 Ecclesium
2963 5157 3111 5195 suam
3143 5145 3412 5211 pertinen-

1863 5229 1953 5291 tia,
1981 5229 2139 5280 trium
2181 5243 2442 5280 annorum
2494 5229 2796 5294 intervallo,
2825 5246 2886 5284 ex
2939 5246 3045 5300 quo
3075 5247 3196 5286 cum
3227 5231 3414 5286 Eccle-

1860 5319 1943 5371 sia
2001 5320 2054 5370 in
2109 5318 2331 5385 gratiam
2385 5319 2579 5382 rediit,
2645 5321 2917 5388 repetendi
2995 5323 3188 5376 habeat
3242 5321 3412 5376 facul—

1864 5419 2049 5461 tatem.

1862 5543 2082 5598 ARIST.
2119 5562 2136 5593 ι
2181 5541 2277 5606 Qui
2307 5543 2571 5610 regionem
2604 5544 2668 5595 ad
2697 5544 3054 5596 orthodoxam
3091 5545 3245 5597 [idem
3274 5557 3408 5598 con-

1939 5653 1957 5685 ι
1998 5635 2178 5696 vertit,
2213 5642 2266 5688 et
2293 5648 2608 5686 conversam
2642 5648 2736 5700 per
2768 5635 3056 5688 triennium
3094 5635 3316 5699 detinet,
3345 5637 3416 5688 sit

1936 5743 1954 5776 ι
2000 5736 2146 5781 extra
2179 5724 2387 5792 cuipam
2428 5740 2440 5775 :
2473 5733 2526 5779 et
2555 5724 2834 5792 episcopus
2864 5741 2894 5780 a
2928 5724 3133 5781 Donato
3179 5741 3412 5781 conver-
