4012 6448
555 452 661 517 387

635 669 651 699 ι
692 651 1054 718 t'epctat,jure
1087 662 1227 718 agat.
1251 670 1269 702 ι

636 744 766 792 Ante
814 741 957 807 leges
1025 742 1416 809 imperatorias,
1472 749 1918 806 quemadmodum
1963 757 2015 800 et
2064 764 2112 800 ,ιι

556 831 851 884 centesimo
894 831 1099 883 decimo
1145 835 1370 899 septimo
1417 851 1620 891 canone
1676 842 1928 906 scriptum
1993 849 2113 903 est,

557 923 600 974 si
630 922 750 989 quis
777 921 1058 989 episcopus
1106 924 1173 976 ab
1217 923 1406 978 hzeresi
1437 926 1612 993 aliqua
1649 929 1713 980 ad
1749 928 1902 979 ﬁdem
1931 931 2116 979 ortho-

557 1010 749 1061 doxam
779 1011 1071 1078 paruaciam
1113 1012 1344 1079 aliquam
1377 1015 1660 1076 conivertit,
1695 1015 1761 1067 ab
1783 1031 1846 1066 eo
1880 1027 2116 1080 tempore

557 1112 675 1150 eam
717 1100 1046 1174 possidebat,
1083 1113 1136 1152 et
1163 1117 1263 1153 non
1295 1112 1504 1168 poterat
1533 1104 1802 1170 quispiam
1835 1105 2114 1171 episcopo-

560 1204 698 1251 rum,
736 1189 799 1239 ad
836 1204 996 1256 quem
1023 1191 1270 1243 ditncesis
1303 1191 1390 1242 illa
1433 1193 1757 1258 pertinebat,
1791 1209 1907 1245 eam
1964 1209 2112 1246 revo-

555 1292 701 1329 care.
731 1278 795 1330 Αι
820 1288 938 1344 post
971 1279 1113 1345 leges
1140 1280 1206 1332 de
1237 1294 1299 1331 eo
1321 1279 1476 1343 latas,
1512 1282 1716 1350 synodo
1747 1282 1945 1349 placuit
1969 1298 2113 1346 eum,

556 1365 646 1431 qui
689 1367 961 1433 regionem
995 1368 1230 1433 aliquam
1284 1368 1348 1420 ad
1392 1367 1549 1421 fidem
1587 1369 1941 1423 orthodoxam
1983 1386 2112 1422 con-

564 1454 741 1518 vertit,
777 1467 827 1508 et
864 1472 957 1523 per
988 1458 1276 1510 triennium
1307 1473 1421 1510 eam
1463 1461 1716 1524 possedit,
1751 1476 1778 1512 a
1815 1461 2026 1514 nemine
2058 1470 2115 1514 ut

556 1557 674 1594 eam
703 1555 982 1610 repetente
1002 1547 1241 1599 molestia
1259 1547 1507 1599 aﬂectum
1526 1548 1852 1616 inculpatum
1873 1565 2110 1613 manere,

555 1645 609 1686 et
636 1648 751 1685 eam
787 1634 854 1686 ab
887 1635 988 1687 isto
1025 1650 1129 1686 non
1159 1635 1388 1702 amplius
1429 1637 1630 1703 repeti,
1689 1637 1732 1688 si
1791 1638 1925 1690 intra
1960 1639 2116 1690 trien-

559 1724 705 1774 nium
732 1724 937 1776 exstitit
966 1725 1269 1792 episcopus,
1305 1726 1393 1793 qui
1423 1741 1538 1778 eam
1569 1737 1852 1792 repeteret,
1876 1738 1928 1781 et
1959 1729 2112 1795 quie-

559 1812 654 1864 vit.
687 1813 741 1865 Si
778 1816 918 1867 enim
974 1817 1223 1878 ecclesia,
1260 1833 1377 1883 qua:
1428 1817 1481 1868 in
1521 1817 1791 1883 regionem
1851 1818 1996 1869 illam
2043 1818 2110 1870 ab

561 1903 749 1954 hznresi
784 1920 1122 1967 conversam,
1160 1905 1248 1971 jus
1297 1905 1474 1967 habet,
1512 1906 1763 1974 episcopo
1820 1908 2109 1970 vacaverit,

560 1995 784 2058 proinde
810 1996 1086 2048 triennalis
1100 2012 1292 2048 cursus
1315 1998 1360 2050 ei
1393 2000 1622 2060 nocebit,
1653 2007 1932 2064 postquam
1974 2000 2024 2050 in
2050 2014 2111 2052 ca

560 2082 616 2133 tit
648 2084 949 2149 episc0pus.
997 2085 1100 2139 Sed
1131 2099 1184 2139 et
1231 2087 1460 2154 partecia
1495 2088 1669 2155 aliqua
1715 2087 2112 2142 Donatistarum

554 2174 816 2240 episcopi,
842 2175 884 2225 si
915 2175 978 2227 ad
1014 2176 1334 2228 catholicam
1391 2177 1687 2232 Ecclesium
1744 2189 2110 2244 convertatur,

555 2277 610 2317 et
633 2267 699 2318 ab
724 2281 786 2318 eo
817 2266 905 2333 qui
939 2267 1109 2334 ipsam
1143 2269 1206 2319 ad
1243 2268 1398 2320 ﬁdem
1443 2270 1707 2323 convertit
1754 2270 2110 2323 orthodoxam

558 2355 645 2407 ditt
677 2355 896 2407 detenta
926 2355 1061 2417 l'uit;
1101 2365 1280 2422 postea
1323 2369 1498 2409 autem
1551 2369 1606 2410 et
1667 2360 1775 2426 ipse
1836 2359 2110 2412 Donatista

555 2445 844 2510 episc0ptts
872 2445 936 2496 ad
966 2443 1085 2495 ﬁdei
1135 2443 1423 2498 Catholicae
1451 2447 1658 2498 accedit
1710 2448 1959 2502 unionem
1988 2467 2000 2501 :
2036 2449 2070 2504 li
2092 2479 2113 2490 -

558 2535 699 2586 eebit
725 2535 772 2586 ei
809 2535 949 2586 intra
999 2533 1314 2598 triennium,
1346 2550 1375 2587 a
1405 2550 1509 2602 quo
1555 2550 1847 2590 conversus
1876 2549 1975 2602 est,
2023 2555 2116 2606 pa-

561 2623 779 2675 rmciam
847 2624 914 2677 ad
985 2625 1236 2678 thronum
1313 2639 1468 2679 suum
1534 2627 1888 2692 pertinentem
1954 2644 2112 2683 revo-

557 2727 698 2768 care.

1107 2980 1333 3035 CANON
1368 2981 1555 3036 CXXI.

567 3087 586 3117 ι
633 3067 704 3121 De
738 3069 802 3122 iis
831 3070 925 3137 qui
957 3070 1218 3124 invadunt
1248 3074 1492 3141 populos,
1535 3089 1671 3143 quos
1719 3087 1908 3142 putant
1956 3095 2022 3131 au
2056 3099 2115 3134 se

637 3178 654 3209 ι
693 3162 991 3228 pertinere,
1025 3175 1220 3230 praeter
1262 3165 1586 3219 voluntatem
1638 3182 1823 3220 eorum
1859 3169 1949 3236 qui
1999 3169 2117 3222 illos
2145 3181 2188 3237 (ι

636 3268 654 3300 r
697 3252 993 3320 possident.
1025 3253 1284 3308 Similiter
1319 3256 1536 3321 placuit,
1577 3267 1633 3310 υι
1663 3259 1971 3326 quicunque
1998 3260 2113 3324 epi-

639 3360 657 3392 ¢
694 3343 840 3410 scopi
883 3344 1125 3410 papulos,
1155 3359 1291 3410 quos
1322 3345 1389 3396 ad
1437 3361 1588 3398 suam
1625 3348 1805 3400 sedem
1851 3349 2119 3414 pertinere

641 3452 656 3483 ι
701 3435 1031 3497 existimant,
1065 3451 1168 3488 non
1206 3436 1277 3488 ita
1308 3446 1573 3503 repetant,
1614 3449 1668 3490 ut
1695 3438 1814 3490 aliis
1853 3439 2118 3506 episcopis

639 3546 656 3575 ι
691 3526 1056 3594 iudicantibus
1083 3527 1184 3580 hoc
1235 3537 1430 3594 agant,
1477 3532 1566 3579 sed
1618 3527 1860 3594 populos,
1909 3530 1996 3594 qui
2053 3528 2118 3581 ab

639 3635 655 3664 ι
698 3615 821 3666 aliis
850 3615 1178 3678 detinentur,
1212 3617 1488 3679 invadant,
1525 3616 1637 3668 sive
1665 3615 1828 3667 velint
1875 3615 1987 3669 sive
2032 3633 2120 3669 no-

641 3719 659 3752 ι
698 3703 815 3764 lint,
853 3717 1029 3754 causae
1059 3717 1169 3756 suae
1197 3705 1407 3770 jactura
1440 3704 1734 3756 multentur
1762 3723 1776 3757 :
1813 3712 1865 3757 et
1892 3707 2119 3773 quicun-

637 3810 655 3841 ι
693 3805 796 3860 que
822 3790 1005 3858 utique
1034 3791 1136 3844 hoc
1171 3791 1434 3853 fecerunt,
1461 3791 1506 3843 si
1537 3805 1638 3844 non
1675 3792 1813 3845 inter
1839 3793 2119 3861 episcopos

637 3901 656 3934 (
691 3897 954 3938 consensu
988 3883 1262 3951 negotium
1306 3883 1542 3947 finiatur,
1591 3885 1681 3937 sed
1719 3886 1893 3939 adhuc
1944 3885 2012 3938 de
2055 3901 2119 3939 eo

639 3993 656 4024 ι
703 3974 1060 4037 contendant;
1097 3975 1144 4026 is
1172 3975 1238 4025 ab
1273 3988 1337 4027 eo
1371 3973 1629 4037 discedat,
1667 3991 1820 4042 quem
1840 3985 2116 4030 ostensum

636 4083 656 4116 ι
694 4064 854 4118 fuerit
905 4065 1163 4132 neglecns
1211 4063 1482 4130 iudicibus
1508 4065 1887 4118 ecclesiasticis
1916 4068 1966 4119 in
1996 4082 2116 4119 eum

639 4175 655 4206 ι
694 4159 948 4224 impetum
973 4156 1188 4209 fecisse.
1224 4155 1330 4208 Nec
1354 4154 1456 4208 sibi
1490 4156 1752 4221 quispiam
1787 4156 2116 4220 blandiatur,

637 4262 656 4294 ι
699 4247 743 4299 si
778 4261 807 4297 a
839 4246 1069 4311 primate
1099 4245 1164 4296 de
1200 4244 1521 4310 possidendo
1570 4244 1779 4296 litteras
1827 4246 2115 4310 acceperit.

640 4351 659 4385 ι
699 4333 804 4388 Sed
828 4334 944 4388 sive
974 4333 1167 4384 habeat
1221 4331 1448 4390 litteras.
1478 4330 1590 4383 sive
1641 4347 1767 4392 non,
1826 4330 2119 4384 conveniat

641 4441 659 4474 ι
695 4436 818 4476 eum
849 4421 936 4488 qui
964 4420 1221 4487 possidet,
1254 4429 1308 4472 et
1336 4418 1404 4471 ab
1428 4433 1492 4470 eo
1526 4419 1732 4470 litteras
1759 4417 2025 4485 accipiat;
2060 4429 2117 4471 ut

639 4531 657 4566 ι
695 4513 743 4568 is
784 4512 1026 4565 videatur
1080 4509 1317 4579 paciﬁce,
1365 4524 1480 4576 quae
1525 4509 1588 4560 ad
1649 4509 1821 4575 ipsum
1861 4509 2110 4573 pertinet,
2147 4503 2190 4560 υ

641 4622 659 4654 ι
696 4601 990 4655 Ecclesiam
1052 4599 1371 4668 possidere:
1408 4600 1488 4651 sin
1536 4607 1712 4650 autem
1769 4599 1856 4651 ille
1908 4609 2121 4650 contra-

640 4712 658 4744 ι
709 4695 840 4745 riam
873 4693 1219 4759 quastionem
1278 4690 1513 4754 referat;
1556 4692 1672 4758 ipsa
1717 4705 1927 4757 quoque
1981 4689 2119 4741 inter

641 4800 661 4832 ι
700 4782 979 4849 episcopos
1006 4779 1303 4845 iudicantes
1332 4779 1567 4840 liniatur,
1617 4778 1729 4830 sive
1755 4793 1888 4843 quos
1921 4777 2121 4844 primas

647 4887 666 4919 ι
702 4871 749 4921 ei
779 4869 1001 4930 dederit,
1039 4869 1150 4921 sive
1175 4882 1310 4935 quos
1351 4867 1447 4933 ipsi
1485 4866 1688 4918 vicinos
1726 4878 1993 4918 consensu
2030 4865 2123 4915 de-

641 4974 661 5008 t
707 4959 951 5026 legerint.
989 4976 1006 5006 ι

640 5243 832 5297 BALS.
878 5246 984 5298 Lex
1036 5259 1247 5313 quoque
1301 5245 1473 5297 civilis
1524 5244 1733 5304 statuit,
1772 5243 1946 5309 utqui
2005 5244 2122 5297 sine

571 5335 912 5399 magistratus
939 5334 1264 5386 auctoritate
1296 5348 1404 5385 rem
1438 5332 1704 5398 propriam
1736 5331 2042 5392 abstulerit,
2072 5335 2118 5384 is

569 5427 635 5476 ah
670 5441 732 5478 ea
768 5428 1002 5479 excidat.
1035 5425 1277 5478 Praesens
1303 5441 1514 5493 quoque
1548 5439 1719 5478 canon
1766 5422 2030 5486 decernit,
2069 5435 2124 5476 ut

568 5519 655 5584 qui
691 5533 746 5568 se
777 5517 944 5585 plebis
969 5517 1048 5569 vel
1084 5517 1316 5585 regioais
1343 5516 1434 5584 jus
1464 5517 1662 5568 habere
1690 5514 2024 5579 existimant,
2057 5531 2121 5568 ne

569 5620 686 5658 eam
724 5621 816 5657 sua
848 5607 1168 5658 auctoritate
1195 5605 1614 5672 apprehendant,
1652 5607 1762 5659 sive
1813 5609 1914 5658 hoc
1959 5606 2122 5657 velint

573 5695 770 5763 populi,
798 5696 907 5747 sive
935 5695 1136 5760 nolint;
1172 5695 1264 5747 sed
1304 5710 1420 5762 qua:
1447 5694 1514 5746 ab
1546 5695 1666 5748 aliis
1691 5695 1955 5763 episc0pis
1985 5695 2121 5746 deti-

573 5798 789 5852 ncntur,
827 5787 1088 5854 ejusmodi
1124 5787 1387 5855 regiones,
1422 5800 1542 5842 cum
1597 5786 1878 5853 episcopali
1920 5785 2124 5852 iudicio

1807 445 1906 506 ΤΠ
1919 449 2081 508 E01).
2130 446 2520 510 BALSAMON

635 585 650 610 ι
690 577 801 621 sus,
837 561 879 612 si
914 559 1390 622 intra'trietmium,
1437 573 1464 611 a
1510 573 1616 628 quo
1668 573 1959 614 conversus
2011 569 2110 622 est,
2145 567 2185 618 Α

3670 444 3784 508 £353

2295 579 2312 610 ι
2354 579 2452 621 πο;
2481 561 2588 613 ἀπὸ
2619 559 2871 624 Δονάτου,
2903 561 2948 610 εἰ
2980 558 3124 618 ἐντὸς
3168 557 3411 625 τριετίας
3443 557 3536 622 ἀφ’
3562 552 3624 611 οὗ
3682 561 3787 611 ὲπ-

2298 672 2314 701 ι
2353 652 2613 720 έστρεψεν
2636 652 2818 717 ἐνάγει
2838 683 2860 714 φ
2885 649 3146 716 ὲναγέτω.

2289 742 2399 808 [ipa
2428 741 2527 807 μὲν
2559 741 2666 791 τῶν
2697 739 2988 808 βασιλικῶν
3024 739 3226 806 νόμων,
3253 738 3436 800 καθὼς
3466 739 3558 789 καὶ
3587 740 3643 790 ὲν
3700 739 3786 807 τῷ

2223 830 2499 899 ἑκατοστῷ
2558 829 3001 896 ἑπτακαιδεκάτῳ
3055 829 3238 880 κανόνι
3293 829 3531 896 ἐγράφη,
3581 828 3636 878 εῐ
3691 845 3788 890 τις

2216 920 2514 979 ἐπίσκοπος
2544 919 2649 969 ἀπὸ
2680 919 2946 987 αἱρέσεώς
2973 936 3115 980 τινος
3157 919 3235 980 είς
3269 917 3578 986 όρθοδοξίαν
3643 935 3782 985 μετ-

2215 1009 2445 1075 έστρεφε
2479 1009 2772 1076 παροικὲαν
2790 1010 2929 1071 τινα,
2963 1010 3181 1075 κατεῖχε
3205 1008 3405 1074 ταύτην
3423 1007 3785 1072 ἀπεντεῦθεν,

2215 1099 2308 1147 καί
2348 1098 2444 1148 οὑκ
2475 1095 2705 1162 ⁴ιιδύνατό
2733 1114 2816 1158 τις
2849 1095 2957 1147 τῶν
3000 1096 3333 1158 ἐπισκόπων,
3367 1087 3519 1159 ᾧτινι
3571 1095 3605 1161 ὴ
3657 1110 3786 1144 τοι-

2215 1188 2353 1255 αὐτη
2387 1187 2553 1254 ἀνῆκε
2593 1187 2876 1255 διοίκησις,
2927 1183 3314 1238 ἀνακαλεῖσθαι
3372 1185 3560 1251 αὑτήν.
3618 1183 3790 1235 Μετὰ

2215 1277 2270 1328 δὲ
2307 1280 2426 1339 τοὺς
2459 1282 2582 1345 περί
2625 1278 2814 1333 τούτου
2875 1278 3069 1342 νόμους
3118 1277 3280 1342 ἧρεσε
3321 1279 3385 1343 τῇ
3428 1275 3633 1343 συνόδῳ
3687 1271 3789 1326 τὸν

2223 1369 2672 1437 μεταστρέψαντα
2704 1370 2783 1430 είς
2827 1371 2924 1437 τὴν
2953 1366 3266 1436 όρθοδοξίαν
3291 1367 3476 1434 χώραν
3504 1367 3650 1429 τινὰ,
3685 1355 3788 1417 καὶ

2215 1458 2306 1507 ἐπὶ
2338 1457 2574 1522 τριετίαν
2637 1457 2974 1524 κατασχόντα
3025 1456 3216 1523 αὐτὴν,
3291 1455 3365 1523 μὴ
3434 1453 3583 1518 παρά
3629 1468 3788 1512 τινος

2213 1544 2532 1613 ὀχληθέντα,
2566 1545 2640 1608 ὡς
2657 1546 2861 1612 ταύτην
2896 1544 3362 1612 ἀναξητήσαντος,
3401 1543 3584 1611 μένειν
3616 1540 3790 1606 ἀνέγο

2215 1637 2431 1704 κλητον,
2464 1639 2560 1688 καὶ
2595 1635 2792 1704 μηκέτι
2821 1635 3024 1702 ταύτην
3048 1631 3434 1699 ἁναζητείσθαι
3463 1632 3556 1682 ἀπ’
3586 1629 3786 1692 αὑτοῦ,

2214 1727 2371 1792 εἰπερ
2395 1726 2542 1784 ὲνττὸς
2568 1728 2664 1793 τῆς
2700 1726 2942 1795 τριετίας
2987 1725 3231 1792 ὑπῆρχεν
3257 1724 3553 1784 ἐπίσκοπος
3588 1723 3614 1774 ό
3646 1721 3792 1788 μὲλ-

2214 1816 2318 1867 λων
2347 1817 2686 1885 ἀναζητῆσαι
2726 1817 2914 1886 αὐτὴν,
2949 1815 3045 1869 καὶ
3075 1816 3365 1884 ἡσύχασεν.
3401 1813 3460 1864 Et
3504 1813 3611 1880 γὰρ
3643 1811 3788 1879 ἐχή-

2217 1924 2372 1977 ρευεν
2405 1906 2701 1960 ὲπισκόποὺ
2741 1911 2772 1977 ἡ
2808 1907 3094 1976 ἐκκλησία,
3127 1909 3156 1973 ἡ
3194 1904 3550 1972 δικαιουμὲνη
3579 1904 3672 1953 ἐπὶ
3711 1903 3784 1971 τῇ

2215 1997 2366 2066 χώρᾳ
2395 1998 2576 2068 ἐκείνῃ
2604 2002 2668 2066 τῇ
2697 2001 2804 2050 ἀπὸ
2833 2000 2930 2068 τῆς
2972 1999 3233 2066 αἱρέσεως
3315 1993 3789 2063 μεταστραφείσῃ,

2215 2089 2398 2138 ἔκτοτε
2467 2091 2499 2157 ὴ
2543 2088 2868 2157 παραδρομὴ
2924 2087 3016 2139 τοῦ
3052 2084 3294 2157 τριετίῦς
3361 2085 3553 2152 χρόνον
3609 2083 3786 2135 αὑτὸν

2220 2175 2432 2245 βλάψει,
2468 2177 2598 2244 μεθὸ
2633 2178 2858 2245 γένηται
2887 2175 2973 2228 ἐπ’
3001 2177 3134 2244 αὐτῇ
3152 2175 3464 2235 ὲπίσκοπυς.
3488 2173 3646 2224 Ἀλλὰ
3682 2172 3790 2224 καὶ

2219 2267 2477 2334 παροικία
2523 2284 2604 2327 τις
2638 2268 2936 2318 ἐπισκόπου
2965 2267 3072 2317 τῶν
3127 2266 3481 2325 Δονατιστῶν,
3513 2257 3606 2316 ἐὰν
3640 2263 3791 2331 πρὸς

2214 2357 2310 2424 τὴν
2337 2358 2634 2414 καθολικὴν
2681 2357 3023 2427 μεταστρέψῃ
3071 2357 3415 2424 Ἐκκλησίαν,
3447 2357 3539 2407 καὶ
3598 2372 3784 2407 κατα-

2218 2448 2378 2515 σχεθῇ
2410 2448 2504 2500 ἐπὶ
2537 2449 2702 2500 πολὺν
2729 2450 2918 2518 χρόνον
2955 2450 3103 2517 παρᾶ
3157 2447 3250 2499 τοῦ
3301 2447 3792 2515 μεταστρέψαντος

2217 2539 2383 2605 αὐτὴν
2404 2541 2482 2600 είς
2507 2542 2602 2606 τὴν
2628 2538 2936 2606 όρθοδοξίαν
2954 2555 2968 2569 ⁸
3005 2533 3122 2590 εἶτα
3165 2537 3439 2606 προσέλθῃ
3468 2540 3533 2604 τῇ
3561 2535 3789 2603 ἑνότητι

2216 2629 2314 2694 τῆς
2339 2626 2632 2693 καθολικῆς
2666 2627 2899 2688 πίστεως
2924 2628 3016 2678 καὶ
3047 2629 3072 2678 ό
3102 2627 3428 2687 Δονατιστὴς
3450 2625 3786 2684 ἐπίσκοπος,

2217 2718 2429 2780 ἐξέσται
2468 2718 2612 2785 αὑτῷ
2661 2721 2810 2779 ἐντὸς
2844 2719 3102 2787 τριετίας,
3167 2719 3258 2785 ἀφ’
3289 2713 3348 2768 οὗ
3411 2713 3786 2784 ὑπέστρεψεν.

2219 2805 2606 2856 ἀνακαλεῖσθαι
2638 2808 2733 2873 τὴν
2773 2809 3082 2875 ἀνήκουσαν
3109 2806 3184 2873 τῷ
3219 2806 3392 2874 θρόνῳ
3422 2801 3584 2854 αὑτοῦ
3633 2818 3786 2871 παρ-

2217 2897 2406 2950 οικίαν.

2764 2987 2998 3038 ΚΛΝΩΝ
3045 2987 3224 3039 ΡΚΛ’.

2229 3098 2245 3129 ⁸
2285 3075 2416 3148 Περὶ
2443 3077 2551 3130 τῶν
2576 3081 2684 3138 τοῖέ
2711 3080 2878 3141 λαοῖς,
2901 3077 2992 3139 οὓς
3031 3079 3343 3144 νομίζουσιν
3402 3075 3582 3136 αὐτοῖς
3639 3075 3790 3140 ἀνή-

2295 3187 2312 3218 ι
2352 3183 2487 3230 κτιν,
2517 3167 2908 3220 ἐπιϐαινόντων
2957 3167 3107 3234 παρὰ
3156 3163 3381 3232 γνώμην
3428 3164 3535 3217 τῶν
3576 3164 3790 3224 αὐτοὺς

2296 3278 2312 3307 ι
2351 3259 2708 3324 κατεχόντων.
2753 3258 2986 3324 Ὁμοίως
3044 3257 3261 3324 ἤρεσεν,
3323 3255 3408 3305 ἵνα
3472 3254 3788 3320 οίοιδήποτε

2297 3369 2313 3399 ι
2351 3351 2637 3400 ἐπίσκοποι
2669 3351 2734 3400 τὰ
2776 3349 2973 3416 πλήθη,
3027 3347 3062 3399 ὃ,
3113 3345 3395 3413 νομίζουσι
3472 3348 3550 3414 τῷ
3600 3346 3788 3413 θρόνῳ

2299 3460 2313 3488 ι
2357 3440 2538 3490 αὐτῶν
2587 3441 2827 3507 ἀνήκειν,
2873 3439 2949 3506 μὴ
2995 3437 3166 3500 οὕτως
3217 3438 3579 3504 ἁναζητῶσιν,
3635 3435 3789 3487 ὥστε

2299 3550 2316 3579 ι
2356 3531 2526 3582 ἇλλ‹.›ν
2569 3530 2880 3581 ἐπισκόπων
2931 3532 3232 3597 κρινόντων,
3281 3528 3436 3579 τοῦτο
3491 3528 3786 3594 πράττειν,

2302 3639 2317 3669 ι
2363 3620 2607 3672 ament.
2656 3622 2844 3687 ἑτέρου
2909 3621 3298 3688 κατεχομένοις
3350 3617 3626 3669 ὲπέλθωσι-
3665 3620 3790 3679 τοῖς

2307 3734 2322 3762 ι
2365 3713 2531 3774 λαοῖς,
2569 3711 2679 3763 εἴτε
2722 3711 2960 3762 θέλουσιν
2985 3711 3094 3760 εἴτε
3140 3711 3214 3778 μὴ
3253 3709 3488 3768 θέλουσι,
3519 3708 3612 3759 τοῦ
3646 3709 3786 3760 ἰδίου

2299 3821 2313 3850 ι
2358 3805 2680 3869 πράγματος
2709 3799 2807 3868 τὴν
2841 3801 3045 3868 ζημίαν
3073 3799 3441 3865 ὑπομείνωσιν
3464 3815 3479 3829 ·
3517 3799 3612 3851 καὶ
3642 3799 3788 3850 otti-

2299 3909 2316 3938 ι
2355 3905 2438 3948 νες
2470 3887 2667 3956 δήποτε
2691 3887 2849 3939 τοῦτο
2873 3888 3156 3950 ἐποίησαν,
3189 3889 3233 3938 εί
3272 3889 3398 3956 μὴὴ
3435 3889 3636 3955 μεταξὺ
3669 3888 3790 3938 τῶν

2301 3999 2318 4029 ι
2357 3982 2669 4031 ἐπισκόπων
2715 3979 3013 4040 συναίνεσις
3051 3980 3392 4046 ἐπερατώθη,
3428 3979 3540 4031 ἀλλ’
3593 3983 3792 4049 ἀκμὴν

2293 4089 2310 4120 ι
2352 4070 2596 4138 περὶτοῦ
2623 4068 2785 4120 αὑτοῦ
2836 4069 3251 4135 φιλονεικοῦσιν,
3307 4072 3519 4132 ἐκεῖνος
3564 4072 3788 4141 ἀποστῇ

2295 4179 2312 4210 ι
2347 4161 2572 4221 ἐκεῖθεν,
2641 4161 2770 4229 περὶ
2830 4155 2888 4210 οὗ
2922 4159 3177 4227 δειχθείη,
3229 4163 3310 4212 ὅτι
3345 4162 3624 4228 παρεάσας
3656 4164 3796 4225 τοὺς

2303 4268 2320 4298 ι
2357 4249 2843 4316 ἐκκλησιαστικοὺς
2870 4247 3128 4308 δικαστὰς
3160 4248 3342 4313 ἔφοδον
3368 4251 3644 4317 ἐποίησεν.
3671 4251 3796 4303 Καὶ

2295 4359 2311 4390 ι
2352 4339 2422 4408 μὴ
2453 4340 2642 4390 ἑαυτόν
2669 4356 2753 4399 τις
2778 4339 3104 4407 κολακεύσῃ,
3130 4339 3180 4389 εί
3205 4339 3268 4389 ἐκ
3298 4339 3390 4390 τοῦ
3412 4340 3794 4406 πρωτεύοντος

2295 4449 2312 4480 ι
2355 4431 2657 4499 γράμματα
2691 4430 2819 4498 περὶ
2849 4429 2942 4479 τοῦ
2974 4429 3227 4496 κατέχειν
3252 4428 3464 4480 ἔλαϐεν.
3506 4428 3644 4480 Ἀλλ’
3670 4430 3794 4482 εἴτε.

2295 4524 2652 4590 «γράμματα
2702 4521 2836 4588 ἔχει,
2881 4521 2989 4571 εἴτε
3036 4521 3136 4571 οὐκ
3222 4520 3358 4588 ἔχει,
3424 4520 3654 4589 συνέλθῃ
3707 4524 3795 4590 τῷ

2292 4631 2310 4662 ι
2350 4617 2653 4680 κατέχοντι,
2698 4613 2792 4663 καὶ
2843 4613 2972 4680 παρ’
3022 4610 3186 4662 αὐτοῦ
3240 4610 3545 4678 γράμματα
3604 4611 3792 4677 λάῦοι,

2301 4723 2317 4753 ι
2359 4704 2499 4754 ὥστε
2549 4704 2785 4769 φανῆναι
2810 4703 2994 4754 τοῦτον
3033 4703 3324 4770 είρηνικῶς
3352 4705 3450 4769 τὴν
3477 4702 3624 4768 αὐτῷ
3650 4703 3801 4772 ἀνή-

2303 4813 2318 4841 ι
2358 4808 2559 4843 κουσαν
2591 4790 2842 4858 κατέχειν
2898 4789 3225 4859 ἐκκλησίαν·
3286 4793 3381 4842 ὲὰν
3421 4792 3478 4843 δὲ
3533 4794 3802 4858 κάκεῖνός

2303 4902 2320 4932 ι
2354 4900 2473 4933 τινα
2509 4880 2736 4948 ζήτησιν
2765 4882 3129 4948 ἀντεναγάγῃ,
3165 4882 3254 4932 καὶ
3293 4881 3430 4950 αὑτὴ
3484 4886 3788 4954 περατωθῇ

2303 4996 2318 5021 ι
2359 4973 2559 5039 μετιξὺ
2597 4971 2908 5025 ἐπισκόπων
2941 4974 3253 5040 κρινόντων,
3294 4972 3409 5023 εἴτε
3452 4971 3544 5034 οὓς
3574 4974 3600 5023 ὁ
3636 4988 3800 5038 πρω-

2303 5084 2320 5115 t
2357 5065 2525 5116 τεόων
2566 5066 2748 5124 αὐτοῖς
2801 5062 2896 5131 δῷ,
2950 5062 3058 5113 εἴτε
3111 5061 3202 5124 οὒς
3250 5061 3601 5129 γειτνιῶντας
3642 5064 3800 5117 κατὰ

2302 5173 2319 5203 ι
2357 5153 2656 5204 συναίνεσιν
2685 5150 3059 5214 ἑπιλέξωνται.
3089 5169 3109 5202 ι

2307 5243 2500 5295 ΒΑΛΣ.
2556 5243 2665 5292 Καὶ
2715 5243 2742 5294 ὁ
2795 5241 3068 5303 πολιτικὸς
3134 5241 3294 5307 νόμος
3351 5241 3639 5309 διορίζεται
3694 5241 3799 5295 τὸν

2228 5334 2476 5401 ἁνάρχως
2504 5332 2562 5382 τὸ
2591 5332 2722 5384 ἴδιον
2755 5332 3087 5399 ἀφελόμενον
3140 5331 3426 5383 ἐκπίπτειν
3460 5331 3646 5384 αὑτοῦ.
3673 5334 3797 5386 Καὶ

2228 5426 2255 5474 ό
2286 5421 2471 5491 παρὼν
2501 5421 2555 5472 δὲ
2589 5421 2768 5472 κανὼν
2795 5421 3084 5490 διορίζεται
3111 5424 3235 5484 τοὺς
3271 5423 3625 5487 ἐπισκόπους,
3659 5425 3798 5487 τοὺς

2229 5511 2542 5580 νομίζοντας
2564 5512 2706 5579 ἔχειν
2732 5511 2935 5564 δίκαιον
2957 5513 3214 5581 πλήθους,
3242 5513 3410 5581 ήγονν
3440 5514 3676 5581 ὲνορίας,
3712 5518 3799 5586 μὴ

2231 5602 2558 5664 αὺθεντικῶς
2588 5602 3002 5672 ἐπιδράττεσθαι
3023 5603 3253 5673 ταύτης,
3283 5605 3382 5655 κᾶν
3407 5603 3598 5656 θέλωσι
3628 5606 3800 5659 τοῦτο

2230 5696 2276 5745 oi
2306 5695 2444 5756 λαοὶ,
2476 5695 2578 5746 κᾶν
2608 5693 2683 5762 μὴ
2713 5695 2962 5758 θέλωσιν,
3003 5695 3136 5747 ἀλλὰ
3184 5697 3404 5764 ὲκνικᾷν
3432 5698 3527 5757 τὰς
3564 5713 3690 5750 κατε
3704 5717 3802 5765 χο-

2237 5783 2402 5853 μένας
2445 5783 2573 5853 παρ’
2632 5784 2836 5854 ἐτέρων
2904 5787 3215 5838 ἐπισκόπων
3269 5787 3522 5849 τοιαύτας
3573 5790 3797 5858 ὲνορίας·
