  <div class='ocr_page' id='page_1' title='image "/cluster/home/n/w/nwhite01/storage/ocr_20150623/138/ien.35556001660133/206.png"; bbox 0 0 4012 6436; ppageno 0'>
   <div class='ocr_carea' id='block_1_1' title="bbox 193 443 294 505">
    <p class='ocr_par' dir='ltr' id='par_1_1' title="bbox 193 443 294 505">
     <span class='ocr_line' id='line_1_1' title="bbox 193 443 294 505; baseline 0.059 -6"><span class='ocrx_word' id='word_1_1' title='bbox 193 443 294 505; x_wconf 74' lang='lat'><strong>339</strong></span> 
     </span>
    </p>
   </div>
   <div class='ocr_carea' id='block_1_2' title="bbox 1115 419 2372 501">
    <p class='ocr_par' dir='ltr' id='par_1_2' title="bbox 1115 419 2372 501">
     <span class='ocr_line' id='line_1_2' title="bbox 1115 419 2372 501; baseline -0.009 -1"><span class='ocrx_word' id='word_1_2' title='bbox 1115 419 1120 422; x_wconf 76' lang='grc'><em>’</em></span> <span class='ocrx_word' id='word_1_3' title='bbox 1207 441 1282 499; x_wconf 70' lang='lat' dir='ltr'><strong>1N</strong></span> <span class='ocrx_word' id='word_1_4' title='bbox 1334 440 1498 501; x_wconf 77' lang='lat' dir='ltr'><strong>CAN.</strong></span> <span class='ocrx_word' id='word_1_5' title='bbox 1536 435 1713 498; x_wconf 76' lang='lat' dir='ltr'><strong>CXXI</strong></span> <span class='ocrx_word' id='word_1_6' title='bbox 1753 431 2372 493; x_wconf 66' lang='lat' dir='ltr'><strong>com-currum.</strong></span> 
     </span>
    </p>
   </div>
   <div class='ocr_carea' id='block_1_3' title="bbox 3288 430 3392 492">
    <p class='ocr_par' dir='ltr' id='par_1_3' title="bbox 3288 430 3392 492">
     <span class='ocr_line' id='line_1_3' title="bbox 3288 430 3392 492; baseline 0 -1"><span class='ocrx_word' id='word_1_7' title='bbox 3288 430 3392 492; x_wconf 80' lang='lat'><strong>390</strong></span> 
     </span>
    </p>
   </div>
   <div class='ocr_carea' id='block_1_4' title="bbox 191 537 1737 617">
    <p class='ocr_par' dir='ltr' id='par_1_4' title="bbox 191 546 1737 617">
     <span class='ocr_line' id='line_1_4' title="bbox 191 546 1737 617; baseline -0.002 -18"><span class='ocrx_word' id='word_1_8' title='bbox 191 555 325 616; x_wconf 69' lang='grc' dir='ltr'>μετὰ</span> <span class='ocrx_word' id='word_1_9' title='bbox 388 551 617 617; x_wconf 60' lang='grc' dir='ltr'>κρίσεως</span> <span class='ocrx_word' id='word_1_10' title='bbox 673 548 1074 616; x_wconf 73' lang='grc' dir='ltr'>ἐπισκοπικῆςι</span> <span class='ocrx_word' id='word_1_11' title='bbox 1131 550 1179 599; x_wconf 88' lang='grc' dir='ltr'>εἰ</span> <span class='ocrx_word' id='word_1_12' title='bbox 1256 549 1312 600; x_wconf 83' lang='grc' dir='ltr'>δὲ</span> <span class='ocrx_word' id='word_1_13' title='bbox 1367 546 1737 613; x_wconf 80' lang='grc' dir='ltr'>αὐτεκδίκητοι</span> 
     </span>
    </p>
   </div>
   <div class='ocr_carea' id='block_1_5' title="bbox 1841 537 3392 617">
    <p class='ocr_par' dir='ltr' id='par_1_5' title="bbox 1846 537 3392 609">
     <span class='ocr_line' id='line_1_5' title="bbox 1846 537 3392 609; baseline -0.002 -14"><span class='ocrx_word' id='word_1_14' title='bbox 1846 541 2095 596; x_wconf 86' lang='lat' dir='ltr'><strong>evincant</strong></span> <span class='ocrx_word' id='word_1_15' title='bbox 2131 559 2144 593; x_wconf 78' lang='grc' dir='ltr'><strong>ι</strong></span> <span class='ocrx_word' id='word_1_16' title='bbox 2174 543 2253 593; x_wconf 87' lang='lat' dir='ltr'><strong>sin</strong></span> <span class='ocrx_word' id='word_1_17' title='bbox 2285 546 2460 592; x_wconf 84' lang='lat' dir='ltr'><strong>autent</strong></span> <span class='ocrx_word' id='word_1_18' title='bbox 2489 537 2724 605; x_wconf 88' lang='lat' dir='ltr'><strong>sibiipsis</strong></span> <span class='ocrx_word' id='word_1_19' title='bbox 2759 537 2846 603; x_wconf 87' lang='lat' dir='ltr'><strong>jus</strong></span> <span class='ocrx_word' id='word_1_20' title='bbox 2874 537 3120 598; x_wconf 66' lang='lat' dir='ltr'><strong>dixerint,</strong></span> <span class='ocrx_word' id='word_1_21' title='bbox 3159 542 3234 594; x_wconf 87' lang='lat' dir='ltr'><strong>rei</strong></span> <span class='ocrx_word' id='word_1_22' title='bbox 3271 558 3392 609; x_wconf 80' lang='lat' dir='ltr'><strong>pro-</strong></span> 
     </span>
    </p>
   </div>
   <div class='ocr_carea' id='block_1_6' title="bbox 187 634 1742 703">
    <p class='ocr_par' dir='ltr' id='par_1_6' title="bbox 187 634 1742 703">
     <span class='ocr_line' id='line_1_6' title="bbox 187 634 1742 703; baseline -0.003 -17"><span class='ocrx_word' id='word_1_23' title='bbox 187 636 474 702; x_wconf 81' lang='grc' dir='ltr'>γένωνται,</span> <span class='ocrx_word' id='word_1_24' title='bbox 505 635 706 703; x_wconf 78' lang='grc' dir='ltr'><strong>ζημίαν</strong></span> <span class='ocrx_word' id='word_1_25' title='bbox 759 636 1048 702; x_wconf 76' lang='grc' dir='ltr'>ὑπομένειν</span> <span class='ocrx_word' id='word_1_26' title='bbox 1077 635 1172 686; x_wconf 80' lang='grc' dir='ltr'>τοῦ</span> <span class='ocrx_word' id='word_1_27' title='bbox 1222 634 1351 686; x_wconf 70' lang='grc' dir='ltr'>ἰδίου</span> <span class='ocrx_word' id='word_1_28' title='bbox 1393 634 1742 702; x_wconf 77' lang='grc' dir='ltr'>πράγματος,</span> 
     </span>
    </p>
   </div>
   <div class='ocr_carea' id='block_1_7' title="bbox 189 723 1746 794">
    <p class='ocr_par' dir='ltr' id='par_1_7' title="bbox 189 723 1746 794">
     <span class='ocr_line' id='line_1_7' title="bbox 189 723 1746 794; baseline -0.003 -16"><span class='ocrx_word' id='word_1_29' title='bbox 189 729 354 794; x_wconf 63' lang='grc' dir='ltr'>ἤγουν</span> <span class='ocrx_word' id='word_1_30' title='bbox 387 728 676 780; x_wconf 73' lang='grc' dir='ltr'>ἐκπίπτει-ν</span> <span class='ocrx_word' id='word_1_31' title='bbox 700 726 794 778; x_wconf 83' lang='grc' dir='ltr'><strong>τοῦ</strong></span> <span class='ocrx_word' id='word_1_32' title='bbox 823 727 1021 778; x_wconf 85' lang='grc' dir='ltr'>οἰκείου</span> <span class='ocrx_word' id='word_1_33' title='bbox 1059 725 1287 777; x_wconf 78' lang='grc' dir='ltr'>δικαίου.</span> <span class='ocrx_word' id='word_1_34' title='bbox 1314 725 1482 776; x_wconf 82' lang='grc' dir='ltr'>Τοῦτο</span> <span class='ocrx_word' id='word_1_35' title='bbox 1507 725 1561 776; x_wconf 84' lang='grc' dir='ltr'>δὲ</span> <span class='ocrx_word' id='word_1_36' title='bbox 1593 723 1746 774; x_wconf 73' lang='grc' dir='ltr'>ἔσται</span> 
     </span>
    </p>
   </div>
   <div class='ocr_carea' id='block_1_8' title="bbox 188 814 1744 885">
    <p class='ocr_par' dir='ltr' id='par_1_8' title="bbox 188 814 1744 885">
     <span class='ocr_line' id='line_1_8' title="bbox 188 814 1744 885; baseline -0.003 -17"><span class='ocrx_word' id='word_1_37' title='bbox 188 817 280 868; x_wconf 72' lang='grc' dir='ltr'>καὶ</span> <span class='ocrx_word' id='word_1_38' title='bbox 309 819 393 878; x_wconf 74' lang='grc' dir='ltr'>εἰς</span> <span class='ocrx_word' id='word_1_39' title='bbox 421 818 548 878; x_wconf 76' lang='grc' dir='ltr'>τοὺς</span> <span class='ocrx_word' id='word_1_40' title='bbox 596 817 735 884; x_wconf 86' lang='grc' dir='ltr'>μετά</span> <span class='ocrx_word' id='word_1_41' title='bbox 782 814 1168 885; x_wconf 78' lang='grc' dir='ltr'>προκάταρξιν</span> <span class='ocrx_word' id='word_1_42' title='bbox 1209 814 1284 882; x_wconf 81' lang='grc' dir='ltr'>μὴ</span> <span class='ocrx_word' id='word_1_43' title='bbox 1346 816 1744 882; x_wconf 72' lang='grc' dir='ltr'>ἁναμείναντας</span> 
     </span>
    </p>
   </div>
   <div class='ocr_carea' id='block_1_9' title="bbox 185 902 1738 974">
    <p class='ocr_par' dir='ltr' id='par_1_9' title="bbox 185 902 1738 974">
     <span class='ocr_line' id='line_1_9' title="bbox 185 902 1738 974; baseline -0.002 -18"><span class='ocrx_word' id='word_1_44' title='bbox 185 909 280 972; x_wconf 70' lang='grc' dir='ltr'>τὴν</span> <span class='ocrx_word' id='word_1_45' title='bbox 314 904 678 974; x_wconf 80' lang='grc' dir='ltr'>ἐπισκοπικὴν</span> <span class='ocrx_word' id='word_1_46' title='bbox 704 906 1006 967; x_wconf 81' lang='grc' dir='ltr'><strong>δικαίωσιν,</strong></span> <span class='ocrx_word' id='word_1_47' title='bbox 1032 904 1169 956; x_wconf 62' lang='grc' dir='ltr'>ἀλλὰ</span> <span class='ocrx_word' id='word_1_48' title='bbox 1193 902 1523 963; x_wconf 79' lang='grc' dir='ltr'>αὑθεντικῶς</span> <span class='ocrx_word' id='word_1_49' title='bbox 1545 903 1738 954; x_wconf 85' lang='grc' dir='ltr'>ἐπιλα-</span> 
     </span>
    </p>
   </div>
   <div class='ocr_carea' id='block_1_10' title="bbox 185 988 1745 1063">
    <p class='ocr_par' dir='ltr' id='par_1_10' title="bbox 185 988 1745 1063">
     <span class='ocr_line' id='line_1_10' title="bbox 185 988 1745 1063; baseline -0.004 -16"><span class='ocrx_word' id='word_1_50' title='bbox 185 996 447 1062; x_wconf 71' lang='grc' dir='ltr'>ϐομένους</span> <span class='ocrx_word' id='word_1_51' title='bbox 475 995 571 1055; x_wconf 72' lang='grc' dir='ltr'>τῆς</span> <span class='ocrx_word' id='word_1_52' title='bbox 603 994 841 1063; x_wconf 86' lang='grc' dir='ltr'>ἐνορίας.</span> <span class='ocrx_word' id='word_1_53' title='bbox 891 993 1000 1044; x_wconf 78' lang='lat' dir='ltr'><strong>Kal.</strong></span> <span class='ocrx_word' id='word_1_54' title='bbox 1049 991 1124 1060; x_wconf 91' lang='grc' dir='ltr'><strong>μή</strong></span> <span class='ocrx_word' id='word_1_55' title='bbox 1149 1008 1254 1053; x_wconf 88' lang='grc' dir='ltr'>τις,</span> <span class='ocrx_word' id='word_1_56' title='bbox 1312 991 1491 1057; x_wconf 72' lang='grc' dir='ltr'>φησὶν,</span> <span class='ocrx_word' id='word_1_57' title='bbox 1555 988 1745 1040; x_wconf 71' lang='grc' dir='ltr'>ἑαυτὸν</span> 
     </span>
    </p>
   </div>
   <div class='ocr_carea' id='block_1_11' title="bbox 188 1079 1774 1154">
    <p class='ocr_par' dir='ltr' id='par_1_11' title="bbox 188 1079 1774 1154">
     <span class='ocr_line' id='line_1_11' title="bbox 188 1079 1774 1154; baseline -0.008 -17"><span class='ocrx_word' id='word_1_58' title='bbox 188 1083 514 1152; x_wconf 78' lang='grc' dir='ltr'>κολακεύσῃ,</span> <span class='ocrx_word' id='word_1_59' title='bbox 533 1084 652 1136; x_wconf 77' lang='grc' dir='ltr'>ἀντὶ</span> <span class='ocrx_word' id='word_1_60' title='bbox 671 1083 790 1145; x_wconf 83' lang='grc' dir='ltr'>τοῦ,</span> <span class='ocrx_word' id='word_1_61' title='bbox 810 1083 1085 1154; x_wconf 77' lang='grc' dir='ltr'>ἀπατήσῃ,</span> <span class='ocrx_word' id='word_1_62' title='bbox 1117 1082 1198 1132; x_wconf 85' lang='grc' dir='ltr'>ὅτι</span> <span class='ocrx_word' id='word_1_63' title='bbox 1231 1081 1293 1132; x_wconf 87' lang='grc' dir='ltr'><strong>ἐκ</strong></span> <span class='ocrx_word' id='word_1_64' title='bbox 1317 1079 1410 1131; x_wconf 79' lang='grc' dir='ltr'><strong>τοῦ</strong></span> <span class='ocrx_word' id='word_1_65' title='bbox 1440 1080 1774 1146; x_wconf 73' lang='grc' dir='ltr'>πρωτεῦον-</span> 
     </span>
    </p>
   </div>
   <div class='ocr_carea' id='block_1_12' title="bbox 185 1168 1747 1243">
    <p class='ocr_par' dir='ltr' id='par_1_12' title="bbox 185 1168 1747 1243">
     <span class='ocr_line' id='line_1_12' title="bbox 185 1168 1747 1243; baseline -0.006 -15"><span class='ocrx_word' id='word_1_66' title='bbox 185 1193 272 1237; x_wconf 84' lang='grc' dir='ltr'><strong>τος</strong></span> <span class='ocrx_word' id='word_1_67' title='bbox 299 1177 420 1243; x_wconf 68' lang='grc' dir='ltr'>ἦτοι</span> <span class='ocrx_word' id='word_1_68' title='bbox 450 1173 543 1226; x_wconf 76' lang='grc' dir='ltr'><strong>τοῦ</strong></span> <span class='ocrx_word' id='word_1_69' title='bbox 586 1172 977 1242; x_wconf 72' lang='grc' dir='ltr'>μητροπολίτου</span> <span class='ocrx_word' id='word_1_70' title='bbox 1035 1171 1337 1238; x_wconf 83' lang='grc' dir='ltr'>γράμματα</span> <span class='ocrx_word' id='word_1_71' title='bbox 1386 1169 1576 1222; x_wconf 75' lang='grc' dir='ltr'>ἐλαϐεν</span> <span class='ocrx_word' id='word_1_72' title='bbox 1624 1168 1747 1220; x_wconf 83' lang='grc' dir='ltr'>ἐπι-</span> 
     </span>
    </p>
   </div>
   <div class='ocr_carea' id='block_1_13' title="bbox 184 1254 1744 1332">
    <p class='ocr_par' dir='ltr' id='par_1_13' title="bbox 184 1254 1744 1332">
     <span class='ocr_line' id='line_1_13' title="bbox 184 1254 1744 1332; baseline -0.005 -18"><span class='ocrx_word' id='word_1_73' title='bbox 184 1264 452 1332; x_wconf 75' lang='grc' dir='ltr'><strong>τρέποντα</strong></span> <span class='ocrx_word' id='word_1_74' title='bbox 479 1261 625 1327; x_wconf 86' lang='grc' dir='ltr'><strong>αὐτῷ</strong></span> <span class='ocrx_word' id='word_1_75' title='bbox 647 1262 744 1327; x_wconf 79' lang='grc' dir='ltr'>τὴν</span> <span class='ocrx_word' id='word_1_76' title='bbox 769 1259 864 1312; x_wconf 81' lang='grc' dir='ltr'>τοῦ</span> <span class='ocrx_word' id='word_1_77' title='bbox 898 1260 1063 1312; x_wconf 86' lang='grc' dir='ltr'>τόπου</span> <span class='ocrx_word' id='word_1_78' title='bbox 1094 1259 1450 1326; x_wconf 89' lang='grc' dir='ltr'>κατάσχεσιν.</span> <span class='ocrx_word' id='word_1_79' title='bbox 1485 1256 1604 1308; x_wconf 74' lang='grc' dir='ltr'>Εἴτε</span> <span class='ocrx_word' id='word_1_80' title='bbox 1635 1254 1744 1325; x_wconf 70' lang='grc' dir='ltr'>γὰρ</span> 
     </span>
    </p>
   </div>
   <div class='ocr_carea' id='block_1_14' title="bbox 185 1346 1744 1420">
    <p class='ocr_par' dir='ltr' id='par_1_14' title="bbox 185 1346 1744 1420">
     <span class='ocr_line' id='line_1_14' title="bbox 185 1346 1744 1420; baseline -0.004 -18"><span class='ocrx_word' id='word_1_81' title='bbox 185 1353 298 1418; x_wconf 67' lang='grc' dir='ltr'>ἔχει</span> <span class='ocrx_word' id='word_1_82' title='bbox 331 1352 658 1420; x_wconf 64' lang='grc' dir='ltr'>γράμματα,</span> <span class='ocrx_word' id='word_1_83' title='bbox 693 1348 799 1400; x_wconf 75' lang='grc' dir='ltr'>εἴτε</span> <span class='ocrx_word' id='word_1_84' title='bbox 837 1349 936 1400; x_wconf 86' lang='grc' dir='ltr'>οὐκ</span> <span class='ocrx_word' id='word_1_85' title='bbox 965 1348 1099 1416; x_wconf 74' lang='grc' dir='ltr'>ἔχει,</span> <span class='ocrx_word' id='word_1_86' title='bbox 1129 1349 1177 1399; x_wconf 82' lang='grc' dir='ltr'><strong>εί</strong></span> <span class='ocrx_word' id='word_1_87' title='bbox 1211 1346 1284 1415; x_wconf 86' lang='grc' dir='ltr'>μὴ</span> <span class='ocrx_word' id='word_1_88' title='bbox 1302 1346 1392 1398; x_wconf 83' lang='grc' dir='ltr'>τοῦ</span> <span class='ocrx_word' id='word_1_89' title='bbox 1423 1346 1744 1413; x_wconf 78' lang='grc' dir='ltr'>κατέχοντος</span> 
     </span>
    </p>
   </div>
   <div class='ocr_carea' id='block_1_15' title="bbox 184 1426 1745 1507">
    <p class='ocr_par' dir='ltr' id='par_1_15' title="bbox 184 1426 1745 1507">
     <span class='ocr_line' id='line_1_15' title="bbox 184 1426 1745 1507; baseline -0.004 -15"><span class='ocrx_word' id='word_1_90' title='bbox 184 1444 276 1492; x_wconf 63' lang='grc' dir='ltr'>τὴν</span> <span class='ocrx_word' id='word_1_91' title='bbox 311 1438 440 1492; x_wconf 75' lang='grc' dir='ltr'>λαὸν</span> <span class='ocrx_word' id='word_1_92' title='bbox 480 1440 572 1490; x_wconf 77' lang='grc' dir='ltr'><strong>τὸν</strong></span> <span class='ocrx_word' id='word_1_93' title='bbox 606 1437 972 1506; x_wconf 81' lang='grc' dir='ltr'>ἐκνικώμενον</span> <span class='ocrx_word' id='word_1_94' title='bbox 998 1438 1139 1507; x_wconf 77' lang='grc' dir='ltr'>λάϐῃ</span> <span class='ocrx_word' id='word_1_95' title='bbox 1199 1437 1523 1504; x_wconf 78' lang='grc' dir='ltr'>γράμματα,</span> <span class='ocrx_word' id='word_1_96' title='bbox 1549 1433 1617 1486; x_wconf 89' lang='grc' dir='ltr'><strong>δι’</strong></span> <span class='ocrx_word' id='word_1_97' title='bbox 1668 1426 1745 1486; x_wconf 84' lang='grc' dir='ltr'>ὧν</span> 
     </span>
    </p>
   </div>
   <div class='ocr_carea' id='block_1_16' title="bbox 188 1526 1743 1598">
    <p class='ocr_par' dir='ltr' id='par_1_16' title="bbox 188 1526 1743 1598">
     <span class='ocr_line' id='line_1_16' title="bbox 188 1526 1743 1598; baseline -0.003 -18"><span class='ocrx_word' id='word_1_98' title='bbox 188 1530 502 1598; x_wconf 69' lang='grc' dir='ltr'>φανήσεται</span> <span class='ocrx_word' id='word_1_99' title='bbox 539 1529 678 1582; x_wconf 72' lang='grc' dir='ltr'>κατὰ</span> <span class='ocrx_word' id='word_1_100' title='bbox 711 1530 937 1595; x_wconf 78' lang='grc' dir='ltr'><strong>γνώμην</strong></span> <span class='ocrx_word' id='word_1_101' title='bbox 967 1527 1171 1578; x_wconf 81' lang='grc' dir='ltr'>ἐκείνου</span> <span class='ocrx_word' id='word_1_102' title='bbox 1227 1526 1515 1594; x_wconf 70' lang='grc' dir='ltr'><strong>εἰρηνικῶς</strong></span> <span class='ocrx_word' id='word_1_103' title='bbox 1543 1541 1743 1581; x_wconf 84' lang='grc' dir='ltr'>,κατα-</span> 
     </span>
    </p>
   </div>
   <div class='ocr_carea' id='block_1_17' title="bbox 192 1606 1743 1688">
    <p class='ocr_par' dir='ltr' id='par_1_17' title="bbox 192 1606 1743 1688">
     <span class='ocr_line' id='line_1_17' title="bbox 192 1606 1743 1688; baseline -0.005 -16"><span class='ocrx_word' id='word_1_104' title='bbox 192 1618 338 1687; x_wconf 83' lang='grc' dir='ltr'>σχὼν</span> <span class='ocrx_word' id='word_1_105' title='bbox 376 1619 474 1688; x_wconf 76' lang='grc' dir='ltr'>τὴν</span> <span class='ocrx_word' id='word_1_106' title='bbox 502 1620 860 1686; x_wconf 81' lang='grc' dir='ltr'>διαφέρουσαν</span> <span class='ocrx_word' id='word_1_107' title='bbox 888 1606 1283 1684; x_wconf 54' lang='grc' dir='ltr'>αὺτῷἐνορίαν,</span> <span class='ocrx_word' id='word_1_108' title='bbox 1316 1617 1629 1667; x_wconf 77' lang='grc' dir='ltr'><strong>ἐκπεσεῖται</strong></span> <span class='ocrx_word' id='word_1_109' title='bbox 1651 1613 1743 1665; x_wconf 80' lang='grc' dir='ltr'><strong>τοῦ</strong></span> 
     </span>
    </p>
   </div>
   <div class='ocr_carea' id='block_1_18' title="bbox 184 1705 1742 1774">
    <p class='ocr_par' dir='ltr' id='par_1_18' title="bbox 184 1705 1742 1774">
     <span class='ocr_line' id='line_1_18' title="bbox 184 1705 1742 1774; baseline -0.002 -14"><span class='ocrx_word' id='word_1_110' title='bbox 184 1709 394 1760; x_wconf 84' lang='grc' dir='ltr'>δικαίου</span> <span class='ocrx_word' id='word_1_111' title='bbox 430 1708 615 1761; x_wconf 77' lang='grc' dir='ltr'>αὐτοῦ.</span> <span class='ocrx_word' id='word_1_112' title='bbox 670 1706 792 1760; x_wconf 79' lang='grc' dir='ltr'>Ἐάν</span> <span class='ocrx_word' id='word_1_113' title='bbox 826 1706 883 1758; x_wconf 74' lang='grc' dir='ltr'>δὲ</span> <span class='ocrx_word' id='word_1_114' title='bbox 942 1708 1036 1758; x_wconf 70' lang='grc' dir='ltr'>καὶ</span> <span class='ocrx_word' id='word_1_115' title='bbox 1086 1705 1411 1771; x_wconf 83' lang='grc' dir='ltr'>ἐναγόμενος</span> <span class='ocrx_word' id='word_1_116' title='bbox 1449 1705 1742 1774; x_wconf 81' lang='grc' dir='ltr'>ἀντενάγῃ,</span> 
     </span>
    </p>
   </div>
   <div class='ocr_carea' id='block_1_19' title="bbox 184 1793 1742 1865">
    <p class='ocr_par' dir='ltr' id='par_1_19' title="bbox 184 1793 1742 1865">
     <span class='ocr_line' id='line_1_19' title="bbox 184 1793 1742 1865; baseline -0.002 -17"><span class='ocrx_word' id='word_1_117' title='bbox 184 1799 466 1849; x_wconf 79' lang='grc' dir='ltr'>τουτέστιν</span> <span class='ocrx_word' id='word_1_118' title='bbox 489 1796 904 1865; x_wconf 81' lang='grc' dir='ltr'>ἁνταιτιάσηται</span> <span class='ocrx_word' id='word_1_119' title='bbox 926 1796 1016 1847; x_wconf 80' lang='grc' dir='ltr'>τὸν</span> <span class='ocrx_word' id='word_1_120' title='bbox 1049 1795 1330 1860; x_wconf 82' lang='grc' dir='ltr'>ἐνάγοντα,</span> <span class='ocrx_word' id='word_1_121' title='bbox 1374 1794 1459 1845; x_wconf 83' lang='grc' dir='ltr'><strong>ίνα</strong></span> <span class='ocrx_word' id='word_1_122' title='bbox 1490 1795 1582 1846; x_wconf 75' lang='grc' dir='ltr'>καὶ</span> <span class='ocrx_word' id='word_1_123' title='bbox 1608 1793 1742 1862; x_wconf 81' lang='grc' dir='ltr'>αὕτη</span> 
     </span>
    </p>
   </div>
   <div class='ocr_carea' id='block_1_20' title="bbox 1848 627 3395 698">
    <p class='ocr_par' dir='ltr' id='par_1_20' title="bbox 1848 627 3395 698">
     <span class='ocr_line' id='line_1_20' title="bbox 1848 627 3395 698; baseline 0.002 -17"><span class='ocrx_word' id='word_1_124' title='bbox 1848 631 1977 698; x_wconf 70' lang='lat' dir='ltr'><strong>prim</strong></span> <span class='ocrx_word' id='word_1_125' title='bbox 2009 629 2275 697; x_wconf 86' lang='lat' dir='ltr'><strong>jacturam</strong></span> <span class='ocrx_word' id='word_1_126' title='bbox 2298 628 2622 689; x_wconf 77' lang='lat' dir='ltr'><strong>sustineant,</strong></span> <span class='ocrx_word' id='word_1_127' title='bbox 2655 627 2858 682; x_wconf 83' lang='lat' dir='ltr'><strong>scilicet</strong></span> <span class='ocrx_word' id='word_1_128' title='bbox 2884 644 2912 679; x_wconf 90' lang='lat' dir='ltr'><strong>a</strong></span> <span class='ocrx_word' id='word_1_129' title='bbox 2938 645 3034 680; x_wconf 82' lang='lat' dir='ltr'><strong>suo</strong></span> <span class='ocrx_word' id='word_1_130' title='bbox 3082 631 3204 698; x_wconf 84' lang='lat' dir='ltr'><strong>jure</strong></span> <span class='ocrx_word' id='word_1_131' title='bbox 3248 636 3395 685; x_wconf 70' lang='lat' dir='ltr'><strong>exci-</strong></span> 
     </span>
    </p>
   </div>
   <div class='ocr_carea' id='block_1_21' title="bbox 1845 718 3397 789">
    <p class='ocr_par' dir='ltr' id='par_1_21' title="bbox 1845 718 3397 789">
     <span class='ocr_line' id='line_1_21' title="bbox 1845 718 3397 789; baseline -0.007 -13"><span class='ocrx_word' id='word_1_132' title='bbox 1845 723 1993 776; x_wconf 83' lang='lat' dir='ltr'><strong>dant.</strong></span> <span class='ocrx_word' id='word_1_133' title='bbox 2015 718 2180 789; x_wconf 63' lang='lat'><strong>654</strong></span> <span class='ocrx_word' id='word_1_134' title='bbox 2215 718 2326 771; x_wconf 90' lang='lat' dir='ltr'><strong>Hoc</strong></span> <span class='ocrx_word' id='word_1_135' title='bbox 2353 733 2564 786; x_wconf 90' lang='lat' dir='ltr'><strong>quoque</strong></span> <span class='ocrx_word' id='word_1_136' title='bbox 2588 719 2669 773; x_wconf 89' lang='lat' dir='ltr'><strong>eis</strong></span> <span class='ocrx_word' id='word_1_137' title='bbox 2697 719 2929 784; x_wconf 75' lang='lat' dir='ltr'><strong>eveniet,</strong></span> <span class='ocrx_word' id='word_1_138' title='bbox 2975 721 3064 787; x_wconf 88' lang='lat' dir='ltr'><strong>qui</strong></span> <span class='ocrx_word' id='word_1_139' title='bbox 3114 733 3232 789; x_wconf 90' lang='lat' dir='ltr'><strong>post</strong></span> <span class='ocrx_word' id='word_1_140' title='bbox 3282 738 3397 776; x_wconf 75' lang='lat' dir='ltr'><strong>cm.</strong></span> 
     </span>
    </p>
   </div>
   <div class='ocr_carea' id='block_1_22' title="bbox 1847 797 3398 883">
    <p class='ocr_par' dir='ltr' id='par_1_22' title="bbox 1847 797 3398 883">
     <span class='ocr_line' id='line_1_22' title="bbox 1847 797 3398 883; baseline 0.001 -18"><span class='ocrx_word' id='word_1_141' title='bbox 1847 822 1993 880; x_wconf 92' lang='lat' dir='ltr'><strong>ptum</strong></span> <span class='ocrx_word' id='word_1_142' title='bbox 2020 797 2282 876; x_wconf 74' lang='lat' dir='ltr'><strong>judicium</strong></span> <span class='ocrx_word' id='word_1_143' title='bbox 2317 810 2668 878; x_wconf 77' lang='lat' dir='ltr'><strong>episcopalem</strong></span> <span class='ocrx_word' id='word_1_144' title='bbox 2703 811 3024 866; x_wconf 86' lang='lat' dir='ltr'><strong>sententiam</strong></span> <span class='ocrx_word' id='word_1_145' title='bbox 3071 829 3174 866; x_wconf 86' lang='lat' dir='ltr'><strong>non</strong></span> <span class='ocrx_word' id='word_1_146' title='bbox 3202 807 3398 883; x_wconf 82' lang='lat' dir='ltr'><strong>exspe-</strong></span> 
     </span>
    </p>
   </div>
   <div class='ocr_carea' id='block_1_23' title="bbox 1845 901 3397 971">
    <p class='ocr_par' dir='ltr' id='par_1_23' title="bbox 1845 901 3397 971">
     <span class='ocr_line' id='line_1_23' title="bbox 1845 901 3397 971; baseline -0.001 -14"><span class='ocrx_word' id='word_1_147' title='bbox 1845 902 2134 963; x_wconf 84' lang='lat' dir='ltr'><strong>ctaverint,</strong></span> <span class='ocrx_word' id='word_1_148' title='bbox 2169 901 2261 954; x_wconf 90' lang='lat' dir='ltr'><strong>sed</strong></span> <span class='ocrx_word' id='word_1_149' title='bbox 2293 916 2388 955; x_wconf 88' lang='lat' dir='ltr'><strong>sua</strong></span> <span class='ocrx_word' id='word_1_150' title='bbox 2423 902 2744 956; x_wconf 72' lang='lat' dir='ltr'><strong>auctoritate</strong></span> <span class='ocrx_word' id='word_1_151' title='bbox 2793 903 3059 970; x_wconf 76' lang='lat' dir='ltr'><strong>regionem</strong></span> <span class='ocrx_word' id='word_1_152' title='bbox 3098 906 3397 971; x_wconf 83' lang='lat' dir='ltr'><strong>apprchen-</strong></span> 
     </span>
    </p>
   </div>
   <div class='ocr_carea' id='block_1_24' title="bbox 1845 988 3395 1059">
    <p class='ocr_par' dir='ltr' id='par_1_24' title="bbox 1845 988 3395 1059">
     <span class='ocr_line' id='line_1_24' title="bbox 1845 988 3395 1059; baseline 0.001 -15"><span class='ocrx_word' id='word_1_153' title='bbox 1845 991 2043 1044; x_wconf 87' lang='lat' dir='ltr'><strong>derint.</strong></span> <span class='ocrx_word' id='word_1_154' title='bbox 2073 988 2180 1043; x_wconf 82' lang='lat' dir='ltr'><strong>Nec</strong></span> <span class='ocrx_word' id='word_1_155' title='bbox 2205 991 2347 1058; x_wconf 83' lang='lat' dir='ltr'><strong>quis,</strong></span> <span class='ocrx_word' id='word_1_156' title='bbox 2377 990 2570 1057; x_wconf 89' lang='lat' dir='ltr'><strong>inquit,</strong></span> <span class='ocrx_word' id='word_1_157' title='bbox 2617 991 2718 1045; x_wconf 88' lang='lat' dir='ltr'><strong>sibi</strong></span> <span class='ocrx_word' id='word_1_158' title='bbox 2770 991 2868 1059; x_wconf 85' lang='lat' dir='ltr'><strong>ipsi</strong></span> <span class='ocrx_word' id='word_1_159' title='bbox 2931 992 3253 1058; x_wconf 73' lang='lat' dir='ltr'><strong>blandiatur,</strong></span> <span class='ocrx_word' id='word_1_160' title='bbox 3297 997 3395 1047; x_wconf 84' lang='lat' dir='ltr'><strong>hoe</strong></span> 
     </span>
    </p>
   </div>
   <div class='ocr_carea' id='block_1_25' title="bbox 1845 1077 3395 1151">
    <p class='ocr_par' dir='ltr' id='par_1_25' title="bbox 1845 1077 3395 1151">
     <span class='ocr_line' id='line_1_25' title="bbox 1845 1077 3395 1151; baseline 0.003 -21"><span class='ocrx_word' id='word_1_161' title='bbox 1845 1085 1949 1140; x_wconf 86' lang='lat' dir='ltr'><strong>est,</strong></span> <span class='ocrx_word' id='word_1_162' title='bbox 1984 1078 2217 1144; x_wconf 84' lang='lat' dir='ltr'><strong>seipsum</strong></span> <span class='ocrx_word' id='word_1_163' title='bbox 2242 1077 2495 1145; x_wconf 87' lang='lat' dir='ltr'><strong>decipiat,</strong></span> <span class='ocrx_word' id='word_1_164' title='bbox 2525 1079 2667 1146; x_wconf 90' lang='lat' dir='ltr'><strong>quod</strong></span> <span class='ocrx_word' id='word_1_165' title='bbox 2698 1093 2726 1132; x_wconf 90' lang='lat' dir='ltr'><strong>a</strong></span> <span class='ocrx_word' id='word_1_166' title='bbox 2756 1079 2982 1147; x_wconf 90' lang='lat' dir='ltr'><strong>primate</strong></span> <span class='ocrx_word' id='word_1_167' title='bbox 3009 1096 3101 1135; x_wconf 84' lang='lat' dir='ltr'><strong>seu</strong></span> <span class='ocrx_word' id='word_1_168' title='bbox 3132 1093 3395 1151; x_wconf 82' lang='lat' dir='ltr'><strong>metrOpo-</strong></span> 
     </span>
    </p>
   </div>
   <div class='ocr_carea' id='block_1_26' title="bbox 1845 1165 3397 1237">
    <p class='ocr_par' dir='ltr' id='par_1_26' title="bbox 1845 1165 3397 1237">
     <span class='ocr_line' id='line_1_26' title="bbox 1845 1165 3397 1237; baseline 0.004 -19"><span class='ocrx_word' id='word_1_169' title='bbox 1845 1165 2010 1220; x_wconf 91' lang='lat' dir='ltr'><strong>litano</strong></span> <span class='ocrx_word' id='word_1_170' title='bbox 2039 1166 2246 1220; x_wconf 89' lang='lat' dir='ltr'><strong>litteras</strong></span> <span class='ocrx_word' id='word_1_171' title='bbox 2278 1171 2542 1234; x_wconf 80' lang='lat' dir='ltr'><strong>acceperit</strong></span> <span class='ocrx_word' id='word_1_172' title='bbox 2576 1168 2675 1222; x_wconf 89' lang='lat' dir='ltr'><strong>loci</strong></span> <span class='ocrx_word' id='word_1_173' title='bbox 2716 1170 3103 1237; x_wconf 87' lang='lat' dir='ltr'><strong>possessionem</strong></span> <span class='ocrx_word' id='word_1_174' title='bbox 3128 1173 3176 1226; x_wconf 92' lang='lat' dir='ltr'><strong>ei</strong></span> <span class='ocrx_word' id='word_1_175' title='bbox 3209 1187 3397 1224; x_wconf 77' lang='lat' dir='ltr'><strong>conce-</strong></span> 
     </span>
    </p>
   </div>
   <div class='ocr_carea' id='block_1_27' title="bbox 1846 1255 3395 1325">
    <p class='ocr_par' dir='ltr' id='par_1_27' title="bbox 1846 1255 3395 1325">
     <span class='ocr_line' id='line_1_27' title="bbox 1846 1255 3395 1325; baseline -0.001 -14"><span class='ocrx_word' id='word_1_176' title='bbox 1846 1258 2052 1311; x_wconf 86' lang='lat' dir='ltr'><strong>dentes.</strong></span> <span class='ocrx_word' id='word_1_177' title='bbox 2085 1255 2206 1310; x_wconf 84' lang='lat' dir='ltr'><strong>Sive</strong></span> <span class='ocrx_word' id='word_1_178' title='bbox 2227 1257 2369 1310; x_wconf 89' lang='lat' dir='ltr'><strong>enim</strong></span> <span class='ocrx_word' id='word_1_179' title='bbox 2396 1257 2594 1312; x_wconf 83' lang='lat' dir='ltr'><strong>haheat</strong></span> <span class='ocrx_word' id='word_1_180' title='bbox 2620 1258 2849 1321; x_wconf 85' lang='lat' dir='ltr'><strong>litteras,</strong></span> <span class='ocrx_word' id='word_1_181' title='bbox 2885 1261 2996 1313; x_wconf 86' lang='lat' dir='ltr'><strong>sive</strong></span> <span class='ocrx_word' id='word_1_182' title='bbox 3035 1275 3142 1313; x_wconf 91' lang='lat' dir='ltr'><strong>non</strong></span> <span class='ocrx_word' id='word_1_183' title='bbox 3182 1262 3395 1325; x_wconf 83' lang='lat' dir='ltr'><strong>haheat,</strong></span> 
     </span>
    </p>
   </div>
   <div class='ocr_carea' id='block_1_28' title="bbox 1847 1345 3393 1415">
    <p class='ocr_par' dir='ltr' id='par_1_28' title="bbox 1847 1345 3393 1415">
     <span class='ocr_line' id='line_1_28' title="bbox 1847 1345 3393 1415; baseline 0.001 -17"><span class='ocrx_word' id='word_1_184' title='bbox 1847 1346 1950 1399; x_wconf 86' lang='lat' dir='ltr'><strong>nisi</strong></span> <span class='ocrx_word' id='word_1_185' title='bbox 1983 1345 2122 1414; x_wconf 84' lang='lat' dir='ltr'><strong>ejus,</strong></span> <span class='ocrx_word' id='word_1_186' title='bbox 2169 1346 2258 1413; x_wconf 93' lang='lat' dir='ltr'><strong>qui</strong></span> <span class='ocrx_word' id='word_1_187' title='bbox 2293 1346 2546 1414; x_wconf 89' lang='lat' dir='ltr'><strong>p0pulum</strong></span> <span class='ocrx_word' id='word_1_188' title='bbox 2603 1348 2667 1401; x_wconf 90' lang='lat' dir='ltr'><strong>de</strong></span> <span class='ocrx_word' id='word_1_189' title='bbox 2729 1363 2835 1415; x_wconf 88' lang='lat' dir='ltr'><strong>quo</strong></span> <span class='ocrx_word' id='word_1_190' title='bbox 2892 1359 2972 1402; x_wconf 91' lang='lat' dir='ltr'><strong>est</strong></span> <span class='ocrx_word' id='word_1_191' title='bbox 3031 1351 3393 1403; x_wconf 71' lang='lat' dir='ltr'><strong>controversia</strong></span> 
     </span>
    </p>
   </div>
   <div class='ocr_carea' id='block_1_29' title="bbox 1847 1439 3400 1506">
    <p class='ocr_par' dir='ltr' id='par_1_29' title="bbox 1847 1439 3400 1506">
     <span class='ocr_line' id='line_1_29' title="bbox 1847 1439 3400 1506; baseline -0.001 -13"><span class='ocrx_word' id='word_1_192' title='bbox 1847 1439 2075 1501; x_wconf 87' lang='lat' dir='ltr'><strong>detinet,</strong></span> <span class='ocrx_word' id='word_1_193' title='bbox 2111 1439 2318 1492; x_wconf 89' lang='lat' dir='ltr'><strong>litteras</strong></span> <span class='ocrx_word' id='word_1_194' title='bbox 2343 1439 2627 1506; x_wconf 88' lang='lat' dir='ltr'><strong>acceperit,</strong></span> <span class='ocrx_word' id='word_1_195' title='bbox 2663 1453 2757 1506; x_wconf 91' lang='lat' dir='ltr'><strong>per</strong></span> <span class='ocrx_word' id='word_1_196' title='bbox 2783 1453 2918 1506; x_wconf 88' lang='lat' dir='ltr'><strong>quas</strong></span> <span class='ocrx_word' id='word_1_197' title='bbox 2949 1448 3205 1506; x_wconf 84' lang='lat' dir='ltr'><strong>appareat</strong></span> <span class='ocrx_word' id='word_1_198' title='bbox 3237 1453 3295 1493; x_wconf 88' lang='lat' dir='ltr'><strong>se</strong></span> <span class='ocrx_word' id='word_1_199' title='bbox 3336 1454 3400 1491; x_wconf 67' lang='lat' dir='ltr'><strong>ex</strong></span> 
     </span>
    </p>
   </div>
   <div class='ocr_carea' id='block_1_30' title="bbox 1849 1528 3404 1596">
    <p class='ocr_par' dir='ltr' id='par_1_30' title="bbox 1849 1528 3404 1596">
     <span class='ocr_line' id='line_1_30' title="bbox 1849 1528 3404 1596; baseline -0.003 -13"><span class='ocrx_word' id='word_1_200' title='bbox 1849 1530 1990 1584; x_wconf 91' lang='lat' dir='ltr'><strong>illius</strong></span> <span class='ocrx_word' id='word_1_201' title='bbox 2023 1528 2286 1582; x_wconf 83' lang='lat' dir='ltr'><strong>sententia</strong></span> <span class='ocrx_word' id='word_1_202' title='bbox 2317 1543 2456 1590; x_wconf 87' lang='lat' dir='ltr'><strong>eam,</strong></span> <span class='ocrx_word' id='word_1_203' title='bbox 2482 1544 2598 1595; x_wconf 79' lang='lat' dir='ltr'><strong>qua:</strong></span> <span class='ocrx_word' id='word_1_204' title='bbox 2621 1529 2685 1580; x_wconf 87' lang='lat' dir='ltr'><strong>ad</strong></span> <span class='ocrx_word' id='word_1_205' title='bbox 2717 1528 2890 1592; x_wconf 88' lang='lat' dir='ltr'><strong>ipsum</strong></span> <span class='ocrx_word' id='word_1_206' title='bbox 2925 1528 3182 1595; x_wconf 77' lang='lat' dir='ltr'><strong>pertinet.</strong></span> <span class='ocrx_word' id='word_1_207' title='bbox 3227 1528 3404 1596; x_wconf 77' lang='lat' dir='ltr'><strong>regio-</strong></span> 
     </span>
    </p>
   </div>
   <div class='ocr_carea' id='block_1_31' title="bbox 1847 1620 3401 1690">
    <p class='ocr_par' dir='ltr' id='par_1_31' title="bbox 1847 1620 3401 1690">
     <span class='ocr_line' id='line_1_31' title="bbox 1847 1620 3401 1690; baseline -0.001 -16"><span class='ocrx_word' id='word_1_208' title='bbox 1847 1636 1972 1674; x_wconf 87' lang='lat' dir='ltr'><strong>nem</strong></span> <span class='ocrx_word' id='word_1_209' title='bbox 2013 1621 2234 1690; x_wconf 77' lang='lat' dir='ltr'><strong>paciﬁce</strong></span> <span class='ocrx_word' id='word_1_210' title='bbox 2267 1621 2583 1685; x_wconf 90' lang='lat' dir='ltr'><strong>obtinuisse,</strong></span> <span class='ocrx_word' id='word_1_211' title='bbox 2630 1636 2656 1672; x_wconf 90' lang='lat' dir='ltr'><strong>a</strong></span> <span class='ocrx_word' id='word_1_212' title='bbox 2687 1620 2809 1688; x_wconf 82' lang='lat' dir='ltr'><strong>jure</strong></span> <span class='ocrx_word' id='word_1_213' title='bbox 2862 1635 2962 1674; x_wconf 80' lang='lat' dir='ltr'><strong>suo</strong></span> <span class='ocrx_word' id='word_1_214' title='bbox 3015 1620 3244 1674; x_wconf 86' lang='lat' dir='ltr'><strong>excidet.</strong></span> <span class='ocrx_word' id='word_1_215' title='bbox 3307 1620 3401 1672; x_wconf 89' lang='lat' dir='ltr'><strong>Sin</strong></span> 
     </span>
    </p>
   </div>
   <div class='ocr_carea' id='block_1_32' title="bbox 1840 1707 3400 1780">
    <p class='ocr_par' dir='ltr' id='par_1_32' title="bbox 1840 1707 3400 1780">
     <span class='ocr_line' id='line_1_32' title="bbox 1840 1707 3400 1780; baseline 0.001 -20"><span class='ocrx_word' id='word_1_216' title='bbox 1840 1718 2022 1780; x_wconf 62' lang='lat' dir='ltr'><strong>putem</strong></span> <span class='ocrx_word' id='word_1_217' title='bbox 2050 1723 2174 1762; x_wconf 90' lang='lat' dir='ltr'><strong>reus</strong></span> <span class='ocrx_word' id='word_1_218' title='bbox 2199 1707 2520 1761; x_wconf 74' lang='lat' dir='ltr'><strong>contrariam</strong></span> <span class='ocrx_word' id='word_1_219' title='bbox 2545 1708 2898 1774; x_wconf 69' lang='lat' dir='ltr'><strong>qurestionem</strong></span> <span class='ocrx_word' id='word_1_220' title='bbox 2923 1708 3132 1772; x_wconf 83' lang='lat' dir='ltr'><strong>inferat,</strong></span> <span class='ocrx_word' id='word_1_221' title='bbox 3173 1711 3272 1761; x_wconf 91' lang='lat' dir='ltr'><strong>hoc</strong></span> <span class='ocrx_word' id='word_1_222' title='bbox 3296 1719 3400 1773; x_wconf 90' lang='lat' dir='ltr'><strong>est,</strong></span> 
     </span>
    </p>
   </div>
   <div class='ocr_carea' id='block_1_33' title="bbox 1848 1797 3403 1864">
    <p class='ocr_par' dir='ltr' id='par_1_33' title="bbox 1848 1797 3403 1864">
     <span class='ocr_line' id='line_1_33' title="bbox 1848 1797 3403 1864; baseline -0.001 -15"><span class='ocrx_word' id='word_1_223' title='bbox 1848 1809 1991 1860; x_wconf 90' lang='lat' dir='ltr'><strong>eum,</strong></span> <span class='ocrx_word' id='word_1_224' title='bbox 2026 1799 2120 1864; x_wconf 86' lang='lat' dir='ltr'><strong>qui</strong></span> <span class='ocrx_word' id='word_1_225' title='bbox 2154 1799 2205 1850; x_wconf 95' lang='lat' dir='ltr'><strong>in</strong></span> <span class='ocrx_word' id='word_1_226' title='bbox 2239 1798 2406 1864; x_wconf 88' lang='lat' dir='ltr'><strong>ipsum</strong></span> <span class='ocrx_word' id='word_1_227' title='bbox 2439 1799 2712 1851; x_wconf 83' lang='lat' dir='ltr'><strong>actionem</strong></span> <span class='ocrx_word' id='word_1_228' title='bbox 2773 1799 3018 1862; x_wconf 88' lang='lat' dir='ltr'><strong>intendit,</strong></span> <span class='ocrx_word' id='word_1_229' title='bbox 3061 1797 3403 1852; x_wconf 80' lang='lat' dir='ltr'><strong>reconveniat</strong></span> 
     </span>
    </p>
   </div>
   <div class='ocr_carea' id='block_1_34' title="bbox 183 1855 1737 1957">
    <p class='ocr_par' dir='ltr' id='par_1_34' title="bbox 183 1855 1737 1956">
     <span class='ocr_line' id='line_1_34' title="bbox 183 1855 1737 1956; baseline -0.003 -17"><span class='ocrx_word' id='word_1_230' title='bbox 183 1888 503 1956; x_wconf 81' lang='grc' dir='ltr'>ήύπόθεσις</span> <span class='ocrx_word' id='word_1_231' title='bbox 547 1855 836 1954; x_wconf 40' lang='grc' dir='ltr'>περατωθΙῇ</span> <span class='ocrx_word' id='word_1_232' title='bbox 867 1855 1166 1956; x_wconf 71' lang='grc' dir='ltr'>κρινόντων</span> <span class='ocrx_word' id='word_1_233' title='bbox 1193 1884 1525 1937; x_wconf 82' lang='grc' dir='ltr'>ἐπισκόπων.</span> <span class='ocrx_word' id='word_1_234' title='bbox 1575 1884 1638 1936; x_wconf 78' lang='lat' dir='ltr'><strong>0i</strong></span> <span class='ocrx_word' id='word_1_235' title='bbox 1687 1855 1737 1935; x_wconf 78' lang='grc' dir='ltr'><strong>δέ</strong></span> 
     </span>
    </p>
   </div>
   <div class='ocr_carea' id='block_1_35' title="bbox 1841 1855 3403 1957">
    <p class='ocr_par' dir='ltr' id='par_1_35' title="bbox 1848 1887 3403 1957">
     <span class='ocr_line' id='line_1_35' title="bbox 1848 1887 3403 1957; baseline 0.001 -20"><span class='ocrx_word' id='word_1_236' title='bbox 1848 1897 1946 1938; x_wconf 87' lang='lat' dir='ltr'><strong>seu</strong></span> <span class='ocrx_word' id='word_1_237' title='bbox 1984 1887 2381 1948; x_wconf 87' lang='lat' dir='ltr'><strong>recriminetur,</strong></span> <span class='ocrx_word' id='word_1_238' title='bbox 2437 1896 2494 1941; x_wconf 92' lang='lat' dir='ltr'><strong>ut</strong></span> <span class='ocrx_word' id='word_1_239' title='bbox 2543 1888 2656 1955; x_wconf 85' lang='lat' dir='ltr'><strong>ipsa</strong></span> <span class='ocrx_word' id='word_1_240' title='bbox 2700 1903 2912 1957; x_wconf 85' lang='lat' dir='ltr'><strong>quoque</strong></span> <span class='ocrx_word' id='word_1_241' title='bbox 2971 1903 3132 1942; x_wconf 85' lang='lat' dir='ltr'><strong>causa</strong></span> <span class='ocrx_word' id='word_1_242' title='bbox 3188 1888 3403 1942; x_wconf 82' lang='lat' dir='ltr'><strong>ﬁniatur</strong></span> 
     </span>
    </p>
   </div>
   <div class='ocr_carea' id='block_1_36' title="bbox 184 1972 1738 2046">
    <p class='ocr_par' dir='ltr' id='par_1_36' title="bbox 184 1972 1738 2046">
     <span class='ocr_line' id='line_1_36' title="bbox 184 1972 1738 2046; baseline -0.005 -16"><span class='ocrx_word' id='word_1_243' title='bbox 184 1979 462 2046; x_wconf 70' lang='grc' dir='ltr'>κρίνοντες</span> <span class='ocrx_word' id='word_1_244' title='bbox 492 1975 524 2045; x_wconf 78' lang='grc' dir='ltr'>ἢ</span> <span class='ocrx_word' id='word_1_245' title='bbox 557 1976 706 2045; x_wconf 80' lang='grc' dir='ltr'>παρὰ</span> <span class='ocrx_word' id='word_1_246' title='bbox 752 1975 844 2028; x_wconf 81' lang='grc' dir='ltr'><strong>τοῦ</strong></span> <span class='ocrx_word' id='word_1_247' title='bbox 896 1975 1268 2044; x_wconf 82' lang='grc' dir='ltr'>πρωτεύοντος</span> <span class='ocrx_word' id='word_1_248' title='bbox 1317 1972 1654 2043; x_wconf 81' lang='grc' dir='ltr'>δοθήσονται,</span> <span class='ocrx_word' id='word_1_249' title='bbox 1704 1972 1738 2042; x_wconf 78' lang='grc' dir='ltr'><strong>ἢ</strong></span> 
     </span>
    </p>
   </div>
   <div class='ocr_carea' id='block_1_37' title="bbox 185 2064 1738 2130">
    <p class='ocr_par' dir='ltr' id='par_1_37' title="bbox 185 2064 1738 2130">
     <span class='ocr_line' id='line_1_37' title="bbox 185 2064 1738 2130; baseline -0.003 -11"><span class='ocrx_word' id='word_1_250' title='bbox 185 2069 321 2119; x_wconf 71' lang='grc' dir='ltr'>κατὰ</span> <span class='ocrx_word' id='word_1_251' title='bbox 383 2064 689 2116; x_wconf 84' lang='grc' dir='ltr'>συναίνεσιν</span> <span class='ocrx_word' id='word_1_252' title='bbox 752 2064 859 2116; x_wconf 79' lang='grc' dir='ltr'><strong>τῶν</strong></span> <span class='ocrx_word' id='word_1_253' title='bbox 935 2065 1220 2116; x_wconf 78' lang='grc' dir='ltr'>ἀντιδίκων</span> <span class='ocrx_word' id='word_1_254' title='bbox 1305 2064 1738 2130; x_wconf 85' lang='grc' dir='ltr'>ἐπιλεγήσονται.</span> 
     </span>
    </p>
   </div>
   <div class='ocr_carea' id='block_1_38' title="bbox 194 2153 1743 2226">
    <p class='ocr_par' dir='ltr' id='par_1_38' title="bbox 194 2153 1743 2226">
     <span class='ocr_line' id='line_1_38' title="bbox 194 2153 1743 2226; baseline -0.003 -18"><span class='ocrx_word' id='word_1_255' title='bbox 194 2157 492 2226; x_wconf 84' lang='grc' dir='ltr'>Ἐρωτήσει</span> <span class='ocrx_word' id='word_1_256' title='bbox 522 2155 579 2206; x_wconf 80' lang='grc' dir='ltr'><strong>δέ</strong></span> <span class='ocrx_word' id='word_1_257' title='bbox 610 2171 715 2218; x_wconf 88' lang='grc' dir='ltr'>τις,</span> <span class='ocrx_word' id='word_1_258' title='bbox 754 2155 827 2217; x_wconf 85' lang='grc' dir='ltr'>ὠς</span> <span class='ocrx_word' id='word_1_259' title='bbox 851 2153 1122 2223; x_wconf 75' lang='grc' dir='ltr'>διαφόρων</span> <span class='ocrx_word' id='word_1_260' title='bbox 1169 2154 1406 2207; x_wconf 88' lang='grc' dir='ltr'>κανόνων</span> <span class='ocrx_word' id='word_1_261' title='bbox 1433 2153 1743 2223; x_wconf 77' lang='grc' dir='ltr'>διοριζομέ-</span> 
     </span>
    </p>
   </div>
   <div class='ocr_carea' id='block_1_39' title="bbox 183 2245 1740 2315">
    <p class='ocr_par' dir='ltr' id='par_1_39' title="bbox 183 2245 1740 2315">
     <span class='ocr_line' id='line_1_39' title="bbox 183 2245 1740 2315; baseline -0.002 -16"><span class='ocrx_word' id='word_1_262' title='bbox 183 2265 290 2300; x_wconf 83' lang='grc' dir='ltr'><strong>νων</strong></span> <span class='ocrx_word' id='word_1_263' title='bbox 319 2245 706 2315; x_wconf 78' lang='grc' dir='ltr'>καθαιρεῖσθαι</span> <span class='ocrx_word' id='word_1_264' title='bbox 737 2245 859 2308; x_wconf 83' lang='grc' dir='ltr'>τοὺς</span> <span class='ocrx_word' id='word_1_265' title='bbox 897 2247 956 2297; x_wconf 87' lang='grc' dir='ltr'><strong>ἐν</strong></span> <span class='ocrx_word' id='word_1_266' title='bbox 987 2246 1295 2312; x_wconf 81' lang='grc' dir='ltr'>ἀλλοτρίαις</span> <span class='ocrx_word' id='word_1_267' title='bbox 1345 2245 1575 2314; x_wconf 88' lang='grc' dir='ltr'>ἐνορίαις</span> <span class='ocrx_word' id='word_1_268' title='bbox 1621 2247 1740 2297; x_wconf 77' lang='grc' dir='ltr'>ἐπιο</span> 
     </span>
    </p>
   </div>
   <div class='ocr_carea' id='block_1_40' title="bbox 182 2325 1742 2404">
    <p class='ocr_par' dir='ltr' id='par_1_40' title="bbox 182 2325 1742 2404">
     <span class='ocr_line' id='line_1_40' title="bbox 182 2325 1742 2404; baseline 0 -17"><span class='ocrx_word' id='word_1_269' title='bbox 182 2338 447 2387; x_wconf 76' lang='grc' dir='ltr'>σκοπικόν</span> <span class='ocrx_word' id='word_1_270' title='bbox 475 2352 524 2385; x_wconf 88' lang='grc' dir='ltr'><strong>τι</strong></span> <span class='ocrx_word' id='word_1_271' title='bbox 561 2325 918 2401; x_wconf 75' lang='grc' dir='ltr'>ἐνεργοῦντας</span> <span class='ocrx_word' id='word_1_272' title='bbox 966 2335 1115 2404; x_wconf 86' lang='grc' dir='ltr'>παρὰ</span> <span class='ocrx_word' id='word_1_273' title='bbox 1162 2333 1387 2403; x_wconf 81' lang='grc' dir='ltr'>γνώμην</span> <span class='ocrx_word' id='word_1_274' title='bbox 1440 2336 1548 2387; x_wconf 82' lang='grc' dir='ltr'><strong>τῶν</strong></span> <span class='ocrx_word' id='word_1_275' title='bbox 1609 2352 1742 2388; x_wconf 80' lang='grc' dir='ltr'>κατ-</span> 
     </span>
    </p>
   </div>
   <div class='ocr_carea' id='block_1_41' title="bbox 183 2423 1740 2496">
    <p class='ocr_par' dir='ltr' id='par_1_41' title="bbox 183 2423 1740 2496">
     <span class='ocr_line' id='line_1_41' title="bbox 183 2423 1740 2496; baseline 0.001 -22"><span class='ocrx_word' id='word_1_276' title='bbox 183 2425 412 2490; x_wconf 80' lang='grc' dir='ltr'>εχόντων</span> <span class='ocrx_word' id='word_1_277' title='bbox 429 2425 618 2489; x_wconf 73' lang='grc' dir='ltr'>αὑτάς,</span> <span class='ocrx_word' id='word_1_278' title='bbox 640 2425 755 2487; x_wconf 82' lang='grc' dir='ltr'><strong>πῶς</strong></span> <span class='ocrx_word' id='word_1_279' title='bbox 771 2426 808 2476; x_wconf 76' lang='grc' dir='ltr'><strong>δ</strong></span> <span class='ocrx_word' id='word_1_280' title='bbox 837 2424 1025 2493; x_wconf 85' lang='grc' dir='ltr'>παρὼν</span> <span class='ocrx_word' id='word_1_281' title='bbox 1042 2423 1220 2477; x_wconf 85' lang='grc' dir='ltr'>κανὼν</span> <span class='ocrx_word' id='word_1_282' title='bbox 1247 2427 1339 2477; x_wconf 72' lang='grc' dir='ltr'><strong>ἐπὶ</strong></span> <span class='ocrx_word' id='word_1_283' title='bbox 1362 2425 1496 2496; x_wconf 82' lang='grc' dir='ltr'>μόνῃ</span> <span class='ocrx_word' id='word_1_284' title='bbox 1525 2425 1740 2478; x_wconf 84' lang='grc' dir='ltr'>ἐκπτώ-</span> 
     </span>
    </p>
   </div>
   <div class='ocr_carea' id='block_1_42' title="bbox 183 2513 1738 2584">
    <p class='ocr_par' dir='ltr' id='par_1_42' title="bbox 183 2513 1738 2584">
     <span class='ocr_line' id='line_1_42' title="bbox 183 2513 1738 2584; baseline 0.003 -21"><span class='ocrx_word' id='word_1_285' title='bbox 183 2528 262 2564; x_wconf 89' lang='grc' dir='ltr'><strong>σει</strong></span> <span class='ocrx_word' id='word_1_286' title='bbox 296 2513 393 2564; x_wconf 85' lang='grc' dir='ltr'>τοῦ</span> <span class='ocrx_word' id='word_1_287' title='bbox 424 2514 717 2582; x_wconf 78' lang='grc' dir='ltr'>προσόντος</span> <span class='ocrx_word' id='word_1_288' title='bbox 774 2514 900 2576; x_wconf 75' lang='grc' dir='ltr'>ἴσως</span> <span class='ocrx_word' id='word_1_289' title='bbox 949 2513 1154 2566; x_wconf 84' lang='grc' dir='ltr'>δικαίου</span> <span class='ocrx_word' id='word_1_290' title='bbox 1211 2514 1356 2583; x_wconf 87' lang='grc' dir='ltr'>αύτῷ</span> <span class='ocrx_word' id='word_1_291' title='bbox 1424 2517 1738 2584; x_wconf 84' lang='grc' dir='ltr'>κατακρίνει</span> 
     </span>
    </p>
   </div>
   <div class='ocr_carea' id='block_1_43' title="bbox 177 2601 1736 2670">
    <p class='ocr_par' dir='ltr' id='par_1_43' title="bbox 177 2601 1736 2670">
     <span class='ocr_line' id='line_1_43' title="bbox 177 2601 1736 2670; baseline 0.002 -17"><span class='ocrx_word' id='word_1_292' title='bbox 177 2603 266 2653; x_wconf 81' lang='grc' dir='ltr'>τὸν</span> <span class='ocrx_word' id='word_1_293' title='bbox 293 2601 394 2670; x_wconf 83' lang='grc' dir='ltr'>τὴν</span> <span class='ocrx_word' id='word_1_294' title='bbox 426 2601 615 2668; x_wconf 73' lang='grc' dir='ltr'>ἔφοδον</span> <span class='ocrx_word' id='word_1_295' title='bbox 641 2602 977 2669; x_wconf 74' lang='grc' dir='ltr'>ποιήσαντας</span> <span class='ocrx_word' id='word_1_296' title='bbox 1016 2605 1214 2667; x_wconf 87' lang='grc' dir='ltr'>Λύσις.</span> <span class='ocrx_word' id='word_1_297' title='bbox 1250 2603 1514 2656; x_wconf 82' lang='grc' dir='ltr'>Ἐνταῦθα</span> <span class='ocrx_word' id='word_1_298' title='bbox 1536 2604 1736 2656; x_wconf 72' lang='grc' dir='ltr'>ὑπόθου</span> 
     </span>
    </p>
   </div>
   <div class='ocr_carea' id='block_1_44' title="bbox 178 2692 1734 2761">
    <p class='ocr_par' dir='ltr' id='par_1_44' title="bbox 178 2692 1734 2761">
     <span class='ocr_line' id='line_1_44' title="bbox 178 2692 1734 2761; baseline 0.002 -18"><span class='ocrx_word' id='word_1_299' title='bbox 178 2693 361 2745; x_wconf 78' lang='grc' dir='ltr'>δίκαια</span> <span class='ocrx_word' id='word_1_300' title='bbox 395 2692 544 2760; x_wconf 74' lang='grc' dir='ltr'>ἔχειν</span> <span class='ocrx_word' id='word_1_301' title='bbox 574 2693 786 2761; x_wconf 86' lang='grc' dir='ltr'>ἐνορίας</span> <span class='ocrx_word' id='word_1_302' title='bbox 813 2692 904 2744; x_wconf 65' lang='grc' dir='ltr'><strong>τὸν</strong></span> <span class='ocrx_word' id='word_1_303' title='bbox 936 2693 1376 2760; x_wconf 86' lang='grc' dir='ltr'>αύτονομήσαντα</span> <span class='ocrx_word' id='word_1_304' title='bbox 1416 2694 1734 2756; x_wconf 84' lang='grc' dir='ltr'>ἐπίσκοπον,</span> 
     </span>
    </p>
   </div>
   <div class='ocr_carea' id='block_1_45' title="bbox 179 2780 1738 2851">
    <p class='ocr_par' dir='ltr' id='par_1_45' title="bbox 179 2780 1738 2851">
     <span class='ocr_line' id='line_1_45' title="bbox 179 2780 1738 2851; baseline 0.003 -20"><span class='ocrx_word' id='word_1_305' title='bbox 179 2784 271 2831; x_wconf 77' lang='grc' dir='ltr'>καὶ</span> <span class='ocrx_word' id='word_1_306' title='bbox 302 2780 392 2831; x_wconf 73' lang='grc' dir='ltr'><strong>διὰ</strong></span> <span class='ocrx_word' id='word_1_307' title='bbox 424 2781 580 2832; x_wconf 74' lang='grc' dir='ltr'>τοῦτο</span> <span class='ocrx_word' id='word_1_308' title='bbox 629 2780 944 2848; x_wconf 77' lang='grc' dir='ltr'>καθαιρέσει</span> <span class='ocrx_word' id='word_1_309' title='bbox 1001 2781 1096 2851; x_wconf 80' lang='grc' dir='ltr'>μὲν</span> <span class='ocrx_word' id='word_1_310' title='bbox 1156 2783 1252 2850; x_wconf 82' lang='grc' dir='ltr'>οὐχ</span> <span class='ocrx_word' id='word_1_311' title='bbox 1304 2781 1610 2847; x_wconf 84' lang='grc' dir='ltr'>ὑπόκειται,</span> <span class='ocrx_word' id='word_1_312' title='bbox 1649 2785 1738 2835; x_wconf 80' lang='grc' dir='ltr'>ἐκ-</span> 
     </span>
    </p>
   </div>
   <div class='ocr_carea' id='block_1_46' title="bbox 178 2869 1733 2940">
    <p class='ocr_par' dir='ltr' id='par_1_46' title="bbox 178 2869 1733 2940">
     <span class='ocr_line' id='line_1_46' title="bbox 178 2869 1733 2940; baseline 0.004 -21"><span class='ocrx_word' id='word_1_313' title='bbox 178 2870 369 2920; x_wconf 84' lang='grc' dir='ltr'>πίπτει</span> <span class='ocrx_word' id='word_1_314' title='bbox 397 2869 453 2921; x_wconf 83' lang='grc' dir='ltr'>δὲ</span> <span class='ocrx_word' id='word_1_315' title='bbox 487 2869 580 2921; x_wconf 83' lang='grc' dir='ltr'>τοῦ</span> <span class='ocrx_word' id='word_1_316' title='bbox 617 2871 816 2922; x_wconf 76' lang='grc' dir='ltr'>οἰκείου</span> <span class='ocrx_word' id='word_1_317' title='bbox 840 2871 1070 2924; x_wconf 85' lang='grc' dir='ltr'>δικαίου.</span> <span class='ocrx_word' id='word_1_318' title='bbox 1121 2871 1184 2923; x_wconf 87' lang='lat' dir='ltr'><strong>Ei</strong></span> <span class='ocrx_word' id='word_1_319' title='bbox 1238 2875 1344 2938; x_wconf 78' lang='grc' dir='ltr'>γὰρ</span> <span class='ocrx_word' id='word_1_320' title='bbox 1391 2874 1530 2940; x_wconf 79' lang='grc' dir='ltr'>φανῇ</span> <span class='ocrx_word' id='word_1_321' title='bbox 1597 2874 1733 2940; x_wconf 84' lang='grc' dir='ltr'>μετὰ</span> 
     </span>
    </p>
   </div>
   <div class='ocr_carea' id='block_1_47' title="bbox 177 2955 1738 3030">
    <p class='ocr_par' dir='ltr' id='par_1_47' title="bbox 177 2955 1738 3030">
     <span class='ocr_line' id='line_1_47' title="bbox 177 2955 1738 3030; baseline 0.003 -22"><span class='ocrx_word' id='word_1_322' title='bbox 177 2959 436 3027; x_wconf 77' lang='grc' dir='ltr'>ἀληθείας</span> <span class='ocrx_word' id='word_1_323' title='bbox 469 2955 608 3011; x_wconf 79' lang='grc' dir='ltr'>εἷναι</span> <span class='ocrx_word' id='word_1_324' title='bbox 636 2960 920 3028; x_wconf 80' lang='grc' dir='ltr'>ἀλλοτρίαν</span> <span class='ocrx_word' id='word_1_325' title='bbox 974 2962 1069 3030; x_wconf 82' lang='grc' dir='ltr'>τὴν</span> <span class='ocrx_word' id='word_1_326' title='bbox 1126 2962 1384 3028; x_wconf 80' lang='grc' dir='ltr'>τοιαύτην</span> <span class='ocrx_word' id='word_1_327' title='bbox 1427 2962 1640 3029; x_wconf 72' lang='grc' dir='ltr'>ἐνορίαν</span> <span class='ocrx_word' id='word_1_328' title='bbox 1675 2963 1738 3026; x_wconf 77' lang='grc' dir='ltr'>ἐξ</span> 
     </span>
    </p>
   </div>
   <div class='ocr_carea' id='block_1_48' title="bbox 176 3047 1736 3117">
    <p class='ocr_par' dir='ltr' id='par_1_48' title="bbox 176 3047 1736 3117">
     <span class='ocr_line' id='line_1_48' title="bbox 176 3047 1736 3117; baseline 0.003 -21"><span class='ocrx_word' id='word_1_329' title='bbox 176 3048 454 3115; x_wconf 76' lang='grc' dir='ltr'>ὀχλήσεως</span> <span class='ocrx_word' id='word_1_330' title='bbox 489 3047 583 3099; x_wconf 81' lang='grc' dir='ltr'><strong>τοῦ</strong></span> <span class='ocrx_word' id='word_1_331' title='bbox 608 3048 868 3110; x_wconf 82' lang='grc' dir='ltr'>παθόντος</span> <span class='ocrx_word' id='word_1_332' title='bbox 891 3049 987 3117; x_wconf 85' lang='grc' dir='ltr'>τὴν</span> <span class='ocrx_word' id='word_1_333' title='bbox 1029 3049 1215 3115; x_wconf 76' lang='grc' dir='ltr'>ἔφοδον</span> <span class='ocrx_word' id='word_1_334' title='bbox 1265 3049 1587 3114; x_wconf 82' lang='grc' dir='ltr'>ἐπισκόπου,</span> <span class='ocrx_word' id='word_1_335' title='bbox 1643 3049 1736 3100; x_wconf 75' lang='grc' dir='ltr'>καὶ</span> 
     </span>
    </p>
   </div>
   <div class='ocr_carea' id='block_1_49' title="bbox 1841 1971 3398 2045">
    <p class='ocr_par' dir='ltr' id='par_1_49' title="bbox 1841 1971 3398 2045">
     <span class='ocr_line' id='line_1_49' title="bbox 1841 1971 3398 2045; baseline 0.001 -20"><span class='ocrx_word' id='word_1_336' title='bbox 1841 1971 2207 2038; x_wconf 77' lang='lat' dir='ltr'><strong>iudicantibus</strong></span> <span class='ocrx_word' id='word_1_337' title='bbox 2234 1976 2500 2043; x_wconf 87' lang='lat' dir='ltr'><strong>episcopis</strong></span> <span class='ocrx_word' id='word_1_338' title='bbox 2536 1993 2549 2028; x_wconf 89' lang='lat'><strong>:</strong></span> <span class='ocrx_word' id='word_1_339' title='bbox 2592 1976 2682 2044; x_wconf 84' lang='lat' dir='ltr'><strong>qui</strong></span> <span class='ocrx_word' id='word_1_340' title='bbox 2717 1989 2892 2030; x_wconf 88' lang='lat' dir='ltr'><strong>autem</strong></span> <span class='ocrx_word' id='word_1_341' title='bbox 2934 1976 3198 2045; x_wconf 85' lang='lat' dir='ltr'><strong>jndicant,</strong></span> <span class='ocrx_word' id='word_1_342' title='bbox 3259 1976 3338 2028; x_wconf 88' lang='lat' dir='ltr'><strong>vel</strong></span> <span class='ocrx_word' id='word_1_343' title='bbox 3371 1991 3398 2026; x_wconf 82' lang='lat' dir='ltr'><strong>a</strong></span> 
     </span>
    </p>
   </div>
   <div class='ocr_carea' id='block_1_50' title="bbox 1847 2062 3398 2131">
    <p class='ocr_par' dir='ltr' id='par_1_50' title="bbox 1847 2062 3398 2131">
     <span class='ocr_line' id='line_1_50' title="bbox 1847 2062 3398 2131; baseline 0.003 -19"><span class='ocrx_word' id='word_1_344' title='bbox 1847 2062 2074 2128; x_wconf 87' lang='lat' dir='ltr'><strong>primate</strong></span> <span class='ocrx_word' id='word_1_345' title='bbox 2107 2065 2397 2131; x_wconf 89' lang='lat' dir='ltr'><strong>dabuntur,</strong></span> <span class='ocrx_word' id='word_1_346' title='bbox 2432 2066 2513 2118; x_wconf 88' lang='lat' dir='ltr'><strong>vel</strong></span> <span class='ocrx_word' id='word_1_347' title='bbox 2539 2081 2602 2119; x_wconf 91' lang='lat' dir='ltr'><strong>ex</strong></span> <span class='ocrx_word' id='word_1_348' title='bbox 2649 2081 2913 2121; x_wconf 89' lang='lat' dir='ltr'><strong>consensu</strong></span> <span class='ocrx_word' id='word_1_349' title='bbox 2967 2067 3398 2120; x_wconf 75' lang='lat' dir='ltr'><strong>adversariorum</strong></span> 
     </span>
    </p>
   </div>
   <div class='ocr_carea' id='block_1_51' title="bbox 1846 2151 3397 2225">
    <p class='ocr_par' dir='ltr' id='par_1_51' title="bbox 1846 2151 3397 2225">
     <span class='ocr_line' id='line_1_51' title="bbox 1846 2151 3397 2225; baseline 0.004 -23"><span class='ocrx_word' id='word_1_350' title='bbox 1846 2151 2130 2219; x_wconf 80' lang='lat' dir='ltr'><strong>eligentur.</strong></span> <span class='ocrx_word' id='word_1_351' title='bbox 2204 2153 2620 2222; x_wconf 85' lang='lat' dir='ltr'><strong>Interrogaverit</strong></span> <span class='ocrx_word' id='word_1_352' title='bbox 2685 2169 2863 2210; x_wconf 89' lang='lat' dir='ltr'><strong>autem</strong></span> <span class='ocrx_word' id='word_1_353' title='bbox 2915 2158 3216 2225; x_wconf 87' lang='lat' dir='ltr'><strong>quispiam.</strong></span> <span class='ocrx_word' id='word_1_354' title='bbox 3261 2156 3397 2210; x_wconf 82' lang='lat' dir='ltr'><strong>Cum</strong></span> 
     </span>
    </p>
   </div>
   <div class='ocr_carea' id='block_1_52' title="bbox 1847 2241 3397 2312">
    <p class='ocr_par' dir='ltr' id='par_1_52' title="bbox 1847 2241 3397 2312">
     <span class='ocr_line' id='line_1_52' title="bbox 1847 2241 3397 2312; baseline 0.001 -20"><span class='ocrx_word' id='word_1_355' title='bbox 1847 2241 2041 2293; x_wconf 72' lang='lat' dir='ltr'><strong>diversi</strong></span> <span class='ocrx_word' id='word_1_356' title='bbox 2079 2255 2312 2296; x_wconf 87' lang='lat' dir='ltr'><strong>canones</strong></span> <span class='ocrx_word' id='word_1_357' title='bbox 2342 2241 2603 2296; x_wconf 81' lang='lat' dir='ltr'><strong>deﬁniant</strong></span> <span class='ocrx_word' id='word_1_358' title='bbox 2640 2259 2733 2298; x_wconf 91' lang='lat' dir='ltr'><strong>eos</strong></span> <span class='ocrx_word' id='word_1_359' title='bbox 2781 2248 3142 2312; x_wconf 82' lang='lat' dir='ltr'><strong>deponendos,</strong></span> <span class='ocrx_word' id='word_1_360' title='bbox 3200 2245 3290 2312; x_wconf 90' lang='lat' dir='ltr'><strong>qui</strong></span> <span class='ocrx_word' id='word_1_361' title='bbox 3346 2245 3397 2294; x_wconf 78' lang='lat' dir='ltr'><strong>in</strong></span> 
     </span>
    </p>
   </div>
   <div class='ocr_carea' id='block_1_53' title="bbox 1845 2329 3400 2402">
    <p class='ocr_par' dir='ltr' id='par_1_53' title="bbox 1845 2329 3400 2402">
     <span class='ocr_line' id='line_1_53' title="bbox 1845 2329 3400 2402; baseline 0.001 -21"><span class='ocrx_word' id='word_1_362' title='bbox 1845 2330 2034 2383; x_wconf 89' lang='lat' dir='ltr'><strong>alienis</strong></span> <span class='ocrx_word' id='word_1_363' title='bbox 2065 2329 2388 2386; x_wconf 65' lang='lat' dir='ltr'><strong>dioecesibus</strong></span> <span class='ocrx_word' id='word_1_364' title='bbox 2411 2334 2713 2402; x_wconf 82' lang='lat' dir='ltr'><strong>episcopale</strong></span> <span class='ocrx_word' id='word_1_365' title='bbox 2745 2335 2869 2402; x_wconf 88' lang='lat' dir='ltr'><strong>quid</strong></span> <span class='ocrx_word' id='word_1_366' title='bbox 2898 2343 3171 2397; x_wconf 75' lang='lat' dir='ltr'><strong>exercent,</strong></span> <span class='ocrx_word' id='word_1_367' title='bbox 3206 2345 3400 2401; x_wconf 67' lang='lat' dir='ltr'><strong>praeter</strong></span> 
     </span>
    </p>
   </div>
   <div class='ocr_carea' id='block_1_54' title="bbox 1846 2420 3397 2492">
    <p class='ocr_par' dir='ltr' id='par_1_54' title="bbox 1846 2420 3397 2492">
     <span class='ocr_line' id='line_1_54' title="bbox 1846 2420 3397 2492; baseline 0.004 -22"><span class='ocrx_word' id='word_1_368' title='bbox 1846 2420 2170 2473; x_wconf 84' lang='lat' dir='ltr'><strong>sententiam</strong></span> <span class='ocrx_word' id='word_1_369' title='bbox 2227 2438 2410 2475; x_wconf 85' lang='lat' dir='ltr'><strong>eorum</strong></span> <span class='ocrx_word' id='word_1_370' title='bbox 2453 2425 2518 2476; x_wconf 88' lang='lat' dir='ltr'><strong>ad</strong></span> <span class='ocrx_word' id='word_1_371' title='bbox 2557 2440 2690 2492; x_wconf 87' lang='lat' dir='ltr'><strong>quos</strong></span> <span class='ocrx_word' id='word_1_372' title='bbox 2758 2426 3069 2492; x_wconf 87' lang='lat' dir='ltr'><strong>pertinent;</strong></span> <span class='ocrx_word' id='word_1_373' title='bbox 3130 2425 3397 2492; x_wconf 78' lang='lat' dir='ltr'><strong>quomodo</strong></span> 
     </span>
    </p>
   </div>
   <div class='ocr_carea' id='block_1_55' title="bbox 1844 2513 3400 2582">
    <p class='ocr_par' dir='ltr' id='par_1_55' title="bbox 1844 2513 3400 2582">
     <span class='ocr_line' id='line_1_55' title="bbox 1844 2513 3400 2582; baseline 0.004 -23"><span class='ocrx_word' id='word_1_374' title='bbox 1844 2522 2078 2576; x_wconf 66' lang='lat' dir='ltr'><strong>praesens</strong></span> <span class='ocrx_word' id='word_1_375' title='bbox 2105 2524 2274 2565; x_wconf 88' lang='lat' dir='ltr'><strong>canon</strong></span> <span class='ocrx_word' id='word_1_376' title='bbox 2309 2513 2421 2565; x_wconf 88' lang='lat' dir='ltr'><strong>sola</strong></span> <span class='ocrx_word' id='word_1_377' title='bbox 2455 2515 2613 2578; x_wconf 83' lang='lat' dir='ltr'><strong>juris,</strong></span> <span class='ocrx_word' id='word_1_378' title='bbox 2646 2519 2783 2582; x_wconf 90' lang='lat' dir='ltr'><strong>quod</strong></span> <span class='ocrx_word' id='word_1_379' title='bbox 2818 2515 2956 2567; x_wconf 81' lang='lat' dir='ltr'><strong>forte</strong></span> <span class='ocrx_word' id='word_1_380' title='bbox 2991 2515 3168 2578; x_wconf 72' lang='lat' dir='ltr'><strong>habet,</strong></span> <span class='ocrx_word' id='word_1_381' title='bbox 3223 2516 3400 2581; x_wconf 85' lang='lat' dir='ltr'><strong>priva-</strong></span> 
     </span>
    </p>
   </div>
   <div class='ocr_carea' id='block_1_56' title="bbox 1848 2599 3401 2668">
    <p class='ocr_par' dir='ltr' id='par_1_56' title="bbox 1848 2599 3401 2668">
     <span class='ocr_line' id='line_1_56' title="bbox 1848 2599 3401 2668; baseline 0.005 -20"><span class='ocrx_word' id='word_1_382' title='bbox 1848 2599 1989 2649; x_wconf 88' lang='lat' dir='ltr'><strong>tione</strong></span> <span class='ocrx_word' id='word_1_383' title='bbox 2012 2614 2134 2651; x_wconf 85' lang='lat' dir='ltr'><strong>eum</strong></span> <span class='ocrx_word' id='word_1_384' title='bbox 2177 2601 2518 2664; x_wconf 83' lang='lat' dir='ltr'><strong>condemnat,</strong></span> <span class='ocrx_word' id='word_1_385' title='bbox 2545 2603 2635 2668; x_wconf 91' lang='lat' dir='ltr'><strong>qui</strong></span> <span class='ocrx_word' id='word_1_386' title='bbox 2679 2603 2977 2656; x_wconf 85' lang='lat' dir='ltr'><strong>invaserit?</strong></span> <span class='ocrx_word' id='word_1_387' title='bbox 3017 2602 3236 2656; x_wconf 83' lang='lat' dir='ltr'><strong>Salutio.</strong></span> <span class='ocrx_word' id='word_1_388' title='bbox 3302 2603 3401 2655; x_wconf 87' lang='lat' dir='ltr'><strong>ilic</strong></span> 
     </span>
    </p>
   </div>
   <div class='ocr_carea' id='block_1_57' title="bbox 1843 2689 3403 2761">
    <p class='ocr_par' dir='ltr' id='par_1_57' title="bbox 1843 2689 3403 2761">
     <span class='ocr_line' id='line_1_57' title="bbox 1843 2689 3403 2761; baseline 0.006 -26"><span class='ocrx_word' id='word_1_389' title='bbox 1843 2698 2080 2753; x_wconf 89' lang='lat' dir='ltr'><strong>suppone</strong></span> <span class='ocrx_word' id='word_1_390' title='bbox 2105 2689 2437 2755; x_wconf 87' lang='lat' dir='ltr'><strong>episcopum,</strong></span> <span class='ocrx_word' id='word_1_391' title='bbox 2482 2691 2570 2757; x_wconf 91' lang='lat' dir='ltr'><strong>qui</strong></span> <span class='ocrx_word' id='word_1_392' title='bbox 2617 2691 2717 2745; x_wconf 88' lang='lat' dir='ltr'><strong>sibi</strong></span> <span class='ocrx_word' id='word_1_393' title='bbox 2752 2693 2835 2759; x_wconf 88' lang='lat' dir='ltr'><strong>jus</strong></span> <span class='ocrx_word' id='word_1_394' title='bbox 2866 2692 3020 2755; x_wconf 90' lang='lat' dir='ltr'><strong>dixit,</strong></span> <span class='ocrx_word' id='word_1_395' title='bbox 3061 2693 3151 2761; x_wconf 85' lang='lat' dir='ltr'><strong>jus</strong></span> <span class='ocrx_word' id='word_1_396' title='bbox 3208 2694 3403 2746; x_wconf 84' lang='lat' dir='ltr'><strong>habere</strong></span> 
     </span>
    </p>
   </div>
   <div class='ocr_carea' id='block_1_58' title="bbox 1845 2773 3404 2848">
    <p class='ocr_par' dir='ltr' id='par_1_58' title="bbox 1845 2773 3404 2848">
     <span class='ocr_line' id='line_1_58' title="bbox 1845 2773 3404 2848; baseline 0.004 -23"><span class='ocrx_word' id='word_1_397' title='bbox 1845 2773 2092 2828; x_wconf 65' lang='lat' dir='ltr'><strong>diaecesis</strong></span> <span class='ocrx_word' id='word_1_398' title='bbox 2121 2794 2134 2828; x_wconf 94' lang='lat'><strong>:</strong></span> <span class='ocrx_word' id='word_1_399' title='bbox 2161 2787 2212 2829; x_wconf 91' lang='lat' dir='ltr'><strong>et</strong></span> <span class='ocrx_word' id='word_1_400' title='bbox 2243 2789 2518 2845; x_wconf 87' lang='lat' dir='ltr'><strong>propterea</strong></span> <span class='ocrx_word' id='word_1_401' title='bbox 2548 2782 2866 2848; x_wconf 88' lang='lat' dir='ltr'><strong>depositioni</strong></span> <span class='ocrx_word' id='word_1_402' title='bbox 2898 2781 3110 2848; x_wconf 87' lang='lat' dir='ltr'><strong>quidem</strong></span> <span class='ocrx_word' id='word_1_403' title='bbox 3144 2796 3246 2834; x_wconf 90' lang='lat' dir='ltr'><strong>non</strong></span> <span class='ocrx_word' id='word_1_404' title='bbox 3276 2782 3404 2833; x_wconf 84' lang='lat' dir='ltr'><strong>sub-</strong></span> 
     </span>
    </p>
   </div>
   <div class='ocr_carea' id='block_1_59' title="bbox 1838 2860 3402 2941">
    <p class='ocr_par' dir='ltr' id='par_1_59' title="bbox 1838 2860 3402 2941">
     <span class='ocr_line' id='line_1_59' title="bbox 1838 2860 3402 2941; baseline 0.004 -26"><span class='ocrx_word' id='word_1_405' title='bbox 1838 2860 2040 2930; x_wconf 86' lang='lat' dir='ltr'><strong>jicitur,</strong></span> <span class='ocrx_word' id='word_1_406' title='bbox 2064 2865 2156 2918; x_wconf 90' lang='lat' dir='ltr'><strong>sed</strong></span> <span class='ocrx_word' id='word_1_407' title='bbox 2180 2870 2395 2936; x_wconf 91' lang='lat' dir='ltr'><strong>proprio</strong></span> <span class='ocrx_word' id='word_1_408' title='bbox 2410 2870 2530 2937; x_wconf 89' lang='lat' dir='ltr'><strong>jure</strong></span> <span class='ocrx_word' id='word_1_409' title='bbox 2551 2872 2771 2924; x_wconf 84' lang='lat' dir='ltr'><strong>excidit.</strong></span> <span class='ocrx_word' id='word_1_410' title='bbox 2795 2869 2852 2924; x_wconf 83' lang='lat' dir='ltr'><strong>Si</strong></span> <span class='ocrx_word' id='word_1_411' title='bbox 2869 2871 3008 2924; x_wconf 90' lang='lat' dir='ltr'><strong>enim</strong></span> <span class='ocrx_word' id='word_1_412' title='bbox 3029 2885 3214 2925; x_wconf 74' lang='lat' dir='ltr'><strong>revera</strong></span> <span class='ocrx_word' id='word_1_413' title='bbox 3240 2888 3402 2941; x_wconf 71' lang='lat' dir='ltr'><strong>appu-</strong></span> 
     </span>
    </p>
   </div>
   <div class='ocr_carea' id='block_1_60' title="bbox 1845 2954 3398 3029">
    <p class='ocr_par' dir='ltr' id='par_1_60' title="bbox 1845 2954 3398 3029">
     <span class='ocr_line' id='line_1_60' title="bbox 1845 2954 3398 3029; baseline 0.004 -24"><span class='ocrx_word' id='word_1_414' title='bbox 1845 2954 2016 3007; x_wconf 90' lang='lat' dir='ltr'><strong>ruerit</strong></span> <span class='ocrx_word' id='word_1_415' title='bbox 2043 2955 2270 3009; x_wconf 85' lang='lat' dir='ltr'><strong>alienam</strong></span> <span class='ocrx_word' id='word_1_416' title='bbox 2295 2973 2414 3012; x_wconf 91' lang='lat' dir='ltr'><strong>esse</strong></span> <span class='ocrx_word' id='word_1_417' title='bbox 2434 2959 2712 3026; x_wconf 70' lang='lat' dir='ltr'><strong>ditecesin,</strong></span> <span class='ocrx_word' id='word_1_418' title='bbox 2741 2976 2806 3015; x_wconf 89' lang='lat' dir='ltr'><strong>ex</strong></span> <span class='ocrx_word' id='word_1_419' title='bbox 2829 2962 3110 3015; x_wconf 79' lang='lat' dir='ltr'><strong>vexatione</strong></span> <span class='ocrx_word' id='word_1_420' title='bbox 3140 2962 3398 3029; x_wconf 76' lang='lat' dir='ltr'><strong>episcopi,</strong></span> 
     </span>
    </p>
   </div>
   <div class='ocr_carea' id='block_1_61' title="bbox 1844 3043 3395 3119">
    <p class='ocr_par' dir='ltr' id='par_1_61' title="bbox 1844 3043 3395 3119">
     <span class='ocr_line' id='line_1_61' title="bbox 1844 3043 3395 3119; baseline 0.005 -25"><span class='ocrx_word' id='word_1_421' title='bbox 1844 3043 1933 3110; x_wconf 93' lang='lat' dir='ltr'><strong>qui</strong></span> <span class='ocrx_word' id='word_1_422' title='bbox 1962 3044 2250 3097; x_wconf 85' lang='lat' dir='ltr'><strong>violentam</strong></span> <span class='ocrx_word' id='word_1_423' title='bbox 2281 3049 2607 3101; x_wconf 88' lang='lat' dir='ltr'><strong>invasionem</strong></span> <span class='ocrx_word' id='word_1_424' title='bbox 2635 3064 2826 3118; x_wconf 88' lang='lat' dir='ltr'><strong>passus</strong></span> <span class='ocrx_word' id='word_1_425' title='bbox 2849 3057 2952 3112; x_wconf 88' lang='lat' dir='ltr'><strong>est,</strong></span> <span class='ocrx_word' id='word_1_426' title='bbox 2982 3052 3281 3118; x_wconf 85' lang='lat' dir='ltr'><strong>deponetur</strong></span> <span class='ocrx_word' id='word_1_427' title='bbox 3307 3053 3395 3119; x_wconf 86' lang='lat' dir='ltr'><strong>qni</strong></span> 
     </span>
    </p>
   </div>
   <div class='ocr_carea' id='block_1_62' title="bbox 179 3132 1737 3242">
    <p class='ocr_par' dir='ltr' id='par_1_62' title="bbox 179 3139 1733 3210">
     <span class='ocr_line' id='line_1_62' title="bbox 179 3139 1733 3210; baseline 0.003 -22"><span class='ocrx_word' id='word_1_428' title='bbox 179 3139 690 3207; x_wconf 84' lang='grc' dir='ltr'>καθαιρεθήσεταιό</span> <span class='ocrx_word' id='word_1_429' title='bbox 743 3140 1074 3205; x_wconf 79' lang='grc' dir='ltr'>ἀτακτήσας.</span> <span class='ocrx_word' id='word_1_430' title='bbox 1137 3140 1259 3192; x_wconf 87' lang='grc' dir='ltr'><strong>Ἔτι</strong></span> <span class='ocrx_word' id='word_1_431' title='bbox 1306 3141 1569 3210; x_wconf 77' lang='grc' dir='ltr'>ἐρωτήσει</span> <span class='ocrx_word' id='word_1_432' title='bbox 1629 3157 1733 3204; x_wconf 89' lang='grc' dir='ltr'>τις,</span> 
     </span>
    </p>
   </div>
   <div class='ocr_carea' id='block_1_63' title="bbox 1841 3132 3403 3242">
    <p class='ocr_par' dir='ltr' id='par_1_63' title="bbox 1843 3132 3403 3209">
     <span class='ocr_line' id='line_1_63' title="bbox 1843 3132 3403 3209; baseline 0.002 -23"><span class='ocrx_word' id='word_1_433' title='bbox 1843 3145 1902 3186; x_wconf 84' lang='lat' dir='ltr'><strong>se</strong></span> <span class='ocrx_word' id='word_1_434' title='bbox 1932 3132 2228 3188; x_wconf 85' lang='lat' dir='ltr'><strong>insolenter</strong></span> <span class='ocrx_word' id='word_1_435' title='bbox 2259 3143 2314 3188; x_wconf 91' lang='lat' dir='ltr'><strong>et</strong></span> <span class='ocrx_word' id='word_1_436' title='bbox 2334 3140 2561 3203; x_wconf 84' lang='lat' dir='ltr'><strong>superbe</strong></span> <span class='ocrx_word' id='word_1_437' title='bbox 2586 3140 2779 3207; x_wconf 79' lang='lat' dir='ltr'><strong>gessit.</strong></span> <span class='ocrx_word' id='word_1_438' title='bbox 2811 3141 3076 3192; x_wconf 66' lang='lat' dir='ltr'><strong>l’rtcterea</strong></span> <span class='ocrx_word' id='word_1_439' title='bbox 3104 3141 3403 3209; x_wconf 78' lang='lat' dir='ltr'><strong>interroga-</strong></span> 
     </span>
    </p>
   </div>
   <div class='ocr_carea' id='block_1_64' title="bbox 174 3226 1740 3298">
    <p class='ocr_par' dir='ltr' id='par_1_64' title="bbox 174 3226 1740 3298">
     <span class='ocr_line' id='line_1_64' title="bbox 174 3226 1740 3298; baseline 0.004 -22"><span class='ocrx_word' id='word_1_440' title='bbox 174 3226 246 3287; x_wconf 81' lang='grc' dir='ltr'>ὡς</span> <span class='ocrx_word' id='word_1_441' title='bbox 276 3226 373 3278; x_wconf 87' lang='grc' dir='ltr'>τοῦ</span> <span class='ocrx_word' id='word_1_442' title='bbox 423 3227 785 3298; x_wconf 75' lang='grc' dir='ltr'>πεποιηκότος</span> <span class='ocrx_word' id='word_1_443' title='bbox 833 3229 928 3297; x_wconf 81' lang='grc' dir='ltr'>τὴν</span> <span class='ocrx_word' id='word_1_444' title='bbox 977 3228 1162 3296; x_wconf 75' lang='grc' dir='ltr'>ἔφοδον</span> <span class='ocrx_word' id='word_1_445' title='bbox 1217 3231 1517 3282; x_wconf 78' lang='grc' dir='ltr'>ἐπισκόπου</span> <span class='ocrx_word' id='word_1_446' title='bbox 1565 3230 1740 3292; x_wconf 78' lang='grc' dir='ltr'>οὕτως</span> 
     </span>
    </p>
   </div>
   <div class='ocr_carea' id='block_1_65' title="bbox 183 3317 1738 3378">
    <p class='ocr_par' dir='ltr' id='par_1_65' title="bbox 183 3317 1738 3378">
     <span class='ocr_line' id='line_1_65' title="bbox 183 3317 1738 3378; baseline 0.005 -13"><span class='ocrx_word' id='word_1_447' title='bbox 183 3317 510 3378; x_wconf 73' lang='grc' dir='ltr'>ἔκπεσόντος</span> <span class='ocrx_word' id='word_1_448' title='bbox 539 3318 631 3368; x_wconf 73' lang='grc' dir='ltr'>τοῦ</span> <span class='ocrx_word' id='word_1_449' title='bbox 664 3317 1019 3369; x_wconf 82' lang='grc' dir='ltr'>ἐπισκοπικοῦ</span> <span class='ocrx_word' id='word_1_450' title='bbox 1066 3319 1274 3371; x_wconf 85' lang='grc' dir='ltr'>δικαίου</span> <span class='ocrx_word' id='word_1_451' title='bbox 1304 3320 1470 3372; x_wconf 80' lang='grc' dir='ltr'>αὐτοῦ</span> <span class='ocrx_word' id='word_1_452' title='bbox 1525 3319 1738 3377; x_wconf 75' lang='grc' dir='ltr'>ἐνδυνα-</span> 
     </span>
    </p>
   </div>
   <div class='ocr_carea' id='block_1_66' title="bbox 180 3397 1740 3477">
    <p class='ocr_par' dir='ltr' id='par_1_66' title="bbox 180 3397 1740 3477">
     <span class='ocr_line' id='line_1_66' title="bbox 180 3397 1740 3477; baseline 0.003 -21"><span class='ocrx_word' id='word_1_453' title='bbox 180 3422 295 3471; x_wconf 73' lang='grc' dir='ltr'><strong>μως</strong></span> <span class='ocrx_word' id='word_1_454' title='bbox 323 3405 399 3465; x_wconf 86' lang='grc' dir='ltr'><strong>ὡς</strong></span> <span class='ocrx_word' id='word_1_455' title='bbox 424 3407 518 3457; x_wconf 76' lang='grc' dir='ltr'><strong>ἐπὶ</strong></span> <span class='ocrx_word' id='word_1_456' title='bbox 556 3407 734 3475; x_wconf 79' lang='grc' dir='ltr'>οἰκείᾳ</span> <span class='ocrx_word' id='word_1_457' title='bbox 765 3407 946 3474; x_wconf 73' lang='grc' dir='ltr'>ἐνορίᾳ</span> <span class='ocrx_word' id='word_1_458' title='bbox 984 3397 1366 3459; x_wconf 70' lang='grc' dir='ltr'>ἐπισκοπεύσει</span> <span class='ocrx_word' id='word_1_459' title='bbox 1415 3410 1442 3459; x_wconf 88' lang='grc' dir='ltr'>ὁ</span> <span class='ocrx_word' id='word_1_460' title='bbox 1493 3410 1740 3477; x_wconf 82' lang='grc' dir='ltr'>κατέχων</span> 
     </span>
    </p>
   </div>
   <div class='ocr_carea' id='block_1_67' title="bbox 177 3497 1739 3568">
    <p class='ocr_par' dir='ltr' id='par_1_67' title="bbox 177 3497 1739 3568">
     <span class='ocr_line' id='line_1_67' title="bbox 177 3497 1739 3568; baseline 0.003 -22"><span class='ocrx_word' id='word_1_461' title='bbox 177 3497 367 3565; x_wconf 77' lang='grc' dir='ltr'>αὐτὴν,</span> <span class='ocrx_word' id='word_1_462' title='bbox 408 3497 441 3547; x_wconf 73' lang='lat' dir='ltr'><strong>il</strong></span> <span class='ocrx_word' id='word_1_463' title='bbox 482 3499 946 3566; x_wconf 82' lang='grc' dir='ltr'>τιμωρηθήσεται,</span> <span class='ocrx_word' id='word_1_464' title='bbox 975 3498 1049 3560; x_wconf 83' lang='grc' dir='ltr'>ὡς</span> <span class='ocrx_word' id='word_1_465' title='bbox 1098 3499 1154 3550; x_wconf 86' lang='grc' dir='ltr'><strong>ἐν</strong></span> <span class='ocrx_word' id='word_1_466' title='bbox 1205 3499 1402 3566; x_wconf 81' lang='grc' dir='ltr'>είδήσει</span> <span class='ocrx_word' id='word_1_467' title='bbox 1456 3499 1739 3568; x_wconf 81' lang='grc' dir='ltr'>ἀλλοτρίαν</span> 
     </span>
    </p>
   </div>
   <div class='ocr_carea' id='block_1_68' title="bbox 175 3587 1734 3658">
    <p class='ocr_par' dir='ltr' id='par_1_68' title="bbox 175 3587 1734 3658">
     <span class='ocr_line' id='line_1_68' title="bbox 175 3587 1734 3658; baseline 0.004 -22"><span class='ocrx_word' id='word_1_468' title='bbox 175 3587 392 3654; x_wconf 77' lang='grc' dir='ltr'>ἐνορίαν</span> <span class='ocrx_word' id='word_1_469' title='bbox 422 3587 671 3652; x_wconf 74' lang='grc' dir='ltr'>κατέχων</span> <span class='ocrx_word' id='word_1_470' title='bbox 702 3590 794 3638; x_wconf 80' lang='grc' dir='ltr'><strong>καὶ</strong></span> <span class='ocrx_word' id='word_1_471' title='bbox 842 3589 1134 3656; x_wconf 85' lang='grc' dir='ltr'>ίερουργῶν</span> <span class='ocrx_word' id='word_1_472' title='bbox 1193 3590 1250 3640; x_wconf 84' lang='grc' dir='ltr'><strong>ἐν</strong></span> <span class='ocrx_word' id='word_1_473' title='bbox 1293 3590 1466 3658; x_wconf 73' lang='grc' dir='ltr'>αὐτῇς</span> <span class='ocrx_word' id='word_1_474' title='bbox 1522 3592 1734 3656; x_wconf 86' lang='grc' dir='ltr'>Λύσις.</span> 
     </span>
    </p>
   </div>
   <div class='ocr_carea' id='block_1_69' title="bbox 177 3676 1739 3746">
    <p class='ocr_par' dir='ltr' id='par_1_69' title="bbox 177 3676 1739 3746">
     <span class='ocr_line' id='line_1_69' title="bbox 177 3676 1739 3746; baseline 0.003 -20"><span class='ocrx_word' id='word_1_475' title='bbox 177 3676 368 3743; x_wconf 78' lang='grc' dir='ltr'>Νόμος</span> <span class='ocrx_word' id='word_1_476' title='bbox 404 3677 521 3727; x_wconf 80' lang='grc' dir='ltr'>ἐστὶ</span> <span class='ocrx_word' id='word_1_477' title='bbox 589 3676 786 3742; x_wconf 83' lang='grc' dir='ltr'>λέγων,</span> <span class='ocrx_word' id='word_1_478' title='bbox 835 3677 1159 3738; x_wconf 83' lang='grc' dir='ltr'>Κελεύοντος</span> <span class='ocrx_word' id='word_1_479' title='bbox 1213 3679 1464 3746; x_wconf 73' lang='grc' dir='ltr'>ἄρχοντος</span> <span class='ocrx_word' id='word_1_480' title='bbox 1515 3678 1739 3741; x_wconf 81' lang='grc' dir='ltr'>δικαίως</span> 
     </span>
    </p>
   </div>
   <div class='ocr_carea' id='block_1_70' title="bbox 174 3765 1737 3834">
    <p class='ocr_par' dir='ltr' id='par_1_70' title="bbox 174 3765 1737 3834">
     <span class='ocr_line' id='line_1_70' title="bbox 174 3765 1737 3834; baseline 0.002 -19"><span class='ocrx_word' id='word_1_481' title='bbox 174 3768 480 3833; x_wconf 82' lang='grc' dir='ltr'>νεμόμεθα,</span> <span class='ocrx_word' id='word_1_482' title='bbox 503 3768 600 3818; x_wconf 74' lang='grc' dir='ltr'><strong>καὶ</strong></span> <span class='ocrx_word' id='word_1_483' title='bbox 639 3765 761 3817; x_wconf 75' lang='grc' dir='ltr'>ἐπεὶ</span> <span class='ocrx_word' id='word_1_484' title='bbox 799 3767 826 3817; x_wconf 87' lang='grc' dir='ltr'><strong>ό</strong></span> <span class='ocrx_word' id='word_1_485' title='bbox 862 3765 1051 3817; x_wconf 86' lang='grc' dir='ltr'>παθὼν</span> <span class='ocrx_word' id='word_1_486' title='bbox 1095 3767 1192 3834; x_wconf 78' lang='grc' dir='ltr'>τὴν</span> <span class='ocrx_word' id='word_1_487' title='bbox 1225 3766 1409 3834; x_wconf 75' lang='grc' dir='ltr'>ἔφοδον</span> <span class='ocrx_word' id='word_1_488' title='bbox 1444 3767 1737 3829; x_wconf 83' lang='grc' dir='ltr'>ἐπίσκοπος</span> 
     </span>
    </p>
   </div>
   <div class='ocr_carea' id='block_1_71' title="bbox 175 3850 1738 3924">
    <p class='ocr_par' dir='ltr' id='par_1_71' title="bbox 175 3850 1738 3924">
     <span class='ocr_line' id='line_1_71' title="bbox 175 3850 1738 3924; baseline 0.001 -17"><span class='ocrx_word' id='word_1_489' title='bbox 175 3856 280 3908; x_wconf 80' lang='grc' dir='ltr'><strong>ἀπὸ</strong></span> <span class='ocrx_word' id='word_1_490' title='bbox 304 3855 400 3908; x_wconf 81' lang='grc' dir='ltr'>τοῦ</span> <span class='ocrx_word' id='word_1_491' title='bbox 423 3856 645 3918; x_wconf 70' lang='grc' dir='ltr'>κανόνος</span> <span class='ocrx_word' id='word_1_492' title='bbox 677 3855 1042 3918; x_wconf 79' lang='grc' dir='ltr'>δεδικαίωται,</span> <span class='ocrx_word' id='word_1_493' title='bbox 1078 3857 1153 3918; x_wconf 83' lang='grc' dir='ltr'>ὡς</span> <span class='ocrx_word' id='word_1_494' title='bbox 1207 3856 1299 3907; x_wconf 75' lang='grc' dir='ltr'>τοῦ</span> <span class='ocrx_word' id='word_1_495' title='bbox 1334 3850 1738 3924; x_wconf 76' lang='grc' dir='ltr'>ἁτακτήσαντος</span> 
     </span>
    </p>
   </div>
   <div class='ocr_carea' id='block_1_72' title="bbox 173 3946 1735 4017">
    <p class='ocr_par' dir='ltr' id='par_1_72' title="bbox 173 3946 1735 4017">
     <span class='ocr_line' id='line_1_72' title="bbox 173 3946 1735 4017; baseline -0.001 -19"><span class='ocrx_word' id='word_1_496' title='bbox 173 3948 517 4013; x_wconf 84' lang='grc' dir='ltr'>λογισθέντος</span> <span class='ocrx_word' id='word_1_497' title='bbox 555 3949 818 4014; x_wconf 85' lang='grc' dir='ltr'>μηδέποτε</span> <span class='ocrx_word' id='word_1_498' title='bbox 848 3952 995 4016; x_wconf 75' lang='grc' dir='ltr'>σχεῖν</span> <span class='ocrx_word' id='word_1_499' title='bbox 1031 3946 1240 4000; x_wconf 90' lang='grc' dir='ltr'>δίκαιον</span> <span class='ocrx_word' id='word_1_500' title='bbox 1275 3949 1351 4010; x_wconf 87' lang='grc' dir='ltr'><strong>εἰς</strong></span> <span class='ocrx_word' id='word_1_501' title='bbox 1369 3947 1468 4017; x_wconf 73' lang='grc' dir='ltr'>τὴν</span> <span class='ocrx_word' id='word_1_502' title='bbox 1498 3948 1735 4013; x_wconf 86' lang='grc' dir='ltr'>ἐνορίαν,</span> 
     </span>
    </p>
   </div>
   <div class='ocr_carea' id='block_1_73' title="bbox 176 4038 1735 4106">
    <p class='ocr_par' dir='ltr' id='par_1_73' title="bbox 176 4038 1735 4106">
     <span class='ocr_line' id='line_1_73' title="bbox 176 4038 1735 4106; baseline 0.003 -20"><span class='ocrx_word' id='word_1_503' title='bbox 176 4038 669 4106; x_wconf 78' lang='grc' dir='ltr'>άποκριματίστως</span> <span class='ocrx_word' id='word_1_504' title='bbox 701 4039 986 4106; x_wconf 84' lang='grc' dir='ltr'>ἐνεργήσει</span> <span class='ocrx_word' id='word_1_505' title='bbox 1043 4039 1375 4090; x_wconf 80' lang='grc' dir='ltr'>ἐπισκοπικὰ</span> <span class='ocrx_word' id='word_1_506' title='bbox 1423 4038 1608 4091; x_wconf 90' lang='grc' dir='ltr'>δίκαια</span> <span class='ocrx_word' id='word_1_507' title='bbox 1654 4039 1735 4101; x_wconf 83' lang='grc' dir='ltr'><strong>είς</strong></span> 
     </span>
    </p>
   </div>
   <div class='ocr_carea' id='block_1_74' title="bbox 179 4125 1731 4198">
    <p class='ocr_par' dir='ltr' id='par_1_74' title="bbox 179 4125 1731 4198">
     <span class='ocr_line' id='line_1_74' title="bbox 179 4125 1731 4198; baseline -0.001 -18"><span class='ocrx_word' id='word_1_508' title='bbox 179 4130 241 4198; x_wconf 66' lang='grc' dir='ltr'>ἢν</span> <span class='ocrx_word' id='word_1_509' title='bbox 277 4130 502 4193; x_wconf 86' lang='grc' dir='ltr'>κατέχει</span> <span class='ocrx_word' id='word_1_510' title='bbox 533 4128 764 4195; x_wconf 83' lang='grc' dir='ltr'>ἐνορίαν,</span> <span class='ocrx_word' id='word_1_511' title='bbox 795 4129 897 4180; x_wconf 80' lang='grc' dir='ltr'>κᾶν</span> <span class='ocrx_word' id='word_1_512' title='bbox 928 4125 996 4197; x_wconf 77' lang='grc' dir='ltr'>ἦν</span> <span class='ocrx_word' id='word_1_513' title='bbox 1023 4145 1151 4180; x_wconf 77' lang='grc' dir='ltr'>ποτε</span> <span class='ocrx_word' id='word_1_514' title='bbox 1195 4127 1466 4197; x_wconf 82' lang='grc' dir='ltr'>ἀλλοτρία.</span> <span class='ocrx_word' id='word_1_515' title='bbox 1498 4126 1561 4178; x_wconf 87' lang='grc' dir='ltr'>Τί</span> <span class='ocrx_word' id='word_1_516' title='bbox 1593 4126 1731 4193; x_wconf 80' lang='grc' dir='ltr'>δέ,’ή</span> 
     </span>
    </p>
   </div>
   <div class='ocr_carea' id='block_1_75' title="bbox 176 4214 1732 4282">
    <p class='ocr_par' dir='ltr' id='par_1_75' title="bbox 176 4214 1732 4282">
     <span class='ocr_line' id='line_1_75' title="bbox 176 4214 1732 4282; baseline -0.002 -15"><span class='ocrx_word' id='word_1_517' title='bbox 176 4217 375 4278; x_wconf 66' lang='grc' dir='ltr'>ἀταξία</span> <span class='ocrx_word' id='word_1_518' title='bbox 417 4216 512 4266; x_wconf 75' lang='grc' dir='ltr'>καὶ</span> <span class='ocrx_word' id='word_1_519' title='bbox 557 4215 742 4281; x_wconf 74' lang='grc' dir='ltr'>ἔφοδος</span> <span class='ocrx_word' id='word_1_520' title='bbox 799 4214 892 4266; x_wconf 81' lang='grc' dir='ltr'>τοῦ</span> <span class='ocrx_word' id='word_1_521' title='bbox 954 4214 1376 4282; x_wconf 79' lang='grc' dir='ltr'>κατακριθέντος</span> <span class='ocrx_word' id='word_1_522' title='bbox 1431 4214 1732 4264; x_wconf 84' lang='grc' dir='ltr'>ἐπισκόπου</span> 
     </span>
    </p>
   </div>
   <div class='ocr_carea' id='block_1_76' title="bbox 175 4302 1732 4374">
    <p class='ocr_par' dir='ltr' id='par_1_76' title="bbox 175 4302 1732 4374">
     <span class='ocr_line' id='line_1_76' title="bbox 175 4302 1732 4374; baseline -0.003 -18"><span class='ocrx_word' id='word_1_523' title='bbox 175 4307 498 4374; x_wconf 82' lang='grc' dir='ltr'>λυμανεῖται</span> <span class='ocrx_word' id='word_1_524' title='bbox 519 4305 588 4355; x_wconf 75' lang='grc' dir='ltr'><strong>τὰ</strong></span> <span class='ocrx_word' id='word_1_525' title='bbox 624 4303 806 4355; x_wconf 86' lang='grc' dir='ltr'>δίκαια</span> <span class='ocrx_word' id='word_1_526' title='bbox 829 4303 929 4371; x_wconf 78' lang='grc' dir='ltr'>τῆς</span> <span class='ocrx_word' id='word_1_527' title='bbox 982 4303 1298 4370; x_wconf 81' lang='grc' dir='ltr'>ἐκκλησίας,</span> <span class='ocrx_word' id='word_1_528' title='bbox 1347 4303 1439 4353; x_wconf 82' lang='grc' dir='ltr'>καὶ</span> <span class='ocrx_word' id='word_1_529' title='bbox 1476 4302 1732 4353; x_wconf 79' lang='grc' dir='ltr'>ἀποκλει-</span> 
     </span>
    </p>
   </div>
   <div class='ocr_carea' id='block_1_77' title="bbox 178 4390 1734 4464">
    <p class='ocr_par' dir='ltr' id='par_1_77' title="bbox 178 4390 1734 4464">
     <span class='ocr_line' id='line_1_77' title="bbox 178 4390 1734 4464; baseline -0.004 -18"><span class='ocrx_word' id='word_1_530' title='bbox 178 4397 438 4464; x_wconf 78' lang='grc' dir='ltr'>σθήσεται</span> <span class='ocrx_word' id='word_1_531' title='bbox 461 4396 487 4445; x_wconf 89' lang='grc' dir='ltr'><strong>ό</strong></span> <span class='ocrx_word' id='word_1_532' title='bbox 518 4393 658 4460; x_wconf 75' lang='grc' dir='ltr'>μετὰ</span> <span class='ocrx_word' id='word_1_533' title='bbox 695 4390 882 4444; x_wconf 80' lang='grc' dir='ltr'>τοῦτον</span> <span class='ocrx_word' id='word_1_534' title='bbox 913 4391 1490 4460; x_wconf 79' lang='grc' dir='ltr'>χειροτονηθησόμενος</span> <span class='ocrx_word' id='word_1_535' title='bbox 1514 4390 1734 4442; x_wconf 76' lang='grc' dir='ltr'>ἐπίσκο-</span> 
     </span>
    </p>
   </div>
   <div class='ocr_carea' id='block_1_78' title="bbox 1842 3223 3401 3299">
    <p class='ocr_par' dir='ltr' id='par_1_78' title="bbox 1842 3223 3401 3299">
     <span class='ocr_line' id='line_1_78' title="bbox 1842 3223 3401 3299; baseline 0.008 -24"><span class='ocrx_word' id='word_1_536' title='bbox 1842 3223 1983 3276; x_wconf 79' lang='lat' dir='ltr'><strong>verit</strong></span> <span class='ocrx_word' id='word_1_537' title='bbox 2009 3224 2301 3292; x_wconf 87' lang='lat' dir='ltr'><strong>quispiam,</strong></span> <span class='ocrx_word' id='word_1_538' title='bbox 2338 3227 2470 3280; x_wconf 88' lang='lat' dir='ltr'><strong>Cum</strong></span> <span class='ocrx_word' id='word_1_539' title='bbox 2517 3229 2562 3283; x_wconf 90' lang='lat' dir='ltr'><strong>is</strong></span> <span class='ocrx_word' id='word_1_540' title='bbox 2589 3231 2678 3298; x_wconf 91' lang='lat' dir='ltr'><strong>qui</strong></span> <span class='ocrx_word' id='word_1_541' title='bbox 2710 3230 2900 3283; x_wconf 82' lang='lat' dir='ltr'><strong>invasit</strong></span> <span class='ocrx_word' id='word_1_542' title='bbox 2948 3233 3229 3299; x_wconf 88' lang='lat' dir='ltr'><strong>episcopus</strong></span> <span class='ocrx_word' id='word_1_543' title='bbox 3280 3232 3401 3299; x_wconf 89' lang='lat' dir='ltr'><strong>jnrc</strong></span> 
     </span>
    </p>
   </div>
   <div class='ocr_carea' id='block_1_79' title="bbox 1843 3314 3397 3387">
    <p class='ocr_par' dir='ltr' id='par_1_79' title="bbox 1843 3314 3397 3387">
     <span class='ocr_line' id='line_1_79' title="bbox 1843 3314 3397 3387; baseline 0.006 -22"><span class='ocrx_word' id='word_1_544' title='bbox 1843 3326 1942 3365; x_wconf 92' lang='lat' dir='ltr'><strong>suo</strong></span> <span class='ocrx_word' id='word_1_545' title='bbox 1969 3314 2043 3366; x_wconf 86' lang='lat' dir='ltr'><strong>ita</strong></span> <span class='ocrx_word' id='word_1_546' title='bbox 2078 3315 2360 3379; x_wconf 88' lang='lat' dir='ltr'><strong>exciderit,</strong></span> <span class='ocrx_word' id='word_1_547' title='bbox 2396 3318 2486 3384; x_wconf 90' lang='lat' dir='ltr'><strong>qui</strong></span> <span class='ocrx_word' id='word_1_548' title='bbox 2516 3332 2630 3371; x_wconf 88' lang='lat' dir='ltr'><strong>eam</strong></span> <span class='ocrx_word' id='word_1_549' title='bbox 2658 3320 2880 3385; x_wconf 83' lang='lat' dir='ltr'><strong>detinet,</strong></span> <span class='ocrx_word' id='word_1_550' title='bbox 2916 3320 3015 3373; x_wconf 93' lang='lat' dir='ltr'><strong>rite</strong></span> <span class='ocrx_word' id='word_1_551' title='bbox 3065 3329 3313 3387; x_wconf 87' lang='lat' dir='ltr'><strong>tanquam</strong></span> <span class='ocrx_word' id='word_1_552' title='bbox 3348 3324 3397 3374; x_wconf 92' lang='lat' dir='ltr'><strong>in</strong></span> 
     </span>
    </p>
   </div>
   <div class='ocr_carea' id='block_1_80' title="bbox 1842 3405 3396 3477">
    <p class='ocr_par' dir='ltr' id='par_1_80' title="bbox 1842 3405 3396 3477">
     <span class='ocr_line' id='line_1_80' title="bbox 1842 3405 3396 3477; baseline 0.005 -22"><span class='ocrx_word' id='word_1_553' title='bbox 1842 3406 2062 3472; x_wconf 85' lang='lat' dir='ltr'><strong>propria</strong></span> <span class='ocrx_word' id='word_1_554' title='bbox 2099 3405 2701 3475; x_wconf 80' lang='lat' dir='ltr'><strong>ditecesiepiscopatnm</strong></span> <span class='ocrx_word' id='word_1_555' title='bbox 2734 3418 2904 3476; x_wconf 89' lang='lat' dir='ltr'><strong>geret,</strong></span> <span class='ocrx_word' id='word_1_556' title='bbox 2941 3423 3006 3460; x_wconf 89' lang='lat' dir='ltr'><strong>an</strong></span> <span class='ocrx_word' id='word_1_557' title='bbox 3034 3412 3302 3477; x_wconf 73' lang='lat' dir='ltr'><strong>punietur,</strong></span> <span class='ocrx_word' id='word_1_558' title='bbox 3339 3420 3396 3463; x_wconf 86' lang='lat' dir='ltr'><strong>nt</strong></span> 
     </span>
    </p>
   </div>
   <div class='ocr_carea' id='block_1_81' title="bbox 1842 3494 3396 3562">
    <p class='ocr_par' dir='ltr' id='par_1_81' title="bbox 1842 3494 3396 3562">
     <span class='ocr_line' id='line_1_81' title="bbox 1842 3494 3396 3562; baseline 0.006 -16"><span class='ocrx_word' id='word_1_559' title='bbox 1842 3494 1931 3560; x_wconf 91' lang='lat' dir='ltr'><strong>qui</strong></span> <span class='ocrx_word' id='word_1_560' title='bbox 1968 3497 2208 3562; x_wconf 90' lang='lat' dir='ltr'><strong>prudens</strong></span> <span class='ocrx_word' id='word_1_561' title='bbox 2240 3505 2292 3549; x_wconf 85' lang='lat' dir='ltr'><strong>et</strong></span> <span class='ocrx_word' id='word_1_562' title='bbox 2317 3497 2494 3552; x_wconf 89' lang='lat' dir='ltr'><strong>sciens</strong></span> <span class='ocrx_word' id='word_1_563' title='bbox 2521 3497 2754 3554; x_wconf 83' lang='lat' dir='ltr'><strong>alienam</strong></span> <span class='ocrx_word' id='word_1_564' title='bbox 2796 3501 3050 3554; x_wconf 72' lang='lat' dir='ltr'><strong>dimcesin</strong></span> <span class='ocrx_word' id='word_1_565' title='bbox 3086 3503 3308 3557; x_wconf 84' lang='lat' dir='ltr'><strong>detinet.</strong></span> <span class='ocrx_word' id='word_1_566' title='bbox 3343 3514 3396 3556; x_wconf 84' lang='lat' dir='ltr'><strong>et</strong></span> 
     </span>
    </p>
   </div>
   <div class='ocr_carea' id='block_1_82' title="bbox 1844 3585 3396 3661">
    <p class='ocr_par' dir='ltr' id='par_1_82' title="bbox 1844 3585 3396 3661">
     <span class='ocr_line' id='line_1_82' title="bbox 1844 3585 3396 3661; baseline 0.005 -24"><span class='ocrx_word' id='word_1_567' title='bbox 1844 3585 1897 3637; x_wconf 91' lang='lat' dir='ltr'><strong>in</strong></span> <span class='ocrx_word' id='word_1_568' title='bbox 1925 3599 1986 3638; x_wconf 85' lang='lat' dir='ltr'><strong>ea</strong></span> <span class='ocrx_word' id='word_1_569' title='bbox 2015 3601 2169 3638; x_wconf 89' lang='lat' dir='ltr'><strong>sacra</strong></span> <span class='ocrx_word' id='word_1_570' title='bbox 2195 3585 2483 3639; x_wconf 82' lang='lat' dir='ltr'><strong>celebrat?</strong></span> <span class='ocrx_word' id='word_1_571' title='bbox 2525 3585 2751 3641; x_wconf 80' lang='lat' dir='ltr'><strong>Salutio.</strong></span> <span class='ocrx_word' id='word_1_572' title='bbox 2803 3589 2908 3642; x_wconf 77' lang='lat' dir='ltr'><strong>Lex</strong></span> <span class='ocrx_word' id='word_1_573' title='bbox 2947 3600 3030 3643; x_wconf 87' lang='lat' dir='ltr'><strong>est</strong></span> <span class='ocrx_word' id='word_1_574' title='bbox 3077 3606 3196 3661; x_wconf 66' lang='lat' dir='ltr'><strong>quae</strong></span> <span class='ocrx_word' id='word_1_575' title='bbox 3245 3592 3396 3653; x_wconf 56' lang='lat' dir='ltr'><strong>ditit,</strong></span> 
     </span>
    </p>
   </div>
   <div class='ocr_carea' id='block_1_83' title="bbox 1841 3673 3400 3751">
    <p class='ocr_par' dir='ltr' id='par_1_83' title="bbox 1841 3673 3400 3751">
     <span class='ocr_line' id='line_1_83' title="bbox 1841 3673 3400 3751; baseline 0.007 -25"><span class='ocrx_word' id='word_1_576' title='bbox 1841 3673 2070 3727; x_wconf 87' lang='lat' dir='ltr'><strong>Jubente</strong></span> <span class='ocrx_word' id='word_1_577' title='bbox 2097 3678 2411 3742; x_wconf 78' lang='lat' dir='ltr'><strong>magistratu</strong></span> <span class='ocrx_word' id='word_1_578' title='bbox 2437 3675 2580 3740; x_wconf 88' lang='lat' dir='ltr'><strong>jnste</strong></span> <span class='ocrx_word' id='word_1_579' title='bbox 2611 3679 2944 3746; x_wconf 88' lang='lat' dir='ltr'><strong>possidemus</strong></span> <span class='ocrx_word' id='word_1_580' title='bbox 2982 3690 3077 3732; x_wconf 89' lang='lat' dir='ltr'><strong>:et</strong></span> <span class='ocrx_word' id='word_1_581' title='bbox 3112 3682 3237 3748; x_wconf 88' lang='lat' dir='ltr'><strong>quia</strong></span> <span class='ocrx_word' id='word_1_582' title='bbox 3282 3685 3400 3751; x_wconf 79' lang='lat' dir='ltr'><strong>epi-</strong></span> 
     </span>
    </p>
   </div>
   <div class='ocr_carea' id='block_1_84' title="bbox 1839 3764 3392 3838">
    <p class='ocr_par' dir='ltr' id='par_1_84' title="bbox 1839 3764 3392 3838">
     <span class='ocr_line' id='line_1_84' title="bbox 1839 3764 3392 3838; baseline 0.005 -22"><span class='ocrx_word' id='word_1_583' title='bbox 1839 3777 2053 3831; x_wconf 85' lang='lat' dir='ltr'><strong>scopus,</strong></span> <span class='ocrx_word' id='word_1_584' title='bbox 2084 3764 2174 3831; x_wconf 92' lang='lat' dir='ltr'><strong>qui</strong></span> <span class='ocrx_word' id='word_1_585' title='bbox 2219 3765 2323 3816; x_wconf 87' lang='lat' dir='ltr'><strong>vim</strong></span> <span class='ocrx_word' id='word_1_586' title='bbox 2358 3778 2548 3832; x_wconf 82' lang='lat' dir='ltr'><strong>passus</strong></span> <span class='ocrx_word' id='word_1_587' title='bbox 2577 3775 2682 3830; x_wconf 89' lang='lat' dir='ltr'><strong>est,</strong></span> <span class='ocrx_word' id='word_1_588' title='bbox 2720 3782 2748 3820; x_wconf 90' lang='lat' dir='ltr'><strong>a</strong></span> <span class='ocrx_word' id='word_1_589' title='bbox 2774 3781 2979 3822; x_wconf 88' lang='lat' dir='ltr'><strong>canone</strong></span> <span class='ocrx_word' id='word_1_590' title='bbox 3017 3768 3108 3837; x_wconf 88' lang='lat' dir='ltr'><strong>jus</strong></span> <span class='ocrx_word' id='word_1_591' title='bbox 3163 3774 3392 3838; x_wconf 81' lang='lat' dir='ltr'><strong>accepit,</strong></span> 
     </span>
    </p>
   </div>
   <div class='ocr_carea' id='block_1_85' title="bbox 1841 3853 3400 3922">
    <p class='ocr_par' dir='ltr' id='par_1_85' title="bbox 1841 3853 3400 3922">
     <span class='ocr_line' id='line_1_85' title="bbox 1841 3853 3400 3922; baseline 0.008 -19"><span class='ocrx_word' id='word_1_592' title='bbox 1841 3863 2026 3920; x_wconf 89' lang='lat' dir='ltr'><strong>utpote</strong></span> <span class='ocrx_word' id='word_1_593' title='bbox 2052 3869 2174 3906; x_wconf 90' lang='lat' dir='ltr'><strong>cum</strong></span> <span class='ocrx_word' id='word_1_594' title='bbox 2232 3853 2300 3916; x_wconf 87' lang='lat' dir='ltr'><strong>is,</strong></span> <span class='ocrx_word' id='word_1_595' title='bbox 2337 3855 2428 3922; x_wconf 89' lang='lat' dir='ltr'><strong>qui</strong></span> <span class='ocrx_word' id='word_1_596' title='bbox 2482 3868 2541 3908; x_wconf 89' lang='lat' dir='ltr'><strong>se</strong></span> <span class='ocrx_word' id='word_1_597' title='bbox 2594 3855 2885 3910; x_wconf 88' lang='lat' dir='ltr'><strong>insolenter</strong></span> <span class='ocrx_word' id='word_1_598' title='bbox 2937 3867 2986 3912; x_wconf 85' lang='lat' dir='ltr'><strong>et</strong></span> <span class='ocrx_word' id='word_1_599' title='bbox 3046 3859 3400 3917; x_wconf 78' lang='lat' dir='ltr'><strong>immoderate</strong></span> 
     </span>
    </p>
   </div>
   <div class='ocr_carea' id='block_1_86' title="bbox 1839 3944 3395 4019">
    <p class='ocr_par' dir='ltr' id='par_1_86' title="bbox 1839 3944 3395 4019">
     <span class='ocr_line' id='line_1_86' title="bbox 1839 3944 3395 4019; baseline 0.004 -24"><span class='ocrx_word' id='word_1_600' title='bbox 1839 3946 2021 4011; x_wconf 79' lang='lat' dir='ltr'><strong>gessit,</strong></span> <span class='ocrx_word' id='word_1_601' title='bbox 2051 3944 2252 3996; x_wconf 90' lang='lat' dir='ltr'><strong>nullum</strong></span> <span class='ocrx_word' id='word_1_602' title='bbox 2284 3945 2374 4012; x_wconf 89' lang='lat' dir='ltr'><strong>jus</strong></span> <span class='ocrx_word' id='word_1_603' title='bbox 2423 3945 2476 3997; x_wconf 91' lang='lat' dir='ltr'><strong>in</strong></span> <span class='ocrx_word' id='word_1_604' title='bbox 2528 3945 2749 4000; x_wconf 71' lang='lat' dir='ltr'><strong>dimcesi</strong></span> <span class='ocrx_word' id='word_1_605' title='bbox 2811 3948 3065 4002; x_wconf 86' lang='lat' dir='ltr'><strong>habuisse</strong></span> <span class='ocrx_word' id='word_1_606' title='bbox 3116 3960 3395 4019; x_wconf 62' lang='lat' dir='ltr'><strong>reputatus</strong></span> 
     </span>
    </p>
   </div>
   <div class='ocr_carea' id='block_1_87' title="bbox 1840 4033 3398 4107">
    <p class='ocr_par' dir='ltr' id='par_1_87' title="bbox 1840 4033 3398 4107">
     <span class='ocr_line' id='line_1_87' title="bbox 1840 4033 3398 4107; baseline 0.005 -21"><span class='ocrx_word' id='word_1_607' title='bbox 1840 4033 1906 4086; x_wconf 89' lang='lat' dir='ltr'><strong>sit</strong></span> <span class='ocrx_word' id='word_1_608' title='bbox 1933 4049 1947 4097; x_wconf 89' lang='lat'><strong>;</strong></span> <span class='ocrx_word' id='word_1_609' title='bbox 1977 4034 2176 4098; x_wconf 79' lang='lat' dir='ltr'><strong>absque</strong></span> <span class='ocrx_word' id='word_1_610' title='bbox 2214 4034 2321 4086; x_wconf 82' lang='lat' dir='ltr'><strong>ullo</strong></span> <span class='ocrx_word' id='word_1_611' title='bbox 2345 4034 2798 4103; x_wconf 73' lang='lat' dir='ltr'><strong>przejndiciojura</strong></span> <span class='ocrx_word' id='word_1_612' title='bbox 2823 4037 3145 4107; x_wconf 84' lang='lat' dir='ltr'><strong>episcopalia</strong></span> <span class='ocrx_word' id='word_1_613' title='bbox 3179 4055 3398 4095; x_wconf 68' lang='lat' dir='ltr'><strong>exerce-</strong></span> 
     </span>
    </p>
   </div>
   <div class='ocr_carea' id='block_1_88' title="bbox 1839 4119 3393 4195">
    <p class='ocr_par' dir='ltr' id='par_1_88' title="bbox 1839 4119 3393 4195">
     <span class='ocr_line' id='line_1_88' title="bbox 1839 4119 3393 4195; baseline 0.006 -23"><span class='ocrx_word' id='word_1_614' title='bbox 1839 4119 1915 4172; x_wconf 80' lang='lat' dir='ltr'><strong>bit</strong></span> <span class='ocrx_word' id='word_1_615' title='bbox 1951 4119 2001 4171; x_wconf 91' lang='lat' dir='ltr'><strong>in</strong></span> <span class='ocrx_word' id='word_1_616' title='bbox 2031 4120 2299 4186; x_wconf 90' lang='lat' dir='ltr'><strong>provincia</strong></span> <span class='ocrx_word' id='word_1_617' title='bbox 2332 4136 2492 4191; x_wconf 89' lang='lat' dir='ltr'><strong>quam</strong></span> <span class='ocrx_word' id='word_1_618' title='bbox 2523 4122 2745 4185; x_wconf 87' lang='lat' dir='ltr'><strong>detinet,</strong></span> <span class='ocrx_word' id='word_1_619' title='bbox 2778 4125 2876 4178; x_wconf 83' lang='lat' dir='ltr'><strong>etsi</strong></span> <span class='ocrx_word' id='word_1_620' title='bbox 2932 4127 3222 4195; x_wconf 80' lang='lat' dir='ltr'><strong>aliquando</strong></span> <span class='ocrx_word' id='word_1_621' title='bbox 3276 4141 3393 4182; x_wconf 87' lang='lat' dir='ltr'><strong>erat</strong></span> 
     </span>
    </p>
   </div>
   <div class='ocr_carea' id='block_1_89' title="bbox 1841 4210 3390 4285">
    <p class='ocr_par' dir='ltr' id='par_1_89' title="bbox 1841 4210 3390 4285">
     <span class='ocr_line' id='line_1_89' title="bbox 1841 4210 3390 4285; baseline 0.007 -24"><span class='ocrx_word' id='word_1_622' title='bbox 1841 4211 2040 4264; x_wconf 84' lang='lat' dir='ltr'><strong>aliena.</strong></span> <span class='ocrx_word' id='word_1_623' title='bbox 2077 4210 2214 4277; x_wconf 84' lang='lat' dir='ltr'><strong>Quid</strong></span> <span class='ocrx_word' id='word_1_624' title='bbox 2252 4226 2404 4278; x_wconf 88' lang='lat' dir='ltr'><strong>vero,</strong></span> <span class='ocrx_word' id='word_1_625' title='bbox 2456 4217 2538 4267; x_wconf 88' lang='lat' dir='ltr'><strong>vis</strong></span> <span class='ocrx_word' id='word_1_626' title='bbox 2588 4221 2636 4268; x_wconf 90' lang='lat' dir='ltr'><strong>et</strong></span> <span class='ocrx_word' id='word_1_627' title='bbox 2700 4214 2988 4268; x_wconf 78' lang='lat' dir='ltr'><strong>insolentia</strong></span> <span class='ocrx_word' id='word_1_628' title='bbox 3047 4219 3390 4285; x_wconf 78' lang='lat' dir='ltr'><strong>condemnati</strong></span> 
     </span>
    </p>
   </div>
   <div class='ocr_carea' id='block_1_90' title="bbox 1836 4301 3396 4372">
    <p class='ocr_par' dir='ltr' id='par_1_90' title="bbox 1836 4301 3396 4372">
     <span class='ocr_line' id='line_1_90' title="bbox 1836 4301 3396 4372; baseline 0.004 -19"><span class='ocrx_word' id='word_1_629' title='bbox 1836 4301 2072 4370; x_wconf 77' lang='lat' dir='ltr'><strong>episcopi</strong></span> <span class='ocrx_word' id='word_1_630' title='bbox 2108 4301 2358 4356; x_wconf 69' lang='lat' dir='ltr'><strong>Ecclesize</strong></span> <span class='ocrx_word' id='word_1_631' title='bbox 2385 4302 2503 4372; x_wconf 83' lang='lat' dir='ltr'><strong>jura</strong></span> <span class='ocrx_word' id='word_1_632' title='bbox 2527 4304 2852 4357; x_wconf 68' lang='lat' dir='ltr'><strong>detrimento</strong></span> <span class='ocrx_word' id='word_1_633' title='bbox 2878 4305 3109 4359; x_wconf 74' lang='lat' dir='ltr'><strong>adiciet?</strong></span> <span class='ocrx_word' id='word_1_634' title='bbox 3135 4319 3182 4360; x_wconf 90' lang='lat' dir='ltr'><strong>et</strong></span> <span class='ocrx_word' id='word_1_635' title='bbox 3210 4310 3396 4361; x_wconf 84' lang='lat' dir='ltr'><strong>exclu-</strong></span> 
     </span>
    </p>
   </div>
   <div class='ocr_carea' id='block_1_91' title="bbox 1835 4391 3397 4465">
    <p class='ocr_par' dir='ltr' id='par_1_91' title="bbox 1835 4391 3397 4465">
     <span class='ocr_line' id='line_1_91' title="bbox 1835 4391 3397 4465; baseline 0.005 -23"><span class='ocrx_word' id='word_1_636' title='bbox 1835 4392 1990 4443; x_wconf 87' lang='lat' dir='ltr'><strong>detur</strong></span> <span class='ocrx_word' id='word_1_637' title='bbox 2016 4391 2104 4458; x_wconf 91' lang='lat' dir='ltr'><strong>qui</strong></span> <span class='ocrx_word' id='word_1_638' title='bbox 2127 4402 2248 4461; x_wconf 83' lang='lat' dir='ltr'><strong>post</strong></span> <span class='ocrx_word' id='word_1_639' title='bbox 2272 4409 2392 4446; x_wconf 89' lang='lat' dir='ltr'><strong>eum</strong></span> <span class='ocrx_word' id='word_1_640' title='bbox 2416 4395 2742 4447; x_wconf 87' lang='lat' dir='ltr'><strong>ordinandus</strong></span> <span class='ocrx_word' id='word_1_641' title='bbox 2763 4395 3160 4463; x_wconf 75' lang='lat' dir='ltr'><strong>estt‘piscopus,</strong></span> <span class='ocrx_word' id='word_1_642' title='bbox 3184 4401 3397 4465; x_wconf 82' lang='lat' dir='ltr'><strong>quomi-</strong></span> 
     </span>
    </p>
   </div>
   <div class='ocr_carea' id='block_1_92' title="bbox 178 4479 1737 4558">
    <p class='ocr_par' dir='ltr' id='par_1_92' title="bbox 178 4479 1730 4550">
     <span class='ocr_line' id='line_1_92' title="bbox 178 4479 1730 4550; baseline -0.005 -13"><span class='ocrx_word' id='word_1_643' title='bbox 178 4503 274 4547; x_wconf 82' lang='grc' dir='ltr'><strong>πος</strong></span> <span class='ocrx_word' id='word_1_644' title='bbox 301 4483 690 4536; x_wconf 78' lang='grc' dir='ltr'>ἀνακαλεῖσθαι</span> <span class='ocrx_word' id='word_1_645' title='bbox 711 4483 776 4533; x_wconf 65' lang='grc' dir='ltr'><strong>τά</strong></span> <span class='ocrx_word' id='word_1_646' title='bbox 801 4482 981 4533; x_wconf 88' lang='grc' dir='ltr'>δίκαια</span> <span class='ocrx_word' id='word_1_647' title='bbox 1001 4481 1097 4549; x_wconf 83' lang='grc' dir='ltr'>τῆς</span> <span class='ocrx_word' id='word_1_648' title='bbox 1121 4479 1412 4545; x_wconf 81' lang='grc' dir='ltr'>ἐκκλησίας</span> <span class='ocrx_word' id='word_1_649' title='bbox 1456 4479 1643 4545; x_wconf 83' lang='grc' dir='ltr'>αὑτοῦ,</span> <span class='ocrx_word' id='word_1_650' title='bbox 1697 4481 1730 4550; x_wconf 81' lang='grc' dir='ltr'><strong>ἢ</strong></span> 
     </span>
    </p>
   </div>
   <div class='ocr_carea' id='block_1_93' title="bbox 1841 4479 3397 4558">
    <p class='ocr_par' dir='ltr' id='par_1_93' title="bbox 1841 4482 3397 4551">
     <span class='ocr_line' id='line_1_93' title="bbox 1841 4482 3397 4551; baseline 0.006 -20"><span class='ocrx_word' id='word_1_651' title='bbox 1841 4494 1940 4532; x_wconf 90' lang='lat' dir='ltr'><strong>nus</strong></span> <span class='ocrx_word' id='word_1_652' title='bbox 1975 4482 2145 4548; x_wconf 87' lang='lat' dir='ltr'><strong>possit</strong></span> <span class='ocrx_word' id='word_1_653' title='bbox 2186 4484 2583 4551; x_wconf 82' lang='lat' dir='ltr'><strong>revocarejura</strong></span> <span class='ocrx_word' id='word_1_654' title='bbox 2615 4484 2875 4539; x_wconf 76' lang='lat' dir='ltr'><strong>Ecclesia:</strong></span> <span class='ocrx_word' id='word_1_655' title='bbox 2930 4502 3061 4551; x_wconf 70' lang='lat' dir='ltr'><strong>sum,</strong></span> <span class='ocrx_word' id='word_1_656' title='bbox 3120 4504 3188 4540; x_wconf 88' lang='lat' dir='ltr'><strong>an</strong></span> <span class='ocrx_word' id='word_1_657' title='bbox 3245 4490 3397 4542; x_wconf 83' lang='lat' dir='ltr'><strong>non?</strong></span> 
     </span>
    </p>
   </div>
   <div class='ocr_carea' id='block_1_94' title="bbox 175 4567 1735 4638">
    <p class='ocr_par' dir='ltr' id='par_1_94' title="bbox 175 4567 1735 4638">
     <span class='ocr_line' id='line_1_94' title="bbox 175 4567 1735 4638; baseline -0.001 -16"><span class='ocrx_word' id='word_1_658' title='bbox 175 4572 268 4634; x_wconf 66' lang='lat' dir='ltr'><strong>ob;</strong></span> <span class='ocrx_word' id='word_1_659' title='bbox 302 4573 518 4633; x_wconf 78' lang='grc' dir='ltr'>Λύσις.</span> <span class='ocrx_word' id='word_1_660' title='bbox 571 4570 722 4638; x_wconf 69' lang='grc' dir='ltr'>Ἐμοὶ</span> <span class='ocrx_word' id='word_1_661' title='bbox 779 4570 924 4621; x_wconf 78' lang='grc' dir='ltr'>δοκεῖ</span> <span class='ocrx_word' id='word_1_662' title='bbox 981 4569 1053 4636; x_wconf 80' lang='grc' dir='ltr'>μὴ</span> <span class='ocrx_word' id='word_1_663' title='bbox 1111 4567 1583 4619; x_wconf 73' lang='grc' dir='ltr'>καταϐλάπτεσθαι</span> <span class='ocrx_word' id='word_1_664' title='bbox 1639 4569 1735 4637; x_wconf 83' lang='grc' dir='ltr'>τὴν</span> 
     </span>
    </p>
   </div>
   <div class='ocr_carea' id='block_1_95' title="bbox 177 4653 1737 4728">
    <p class='ocr_par' dir='ltr' id='par_1_95' title="bbox 177 4653 1737 4728">
     <span class='ocr_line' id='line_1_95' title="bbox 177 4653 1737 4728; baseline -0.002 -15"><span class='ocrx_word' id='word_1_665' title='bbox 177 4661 474 4728; x_wconf 77' lang='grc' dir='ltr'>ἐκκλησίαν</span> <span class='ocrx_word' id='word_1_666' title='bbox 515 4660 572 4722; x_wconf 82' lang='grc' dir='ltr'>ἐξ</span> <span class='ocrx_word' id='word_1_667' title='bbox 597 4653 671 4712; x_wconf 83' lang='grc' dir='ltr'>ὧν</span> <span class='ocrx_word' id='word_1_668' title='bbox 699 4660 1002 4728; x_wconf 75' lang='grc' dir='ltr'>ἁμαρτάνει</span> <span class='ocrx_word' id='word_1_669' title='bbox 1032 4660 1060 4710; x_wconf 88' lang='grc' dir='ltr'><strong>ό</strong></span> <span class='ocrx_word' id='word_1_670' title='bbox 1106 4659 1422 4717; x_wconf 86' lang='grc' dir='ltr'>ἐπίσκοπος.</span> <span class='ocrx_word' id='word_1_671' title='bbox 1482 4659 1593 4710; x_wconf 81' lang='grc' dir='ltr'><strong>Καὶ</strong></span> <span class='ocrx_word' id='word_1_672' title='bbox 1650 4659 1737 4710; x_wconf 83' lang='grc' dir='ltr'><strong>διά</strong></span> 
     </span>
    </p>
   </div>
   <div class='ocr_carea' id='block_1_96' title="bbox 174 4748 1732 4816">
    <p class='ocr_par' dir='ltr' id='par_1_96' title="bbox 174 4748 1732 4816">
     <span class='ocr_line' id='line_1_96' title="bbox 174 4748 1732 4816; baseline -0.001 -15"><span class='ocrx_word' id='word_1_673' title='bbox 174 4751 330 4803; x_wconf 82' lang='grc' dir='ltr'>τοῦτο</span> <span class='ocrx_word' id='word_1_674' title='bbox 377 4750 695 4816; x_wconf 78' lang='grc' dir='ltr'>ἐνδυνάμως</span> <span class='ocrx_word' id='word_1_675' title='bbox 727 4750 812 4800; x_wconf 82' lang='grc' dir='ltr'>ἵνα</span> <span class='ocrx_word' id='word_1_676' title='bbox 858 4749 1258 4816; x_wconf 74' lang='grc' dir='ltr'>άνακαλέσηται</span> <span class='ocrx_word' id='word_1_677' title='bbox 1293 4748 1388 4813; x_wconf 81' lang='grc' dir='ltr'><strong>τὴν</strong></span> <span class='ocrx_word' id='word_1_678' title='bbox 1459 4749 1667 4816; x_wconf 65' lang='grc' dir='ltr'>ἐνορίαν</span> <span class='ocrx_word' id='word_1_679' title='bbox 1704 4750 1732 4800; x_wconf 86' lang='grc' dir='ltr'>ὁ</span> 
     </span>
    </p>
   </div>
   <div class='ocr_carea' id='block_1_97' title="bbox 175 4836 1733 4908">
    <p class='ocr_par' dir='ltr' id='par_1_97' title="bbox 175 4836 1733 4908">
     <span class='ocr_line' id='line_1_97' title="bbox 175 4836 1733 4908; baseline -0.001 -15"><span class='ocrx_word' id='word_1_680' title='bbox 175 4841 558 4906; x_wconf 72' lang='grc' dir='ltr'>διαδεξαμενος</span> <span class='ocrx_word' id='word_1_681' title='bbox 589 4838 680 4890; x_wconf 75' lang='grc' dir='ltr'><strong>τὸν</strong></span> <span class='ocrx_word' id='word_1_682' title='bbox 735 4839 1036 4908; x_wconf 84' lang='grc' dir='ltr'>ποιήσαντα</span> <span class='ocrx_word' id='word_1_683' title='bbox 1087 4836 1183 4906; x_wconf 80' lang='grc' dir='ltr'>τὴν</span> <span class='ocrx_word' id='word_1_684' title='bbox 1235 4836 1442 4902; x_wconf 80' lang='grc' dir='ltr'>ἔφοδον,</span> <span class='ocrx_word' id='word_1_685' title='bbox 1497 4838 1597 4889; x_wconf 77' lang='grc' dir='ltr'>κᾶν</span> <span class='ocrx_word' id='word_1_686' title='bbox 1637 4840 1733 4891; x_wconf 79' lang='grc' dir='ltr'>καὶ</span> 
     </span>
    </p>
   </div>
   <div class='ocr_carea' id='block_1_98' title="bbox 177 4925 1734 4997">
    <p class='ocr_par' dir='ltr' id='par_1_98' title="bbox 177 4925 1734 4997">
     <span class='ocr_line' id='line_1_98' title="bbox 177 4925 1734 4997; baseline -0.002 -15"><span class='ocrx_word' id='word_1_687' title='bbox 177 4933 336 4991; x_wconf 76' lang='grc' dir='ltr'>πολὺς</span> <span class='ocrx_word' id='word_1_688' title='bbox 368 4928 624 4997; x_wconf 75' lang='grc' dir='ltr'>παρέλθῃ</span> <span class='ocrx_word' id='word_1_689' title='bbox 655 4928 861 4995; x_wconf 82' lang='grc' dir='ltr'>καιρός.</span> <span class='ocrx_word' id='word_1_690' title='bbox 919 4925 1182 4994; x_wconf 75' lang='grc' dir='ltr'>Ἐλαλήθη</span> <span class='ocrx_word' id='word_1_691' title='bbox 1218 4925 1274 4976; x_wconf 85' lang='grc' dir='ltr'>δὲ</span> <span class='ocrx_word' id='word_1_692' title='bbox 1306 4926 1541 4977; x_wconf 76' lang='grc' dir='ltr'>τοιοῦτόν</span> <span class='ocrx_word' id='word_1_693' title='bbox 1560 4943 1608 4976; x_wconf 91' lang='grc' dir='ltr'><strong>τι</strong></span> <span class='ocrx_word' id='word_1_694' title='bbox 1642 4928 1734 4980; x_wconf 73' lang='grc' dir='ltr'>καὶ</span> 
     </span>
    </p>
   </div>
   <div class='ocr_carea' id='block_1_99' title="bbox 178 5015 1729 5085">
    <p class='ocr_par' dir='ltr' id='par_1_99' title="bbox 178 5015 1729 5085">
     <span class='ocr_line' id='line_1_99' title="bbox 178 5015 1729 5085; baseline -0.001 -16"><span class='ocrx_word' id='word_1_695' title='bbox 178 5020 264 5069; x_wconf 71' lang='grc' dir='ltr'><strong>ἐπὶ</strong></span> <span class='ocrx_word' id='word_1_696' title='bbox 302 5019 414 5070; x_wconf 82' lang='grc' dir='ltr'><strong>τῶν</strong></span> <span class='ocrx_word' id='word_1_697' title='bbox 446 5017 668 5085; x_wconf 76' lang='grc' dir='ltr'>ἡμερῶν</span> <span class='ocrx_word' id='word_1_698' title='bbox 700 5015 791 5066; x_wconf 80' lang='grc' dir='ltr'>τοῦ</span> <span class='ocrx_word' id='word_1_699' title='bbox 825 5015 1127 5081; x_wconf 71' lang='grc' dir='ltr'>ἁγιωτάτου</span> <span class='ocrx_word' id='word_1_700' title='bbox 1182 5017 1524 5085; x_wconf 86' lang='grc' dir='ltr'>πατριάρχου</span> <span class='ocrx_word' id='word_1_701' title='bbox 1561 5015 1729 5084; x_wconf 66' lang='grc' dir='ltr'>κυρού</span> 
     </span>
    </p>
   </div>
   <div class='ocr_carea' id='block_1_100' title="bbox 175 5101 1731 5174">
    <p class='ocr_par' dir='ltr' id='par_1_100' title="bbox 175 5101 1731 5174">
     <span class='ocr_line' id='line_1_100' title="bbox 175 5101 1731 5174; baseline -0.002 -17"><span class='ocrx_word' id='word_1_702' title='bbox 175 5109 372 5174; x_wconf 76' lang='grc' dir='ltr'>Λουκᾷ.</span> <span class='ocrx_word' id='word_1_703' title='bbox 408 5104 568 5164; x_wconf 78' lang='grc' dir='ltr'>Τινὸς</span> <span class='ocrx_word' id='word_1_704' title='bbox 598 5105 705 5172; x_wconf 75' lang='grc' dir='ltr'>γὰρ</span> <span class='ocrx_word' id='word_1_705' title='bbox 744 5101 1046 5154; x_wconf 83' lang='grc' dir='ltr'>ἐπισκόπου</span> <span class='ocrx_word' id='word_1_706' title='bbox 1081 5102 1181 5170; x_wconf 79' lang='grc' dir='ltr'>τῆς</span> <span class='ocrx_word' id='word_1_707' title='bbox 1215 5101 1454 5170; x_wconf 82' lang='grc' dir='ltr'>μεγάλης</span> <span class='ocrx_word' id='word_1_708' title='bbox 1481 5103 1731 5172; x_wconf 87' lang='grc' dir='ltr'>Βρύσεως</span> 
     </span>
    </p>
   </div>
   <div class='ocr_carea' id='block_1_101' title="bbox 175 5190 1730 5267">
    <p class='ocr_par' dir='ltr' id='par_1_101' title="bbox 175 5190 1730 5267">
     <span class='ocr_line' id='line_1_101' title="bbox 175 5190 1730 5267; baseline -0.001 -20"><span class='ocrx_word' id='word_1_709' title='bbox 175 5195 538 5267; x_wconf 72' lang='grc' dir='ltr'>δικαζομένου</span> <span class='ocrx_word' id='word_1_710' title='bbox 570 5193 708 5260; x_wconf 84' lang='grc' dir='ltr'>μετὰ</span> <span class='ocrx_word' id='word_1_711' title='bbox 740 5191 831 5243; x_wconf 80' lang='grc' dir='ltr'>τοῦ</span> <span class='ocrx_word' id='word_1_712' title='bbox 892 5190 1317 5261; x_wconf 83' lang='grc' dir='ltr'>ἅρχιεπισκόπου</span> <span class='ocrx_word' id='word_1_713' title='bbox 1374 5192 1473 5259; x_wconf 82' lang='grc' dir='ltr'>τῆς</span> <span class='ocrx_word' id='word_1_714' title='bbox 1526 5195 1730 5262; x_wconf 83' lang='grc' dir='ltr'>μικρᾶς</span> 
     </span>
    </p>
   </div>
   <div class='ocr_carea' id='block_1_102' title="bbox 177 5281 1722 5354">
    <p class='ocr_par' dir='ltr' id='par_1_102' title="bbox 177 5281 1722 5354">
     <span class='ocr_line' id='line_1_102' title="bbox 177 5281 1722 5354; baseline 0.001 -20"><span class='ocrx_word' id='word_1_715' title='bbox 177 5287 448 5354; x_wconf 85' lang='grc' dir='ltr'>Βρύσεως,</span> <span class='ocrx_word' id='word_1_716' title='bbox 488 5282 583 5334; x_wconf 81' lang='grc' dir='ltr'>καὶ</span> <span class='ocrx_word' id='word_1_717' title='bbox 623 5283 1053 5350; x_wconf 81' lang='grc' dir='ltr'>προκομίσαντος</span> <span class='ocrx_word' id='word_1_718' title='bbox 1107 5281 1378 5332; x_wconf 83' lang='grc' dir='ltr'>διαλυτέον</span> <span class='ocrx_word' id='word_1_719' title='bbox 1445 5283 1722 5349; x_wconf 72' lang='grc' dir='ltr'>ἔγγραφον</span> 
     </span>
    </p>
   </div>
   <div class='ocr_carea' id='block_1_103' title="bbox 173 5371 1725 5441">
    <p class='ocr_par' dir='ltr' id='par_1_103' title="bbox 173 5371 1725 5441">
     <span class='ocr_line' id='line_1_103' title="bbox 173 5371 1725 5441; baseline -0.002 -16"><span class='ocrx_word' id='word_1_720' title='bbox 173 5375 260 5426; x_wconf 77' lang='grc' dir='ltr'>τοῦ</span> <span class='ocrx_word' id='word_1_721' title='bbox 291 5373 824 5441; x_wconf 76' lang='grc' dir='ltr'>προτελευτῆσαντος</span> <span class='ocrx_word' id='word_1_722' title='bbox 854 5371 1308 5440; x_wconf 83' lang='grc' dir='ltr'>ἀρχιεπισκόπου,</span> <span class='ocrx_word' id='word_1_723' title='bbox 1346 5371 1504 5438; x_wconf 85' lang='grc' dir='ltr'>χάριν</span> <span class='ocrx_word' id='word_1_724' title='bbox 1523 5371 1618 5422; x_wconf 79' lang='grc' dir='ltr'>τοῦ</span> <span class='ocrx_word' id='word_1_725' title='bbox 1653 5373 1725 5441; x_wconf 80' lang='grc' dir='ltr'><strong>μὴ</strong></span> 
     </span>
    </p>
   </div>
   <div class='ocr_carea' id='block_1_104' title="bbox 176 5461 1725 5529">
    <p class='ocr_par' dir='ltr' id='par_1_104' title="bbox 176 5461 1725 5529">
     <span class='ocr_line' id='line_1_104' title="bbox 176 5461 1725 5529; baseline -0.001 -15"><span class='ocrx_word' id='word_1_726' title='bbox 176 5461 562 5515; x_wconf 77' lang='grc' dir='ltr'>ἀνακαλεῖσθαι</span> <span class='ocrx_word' id='word_1_727' title='bbox 594 5461 785 5513; x_wconf 85' lang='grc' dir='ltr'>τοῦτον</span> <span class='ocrx_word' id='word_1_728' title='bbox 818 5462 1030 5529; x_wconf 81' lang='grc' dir='ltr'>ἐνορίαν</span> <span class='ocrx_word' id='word_1_729' title='bbox 1077 5463 1446 5529; x_wconf 78' lang='grc' dir='ltr'>κατεχομένην</span> <span class='ocrx_word' id='word_1_730' title='bbox 1497 5461 1600 5512; x_wconf 77' lang='grc' dir='ltr'><strong>ὑπὸ</strong></span> <span class='ocrx_word' id='word_1_731' title='bbox 1633 5461 1725 5513; x_wconf 78' lang='grc' dir='ltr'>τοῦ</span> 
     </span>
    </p>
   </div>
   <div class='ocr_carea' id='block_1_105' title="bbox 174 5549 1726 5619">
    <p class='ocr_par' dir='ltr' id='par_1_105' title="bbox 174 5549 1726 5619">
     <span class='ocr_line' id='line_1_105' title="bbox 174 5549 1726 5619; baseline 0.001 -18"><span class='ocrx_word' id='word_1_732' title='bbox 174 5554 489 5613; x_wconf 76' lang='grc' dir='ltr'>ἐπισκόπου,</span> <span class='ocrx_word' id='word_1_733' title='bbox 523 5552 554 5619; x_wconf 88' lang='grc' dir='ltr'><strong>ή</strong></span> <span class='ocrx_word' id='word_1_734' title='bbox 590 5550 809 5612; x_wconf 81' lang='grc' dir='ltr'>σύνοδος</span> <span class='ocrx_word' id='word_1_735' title='bbox 835 5551 1149 5618; x_wconf 73' lang='grc' dir='ltr'>ἀπεφήνατο</span> <span class='ocrx_word' id='word_1_736' title='bbox 1206 5549 1282 5617; x_wconf 83' lang='grc' dir='ltr'><strong>μὴ</strong></span> <span class='ocrx_word' id='word_1_737' title='bbox 1349 5549 1726 5602; x_wconf 78' lang='grc' dir='ltr'>καταδλάπτε-</span> 
     </span>
    </p>
   </div>
   <div class='ocr_carea' id='block_1_106' title="bbox 175 5633 1724 5709">
    <p class='ocr_par' dir='ltr' id='par_1_106' title="bbox 175 5633 1724 5709">
     <span class='ocr_line' id='line_1_106' title="bbox 175 5633 1724 5709; baseline 0 -18"><span class='ocrx_word' id='word_1_738' title='bbox 175 5640 290 5692; x_wconf 85' lang='grc' dir='ltr'>σθαι</span> <span class='ocrx_word' id='word_1_739' title='bbox 314 5642 416 5709; x_wconf 77' lang='grc' dir='ltr'>τὴν</span> <span class='ocrx_word' id='word_1_740' title='bbox 441 5639 883 5708; x_wconf 74' lang='grc' dir='ltr'>ἁρχιεπισκοπὴν</span> <span class='ocrx_word' id='word_1_741' title='bbox 919 5638 976 5702; x_wconf 78' lang='grc' dir='ltr'><strong>ἐξ</strong></span> <span class='ocrx_word' id='word_1_742' title='bbox 1017 5633 1091 5689; x_wconf 81' lang='grc' dir='ltr'>ὧν</span> <span class='ocrx_word' id='word_1_743' title='bbox 1151 5640 1177 5690; x_wconf 86' lang='grc' dir='ltr'>ὁ</span> <span class='ocrx_word' id='word_1_744' title='bbox 1238 5637 1438 5704; x_wconf 83' lang='grc' dir='ltr'>ταύτης</span> <span class='ocrx_word' id='word_1_745' title='bbox 1465 5640 1724 5709; x_wconf 79' lang='grc' dir='ltr'>πρόεδρος</span> 
     </span>
    </p>
   </div>
   <div class='ocr_carea' id='block_1_107' title="bbox 176 5728 1721 5798">
    <p class='ocr_par' dir='ltr' id='par_1_107' title="bbox 176 5728 1721 5798">
     <span class='ocr_line' id='line_1_107' title="bbox 176 5728 1721 5798; baseline 0.001 -20"><span class='ocrx_word' id='word_1_746' title='bbox 176 5730 368 5798; x_wconf 77' lang='grc' dir='ltr'>ίπραξε</span> <span class='ocrx_word' id='word_1_747' title='bbox 396 5731 546 5798; x_wconf 75' lang='grc' dir='ltr'>παρὰ</span> <span class='ocrx_word' id='word_1_748' title='bbox 582 5728 810 5798; x_wconf 83' lang='grc' dir='ltr'>γνώμην</span> <span class='ocrx_word' id='word_1_749' title='bbox 832 5728 938 5778; x_wconf 84' lang='grc' dir='ltr'><strong>τῶν</strong></span> <span class='ocrx_word' id='word_1_750' title='bbox 960 5728 1177 5779; x_wconf 84' lang='grc' dir='ltr'>οἰκείων</span> <span class='ocrx_word' id='word_1_751' title='bbox 1201 5728 1474 5795; x_wconf 83' lang='grc' dir='ltr'>κληρικῶν</span> <span class='ocrx_word' id='word_1_752' title='bbox 1501 5731 1592 5781; x_wconf 79' lang='grc' dir='ltr'>καὶ</span> <span class='ocrx_word' id='word_1_753' title='bbox 1623 5733 1721 5797; x_wconf 78' lang='grc' dir='ltr'>τῆς</span> 
     </span>
    </p>
   </div>
   <div class='ocr_carea' id='block_1_108' title="bbox 1840 4566 3392 4641">
    <p class='ocr_par' dir='ltr' id='par_1_108' title="bbox 1840 4566 3392 4641">
     <span class='ocr_line' id='line_1_108' title="bbox 1840 4566 3392 4641; baseline 0.005 -20"><span class='ocrx_word' id='word_1_754' title='bbox 1840 4566 2063 4623; x_wconf 77' lang='lat' dir='ltr'><strong>Solatia.</strong></span> <span class='ocrx_word' id='word_1_755' title='bbox 2100 4569 2226 4623; x_wconf 87' lang='lat' dir='ltr'><strong>Mihi</strong></span> <span class='ocrx_word' id='word_1_756' title='bbox 2274 4573 2488 4626; x_wconf 80' lang='lat' dir='ltr'><strong>videtur</strong></span> <span class='ocrx_word' id='word_1_757' title='bbox 2518 4589 2620 4627; x_wconf 91' lang='lat' dir='ltr'><strong>non</strong></span> <span class='ocrx_word' id='word_1_758' title='bbox 2660 4591 2723 4628; x_wconf 84' lang='lat' dir='ltr'><strong>cx</strong></span> <span class='ocrx_word' id='word_1_759' title='bbox 2790 4591 2854 4629; x_wconf 89' lang='lat' dir='ltr'><strong>eo</strong></span> <span class='ocrx_word' id='word_1_760' title='bbox 2901 4575 3017 4630; x_wconf 71' lang='lat' dir='ltr'><strong>laedi</strong></span> <span class='ocrx_word' id='word_1_761' title='bbox 3075 4577 3392 4641; x_wconf 74' lang='lat' dir='ltr'><strong>Ecclesium,</strong></span> 
     </span>
    </p>
   </div>
   <div class='ocr_carea' id='block_1_109' title="bbox 1837 4657 3387 4736">
    <p class='ocr_par' dir='ltr' id='par_1_109' title="bbox 1837 4657 3387 4736">
     <span class='ocr_line' id='line_1_109' title="bbox 1837 4657 3387 4736; baseline 0.007 -28"><span class='ocrx_word' id='word_1_762' title='bbox 1837 4657 1980 4725; x_wconf 92' lang='lat' dir='ltr'><strong>quod</strong></span> <span class='ocrx_word' id='word_1_763' title='bbox 2008 4669 2194 4726; x_wconf 84' lang='lat' dir='ltr'><strong>peccet</strong></span> <span class='ocrx_word' id='word_1_764' title='bbox 2222 4661 2544 4728; x_wconf 85' lang='lat' dir='ltr'><strong>episcopus;</strong></span> <span class='ocrx_word' id='word_1_765' title='bbox 2579 4678 2631 4716; x_wconf 90' lang='lat' dir='ltr'><strong>et</strong></span> <span class='ocrx_word' id='word_1_766' title='bbox 2664 4675 2946 4733; x_wconf 87' lang='lat' dir='ltr'><strong>propterea</strong></span> <span class='ocrx_word' id='word_1_767' title='bbox 2981 4668 3253 4736; x_wconf 74' lang='lat' dir='ltr'><strong>regionem</strong></span> <span class='ocrx_word' id='word_1_768' title='bbox 3288 4671 3387 4720; x_wconf 85' lang='lat' dir='ltr'><strong>rite</strong></span> 
     </span>
    </p>
   </div>
   <div class='ocr_carea' id='block_1_110' title="bbox 1838 4749 3388 4820">
    <p class='ocr_par' dir='ltr' id='par_1_110' title="bbox 1838 4749 3388 4820">
     <span class='ocr_line' id='line_1_110' title="bbox 1838 4749 3388 4820; baseline 0.011 -26"><span class='ocrx_word' id='word_1_769' title='bbox 1838 4749 2111 4801; x_wconf 84' lang='lat' dir='ltr'><strong>revocabit</strong></span> <span class='ocrx_word' id='word_1_770' title='bbox 2141 4763 2423 4801; x_wconf 76' lang='lat' dir='ltr'><strong>successor</strong></span> <span class='ocrx_word' id='word_1_771' title='bbox 2452 4750 2569 4818; x_wconf 85' lang='lat' dir='ltr'><strong>ejus</strong></span> <span class='ocrx_word' id='word_1_772' title='bbox 2614 4754 2704 4818; x_wconf 88' lang='lat' dir='ltr'><strong>qui</strong></span> <span class='ocrx_word' id='word_1_773' title='bbox 2737 4755 2955 4820; x_wconf 77' lang='lat' dir='ltr'><strong>invasit,</strong></span> <span class='ocrx_word' id='word_1_774' title='bbox 3001 4757 3211 4809; x_wconf 83' lang='lat' dir='ltr'><strong>etiamsi</strong></span> <span class='ocrx_word' id='word_1_775' title='bbox 3249 4762 3388 4811; x_wconf 83' lang='lat' dir='ltr'><strong>tnui-</strong></span> 
     </span>
    </p>
   </div>
   <div class='ocr_carea' id='block_1_111' title="bbox 1838 4822 3388 4911">
    <p class='ocr_par' dir='ltr' id='par_1_111' title="bbox 1838 4822 3388 4911">
     <span class='ocr_line' id='line_1_111' title="bbox 1838 4822 3388 4911; baseline 0.008 -25"><span class='ocrx_word' id='word_1_776' title='bbox 1838 4822 1944 4887; x_wconf 76' lang='lat' dir='ltr'><strong>tun’i</strong></span> <span class='ocrx_word' id='word_1_777' title='bbox 1983 4847 2194 4905; x_wconf 90' lang='lat' dir='ltr'><strong>tempus</strong></span> <span class='ocrx_word' id='word_1_778' title='bbox 2227 4840 2567 4906; x_wconf 68' lang='lat' dir='ltr'><strong>praeterierit.</strong></span> <span class='ocrx_word' id='word_1_779' title='bbox 2603 4836 2731 4895; x_wconf 79' lang='lat' dir='ltr'><strong>&#39;i‘aie</strong></span> <span class='ocrx_word' id='word_1_780' title='bbox 2773 4842 2899 4911; x_wconf 88' lang='lat' dir='ltr'><strong>quid</strong></span> <span class='ocrx_word' id='word_1_781' title='bbox 2954 4855 3131 4898; x_wconf 88' lang='lat' dir='ltr'><strong>autem</strong></span> <span class='ocrx_word' id='word_1_782' title='bbox 3192 4847 3388 4898; x_wconf 88' lang='lat' dir='ltr'><strong>dictum</strong></span> 
     </span>
    </p>
   </div>
   <div class='ocr_carea' id='block_1_112' title="bbox 1835 4929 3385 5000">
    <p class='ocr_par' dir='ltr' id='par_1_112' title="bbox 1835 4929 3385 5000">
     <span class='ocr_line' id='line_1_112' title="bbox 1835 4929 3385 5000; baseline 0.005 -21"><span class='ocrx_word' id='word_1_783' title='bbox 1835 4937 1917 4979; x_wconf 88' lang='lat' dir='ltr'><strong>cst</strong></span> <span class='ocrx_word' id='word_1_784' title='bbox 1943 4935 2181 4994; x_wconf 88' lang='lat' dir='ltr'><strong>tempore</strong></span> <span class='ocrx_word' id='word_1_785' title='bbox 2231 4929 2551 4982; x_wconf 85' lang='lat' dir='ltr'><strong>sanctissimi</strong></span> <span class='ocrx_word' id='word_1_786' title='bbox 2597 4932 2916 5000; x_wconf 76' lang='lat' dir='ltr'><strong>patriarcha:</strong></span> <span class='ocrx_word' id='word_1_787' title='bbox 2949 4933 3153 4988; x_wconf 85' lang='lat' dir='ltr'><strong>domini</strong></span> <span class='ocrx_word' id='word_1_788' title='bbox 3209 4935 3385 4988; x_wconf 66' lang='lat' dir='ltr'><strong>Lucan.</strong></span> 
     </span>
    </p>
   </div>
   <div class='ocr_carea' id='block_1_113' title="bbox 1833 5011 3388 5090">
    <p class='ocr_par' dir='ltr' id='par_1_113' title="bbox 1833 5011 3388 5090">
     <span class='ocr_line' id='line_1_113' title="bbox 1833 5011 3388 5090; baseline 0.006 -25"><span class='ocrx_word' id='word_1_789' title='bbox 1833 5011 1966 5065; x_wconf 89' lang='lat' dir='ltr'><strong>Cum</strong></span> <span class='ocrx_word' id='word_1_790' title='bbox 1993 5013 2136 5066; x_wconf 89' lang='lat' dir='ltr'><strong>enim</strong></span> <span class='ocrx_word' id='word_1_791' title='bbox 2168 5013 2386 5081; x_wconf 87' lang='lat' dir='ltr'><strong>quidam</strong></span> <span class='ocrx_word' id='word_1_792' title='bbox 2422 5017 2709 5086; x_wconf 84' lang='lat' dir='ltr'><strong>episcopus</strong></span> <span class='ocrx_word' id='word_1_793' title='bbox 2761 5035 2965 5088; x_wconf 71' lang='lat' dir='ltr'><strong>magna:</strong></span> <span class='ocrx_word' id='word_1_794' title='bbox 3003 5021 3181 5090; x_wconf 82' lang='lat' dir='ltr'><strong>Brysis</strong></span> <span class='ocrx_word' id='word_1_795' title='bbox 3211 5021 3388 5089; x_wconf 78' lang='lat' dir='ltr'><strong>litiga-</strong></span> 
     </span>
    </p>
   </div>
   <div class='ocr_carea' id='block_1_114' title="bbox 1832 5103 3384 5179">
    <p class='ocr_par' dir='ltr' id='par_1_114' title="bbox 1832 5103 3384 5179">
     <span class='ocr_line' id='line_1_114' title="bbox 1832 5103 3384 5179; baseline 0.006 -24"><span class='ocrx_word' id='word_1_796' title='bbox 1832 5111 1916 5155; x_wconf 87' lang='lat' dir='ltr'><strong>ret</strong></span> <span class='ocrx_word' id='word_1_797' title='bbox 1944 5117 2062 5155; x_wconf 88' lang='lat' dir='ltr'><strong>cum</strong></span> <span class='ocrx_word' id='word_1_798' title='bbox 2089 5103 2496 5173; x_wconf 85' lang='lat' dir='ltr'><strong>archiepiscopo</strong></span> <span class='ocrx_word' id='word_1_799' title='bbox 2534 5122 2709 5175; x_wconf 71' lang='lat' dir='ltr'><strong>parva:</strong></span> <span class='ocrx_word' id='word_1_800' title='bbox 2741 5107 2943 5176; x_wconf 85' lang='lat' dir='ltr'><strong>Brysis,</strong></span> <span class='ocrx_word' id='word_1_801' title='bbox 2979 5119 3030 5162; x_wconf 91' lang='lat' dir='ltr'><strong>et</strong></span> <span class='ocrx_word' id='word_1_802' title='bbox 3073 5111 3384 5179; x_wconf 60' lang='lat' dir='ltr'><strong>protulissm</strong></span> 
     </span>
    </p>
   </div>
   <div class='ocr_carea' id='block_1_115' title="bbox 1831 5191 3384 5267">
    <p class='ocr_par' dir='ltr' id='par_1_115' title="bbox 1831 5191 3384 5267">
     <span class='ocr_line' id='line_1_115' title="bbox 1831 5191 3384 5267; baseline 0.006 -24"><span class='ocrx_word' id='word_1_803' title='bbox 1831 5191 2088 5259; x_wconf 87' lang='lat' dir='ltr'><strong>scriptam</strong></span> <span class='ocrx_word' id='word_1_804' title='bbox 2155 5196 2573 5248; x_wconf 89' lang='lat' dir='ltr'><strong>transactionem</strong></span> <span class='ocrx_word' id='word_1_805' title='bbox 2614 5206 2771 5250; x_wconf 86' lang='lat' dir='ltr'><strong>antea</strong></span> <span class='ocrx_word' id='word_1_806' title='bbox 2817 5195 3054 5252; x_wconf 81' lang='lat' dir='ltr'><strong>defuncti</strong></span> <span class='ocrx_word' id='word_1_807' title='bbox 3113 5201 3384 5267; x_wconf 84' lang='lat' dir='ltr'><strong>archiepi-</strong></span> 
     </span>
    </p>
   </div>
   <div class='ocr_carea' id='block_1_116' title="bbox 1830 5281 3384 5356">
    <p class='ocr_par' dir='ltr' id='par_1_116' title="bbox 1830 5281 3384 5356">
     <span class='ocr_line' id='line_1_116' title="bbox 1830 5281 3384 5356; baseline 0.005 -23"><span class='ocrx_word' id='word_1_808' title='bbox 1830 5283 2000 5348; x_wconf 89' lang='lat' dir='ltr'><strong>scopi,</strong></span> <span class='ocrx_word' id='word_1_809' title='bbox 2033 5281 2098 5334; x_wconf 89' lang='lat' dir='ltr'><strong>de</strong></span> <span class='ocrx_word' id='word_1_810' title='bbox 2134 5297 2235 5335; x_wconf 91' lang='lat' dir='ltr'><strong>non</strong></span> <span class='ocrx_word' id='word_1_811' title='bbox 2268 5289 2568 5338; x_wconf 86' lang='lat' dir='ltr'><strong>revocanda</strong></span> <span class='ocrx_word' id='word_1_812' title='bbox 2610 5287 2678 5339; x_wconf 90' lang='lat' dir='ltr'><strong>ab</strong></span> <span class='ocrx_word' id='word_1_813' title='bbox 2709 5288 2826 5356; x_wconf 86' lang='lat' dir='ltr'><strong>ipso</strong></span> <span class='ocrx_word' id='word_1_814' title='bbox 2862 5289 3102 5355; x_wconf 85' lang='lat' dir='ltr'><strong>regione,</strong></span> <span class='ocrx_word' id='word_1_815' title='bbox 3149 5304 3266 5356; x_wconf 79' lang='lat' dir='ltr'><strong>quae</strong></span> <span class='ocrx_word' id='word_1_816' title='bbox 3317 5291 3384 5340; x_wconf 84' lang='lat' dir='ltr'><strong>ab</strong></span> 
     </span>
    </p>
   </div>
   <div class='ocr_carea' id='block_1_117' title="bbox 1828 5371 3378 5447">
    <p class='ocr_par' dir='ltr' id='par_1_117' title="bbox 1828 5371 3378 5447">
     <span class='ocr_line' id='line_1_117' title="bbox 1828 5371 3378 5447; baseline 0.004 -23"><span class='ocrx_word' id='word_1_817' title='bbox 1828 5371 2085 5438; x_wconf 84' lang='lat' dir='ltr'><strong>episcopo</strong></span> <span class='ocrx_word' id='word_1_818' title='bbox 2113 5371 2495 5440; x_wconf 82' lang='lat' dir='ltr'><strong>detinebatur;</strong></span> <span class='ocrx_word' id='word_1_819' title='bbox 2531 5378 2894 5444; x_wconf 87' lang='lat' dir='ltr'><strong>pronuntiavit</strong></span> <span class='ocrx_word' id='word_1_820' title='bbox 2950 5380 3206 5447; x_wconf 86' lang='lat' dir='ltr'><strong>synodus,</strong></span> <span class='ocrx_word' id='word_1_821' title='bbox 3271 5394 3378 5430; x_wconf 93' lang='lat' dir='ltr'><strong>non</strong></span> 
     </span>
    </p>
   </div>
   <div class='ocr_carea' id='block_1_118' title="bbox 1830 5460 3383 5538">
    <p class='ocr_par' dir='ltr' id='par_1_118' title="bbox 1830 5460 3383 5538">
     <span class='ocr_line' id='line_1_118' title="bbox 1830 5460 3383 5538; baseline 0.006 -26"><span class='ocrx_word' id='word_1_822' title='bbox 1830 5460 1950 5514; x_wconf 65' lang='lat' dir='ltr'><strong>lardi</strong></span> <span class='ocrx_word' id='word_1_823' title='bbox 2003 5462 2535 5532; x_wconf 86' lang='lat' dir='ltr'><strong>archiepiscopatum</strong></span> <span class='ocrx_word' id='word_1_824' title='bbox 2591 5482 2656 5520; x_wconf 86' lang='lat' dir='ltr'><strong>cx</strong></span> <span class='ocrx_word' id='word_1_825' title='bbox 2712 5482 2777 5522; x_wconf 89' lang='lat' dir='ltr'><strong>eo</strong></span> <span class='ocrx_word' id='word_1_826' title='bbox 2828 5469 2970 5535; x_wconf 91' lang='lat' dir='ltr'><strong>quod</strong></span> <span class='ocrx_word' id='word_1_827' title='bbox 3020 5470 3137 5538; x_wconf 85' lang='lat' dir='ltr'><strong>ejus</strong></span> <span class='ocrx_word' id='word_1_828' title='bbox 3189 5473 3383 5536; x_wconf 65' lang='lat' dir='ltr'><strong>prmsul</strong></span> 
     </span>
    </p>
   </div>
   <div class='ocr_carea' id='block_1_119' title="bbox 1831 5555 3384 5626">
    <p class='ocr_par' dir='ltr' id='par_1_119' title="bbox 1831 5555 3384 5626">
     <span class='ocr_line' id='line_1_119' title="bbox 1831 5555 3384 5626; baseline 0.003 -22"><span class='ocrx_word' id='word_1_829' title='bbox 1831 5561 2026 5619; x_wconf 71' lang='lat' dir='ltr'><strong>praeter</strong></span> <span class='ocrx_word' id='word_1_830' title='bbox 2075 5555 2394 5607; x_wconf 86' lang='lat' dir='ltr'><strong>sententiam</strong></span> <span class='ocrx_word' id='word_1_831' title='bbox 2442 5571 2658 5610; x_wconf 88' lang='lat' dir='ltr'><strong>suorum</strong></span> <span class='ocrx_word' id='word_1_832' title='bbox 2713 5559 3026 5612; x_wconf 85' lang='lat' dir='ltr'><strong>clericorum</strong></span> <span class='ocrx_word' id='word_1_833' title='bbox 3080 5569 3135 5612; x_wconf 81' lang='lat' dir='ltr'><strong>et</strong></span> <span class='ocrx_word' id='word_1_834' title='bbox 3181 5573 3384 5626; x_wconf 77' lang='lat' dir='ltr'><strong>magna:</strong></span> 
     </span>
    </p>
   </div>
   <div class='ocr_carea' id='block_1_120' title="bbox 1831 5641 3384 5715">
    <p class='ocr_par' dir='ltr' id='par_1_120' title="bbox 1831 5641 3384 5715">
     <span class='ocr_line' id='line_1_120' title="bbox 1831 5641 3384 5715; baseline 0.004 -21"><span class='ocrx_word' id='word_1_835' title='bbox 1831 5642 2016 5709; x_wconf 84' lang='lat' dir='ltr'><strong>synodi</strong></span> <span class='ocrx_word' id='word_1_836' title='bbox 2047 5641 2188 5694; x_wconf 80' lang='lat' dir='ltr'><strong>fecit.</strong></span> <span class='ocrx_word' id='word_1_837' title='bbox 2227 5643 2736 5700; x_wconf 81' lang='lat' dir='ltr'><strong>Fueruntettnnita</strong></span> <span class='ocrx_word' id='word_1_838' title='bbox 2788 5649 3091 5704; x_wconf 85' lang='lat' dir='ltr'><strong>huiusmodi</strong></span> <span class='ocrx_word' id='word_1_839' title='bbox 3143 5651 3246 5701; x_wconf 88' lang='lat' dir='ltr'><strong>alia</strong></span> <span class='ocrx_word' id='word_1_840' title='bbox 3297 5662 3384 5715; x_wconf 69' lang='grc'><strong>5)·-</strong></span> 
     </span>
    </p>
   </div>
   <div class='ocr_carea' id='block_1_121' title="bbox 1829 5732 2292 5798">
    <p class='ocr_par' dir='ltr' id='par_1_121' title="bbox 1829 5732 2292 5798">
     <span class='ocr_line' id='line_1_121' title="bbox 1829 5732 2292 5798; baseline 0.006 -14"><span class='ocrx_word' id='word_1_841' title='bbox 1829 5732 2037 5785; x_wconf 76' lang='grc' dir='ltr'><strong>η‹›ἀ;ι1ἰιι</strong></span> <span class='ocrx_word' id='word_1_842' title='bbox 2068 5733 2292 5798; x_wconf 83' lang='lat' dir='ltr'><strong>judicia.</strong></span> 
     </span>
    </p>
   </div>
   <div class='ocr_carea' id='block_1_122' title="bbox 178 5819 2562 5894">
    <p class='ocr_par' dir='ltr' id='par_1_122' title="bbox 178 5819 2562 5894">
     <span class='ocr_line' id='line_1_122' title="bbox 178 5819 2562 5894; baseline 0.003 -22"><span class='ocrx_word' id='word_1_843' title='bbox 178 5819 410 5889; x_wconf 70' lang='grc' dir='ltr'>μεγάλης</span> <span class='ocrx_word' id='word_1_844' title='bbox 452 5820 698 5876; x_wconf 64' lang='grc' dir='ltr'>συνόδιυ.</span> <span class='ocrx_word' id='word_1_845' title='bbox 763 5819 1019 5885; x_wconf 76' lang='grc' dir='ltr'>Γέγονασι</span> <span class='ocrx_word' id='word_1_846' title='bbox 1061 5820 1115 5872; x_wconf 82' lang='grc' dir='ltr'>δὲ</span> <span class='ocrx_word' id='word_1_847' title='bbox 1165 5821 1260 5873; x_wconf 72' lang='grc' dir='ltr'>καὶ</span> <span class='ocrx_word' id='word_1_848' title='bbox 1314 5821 1471 5872; x_wconf 82' lang='grc' dir='ltr'>ἄλλαι</span> <span class='ocrx_word' id='word_1_849' title='bbox 1536 5821 1727 5873; x_wconf 72' lang='grc' dir='ltr'>πολὶαὶ</span> <span class='ocrx_word' id='word_1_850' title='bbox 1765 5823 2010 5876; x_wconf 78' lang='grc' dir='ltr'>τοιαῦται</span> <span class='ocrx_word' id='word_1_851' title='bbox 2036 5825 2239 5894; x_wconf 80' lang='grc' dir='ltr'>κρίσεις</span> <span class='ocrx_word' id='word_1_852' title='bbox 2271 5826 2562 5881; x_wconf 74' lang='grc' dir='ltr'>συνοδικαί.</span> 
     </span>
    </p>
   </div>
  </div>
