4012 6476
630 421 729 481 391

1879 427 2150 488 TllEUD.
2199 427 2590 489 BALSAMON

3720 425 3836 491 392

698 530 943 584 ZONAR.
979 535 1180 602 btquis
1210 537 1492 605 episc0pus
1523 538 1746 606 alicujus
1775 538 1952 606 populi
1987 551 2166 589 curam

2343 537 2582 588 ZQNAP.
2639 538 2988 606 Ἀπαγορεύει
3015 540 3040 590 0
3067 539 3240 591 κανὼν
3273 532 3424 599 οὗτος
3477 537 3538 588 τὸ
3582 536 3673 588 τὸν
3727 534 3835 596 λέτ

635 624 699 671 ad
723 637 778 673 se
807 625 1073 689 pertinere
1098 627 1406 688 contendat,
1444 643 1546 680 non
1585 628 1732 679 ἰιιιιιιι
1768 628 1866 679 sibi
1898 642 1993 693 pro
2025 638 2168 694 pote-

635 721 1070 781 stalearrogare,
1104 724 1192 765 sed
1220 716 1282 767 ad
1312 717 1680 784 episcoporum
1717 717 1997 785 concilium
2037 732 2166 768 cau-

629 815 742 852 sam
775 803 1000 867 deferre,
1031 819 1092 856 ac
1123 822 1213 872 per
1247 821 1357 869 eos,
1391 823 1506 874 qua:
1554 806 1618 856 ad
1672 805 1958 858 Ecclesiam
2019 819 2166 857 suam

631 893 897 956 pertinere
929 895 1240 958 arbitretur,
1279 910 1620 963 recuperare,
1678 909 1851 947 canon
1899 894 2164 946 decernit.

627 981 778 1045 Quod
804 985 844 1035 si
878 987 998 1050 quis
1026 990 1076 1036 in
1106 986 1332 1050 alicujus
1370 987 1466 1038 loci
1502 988 1567 1038 ab
1596 987 1764 1038 altero
1796 986 2044 1052 episcopo
2073 984 2167 1036 de-

630 1073 760 1124 tenti
810 1074 1222 1139 possessionem.
1252 1077 1364 1128 sive
1406 1093 1431 1126 a
1465 1076 1658 1142 populo
1690 1077 2000 1137 accersitus,
2058 1074 2170 1127 sive

628 1176 691 1214 eo
716 1176 1063 1230 repugnante,
1092 1175 1290 1216 temere
1321 1165 1487 1215 irruat
1515 1203 1528 1227 ,
1561 1165 1646 1230 jus
1673 1180 1826 1214 suum
1857 1164 2080 1222 amittet,
2110 1177 2172 1214 ac

628 1252 745 1318 ejus
774 1254 870 1314 rei,
900 1268 1055 1319 quam
1089 1269 1183 1318 pro
1220 1254 1440 1319 imperio
1473 1269 1738 1320 occupare
1791 1263 2017 1305 cuna-tus
2065 1262 2168 1314 est,

630 1343 839 1393 etiamsi
871 1343 957 1408 jus
983 1343 1036 1392 in
1067 1357 1181 1392 eam
1215 1342 1421 1401 habuit,
1458 1342 1795 1407 possessione
1835 1341 2167 1392 multabitur.

627 1430 780 1494 Quod
815 1432 856 1482 si
885 1431 1145 1492 nuunulli,
1193 1432 1383 1497 inquit,
1437 1431 1537 1482 hoc
1565 1432 1838 1489 fecerunt;
1865 1432 1982 1491 hoc,
2010 1429 2172 1496 quid?

633 1532 688 1571 ut
716 1521 852 1587 apud
885 1522 1165 1587 epischios
1200 1521 1446 1573 nimirum
1480 1521 1896 1572 controversiam
1927 1535 2074 1572 suam
2107 1521 2171 1571 de

628 1611 746 1675 jure
801 1612 976 1677 populi
1021 1611 1266 1679 ambiguo
1323 1612 1707 1677 disceptarent,
1765 1624 1934 1675 neque
1995 1619 2168 1661 tamen

627 1701 1004 1751 controversia?
1031 1711 1122 1751 aut
1167 1700 1350 1767 judicii
1413 1700 1568 1751 linem
1603 1710 2020 1765 exspectavere;
2078 1697 2171 1750 svd

631 1806 686 1842 re
711 1792 882 1842 adhuc
910 1792 1239 1858 inexplorata
1265 1800 1316 1843 et
1345 1791 1545 1842 incerta
1588 1789 1908 1856 litigantium
1944 1787 2080 1840 alter
2114 1802 2170 1839 se

630 1881 695 1931 ab
729 1878 1308 1943 ecelesiasticojudicio
1339 1879 1622 1941 subtraxit,
1649 1878 1966 1943 dubiamque
1998 1877 2169 1928 adhuc
2201 1860 2243 1916 Β

630 1970 1022 2032 possessionem
1057 1970 1287 2030 invasit;
1317 1968 1404 2035 jus
1425 1984 1577 2020 suum
1610 1969 1652 2019 is
1693 1982 1903 2034 quoque
1940 1965 2165 2018 amittet.

629 2055 806 2122 Neque
827 2057 987 2126 655
1019 2073 1143 2110 vero
1172 2059 1270 2110 sibi
1296 2060 1599 2125 quisquam,
1638 2057 1826 2122 inquit,
1868 2055 2171 2109 blandiatur

628 2160 720 2195 seu
748 2155 1067 2209 assentetur,
1105 2147 1152 2197 id
1192 2156 1293 2209 est,
1322 2147 1555 2210 seipsum
1600 2144 1828 2212 decipiat
1876 2143 1977 2211 (est
2023 2158 2171 2193 nani-

628 2247 730 2298 que
757 2233 1026 2299 quoddam
1055 2249 1218 2301 genus
1251 2233 1450 2286 fraudis
1475 2234 1784 2293 assentatio,
1813 2248 1930 2284 cum
1962 2245 2054 2294 pro
2087 2243 2170 2282 ve-

631 2324 785 2374 ritate
814 2323 942 2374 nihil
973 2332 1270 2375 assentator
1305 2323 1568 2390 loquatur,
1607 2325 1699 2376 sed
1743 2323 1808 2374 ad
1837 2322 2059 2389 gratiam
2096 2331 2174 2370 at—

626 2423 731 2476 que
764 2410 984 2462 auribus
1015 2411 1252 2462 serviens
1277 2411 1450 2461 omnia
1483 2410 1761 2478 proferat),
1789 2425 1852 2461 ne
1877 2410 1997 2476 quis
2021 2422 2170 2474 ergo,

630 2500 826 2563 inquit,
857 2500 1092 2566 seipsum
1127 2498 1380 2566 decipiat,
1416 2500 1554 2565 quod
1591 2515 1617 2550 a
1653 2502 1897 2564 primate,
1926 2512 2017 2549 aut
2057 2512 2171 2550 me—

632 2590 952 2655 tropolitano
981 2589 1294 2655 provincia:,
1332 2590 1558 2650 litteras,
1591 2589 1786 2656 quibus
1823 2587 1869 2639 ei
1897 2587 1994 2638 loci
2037 2600 2174 2652 pos—

629 2678 803 2730 sessio
831 2680 1192 2744 permittatur,
1227 2679 1511 2745 acceperit.
1550 2677 1673 2729 Sive
1705 2677 1846 2729 enim
1867 2691 1958 2728 eas
1993 2689 2173 2728 revera

635 2770 850 2832 habeat,
886 2769 999 2820 sive
1024 2783 1128 2820 non
1157 2769 1347 2821 habeat
1371 2769 1472 2821 nisi
1493 2771 1558 2820 ab
1583 2782 1645 2820 eo
1671 2781 1880 2835 quoque
1907 2768 2173 2834 episc0po,

629 2858 718 2921 qui
745 2859 795 2909 in
824 2860 1161 2924 possessione
1193 2859 1434 2925 quamvis
1458 2858 1657 2911 incerta
1691 2866 1950 2918 versatur,
1972 2856 2177 2908 litteras

631 2947 918 3012 aet-eperit,
936 2948 1129 3014 quibus
1151 2948 1433 3000 ecclesiam
1460 2948 1523 2998 ad
1543 2947 1684 2998 illum
1718 2946 2090 3012 pertinentem,
2120 2959 2178 2996 se

633 3049 737 3087 non
764 3035 1025 3087 sineillius
1050 3036 1426 3102 approbatione
1445 3045 1627 3102 pacate
1644 3035 1931 3087 obtinuisse
1965 3034 2179 3085 demon-

630 3134 785 3188 stret;
807 3126 1192 3177 omninocausa
1221 3126 1410 3178 cadet:
1437 3126 1478 3176 si
1498 3139 1622 3178 vero
1652 3124 1712 3187 is,
1731 3123 1818 3192 qui
1848 3125 2051 3176 delatus
2077 3131 2175 3184 est,

630 3217 796 3269 actori
833 3219 1060 3271 vicissim
1096 3220 1240 3271 litem
1285 3221 1563 3285 intendat;
1593 3235 1652 3272 ea
1709 3234 1920 3287 quoque
1962 3227 2175 3271 contro-

631 3313 805 3364 versia
873 3316 1245 3382 episcoporqu
1310 3317 1515 3383 judicio
1593 3317 1894 3368 definiatur.
1964 3313 2177 3366 Judiees

632 3418 809 3467 porro,
844 3405 922 3456 vel
952 3420 980 3454 a
1018 3406 1420 3473 metropolitano
1459 3407 1747 3466 dabuntur,
1799 3405 1876 3457 vel
1907 3404 2174 3457 communi

635 3493 802 3542 uartis
827 3492 1104 3556 utriusque
1141 3507 1404 3545 consensu
1443 3493 1757 3558 deligentur.

633 3661 858 3714 AlilST.
904 3680 920 3710 ι
949 3661 1112 3713 Nemo
1145 3663 1243 3714 srbi
1283 3664 1546 3725 vendicet,
1576 3664 1714 3728 quod
1750 3662 1813 3714 ad
1840 3677 1894 3716 se
1911 3664 2178 3730 pertinere

710 3770 726 3798 ι
761 3752 1145 3804 existimatur:
1185 3757 1274 3805 sed
1305 3754 1539 3820 episcopi
1589 3754 1853 3822 judicent,
1911 3754 1993 3807 vel
2046 3769 2178 3822 quos

703 3861 720 3891 ι
753 3845 952 3909 primas
986 3843 1153 3906 dabit,
1185 3846 1263 3896 vel
1307 3844 1546 3898 vieiniex
1573 3859 1856 3896 consensu.
1877 3844 1973 3907 Qui
2004 3855 2176 3896 autem

711 3945 728 3973 ι
771 3941 797 3976 a
833 3928 1058 3993 primate
1107 3929 1313 3980 litteras
1360 3930 1423 3980 de.
1474 3927 1761 3981 detinendo
1805 3927 2031 3994 accepit,
2067 3927 2164 3979 sibi

705 4032 724 4062 ι
765 4015 1053 4066 blanditur.
1091 4033 1106 4062 )

707 4104 760 4155 Si
791 4109 907 4170 quis
945 4106 1227 4171 episcopus
1279 4104 1379 4158 sibi
1413 4105 1623 4156 videtur
1649 4103 1737 4171 jus
1766 4104 1960 4156 habere
2003 4106 2051 4156 in
2084 4118 2176 4171 pa-

636 4194 854 4248 roeciam
913 4195 1148 4261 aliquam
1201 4194 1266 4245 ab
1321 4195 1423 4246 alio
1472 4195 1722 4262 episeopo
1776 4194 2064 4265 detentam,
2116 4193 2177 4243 ad

632 4285 939 4352 episcopos,
993 4285 1080 4349 qui
1123 4285 1190 4348 ,in
1250 4285 1420 4351 ipsum
1486 4284 1916 4348 jurisdictionem
1959 4285 2176 4347 habent,

2272 643 2434 693 γοντα
2472 628 2679 680 δίκαιον
2715 628 2858 696 ἔχειν
2899 629 3192 681 ἐπίσκοπον
3227 629 3319 680 ἐπὶ
3341 628 3453 695 λαῷ
3482 643 3611 688 τινι,
3658 625 3824 676 δυνα-

2269 716 2387 781 τεία
2412 715 2666 781 χρῆσθαι,
2705 717 2794 766 καὶ
2835 717 3158 784 ἐπέρχεσθαι
3212 719 3416 777 αὐτοῖς,
3467 715 3718 783 βούλεται
3760 710 3824 763 δὲ

2271 805 2348 865 είς
2373 806 2553 873 κρίσιν
2583 808 2894 856 ἐπισκόπων
2936 808 3191 872 κατάγειν
3250 807 3346 874 τὴν
3391 805 3668 868 ὑπόθεσιν,
3724 803 3828 856 καὶ

2270 891 2437 952 οὕτως
2488 895 2728 961 ἐκνικᾷν,
2787 893 2815 943 ὃ
2864 894 3029 944 οἴεται
3103 893 3379 961 διαφέρειν
3435 896 3500 960 τῇ
3550 892 3830 959 ἐκκλησίᾳ

2273 981 2458 1034 αὐτοῦ.
2491 983 2550 1032 Ei
2579 983 2633 1033 δὲ
2671 983 2872 1051 ἐπέλθῃ
2899 1001 2977 1043 τις
3009 986 3118 1044 τοῖς
3155 983 3301 1042 λαοῖς
3327 985 3438 1042 τοῖς
3471 982 3574 1033 ύπὺ
3631 981 3828 1048 ἐτέρου

2273 1073 2567 1122 ἐπισκόπου
2619 1073 3021 1139 κατεχομένοις,
3077 1073 3184 1124 εἴτε
3247 1073 3524 1141 βούλονται
3575 1073 3738 1123 αὐτὸν
3778 1072 3830 1121 οἱ

2271 1159 2390 1209 λαοὶ
2413 1161 2607 1212 ἐκεῖνοι
2651 1160 2791 1228 ἔχειν
2826 1160 3138 1222 ἐπίσκοπον,
3214 1163 3319 1212 εῐτε
3383 1161 3456 1229 μὴ
3516 1159 3828 1226 βούλονται,

2279 1249 2586 1300 ἐκπεσεῖται
2624 1250 2715 1300 τοῦ
2748 1251 2949 1301 οἰκείου
2975 1251 3202 1314 δικαίου,
3229 1251 3594 1316 ζημιούμενος
3650 1250 3711 1299 τὸ
3735 1249 3832 1300 δσ-

2274 1341 2494 1407 ναστείᾳ
2527 1340 2839 1408 ἀφαιρεθὲν,
2875 1340 3014 1392 ὥστε
3036 1343 3139 1392 xiv
3161 1341 3362 1392 δίκαιον
3395 1342 3480 1391 ἐπ’
3517 1341 3710 1405 ἐκείνῳ
3742 1337 3826 1389 εἱ-

2270 1445 2382 1494 χεν,
2412 1430 2674 1481 ἀπολέσαι
2703 1431 2852 1482 αὑτό.
2887 1431 2946 1480 Εἰ
2976 1431 3032 1481 δέ
3072 1430 3163 1482 καί
3207 1447 3370 1492 τινε·,
3443 1430 3600 1498 φησὶ,
3664 1429 3835 1480 τοῦτο

2277 1519 2571 1585 ἐποίησανο
2620 1519 2795 1580 10610,
2829 1516 3011 1582 ποῖον;
3057 1519 3117 1570 τὸ
3161 1521 3307 1588 παρά
3337 1520 3649 1571 ἐπισκόπων
3706 1535 3833 1587 κρι-

2272 1608 2426 1674 θῆναι
2459 1609 2706 1676 περὶτοῦ
2738 1610 3175 1677 ἀκκαςητουμένου
3222 1609 3374 1670 λαοῦ,
3432 1610 3479 1659 εί
3543 1609 3617 1677 μὴ
3663 1609 3835 1677 μέχρι

2273 1697 2509 1764 πέρατος
2535 1699 2630 1762 τῆς
2657 1699 2962 1760 ὑποθέσεως
3009 1700 3288 1764 ἐνέμειναν
3333 1699 3411 1766 τῷ
3461 1699 3832 1766 δικαστηρίῳ,

2271 1786 2381 1837 ἀλλ’
2415 1787 2492 1837 ἐτι
2524 1789 2993 1856 φιλονεικουμένου
3027 1793 3119 1840 καὶ
3152 1790 3505 1856 δικαζομένου
3546 1788 3639 1840 106
3689 1790 3836 1857 προὶ-

2271 1892 2480 1942 γματος
2506 1877 2562 1928 ἓν
2585 1877 2690 1927 τῶν
2718 1877 2810 1928 δύο
2839 1878 3017 1945 μερῶν
3043 1881 3250 1946 ἀποστῇ
3293 1879 3384 1930 τοῦ
3415 1880 3837 1948 ἐκκκλησιασ-ιι-

2270 1963 2366 2014 κοῦ
2393 1965 2767 2033 δικαστηρίου,
2807 1967 2899 2017 καὶ
2926 1966 3110 2033 ἔφοδον
3153 1971 3352 2038 ποιήσῃ
3383 1969 3520 2022 κατὰ
3544 1969 3638 2020 τοῦ
3675 1973 3835 2022 ἐκνι-

2270 2055 2515 2120 κωμένου
2546 2054 2695 2114 λαοῦ,
2731 2056 2947 2107 κάκεῖνο
2973 2059 3281 2109 ἐκπεσεῖται
3305 2058 3399 2109 106
3434 2059 3560 2109 ίδίου
3588 2059 3834 2112 δικαίου.

2271 2145 2377 2195 Καὶ
2417 2145 2486 2212 μή
2517 2160 2618 2206 τις,
2666 2147 2848 2210 φησιν,
2917 2147 3108 2198 ἑαυτὸν
3167 2148 3492 2218 κολακεύσῃ,
3549 2149 3671 2200 ἀντὶ
3705 2150 3834 2212 106,

2271 2233 2544 2303 ἀπατήσῃ.
2590 2231 2654 2282 Ἦ
2689 2233 2793 2300 γὰρ
2818 2235 3068 2303 κολακεία
3099 2238 3283 2305 ἀπάτη
3314 2238 3480 2297 ἐστὶν,
3506 2237 3655 2288 οὐδὲν
3679 2237 3837 2303 ὑγιὲς

2271 2319 2363 2370 τοῦ
2399 2319 2779 2381 κολακεύοντος
2841 2320 3108 2387 λέγοντος,
3143 2323 3277 2374 ἀλλά
3305 2324 3477 2375 πάντα
3509 2326 3642 2392 πρὶς
3667 2325 3838 2394 χάριν

2274 2409 2363 2458 καὶ
2402 2407 2696 2475 θεραπείαν
2728 2410 2819 2460 τοῦ
2849 2410 3296 2479 κολακευομένου.
3331 2415 3420 2482 Μή
3450 2431 3531 2476 τις
3580 2410 3693 2479 οὖν,
3726 2433 3840 2483 φη-

2278 2498 2404 2560 σὶνη
2439 2497 2626 2547 ἑαυτὸν
2658 2499 2930 2564 ἀπατήσῃ,
2961 2499 3040 2549 ὅτι
3081 2502 3144 2550 ἐκ
3174 2501 3264 2551 106
3293 2502 3686 2567 πρωτεύοντος,
3710 2505 3838 2571 ἢτοι

2274 2579 2367 2630 106
2407 2583 2803 2649 μητροπολίτου
2836 2585 2933 2648 τῆς
2968 2586 3253 2652 ἐπαρχίας,
3290 2589 3588 2656 γράμματα
3615 2589 3836 2652 ἐζαϐεν,

2276 2671 2639 2738 ἐπιτρέποντα
2671 2672 2815 2740 αὐτῷ
2848 2671 2946 2741 τὴν
2971 2673 3062 2724 τοῦ
3095 2675 3261 2728 τόπου
3295 2677 3640 2746 κατάσχεσιν.
3704 2679 3839 2729 Εἴτε

2276 2761 2382 2827 γὰρ
2412 2761 2864 2830 ἕχειγράμματα,
2909 2767 3016 2816 εἴτε
3041 2768 3138 2818 ούκ
3189 2768 3321 2835 ἔχει,
3355 2771 3403 2819 εί
3441 2770 3513 2837 μὴ
3559 2770 3650 2821 τοῦ
3695 2787 3840 2820 κατ-

2277 2851 2486 2916 έχοντος
2514 2851 2603 2900 τὸν
2641 2853 2766 2903 λαὸν
2801 2855 2889 2904 τὸν
2926 2856 3285 2928 ἐκνικώμενον
3320 2857 3472 2909 λάϐοι
3503 2860 3841 2927 γράμματα,

2277 2933 2439 2990 δι’ὦν
2465 2942 2763 3008 φανήσεται
2814 2947 2951 2995 κατά
2993 2946 3217 3014 γνώμην
3270 2950 3477 3000 ἐκείνου
3540 2951 3844 3018 εἰρηνικῶς

2279 3027 2565 3096 κατασχὼν
2599 3031 2695 3095 τὴν
2746 3031 3100 3099 διαφέρουσαν
3138 3036 3282 3101 αὐτῷ
3314 3038 3627 3106 ἐκκλησίαν,
3665 3041 3844 3092 ἐκπε-

2284 3119 2451 3168 σεῖται
2474 3117 2564 3168 τοῦ
2589 3119 2794 3170 δικαίου
2840 3122 3003 3172 αὑτοῦ
3032 3139 3044 3151 ·
3087 3125 3181 3175 ἐὰν
3211 3126 3263 3178 δέ
3321 3129 3414 3178 καὶ
3443 3132 3469 3180 0
3507 3131 3844 3198 ἐναγόμενος·

2280 3208 2641 3278 ἀντεναγάγῃ,
2672 3213 2968 3275 τουτέστιν,
2996 3215 3403 3286 ἀνταιτιάσηται
3435 3220 3526 3271 τὸν
3547 3223 3843 3287 ἐνάγοντα,

2278 3293 2362 3345 ἵνα
2394 3295 2487 3345 καὶ
2516 3295 2653 3368 αὕτη
2688 3300 2719 3366 ή
2759 3299 3008 3361 ὑπόθεσις
3035 3305 3321 3371 περατωοῇ
3377 3308 3672 3376 κρινόντων
3711 3311 3845 3362 ἐπι-

2279 3385 2510 3439 σκόπων.
2551 3389 2613 3438 Οἱ
2642 3390 2694 3440 δὲ
2733 3393 3066 3461 κρίνοντεςῆ
3106 3397 3254 3463 παρά
3311 3398 3405 3449 τοῦ
3462 3402 3843 3468 πρωτεύοντος

2277 3472 2605 3541 δοθήσονται,
2636 3477 2667 3544 ἢ
2709 3481 2846 3530 κατὰ
2885 3482 3186 3533 συναὶνεσιν
3212 3484 3318 3536 τῶν
3345 3487 3627 3540 ἀντιδίκων
3651 3493 3849 3544 ἐπιλε-

2279 3567 2555 3631 γήσονται.

2277 3656 2492 3707 ΑΡΙΣΤ.
2539 3675 2554 3705 ι
2588 3658 2790 3726 Μηδεὶς
2832 3663 3006 3731 ἑαυτῷ
3055 3665 3332 3719 ἐκδικείτω
3379 3670 3438 3720 τὸ
3467 3671 3841 3740 νομιζόμενον

2353 3762 2370 3793 ε
2409 3745 2703 3814 διαφέρειν,
2759 3751 2871 3802 ἀλλ’
2904 3753 3190 3807 ἐπίσκοποι
3235 3761 3586 3825 κρινέτωσαν,
3620 3762 3652 3830 ἦ
3687 3761 3786 3824 οὓς
3814 3768 3845 3816 0

2354 3855 2370 3886 ι
2410 3839 2702 3905 πρωτεύων
2733 3841 2916 3906 δώσει,
2950 3845 2979 3913 ἢ
3020 3847 3067 3896 oi
3098 3848 3460 3912 γειτονοῦντες
3486 3854 3549 3902 ἐκ
3578 3854 3845 3905 συναινέ-

2353 3946 2368 3975 ι
2409 3945 2538 3989 σεως
2562 3948 2574 3960 ο
2603 3934 2628 3982 0
2649 3931 2702 3981 δὲ
2734 3933 2882 3998 παρὰ
2909 3933 3001 3983 106
3045 3937 3414 4003 πρωτεύοντος
3441 3941 3674 4007 γράμμα
3704 3945 3848 4011 περὶ

2355 4037 2370 4064 ι
2415 4018 2508 4068 106
2542 4023 2834 4087 κατασχεῖν
2867 4021 3043 4073 λαϐὼν
3067 4026 3257 4076 ἐαυτὸν
3286 4027 3586 4081 κολακεύει.
3627 4047 3646 4078 ι

2356 4106 2425 4156 El
2460 4124 2542 4168 τις
2583 4109 2870 4172 ἐπίσκοπος
2919 4114 3084 4165 οἴεται
3134 4115 3279 4182 ἐχειν
3334 4117 3539 4170 δίκαιον
3584 4120 3676 4172 ἐπί
3725 4139 3848 4178 τινι

2281 4198 2543 4264 παροικίᾳ
2597 4199 2724 4266 παρ’
2754 4201 2939 4267 ἐτέρου
2974 4204 3274 4255 ἐπισκόπου
3312 4209 3649 4277 κατεχομένη
3671 4247 3687 4273 ,
3721 4214 3847 4274 τοῖς

2281 4288 2612 4353 προσφόροις
2654 4289 2801 4357 αὑτῷ
2841 4291 3154 4354 ἐπισκόποις
3182 4295 3383 4360 ὀφείλει
3414 4297 3847 4367 προσέρχεσθαι,

635 4376 894 4427 accedere
929 4376 1107 4436 debet,
1140 4384 1192 4427 et
1226 4375 1367 4426 litem
1410 4376 1458 4428 ei
1517 4376 1790 4428 intendere
1819 4393 1830 4427 :
1866 4391 1967 4430 non
1997 4386 2173 4427 autem

2283 4379 2528 4443 καὶπερὶ
2559 4377 2747 4429 τούτου
2795 4379 3129 4445 διεγκαλεῖν⁶
3189 4383 3248 4434 οὐ
3295 4385 3402 4452 μὴν
3443 4386 3849 4456 αὑτεκδίκητον

528 4445 532 4454 ’
561 4471 564 4474 ’
636 4477 792 4513 suum
827 4477 945 4514 esse
982 4462 1226 4524 ultorem,
1263 4471 1316 4513 et
1349 4477 1469 4514 cum
1500 4465 1813 4515 auctoritate
1845 4465 2026 4516 conari
2055 4479 2175 4528 pos-

637 4551 834 4612 sidere,
871 4551 1012 4617 quod
1062 4552 1332 4603 existimat
1386 4552 1447 4601 ad
1492 4566 1549 4600 se
1591 4554 1874 4617 pertinere.
1929 4552 2079 4616 Quod
2131 4555 2176 4606 si

631 4649 683 4691 ιι
715 4640 918 4691 litteras
941 4640 1005 4692 de
1037 4640 1246 4706 populo,
1271 4641 1358 4705 qui
1391 4641 1456 4690 ab
1488 4641 1592 4691 alio
1612 4641 1858 4706 episcopo
1885 4642 2174 4705 detinetur,

633 4728 958 4794 possidendo
1014 4730 1301 4792 acceperit,
1358 4730 1701 4793 semetipsum
1754 4729 1972 4796 decipit.
2035 4730 2177 4782 Nihil

633 4819 774 4871 enim
808 4834 870 4871 ex
905 4833 966 4871 eo
993 4819 1332 4870 emolumenti
1372 4820 1618 4885 accipiet,
1651 4820 1750 4870 nisi
1807 4822 1888 4885 qui
1934 4835 2050 4871 eum
2086 4822 2178 4873 de-

634 4911 767 4960 tinet
819 4909 1036 4974 pacilice
1086 4908 1266 4958 mallet
1329 4909 1606 4973 desistere,
1663 4924 1818 4976 quam
1853 4910 2178 4977 judicialiter

632 4999 889 5053 amoveri.

1161 5078 1385 5141 CANON'
1425 5091 1630 5144 cxxn.

635 5195 650 5226 ι
702 5179 770 5228 De
801 5180 864 5232 iis
893 5181 980 5247 qui
1030 5181 1249 5247 populos
1287 5183 1350 5232 ad
1409 5199 1466 5234 se
1522 5180 1851 5248 pertinentes
1883 5180 2174 5247 negligunt.

706 5290 723 5323 ι
767 5275 1020 5326 Similiter
1051 5276 1264 5342 placuit,
1297 5284 1352 5327 ut
1382 5276 1685 5342 quicunque
1717 5274 1990 5341 negligant
2037 5273 2173 5335 loca,

699 5383 714 5412 ι
751 5378 866 5428 qua:
895 5364 957 5413 ad
989 5377 1139 5414 suam
1173 5363 1484 5416 cathedram
1518 5364 1811 5430 pertinent,
1844 5362 1982 5426 qttod
2017 5363 2080 5413 ad
2114 5377 2172 5415 ea

702 5471 720 5501 ι
762 5453 825 5505 ad
861 5453 1179 5504 catholicam
1215 5454 1464 5504 unionem
1511 5451 1897 5504 lucrifacienda
1954 5453 2169 5513 attinet,

703 5561 719 5590 ι
753 5558 780 5593 a
812 5543 1000 5594 vicinis
1029 5557 1211 5593 eorum
1269 5543 1607 5609 diligentibus
1645 5543 1913 5608 episcoliis
1973 5557 2169 5594 conve-

695 5653 713 5682 ‹
751 5634 986 5693 niantur,
1023 5649 1087 5686 ne
1121 5635 1223 5687 hoc
1251 5632 1428 5685 lacere
1458 5631 1724 5684 tlilTerant.
1759 5633 1931 5696 Quare
1962 5635 2004 5685 si
2036 5634 2171 5686 intra

693 5743 711 5774 ι
754 5725 1041 5778 terminum
1083 5740 1170 5777 sex
1232 5726 1496 5778 mensium
1530 5739 1556 5774 a
1596 5723 1681 5777 die
1734 5725 1888 5792 hujus
1943 5739 2174 5778 conven-

2280 4467 2544 4530 γίνεσθαι,
2609 4469 2700 4518 καὶ
2759 4468 3092 4531 αύθεντικῶς
3156 4474 3452 4539 κατασχεῖν
3515 4475 3846 4542 πειρᾶσθαι,

2280 4561 2414 4625 ὅπερ
2447 4557 2616 4608 οἴεται
2651 4558 2796 4626 αύτῴ
2841 4559 3138 4626 διαφέρειν.
3203 4561 3265 4612 El
3317 4561 3372 4612 δὲ
3406 4563 3500 4613 καὶ
3528 4564 3852 4634 γράμματα

2279 4649 2413 4716 λάϐῃ
2469 4649 2593 4714 περὶ
2620 4649 2710 4698 τοῦ
2744 4653 3033 4717 κατασχεῖν
3077 4650 3167 4702 τὸν
3222 4652 3364 4716 λαὸν,
3409 4654 3500 4704 τὸν
3529 4655 3617 4720 ὑιρ’
3647 4657 3852 4723 ἐτέρου

2281 4736 2646 4803 κατεχόμενον
2691 4737 3008 4801 ἐπισκόπου,
3063 4740 3250 4792 ἑαυτὸν
3308 4743 3513 4811 ἀπατᾷ.
3560 4744 3695 4795 Οὐδὲ
3731 4747 3854 4815 γὰρ

2281 4821 2597 4889 ώιρεληθήσε
2619 4823 2709 4873 ταί
2747 4841 2797 4874 τι
2828 4822 2885 4885 ἐξ
2923 4827 3106 4890 αὐτοῦ,
3158 4831 3204 4878 εί
3243 4831 3315 4898 μὴ
3344 4833 3370 4881 0
3401 4832 3644 4898 κατέχων
3674 4835 3854 4888 αὑτὸν

2281 4915 2564 4981 εἰρηνικῶς
2597 4914 2811 4983 θελήσει
2861 4917 3183 4987 ἀποστῆναι,
3235 4922 3266 4989 ἢ
3303 4924 3631 4986 δικαστικῶς
3667 4943 3855 4994 μετα-

2283 5005 2586 5072 κινηθῆναι.

2850 5099 3078 5151 ΚΑΝΩΝ
3107 5100 3274 5157 ΡΚΒ’.

2286 5205 2302 5236 ι
2335 5187 2465 5254 Περὶ
2482 5187 2588 5238 τῶν
2613 5189 2961 5254 ἀμελούντων
2985 5191 3102 5242 τῶν
3124 5193 3306 5255 αὐτοῖς
3332 5197 3644 5264 ἀνηκόντων
3667 5200 3849 5261 λαῶν.

2354 5294 2370 5324 ι
2426 5275 2655 5343 Ὁμοίως
2685 5280 2895 5345 ἤρεσεν,
2951 5281 3037 5331 ἵνα
3095 5283 3290 5343 οἵτινες
3341 5285 3538 5352 δήποτε
3574 5289 3852 5355 ἀμελοῦσι

2357 5384 2373 5414 ι
2412 5365 2516 5416 τῶν
2546 5368 2722 5417 τόπων
2748 5369 2853 5420 τῶν
2901 5371 3208 5436 ἀνηκόντων
3237 5378 3299 5442 τῇ
3341 5376 3518 5426 αὐτῶν
3569 5379 3844 5453 καθέδρᾳ,

2356 5475 2373 5506 ι
2415 5457 2547 5520 πρὸς
2599 5457 2823 5518 τούτους
2861 5461 3112 5525 κερδᾶναι
3145 5465 3224 5524 είς
3256 5465 3352 5532 τὴν
3388 5467 3688 5535 καθολικὴν
3719 5473 3851 5524 ἐνό-

2359 5569 2373 5596 ι
2417 5565 2572 5616 τητα,
2613 5551 2952 5617 ἐγκληθῶσιν
2984 5553 3090 5604 ἀπὸ
3130 5555 3237 5606 τῶν
3269 5558 3625 5622 γειτνιώντων
3653 5564 3847 5626 αὐτοῖς

2355 5661 2370 5690 ι
2410 5642 2680 5708 ἐπιμελῶν
2712 5645 3020 5696 ἐπισκόπων
3051 5649 3180 5714 περὶ
3206 5648 3298 5698 τοῦ
3330 5652 3402 5716 μὴ
3430 5651 3848 5707 ἀνασάλλεσθαι

2356 5751 2371 5781 ι
2414 5732 2571 5783 τοῦτο
2601 5733 2822 5800 πρᾶξαι.
2853 5735 2941 5787 Διὸ
2970 5735 3061 5789 ἐὰν
3091 5737 3239 5800 ἐντὸς
3282 5743 3616 5810 προθεσμίας
3651 5747 3847 5812 μηνῶν
