4012 6438
254 406 354 464 393

1251 414 1333 475 ΙΝ
1369 417 1533 478 CAN.
1565 419 1782 478 CXXII
1809 416 2016 478 CONC.
2045 416 2423 477 CARTHAG.

3381 407 3484 472 391

321 536 341 569 ι
382 516 440 584 ἒξ
467 520 578 572 ἀπὸ
614 521 713 590 τῆς
751 524 964 593 ἡμέρας
989 530 1086 595 τῆς
1124 529 1254 600 περὶ
1307 529 1500 583 τούτου
1562 530 1794 585 συνελεύ

1999 549 2016 582 ι
2063 532 2226 585 tionis
2260 531 2391 586 nihil
2434 528 2730 592 elleccrint,
2781 530 2829 584 ei
2892 529 3166 597 deinceps,
3220 527 3310 596 qui
3368 525 3487 594 illos

329 629 348 660 ι
391 626 530 674 σεως
555 613 724 682 μηδὲν
757 611 1022 679 ἀνύσωσι,
1052 618 1131 687 τῷ
1163 617 1451 689 δυναμένῳ
1481 621 1666 674 λοιπὸν
1696 622 1821 673 τού-

324 720 344 752 ε
387 719 514 764 τους
560 704 823 773 κερδᾶναι
864 709 1358 775 προσκυρωθῶσιν·
1400 710 1573 774 οὕτως
1610 712 1818 781 μέντοι,

325 811 346 844 ε
390 793 498 857 ῖνα,
521 793 614 846 ἐὰν
644 795 877 860 εκεῖνος,
909 798 1042 867 πρὸς
1067 798 1126 850 ὃν
1169 799 1478 853 δείκνυνται
1516 803 1738 871 ἀνήκειν
1772 806 1821 856 οἱ

328 901 350 934 ε
392 884 646 951 τοιοῦτοι,
679 888 994 958 ἐξεπίτηδες
1026 891 1115 943 διά
1156 907 1275 944 τινα
1304 893 1615 961 οἰκονομίαν
1643 894 1823 958 ἔδοξεν

323 994 343 1026 ι
383 976 634 1044 ἀμελεῖν,
677 978 837 1031 τοῦτο
895 980 1002 1032 τῶν
1052 982 1350 1051 αίρετικῶν
1391 984 1819 1053 ὲπιλεξαμένων,

329 1083 348 1116 ι
390 1065 532 1119 ὥστε
571 1069 855 1137 ἀθορύϐως
908 1071 1103 1132 αὐτοὺς
1162 1073 1606 1140 παραδέξασθαιο
1642 1078 1735 1128 καὶ
1765 1080 1823 1128 ἐν

325 1172 344 1203 ο
385 1156 626 1226 τοσούτῳ
669 1160 701 1226 ἡ
737 1159 901 1211 αὑτοῦ
949 1161 1240 1229 ἐπιμέλεια
1295 1162 1399 1215 ὑπὸ
1450 1165 1638 1233 ἑτέρου
1685 1183 1822 1235 προσ

327 1264 347 1295 ε
387 1247 620 1315 ελήφθη,
662 1242 808 1321 ᾖτινι
838 1251 885 1301 εί
916 1252 1318 1320 κατεχρήσατο,
1351 1253 1478 1314 τοὺς
1509 1254 1705 1316 αὐτοὺς
1734 1255 1822 1306 ai-

327 1352 348 1386 ε
390 1339 638 1405 ρετικοὺς
676 1339 840 1391 πλέον
889 1340 1174 1404 ἐκάκιζεν·
1228 1341 1418 1395 τούτου
1456 1342 1658 1410 μεταξὺ
1702 1345 1823 1397 ἐπι-

328 1443 349 1476 ε
395 1427 613 1480 σκόπων
660 1430 954 1499 κρινόντων
1000 1431 1528 1501 διαγινωσκομένου⁹
1572 1434 1622 1485 oi
1666 1434 1820 1486 τόποι

324 1534 344 1566 ι
385 1520 452 1587 τῇ
503 1517 670 1571 αὑτοῦ
717 1519 953 1589 καθέδρα
987 1521 1537 1576 ἁποκατασταθῶσιν.
1587 1523 1709 1576 Τῶν
1763 1524 1820 1576 δὲ

326 1623 346 1656 ι
389 1608 682 1675 κρινόντων
727 1610 1041 1662 επισκόπων
1077 1613 1142 1664 ὲκ
1189 1611 1461 1682 διαφόρων
1505 1612 1676 1666 ὄντων
1722 1616 1820 1667 επ-

322 1713 342 1745 t
387 1697 615 1764 αρχιῶν,
672 1699 885 1760 ἐκεῖνος
939 1702 967 1750 ό
1016 1699 1321 1770 πρωτεύων
1372 1701 1502 1766 τοὺς
1556 1702 1818 1765 δικαστὰς

322 1807 341 1837 ι
380 1787 563 1849 δώσει,
621 1782 828 1850 οὗτινος
869 1789 929 1840 ἓν
961 1792 1025 1859 τῇ
1062 1790 1215 1861 χώρᾳ
1267 1795 1295 1845 ὁ
1350 1793 1515 1855 αὐτὸς
1579 1793 1817 1864 ὑπάρχει

322 1895 340 1926 ι
381 1877 570 1942 τόπος,
632 1879 760 1946 περὶ
811 1873 872 1933 οὗ
925 1858 1340 1947 φιλονεικενίται.
1391 1884 1518 1936 Ἐὰν
1571 1885 1628 1938 δὲ
1855 1858 1893 1911 Β

319 1985 342 2019 ε
385 1969 572 2038 κοινὴν
605 1969 909 2022 συναίνεσιν
934 1972 1186 2037 γείτονας
1217 1973 1578 2038 επιλέξωνται
1597 1978 1813 2042 κριτὰς,

325 2078 343 2108 ι
383 2061 417 2129 ἢ
455 2055 535 2122 εἷς
567 2059 794 2130 ὲπιλεγῇ
824 2061 855 2130 ἢ
889 2064 1042 2131 τρεῖς
1061 2078 1076 2093 ο
1108 2065 1203 2115 καὶ
1224 2065 1322 2116 ἐὰν
1343 2066 1495 2132 τρεῖς
1523 2066 1817 2129 ἑπιλέξων-

323 2169 340 2200 ι
383 2152 544 2219 ται,ῆ
578 2154 642 2222 τῇ
698 2153 806 2205 τῶν
832 2152 970 2206 ὅλων
1001 2152 1167 2224 ψήφῳ
1201 2154 1743 2225 ἑξακολουθήσουσιν,
1781 2157 1813 2227 ἢ

315 2261 335 2290 ε
383 2245 445 2310 τῇ
479 2241 585 2294 τῶν
606 2242 720 2295 δύο.
768 2261 787 2294 ι

314 2331 514 2383 ΒΛΔΣ.
561 2331 746 2384 Ἄλλοι
802 2335 900 2403 μὶν
965 2336 1283 2400 ἐξελάσοντο
1329 2337 1422 2391 τὸν
1475 2339 1678 2397 κανόνα
1735 2341 1815 2402 εἰς

240 2421 584 2482 ιπισκόπους
602 2421 820 2488 ἀμελῶς
851 2424 1267 2496 διατιθεμένους
1297 2429 1388 2480 επὶ
1422 2431 1487 2496 τῇ
1526 2428 1809 2498 ἰκδικήσει

237 2511 352 2563 τῶν
409 2510 730 2580 ἀνηκόντων
789 2514 930 2566 κατὰ
968 2514 1288 2568 δεσποτείαν
1327 2519 1450 2579 ταῖς
1495 2517 1816 2588 ικκλησίαις

235 2599 420 2652 αύτῶν
444 2600 666 2653 τόπωνο
726 2601 838 2669 εγὼ
886 2603 944 2656 δδ
989 2607 1127 2676 πρὸς
1169 2606 1266 2676 τὴν
1314 2607 1666 2661 ὶπιτίτλωσιν
1716 2608 1812 2661 τοῦ

237 2691 466 2752 κανόνος
498 2691 820 2760 ἑρμηνεύων
852 2692 1038 2759 αύτδν,
1071 2696 1216 2764 φημὶ
1249 2697 1330 2748 ὅτι
1361 2697 1526 2766 ἠρεσε
1552 2699 1665 2758 τοῖς
1703 2698 1814 2750 Πα-

233 2779 460 2848 τράσιν,
489 2780 578 2833 ῖνα
605 2820 620 2844 ,
651 2782 746 2835 ἐὰν
775 2782 1071 2836 ἐπίσκοποί
1095 2801 1241 2848 τινες
1265 2785 1512 2854 ἁμελῶσι
1538 2786 1633 2840 τοῦ
1665 2787 1812 2842 διδά-

235 2884 392 2920 σκειν
424 2869 552 2932 τοὺς
588 2870 648 2922 ἐν
677 2871 796 2932 ταῖς
831 2871 1068 2939 ὲνορίαις
1112 2872 1316 2939 αὐτῶν,
1360 2875 1472 2927 εἴτε
1504 2876 1812 2945 κερδαίνειν

230 2964 330 3021 τὰς
366 2957 549 3029 ψυχὰς
591 2959 840 3025 τούτων,
892 2961 1179 3031 ὀφείλωσιν
1233 2966 1317 3028 είς
1371 2965 1471 3034 τὴν
1516 2966 1811 3037 καθολικὴν

231 3055 490 3123 ἑνότητα,
518 3043 686 3125 ἤγουν
705 3057 786 3118 είς
808 3055 904 3126 τὴν
933 3057 1152 3127 ἑτησίαν
1173 3057 1410 3123 σύνοδον,
1433 3059 1807 3126 ιγκαλεῖσθαι,

2003 639 2021 671 ι
2056 621 2226 689 possit
2271 618 2612 684 lucrifacere,
2665 620 3010 689 assignentur
3041 637 3054 672 :
3093 618 3170 671 sic
3207 625 3408 675 tamen,
3440 614 3483 667 si

2008 729 2024 761 ι
2061 712 2168 778 ille,
2218 711 2283 765 ad
2313 726 2469 778 quem
2507 710 2542 764 ii
2578 711 2849 781 pertinere
2878 709 3257 770 ostenduntur,
3297 707 3360 759 de
3408 705 3490 759 in-

1999 819 2016 850 ι
2053 801 2257 854 dustria
2291 811 2505 870 propter
2537 799 2771 867 aliquam
2823 798 3182 852 ceconomiam
3220 796 3487 866 negligere

1996 909 2010 942 ι
2053 891 2199 945 visus
2221 891 2312 956 sit,
2344 905 2466 944 cum
2495 891 2596 945 hoc
2623 889 2940 943 maluissent
2965 888 3222 950 haeretici,
3253 897 3309 938 ut
3340 887 3489 954 ipsos

2006 1003 2024 1034 ι
2060 985 2264 1051 absque
2297 985 2408 1039 ullo
2435 984 2661 1051 strepitu
2696 985 3007 1051 acciperet;
3040 991 3095 1035 et
3131 982 3334 1035 interea
3373 977 3488 1045 ejus

2009 1092 2028 1124 ε
2067 1072 2348 1142 diligentia
2379 1074 2447 1127 ab
2472 1071 2577 1125 alio
2610 1079 2884 1140 praiventa
2916 1069 3017 1134 sit;
3054 1083 3155 1136 qua
3193 1065 3409 1134 quidem
3443 1063 3486 1116 si

2012 1182 2030 1213 ι
2071 1179 2200 1218 usus
2225 1173 2390 1224 esset,
2423 1163 2571 1230 ipsos
2601 1161 2883 1215 hazreticos
2913 1157 3084 1226 magis
3107 1159 3173 1208 ad
3227 1151 3486 1220 improbi-

2013 1273 2030 1305 ι
2068 1265 2230 1309 tatem
2265 1256 2546 1308 incitasset
2576 1271 2589 1306 :
2614 1267 2680 1306 eo
2712 1251 3179 1319 interjudicantes
3209 1245 3492 1314 episcopos

2009 1363 2027 1396 ι
2057 1346 2291 1413 cognito,
2317 1345 2435 1398 loca
2463 1345 2580 1410 ejus
2602 1343 2711 1397 sedi
2746 1341 3119 1396 restituantur.
3153 1335 3283 1389 Cum
3307 1346 3490 1388 autem

2012 1454 2030 1486 ι
2061 1435 2371 1503 jttdieantes
2405 1433 2640 1504 episcopi
2683 1435 2792 1487 sint
2818 1449 2882 1488 ex
2916 1431 3144 1486 diversis
3178 1427 3491 1497 provinciis.

2014 1545 2030 1575 ι
2064 1527 2265 1592 primas
2297 1525 2610 1592 illejudices
2647 1524 2814 1587 dabit,
2859 1523 2912 1576 in
2961 1521 3114 1589 cujus
3146 1520 3362 1586 regione
3407 1526 3494 1569 est

2001 1634 2019 1664 ε
2059 1615 2207 1668 locus
2242 1615 2333 1668 ille
2375 1615 2439 1667 de
2468 1628 2576 1682 quo
2605 1611 2968 1666 contenditur.
3009 1607 3102 1661 Sin
3136 1617 3313 1658 autem
3345 1619 3492 1656 cou-

2007 1726 2024 1756 ι
2061 1707 2210 1759 tnuni
2268 1721 2536 1760 consensu
2591 1704 2798 1758 vicinos
2828 1701 3037 1771 judiccs
3092 1697 3376 1766 elegerint,
3409 1694 3490 1747 vel

2001 1816 2020 1848 ε
2055 1813 2191 1848 unus
2242 1797 2493 1866 eligatur,
2556 1794 2636 1847 vel
2686 1805 2834 1849 tres:
2869 1804 2922 1846 ct
2977 1792 3019 1845 si
3067 1802 3178 1843 tres
3210 1787 3488 1855 (legerint,

2001 1908 2018 1939 ι
2055 1891 2131 1941 vel
2164 1889 2405 1942 omnium
2469 1884 2794 1940 sententiam
2855 1893 3175 1952 sequentur,
3221 1879 3302 1934 vel
3351 1878 3489 1930 duo-

2003 1996 2019 2028 ι
2057 1991 2194 2030 ιύιιι.
2237 1994 2254 2026 ι

1989 2331 2183 2388 BALS.
2205 2333 2307 2386 Alii
2353 2333 2569 2402 quidem
2616 2341 2942 2403 acceperunt
2986 2345 3249 2385 canonem
3277 2329 3344 2384 de
3372 2329 3487 2398 cpi-

1917 2423 2121 2493 scopis,
2151 2422 2241 2492 qui
2284 2421 2622 2493 negligenter
2648 2436 2708 2478 se
2751 2431 2947 2491 gerunt
2986 2421 3039 2475 in
3074 2423 3140 2475 iis
3174 2420 3328 2485 locis,
3364 2433 3484 2487 quas

1913 2512 2036 2583 jure
2066 2513 2287 2567 dominii
2311 2511 2378 2566 ad
2409 2512 2672 2568 ecclesias
2713 2526 2840 2568 suas
2877 2516 3169 2582 pertinent,
3203 2510 3485 2565 vindican-

1917 2606 2024 2660 dis.
2076 2602 2189 2674 Ego
2246 2618 2394 2670 vero,
2437 2604 2737 2659 secundum
2795 2603 3018 2658 canonis
3082 2603 3293 2657 titulum
3358 2616 3482 2655 eum

1916 2696 2303 2762 interpretans,
2367 2695 2508 2759 dico,
2599 2695 2742 2763 quod
2786 2693 3040 2749 Patribus
3073 2693 3294 2762 placuit,
3353 2692 3481 2744 utsi

1913 2788 2151 2858 episcOpi
2196 2787 2364 2858 aliqui
2414 2786 2687 2856 negligant
2747 2800 2842 2841 eos
2889 2786 3086 2840 docere
3131 2786 3222 2852 qui
3267 2784 3320 2837 in
3367 2783 3483 2836 suis

1913 2888 2040 2933 sunt
2062 2877 2410 2941 dioecesibus,
2445 2886 2503 2931 ut
2530 2891 2719 2932 eorum
2743 2878 2956 2930 animas
2984 2875 3348 2940 lucrifaciant,
3385 2874 3479 2928 de-

1913 2967 2042 3022 bent
2074 2967 2141 3021 ad
2163 2966 2482 3021 catholicam
2509 2966 2790 3029 unionem,
2816 2979 2909 3021 seu
2939 2966 3006 3018 ad
3053 2978 3286 3018 annuam
3319 2980 3480 3034 syno-

1914 3059 2038 3114 dum
2065 3059 2302 3125 evocari,
2328 3074 2422 3114 seu
2461 3057 2802 3122 denuntiari,
2849 3072 2879 3110 a
2911 3056 3103 3112 vicinis
3133 3055 3478 3126 diligentibus

235 3146 408 3214 ῖιγουν
466 3145 946 3216 παραγγὲλλεσθαι
1012 3147 1166 3217 παρὰ
1228 3146 1338 3200 τῶν
1387 3148 1794 3214 γειτνιαζόντωι

1911 3146 2201 3216 episc0pis,
2235 3162 2303 3201 ne
2324 3147 2432 3201 sint
2453 3147 2731 3212 socordes,
2765 3146 2862 3201 sed
2887 3161 3046 3201 suum
3089 3146 3342 3215 populum
3379 3149 3476 3198 do-

227 3235 512 3303 ιπιμελῶν
551 3236 867 3290 ἐπισκόπων
904 3238 1033 3308 περὶ
1065 3237 1159 3290 τοῦ
1207 3239 1283 3308 μὴ
1324 3239 1625 3310 ῥᾳθυμεῖν,
1663 3241 1802 3297 ἀλλὰ

225 3326 506 3379 διδάσκειν
535 3327 626 3380 τὸν
652 3327 744 3380 ὑπ’
773 3329 971 3392 αὐτοὺς
1001 3329 1157 3381 λαόν.
1211 3329 1338 3382 Ἐὰν
1363 3330 1418 3382 δὲ
1451 3331 1588 3400 μετὰ
1616 3336 1679 3385 τὸ
1706 3349 1802 3400 γε⁹

225 3417 420 3471 νέα-θαι
444 3417 546 3487 τὴν
581 3418 965 3486 παραγγελίαν
1022 3420 1082 3471 ού
1111 3419 1483 3489 διορθωθῶσιν
1510 3424 1559 3474 οί
1591 3425 1803 3492 ἐπιφω-

223 3507 483 3576 νηθέντες
513 3509 607 3560 καὶ⁵
640 3514 719 3570 είς
744 3508 1103 3564 διδασκαλίαν
1122 3511 1624 3581 ἐπαγρυπνήσωσιν
1648 3513 1802 3577 ἐντὸς

226 3597 415 3665 μηνῶν
484 3595 565 3660 ἒξ,
635 3597 823 3651 ἔκτοτε
885 3601 1198 3670 ὀφείλουσιν
1255 3603 1305 3654 οἱ
1359 3602 1591 3655 τοιοῦτοι
1642 3605 1799 3658 τόποι

223 3687 680 3758 προσκυροῦσθαι
725 3691 895 3761 ὲτέρῳ
950 3694 1315 3764 πλησιοχώρῳ
1351 3696 1636 3766 ἐπισκόπῳ
1662 3735 1678 3762 ,
1718 3697 1797 3767 τῷ

218 3777 508 3847 δυναμένῳ
531 3780 753 3844 τούτους
781 3783 1061 3851 κερδᾶναι,
1092 3786 1262 3854 ἧγουν
1297 3786 1386 3839 διὰ
1405 3785 1504 3856 τῆς
1532 3789 1794 3842 διδασκα-

221 3867 343 3929 λίας
374 3869 793 3926 οἰκειώσασθαι.
831 3874 956 3925 Ἐὰν
996 3875 1051 3927 δὲ
1080 3877 1107 3928 ό
1136 3877 1458 3942 ἐπίσκοπος,
1489 3878 1516 3931 ό
1545 3879 1650 3949 πρὸ
1673 3879 1796 3933 τού-

216 3977 313 4011 του
341 3959 444 4026 τὴν
473 3963 735 4030 τοιαύτην
769 3965 988 4035 ὲνορίαν
1016 3966 1179 4034 ἔχων,
1215 3967 1348 4039 λέγῃ
1382 3969 1471 4023 διά
1495 3987 1617 4024 τινα
1644 3971 1794 4024 nixo-

219 4051 416 4118 νομίαν
451 4051 732 4119 ἀμελῆσαι
759 4052 854 4105 τοῦ
879 4054 1157 4109 διδάσκειν
1188 4057 1280 4110 τὸν
1301 4059 1358 4109 ἐν
1386 4059 1526 4128 αὐτῇ
1550 4058 1698 4124 λαὸν,
1717 4059 1793 4123 ὡς

216 4142 385 4211 τυχὸν
413 4141 522 4193 τῶν
557 4143 618 4193 ὲν
658 4144 840 4216 ἐκείνῃ
896 4146 1064 4199 ὄντων
1112 4148 1406 4218 αίρετικῶν
1448 4149 1793 4218 θελησάντων

215 4235 385 4303 χωρίς
417 4250 560 4296 τινος
595 4234 818 4304 ἐλέγχου
852 4240 1278 4307 ἐπιστραφῆναι,
1306 4239 1397 4292 καὶ
1431 4241 1791 4306 ἀξιωσάντων

219 4324 609 4392 σεσιγημίνως
641 4325 734 4377 τὸν
762 4325 920 4393 λόγον
951 4328 1050 4396 τῆς
1070 4327 1329 4397 ἀληθείας
1354 4330 1786 4400 παραδέξασθαι,

215 4418 310 4467 καὶ
347 4418 439 4470 διὰ
474 4417 634 4469 τοῦτο
677 4418 951 4488 ἀμελῆσαι
996 4424 1098 4489 τῆς
1152 4421 1520 4483 διδασκαλίας,
1567 4422 1651 4473 ἵνα
1711 4421 1786 4490 μὴ

1906 3247 2086 3294 ceaut.
2109 3239 2203 3291 Sin
2225 3248 2402 3292 autem
2435 3247 2722 3308 postquam
2758 3236 2898 3291 facta
2927 3238 3089 3290 fuerit
3138 3237 3472 3290 dcrmntiatio

1905 3329 2229 3399 interpellati
2269 3345 2375 3384 non
2405 3329 2768 3398 corrigantur,
2786 3344 2886 3384 nec
2908 3330 3170 3384 doctrina:
3196 3330 3475 3396 invigilent

1905 3423 2044 3476 intra
2077 3437 2170 3476 sex
2193 3436 2404 3477 menses
2431 3439 2448 3485 ;
2484 3432 2612 3474 tunc
2645 3421 2812 3490 656
2838 3421 3034 3475 debent
3058 3421 3320 3486 ejusmodi
3359 3422 3469 3473 i0t:l

1903 3511 1994 3565 alii
2021 3511 2195 3564 vicino
2211 3512 2467 3580 cpisc0po
2491 3511 2778 3578 assignari,
2806 3511 2896 3579 qui
2934 3513 3214 3579 possitcos
3250 3511 3470 3565 lucrifa-

1900 3615 2048 3665 cere,
2084 3615 2177 3654 seu
2211 3614 2304 3666 per
2328 3600 2632 3656 doctrinam
2655 3600 2757 3653 sibi
2801 3600 3098 3654 familiares
3144 3601 3383 3654 reddere.
3413 3599 3468 3653 Si

1899 3701 2079 3747 autem
2105 3691 2416 3760 episCOpus,
2450 3693 2539 3760 qui
2592 3703 2716 3746 ante
2789 3692 2934 3745 hunc
2989 3695 3231 3746 eamdem
3285 3695 3471 3746 habuit

1899 3781 2199 3846 dioecesim,
2229 3781 2372 3834 dicat
2401 3781 2701 3836 oeconomia
2735 3780 2908 3849 aliqua
2935 3790 2990 3834 et
3021 3782 3251 3850 quodam
3289 3784 3470 3835 consi-

1898 3872 1970 3926 lo
2013 3886 2071 3927 se
2120 3872 2374 3942 populum
2433 3887 2593 3927 suum
2660 3873 2856 3926 docere
2913 3873 3219 3942 negligere;
3285 3882 3468 3940 utpote

1897 3967 2039 4035 quod
2068 3965 2333 4031 haeretici,
2363 3965 2455 4034 qui
2492 3965 2544 4020 in
2567 3979 2629 4020 ea
2674 3964 2814 4019 forte
2843 3975 2991 4029 sunt,
3023 3965 3190 4019 velint
3213 3966 3329 4020 sine
3360 3967 3465 4020 ulla

1899 4057 2326 4124 reprehensione
2356 4057 2622 4120 converti,
2652 4066 2706 4110 et
2739 4070 2952 4125 :equum
2999 4067 3257 4111 censeant
3290 4068 3345 4111 ut
3376 4073 3464 4111 ve-

1894 4148 2076 4202 ritatis
2133 4148 2398 4202 rationem
2452 4148 2616 4201 tacite
2672 4147 3009 4215 suscipiant;
3062 4157 3117 4201 et
3175 4157 3462 4218 propterea

1894 4237 2088 4292 docere
2140 4239 2382 4307 negligit,
2433 4253 2500 4291 ne
2544 4253 2608 4292 ea
2657 4249 2817 4292 utens
2857 4239 3143 4293 luereticos
3185 4241 3356 4308 magis
3390 4241 3457 4293 ad

1895 4327 2295 4395 improbitatem
2322 4327 2531 4390 incitet,
2557 4338 2611 4380 ut
2635 4329 2723 4397 qui
2748 4331 3069 4398 reprehendi
3096 4345 3234 4398 aegre
3259 4331 3456 4392 ferant.

1895 4427 1948 4471 et
1983 4419 2084 4472 hoc
2115 4417 2290 4486 ipsum
2326 4418 2394 4472 ab
2425 4417 2696 4487 episcopis
2727 4434 2912 4474 verum
2944 4420 3218 4486 cognitum
3256 4419 3412 4474 fuerit
3441 4436 3457 4474 :

214 4505 645 4576 καταχρώμενος
676 4509 846 4578 ταύτῃ
890 4511 1018 4570 τοὺς
1046 4487 1359 4578 αίρετικοὺς
1414 4508 1673 4562 ὲπιπλέον

1897 4509 1961 4562 ad
1995 4509 2244 4562 eumdem
2277 4509 2588 4578 episcopum
2626 4512 2776 4580 regio
2825 4522 3145 4565 revertetur.
3193 4512 3326 4575 Quia
3360 4528 3460 4567 au-

213 4600 417 4651 κακίαν
443 4599 725 4668 παροξύνῃ
782 4599 869 4652 διὰ
921 4601 1048 4671 τοὺς
1098 4601 1354 4668 ὲλόγχους
1389 4601 1784 4671 ὑϐριοπαθοῦνο

212 4703 348 4751 τας,
396 4690 498 4739 καὶ
545 4688 704 4742 τοῦτο
750 4689 882 4742 αὐτὸ
928 4667 1237 4762 έιαγνωσθῇ
1271 4693 1400 4762 παρ’
1431 4693 1780 4746 ιπισκόπωψ

209 4781 713 4850 ἁντιστραφήσεται
745 4783 777 4851 ὴ
808 4782 992 4852 ενορία
1055 4784 1191 4853 πρὶς
1232 4785 1322 4836 τὸν
1371 4785 1534 4838 αὐτὸν
1561 4787 1784 4840 ἐπίσκο-

209 4887 332 4924 ⁴ιον.
371 4871 530 4922 Ἐπεὶ
575 4869 631 4921 δὶ
659 4871 807 4931 είκδς
840 4867 908 4938 ἦν
939 4875 1118 4924 είπεῖν
1143 4889 1315 4937 τινας,
1363 4875 1514 4939 Τίνες
1560 4877 1778 4929 δικάσαι

210 4961 490 5028 ὀφείλουσι
524 4959 622 5028 τὴν
650 4959 905 5029 τοιαύτην
939 4961 1233 5027 ύπόθεσιν;
1274 4963 1482 5034 ὥρισαν
1523 4966 1574 5018 oi
1603 4969 1780 5020 Πατέ-

213 5070 301 5122 ρες
357 5053 604 5112 ἐκείνους
654 5051 894 5104 δίδοσθαι
923 5051 1190 5115 δικαστὰς
1246 5056 1581 5120 ἐπισκόπους
1629 5059 1780 5128 παρά

210 5146 304 5197 τοῦ
338 5143 717 5213 πρωτεύοντος
745 5143 843 5213 τῆς
871 5145 1145 5214 ἰπαρχίας
1181 5146 1301 5216 ἦτοι
1325 5147 1420 5200 τοῦ
1447 5151 1779 5220 μητροπολί-

211 5253 326 5300 του,
357 5236 458 5298 οὓς
495 5237 560 5288 ἂν
613 5237 773 5298 αὐτὸς
801 5239 959 5308 ὁρίσῃ
983 5279 998 5303 ,
1063 5239 1158 5292 ἆτε
1222 5242 1317 5293 καὶ
1349 5241 1445 5293 τοῦ
1478 5243 1642 5294 τόπου
1674 5242 1778 5294 ὑπὸ

208 5327 303 5397 τὴν
357 5327 633 5396 επαρχίαν
665 5325 859 5379 τούτου
896 5329 1264 5401 διακειμένου.
1312 5331 1437 5384 Ἐὰν
1474 5333 1531 5385 δὲ
1558 5333 1606 5384 oi
1645 5331 1780 5401 περὶ⁵

209 5421 304 5486 τῆς
336 5417 557 5485 ενορίας
595 5417 948 5485 δικαζόμενοι
980 5418 1336 5485 ὲπιλέξωνται
1391 5421 1652 5486 δικαστὰς
1711 5422 1775 5474 ἐκ

208 5507 470 5574 γειτόνων
507 5506 867 5571 ἐπισκόπους,
921 5506 996 5577 μὴ
1032 5507 1260 5571 πολλοὺς
1312 5508 1772 5576 ἐπιλεγέσθωσαν,

207 5597 316 5648 ἀλλ’
347 5596 378 5666 ἢ
408 5596 504 5648 ἕνα
535 5595 764 5666 ἢτρεῖς.
794 5596 856 5648 El
892 5597 1116 5668 μὲνγὰρ
1137 5593 1218 5660 εἷς
1242 5599 1489 5665 ἐπιλεγῇ,
1515 5601 1578 5668 τῇ
1607 5600 1773 5670 ψήφῳ

207 5688 413 5742 ἐκείνου
453 5685 683 5752 ἕψονται
703 5700 718 5713 ⁶
752 5686 971 5753 αίρετδς
995 5687 1101 5754 γὰρ
1131 5685 1207 5738 ὣν
1234 5688 1491 5754 δικαστὴς
1519 5689 1770 5759 ἐκκλήτῳ

203 5786 294 5852 οόχ
355 5784 756 5834 ύποπεσείται·
809 5783 856 5834 εί
902 5781 958 5834 δὲ
1005 5784 1150 5852 τρεῖς
1197 5784 1352 5846 εἰσιν,
1406 5784 1437 5854 ἢ
1489 5783 1766 5854 σύμψηφοι

451 5877 727 5936 fuam.
764 5878 880 5938 Gn.
913 5877 1290 5938 CXXXVIII.

1894 4609 2000 4652 tem
2050 4599 2344 4653 verisimile
2387 4611 2502 4653 erat
2543 4602 2721 4653 dicere
2773 4601 3002 4668 aliquos,
3056 4603 3282 4667 Quinam
3321 4605 3460 4660 hanc

1896 4705 2116 4743 causam
2165 4687 2410 4754 judicare
2463 4689 2702 4743 debent?
2769 4701 3079 4745 statuerunt
3126 4691 3336 4756 Patres,
3369 4709 3460 4749 eos

1889 4781 2170 4846 episcopos
2206 4779 2322 4830 dari
2379 4778 2592 4848 judices
2645 4794 2674 4832 a
2726 4780 2956 4849 primate
3001 4783 3312 4849 provincize,
3359 4798 3456 4836 seu

1893 4869 2332 4937 metropolitano,
2372 4884 2508 4937 quos
2547 4868 2650 4940 ipsi
2685 4871 2857 4924 visum
2912 4871 3099 4934 fuerit,
3130 4880 3311 4938 utpote
3332 4887 3452 4926 cum

1891 4962 1936 5014 is
1961 4961 2111 5014 locus
2148 4961 2284 5015 situs
2329 4961 2400 5014 sit
2433 4961 2484 5014 in
2527 4961 2643 5030 ejus
2676 4961 2973 5029 provincia.
3017 4961 3110 5014 Sin
3144 4971 3326 5016 autem
3361 4963 3452 5030 qui

1892 5052 1960 5105 de
1997 5051 2215 5120 regione
2236 5053 2591 5116 contendunt,
2625 5066 2686 5104 ex
2730 5053 2922 5108 vicinis
2948 5053 3214 5122 episcopis
3244 5053 3453 5121 judices

1885 5139 2169 5208 elegerint,
2203 5155 2306 5194 non
2356 5141 2552 5193 multos
2583 5139 2800 5207 eligant,
2839 5140 2930 5192 sed
2962 5153 3148 5200 unum,
3183 5143 3263 5192 vel
3311 5147 3446 5192 tres.

1886 5231 1954 5284 Et
1993 5232 2040 5285 si
2081 5247 2220 5286 unus
2250 5231 2468 5301 quidem
2500 5231 2706 5285 electus
2729 5230 2912 5293 fuerit,
2952 5229 3095 5284 illius
3126 5231 3448 5283 sententiam

1882 5335 2181 5394 sequentur
2211 5340 2227 5390 ;
2267 5339 2387 5377 cum
2411 5323 2481 5376 sit
2501 5321 2642 5374 enim
2678 5320 3084 5391 electnsjudex,
3115 5323 3168 5375 in
3191 5337 3310 5376 eum
3343 5337 3447 5374 non

1883 5417 2026 5470 cadit
2077 5415 2367 5485 appellatio
2402 5431 2415 5468 :
2446 5414 2527 5469 sin
2575 5423 2756 5468 autem
2819 5414 2929 5467 sint
2983 5423 3109 5478 tres,
3155 5413 3236 5465 vel
3290 5421 3450 5464 erunt

1880 5507 2204 5574 concordes,
2234 5516 2498 5561 eteorum
2546 5506 2814 5559 sententia
2860 5504 3165 5559 necessario
3206 5503 3443 5564 Valebit,

1883 5599 1966 5654 vel
2004 5599 2354 5662 dissentient,
2388 5605 2439 5650 et
2491 5597 2729 5666 plurium
2771 5597 2971 5650 valebit
3025 5595 3315 5649 sententia.
3352 5595 3448 5646 Αι-

1879 5706 1982 5757 que
2015 5692 2104 5743 bic
2138 5689 2355 5758 quidem
2413 5705 2583 5743 canon
2627 5691 2705 5743 sic
2737 5704 2830 5743 eos
2878 5690 3051 5758 punit,
3091 5688 3181 5757 qui
3211 5702 3314 5740 non
3347 5685 3446 5740 do-

1881 5791 2004 5835 cent
2033 5781 2134 5836 sibi
2163 5780 2434 5853 subjectos
2457 5784 2702 5852 populos.
2721 5778 3203 5848 Quinquagesitnus
3225 5786 3443 5831 octavus

2891 5869 2960 5932 13
