4012 6476
519 433 628 494 395

1795 434 2070 496 TIIEOD.
2114 436 2509 496 BALSAMON

3641 429 3753 490 396

528 555 708 598 autem
751 557 923 595 canon
956 551 1268 596 sanctorum
1311 545 1677 612 apostolorum
1710 547 1786 600 sic
1819 563 2072 616 expresse

2183 545 2440 607 ἔσονται,
2499 547 2590 598 καὶ
2635 546 2697 609 ἐξ
2758 545 3001 616 ἀνάγκης
3066 546 3096 612 ἡ
3148 546 3325 613 ψῆφος
3381 542 3558 596 αὐτῶν
3610 559 3717 612 κρα

521 637 651 690 dicit
683 651 698 687 :
731 633 1025 702 Episcopus
1075 635 1154 688 vel
1190 635 1466 703 presbyter
1513 636 1602 703 qui
1637 636 1840 689 clerum
1867 636 1948 689 vel
1978 652 2073 705 po-

528 726 712 795 pulum
747 726 986 794 negligit,
1018 736 1073 780 et
1105 740 1198 780 eos
1246 727 1500 794 pietatem
1542 741 1648 779 non
1683 729 1857 790 docet,
1894 742 2078 797 segre-

525 827 723 884 getur:
760 819 812 872 in
849 817 1093 871 socordia
1140 827 1316 872 autem
1363 832 1708 886 permanens,
1754 818 2074 887 deponatur.

526 909 592 961 Et
622 908 749 961 mihi
780 909 948 976 magis
970 908 1179 962 videtur
1201 909 1500 963 servandus
1527 923 1700 964 canon
1728 909 2072 977 apostolicus.

521 997 769 1066 Iniquum
826 999 970 1051 enim
1021 1008 1125 1062 εει,
1177 1010 1397 1067 propter
1429 999 1665 1067 episcopi
1700 999 2074 1068 negligentiam

520 1090 886 1157 episcopatum
939 1092 1004 1142 ad
1033 1103 1093 1142 se
1131 1089 1435 1156 pertinente
1467 1090 1685 1158 regione
1710 1090 1937 1159 privari.
1969 1090 2074 1144 Sed

520 1181 594 1242 id,
627 1180 769 1249 quod
826 1179 878 1231 in
947 1179 1241 1247 apostolico
1280 1194 1487 1232 canone
1535 1180 1754 1244 dicitur,
1787 1179 1898 1244 ﬁet,
1931 1188 2076 1248 post-

520 1285 682 1337 quam
712 1269 966 1336 episcopo
987 1271 1360 1322 denuntiatum
1391 1268 1570 1332 fuerit,
1597 1279 1654 1322 nt
1675 1271 1786 1322 vult
1831 1270 1914 1324 hic
1941 1285 2076 1338 prte-

520 1371 646 1410 sens
673 1372 866 1409 canon.
907 1358 1037 1421 Qua:
1069 1368 1246 1410 autem
1285 1359 1338 1411 in
1376 1359 1626 1427 praesenti
1663 1373 1869 1411 canone
1901 1358 2075 1412 conti-

516 1455 711 1498 nentur
751 1462 848 1515 pro
903 1450 1307 1516 dispensatione
1339 1449 1390 1501 in
1431 1449 1550 1502 aliis
1590 1463 1805 1515 quoque
1830 1447 1990 1514 justis
2022 1457 2074 1501 et

515 1537 870 1591 rationalibus
897 1542 1075 1591 causis
1108 1540 1317 1607 accipe.
1362 1537 1476 1590 Non
1508 1538 1652 1591 enim
1676 1537 1956 1606 negligens
1986 1553 2071 1590 re-

513 1626 787 1692 putabitur
817 1629 1127 1696 episcopus,
1163 1630 1254 1696 qui
1287 1637 1530 1695 aegrotat,
1559 1628 1640 1681 vel
1669 1629 1759 1694 qui
1807 1628 1859 1680 in
1898 1628 2070 1693 majo—

513 1715 662 1768 ribus
703 1716 884 1770 causis
936 1717 1317 1771 ecclesiasticis
1374 1729 1644 1770 versatur.
1693 1716 1833 1785 Lege
1858 1728 1912 1770 et
1947 1732 2070 1770 can.

513 1802 617 1856 105
663 1805 941 1871 pra-sentis
969 1807 1176 1874 synodi,
1231 1808 1319 1874 qui
1368 1807 1671 1874 hujusmodi
1710 1807 2067 1874 negligentem

2179 638 2352 703 τήσει,
2418 637 2448 705 ἦ
2503 637 2945 705 μερισθήσονται,
3024 636 3113 689 καὶ
3168 637 3431 704 κρατήσει
3476 633 3660 684 λοιπον
3719 632 3753 699 ὴ

2178 724 2286 776 τῶν
2345 724 2603 777 πλειόνων
2656 726 2853 794 ψῆφος.
2922 727 3030 777 Καὶ
3094 720 3246 786 οὗτος
3319 724 3417 792 μὲν
3482 724 3510 774 6
3567 722 3754 775 κανὼν

2176 816 2318 868 οὕτω
2363 816 2580 879 κολάζει
2643 818 2766 878 τοὺς
2819 817 2893 887 μὴ
2934 817 3282 876 διδάσκοντας
3327 816 3467 877 τοὺς·
3503 815 3593 866 ὑπ’
3643 815 3754 867 δύο

2175 909 2298 968 τοὺς
2349 907 2552 969 λαούςο
2611 909 2640 960 6
2689 906 2745 959 δέ
2793 906 2874 975 νη’
2910 906 3086 960 κανὼν
3139 907 3246 958 τῶν
3306 908 3475 972 ἁγίων
3507 905 3754 959 ἀποστό-

2176 995 2281 1048 λων
2305 997 2469 1065 φησὶν
2491 997 2634 1049 οὕτω
2658 997 2835 1067 ῥητῶς
2856 1014 2869 1028 ο
2913 997 3243 1058 Ἐπίσκοπος
3291 998 3324 1066 ἢ
3370 996 3645 1065 πρεσϐύτε
3658 1011 3756 1062 ρος

2177 1087 2398 1156 ἀμελῶν
2425 1088 2519 1140 τοῦ
2550 1089 2751 1156 κλήρου
2786 1089 2816 1157 ἢ
2859 1089 2951 1140 τοῦ
3005 1088 3157 1152 λαοῦ,
3193 1090 3289 1141 καὶ
3343 1089 3418 1158 μὴ
3467 1086 3754 1139 παιδεύων

2175 1178 2368 1238 αὐτοὺς
2417 1176 2514 1247 τὴν
2536 1177 2833 1240 εὐσέϐειαν,
2864 1177 3238 1248 ἀφοριξέσθω·
3272 1177 3551 1246 ἐπιμένων
3599 1178 3656 1228 δὲ
3686 1179 3754 1244 τῇ

2176 1267 2436 1338 ῥᾳθυμίᾳ,
2469 1269 2855 1339 καθαιρείσθω.
2888 1271 2996 1323 Kal.
3021 1271 3170 1323 δοκεῖ
3222 1287 3312 1339 μοι
3347 1270 3548 1338 μᾶλλον
3599 1270 3760 1334 ὀφεί-

2174 1357 2286 1409 λειν
2319 1361 2539 1427 κρατεῖν
2568 1360 2635 1413 τὰ
2686 1359 2780 1412 τοῦ
2813 1361 3170 1413 ἀποστολικοῢ
3235 1362 3476 1422 κανόνος.
3527 1361 3760 1412 Ἀδικον

2172 1448 2280 1516 γάρ
2301 1450 2415 1501 ἐστι
2438 1450 2528 1502 διὰ
2557 1451 2654 1520 τὴν
2680 1451 2938 1521 ἀμέλειαν
2961 1451 3054 1503 τοῦ
3082 1452 3381 1503 ἐπισκόπου
3417 1450 3758 1518 στερηθῆναι

2171 1538 2268 1607 τὴν
2300 1540 2604 1611 ἐπισκοπὴν
2629 1540 2729 1610 τῆς
2754 1541 3078 1612 ἀνηκούσηςΔ
3091 1540 3260 1610 ταύτῃ
3287 1541 3529 1609 ἐνορίας.
3599 1542 3759 1606 Πλὴν

2171 1629 2267 1682 καὶ
2298 1630 2362 1682 τε
2393 1631 2485 1682 τοῦ
2509 1630 2864 1683 ἀποστολικοῦ
2909 1633 3130 1693 κανόνος
3171 1632 3459 1700 γενήσεται
3509 1632 3649 1698 μετα
3692 1634 3760 1680 το

2172 1717 2616 1785 παραγγελθῆναι
2670 1720 2759 1769 τὸν
2807 1718 3105 1770 ἐπίσκοπον
3156 1719 3296 1769 κατὰ
3352 1718 3443 1769 τὸν
3507 1717 3761 1784 παρόντα.

2173 1807 2388 1861 κανόνα.
2429 1808 2506 1859 Ta
2531 1807 2586 1859 δὲ
2606 1807 2683 1878 τῷ
2713 1809 2939 1876 παρόντι
2974 1809 3155 1859 κανόνι
3181 1808 3550 1875 περιεχόμενα
3582 1807 3758 1876 χάριν

510 1892 820 1960 episcopum
865 1895 1262 1948 communionis
1307 1897 1634 1963 privatione,
1675 1904 2064 1964 consequenter

2178 1901 2476 1966 οἰκονομίας
2501 1870 2730 1951 ἐπιλαϐοῦ
2757 1870 2847 1952 καὶ
2872 1901 2950 1959 είς
2992 1898 3182 1966 ἐτέρας
3235 1870 3488 1964 εὐλόγους
3542 1870 3757 1961 αίτίιας.

509 1982 652 2035 dicto
684 1987 877 2037 canoni
909 1986 1222 2051 apostolico,
1257 1987 1468 2042 multat.

511 2262 654 2313 θέντι
678 2257 1017 2326 ὰποστολικῷ
1050 2259 1253 2312 κανόνι.

582 2350 832 2406 ZONAR.
868 2351 924 2404 Si
958 2352 1047 2418 qui
1096 2351 1355 2418 episc0pi,
1412 2351 1586 2418 inquit
1628 2366 1821 2418 canon,
1861 2351 1973 2404 loca
2003 2353 2068 2402 ad

509 2459 639 2498 suas
670 2441 930 2497 ecclesias
960 2443 1260 2508 spectantia
1291 2441 1588 2510 negligant,
1621 2455 1719 2495 nec
1747 2439 1814 2495 de
1845 2441 1909 2495 iis
1936 2442 2072 2494 reci-

513 2535 724 2604 piendis
762 2542 854 2586 aut
895 2531 1234 2585 vindicandis
1281 2531 1564 2595 laborent,
1620 2545 1686 2584 ea
1726 2532 1791 2585 de
1822 2547 1880 2586 re
1929 2533 2070 2599 apud

512 2625 796 2693 synodum,
833 2637 996 2692 quam
1045 2623 1269 2676 unitatis
1317 2623 1599 2676 catholicae
1653 2623 1890 2684 nomine,
1928 2625 2069 2693 quod

515 2716 634 2768 tidei
663 2716 873 2768 vinculo
913 2715 965 2767 in
1008 2730 1169 2766 unum
1216 2717 1367 2782 quasi
1413 2729 1609 2781 corpus
1645 2715 1915 2782 adscripta
1976 2717 2068 2779 sit,

511 2805 820 2871 explicavit,
854 2821 881 2856 a
913 2805 1106 2858 vicinis
1144 2805 1416 2873 episcopis
1458 2815 1803 2859 accusantur.
1839 2805 1991 2871 Quod
2025 2808 2068 2860 si

513 2908 605 2947 ses
655 2895 720 2948 ab
762 2894 1107 2947 accusatione
1168 2894 1446 2947 mensibus
1491 2894 1567 2946 rei
1624 2897 1844 2963 agenda
1895 2896 2072 2949 adhuc

514 2983 925 3046 indormientes,
956 2983 1070 3036 loca
1109 2983 1355 3037 ecclesiis
1379 2983 1493 3036 suis
1526 2984 1746 3036 minime
1783 2999 2069 3052 recupera-

513 3075 709 3137 veriut,
732 3088 792 3127 ea
813 3073 991 3135 alteri,
1023 3074 1113 3140 qui
1156 3071 1498 3137 lucrifacere,
1539 3072 1642 3127 hoc
1679 3081 1783 3136 est,
1820 3073 1921 3126 sibi
1955 3073 2073 3126 vin-

2168 1989 2240 2039 Οὐ
2269 1991 2376 2058 γὰρ
2393 1990 2595 2058 ἀμελὴς
2651 1989 3029 2059 λογισθήσεται
3076 1992 3103 2042 6
3138 1990 3436 2050 ἐπίσκοπος
3489 1988 3689 2053 νοσῶν,
3720 1991 3756 2056 ἢ

508 2071 990 2146 ἐκκλησιαστικαῖς
1057 2077 1296 2145 μείζοσιν
1345 2078 1797 2147 ἐνασχολούμενος
1851 2078 2188 2134 ὑποθέσεσιν.

507 2166 606 2233 τῆς
635 2166 910 2234 παρούσης
936 2167 1174 2230 συνόδου,
1217 2167 1580 2236 ἀκοινωνησίᾳ
1636 2166 2066 2231 καταδικάζοντα
2102 2168 2192 2220 τὸν
2241 2169 2475 2223 τοιιῦτον
2540 2170 2718 2240 ἀμελῆ
2779 2171 3078 2224 ἐπίσκοπον
3127 2172 3434 2234 ἀκολούθως
3490 2172 3565 2240 τῷ

2267 2080 2562 2147 ’Λνὰγνωθι
2627 2082 2718 2135 καὶ
2778 2082 2870 2133 τὸν
2937 2083 3229 2134 ἑκατοστὸν
3279 2083 3460 2149 τρίτον
3549 2082 3760 2132 κανόια

3642 2174 3756 2240 ρη-

2242 2351 2488 2405 ΖΩΝΔΡ.
2534 2351 2657 2403 Ἐάν
2697 2368 2842 2416 τινες
2888 2354 3195 2418 ἐπίσκοποι,
3245 2356 3408 2423 φησὶν
3461 2358 3488 2408 6
3543 2356 3757 2420 κανὼν,

2173 2443 2413 2509 ἀμελῶσι
2447 2442 2552 2493 τῶν
2580 2441 2759 2494 τόπων
2785 2441 2894 2493 τῶν
2929 2443 3239 2512 ἀνηκόντων
3272 2448 3388 2506 ταῖς
3425 2447 3760 2514 ἐκκλησίαις

2172 2531 2370 2594 αὐτῶν,
2404 2529 2538 2598 πρὸς
2568 2529 2626 2581 τὸ
2675 2529 2871 2590 αὐτοὺς
2915 2530 3191 2598 κερδᾶναι,
3261 2534 3380 2584 ἀντὶ
3427 2534 3543 2597 τοῦ,
3603 2534 3761 2586 ὥστε

2171 2623 2367 2683 αὐτοὺς
2391 2620 2671 2686 ἐκνικῆσαι
2703 2620 2795 2672 καὶ
2833 2619 2998 2688 ἐχειν,
3035 2620 3120 2672 ἵνα
3144 2622 3462 2675 αίτιαοῶσιν
3509 2627 3589 2686 είς
3649 2629 3761 2695 τὴν

2174 2710 2466 2778 καθολικὴν
2507 2709 2734 2778 ἑνότητα
2761 2712 2836 2771 είς
2863 2711 2962 2780 τὴν
3017 2709 3234 2764 σύνοδον
3262 2711 3461 2781 δηλαδὴ
3487 2714 3585 2782 τὴν
3610 2717 3766 2782 ἡνω-

2177 2803 2341 2868 μένην
2372 2803 2434 2870 τῇ
2477 2799 2734 2868 καθολικῇ
2783 2803 2980 2864 πίστει,
3009 2803 3379 2870 ἐγκαλούντων
3403 2807 3583 2868 αὐτοῖς
3618 2810 3764 2875 περὶ

2172 2891 2359 2942 τούτου
2381 2892 2483 2940 τῶν
2501 2889 2853 2956 γειτνιώντων
2871 2895 2979 2954 τοῖς
2991 2896 3175 2956 τόποις
3194 2895 3529 2950 ἐπισκόπων.
3547 2897 3677 2947 Ἐἀ·;
3695 2898 3761 2950 δὲ

2175 2981 2506 3041 αίτιαθὲντες
2521 2980 2668 3041 ἐντὸς
2684 2981 2866 3048 μηνῶν
2881 2982 2940 3046 ’ἐξ
2960 2985 3096 3050 μετὰ
3112 2985 3347 3036 αίτίασιν
3359 2985 3763 3054 ψηφιζομένων

2175 3071 2324 3121 οὐδὲν
2349 3069 2617 3121 ἀνύσωσιν
2650 3072 2726 3131 είς
2755 3071 3038 3140 ἐκδίκησιν
3070 3073 3177 3124 τῶν
3209 3075 3574 3142 διαφερόντων
3625 3081 3763 3138 ταῖς

512 3164 694 3216 dieare
718 3163 910 3231 possit,
933 3163 1408 3229 adjudicabuntur.
1439 3160 1634 3217 Verum
1695 3162 1737 3215 si
1785 3164 2066 3230 episcopus

2178 3160 2482 3222 ἐκκλησίαις
2496 3159 2671 3211 αὐτῶν
2693 3158 3080 3230 ῥᾳθυμοῦντες,
3098 3165 3654 3233 προσκυρωθήσ.νται
3675 3169 3763 3236 τῷ

513 3256 579 3307 ad
614 3267 769 3321 quem
797 3251 883 3305 illa
910 3255 1204 3321 pertinent,
1226 3267 1328 3305 non
1361 3252 1703 3321 negligentia,
1730 3254 1822 3304 sed
1843 3251 2068 3305 consilio

512 3346 688 3410 potius
721 3351 776 3398 et
813 3345 878 3396 de
920 3343 1187 3396 industria
1228 3343 1512 3397 confestim
1565 3343 1842 3410 repetendi
1880 3357 2067 3395 curam

512 3435 771 3501 seposuit,
802 3437 926 3502 quia
955 3434 1094 3487 forte
1127 3435 1194 3488 ab
1227 3435 1291 3488 iis
1323 3434 1592 3502 episcopis
1620 3449 1684 3487 ea
1718 3433 1835 3486 loca
1868 3435 2074 3487 detine-

512 3525 729 3587 bantur,
764 3526 852 3592 qui
888 3539 1008 3578 cum
1041 3524 1278 3578 haeretici
1299 3535 1502 3588 essent,
1539 3538 1602 3576 ea
1641 3524 1968 3586 conditione,
2007 3538 2072 3577 ne

511 3616 634 3684 quis
667 3630 760 3670 eos
792 3615 900 3668 ulla
927 3614 1168 3668 molestia
1213 3614 1465 3677 alliceret,
1497 3613 1754 3670 Ecclesiae
1789 3614 2070 3667 catholicae

513 3723 572 3763 se
605 3709 988 3777 adiunxerant,
1025 3724 1085 3764 ac
1116 3723 1180 3762 eo
1211 3720 1495 3776 prepterea
1544 3710 1827 3763 remissius
1878 3716 2073 3774 agente

511 3797 630 3862 ejus
666 3806 847 3865 partes
893 3797 1029 3852 alter
1063 3798 1379 3866 praeripuit;
1419 3806 1529 3850 tum
1573 3798 1685 3851 loca
1728 3799 1838 3863 illa,
1889 3815 1946 3852 re
1978 3812 2072 3866 per

511 3889 794 3956 episcopos
824 3890 1056 3956 cognita,
1099 3889 1144 3943 ei
1177 3890 1242 3942 ad
1297 3903 1455 3957 quem
1514 3891 1782 3957 pertinent
1823 3891 2073 3958 episcopo

515 3977 886 4028 restituantur.
933 3975 1065 4028 Nam
1098 3977 1145 4030 si
1178 3993 1240 4029 ea
1268 3977 1553 4045 episcOpus
1588 3977 1882 4039 vindicare,
1919 3992 1980 4031 ac
2006 3980 2072 4032 ab

518 4063 808 4129 haereticis,
840 4078 868 4115 a
908 4065 1103 4132 quibus
1130 4065 1536 4126 detinebantur,
1575 4065 1784 4132 eripere
1818 4065 2072 4121 festinas-

518 4162 635 4216 set;
678 4152 890 4219 pejores
923 4167 1014 4205 eos
1067 4151 1418 4220 proculdubio
1476 4151 1745 4207 effecisset
1799 4163 1960 4222 atque
2008 4158 2072 4208 ad

516 4243 836 4308 pravitatem
878 4257 1194 4310 morumque
1241 4242 1649 4311 perversitatem
1682 4243 1911 4312 amplius
1943 4257 2074 4297 cou-

517 4332 761 4384 citasset.
803 4330 902 4393 Qui
955 4337 1134 4382 autem
1180 4330 1282 4382 bac
1311 4331 1377 4383 de
1407 4343 1464 4382 re
1513 4338 1868 4398 cognoscant,
1895 4346 1924 4383 a
1961 4332 2072 4399 pri-

515 4431 661 4474 ntate
693 4422 1005 4487 provinciae,
1038 4420 1190 4487 cujus
1219 4422 1269 4471 in
1306 4420 1510 4473 ditione
1541 4420 1692 4473 locus
1721 4431 1825 4485 est,
1868 4423 2073 4488 episco-

517 4509 570 4575 pi
597 4509 806 4575 judices
851 4509 1140 4559 dabuntur.
1175 4506 1325 4570 Quod
1355 4507 1400 4559 si
1444 4507 1678 4572 ipsimet,
1714 4511 1802 4574 qui
1838 4507 1978 4561 inter
2015 4523 2072 4562 se

517 4599 838 4665 disceptant,
869 4595 1066 4664 eligere
1102 4597 1381 4660 voluerint,
1416 4609 1508 4649 aut
1537 4612 1724 4659 unum,
1756 4610 1930 4651 canon
1973 4599 2070 4662 ait,

516 4697 608 4739 aut
639 4695 749 4742 tres
780 4698 927 4741 certe
954 4687 1340 4740 controversiae
1369 4688 1602 4741 arbitros
1647 4698 1907 4742 statuant.
1941 4688 2073 4740 Nam

517 4778 561 4828 si
599 4791 736 4829 unus
772 4776 977 4829 electus
1007 4777 1096 4840 sit,
1131 4775 1329 4829 valebit
1361 4778 1479 4844 ejus
1514 4778 1778 4830 sententia
1801 4815 1817 4841 ,
1864 4793 1986 4831 cum
2021 4778 2072 4829 in

514 4866 928 4937 657judicem
957 4867 1184 4920 electum
1212 4882 1318 4921 non
1353 4869 1818 4935 caditappellattio.
1857 4868 1951 4922 Sin
1975 4885 2076 4922 au-

517 4967 624 5008 tem
650 4967 759 5009 tres
789 4955 1008 5020 fuerint,
1046 4954 1127 5006 vel
1155 4954 1290 5007 idem
1320 4969 1504 5008 omnes
1522 4959 1840 5019 decernent,
1876 4970 1939 5009 ac
1978 4972 2073 5009 eo-

519 5059 638 5096 rum
671 5044 875 5109 judicio
909 5045 1215 5098 necessario
1246 5043 1376 5097 stari
1429 5046 1728 5112 oportebit,
1760 5049 1841 5099 vel
1863 5047 1933 5099 ita
1963 5046 2076 5098 dis-

519 5136 777 5198 sentient,
797 5144 857 5188 ut
877 5136 1008 5188 duos
1031 5143 1212 5188 tamen
1249 5136 1387 5188 inter
1407 5149 1465 5188 se
1486 5136 1791 5198 convenire,
1827 5152 1932 5189 uno
1959 5146 2076 5188 tan-

520 5229 795 5279 tummodo
835 5225 1196 5291 diserepaute,
1236 5238 1459 5278 necesse
1483 5225 1576 5288 sit,
1609 5239 1672 5278 ac
1698 5235 1826 5278 tunc
1865 5240 2077 5293 quoque

519 5318 574 5369 id
605 5316 746 5383 quod
780 5315 960 5382 plures
993 5313 1339 5382 probaverim
1369 5315 1703 5369 retinebitur.

518 5494 744 5549 AHIST.
789 5514 806 5545 ι
843 5495 941 5560 Qui
970 5493 1035 5547 ad
1072 5507 1130 5547 se
1160 5493 1484 5561 pertinentia
1514 5495 1787 5563 negligant
1813 5507 2072 5547 admone-

599 5603 615 5634 I
663 5595 822 5637 antur
852 5602 866 5637 :
902 5593 956 5637 et
986 5586 1029 5636 si
1082 5585 1213 5636 nihil
1247 5587 1385 5636 intra
1429 5600 1522 5638 sex
1574 5601 1783 5640 incuses
1825 5587 2072 5649 fecerint,

606 5694 622 5724 ι
657 5675 731 5735 ei,
773 5675 862 5740 qui
919 5674 1236 5726 lucrifacere
1301 5683 1491 5739 potest,
1559 5677 1954 5741 adjndicentur.
2019 5677 2073 5728 Si

602 5783 624 5817 ι
659 5777 835 5819 autem
888 5766 1221 5819 oeconomiae
1267 5766 1619 5833 neglexerint,
1673 5781 1737 5820 ne
1786 5768 2072 5822 lucreticos

2174 3247 2455 3317 δυναμένῳ
2482 3249 2734 3318 κερδᾶναι
2754 3251 2972 3315 αὐτοὺς,
2998 3253 3273 3304 τουτέστιν
3297 3255 3602 3321 ἐκνικῆσαι.
3625 3255 3763 3307 Ἐαν

2171 3338 2225 3390 δὲ
2249 3341 2275 3390 6
2300 3341 2612 3402 ἐπίσκοπος,
2635 3333 2679 3407 ᾧ
2708 3341 2905 3408 ἀνῆκον
2931 3342 2980 3394 oi
3001 3343 3181 3407 τόποι,
3236 3343 3294 3395 οὐ
3327 3344 3414 3396 διὰ
3449 3346 3761 3414 ρᾳθυμίαν,

2173 3428 2306 3482 ἀλλὰ
2327 3429 2392 3482 δι’
2413 3431 2721 3497 οἰκονομίαν
2743 3431 3110 3500 ὑπερετίθετο,
3131 3433 3259 3496 ἴσως
3280 3434 3389 3486 τῶν
3412 3439 3764 3504 κατεχόντων

2173 3518 2298 3580 τοὺς
2349 3519 2546 3582 τόπους
2599 3521 2886 3590 αἱρετικῶν
2929 3523 3240 3575 ἐπισκόπων
3315 3524 3627 3579 ἑνωθέντων
3685 3531 3764 3597 τῇ

2173 3607 2432 3677 καθολικῇ
2473 3608 2768 3675 Ἐκκλησία
2791 3609 2884 3660 ἐπὶ
2947 3613 3238 3680 συμφωνίᾳ
3290 3612 3384 3664 τοῦ
3445 3615 3766 3681 ἀθορύϐους

2172 3699 2366 3760 αὐτοὺς
2399 3699 2805 3767 διατηρηθῆναι,
2841 3699 2935 3751 καὶ
2980 3699 3066 3753 διὰ
3099 3702 3255 3753 τοῦτο
3319 3703 3765 3773 ὑπερτιθεμένου

2172 3787 2268 3854 τὴν
2296 3787 2574 3856 ἐκνίκησιν
2603 3786 2694 3839 τοῦ
2748 3788 3044 3841 ἐπισκόπου
3107 3790 3408 3858 προέλαϐεν
3460 3792 3642 3856 ἄλλος,
3706 3798 3766 3849 οἱ

2170 3876 2324 3926 τόποι
2350 3873 2427 3943 τῷ
2457 3875 2759 3945 ἐπισκόπῳ,
2788 3869 2832 3943 ᾧ
2856 3877 3127 3946 διέφερον,
3174 3880 3764 3952 ἀποκαταστήσονται⁹

2173 3967 2488 4017 ἐπισκόπων
2549 3966 2677 4034 περὶ
2721 3967 2910 4019 τούτου
2961 3969 3454 4035 διαγινωσκόντων.
3528 3973 3591 4024 Ei
3644 3978 3769 4045 γὰρ

2173 4055 2504 4107 ἐσπούδασεν
2543 4057 2570 4107 6
2600 4056 2897 4119 ἐπίσκοπος
2923 4059 3207 4126 ἐκνικῆσαι
3240 4061 3364 4121 τοὺς
3391 4063 3593 4124 τόπους
3642 4065 3767 4118 ἀπὸ

2170 4145 2279 4196 τῶν
2314 4146 2647 4213 κατεχόντων
2680 4147 2876 4209 αὐτοὺς
2898 4149 3210 4216 αἱρετικῶν,
3237 4151 3398 4203 πλέον
3446 4152 3511 4203 ἂν
3570 4154 3774 4206 ἐκάκιο

2175 4235 2263 4296 ζεν
2297 4233 2509 4300 αὐτοὺς,
2542 4237 2662 4287 ἀντὶ
2698 4235 2814 4300 τοῦ,
2857 4238 3103 4304 χείρονας
3126 4237 3190 4289 ἂν
3220 4240 3475 4307 ἐποίησεν
3528 4243 3768 4307 αὐτοὺς,

2176 4326 2268 4376 καὶ
2292 4326 2368 4386 είς
2393 4324 2614 4377 πλείονα
2655 4326 2854 4379 κακίαν
2885 4326 3138 4394 ἠρέθισεν
3200 4329 3282 4383 ἄν.
3328 4328 3464 4392 Τοὺς
3502 4331 3558 4383 δὲ
3623 4338 3771 4403 περὶ

2175 4414 2363 4466 τούτου
2399 4415 2688 4479 μέλλοντας
2715 4417 3103 4486 διαγνωμονείν
3140 4420 3472 4483 ἐπισκόπους
3532 4424 3560 4472 6
3601 4441 3773 4494 πρω-

2176 4504 2344 4558 τεύων
2376 4507 2474 4573 τῆς
2501 4507 2767 4575 ἐπαρχίας
2792 4508 2973 4574 δώσει,
2998 4511 3056 4561 ἐν
3146 4513 3174 4562 ό
3211 4512 3581 4581 ἐκνικώμενος
3638 4519 3773 4570 διὰ-

2179 4612 2348 4647 κειται
2377 4598 2560 4657 τόπος.
2594 4597 2723 4649 Ἐὰν
2745 4598 2801 4649 δὲ
2822 4601 2869 4649 οἱ
2901 4602 3026 4667 περὶ
3061 4602 3168 4651 τῶν
3222 4605 3403 4656 τόπων
3457 4606 3767 4676 δικαζόμε-

2177 4703 2255 4736 νοι
2279 4687 2427 4736 αὐτοὶ
2463 4687 2814 4749 ἐπιλέξωνται
2850 4689 3132 4755 δικαστὰς,
3187 4691 3219 4760 ἢ
3265 4688 3347 4754 εἷς
3391 4695 3771 4763 ἐπιλεγέσθω,

2178 4775 2339 4841 φησὶν
2396 4776 2422 4824 6
2486 4775 2683 4841 κανὼν,
2717 4777 2747 4845 ἢ
2779 4780 2946 4846 τρεῖς.
2979 4779 3038 4832 Εἰ
3087 4781 3187 4847 μὲν
3242 4784 3350 4851 γὰρ
3386 4779 3462 4844 εἷς
3495 4785 3770 4856 ἐπιλεγῇ,

2176 4869 2242 4934 τῇ
2272 4866 2435 4934 ψήφῳ
2463 4867 2668 4918 ἐκείνου
2693 4867 2911 4936 ἕψονται
2935 4886 2948 4900 ³
2985 4871 3203 4938 αἱρετὸς
3230 4874 3335 4941 γὰρ
3366 4872 3442 4924 ῶν
3489 4875 3773 4946 δικαστὴς

2177 4960 2425 5026 ἐκκλήτῳ
2455 4960 2553 5026 οὐχ
2584 4959 2937 5013 ὑποπεσεῖται
2965 4977 2979 4991 ⁸
3015 4965 3063 5014 εί
3085 4963 3142 5014 δὲ
3167 4967 3314 5032 τρεῖς
3344 4967 3500 5027 εἰσιν,
3539 4968 3572 5036 ἢ
3612 4969 3774 5037 σύμ-

2177 5049 2349 5118 ψηφοι
2381 5051 2608 5114 ἔσονται.
2642 5052 2734 5101 καὶ
2757 5050 2817 5113 ἐξ
2856 5051 3099 5119 ἀνάγκης
3125 5055 3157 5121 ή
3185 5051 3364 5121 ψῆφος
3399 5056 3581 5108 αὐτῶν
3613 5075 3776 5129 κρα·

2178 5144 2352 5210 τήσει,
2384 5141 2416 5210 ἢ
2448 5143 2872 5212 μερισθήσονται
2905 5145 2960 5194 αἱ
2987 5144 3200 5211 γνῶμαι
3247 5147 3445 5212 αὐτῶν,
3494 5148 3568 5210 ὡς
3628 5154 3773 5217 τοὺς

2182 5233 2280 5300 μὲν
2307 5232 2399 5283 δύο
2425 5233 2894 5301 ὁμογνωμονῆσαι,
2934 5235 3022 5285 τὸν
3081 5234 3124 5286 δ’
3158 5235 3340 5303 ἕτερον
3385 5237 3553 5307 ἄλλης
3597 5243 3776 5305 γενέ-

2181 5323 2303 5374 σθαι
2331 5323 2833 5390 βιατνώσεωςίκαὶ
2883 5328 3144 5395 κρατήσει
3187 5328 3373 5381 λοιπὸν
3430 5328 3538 5382 τῶν
3598 5332 3776 5386 πλειο

2180 5415 2313 5465 ὀνων
2336 5417 2366 5482 ἡ
2393 5415 2591 5483 ψῆφος.

2250 5505 2469 5559 ΑΡΙΣΤ.
2513 5526 2529 5556 ι
2570 5508 2631 5558 Οί
2659 5509 2765 5560 τῶν
2798 5509 3107 5578 ἀνηκόντων
3156 5511 3488 5579 ἀμελοῦντες
3548 5516 3778 5586 ὑπομι-

2191 5613 2207 5644 ι
2251 5596 2682 5662 μνησκέσθωσαν
2723 5616 2735 5627 ·
2786 5601 2883 5648 καὶ
2917 5602 2965 5650 εἰ
3027 5599 3195 5668 μηδὲν
3237 5601 3389 5663 ἐντὸς
3454 5604 3650 5671 μηνῶν
3707 5608 3778 5672 ἒξ

2189 5703 2206 5735 ι
2256 5687 2531 5751 δράσουσι,
2581 5689 2658 5755 τῷ
2728 5690 3011 5758 δυναμένῳ
3077 5691 3338 5757 κερδᾶναι
3411 5701 3776 5765 προσχωρού-

2187 5796 2205 5826 ι
2241 5777 2471 5830 σίλωσειν.
2539 5779 2598 5830 ΕΞ
2658 5781 2841 5848 μέντοι
2902 5782 3260 5847 οἰκονομικῶς
3336 5784 3773 5856 κατημέλησαν,
