4012 6434
201 447 304 510 397

204 571 225 606 ι
261 553 406 606 ὥστε
449 553 526 621 μὴ

201 663 223 698 c
260 643 422 696 τοῦτο
452 639 661 710 δειχθῇ,
705 637 1005 708 κρινόντων
1057 637 1392 705 ἐπισκόπων,
1419 637 1530 691 τῶν
1583 638 1617 708 ἦ
1676 639 1762 692 δο⁸

202 749 223 784 t
267 730 475 784 θέντων
505 727 538 800 ἢ
595 726 988 794 ἑπιλεγέντων,
1015 727 1084 795 τῇ
1110 725 1352 797 καθέδρᾳ
1383 725 1591 779 τούτων
1622 728 1762 780 ἀπο-

205 842 226 873 ε
269 818 752 873 καθιστάσθωσαν.
797 834 819 868 ι

275 910 556 978 Ἕάνῂ.νες
573 909 682 962 ⁴τῶν
709 894 1023 961 ἐπισκόπών
1043 907 1152 960 τῶν
1169 907 1475 976 ἀνηκόντων
1493 905 1676 959 τόπων
1697 908 1764 976 τῇ

195 1003 374 1059 αὐτῶν
399 1000 639 1070 καθέδρᾳ
668 997 1006 1069 ἀμελήσωσι,
1033 999 1126 1052 καὶ
1147 998 1587 1067 ὑπομνησθέντες
1613 995 1768 1066 παρά

194 1093 306 1146 τῶν
329 1091 688 1159 γειτνιώντων
714 1090 896 1152 αὐτοῖς
929 1090 1245 1143 ἐπισκόπων
1278 1088 1579 1159 ὲπιμελῶν,
1624 1089 1768 1141 ὥστε

194 1179 540 1250 διεγερθῆναι
569 1179 650 1240 είς
683 1176 746 1230 se
795 1177 1064 1239 παντοίως
1119 1177 1357 1231 σπεῦσαι
1399 1177 1526 1239 τοὺς
1586 1178 1766 1229 ἐκεῖσε

194 1271 356 1332 ὄντας
381 1268 700 1339 αίρετικοὺς
735 1267 1112 1338 μεταστρέψαι
1145 1267 1282 1336 πρὸς
1301 1268 1403 1339 τὴν
1431 1267 1769 1336 ὁρθοδοξίαν,

197 1365 294 1415 καὶ
325 1362 477 1424 ἐντὸς
508 1359 697 1430 μηνῶν
748 1355 808 1424 ἐξ
843 1359 990 1430 μετά
1029 1359 1126 1431 τὴν
1171 1360 1411 1414 αίτίασιν
1494 1358 1648 1410 οὐδέν
1714 1374 1766 1410 τι

196 1452 496 1514 ἀνύσωσιν,
529 1450 653 1503 ἀλλ’
680 1452 740 1504 ὲν
769 1452 838 1521 τῇ
886 1450 1026 1520 αὐτῇ
1085 1447 1315 1519 μείνωσι
1366 1447 1769 1516 καταφρονήσει

194 1544 290 1595 καὶ
313 1542 558 1614 ῥᾳθυμία
589 1558 606 1574 ο
635 1543 810 1613 ἑτέρῳ
835 1542 1144 1612 ἱπισκόπῳ,
1201 1538 1282 1610 τῷ
1314 1537 1597 1606 δυναμένῳ
1646 1534 1771 1589 τού-

196 1648 325 1693 τους
349 1632 632 1700 κερδᾶναι,
681 1632 1265 1702 προσκυρωθήσονται.
1323 1630 1386 1682 El
1436 1626 1620 1698 μέντοι
1649 1626 1769 1679 κατ’

198 1723 514 1794 οἰκονομίας
544 1723 703 1791 λόγον
728 1724 788 1776 οὐ
819 1723 1184 1792 διανέστησαν
1239 1721 1375 1791 πρὸς
1422 1718 1767 1790 ἐπιμέλειαν,

1193 442 1275 503 IN
1310 441 1476 507 CAN.
1515 441 1761 502 CXXIII
1801 439 2013 500 CONC.
2051 440 2432 500 CARTHAG.

603 547 1146 620 προσερεθίσαιτοὺς
1196 547 1592 618 αίρετίζοντας,
1666 549 1760 601 καὶ

1880 565 1889 597 ι
1929 548 2231 613 irritarent,
2283 551 2473 604 ethoc
2522 561 2799 621 appareat,
2835 553 3102 622 episcopis
3154 555 3267 608 sive
3322 557 3420 609 da-

3317 439 3420 500 398

1871 655 1890 687 ι
1919 639 1986 691 tis
2025 641 2138 693 sive
2158 640 2347 695 electis
2384 641 2696 710 iudicibus,
2761 658 2945 697 eorum
3010 645 3280 698 cathedra:
3335 658 3420 698 re-

1870 745 1888 776 ι
1923 727 2232 782 stituantur.
2271 747 2290 780 ι

1938 904 1994 958 Si
2024 905 2115 972 qui
2140 907 2376 976 episcopi
2407 907 2521 963 loca
2551 907 2618 963 ad
2646 922 2775 964 suas
2794 909 3083 967 cathedras
3108 912 3429 981 pertinentia

1871 992 2139 1062 neglectui
2173 996 2481 1063 habuerint,
2525 1009 2580 1053 et
2630 1013 2663 1052 a
2701 999 2894 1056 vicinis
2926 1002 3039 1056 suis
3093 1003 3432 1072 diligentibus

1871 1084 2133 1139 admoniti
2168 1087 2454 1155 episcopis,
2491 1096 2546 1141 ut
2571 1103 2780 1142 summa
2804 1105 2905 1160 ope
2929 1092 3230 1148 niterentur
3258 1094 3428 1148 hare—

1872 1177 2028 1241 tieos,
2058 1178 2150 1246 qui
2191 1177 2263 1231 ibi
2304 1188 2451 1242 sunt,
2486 1178 2552 1232 ad
2596 1178 2755 1233 Iidem
2798 1183 3150 1237 orthodoxam
3207 1199 3434 1239 conver-

1869 1274 2008 1332 tere,
2033 1279 2086 1322 et
2125 1269 2265 1322 intra
2307 1283 2402 1323 sex
2441 1284 2658 1325 menses
2687 1284 2810 1340 post
2843 1273 3267 1330 admonitionem
3300 1276 3432 1330 nihil

1869 1360 2091 1414 omnino
2119 1360 2415 1428 eﬂecerint,
2443 1365 2538 1418 sed
2562 1363 2614 1416 in
2643 1363 2830 1418 eodem
2865 1364 3108 1434 neglectu
3141 1367 3438 1421 manserint

1872 1458 1926 1504 et
1957 1451 2163 1506 desidia
2195 1470 2208 1506 :
2248 1453 2341 1507 alii
2373 1453 2653 1523 episcopo,
2673 1456 2767 1525 qui
2795 1471 2857 1512 ea
2893 1457 3215 1514 lucrifacere
3239 1466 3441 1527 potest,

1874 1540 2272 1610 adiudiccntur.
2304 1543 2360 1599 Si
2399 1558 2580 1601 autem
2625 1547 2781 1618 juxta
2828 1550 3316 1607 administrationis
3351 1568 3438 1606 ra-

1871 1631 2096 1697 tionem,
2128 1648 2188 1689 se
2216 1636 2286 1690 ad
2330 1636 2660 1707 diligentiam
2691 1655 2802 1694 non
2849 1642 3157 1698 excitarunt
3201 1659 3268 1698 ne
3301 1643 3440 1697 forte

1874 1723 2162 1782 haereticos
2193 1727 2261 1782 ad
2315 1728 2575 1798 majorem
2637 1732 2969 1801 proritarent
3023 1735 3438 1804 impudentiam,

201 1815 288 1869 ίνα
325 1815 555 1886 μὴτοὺς
608 1816 918 1885 αἱρετικοὺς
979 1815 1109 1876 ἴσως
1196 1813 1334 1883 πρὸς
1384 1811 1769 1882 ἀναισχυντίαν

1880 1813 1967 1868 sed
2003 1823 2060 1869 ut
2087 1815 2203 1885 ipse
2226 1817 2370 1873 ducti
2397 1833 2493 1874 eos
2517 1821 2777 1888 patientia
2820 1825 3001 1892 potius
3027 1833 3084 1878 et
3125 1825 3416 1893 longanimi

204 1907 428 1980 μείζονα
473 1907 821 1976 διεγείρωσιν
849 1921 865 1938 ο
919 1902 1134 1966 ἀλλ’ὡς
1179 1903 1492 1966 ἐλπίζοντες
1572 1903 1771 1967 αὐτοὺς

1880 1911 1984 1957 tate
2003 1903 2348 1973 lucrifacere,
2378 1911 2727 1978 quieverunt,
2765 1887 3068 1967 et—interim
3098 1914 3188 1968 alii
3217 1887 3437 1983 quidam

199 1997 324 2067 μεθ’
351 1997 634 2067 ὑπομονῆς
669 1996 874 2064 μᾶλλον
901 1995 996 2047 καὶ
1062 1994 1448 2063 μακροθυμίας
1493 1994 1775 2062 κερδᾶναι,

197 2087 490 2155 ἡσύχασαν
519 2100 536 2115 ·
571 2086 667 2136 καὶ
699 2086 758 2135 ὲν
784 2081 863 2150 τῷ
903 2080 1108 2151 μεταξῦ
1138 2081 1316 2151 ἕτεροί
1344 2098 1488 2144 τινες
1521 2081 1628 2134 τῶν
1654 2083 1774 2135 ἑπι-

1871 1994 2107 2064 episcopi
2140 1996 2479 2066 diligentiam
2511 2015 2696 2055 eorum
2738 2002 3123 2072 anticiparunt,
3183 2015 3237 2059 et
3266 2007 3437 2060 barre-

1873 2083 2106 2140 ticorum
2141 2085 2258 2141 loca
2290 2087 2358 2142 iis
2401 2089 2708 2156 adiudicata
2743 2103 2890 2156 sunt,
2923 2102 2977 2148 et
3001 2094 3103 2149 hoc
3130 2096 3430 2158 evincatnr,

198 2176 421 2229 σκόπων
473 2175 576 2244 τὴν
650 2173 973 2243 δπιμέλειαν
1055 2172 1236 2225 αὐτῶν
1311 2172 1612 2241 προέλαϐον
1681 2172 1772 2226 καὶ

1880 2175 2236 2238 iudicantibus
2274 2178 2562 2250 episcopis,
2595 2181 2682 2236 vel
2721 2197 2750 2235 a
2781 2183 3018 2250 primate
3072 2184 3235 2247 datis,
3262 2186 3343 2239 vel
3373 2187 3441 2239 ab

207 2265 720 2337 προσεκυρώθησαν
761 2264 1005 2329 ἐκείνοις
1040 2263 1150 2318 τῶν
1177 2264 1472 2334 αίρετικῶν
1490 2266 1538 2318 ot
1592 2265 1770 2330 τόποι,

198 2356 471 2411 καὶτοῦτο
521 2356 736 2426 δειχθῇ,
778 2355 1078 2426 κρινόντων
1141 2355 1482 2421 ἐπισκόπων,
1550 2356 1661 2409 τῶν
1733 2355 1768 2426 ἢ

199 2449 351 2519 παρὰ
370 2448 466 2501 τοῦ
504 2447 881 2518 πρωτεύοντος
911 2445 1246 2515 δοθέντων,ἢ
1273 2445 1404 2516 παρ’
1439 2445 1769 2518 ἀμφοτίρων

197 2538 306 2593 τῶν
333 2537 657 2590 ἔπισκόπων
699 2535 1086 2603 ἑπιλεγέντων,
1115 2535 1190 2598 ὡς
1239 2534 1330 2588 διὰ
1369 2536 1631 2606 τοιαύτην
1689 2539 1768 2591 οίο

1875 2264 2140 2320 ambobus
2167 2267 2436 2339 episcopis
2483 2270 2692 2337 electis,
2738 2273 2879 2342 quod
2914 2283 3133 2342 propter
3165 2274 3324 2328 talem
3366 2275 3443 2329 ni-

1878 2357 2076 2413 mirum
2105 2363 2470 2416 mcouomiam
2517 2364 2934 2419 instructionem
2966 2379 3153 2419 eorum
3205 2367 3441 2437 neglige-

1873 2445 2046 2502 bant:
2081 2447 2387 2505 istiusmodi
2423 2453 2542 2509 loca
2577 2454 2852 2512 cathedra)
2916 2470 3103 2515 eorum
3135 2457 3331 2512 iterum
3360 2472 3445 2513 re-

1879 2539 2200 2598 stituantur.

198 2632 460 2702 κονομίαν
493 2630 594 2698 τῆς
631 2629 980 2694 διδασκαλίας
1000 2629 1163 2702 δῆθεν
1189 2629 1371 2684 αὐτῶν
1440 2630 1725 2702 ἠμέλησαν
1757 2649 1770 2664 ·
1803 2635 2270 2691 ἀποκαταστῶσιν
2295 2639 2451 2703 αὖθις
2472 2642 2538 2710 τῇ
2562 2639 2803 2710 καθέδρᾳ
2872 2639 3054 2694 αὑτῶν
3097 2643 3147 2692 oi
3213 2641 3443 2694 τοιοῦτοι

196 2729 375 2779 τόποι.

743 2813 977 2870 ΚΔΝΩΝ
1009 2813 1186 2867 PKF'.

278 2927 298 2961 ε
337 2909 464 2962 Ὀτι
505 2909 607 2960 οὐκ
636 2906 848 2976 ὀφείλει
883 2906 994 2976 (39)
1051 2905 1159 2957 τῶν
1218 2903 1628 2972 ἐπιλεγομένων
1691 2903 1767 2955 δι-

203 3019 224 3054 α
259 2999 483 3054 κακῶν
513 3000 547 3068 ἡ
569 2997 769 3066 γνώμη
784 2995 1207 3060 ὶξουθενιίσθαι.
1249 2993 1382 3046 Ἀπὸ
1395 2993 1452 3045 δὲ
1485 2993 1592 3046 τῶν
1617 2993 1772 3046 δικα-

205 3110 226 3145 ι
275 3091 442 3154 στῶν,
468 3089 577 3142 τῶν
602 3088 750 3141 κατά
786 3087 972 3154 κοινὴν
1019 3087 1331 3138 συναίνεσιν
1387 3085 1771 3151 δπιλεγέντων,

206 3203 226 3237 ι
273 3183 352 3252 μὴ
385 3181 591 3246 ὶξεῐναι
625 3177 996 3234 ἐκκαλεῖσθαι.
1055 3178 1244 3239 Ὀστις
1295 3176 1352 3229 δὲ
1398 3175 1598 3246 δήποτε
1641 3176 1777 3227 ἀπο-

204 3295 224 3328 t
265 3273 514 3344 δειχθείη
546 3272 638 3326 διὰ
671 3269 989 3341 μονοτονίαν
1027 3267 1103 3338 μὴ
1142 3267 1318 3321 θέλειν
1339 3267 1454 3328 τοῖς
1494 3263 1774 3326 δικασταῖς

201 3385 221 3418 ι
260 3363 661 3434 πειθαρχῆσαι,
707 3360 867 3415 τοῦτο
935 3357 1224 3429 γινώσκων
1302 3356 1333 3407 ὁ
1392 3358 1493 3424 τῆς
1549 3352 1774 3424 πρώτης

206 3475 225 3506 ι
263 3453 547 3523 καθέδρας
573 3453 874 3512 ἐπίσκοπος
903 3449 1063 3502 δώσει
1105 3448 1431 3520 γράμματα,
1497 3443 1638 3497 ὥστε
1667 3460 1774 3512 μη-

202 3563 220 3594 ι
268 3544 400 3596 δένα
428 3540 538 3595 τῶν
573 3539 896 3594 ὲπισκόπων
937 3537 1086 3608 αὺτῷ
1139 3536 1491 3604 κοινωνῆσαι,
1558 3531 1664 3595 ἕως
1710 3523 1773 3584 οὗ

203 3650 222 3683 ι
262 3631 636 3700 πειθαρχήσῃ.
675 3647 695 3679 ι

270 3721 470 3774 ΒΑΑΣ.
499 3718 687 3789 Σαφὴς
715 3720 744 3772 ὁ
785 3715 987 3770 κανών.
1011 3717 1318 3786 Διορίζεται
1357 3716 1464 3785 γὰρ
1503 3715 1578 3785 μὴ
1607 3716 1775 3767 ἑκκα-

199 3812 415 3866 λεῖσθαί
453 3829 577 3864 τινα
604 3810 750 3864 κατά
780 3809 878 3878 τῆς
911 3808 1095 3878 ψήφου
1119 3807 1226 3859 τῶν
1281 3805 1338 3866 ἐξ
1370 3804 1630 3874 ὲπιλογῆς
1665 3803 1775 3858 τῶν

205 3903 393 3971 μερῶν
438 3902 778 3964 δικαζόντων
811 3900 1122 3951 ἐπισκόπων
1157 3912 1170 3925 ⁸
1205 3895 1297 3949 τδν
1326 3897 1382 3948 δὲ
1413 3895 1570 3948 τοῦτο
1604 3896 1767 3964 aceti]-

203 4010 398 4058 σαντα,
430 3990 807 4061 ἀκοινωνησίᾳ
849 3985 1280 4058 κατακρίνεσθαι
1320 3986 1473 4054 παρὰ
1498 3985 1590 4038 τοῦ
1627 4001 1776 4054 πρω-

201 4083 479 4147 τεύοντος,
510 4083 682 4151 ἧγουν
711 4081 803 4132 τοῦ
825 4078 1246 4149 μητροπολίτου.
1272 4075 1458 4128 Ταῦτα
1489 4074 1583 4128 τοῦ
1614 4074 1779 4128 κανό-

204 4189 290 4236 νος
328 4171 734 4241 ὃιοριζομένου,
758 4169 906 4230 τινὲς
949 4167 1048 4236 μὲν
1075 4163 1231 4220 εἷπον
1299 4163 1458 4218 τοῦτο
1532 4162 1777 4231 γίνεσθαι

202 4259 522 4321 ικολοὺθως
549 4259 626 4328 τῷ
651 4258 716 4310 ιθ’
750 4273 875 4324 κεφ.
902 4254 996 4308 τοῦ
1024 4255 1069 4323 β’
1095 4255 1278 4306 τίτλου
1313 4251 1407 4304 τοῦ
1464 4249 1507 4314 ζ’
1543 4251 1776 4320 βιϐλίου,

215 4351 281 4422 »ᾦ
307 4350 528 4418 λέγοντι
560 4364 575 4378 ⁸
618 4347 678 4400 '0
701 4346 920 4418 αἱρετὸς
940 4345 1209 4415 δικαστὴς
1245 4345 1308 4396 τὸ
1367 4341 1560 4395 δοκοῦν
1630 4341 1780 4412 αὐτῷ

2415 2813 2644 2868 CANON
2681 2814 2915 2870 CXXIII.

1882 2919 1901 2953 ι
1947 2901 2100 2968 Quod
2136 2917 2244 2956 non
2298 2905 2455 2958 debet
2515 2904 2810 2958 electorum
2866 2905 3112 2974 iudicum
3173 2908 3442 2960 sententia

1959 3009 1978 3042 t
2015 2991 2167 3045 nihili
2204 2993 2388 3060 pendi.
2417 2993 2458 3045 Δ
2487 2991 2769 3062 iudicibus
2805 3004 3010 3060 autem,
3040 2997 3131 3063 qui
3171 2997 3442 3048 communi

1953 3100 1974 3132 (
2009 3096 2280 3136 consensu
2317 3081 2474 3136 electi
2505 3091 2628 3136 sunt
2664 3097 2771 3137 non
2819 3083 2943 3136 licet
2997 3086 3284 3152 appellare.
3315 3084 3447 3148 Qui-

1958 3189 1979 3223 ι
2014 3185 2228 3240 cunque
2286 3187 2413 3226 vero
2458 3183 2712 3228 ostensus
2763 3171 2929 3227 fuerit
2991 3183 3208 3243 propter
3268 3175 3444 3244 pervi-

1954 3262 2206 3315 tcaciam
2268 3261 2409 3316 nolle
2475 3262 2758 3330 iudicibus
2826 3278 3048 3331 parere,
3105 3267 3207 3319 hoc
3266 3267 3446 3321 sciens

1953 3369 1971 3402 ι
2015 3352 2204 3421 prima:
2231 3352 2378 3406 sedis
2425 3352 2735 3421 episcopus,
2793 3353 2939 3407 dabit
2979 3355 3212 3416 litteras,
3245 3365 3302 3406 nt
3331 3355 3446 3407 nul-

1958 3458 1976 3492 ι
2010 3443 2091 3497 lus
2129 3443 2180 3499 ei
2221 3442 2501 3511 episcopus
2534 3442 2898 3496 communicet
2923 3444 3097 3497 donec
3126 3445 3386 3512 paruerit.
3417 3462 3437 3494 ι

1950 3704 2148 3759 BALS.
2182 3705 2376 3760 Clarus
2409 3712 2497 3760 est
2522 3719 2720 3761 canon.
2756 3705 2958 3760 Statuit
2983 3708 3146 3771 enim,
3179 3709 3468 3761 netttinem'

1881 3795 2156 3864 appellare
2183 3794 2380 3850 debere
2401 3796 2665 3850 adversus
2722 3797 3042 3849 sententiam
3075 3797 3447 3866 episcoporum

1888 3886 1982 3954 qui
2025 3901 2089 3940 ex
2137 3886 2373 3954 partium
2431 3886 2692 3942 electione
2736 3886 2980 3953 iudicant
3027 3926 3040 3941 .
3093 3901 3216 3940 eum
3269 3899 3448 3942 autem

1880 3976 1971 4044 qui
2015 3977 2115 4030 hoc
2160 3975 2373 4040 fecerit,
2436 3978 3010 4031 exeommnnicatione
3045 3978 3448 4032 condcmnaria

1881 4070 2110 4137 primate
2154 4082 2248 4122 seu
2305 4067 2748 4135 metropolitano.
2811 4067 3099 4136 Haec‘cum
3155 4083 3183 4120 a
3242 4084 3450 4122 canone

1880 4159 2287 4222 decernantur,
2337 4158 2592 4211 dixerunt
2646 4159 2862 4225 quidem
2907 4160 3145 4212 nonnulli
3193 4160 3292 4214 hoc
3336 4159 3450 4214 ﬁeri

1882 4257 2278 4316 consequenter
2317 4249 2479 4317 capiti
2515 4248 2578 4302 i9
2628 4249 2713 4304 tit.
2761 4249 2797 4302 2
2821 4250 2940 4304 libri
2970 4266 3062 4314 νη,
3109 4252 3250 4319 quod
3275 4252 3403 4306 dicit
3435 4270 3449 4282 ·

1883 4339 2166 4394 Electitius
2207 4339 2394 4408 iudex,
2429 4342 2570 4408 quod
2621 4341 2724 4395 sibi
2769 4341 3002 4404 videtur,
3041 4344 3304 4408 decernit,
3350 4361 3452 4399 nec

204 4442 534 4512 ψηφίζεται,
584 4437 678 4491 καὶ
737 4437 798 4490 οὐ
868 4435 1328 4506 πολυπραγμονεῖ
1379 4431 1480 4502 τὴν
1538 4431 1772 4501 ψῆφονὰ

1883 4439 2081 4499 prator
2111 4429 2274 4483 ullam
2327 4431 2392 4485 de
2428 4431 2545 4494 eius
2586 4433 2853 4485 sententia
2900 4447 3085 4486 curam
3132 4435 3290 4503 gerit.
3325 4435 3450 4490 Mihi

207 4533 466 4603 ⁴ιιραίτωρ
493 4547 508 4560 θ
550 4529 680 4599 ἐμοὶ
707 4528 765 4582 δὲ
801 4529 953 4581 δοκεῖ
983 4528 1058 4597 μὴ
1073 4525 1207 4595 περὶ
1249 4523 1509 4578 τοιούτων
1545 4522 1772 4592 αίρετῶν

1885 4531 2066 4576 autem
2107 4522 2340 4586 videtur,
2393 4537 2495 4575 non
2540 4523 2605 4576 de
2668 4523 2940 4592 ejusmodi
3002 4525 3256 4578 electitiis
3308 4528 3450 4595 loqui

202 4621 482 4679 διδάσκειν
510 4623 607 4677 τὸν
632 4620 837 4675 κανόνα
861 4636 876 4650 °
905 4617 1130 4682 τούτους
1158 4617 1269 4686 γὰρ
1292 4617 1437 4679 δόσις
1469 4614 1777 4685 προστίμου

205 4716 503 4783 καθίστησι
557 4710 848 4772 δικαστὰς,
920 4709 1142 4764 ίδιώτας
1196 4708 1394 4770 δντας·
1450 4707 1588 4759 ἀλλά
1647 4702 1777 4773 περὶ

205 4806 526 4859 ἑπισκόπων
559 4801 795 4871 ἑχόντων
853 4798 1243 4853 δικαιοδοσίαν.
1299 4795 1456 4849 Είναι
1494 4796 1554 4849 δὲ
1606 4795 1776 4850 tum

205 4895 365 4948 τοῦτο
396 4897 480 4956 είς
504 4891 604 4956 τὰς
633 4889 1096 4960 ὲκκλησιαστικάς
1121 4888 1410 4950 ὑποθέσεις
1460 4885 1555 4940 καὶ
1583 4887 1774 4955 μόνας,

206 4984 395 5053 ὥσπερ
439 4981 536 5036 καὶ
558 4981 697 5034 ἀλλα
751 4979 943 5034 πολλά.
1005 4981 1068 5030 Oi
1123 4978 1236 5048 γὰρ
1298 4977 1573 5031 πολιτικοὶ
1622 4974 1777 5043 νόμοι

1886 4629 2181 4680 canonein;
2209 4629 2383 4682 paenae
2403 4615 2548 4669 enim
2586 4615 2733 4669 datio
2776 4630 2869 4670 eos
2909 4615 3124 4685 iudices
3148 4619 3449 4680 constituit,

1886 4721 2006 4760 cum
2036 4707 2144 4761 sint
2172 4707 2402 4769 privati,
2439 4706 2531 4762 sed
2573 4707 2640 4760 de
2683 4707 2973 4776 episcopis,
3017 4709 3106 4776 qui
3145 4710 3341 4763 habent
3368 4712 3453 4778 iu-

1888 4797 2306 4851 risdictionem:
2371 4811 2490 4852 esse
2545 4807 2726 4851 autem
2788 4799 2888 4851 hoc
2954 4799 3446 4853 ecclesiasticarum

1883 4902 2194 4952 causarum,
2229 4903 2526 4957 earumque
2571 4887 2809 4941 solarum
2873 4889 3170 4957 proprium,
3229 4890 3368 4943 sicut
3399 4902 3453 4944 et

1887 4978 2056 5032 multa
2118 4977 2245 5031 alia.
2306 4977 2476 5047 Leges
2526 4978 2671 5032 enim
2705 4977 2895 5031 civiles
2945 4978 3013 5031 ab
3061 4981 3208 5033 omni
3270 4981 3453 5050 judice

210 5076 350 5128 κατά
379 5071 588 5134 παντὸς
618 5069 882 5124 δικαστοῦ
930 5069 1288 5123 ἐκκαλεῖσθαι
1329 5065 1662 5138 ὲκχωροῢσι,
1682 5066 1772 5119 xit

1887 5069 2162 5136 appellare
2188 5069 2523 5136 permittunt,
2553 5069 2762 5121 etiamsi
2828 5068 2948 5136 quis
2976 5085 3038 5122 ex
3071 5071 3303 5135 partium
3333 5073 3447 5128 ele-

210 5164 265 5230 δξ
295 5163 562 5232 ὶπιλογῆς
587 5159 698 5214 τῶν
724 5162 908 5231 μερῶν
929 5159 1167 5229 κατέστη
1197 5175 1283 5221 τις
1307 5159 1594 5229 δικαστής.

276 5253 524 5308 ΖΩΝΔΡ.
593 5251 723 5305 Ἐὰν
799 5250 945 5303 κατὰ
991 5251 1178 5320 κοινὴν
1234 5251 1462 5322 γνώμην
1522 5257 1574 5308 oi
1627 5255 1786 5327 δίκην

1885 5161 2065 5215 ctione
2092 5161 2422 5213 constitutus
2458 5159 2641 5214 fuerit.

1955 5247 2210 5304 ZONAB.
2237 5248 2292 5302 Si
2334 5248 2543 5317 iudices
2567 5248 2838 5301 communi
2868 5263 3131 5304 consensu
3163 5250 3444 5319 elegerint,

217 5345 433 5416 ιχοντες
461 5343 602 5412 πρὸς
637 5341 905 5412 ἀλλήλους
939 5342 1322 5412 αίρετίσωνται
1363 5343 1651 5409 δικαστὰς,
1683 5348 1772 5400 οὐκ

1885 5343 1973 5412 qui
2008 5343 2251 5412 litigant;
2284 5341 2364 5395 eis
2395 5341 2462 5394 ab
2503 5341 2716 5396 illorum
2767 5341 3035 5394 sententia
3072 5341 3138 5395 ad
3193 5344 3327 5398 alios
3359 5345 3450 5413 iu-

1440 5438 1609 5500 Guil.
1643 5440 1976 5519 Beveregii
2008 5445 2197 5499 noue.

283 5539 544 5612 (δωέοτ,
569 5535 954 5612 (measuring.
985 5534 1068 5612 Ad
1111 5535 1257 5612 hunc
1282 5535 1464 5612 etiam
1515 5553 1781 5612 canonem
1891 5542 2001 5594 suis
2032 5556 2133 5612 non
2159 5539 2539 5612 obtemperant,
2581 5543 2629 5588 et
2657 5534 2721 5588 de
2747 5533 3000 5612 episcopis
3024 5550 3139 5612 non
3193 5538 3452 5604 recipien-

223 5605 487 5663 in‘codice
513 5605 955 5660 Amerbachiano
980 5607 1084 5660 sub
1139 5605 1337 5660 scholii
1390 5608 1611 5661 nomine
1663 5610 1777 5662 hac

217 5678 482 5746 leguntur,
508 5674 786 5746 Περὶ-τῶν
807 5675 896 5746 μὴ
922 5675 1379 5746 πειθαρχούντιυνο
1418 5679 1527 5737 τοῖς
1554 5679 1775 5740 οἰκείοις

217 5743 548 5809 hiem-nou,
581 5744 679 5813 xui.
701 5744 829 5812 περὶ
849 5743 1163 5795 ἐπισκόπων
1203 5747 1279 5813 μὴ
1313 5745 1617 5813 δεχομένων
1649 5749 1772 5808 τοὺς

217 5817 617 5884 ἁποσληθέντας
641 5812 678 5880 ἢ
720 5814 1141 5879 ἁκοινωνήτους.
1179 5812 1479 5877 θείίεοιιί
1518 5817 1768 5878 episcopis

1888 5611 2027 5664 tibus
2079 5611 2270 5678 ejectos
2316 5607 2395 5660 vel
2453 5605 2956 5659 “communicatos.
3024 5603 3220 5678 verum
3278 5603 3453 5675 neque

1883 5673 2212 5804 ltocdscliolii
2255 5691 2452 5733 nomen
2508 5684 2767 5738 meretur,
2827 5687 3003 5742 neque
3081 5673 3206 5728 huic
3260 5673 3458 5732 canent

1883 5764 1988 5804 oua
2030 5758 2134 5804 rat.

1880 5764 2134 5819 quadrat.
