4012 6474
540 483 642 546 399

1780 478 2049 540 THEOD.
2095 477 2188 537 BA
2197 470 2492 539 LSAMON

3663 471 3776 536 600

541 592 686 644 dices
736 586 1058 656 provocandi
1113 600 1216 640 non
1252 586 1473 640 dahitur
1509 585 1759 640 facultas.
1795 587 1948 652 Quod
2007 588 2088 641 lex

2204 588 2410 652 ἐξέσται
2443 587 2624 648 αὐτοῖς
2655 583 3005 639 ἐκκαλεῖσθαι
3053 585 3192 642 κατὰ
3215 584 3311 657 τῆς
3341 585 3526 656 ψήφου
3558 587 3765 640 αὐτῶν.

541 691 751 748 quoque
777 677 950 732 civilis
975 677 1068 731 lib.
1115 691 1206 742 vn,
1241 676 1323 729 tit.
1355 677 1388 729 3
1433 691 1532 744 cap
1580 677 1612 730 9
1660 675 1869 730 Basilic.
1903 681 1973 731 ita
2004 678 2096 732 de-

543 769 737 834 cernit,
779 768 965 822 dicens
995 786 1009 821 :
1066 767 1350 821 Electitius
1383 767 1546 835 judex
1578 781 1639 820 ex
1677 783 1830 836 aequo
1854 779 1907 821 et
1937 770 2094 830 bono.

539 861 682 929 quod
720 859 820 914 sibi
871 859 1105 922 videtur,
1155 859 1375 923 statuit;
1419 873 1589 926 neque
1621 859 1672 910 in
1719 859 1832 925 ejus
1865 871 2099 912 scnten—

543 954 672 1006 tiam
715 951 928 1005 curiose
962 962 1152 1018 przetor
1189 949 1430 1017 inquirit.
1469 947 1618 1013 Quod
1652 962 1777 1001 vero
1831 949 1978 1000 addit
2009 963 2098 1001 ca-

547 1058 675 1106 non,
729 1040 989 1108 ejusmodi
1022 1049 1135 1102 est,
1196 1049 1251 1091 nt
1301 1039 1343 1092 si
1385 1039 1505 1105 quis
1539 1039 1811 1101 nimirum,
1846 1039 1924 1091 sui
1960 1038 2096 1104 juris

541 1149 605 1186 ac
635 1131 917 1186 sententiae
950 1130 1172 1182 nimium
1203 1139 1361 1182 teuax
1396 1137 1552 1196 atque
1587 1127 1921 1195 pra-fractus,
1952 1128 2095 1192 judi-

541 1223 694 1276 cibus
726 1234 830 1273 non
869 1219 1109 1283 obediat,
1142 1217 1323 1286 prima:
1353 1216 1498 1271 sedis
1539 1217 1820 1284 episc0pns
1872 1217 2094 1284 reliquis

541 1309 806 1381 episcopis
838 1309 1030 1361 litteris
1057 1307 1354 1370 denuntiet,
1384 1313 1443 1359 ut
1472 1306 1540 1360 ab
1561 1305 1673 1373 ejus
1698 1307 2090 1370 communione,

541 1399 797 1466 quamdiu
831 1398 918 1450 ille
941 1411 1127 1464 parere
1156 1398 1504 1459 recusaverit,
1538 1395 1861 1447 abstineant.

538 1493 704 1563 658
736 1488 956 1544 AlllST.
1014 1505 1033 1538 ι
1071 1485 1238 1541 Judex
1283 1488 1351 1539 ab
1395 1486 1650 1539 ambabus
1718 1484 1957 1554 partibus
1986 1484 2094 1538 ele.

880 1596 899 1629 ι
936 1587 1052 1630 ctus
1092 1576 1322 1629 recusari
1359 1589 1461 1626 non
1502 1581 1692 1639 potest.
1729 1591 1746 1623 ι

616 1674 729 1727 Nec
785 1669 1018 1741 epismpi
1089 1681 1187 1720 nec
1245 1665 1426 1719 clerici
1487 1665 1758 1718 communi
1825 1679 2088 1718 consensu

543 1766 822 1832 episcopos
847 1759 1054 1828 iudices
1094 1756 1373 1821 eligentes,
1405 1763 1459 1806 et
1507 1753 1921 1821 abiisjndicati,
1959 1768 2088 1806 con-

544 1868 622 1911 tra
668 1869 852 1908 eorum
893 1852 1212 1906 sententiam
1251 1845 1518 1915 appellare
1579 1853 1797 1912 possunt
1844 1860 1858 1896 :
1896 1853 1950 1897 et
1991 1843 2089 1896 hoc

2201 680 2372 732 Τοῦτο
2405 677 2580 730 δὲκαὶ
2627 677 2655 729 6
2705 678 2986 740 πολιτικὸς
3031 676 3192 747 νόμος
3221 677 3365 729 οὕτω
3409 677 3655 741 θεσπίζει
3706 679 3768 730 ἐν

2201 767 2392 838 βιϐλίῳ
2415 765 2482 830 ζ’,
2512 766 2676 835 τίτλῳ
2703 767 2749 836 β’
2789 768 2982 836 κεφαλ.
3036 766 3100 820 ιθ⁰
3168 766 3380 834 λέγων’
3425 765 3488 819 '0
3541 767 3770 837 αίρετδς

2199 859 2459 927 δικαστὴς
2483 858 2544 911 16
2564 857 2756 911 δοκοῦν
2781 858 2930 925 αὑτῷ
2954 857 3272 926 ψηφίζεται,
3334 857 3427 910 καὶ
3477 857 3541 909 οὐ
3598 856 3772 909 πολυ-

2201 951 2515 1017 πραγμονεῖ
2545 947 2645 1018 τὴν
2695 948 2878 1016 ψῆφον
2920 950 2948 1001 6
2986 949 3256 1019 πραίτωρ.
3317 942 3449 998 Εἶτα
3486 947 3686 1011 ἐπάγει
3742 947 3772 998 6

2198 1038 2380 1091 κανών
2403 1055 2415 1068 ο
2451 1039 2642 1100 Ὅστις
2666 1038 2723 1090 δέ
2753 1039 2840 1091 διὰ
2880 1041 3220 1107 μονοτονίαν,
3278 1038 3450 1105 ἧγουν
3537 1039 3767 1105 ἰσχυρο-

2198 1129 2558 1199 γνωμοσύνην
2625 1129 2658 1197 ἢ
2724 1129 3124 1198 ἀναισχυντίαν,
3173 1129 3232 1180 ού
3288 1129 3575 1196 πειθαρχεῖ
3653 1129 3772 1187 τοῖς

2207 1219 2513 1282 δικασταῖς,
2586 1219 2614 1270 6
2669 1223 2766 1289 τῆς
2838 1219 3058 1288 πρώτης
3140 1218 3408 1285 καθέδρας
3462 1217 3771 1278 ἐπίσκοπος

2196 1310 2488 1362 ἐντελεῖται
2545 1308 2632 1363 διὰ
2715 1309 3058 1378 γραμμάτων
3117 1310 3230 1371 τοῖς
3296 1310 3621 1370 ἐπισκόποις
3686 1306 3771 1376 μὴ

2196 1399 2623 1468 συγκοινωνῆσαι
2664 1399 2833 1469 αὐτῷ,
2888 1401 2990 1463 ἕως
3043 1395 3104 1452 οῦ
3141 1400 3545 1470 πειθαρχήσῃ..

2193 1490 2416 1542 ΑΡΙΣΤ.
2450 1508 2469 1542 ι
2515 1489 2572 1543 ’0
2603 1491 2666 1542 ἐκ
2697 1490 2804 1543 τῶν
2857 1490 2951 1542 δύο
3018 1491 3200 1559 μερῶν
3255 1489 3499 1560 αίρεθεὶς
3567 1491 3773 1560 κριτὴς

2701 1596 2720 1629 ι
2756 1578 3206 1647 ἀπαράγραπτος.
3248 1598 3263 1627 ι

2263 1667 2398 1722 Οὔτε
2423 1667 2711 1724 ἐπίσκοποι
2749 1670 2873 1722 οὗτε
2895 1669 3166 1738 κληρικοὶ,
3224 1671 3364 1723 κατὰ
3420 1667 3608 1738 κοινὴν
3636 1684 3774 1719 συν-

2193 1756 2399 1809 αίνεσιν
2431 1757 2691 1820 δικαστὰς
2719 1758 3048 1820 ἐπισκόπους
3073 1756 3474 1824 ἐπιλεξάμενοι,
3507 1757 3602 1810 καὶ
3635 1756 3778 1825 παρ’

2192 1847 2374 1908 αὗτοτς
2450 1846 2751 1916 κριθέντες,
2816 1848 2955 1900 κατά
3029 1846 3128 1913 τῆς
3193 1847 3521 1913 ἀποφάσεως
3577 1846 3772 1898 αὐτᾶν

540 1962 645 1999 non
680 1945 768 1998 hic
827 1954 1054 2006 tantum,
1092 1943 1184 1995 sed
1233 1949 1286 1992 et
1333 1938 1386 1991 in
1430 1935 1546 1989 aliis
1599 1933 1874 2003 prtesentis
1906 1934 2092 2003 synodi

2204 1938 2449 1992 δύνανται
2477 1937 2823 1990 ἐκκαλεῖσθαι
2849 1954 2863 1968 ⁸
2899 1939 2990 1990 καὶ
3021 1937 3177 1989 τοῦτο
3205 1937 3302 1989 ούκ
3367 1936 3603 1988 ἐνταῦθα
3659 1935 3774 2004 μό-

537 2036 835 2091 canouibus
862 2036 1136 2088 decretum
1161 2032 1276 2086 fuit.

1074 2207 1300 2264 CANON
1323 2205 1558 2262 CXXIV.

546 2319 565 2354 ι
613 2301 987 2371 Utepiscopus
1019 2301 1110 2369 qui
1160 2299 1428 2368 pr0priam
1460 2297 1732 2350 dicesesim
1775 2291 2092 2354 contemnit,

623 2409 642 2443 ι
675 2391 917 2461 privetur
946 2389 1343 2443 communione.
1379 2385 1433 2439 Si
1464 2385 1516 2438 in
1567 2381 1864 2437 matriculis
1892 2394 1985 2432 seu
2039 2379 2093 2430 in

621 2497 641 2531 ι
675 2476 944 2532 cathedris
972 2475 1259 2544 episcOpus
1307 2472 1577 2541 negligens
1629 2468 1789 2522 fuerit
1838 2466 2094 2519 adversus

621 2586 640 2621 ι
678 2565 984 2631 haereticos,
1044 2566 1452 2617 admoneatura
1505 2559 1697 2612 vicinis
1754 2553 2096 2623 diligentibus

623 2672 646 2709 ι
681 2652 986 2722 episcopis:
1019 2658 1073 2703 et
1119 2649 1166 2703 ei
1211 2648 1425 2716 propria
1479 2645 1794 2700 ostendatur
1825 2639 2094 2709 negligen-

614 2763 642 2797 τ
681 2747 778 2808 tia,
812 2743 878 2797 ad
935 2742 1035 2796 hoc
1060 2754 1126 2794 ne
1147 2737 1548 2793 excusationem
1585 2732 1802 2787 habeat.
1834 2729 1890 2784 Si
1917 2738 2094 2781 autem

625 2853 647 2888 ι
687 2849 718 2889 a
753 2848 859 2904 quo
886 2833 970 2886 die
985 2830 1345 2886 commonitus
1376 2825 1560 2892 fuerit,
1581 2824 1724 2879 intra
1757 2837 1851 2878 sex
1885 2832 2097 2875 menses

640 2944 660 2977 ι
703 2924 756 2977 in
783 2922 970 2978 eadem
1005 2920 1278 2990 provincia
1317 2919 1517 2988 degens
1543 2957 1558 2983 ,
1613 2930 1720 2969 non
1767 2929 1973 2974 eorum,
2004 2911 2094 2980 qui

629 3032 656 3066 τ
693 3011 888 3068 debent
911 3010 978 3064 ad
1002 3007 1319 3063 catholicam
1353 3006 1605 3060 unionem
1626 3003 1888 3067 converti,
1908 3013 2091 3055 curam

632 3124 654 3158 ι
679 3103 898 3176 gesserit
926 3119 940 3156 :
964 3116 1083 3155 cum
1102 3113 1171 3154 eo
1195 3113 1304 3152 non
1352 3096 1799 3158 commonicetur,
1834 3092 2004 3148 donec
2038 3091 2091 3144 id

629 3216 653 3248 τ
695 3193 1016 3263 impleverit.
1049 3191 1106 3245 Si
1134 3196 1309 3244 autem
1339 3196 1623 3241 exsecutor
1645 3184 1699 3238 in
1727 3185 1792 3240 iis
1824 3184 1956 3238 locis
1989 3195 2094 3235 non

635 3305 652 3339 ι
689 3285 940 3350 adfuerit,
973 3283 1222 3354 episcopo
1248 3294 1314 3334 ne
1349 3276 1741 3335 adscribatur.»

612 3551 802 3607 BALS.
837 3550 895 3604 ιιι
924 3560 1128 3606 canone
1161 3546 1255 3600 121
1321 3545 1454 3600 satis
1505 3543 1819 3612 scripsimus
1864 3540 1930 3595 de
1983 3538 2097 3606 cpio

547 3647 724 3713 scopis
771 3643 859 3712 qui
913 3641 1109 3695 nullam
1142 3651 1324 3692 curam
1368 3643 1557 3706 gerunt
1586 3634 1941 3688 docendorum
1967 3645 2096 3685 suo-

545 3749 665 3787 rum
695 3734 1012 3802 populorum
1049 3746 1065 3785 :
1099 3728 1164 3781 de
1190 3727 1381 3794 quibus
1409 3737 1644 3792 praesens
1685 3736 1894 3790 quoque
1924 3735 2096 3774 canon

541 3825 692 3885 dicit,
752 3819 1021 3887 adjiciens
1081 3822 1476 3881 consequenter
1527 3813 1724 3866 canoni
1779 3809 2096 3879 apostolico,

540 3907 1080 3965 excommunicationi
1136 3904 1329 3972 subjici
1380 3917 1476 3957 eos
1517 3902 1604 3969 qui
1659 3911 1778 3971 post
1817 3901 2098 3954 denuntia-

547 4004 746 4053 tionem
782 3997 905 4050 illos
928 3997 1120 4049 docere
1140 3992 1440 4061 negligant,
1476 3991 1565 4058 qui
1592 3990 1645 4042 in
1673 3989 1970 4042 matriculis
2000 4001 2094 4041 seu

544 4089 684 4141 inter
741 4085 1118 4141 cathedrarutn
1175 4094 1395 4134 suarum
1449 4088 1539 4132 aut
1584 4077 1932 4133 ecclesiarum
1973 4075 2093 4143 jura

541 4187 685 4239 sunt,
751 4175 1053 4228 haereticos.
1109 4171 1165 4224 Si
1206 4182 1384 4223 autem
1439 4176 1742 4230 exsecutor,
1802 4166 1994 4234 inquit,
2027 4168 2093 4220 ab

541 4267 792 4335 episcopo
821 4263 1146 4324 admonitus,
1178 4270 1234 4313 ut
1264 4258 1329 4312 ad
1363 4259 1534 4312 locum
1564 4257 1866 4321 accederet,
1893 4265 1946 4310 ot
1978 4257 2093 4308 ha:-

543 4356 738 4408 rcticos
770 4362 1004 4415 voearet,
1060 4351 1162 4404 hoc
1193 4364 1298 4402 non
1353 4347 1578 4410 fecerit,
1617 4347 1789 4415 culpae
1827 4362 1930 4399 non
1991 4345 2094 4398 erit

543 4445 717 4499 amnis
740 4445 1040 4512 episcopus.
1077 4441 1169 4493 Est
1197 4441 1339 4493 enim
1371 4439 1473 4491 hoc
1499 4451 1714 4505 quoque
1761 4436 2096 4489 rationabilis

2193 2042 2304 2088 vov,
2336 2024 2470 2077 ἀλλά
2490 2025 2580 2078 καλ⁵
2611 2026 2665 2076 ἐν
2699 2025 2902 2095 ἑτέροις
2933 2025 3118 2078 κανόσι
3153 2028 3248 2096 τῆς
3295 2024 3573 2094 παρούσης
3606 2022 3772 2075 συνό-

2191 2117 2284 2169 δου
2311 2116 2545 2185 ὡρίσθη.

2734 2208 2967 2263 KANQN
2995 2207 3164 2264 PKA'.

2200 2311 2222 2348 ι
2260 2297 2422 2350 Ὠστε
2459 2298 2551 2350 τδν
2619 2299 3066 2369 καταφρονοῦντα
3118 2302 3215 2366 τῆς
3269 2299 3405 2360 ίδῖας
3438 2298 3772 2368 διοικήσεως

2274 2404 2294 2438 ι
2342 2388 2637 2441 ἐπίσκοπον
2668 2391 2974 2459 στερεῖσθαι
3001 2389 3100 2458 τῆς
3153 2389 3464 2450 κοινωνίας.
3526 2388 3654 2440 Ἐἀν
3701 2389 3767 2439 ἐν

2274 2495 2290 2528 t
2335 2479 2447 2542 τοῖς
2478 2479 2806 2548 ματρικίοις,
2842 2480 3011 2549 ἤγουν
3036 2481 3094 2532 ἐν
3125 2480 3248 2540 ταῖς
3285 2479 3608 2549 καθέδραις,
3643 2480 3770 2532 ἐπίο

2272 2585 2290 2618 ι
2335 2584 2535 2630 σκοπος
2560 2570 2767 2639 ἀμελὴς
2795 2571 3016 2640 γένηται
3067 2575 3208 2627 κατὰ
3267 2572 3376 2624 τῶν
3440 2569 3769 2640 αἱρετικῶν,

2273 2675 2290 2707 ι
2332 2657 2706 2728 ὐπόμνησθείη
2754 2659 2860 2712 ἀπὸ
2889 2662 3251 2726 γειτνιώντων
3298 2663 3614 2714 ἐπισκόπων
3638 2665 3772 2713 ἐπι-

2275 2766 2291 2800 ι
2342 2749 2540 2818 μελῶν,
2571 2753 2667 2802 καὶ
2703 2751 3048 2822 ὕποδειχθείη
3081 2753 3232 2822 αὐτῷ
3266 2755 3299 2820 ἡ
3358 2755 3463 2806 ίδία
3491 2753 3770 2822 περιφρόο

2274 2857 2293 2890 ι
2337 2855 2490 2910 νησις
2527 2841 2663 2908 πρὸς
2691 2841 2752 2892 16
2785 2849 2863 2912 μη
2901 2842 3042 2911 ἐχειν
3070 2843 3386 2912 ἀπολογίαν.
3423 2843 3546 2895 Ἐὰν
3579 2842 3637 2894 δέ
3667 2842 3772 2910 ἀφ’

2275 2947 2293 2980 ι
2330 2925 2396 2999 ἦς
2437 2931 2647 3000 ἡμέρας
2683 2931 3029 3002 ὑπομνησθῇ,
3069 2934 3219 2994 ἐντὸς
3255 2933 3441 3003 μηνῶν
3485 2933 3543 2998 ἐξ
3581 2935 3639 2984 ἐν
3679 2936 3753 3002 τῇ

2279 3041 2297 3074 ι
2339 3024 2475 3094 αὐτῇ
2507 3025 2744 3095 ἐπαρχίᾳ
2765 3025 2990 3094 διάγων,
3027 3025 3100 3096 μὴ
3126 3026 3234 3078 τῶν
3259 3025 3586 3093 ὀφειλόντων
3618 3026 3770 3096 πρὸς

2276 3133 2294 3166 ι
2334 3117 2430 3184 τὴν
2491 3117 2782 3188 καθολικὴν
2860 3119 3086 3188 ἑνότητα
3167 3119 3571 3189 ἐπιστραφῆναι
3665 3118 3775 3187 τὴν

2277 3224 2297 3258 ι
2339 3207 2597 3276 φροντίδα
2651 3209 2987 3277 ποιήσηται·
3031 3209 3106 3279 τῷ
3139 3209 3364 3279 τοιούτῳ
3422 3209 3498 3279 μὴ
3535 3226 3774 3277 συγκοι-

2275 3315 2293 3348 ι
2335 3299 2566 3368 νωνηθῇ,
2602 3299 2704 3361 ἐως
2739 3295 2799 3353 οῦ
2851 3300 3005 3352 τοῦτο
3033 3299 3317 3370 πληρώσῃ.
3351 3301 3412 3352 Εί
3451 3301 3506 3353 δέ
3539 3303 3566 3354 6
3601 3302 3773 3366 ἐπεξ-

2279 3406 2297 3438 ι
2335 3388 2605 3458 εργαστὴς
2666 3392 2743 3450 είς
2775 3390 2899 3450 τοὺς
2959 3389 3153 3456 αὑτρὺς
3186 3391 3386 3452 τόπους
3445 3390 3520 3459 μὴ
3584 3407 3773 3461 παρα-

2273 3497 2289 3530 ι
2331 3479 2572 3548 γένηται,
2604 3478 2678 3546 τῷ
2696 3478 2980 3546 ὲπισκόπῳ
3009 3479 3082 3548 μὴ
3119 3481 3422 3550 ἐπιγραφῇ.
3458 3479 3476 3531 ἱ

2267 3569 2461 3622 ΒΑΔΣ.
2507 3569 2593 3621 Ἐν
2622 3567 2697 3637 τῷ
2727 3566 2847 3636 ρκα¹
2878 3571 3061 3621 κανόνι
3102 3570 3412 3640 ἀρκούντως
3439 3571 3774 3640 ἐγράψαμεν

2200 3662 2327 3727 περὶ
2359 3658 2466 3710 τῶν
2503 3659 2845 3726 ἀμελούντων
2873 3659 3191 3713 ἐπισκόπων
3253 3663 3352 3730 τῆς
3407 3661 3773 3726 διδασκαλίας

2199 3750 2306 3802 τῶν
2341 3750 2434 3801 ὑπ’
2468 3750 2664 3811 αὐτοὺς
2700 3749 2841 3801 λαῶν
2870 3766 2882 3781 ·
2922 3753 3051 3819 περὶ
3097 3745 3170 3804 ὧν
3221 3752 3316 3802 καὶ
3360 3749 3552 3820 παρὼν
3585 3753 3777 3804 κανών

2204 3851 2359 3902 φησι,
2425 3835 2848 3903 προστιθέμενος
2933 3837 3238 3900 ἀκολούθως
3291 3838 3368 3906 τῷ
3424 3841 3777 3910 ἀποστολικῷ

2199 3925 2382 3976 κανόνι
2402 3923 2689 3992 ἀφορισμῷ
2709 3925 3097 3993 ἀκοινωνησίας
3118 3927 3626 3981 καθυποςάλλεσθαι
3644 3932 3778 3992 τοὺς

2199 4013 2336 4078 μετὰ
2369 4013 2740 4081 παραγγελίαν
2766 4013 3100 4082 ἀμελοῦντας
3153 4017 3246 4067 τοῦ
3280 4017 3558 4069 δ.δὶσκειν
3632 4018 3771 4081 τοὺς

2199 4104 2258 4154 ἐν
2314 4107 2427 4165 τοῖς
2465 4103 2795 4172 ματρικίιις,
2832 4105 2998 4173 ἤγουν
3021 4107 3130 4166 τοῖς
3160 4105 3388 4168 δικαίοις
3438 4106 3545 4156 τῶν
3601 4108 3762 4159 καθε-

2196 4191 2336 4260 δρῶν
2363 4192 2479 4260 ἤτοι
2507 4193 2615 4246 τῶν
2651 4195 2959 4262 ἐκκλησιῶν
2988 4194 3189 4260 αὐτῶν,
3217 4195 3381 4257 ὂντας
3418 4197 3773 4265 αἶρετικούς.

2199 4278 2260 4329 Εί
2297 4279 2374 4341 δὲ,
2403 4280 2588 4349 φησὶν,
2619 4283 2646 4332 6
2674 4283 3102 4350 ἐπεξεργαστὴς,
3136 4285 3461 4351 ἐπιτραπεὶς
3493 4288 3650 4354 παρά
3673 4290 3773 4339 τοῦ

2199 4367 2502 4419 ἐπισκόπου
2534 4369 2674 4422 κατὰ
2707 4372 2868 4421 τόπον
2900 4371 3196 4438 ἀφικέσθαι
3246 4373 3339 4423 καὶ
3385 4375 3773 4440 μετακαλέσα-

2201 4457 2327 4509 σθαι
2355 4459 2483 4520 τοὺς
2512 4461 2842 4528 αίρετικοὺς,
2884 4461 2945 4513 ού
2979 4463 3198 4531 ποιήσει
3227 4462 3407 4525 τοῦτο,
3445 4465 3778 4516 ἀκαταιτὶα-

544 4549 725 4597 causa,
761 4535 901 4590 sicut
933 4531 1122 4594 morbi,
1164 4540 1216 4583 et
1246 4537 1474 4583 caeterze.
1518 4527 1609 4580 Est
1639 4536 1818 4579 autem
1865 4541 2091 4579 exsecu-

2204 4563 2292 4608 τος
2317 4547 2468 4599 ἐσται
2498 4549 2861 4612 όέπίσκοπος.
2906 4552 3061 4602 Ἔστι
3098 4554 3205 4619 γὶρ
3255 4555 3352 4603 καὶ
3412 4553 3572 4604 τοῦτο
3610 4557 3773 4608 αἰτία

548 4638 651 4688 tor,
681 4625 763 4676 vel
796 4623 1028 4688 regionis
1071 4621 1358 4681 exarchus,
1412 4619 1501 4685 qui
1545 4616 1668 4669 talia
1725 4615 2096 4680 administrat,

547 4711 627 4764 vel
652 4713 995 4778 magistratus
1024 4707 1278 4774 regionis,
1305 4705 1395 4773 qui
1426 4706 1474 4756 in
1506 4709 1672 4757 rebus
1696 4703 1963 4769 ejusmodi
2007 4717 2102 4756 ne-

545 4816 697 4855 cesse
746 4799 905 4853 habet
954 4797 1205 4866 episcopo
1255 4810 1409 4862 Opem
1444 4792 1618 4856 ferre,
1654 4804 1706 4846 et
1741 4796 1911 4857 magis
1939 4809 2098 4860 quam

549 4891 796 4945 deiensor
846 4888 1096 4957 regionis.
1155 4887 1218 4938 de
1269 4899 1376 4953 quo
1428 4884 1604 4949 agitur
1652 4886 1703 4938 in
1754 4882 2102 4950 nonagesimo

548 4981 775 5047 septimo
809 4991 1010 5030 canone
1050 4976 1326 5043 praesentis
1359 4975 1573 5042 synodi.

624 5174 868 5231 ZONAR.
906 5173 1042 5228 Suos
1071 5174 1347 5243 episcopos
1381 5171 1667 5226 Donatistae
1698 5184 1909 5240 quoque
1940 5168 2104 5222 habe—

553 5268 701 5326 bant,
726 5276 957 5331 suasque
989 5261 1319 5324 ntatriculas,
1341 5261 1440 5314 hoc
1463 5270 1543 5314 est
1575 5262 1804 5324 tabulas,
1832 5260 1884 5312 in
1910 5259 2103 5324 quibus

552 5372 638 5420 ea,
671 5369 789 5422 quae
823 5355 886 5406 ad
923 5354 1156 5421 ipsorum
1184 5352 1442 5406 ecclesias
1471 5350 1802 5420 spectabant,
1835 5349 2101 5417 descripta

555 5449 982 5500 continerentur.
1015 5441 1070 5495 Si
1103 5443 1222 5509 quis
1254 5443 1416 5509 igitur
1441 5440 1773 5494 orthodoxus
1798 5438 2102 5507 episcopus,

547 5535 834 5588 cathedras
856 5535 922 5586 ab
953 5531 1215 5585 hmreticis
1244 5541 1549 5600 occupatas,
1583 5530 1801 5597 locaque
1826 5528 1879 5581 in
1919 5541 2103 5580 eorum

556 5625 849 5678 matriculis
877 5624 1163 5690 descripta,
1203 5637 1518 5690 recuperare
1569 5621 1884 5689 neglexerit,
1914 5635 2010 5674 nec
2039 5620 2103 5672 de

557 5718 619 5768 iis
654 5715 998 5776 laboraverit,
1033 5713 1122 5781 qui
1163 5714 1228 5766 ad
1281 5711 1574 5765 Ecclesium
1612 5712 1931 5764 catholicam
1980 5725 2106 5764 con-

553 5807 682 5864 secti
709 5807 930 5873 debent,
969 5805 1116 5860 illum
1155 5821 1183 5858 a
1215 5805 1404 5860 vicinis
1437 5803 1704 5872 episcOpis
1730 5818 1792 5858 ea
1825 5806 1887 5857 de
1925 5817 1981 5856 re
2015 5817 2103 5856 ca-

2202 4635 2422 4702 εῦλογος
2445 4637 2606 4688 ὁποία
2635 4639 2667 4705 ὴ
2698 4637 2796 4702 τῆς
2829 4638 2984 4689 νόσου
3021 4639 3113 4688 καὶ
3145 4639 3200 4688 αί
3252 4638 3457 4690 λοιπαί.
3501 4639 3777 4709 Ἐπεξερ-

2202 4727 2409 4794 γαστὴς
2433 4728 2486 4779 δέ
2510 4729 2779 4796 ἐστινῆό
2831 4731 3094 4797 ἐγχώριος
3154 4727 3379 4796 ἐξαρχος
3438 4731 3486 4780 '6
3542 4732 3778 4784 τοιαῦτα

2203 4815 2522 4883 οἰκονομῶν,
2558 4815 2588 4884 ἢ
2619 4819 2645 4869 6
2675 4817 2858 4886 ἄρχων
2889 4819 2984 4884 τῆς
3015 4819 3218 4886 χώρας,
3251 4822 3278 4870 6
3328 4818 3462 4887 πρὸς
3517 4818 3778 4890 ἀνάγκης

2205 4905 2342 4972 ἔχων
2374 4904 2584 4972 βοηθεῖν
2615 4905 2692 4974 τῷ
2724 4908 3008 4975 ἐπισκόπῳ
3036 4908 3091 4956 ἐν
3123 4907 3408 4968 τοιούτοις,
3444 4907 3780 4975 καὶμᾶλλον

2203 4991 2237 5060 ἢ
2260 4993 2286 5042 6
2317 4995 2578 5060 ἐγχώριος
2614 4993 2847 5056 ἔκδικος,
2881 4996 2907 5046 6
2940 4994 3270 5063 δηλούμενος
3299 4996 3355 5046 ἐν
3407 4996 3484 5064 τῷ
3541 4998 3628 5060 ιιιζν
3672 5015 3776 5051 κα·

2206 5082 2318 5134 νόνι
2351 5083 2448 5149 τῆς
2472 5081 2755 5153 παρούσης
2812 5084 3057 5138 συνόδου.

2275 5173 2518 5226 ΖΩΝΑΡ.
2542 5174 2652 5224 Καὶ
2688 5175 3023 5234 ἐπισκόπους
3061 5175 3224 5238 ἰδίους
3255 5171 3403 5245 εἶχον
3467 5178 3515 5228 oi
3553 5183 3778 5230 Δονατιο

2207 5260 2352 5323 σταὶ,
2385 5263 2476 5312 καὶ
2507 5263 2789 5331 ματρίκια⁹
2822 5262 2990 5330 ἤγουν
3046 5264 3394 5332 ἀπογραφὰς,
3431 5264 3540 5316 τῶν
3581 5266 3777 5333 διαφε-

2209 5348 2409 5418 ρόντων
2443 5351 2562 5411 ταῖς
2594 5350 2912 5418 ἐκκλησίαις
2943 5350 3140 5406 αὐτῶν.
3175 5353 3340 5417 Λέγει
3390 5348 3483 5405 οῦν
3507 5354 3534 5404 6
3579 5354 3774 5406 κανὼν

2205 5440 2307 5499 ὅτι,
2335 5438 2429 5490 ἐὰν
2454 5439 2752 5500 ἐπίσκοπος
2777 5439 3057 5509 όρθὸδοξος
3086 5441 3262 5509 ἀμελή
3274 5458 3338 5514 σῃ
3355 5443 3644 5511 ἐκνικῆσαι
3668 5449 3776 5508 τὶς

2206 5525 2470 5593 καθέδρας
2489 5526 2595 5580 τῶν
2609 5527 2922 5596 αἱρετικῶν,
2941 5528 3035 5580 καὶ
3052 5530 3116 5580 τὰ
3139 5532 3194 5580 ἐν
3214 5532 3324 5590 τοῖς
3347 5531 3658 5600 ματρικίοις
3677 5533 3780 5584 αὑ-

2210 5616 2342 5680 τῶν,
2366 5616 2460 5668 καὶ
2495 5615 2569 5684 μὴ
2588 5618 2843 5686 φροντίσῃ
2867 5617 2972 5668 τῶν
2995 5617 3315 5685 ὀφειλόντων
3348 5622 3484 5684 πρὶς
3513 5620 3613 5688 τὴν
3632 5621 3774 5673 καθ-

2208 5707 2389 5776 ολικὴν
2409 5706 2737 5776 Ἐκκλησίαν
2768 5708 3199 5778 ἐπιστραφῆναι,
3225 5709 3307 5762 ἵνα
3343 5711 3778 5781 ὑπομιμνήσκη-

2209 5815 2291 5850 ται
2309 5797 2436 5866 περὶ
2457 5795 2642 5850 τούτου
2662 5800 2723 5851 ἐκ
2742 5798 2847 5852 τῶν
2877 5798 3131 5864 γειτόνων
3157 5800 3495 5865 ἐπισκόπων,
3519 5803 3612 5853 καὶ
3636 5802 3776 5870 μετά
