4012 6436
240 286 340 348 ιιι

1288 295 1371 359 IN
1409 299 1572 361 CAN.
1600 297 1801 362 cxxv
1833 281 2041 369 CONC.
2091 307 2463 371 eamme.

3368 317 3480 383 £02

237 397 330 463 τὴν
358 399 664 471 ὑπόμνησιν
693 403 794 457 ἐὰν
839 404 988 467 ἐντὸς
1021 407 1207 475 μηνῶν
1239 409 1298 474 ἐξ
1324 411 1383 463 οὐ
1417 416 1678 486 φροντίσῃ
1712 416 1811 485 τῆς

1922 432 2018 473 non
2074 421 2345 476 admoneri
2402 421 2554 491 jubet
2601 439 2615 476 :
2674 425 2814 493 quod
2874 426 2921 480 si
2974 425 3323 490 admonitus,
3375 441 3469 481 sex

233 489 540 556 ὑποθέσεως
558 493 670 548 ἐκεῖ
685 495 954 565 ἐνδημῶν,
975 498 1060 552 ῐνα
1083 502 1158 570 μὴ
1180 506 1511 573 συγκοινωνῇ
1534 506 1682 575 αὐτῷ
1702 525 1807 570 τις.

231 580 367 633 Είδὲ
399 583 638 654 ενδημεί,
666 589 854 656 φησὶν,
887 587 947 642 οὐ
981 589 1207 660 πάρεστι
1233 593 1290 645 δὲ
1315 595 1344 646 ό
1368 594 1804 668 ἐπεξεργαστὴς,

232 673 402 737 ἠγουν
456 675 487 727 ό
533 676 714 744 ἄρχων
740 677 840 745 τῆς
888 677 1092 749 χώρας,
1139 684 1287 745 ὅστις
1318 685 1794 755 ἐπεξεργάσασθαι

234 763 458 817 δύναται
506 766 603 835 τὴν
631 769 912 831 ὑπόθεσιν,
942 775 1034 826 καὶ
1069 774 1416 845 παραστῆσαι
1441 778 1535 830 καὶ
1573 779 1808 844 ἄκοντας

233 856 355 917 τοὺς
380 858 689 925 αίρετικοὺς
747 860 1276 934 ἀπολογησομένους,
1329 866 1418 938 ῆό
1455 869 1519 921 ἐκ
1549 869 1811 939 βασιλέως

232 943 407 1005 δοθεὶς
439 945 569 1008 ἴσως
603 948 682 1010 είς
739 950 1017 1018 ἐκδίκησιν
1063 953 1204 1006 κατὰ
1230 953 1320 1007 τὸν
1355 956 1438 1020 κζ’
1476 958 1702 1022 κανόνα,
1727 960 1807 1028 τῷ

1920 510 2184 564 mensium
2227 512 2525 579 intervallo,
2577 514 2623 570 si
2666 515 2880 583 quidem
2933 517 2988 572 in
3041 517 3121 572 eis
3155 516 3286 572 locis
3323 529 3470 588 agat.

1921 603 2191 669 negotium
2227 604 2449 660 minime
2475 607 2811 677 susceperit;
2839 607 3080 678 ejusdem
3105 609 3482 665 communione

1923 693 2177 748 omnibus
2216 695 2563 751 interdictum
2605 711 2727 754 esse
2768 699 3033 754 decernit.
3067 697 3266 755 Verum
3302 699 3348 755 si
3372 700 3484 769 ipse

1915 783 2152 850 quidem,
2210 785 2400 854 inquit,
2442 801 2677 854 praesens
2730 789 2904 853 adsit,
2961 799 3248 845 exsecutor
3289 798 3467 845 autem

1911 873 2025 928 sive
2074 874 2354 942 praefectus
2385 879 2643 949 regionis,
2671 880 2763 950 qui
2809 895 2944 950 opus
2987 882 3052 936 ad
3097 880 3299 935 exitum
3351 895 3480 948 perc

1911 963 2093 1028 ducat,
2128 975 2184 1020 et
2229 981 2256 1021 a
2303 983 2410 1037 quo
2448 971 2688 1027 haeretici
2727 987 2945 1028 causam
2980 973 3156 1028 dicere
3199 971 3283 1027 vel
3318 969 3472 1026 inviti

233 1033 517 1106 ἐπισκόπῳ
541 1038 615 1108 μὴ
631 1041 911 1114 ἐπιγραφῇ
933 1045 1013 1106 είς
1041 1043 1308 1112 ἀμέλειαν
1334 1046 1366 1114 ἡ
1388 1047 1682 1118 ὑπέρθεσις
1714 1046 1805 1102 διὰ

1922 1065 2184 1122 rogantur,
2255 1033 2336 1114 vel
2374 1061 2633 1116 alius-ab
2679 1062 3005 1132 imperatore
3067 1079 3132 1118 ex
3166 1061 3494 1118 canonisi'r

230 1124 328 1192 τὴν
355 1125 626 1183 ἀπουσίαν
670 1133 766 1185 τοῦ
797 1134 1103 1204 ἄρχοντοςῆ
1133 1136 1230 1188 τοῦ
1259 1137 1474 1191 ἐκδίκου
1514 1137 1795 1207 γινομένη.

1901 1143 2118 1200 decreto
2175 1164 2399 1205 munere
2442 1152 2794 1220 praepositus,
2850 1153 3240 1209 desideretur:-
3278 1169 3345 1210 ne
3391 1154 3485 1210 ulli

227 1220 471 1290 opi<copi
503 1222 848 1292 indiligentia:
877 1228 1234 1295 adscribatur,
1281 1231 1326 1285 si
1363 1240 1489 1287 tunc
1528 1231 1782 1288 temporis
1822 1232 2061 1304 aliquam
2092 1256 2159 1296 ex
2176 1243 2524 1312 magistratus
2563 1254 2657 1300 aut
2682 1243 2982 1302 defensoris
3014 1247 3256 1301 absentia
3325 1247 3489 1301 rebus

229 1313 362 1383 ipsis
389 1330 599 1369 moram
639 1317 818 1370 aﬂ'erri
845 1319 1152 1388 contigerit.

229 1409 458 1463 ΑΡΙΣΤ.
497 1430 515 1461 ε
551 1413 910 1481 Περιφρονῶν
929 1414 1228 1479 ἐπίσκοπος
1253 1418 1352 1487 τὴν
1404 1419 1545 1487 ὑπὲρ
1568 1420 1680 1473 τῶν
1727 1421 1806 1473 ai-

309 1518 329 1552 t
368 1502 604 1569 ρετικῶν
634 1504 981 1571 ἐπιμέλειαν,
1007 1507 1100 1560 καὶ
1150 1509 1728 1578 ὑπομιμνησκόμενος,
1755 1513 1806 1565 εί

307 1606 325 1639 ι
367 1591 463 1642 ἐπὶ
489 1591 590 1658 τῆς
612 1591 749 1652 ἰδίας
778 1593 959 1661 διάγει
991 1598 1446 1668 περιφρονήσεως
1474 1602 1569 1653 ἐπὶ
1603 1599 1665 1666 ἐξ
1700 1601 1806 1671 μῆ·

1906 1417 2131 1474 ARIST.
2193 1440 2210 1472 ι
2247 1420 2547 1493 Episcopus
2616 1427 2997 1482 haereticorum
3058 1441 3244 1482 curam
3291 1440 3478 1496 gerere

1994 1525 2012 1560 ι
2056 1519 2409 1564 contemnens
2431 1553 2446 1574 ,
2493 1521 2548 1568 et
2579 1515 2906 1580 admonitus,
2939 1516 2984 1570 si
3015 1531 3110 1585 per
3139 1531 3232 1571 sex
3277 1531 3509 1572 menses.

1997 1619 2016 1652 ε
2046 1601 2099 1656 in
2140 1617 2240 1656 suo
2275 1605 2636 1672 permanserit
2665 1614 2994 1675 contemptu,
3036 1621 3332 1674 eorumque
3354 1620 3488 1662 con—

308 1698 328 1730 ε
371 1698 491 1743 νας,
517 1682 612 1734 καὶ
640 1682 717 1752 μὴ
749 1685 1028 1753 φροντίσει
1067 1686 1276 1741 τούτων
1300 1689 1399 1759 τῆς
1436 1692 1805 1765 ἐπιστροφῆς,

1998 1707 2017 1743 ι
2060 1694 2238 1748 versio
2266 1691 2313 1747 ei
2357 1708 2459 1749 non
2498 1697 2642 1751 cura:
2670 1694 2857 1762 fuerit,
2903 1696 3417 1751 excommunicetur.
3449 1713 3467 1748 ι

308 1790 328 1822 ε
372 1773 487 1840 ῆτω
507 1771 896 1852 ἀκοινώνητος.
910 1794 930 1828 ι

312 1864 374 1915 '0
416 1862 518 1931 μιν
539 1868 885 1935 προγραφεὶς
920 1869 1214 1935 ἐκατοστδς
1263 1873 1480 1944 πρῶτος
1513 1874 1696 1930 κανὼν
1723 1877 1816 1932 τδν

238 1956 724 2024 καταφρονητικῶς
759 1958 1077 2013 διατεθέντα
1105 1961 1407 2017 ἐπίσκοπον
1441 1966 1568 2034 περὶ
1585 1968 1684 2037 τὴν
1705 1968 1814 2021 τῶν

235 2045 530 2112 αίρετικῶν
573 2047 886 2116 διόρθωσιν,
917 2050 1013 2103 καὶ
1045 2052 1180 2121 μηδὲ
1213 2052 1349 2123 μετὰ
1378 2053 1477 2125 τὴν
1504 2055 1815 2128 ὑπόμνησιν

233 2135 331 2202 τῆς
365 2135 580 2189 τούτων
602 2139 936 2210 ἐπιστροφῆς
993 2143 1086 2195 ἐπὶ
1119 2144 1180 2206 ἒξ
1209 2145 1385 2214 μῆνας
1414 2147 1804 2217 φροντίσαντα,

235 2223 620 2288 καταδικάζει.
669 2229 753 2289 είς
793 2229 854 2280 τὸ
920 2221 1376 2305 πρόσκυρωθῆναι
1435 2236 1563 2300 τοὺς
1618 2231 1815 2303 τόπους

236 2309 417 2364 αὐτῶν
448 2313 622 2384 ἐτέρῳ
649 2316 955 2388 ἐπισκόπῳ,
989 2318 1067 2390 τῷ
1108 2320 1391 2390 δυναμένῳ
1423 2326 1502 2389 είς
1540 2326 1639 2397 τὴν
1679 2330 1816 2383 καθ-

233 2401 425 2471 ολικὴν
473 2403 659 2456 πίστιν
695 2406 894 2467 αὐτοὺς
944 2411 1351 2480 μεταστρέψαι·
1373 2413 1401 2464 ό
1422 2416 1476 2469 δέ
1502 2419 1692 2487 παρὼν
1719 2435 1815 2472 κα-

234 2491 340 2580 νων
379 2494 786 2563 ἀκοινωνησίαν
842 2497 992 2568 αὑτῷ
1045 2501 1244 2569 ἐπάγει
1300 2508 1396 2559 καὶ
1431 2508 1815 2580 ἀφωρισμένον

235 2577 376 2637 εἶναι
408 2587 765 2652 προστέττει,
802 2586 904 2651 Et»;
980 2583 1043 2644 οὗ
1103 2593 1163 2646 τὸ
1205 2596 1408 2664 ἀνῆκον
1451 2598 1602 2669 αὐτῷ
1651 2577 1821 2670 ἐργον

238 2673 550 2742 πληρώσει.
583 2674 696 2729 Καὶ
743 2676 892 2730 δοκεῖ
928 2679 957 2732 ό
1011 2681 1191 2736 κανὼν
1232 2677 1383 2749 οὗτος
1433 2687 1598 2740 οἱονεὶ
1668 2689 1814 2742 ἐναν-

236 2763 486 2816 τιοῦσθαι
520 2764 600 2833 τῷ
629 2773 750 2834 ρκα’
771 2768 978 2836 κανόνι,
1013 2769 1142 2825 ἄλλο
1179 2775 1310 2845 παρ’
1339 2776 1547 2830 ἐκεῖνον
1593 2779 1814 2849 ἐπάγων

237 2852 517 2922 ἐπιτίμιον
544 2855 622 2923 τῷ
653 2856 959 2925 ἐπισκόπῳ,
993 2861 1072 2928 τῷ
1129 2862 1231 2931 τῆς
1284 2866 1622 2938 ἐπιστροφῆς
1704 2870 1816 2923 τῶν

236 2943 538 3011 αἰρετικῶν
581 2945 914 3015 ἀμελοῦντι·
947 2951 1048 3003 οὐκ
1100 2952 1216 3006 ἐστι
1270 2955 1326 3008 δὲ
1374 2959 1618 3019 ἐναντίος
1653 2977 1667 2991 ·
1694 2961 1816 3014 ἀλλ’

1994 1878 2375 1948 Antescriptus
2400 1880 2731 1936 centesimus
2762 1881 3058 1938 vicesimus
3094 1881 3485 1953 primuscanon

1917 1969 2246 2038 episcopum,
2264 1971 2355 2042 qui
2376 1973 2427 2026 in
2440 1973 2709 2028 haereticis
2733 1975 3069 2044 corrigendis
3083 1977 3488 2047 senegiigenter

1915 2061 2076 2128 gerit.
2110 2070 2164 2115 et
2189 2076 2287 2118 nec
2317 2071 2438 2131 post
2479 2063 2902 2122 admonitionem
2957 2066 3098 2122 intra
3130 2083 3224 2122 sex
3269 2084 3487 2124 menses

1919 2151 2299 2208 conversionis
2333 2169 2522 2208 eorum
2575 2169 2704 2210 cura
2733 2170 2857 2212 eum
2899 2156 3089 2225 tangit,
3138 2157 3485 2222 condemnat,-

1919 2239 2116 2295 utloca
2148 2256 2336 2297 eorum
2368 2243 2459 2298 alii
2505 2245 2778 2314 episcopo,
2821 2245 2911 2316 qui
2956 2236 3050 2301 eos
3091 2245 3158 2300 ad
3199 2245 3352 2300 ﬁdem
3394 2260 3486 2302 ca-

1921 2331 2178 2388 tholicam
2245 2343 2422 2403 potest
2491 2346 2853 2403 convertere,
2929 2328 3386 2408 assignarentur;
3418 2338 3487 2390 At

1918 2435 2157 2489 praesens
2197 2438 2370 2478 canon
2421 2427 2980 2483 excommunicatione
3021 2442 3142 2483 eum
3181 2427 3373 2481 multat
3432 2436 3488 2482 et

1917 2513 2193 2581 segregari
2231 2514 2398 2584 659
2417 2514 2592 2583 jubet,
2627 2533 2802 2587 usque
2827 2517 2954 2572 dum
3003 2533 3137 2588 opus
3167 2519 3232 2571 ad
3261 2533 3320 2573 se
3349 2533 3488 2585 per-

1919 2603 2100 2660 tinens
2130 2605 2452 2672 expleverit.
2487 2607 2553 2662 Et
2578 2609 2794 2664 videtur
2816 2610 2902 2663 hic
2923 2625 3098 2666 canou
3129 2610 3310 2679 aliquo
3330 2611 3490 2666 modo

1920 2697 2116 2751 ranoni
2146 2695 2240 2750 121
2287 2701 2613 2762 contrarius,
2651 2699 2924 2754 diversum
2964 2700 3033 2754 ab
3070 2715 3135 2755 eo
3162 2701 3484 2771 supplicium

1918 2803 2139 2845 sumens
2167 2791 2232 2845 de
2271 2790 2526 2860 episcopo
2551 2790 2642 2859 qui
2674 2790 3051 2844 haereticorum
3077 2792 3502 2848 conversionem.

1920 2878 2161 2948 negligit.
2189 2878 2306 2933 Non
2336 2888 2422 2933 est
2460 2889 2640 2934 autem
2675 2880 3016 2941 contrarius.
3055 2881 3149 2934 sed
3196 2896 3320 2935 cum
3368 2884 3490 2951 qui-

1922 2968 2042 3024 dem
2075 2969 2207 3022 alius
2243 2969 2545 3024 inveniatur
2587 2970 2890 3039 episcOpus,
2923 2985 3107 3024 curam
3131 2985 3318 3024 eorum
3353 2971 3404 3025 in
3430 2986 3509 3025 ss-

239 3036 369 3088 ὅταν
402 3036 506 3104 μὲν
543 3037 869 3107 εὑρίσκηται
899 3041 1198 3105 ἐπίσκοπος
1261 3045 1466 3116 ἔτερος,
1491 3049 1589 3120 τὴν
1621 3053 1812 3121 ἐπιμέ-

1923 3059 2248 3129 suscipiens,
2303 3059 2583 3114 auferetur
2622 3036 2903 3128 episcopo,
2943 3061 3036 3130 qui
3087 3060 3246 3114 saluti
3297 3076 3486 3116 eorum

237 3126 386 3178 λειαν
428 3128 614 3182 αὐτῶν
660 3131 1082 3200 ἀναδεχόμενος,
1150 3135 1590 3209 ἀφαιρεθήσεται
1626 3142 1655 3194 ό
1717 3160 1812 3198 κα-

1922 3126 2112 3219 parum
2158 3151 2451 3213 consuluit,
2491 3126 2750 3220 quidquid
2807 3126 2859 3205 in
2908 3126 3001 3206 eos
3036 3149 3223 3203 habuit
3249 3150 3339 3218 jus
3369 3150 3488 3218 epi-

235 3217 588 3311 ταφρονήσας
618 3220 717 3288 τῆς
743 3222 1020 3292 σωτηρίας
1071 3225 1252 3278 αὐτῶν
1314 3230 1637 3296 ἐπίσκοπος,
1676 3235 1812 3306 ὅπερ

1922 3217 2160 3311 scopaie,
2197 3252 2252 3297 et
2281 3243 2357 3297 illi
2393 3217 2815 3311 adjudicabitur.
2843 3242 2977 3299 Cum
3005 3251 3184 3296 autem
3220 3217 3322 3296 nec
3349 3217 3488 3298 alius

238 3300 388 3376 εἶχεν
415 3308 507 3360 ἐπ’
541 3309 730 3373 αὐτοίς
778 3312 1142 3367 ἐπισκοπικὸν
1189 3315 1419 3385 δίκαιον,
1457 3322 1549 3376 καὶ
1577 3341 1812 3392 προσκυ-

1922 3349 2106 3388 curam
2162 3349 2349 3389 eorum
2419 3335 2696 3402 suscipiet,
2749 3350 2850 3390 nec
2908 3334 3024 3402 ipse
3075 3333 3488 3389 conversionem

239 3399 550 3469 ρωθήσεται
577 3402 774 3472 ἐκείνῳ
797 3419 811 3433 ·
842 3405 972 3456 ὅταν
1000 3406 1056 3458 δέ
1081 3405 1204 3459 οὔτε
1225 3409 1395 3472 ’ἄλλος
1413 3413 1512 3482 τὴν
1553 3415 1812 3482 φροντίδα

1924 3433 2109 3474 eorum
2165 3423 2216 3473 in
2263 3435 2392 3475 cura
2441 3399 2679 3485 habebit,
2730 3429 2859 3475 tunc
2909 3421 3489 3476 excommunicationis

235 3490 420 3543 αὐτῶν
500 3493 862 3562 ἀναδέχηται,
936 3494 1064 3548 οὔτε
1104 3498 1268 3559 αὐτὸς
1310 3499 1414 3568 τῆς
1477 3503 1812 3574 ἐπιστροφῆς

1922 3525 2092 3577 poena:
2125 3509 2446 3576 subjiciatur
2485 3527 2498 3564 :
2545 3511 2588 3565 si
2628 3525 2754 3564 vero
2795 3518 2916 3579 post
2962 3511 3485 3566 excommunicatio-

239 3583 452 3637 τούτων
481 3584 849 3653 ἐπιμελῆται,
873 3587 1182 3655 τηνικαῦτα
1239 3590 1317 3659 τῷ
1369 3592 1470 3660 τῆς
1507 3595 1816 3665 ἀκοινωνη-

244 3675 366 3736 σίας
396 3675 668 3743 ἐπιτιμίῳ
690 3675 1160 3747 ὑποόληθήσεται.
1189 3681 1251 3733 El
1280 3683 1336 3735 δέ
1376 3685 1516 3753 μετὰ
1559 3686 1652 3739 τὸν
1683 3689 1818 3756 dipo-

244 3762 440 3831 ριτμδν
470 3766 537 3834 τῇ
567 3765 794 3836 τοιαύτῃ
849 3767 1097 3838 ῥᾳθυμίᾳ
1128 3771 1406 3838 ἐπιμένει,
1463 3775 1558 3826 καὶ
1617 3777 1813 3830 καθαιο

247 3853 570 3921 ρεθήσεται,
607 3854 754 3908 κατὰ
783 3855 874 3907 τὸν
902 3857 1283 3925 πεντηκοστὸν
1350 3859 1536 3928 ὃγδοον
1615 3864 1820 3923 κανόνα

247 3944 352 3997 τῶν
379 3945 555 4013 ἁγίων
588 3947 932 4001 ἀποστόλων.

808 4039 1046 4094 ΚΑΝΩΝ
1079 4040 1254 4097 ΡΚΕ’.

252 4145 268 4178 ι
299 4128 436 4197 Περὶ
463 4128 576 4180 τῶν
600 4129 726 4193 τοὺς
752 4132 1081 4194 Δονατιστὰς
1108 4133 1447 4202 κοινωνῆσαι·
1469 4134 1822 4208 ψευδομένων

324 4237 343 4270 σ
378 4220 721 4274 ἐπισκόπων.
768 4220 895 4273 Ἐὰν
918 4221 971 4276 δέ
999 4223 1293 4297 ἀποδειχθῇ
1322 4228 1411 4279 τὸν
1427 4228 1664 4284 τοιοῦτον
1680 4230 1818 4297 ψευ-

319 4333 338 4362 σ
384 4315 623 4382 σάμενον
646 4314 776 4382 περὶ
791 4318 891 4383 τῆς
908 4315 1136 4369 ἐκείνων
1153 4321 1456 4384 κοινωνίας,
1478 4323 1539 4374 ἐν
1551 4323 1630 4391 τῷ
1640 4323 1819 4392 λέγειν

321 4423 338 4453 σ
371 4404 574 4463 αὐτοὺς
604 4407 1087 4474 κεκοινωνηκέναι,
1107 4405 1199 4469 οὓς
1212 4407 1488 4464 δείκνυται
1511 4413 1818 4480 συνειδήσει

321 4509 338 4542 ι
378 4491 552 4549 αὑτοῦ,
577 4493 652 4560 μὴ
704 4495 1035 4562 κοινωνῆσαι
1057 4511 1074 4526 ο
1108 4495 1204 4548 καὶ
1248 4496 1348 4568 τὴν
1396 4499 1702 4572 ἐπισκοπὴν
1737 4503 1816 4556 ἐτι

323 4602 336 4633 ι
378 4584 488 4653 μὴν
525 4585 806 4638 ἀπολέσει
843 4605 873 4636 ι

315 4675 515 4728 ΒΑΛΣ.
556 4677 943 4744 Δ;ορισά.μενοι
977 4678 1025 4731 οί
1071 4678 1336 4750 Πατέρες,
1371 4681 1515 4743 ὅπως
1547 4682 1818 4748 ὀφείλουσι

247 4764 576 4829 κολάζεσθαι
614 4767 664 4817 oi
683 4767 1018 4834 ἀμελοῦντες
1038 4770 1134 4822 τοῦ
1157 4771 1513 4840 ἐπιστρέψειν
1556 4773 1645 4826 διὰ
1672 4775 1816 4827 διδα-

247 4857 474 4917 σκαλίας
513 4858 641 4917 τοὺς
686 4858 790 4909 ὑπὸ
825 4859 926 4926 τὴν
955 4859 1173 4930 ἐνορία»
1210 4861 1388 4913 αὐτῶν
1421 4862 1579 4925 ὄντας
1614 4866 1817 4933 αίρετιλ

243 4951 392 5013 κοῦς,
429 4951 528 5001 καὶ
559 4951 926 5019 προσθέμενοι
986 4952 1468 5019 συγγινώσκεσθαι
1512 4956 1635 5015 τοὺς
1667 4955 1818 5008 εὐλό-

242 5057 348 5106 γως
371 5041 511 5110 πρὸς
543 5038 701 5093 τοῦτο
732 5041 1172 5110 ἐμποδισθέντας,
1206 5041 1301 5095 νῦν
1328 5044 1590 5111 ἐπάγουσι
1613 5045 1819 5110 timidi:

243 5148 385 5193 τινες
424 5130 484 5196 ἐξ
511 5131 693 5186 αὐτῶν
720 5133 949 5184 εἴπωσιν
985 5133 1248 5202 ὁμιλῆσαι
1274 5134 1674 5198 διδασκαλικῶς
1703 5139 1816 5200 τοίς

246 5221 394 5273 οὖσιν
422 5223 479 5272 ἐν
503 5225 569 5289 τῇ
605 5222 813 5273 τούτων
843 5223 1026 5292 ἐνορίᾳ
1077 5223 1396 5292 αἱρετικοίς,
1425 5227 1519 5277 καὶ
1559 5226 1815 5296 ἀποδειχ-

247 5309 374 5363 θῶσι
403 5310 752 5380 ψευδόμενοι,
783 5311 841 5362 οὐ
878 5314 1039 5378 μόνον
1073 5314 1386 5384 ἀφορισμῷ,
1410 5316 1542 5367 ἀλλὰ
1571 5318 1660 5368 καὶ
1683 5317 1811 5368 καθ-

249 5402 452 5471 αιρέσει
515 5400 1098 5473 καθυποόληθήσονται
1143 5404 1230 5458 διὰ
1287 5406 1386 5476 τὴν
1425 5405 1604 5475 ἄκραν
1632 5409 1815 5460 αὐτῶν

247 5491 503 5560 ἀμέλειαν
529 5492 620 5543 καὶ
654 5491 748 5542 τὸν
759 5490 929 5546 δόλον.

314 5583 555 5636 ΖΩΝᾹΡ.
605 5583 729 5634 Ἐὰν
750 5583 828 5648 δέ,
855 5584 1200 5654 αἰτιώμενος,
1226 5588 1306 5641 ὅτι
1342 5590 1414 5658 μὴ
1443 5589 1719 5662 ἐξενίκησε
1747 5596 1812 5649 τὰ

256 5677 393 5730 ποιοᾶ
428 5676 536 5731 τῶν
568 5675 865 5742 αίρετικῶν
890 5678 1250 5748 κατεχόμενα,
1306 5682 1438 5752 λέγῃ
1486 5689 1811 5755 κοινωνῆσαι

1921 3613 2041 3652 nem
2069 3601 2120 3654 in
2156 3601 2458 3656 istiusmodi
2519 3601 2726 3657 desidia
2770 3602 3049 3671 persistat,
3082 3611 3137 3657 et
3165 3605 3484 3673 deponatur,

1918 3687 2071 3756 juxta
2097 3692 2602 3762 quinquagesimum
2636 3700 2888 3748 octavum
2927 3700 3237 3752 sanctorum
3269 3706 3486 3766 aposto-

1921 3779 2094 3834 lorum
2130 3795 2413 3839 cauoncm.

2465 4052 2697 4110 CANON
2715 4054 2936 4110 CXXV.

1925 4168 1945 4203 ‹
1981 4149 2058 4204 De
2078 4147 2369 4220 episcopis,
2399 4149 2490 4220 qui
2519 4148 2856 4205 mentiuntur
2896 4145 3484 4205 Donatistascommm

1997 4259 2017 4293 ι
2060 4240 2291 4297 nicasse.
2347 4240 2441 4296 Sin
2473 4248 2652 4296 autem
2694 4250 2971 4295 ostensum
3033 4241 3193 4295 fuerit
3250 4256 3374 4296 eum
3423 4246 3489 4298 de

1999 4351 2018 4384 ι
2056 4332 2267 4387 illorum
2329 4332 2710 4388 communione
2761 4332 2927 4386 fuisse
2979 4333 3300 4396 mentitum,
3361 4335 3488 4389 dum

2000 4444 2017 4477 ι
2056 4425 2188 4480 dicit
2220 4438 2312 4478 eos
2340 4424 2793 4488 communicasse,
2829 4437 2969 4492 quos
3007 4438 3072 4476 eo
3123 4423 3333 4478 sciente
3381 4440 3486 4479 nou

1998 4533 2017 4566 ι
2059 4514 2490 4570 communicasse
2510 4513 2816 4569 constiterit
2839 4529 2853 4570 :
2878 4513 3249 4584 episcopatum
3272 4516 3491 4583 'quoque

1997 4623 2015 4656 ι
2057 4608 2264 4674 perdel.
2305 4623 2325 4656 ι

1993 4693 2184 4746 BALS.
2218 4693 2350 4747 Cum
2375 4692 2690 4746 deﬁnissent
2737 4691 2923 4746 Patres
2959 4693 3226 4760 quomodo
3256 4694 3502 4764 εῑηιεριι-Δ

1923 4783 2103 4836 niendi
2146 4783 2179 4836 ii
2221 4783 2311 4851 qui
2355 4782 2631 4850 ttegligunt
2671 4796 2764 4850 per
2816 4783 3116 4836 doctrinam
3171 4793 3511 4838 convertere-

1921 4874 2207 4927 hzerelicos
2256 4873 2357 4941 qui
2378 4882 2504 4926 sunt
2551 4872 2602 4925 in
2637 4886 2823 4925 eorum
2874 4872 3117 4934 dimccsi,
3161 4881 3214 4926 et
3255 4873 3490 4942 adjecis-

1922 4973 2046 5017 seut
2093 4965 2160 5017 iis
2199 4964 2584 5032 ignoscendum
2620 4975 2742 5016 esse
2777 4961 2868 5028 qui
2892 4962 3037 5028 justa
3078 4977 3242 5017 causa
3278 4965 3334 5016 iu
3389 4965 3493 5017 hoc

1923 5053 2164 5122 impediti
2197 5053 2432 5117 fuerunt,
2465 5066 2609 5106 nunc
2673 5050 2913 5104 inferunt
2943 5054 3085 5119 quod
3115 5053 3157 5105 sl
3190 5054 3279 5120 qui
3313 5057 3492 5111 cs-cis

1921 5145 2159 5198 dixerint
2180 5160 2237 5198 se
2275 5160 2396 5196 cum
2425 5142 2713 5205 limreticis,
2746 5141 2834 5209 qui
2863 5150 2990 5195 sunt
3032 5141 3082 5194 iu
3116 5157 3211 5196 sua
3244 5144 3483 5213 regione,

1920 5235 2149 5289 docendi
2173 5235 2340 5304 gratia
2367 5232 2814 5292 communicasse.
2834 5240 2888 5285 et
2912 5243 3182 5286 ostensum
3211 5233 3367 5288 fuerit
3392 5252 3491 5290 eos

1920 5329 2134 5380 mouliri
2164 5343 2179 5393 ;
2212 5343 2315 5380 non
2347 5326 2520 5381 Solum
2559 5324 2936 5393 segregatioui,
2993 5325 3086 5378 sed
3126 5326 3290 5379 etiam
3325 5327 3489 5395 depa-

1919 5421 2104 5474 sitioui
2136 5419 2516 5488 subjicicutur,
2560 5423 2781 5484 propter
2808 5430 3074 5469 summam
3106 5430 3288 5470 eorum
3316 5418 3488 5488 negli-

1917 5511 2150 5578 gentiam
2182 5519 2232 5562 et
2265 5509 2527 5562 fraudum.

1989 5599 2244 5656 ZONAR.
2281 5601 2335 5652 Si
2372 5615 2498 5653 vero
2531 5599 2673 5666 quod
2720 5600 2786 5654 ab
2825 5598 3091 5656 haereticis
3140 5601 3336 5668 injuste
3364 5616 3485 5669 pos-

1925 5709 2070 5751 sessa
2103 5695 2242 5746 bona
2274 5708 2374 5746 nou
2405 5691 2663 5761 eripuerit
2706 5699 3012 5760 accusatus,
3052 5707 3116 5749 eo
3155 5707 3215 5749 se
3250 5701 3480 5761 tueatur,
