  <div class='ocr_page' id='page_1' title='image "/cluster/home/n/w/nwhite01/storage/ocr_20150623/138/ien.35556001660133/213.png"; bbox 0 0 4012 6460; ppageno 0'>
   <div class='ocr_carea' id='block_1_1' title="bbox 509 323 617 388">
    <p class='ocr_par' dir='ltr' id='par_1_1' title="bbox 509 323 617 388">
     <span class='ocr_line' id='line_1_1' title="bbox 509 323 617 388; baseline -0.019 -1"><span class='ocrx_word' id='word_1_1' title='bbox 509 323 617 388; x_wconf 67' lang='grc'><strong>403</strong></span> 
     </span>
    </p>
   </div>
   <div class='ocr_carea' id='block_1_2' title="bbox 1744 315 2461 378">
    <p class='ocr_par' dir='ltr' id='par_1_2' title="bbox 1744 315 2461 378">
     <span class='ocr_line' id='line_1_2' title="bbox 1744 315 2461 378; baseline -0.001 0"><span class='ocrx_word' id='word_1_2' title='bbox 1744 317 2021 378; x_wconf 87' lang='grc' dir='ltr'><strong>ΤΗΕΟΙ).</strong></span> <span class='ocrx_word' id='word_1_3' title='bbox 2060 315 2461 378; x_wconf 65' lang='lat' dir='ltr'><strong>BALSAMON</strong></span> 
     </span>
    </p>
   </div>
   <div class='ocr_carea' id='block_1_3' title="bbox 3623 309 3738 375">
    <p class='ocr_par' dir='ltr' id='par_1_3' title="bbox 3623 309 3738 375">
     <span class='ocr_line' id='line_1_3' title="bbox 3623 309 3738 375; baseline -0.017 -1"><span class='ocrx_word' id='word_1_4' title='bbox 3623 309 3738 375; x_wconf 61' lang='grc'><strong>404</strong></span> 
     </span>
    </p>
   </div>
   <div class='ocr_carea' id='block_1_4' title="bbox 505 418 2083 503">
    <p class='ocr_par' dir='ltr' id='par_1_4' title="bbox 505 427 2074 503">
     <span class='ocr_line' id='line_1_4' title="bbox 505 427 2074 503; baseline -0.007 -17"><span class='ocrx_word' id='word_1_5' title='bbox 505 434 646 503; x_wconf 82' lang='lat' dir='ltr'><strong>quod</strong></span> <span class='ocrx_word' id='word_1_6' title='bbox 681 433 797 486; x_wconf 90' lang='lat' dir='ltr'><strong>illos</strong></span> <span class='ocrx_word' id='word_1_7' title='bbox 825 430 1078 484; x_wconf 72' lang='lat' dir='ltr'><strong>Ecclesiae</strong></span> <span class='ocrx_word' id='word_1_8' title='bbox 1101 429 1383 484; x_wconf 74' lang='lat' dir='ltr'><strong>catholica:</strong></span> <span class='ocrx_word' id='word_1_9' title='bbox 1413 427 1818 482; x_wconf 81' lang='lat' dir='ltr'><strong>communicare</strong></span> <span class='ocrx_word' id='word_1_10' title='bbox 1850 434 2074 489; x_wconf 87' lang='lat' dir='ltr'><strong>asserat,</strong></span> 
     </span>
    </p>
   </div>
   <div class='ocr_carea' id='block_1_5' title="bbox 2210 418 3758 503">
    <p class='ocr_par' dir='ltr' id='par_1_5' title="bbox 2211 418 3758 498">
     <span class='ocr_line' id='line_1_5' title="bbox 2211 418 3758 498; baseline -0.008 -16"><span class='ocrx_word' id='word_1_11' title='bbox 2211 432 2304 494; x_wconf 74' lang='grc' dir='ltr'><strong>οὺς</strong></span> <span class='ocrx_word' id='word_1_12' title='bbox 2334 429 2642 498; x_wconf 75' lang='grc' dir='ltr'>αἱρετικοὺς</span> <span class='ocrx_word' id='word_1_13' title='bbox 2659 429 2723 497; x_wconf 78' lang='grc' dir='ltr'>τῇ</span> <span class='ocrx_word' id='word_1_14' title='bbox 2739 426 3002 493; x_wconf 78' lang='grc' dir='ltr'>καθολικῇ</span> <span class='ocrx_word' id='word_1_15' title='bbox 3029 421 3346 492; x_wconf 71' lang='grc' dir='ltr'>Ἐκκλησία,</span> <span class='ocrx_word' id='word_1_16' title='bbox 3369 420 3463 472; x_wconf 73' lang='grc' dir='ltr'><strong>καὶ</strong></span> <span class='ocrx_word' id='word_1_17' title='bbox 3486 419 3574 472; x_wconf 72' lang='grc' dir='ltr'>διὰ</span> <span class='ocrx_word' id='word_1_18' title='bbox 3591 418 3758 472; x_wconf 54' lang='grc' dir='ltr'>τοῦτο</span> 
     </span>
    </p>
   </div>
   <div class='ocr_carea' id='block_1_6' title="bbox 509 518 2074 594">
    <p class='ocr_par' dir='ltr' id='par_1_6' title="bbox 509 518 2074 594">
     <span class='ocr_line' id='line_1_6' title="bbox 509 518 2074 594; baseline -0.005 -16"><span class='ocrx_word' id='word_1_19' title='bbox 509 533 897 594; x_wconf 77' lang='lat' dir='ltr'><strong>proptereaque</strong></span> <span class='ocrx_word' id='word_1_20' title='bbox 941 522 1356 584; x_wconf 73' lang='lat' dir='ltr'><strong>vindicationem</strong></span> <span class='ocrx_word' id='word_1_21' title='bbox 1383 521 1642 574; x_wconf 85' lang='lat' dir='ltr'><strong>bonorum</strong></span> <span class='ocrx_word' id='word_1_22' title='bbox 1679 520 1792 586; x_wconf 86' lang='lat' dir='ltr'><strong>ipse</strong></span> <span class='ocrx_word' id='word_1_23' title='bbox 1823 518 2074 588; x_wconf 79' lang='lat' dir='ltr'><strong>neglexe-</strong></span> 
     </span>
    </p>
   </div>
   <div class='ocr_carea' id='block_1_7' title="bbox 509 609 2074 682">
    <p class='ocr_par' dir='ltr' id='par_1_7' title="bbox 509 609 2074 682">
     <span class='ocr_line' id='line_1_7' title="bbox 509 609 2074 682; baseline -0.003 -14"><span class='ocrx_word' id='word_1_24' title='bbox 509 616 618 680; x_wconf 89' lang='lat' dir='ltr'><strong>rit;</strong></span> <span class='ocrx_word' id='word_1_25' title='bbox 655 630 716 669; x_wconf 85' lang='lat' dir='ltr'><strong>ac</strong></span> <span class='ocrx_word' id='word_1_26' title='bbox 747 627 937 682; x_wconf 88' lang='lat' dir='ltr'><strong>postea</strong></span> <span class='ocrx_word' id='word_1_27' title='bbox 975 612 1242 666; x_wconf 82' lang='lat' dir='ltr'><strong>mendacii</strong></span> <span class='ocrx_word' id='word_1_28' title='bbox 1289 613 1572 666; x_wconf 88' lang='lat' dir='ltr'><strong>convictus</strong></span> <span class='ocrx_word' id='word_1_29' title='bbox 1625 612 1741 676; x_wconf 80' lang='lat' dir='ltr'><strong>fuit,</strong></span> <span class='ocrx_word' id='word_1_30' title='bbox 1786 626 1906 664; x_wconf 87' lang='lat' dir='ltr'><strong>cum</strong></span> <span class='ocrx_word' id='word_1_31' title='bbox 1955 609 2074 664; x_wconf 90' lang='lat' dir='ltr'><strong>illos</strong></span> 
     </span>
    </p>
   </div>
   <div class='ocr_carea' id='block_1_8' title="bbox 509 703 2072 776">
    <p class='ocr_par' dir='ltr' id='par_1_8' title="bbox 509 703 2072 776">
     <span class='ocr_line' id='line_1_8' title="bbox 509 703 2072 776; baseline -0.002 -20"><span class='ocrx_word' id='word_1_32' title='bbox 509 707 591 760; x_wconf 81' lang='lat' dir='ltr'><strong>vel</strong></span> <span class='ocrx_word' id='word_1_33' title='bbox 623 706 771 760; x_wconf 92' lang='lat' dir='ltr'><strong>nullo</strong></span> <span class='ocrx_word' id='word_1_34' title='bbox 815 707 996 770; x_wconf 89' lang='lat' dir='ltr'><strong>modo,</strong></span> <span class='ocrx_word' id='word_1_35' title='bbox 1033 705 1119 758; x_wconf 91' lang='lat' dir='ltr'><strong>vel</strong></span> <span class='ocrx_word' id='word_1_36' title='bbox 1151 714 1298 759; x_wconf 86' lang='lat' dir='ltr'><strong>certe</strong></span> <span class='ocrx_word' id='word_1_37' title='bbox 1326 720 1432 760; x_wconf 90' lang='lat' dir='ltr'><strong>non</strong></span> <span class='ocrx_word' id='word_1_38' title='bbox 1464 705 1577 776; x_wconf 81' lang='lat' dir='ltr'><strong>ejus</strong></span> <span class='ocrx_word' id='word_1_39' title='bbox 1605 703 1856 767; x_wconf 88' lang='lat' dir='ltr'><strong>scientia,</strong></span> <span class='ocrx_word' id='word_1_40' title='bbox 1891 704 1943 757; x_wconf 92' lang='lat' dir='ltr'><strong>id</strong></span> <span class='ocrx_word' id='word_1_41' title='bbox 1972 712 2072 765; x_wconf 90' lang='lat' dir='ltr'><strong>est,</strong></span> 
     </span>
    </p>
   </div>
   <div class='ocr_carea' id='block_1_9' title="bbox 510 795 2076 866">
    <p class='ocr_par' dir='ltr' id='par_1_9' title="bbox 510 795 2076 866">
     <span class='ocr_line' id='line_1_9' title="bbox 510 795 2076 866; baseline -0.001 -17"><span class='ocrx_word' id='word_1_42' title='bbox 510 813 608 851; x_wconf 89' lang='lat' dir='ltr'><strong>nec</strong></span> <span class='ocrx_word' id='word_1_43' title='bbox 639 797 757 866; x_wconf 88' lang='lat' dir='ltr'><strong>ipso</strong></span> <span class='ocrx_word' id='word_1_44' title='bbox 791 797 1069 851; x_wconf 88' lang='lat' dir='ltr'><strong>laborante</strong></span> <span class='ocrx_word' id='word_1_45' title='bbox 1105 811 1203 849; x_wconf 88' lang='lat' dir='ltr'><strong>nec</strong></span> <span class='ocrx_word' id='word_1_46' title='bbox 1237 796 1469 860; x_wconf 76' lang='lat' dir='ltr'><strong>sciente,</strong></span> <span class='ocrx_word' id='word_1_47' title='bbox 1519 797 1953 851; x_wconf 78' lang='lat' dir='ltr'><strong>communicasse</strong></span> <span class='ocrx_word' id='word_1_48' title='bbox 2007 795 2076 849; x_wconf 86' lang='lat' dir='ltr'><strong>sit</strong></span> 
     </span>
    </p>
   </div>
   <div class='ocr_carea' id='block_1_10' title="bbox 507 887 2073 956">
    <p class='ocr_par' dir='ltr' id='par_1_10' title="bbox 507 887 2073 956">
     <span class='ocr_line' id='line_1_10' title="bbox 507 887 2073 956; baseline 0 -18"><span class='ocrx_word' id='word_1_49' title='bbox 507 897 844 955; x_wconf 85' lang='lat' dir='ltr'><strong>compertum</strong></span> <span class='ocrx_word' id='word_1_50' title='bbox 870 904 883 940; x_wconf 91' lang='lat'><strong>:</strong></span> <span class='ocrx_word' id='word_1_51' title='bbox 912 887 1224 956; x_wconf 85' lang='lat' dir='ltr'><strong>episcopatu</strong></span> <span class='ocrx_word' id='word_1_52' title='bbox 1253 901 1466 956; x_wconf 88' lang='lat' dir='ltr'><strong>quoque</strong></span> <span class='ocrx_word' id='word_1_53' title='bbox 1491 888 1813 956; x_wconf 84' lang='lat' dir='ltr'><strong>privabitur,</strong></span> <span class='ocrx_word' id='word_1_54' title='bbox 1842 887 1942 941; x_wconf 85' lang='lat' dir='ltr'><strong>hoc</strong></span> <span class='ocrx_word' id='word_1_55' title='bbox 1969 894 2073 950; x_wconf 90' lang='lat' dir='ltr'><strong>est,</strong></span> 
     </span>
    </p>
   </div>
   <div class='ocr_carea' id='block_1_11' title="bbox 506 979 825 1046">
    <p class='ocr_par' dir='ltr' id='par_1_11' title="bbox 506 979 825 1046">
     <span class='ocr_line' id='line_1_11' title="bbox 506 979 825 1046; baseline 0.009 -18"><span class='ocrx_word' id='word_1_56' title='bbox 506 979 825 1046; x_wconf 87' lang='lat' dir='ltr'><strong>deponetur.</strong></span> 
     </span>
    </p>
   </div>
   <div class='ocr_carea' id='block_1_12' title="bbox 505 1068 2076 1146">
    <p class='ocr_par' dir='ltr' id='par_1_12' title="bbox 505 1068 2076 1146">
     <span class='ocr_line' id='line_1_12' title="bbox 505 1068 2076 1146; baseline 0 -24"><span class='ocrx_word' id='word_1_57' title='bbox 505 1068 732 1123; x_wconf 83' lang='lat' dir='ltr'><strong>ARIST.</strong></span> <span class='ocrx_word' id='word_1_58' title='bbox 779 1089 796 1121; x_wconf 83' lang='grc' dir='ltr'><strong>ι</strong></span> <span class='ocrx_word' id='word_1_59' title='bbox 845 1072 944 1136; x_wconf 91' lang='lat' dir='ltr'><strong>Qui</strong></span> <span class='ocrx_word' id='word_1_60' title='bbox 975 1073 1376 1126; x_wconf 89' lang='lat' dir='ltr'><strong>communicare</strong></span> <span class='ocrx_word' id='word_1_61' title='bbox 1404 1071 1556 1146; x_wconf 79' lang='lat' dir='ltr'><strong>dicit,</strong></span> <span class='ocrx_word' id='word_1_62' title='bbox 1594 1085 1755 1140; x_wconf 88' lang='lat' dir='ltr'><strong>quem</strong></span> <span class='ocrx_word' id='word_1_63' title='bbox 1793 1084 1895 1124; x_wconf 91' lang='lat' dir='ltr'><strong>non</strong></span> <span class='ocrx_word' id='word_1_64' title='bbox 1928 1083 2076 1125; x_wconf 87' lang='lat' dir='ltr'><strong>com-</strong></span> 
     </span>
    </p>
   </div>
   <div class='ocr_carea' id='block_1_13' title="bbox 665 1162 1911 1231">
    <p class='ocr_par' dir='ltr' id='par_1_13' title="bbox 665 1162 1911 1231">
     <span class='ocr_line' id='line_1_13' title="bbox 665 1162 1911 1231; baseline 0.002 -20"><span class='ocrx_word' id='word_1_65' title='bbox 665 1179 682 1211; x_wconf 80' lang='grc' dir='ltr'><strong>ι</strong></span> <span class='ocrx_word' id='word_1_66' title='bbox 723 1163 998 1215; x_wconf 88' lang='lat' dir='ltr'><strong>municare</strong></span> <span class='ocrx_word' id='word_1_67' title='bbox 1027 1163 1192 1227; x_wconf 86' lang='lat' dir='ltr'><strong>novit,</strong></span> <span class='ocrx_word' id='word_1_68' title='bbox 1233 1162 1550 1231; x_wconf 77' lang='lat' dir='ltr'><strong>episcopatu”</strong></span> <span class='ocrx_word' id='word_1_69' title='bbox 1583 1163 1849 1231; x_wconf 78' lang='lat' dir='ltr'><strong>privatur.</strong></span> <span class='ocrx_word' id='word_1_70' title='bbox 1892 1180 1911 1214; x_wconf 77' lang='grc' dir='ltr'><strong>ι</strong></span> 
     </span>
    </p>
   </div>
   <div class='ocr_carea' id='block_1_14' title="bbox 577 1249 2076 1328">
    <p class='ocr_par' dir='ltr' id='par_1_14' title="bbox 577 1249 2076 1328">
     <span class='ocr_line' id='line_1_14' title="bbox 577 1249 2076 1328; baseline 0.003 -26"><span class='ocrx_word' id='word_1_71' title='bbox 577 1249 901 1320; x_wconf 85' lang='lat' dir='ltr'><strong>Quicunque</strong></span> <span class='ocrx_word' id='word_1_72' title='bbox 941 1253 1224 1322; x_wconf 85' lang='lat' dir='ltr'><strong>episcopus</strong></span> <span class='ocrx_word' id='word_1_73' title='bbox 1273 1252 1587 1308; x_wconf 85' lang='lat' dir='ltr'><strong>Donatistas</strong></span> <span class='ocrx_word' id='word_1_74' title='bbox 1632 1254 1699 1307; x_wconf 87' lang='lat' dir='ltr'><strong>ad</strong></span> <span class='ocrx_word' id='word_1_75' title='bbox 1755 1253 2076 1328; x_wconf 73' lang='lat' dir='ltr'><strong>catholicam</strong></span> 
     </span>
    </p>
   </div>
   <div class='ocr_carea' id='block_1_15' title="bbox 509 1341 2078 1412">
    <p class='ocr_par' dir='ltr' id='par_1_15' title="bbox 509 1341 2078 1412">
     <span class='ocr_line' id='line_1_15' title="bbox 509 1341 2078 1412; baseline 0.005 -17"><span class='ocrx_word' id='word_1_76' title='bbox 509 1341 800 1398; x_wconf 88' lang='lat' dir='ltr'><strong>Ecclesiam</strong></span> <span class='ocrx_word' id='word_1_77' title='bbox 839 1363 944 1401; x_wconf 90' lang='lat' dir='ltr'><strong>non</strong></span> <span class='ocrx_word' id='word_1_78' title='bbox 989 1363 1284 1403; x_wconf 82' lang='lat' dir='ltr'><strong>conversos</strong></span> <span class='ocrx_word' id='word_1_79' title='bbox 1316 1349 1484 1412; x_wconf 87' lang='lat' dir='ltr'><strong>novit,</strong></span> <span class='ocrx_word' id='word_1_80' title='bbox 1521 1349 1564 1403; x_wconf 92' lang='lat' dir='ltr'><strong>si</strong></span> <span class='ocrx_word' id='word_1_81' title='bbox 1599 1350 1664 1403; x_wconf 92' lang='lat' dir='ltr'><strong>iis</strong></span> <span class='ocrx_word' id='word_1_82' title='bbox 1710 1351 2078 1403; x_wconf 84' lang='lat' dir='ltr'><strong>communica-</strong></span> 
     </span>
    </p>
   </div>
   <div class='ocr_carea' id='block_1_16' title="bbox 511 1436 2078 1498">
    <p class='ocr_par' dir='ltr' id='par_1_16' title="bbox 511 1436 2078 1498">
     <span class='ocr_line' id='line_1_16' title="bbox 511 1436 2078 1498; baseline 0.008 -17"><span class='ocrx_word' id='word_1_83' title='bbox 511 1436 669 1498; x_wconf 80' lang='lat' dir='ltr'><strong>verit,</strong></span> <span class='ocrx_word' id='word_1_84' title='bbox 707 1437 889 1489; x_wconf 87' lang='lat' dir='ltr'><strong>dicens</strong></span> <span class='ocrx_word' id='word_1_85' title='bbox 921 1453 1016 1493; x_wconf 92' lang='lat' dir='ltr'><strong>eos</strong></span> <span class='ocrx_word' id='word_1_86' title='bbox 1052 1440 1118 1493; x_wconf 88' lang='lat' dir='ltr'><strong>ad</strong></span> <span class='ocrx_word' id='word_1_87' title='bbox 1162 1440 1520 1492; x_wconf 81' lang='lat' dir='ltr'><strong>orthodoxam</strong></span> <span class='ocrx_word' id='word_1_88' title='bbox 1567 1438 1728 1493; x_wconf 83' lang='lat' dir='ltr'><strong>iidem</strong></span> <span class='ocrx_word' id='word_1_89' title='bbox 1790 1454 2078 1494; x_wconf 86' lang='lat' dir='ltr'><strong>conversos</strong></span> 
     </span>
    </p>
   </div>
   <div class='ocr_carea' id='block_1_17' title="bbox 508 1526 2076 1593">
    <p class='ocr_par' dir='ltr' id='par_1_17' title="bbox 508 1526 2076 1593">
     <span class='ocr_line' id='line_1_17' title="bbox 508 1526 2076 1593; baseline 0.006 -19"><span class='ocrx_word' id='word_1_90' title='bbox 508 1537 626 1578; x_wconf 72' lang='lat' dir='ltr'><strong>esse</strong></span> <span class='ocrx_word' id='word_1_91' title='bbox 665 1544 677 1578; x_wconf 89' lang='lat'><strong>:</strong></span> <span class='ocrx_word' id='word_1_92' title='bbox 711 1526 850 1591; x_wconf 82' lang='lat' dir='ltr'><strong>talis,</strong></span> <span class='ocrx_word' id='word_1_93' title='bbox 897 1541 954 1579; x_wconf 87' lang='lat' dir='ltr'><strong>ut</strong></span> <span class='ocrx_word' id='word_1_94' title='bbox 994 1528 1062 1581; x_wconf 91' lang='lat' dir='ltr'><strong>de</strong></span> <span class='ocrx_word' id='word_1_95' title='bbox 1115 1531 1495 1584; x_wconf 82' lang='lat' dir='ltr'><strong>communione</strong></span> <span class='ocrx_word' id='word_1_96' title='bbox 1547 1545 1733 1584; x_wconf 91' lang='lat' dir='ltr'><strong>eorum</strong></span> <span class='ocrx_word' id='word_1_97' title='bbox 1782 1530 2076 1593; x_wconf 87' lang='lat' dir='ltr'><strong>mentiens,</strong></span> 
     </span>
    </p>
   </div>
   <div class='ocr_carea' id='block_1_18' title="bbox 509 1617 1808 1691">
    <p class='ocr_par' dir='ltr' id='par_1_18' title="bbox 509 1617 1808 1691">
     <span class='ocr_line' id='line_1_18' title="bbox 509 1617 1808 1691; baseline 0.008 -25"><span class='ocrx_word' id='word_1_98' title='bbox 509 1624 562 1667; x_wconf 88' lang='lat' dir='ltr'><strong>et</strong></span> <span class='ocrx_word' id='word_1_99' title='bbox 595 1617 891 1672; x_wconf 70' lang='lat' dir='ltr'><strong>lict-lesiam</strong></span> <span class='ocrx_word' id='word_1_100' title='bbox 925 1618 1015 1672; x_wconf 87' lang='lat' dir='ltr'><strong>Dei</strong></span> <span class='ocrx_word' id='word_1_101' title='bbox 1044 1621 1337 1690; x_wconf 87' lang='lat' dir='ltr'><strong>decipiens,</strong></span> <span class='ocrx_word' id='word_1_102' title='bbox 1366 1622 1470 1675; x_wconf 88' lang='lat' dir='ltr'><strong>erit</strong></span> <span class='ocrx_word' id='word_1_103' title='bbox 1508 1621 1808 1691; x_wconf 77' lang='lat' dir='ltr'><strong>depositus.</strong></span> 
     </span>
    </p>
   </div>
   <div class='ocr_carea' id='block_1_19' title="bbox 1038 1799 1545 1855">
    <p class='ocr_par' dir='ltr' id='par_1_19' title="bbox 1038 1799 1545 1855">
     <span class='ocr_line' id='line_1_19' title="bbox 1038 1799 1545 1855; baseline 0.006 -3"><span class='ocrx_word' id='word_1_104' title='bbox 1038 1799 1266 1853; x_wconf 77' lang='lat' dir='ltr'><strong>CANON</strong></span> <span class='ocrx_word' id='word_1_105' title='bbox 1311 1801 1545 1855; x_wconf 77' lang='lat' dir='ltr'><strong>CXXVI.</strong></span> 
     </span>
    </p>
   </div>
   <div class='ocr_carea' id='block_1_20' title="bbox 516 1887 2082 1962">
    <p class='ocr_par' dir='ltr' id='par_1_20' title="bbox 516 1887 2082 1962">
     <span class='ocr_line' id='line_1_20' title="bbox 516 1887 2082 1962; baseline 0.008 -26"><span class='ocrx_word' id='word_1_106' title='bbox 516 1905 534 1936; x_wconf 78' lang='grc' dir='ltr'><strong>ι</strong></span> <span class='ocrx_word' id='word_1_107' title='bbox 574 1887 646 1939; x_wconf 89' lang='lat' dir='ltr'><strong>De</strong></span> <span class='ocrx_word' id='word_1_108' title='bbox 681 1889 1007 1958; x_wconf 89' lang='lat' dir='ltr'><strong>presbyteris</strong></span> <span class='ocrx_word' id='word_1_109' title='bbox 1029 1900 1080 1943; x_wconf 93' lang='lat' dir='ltr'><strong>et</strong></span> <span class='ocrx_word' id='word_1_110' title='bbox 1109 1890 1340 1954; x_wconf 87' lang='lat' dir='ltr'><strong>clericis,</strong></span> <span class='ocrx_word' id='word_1_111' title='bbox 1368 1901 1426 1946; x_wconf 92' lang='lat' dir='ltr'><strong>ut</strong></span> <span class='ocrx_word' id='word_1_112' title='bbox 1465 1908 1567 1946; x_wconf 91' lang='lat' dir='ltr'><strong>non</strong></span> <span class='ocrx_word' id='word_1_113' title='bbox 1597 1895 1865 1962; x_wconf 89' lang='lat' dir='ltr'><strong>appellent</strong></span> <span class='ocrx_word' id='word_1_114' title='bbox 1887 1894 1987 1949; x_wconf 89' lang='lat' dir='ltr'><strong>nisi</strong></span> <span class='ocrx_word' id='word_1_115' title='bbox 2016 1896 2082 1949; x_wconf 89' lang='lat' dir='ltr'><strong>ad</strong></span> 
     </span>
    </p>
   </div>
   <div class='ocr_carea' id='block_1_21' title="bbox 588 1977 2083 2054">
    <p class='ocr_par' dir='ltr' id='par_1_21' title="bbox 588 1977 2083 2054">
     <span class='ocr_line' id='line_1_21' title="bbox 588 1977 2083 2054; baseline 0.01 -28"><span class='ocrx_word' id='word_1_116' title='bbox 588 1994 607 2025; x_wconf 81' lang='grc' dir='ltr'><strong>ι</strong></span> <span class='ocrx_word' id='word_1_117' title='bbox 652 1977 886 2045; x_wconf 79' lang='lat' dir='ltr'><strong>synodos</strong></span> <span class='ocrx_word' id='word_1_118' title='bbox 941 1979 1156 2033; x_wconf 69' lang='lat' dir='ltr'><strong>Africae.</strong></span> <span class='ocrx_word' id='word_1_119' title='bbox 1189 1980 1452 2036; x_wconf 87' lang='lat' dir='ltr'><strong>Similiter</strong></span> <span class='ocrx_word' id='word_1_120' title='bbox 1494 1985 1698 2052; x_wconf 90' lang='lat' dir='ltr'><strong>placuit</strong></span> <span class='ocrx_word' id='word_1_121' title='bbox 1752 1995 1809 2038; x_wconf 93' lang='lat' dir='ltr'><strong>ut</strong></span> <span class='ocrx_word' id='word_1_122' title='bbox 1857 1987 2083 2054; x_wconf 83' lang='lat' dir='ltr'><strong>presby-</strong></span> 
     </span>
    </p>
   </div>
   <div class='ocr_carea' id='block_1_22' title="bbox 590 2065 2082 2141">
    <p class='ocr_par' dir='ltr' id='par_1_22' title="bbox 590 2065 2082 2141">
     <span class='ocr_line' id='line_1_22' title="bbox 590 2065 2082 2141; baseline 0.009 -25"><span class='ocrx_word' id='word_1_123' title='bbox 590 2082 605 2115; x_wconf 86' lang='grc' dir='ltr'><strong>ι</strong></span> <span class='ocrx_word' id='word_1_124' title='bbox 647 2065 769 2130; x_wconf 88' lang='lat' dir='ltr'><strong>teri,</strong></span> <span class='ocrx_word' id='word_1_125' title='bbox 800 2068 1036 2133; x_wconf 89' lang='lat' dir='ltr'><strong>diaconi,</strong></span> <span class='ocrx_word' id='word_1_126' title='bbox 1067 2079 1120 2123; x_wconf 87' lang='lat' dir='ltr'><strong>et</strong></span> <span class='ocrx_word' id='word_1_127' title='bbox 1151 2071 1679 2141; x_wconf 82' lang='lat' dir='ltr'><strong>reliqui-inferiores</strong></span> <span class='ocrx_word' id='word_1_128' title='bbox 1713 2074 1922 2138; x_wconf 88' lang='lat' dir='ltr'><strong>clerici,</strong></span> <span class='ocrx_word' id='word_1_129' title='bbox 1954 2076 1996 2129; x_wconf 89' lang='lat' dir='ltr'><strong>si</strong></span> <span class='ocrx_word' id='word_1_130' title='bbox 2030 2077 2082 2129; x_wconf 92' lang='lat' dir='ltr'><strong>in</strong></span> 
     </span>
    </p>
   </div>
   <div class='ocr_carea' id='block_1_23' title="bbox 585 2156 2084 2234">
    <p class='ocr_par' dir='ltr' id='par_1_23' title="bbox 585 2156 2084 2234">
     <span class='ocr_line' id='line_1_23' title="bbox 585 2156 2084 2234; baseline 0.009 -27"><span class='ocrx_word' id='word_1_131' title='bbox 585 2173 604 2206; x_wconf 75' lang='grc' dir='ltr'><strong>ι</strong></span> <span class='ocrx_word' id='word_1_132' title='bbox 649 2156 712 2210; x_wconf 91' lang='lat' dir='ltr'><strong>iis</strong></span> <span class='ocrx_word' id='word_1_133' title='bbox 742 2172 877 2226; x_wconf 88' lang='lat' dir='ltr'><strong>quas</strong></span> <span class='ocrx_word' id='word_1_134' title='bbox 905 2158 1104 2213; x_wconf 81' lang='lat' dir='ltr'><strong>habent</strong></span> <span class='ocrx_word' id='word_1_135' title='bbox 1135 2163 1336 2229; x_wconf 87' lang='lat' dir='ltr'><strong>causis,</strong></span> <span class='ocrx_word' id='word_1_136' title='bbox 1381 2164 1447 2218; x_wconf 92' lang='lat' dir='ltr'><strong>de</strong></span> <span class='ocrx_word' id='word_1_137' title='bbox 1484 2166 1826 2234; x_wconf 88' lang='lat' dir='ltr'><strong>propriorum</strong></span> <span class='ocrx_word' id='word_1_138' title='bbox 1869 2167 2084 2232; x_wconf 75' lang='lat' dir='ltr'><strong>episco-</strong></span> 
     </span>
    </p>
   </div>
   <div class='ocr_carea' id='block_1_24' title="bbox 588 2250 2086 2322">
    <p class='ocr_par' dir='ltr' id='par_1_24' title="bbox 588 2250 2086 2322">
     <span class='ocr_line' id='line_1_24' title="bbox 588 2250 2086 2322; baseline 0.01 -27"><span class='ocrx_word' id='word_1_139' title='bbox 588 2265 605 2295; x_wconf 76' lang='grc' dir='ltr'><strong>ι</strong></span> <span class='ocrx_word' id='word_1_140' title='bbox 649 2261 842 2314; x_wconf 89' lang='lat' dir='ltr'><strong>porum</strong></span> <span class='ocrx_word' id='word_1_141' title='bbox 880 2250 1149 2304; x_wconf 88' lang='lat' dir='ltr'><strong>sententia</strong></span> <span class='ocrx_word' id='word_1_142' title='bbox 1169 2260 1494 2320; x_wconf 86' lang='lat' dir='ltr'><strong>querantur,</strong></span> <span class='ocrx_word' id='word_1_143' title='bbox 1527 2255 1689 2308; x_wconf 91' lang='lat' dir='ltr'><strong>vicini</strong></span> <span class='ocrx_word' id='word_1_144' title='bbox 1722 2255 1960 2322; x_wconf 86' lang='lat' dir='ltr'><strong>episcopi</strong></span> <span class='ocrx_word' id='word_1_145' title='bbox 1990 2269 2086 2310; x_wconf 86' lang='lat' dir='ltr'><strong>eos</strong></span> 
     </span>
    </p>
   </div>
   <div class='ocr_carea' id='block_1_25' title="bbox 591 2339 2084 2414">
    <p class='ocr_par' dir='ltr' id='par_1_25' title="bbox 591 2339 2084 2414">
     <span class='ocr_line' id='line_1_25' title="bbox 591 2339 2084 2414; baseline 0.008 -27"><span class='ocrx_word' id='word_1_146' title='bbox 591 2356 610 2387; x_wconf 80' lang='grc' dir='ltr'><strong>ι</strong></span> <span class='ocrx_word' id='word_1_147' title='bbox 654 2339 902 2403; x_wconf 85' lang='lat' dir='ltr'><strong>audiant,</strong></span> <span class='ocrx_word' id='word_1_148' title='bbox 929 2347 983 2393; x_wconf 89' lang='lat' dir='ltr'><strong>et</strong></span> <span class='ocrx_word' id='word_1_149' title='bbox 1010 2356 1128 2410; x_wconf 66' lang='lat' dir='ltr'><strong>qua:</strong></span> <span class='ocrx_word' id='word_1_150' title='bbox 1169 2341 1308 2397; x_wconf 90' lang='lat' dir='ltr'><strong>inter</strong></span> <span class='ocrx_word' id='word_1_151' title='bbox 1329 2359 1424 2398; x_wconf 89' lang='lat' dir='ltr'><strong>eos</strong></span> <span class='ocrx_word' id='word_1_152' title='bbox 1446 2353 1571 2398; x_wconf 89' lang='lat' dir='ltr'><strong>sunt</strong></span> <span class='ocrx_word' id='word_1_153' title='bbox 1593 2346 1880 2399; x_wconf 88' lang='lat' dir='ltr'><strong>terminent</strong></span> <span class='ocrx_word' id='word_1_154' title='bbox 1906 2346 1964 2411; x_wconf 90' lang='lat' dir='ltr'><strong>ii,</strong></span> <span class='ocrx_word' id='word_1_155' title='bbox 1992 2345 2084 2414; x_wconf 90' lang='lat' dir='ltr'><strong>qui</strong></span> 
     </span>
    </p>
   </div>
   <div class='ocr_carea' id='block_1_26' title="bbox 591 2431 2084 2506">
    <p class='ocr_par' dir='ltr' id='par_1_26' title="bbox 591 2431 2084 2506">
     <span class='ocr_line' id='line_1_26' title="bbox 591 2431 2084 2506; baseline 0.007 -26"><span class='ocrx_word' id='word_1_156' title='bbox 591 2449 608 2480; x_wconf 80' lang='grc' dir='ltr'><strong>ι</strong></span> <span class='ocrx_word' id='word_1_157' title='bbox 653 2431 719 2485; x_wconf 87' lang='lat' dir='ltr'><strong>ab</strong></span> <span class='ocrx_word' id='word_1_158' title='bbox 745 2433 877 2500; x_wconf 87' lang='lat' dir='ltr'><strong>ipsis</strong></span> <span class='ocrx_word' id='word_1_159' title='bbox 904 2447 970 2485; x_wconf 84' lang='lat' dir='ltr'><strong>ex</strong></span> <span class='ocrx_word' id='word_1_160' title='bbox 998 2434 1341 2502; x_wconf 87' lang='lat' dir='ltr'><strong>propriorum</strong></span> <span class='ocrx_word' id='word_1_161' title='bbox 1395 2437 1773 2506; x_wconf 89' lang='lat' dir='ltr'><strong>episcoporum</strong></span> <span class='ocrx_word' id='word_1_162' title='bbox 1816 2453 2084 2492; x_wconf 88' lang='lat' dir='ltr'><strong>consensu</strong></span> 
     </span>
    </p>
   </div>
   <div class='ocr_carea' id='block_1_27' title="bbox 589 2527 2084 2598">
    <p class='ocr_par' dir='ltr' id='par_1_27' title="bbox 589 2527 2084 2598">
     <span class='ocr_line' id='line_1_27' title="bbox 589 2527 2084 2598; baseline 0.005 -22"><span class='ocrx_word' id='word_1_163' title='bbox 589 2542 607 2559; x_wconf 80' lang='grc' dir='ltr'><strong><em>ο</em></strong></span> <span class='ocrx_word' id='word_1_164' title='bbox 656 2534 1053 2579; x_wconf 90' lang='lat' dir='ltr'><strong>assumuntur:</strong></span> <span class='ocrx_word' id='word_1_165' title='bbox 1091 2527 1175 2579; x_wconf 88' lang='lat' dir='ltr'><strong>sin</strong></span> <span class='ocrx_word' id='word_1_166' title='bbox 1216 2533 1401 2581; x_wconf 87' lang='lat' dir='ltr'><strong>autem</strong></span> <span class='ocrx_word' id='word_1_167' title='bbox 1448 2530 1609 2583; x_wconf 88' lang='lat' dir='ltr'><strong>etiam</strong></span> <span class='ocrx_word' id='word_1_168' title='bbox 1657 2531 1727 2584; x_wconf 80' lang='lat' dir='ltr'><strong>ab</strong></span> <span class='ocrx_word' id='word_1_169' title='bbox 1780 2530 1860 2585; x_wconf 91' lang='lat' dir='ltr'><strong>eis</strong></span> <span class='ocrx_word' id='word_1_170' title='bbox 1905 2530 2084 2598; x_wconf 87' lang='lat' dir='ltr'><strong>appel-</strong></span> 
     </span>
    </p>
   </div>
   <div class='ocr_carea' id='block_1_28' title="bbox 588 2611 2086 2689">
    <p class='ocr_par' dir='ltr' id='par_1_28' title="bbox 588 2611 2086 2689">
     <span class='ocr_line' id='line_1_28' title="bbox 588 2611 2086 2689; baseline 0.008 -27"><span class='ocrx_word' id='word_1_171' title='bbox 588 2628 608 2662; x_wconf 78' lang='grc' dir='ltr'><strong>ι</strong></span> <span class='ocrx_word' id='word_1_172' title='bbox 649 2611 762 2666; x_wconf 88' lang='lat' dir='ltr'><strong>lare</strong></span> <span class='ocrx_word' id='word_1_173' title='bbox 793 2613 1081 2679; x_wconf 89' lang='lat' dir='ltr'><strong>voluerint,</strong></span> <span class='ocrx_word' id='word_1_174' title='bbox 1112 2629 1179 2667; x_wconf 89' lang='lat' dir='ltr'><strong>ne</strong></span> <span class='ocrx_word' id='word_1_175' title='bbox 1219 2615 1507 2684; x_wconf 84' lang='lat' dir='ltr'><strong>appellent,</strong></span> <span class='ocrx_word' id='word_1_176' title='bbox 1572 2617 1681 2672; x_wconf 85' lang='lat' dir='ltr'><strong>nisi</strong></span> <span class='ocrx_word' id='word_1_177' title='bbox 1727 2619 1793 2671; x_wconf 87' lang='lat' dir='ltr'><strong>ad</strong></span> <span class='ocrx_word' id='word_1_178' title='bbox 1847 2617 2086 2689; x_wconf 82' lang='lat' dir='ltr'><strong>synodos</strong></span> 
     </span>
    </p>
   </div>
   <div class='ocr_carea' id='block_1_29' title="bbox 587 2702 2080 2778">
    <p class='ocr_par' dir='ltr' id='par_1_29' title="bbox 587 2702 2080 2778">
     <span class='ocr_line' id='line_1_29' title="bbox 587 2702 2080 2778; baseline 0.009 -24"><span class='ocrx_word' id='word_1_179' title='bbox 587 2722 607 2754; x_wconf 81' lang='grc' dir='ltr'><strong>ι</strong></span> <span class='ocrx_word' id='word_1_180' title='bbox 648 2702 867 2769; x_wconf 68' lang='lat' dir='ltr'><strong>Africae,</strong></span> <span class='ocrx_word' id='word_1_181' title='bbox 905 2706 986 2758; x_wconf 92' lang='lat' dir='ltr'><strong>vel</strong></span> <span class='ocrx_word' id='word_1_182' title='bbox 1021 2705 1087 2758; x_wconf 89' lang='lat' dir='ltr'><strong>ad</strong></span> <span class='ocrx_word' id='word_1_183' title='bbox 1112 2721 1332 2760; x_wconf 88' lang='lat' dir='ltr'><strong>suarum</strong></span> <span class='ocrx_word' id='word_1_184' title='bbox 1369 2709 1770 2776; x_wconf 88' lang='lat' dir='ltr'><strong>provinciarum</strong></span> <span class='ocrx_word' id='word_1_185' title='bbox 1804 2711 2080 2778; x_wconf 89' lang='lat' dir='ltr'><strong>primates.</strong></span> 
     </span>
    </p>
   </div>
   <div class='ocr_carea' id='block_1_30' title="bbox 586 2796 2083 2870">
    <p class='ocr_par' dir='ltr' id='par_1_30' title="bbox 586 2796 2083 2870">
     <span class='ocr_line' id='line_1_30' title="bbox 586 2796 2083 2870; baseline 0.008 -24"><span class='ocrx_word' id='word_1_186' title='bbox 586 2815 604 2846; x_wconf 79' lang='grc' dir='ltr'><strong>ι</strong></span> <span class='ocrx_word' id='word_1_187' title='bbox 647 2796 748 2862; x_wconf 87' lang='lat' dir='ltr'><strong>Qui</strong></span> <span class='ocrx_word' id='word_1_188' title='bbox 778 2813 906 2852; x_wconf 88' lang='lat' dir='ltr'><strong>vero</strong></span> <span class='ocrx_word' id='word_1_189' title='bbox 943 2800 1008 2851; x_wconf 90' lang='lat' dir='ltr'><strong>ad</strong></span> <span class='ocrx_word' id='word_1_190' title='bbox 1040 2799 1406 2853; x_wconf 84' lang='lat' dir='ltr'><strong>transmarina</strong></span> <span class='ocrx_word' id='word_1_191' title='bbox 1437 2799 1552 2854; x_wconf 86' lang='lat' dir='ltr'><strong>loca</strong></span> <span class='ocrx_word' id='word_1_192' title='bbox 1595 2801 1868 2870; x_wconf 84' lang='lat' dir='ltr'><strong>appellare</strong></span> <span class='ocrx_word' id='word_1_193' title='bbox 1896 2802 2083 2858; x_wconf 82' lang='lat' dir='ltr'><strong>volue-</strong></span> 
     </span>
    </p>
   </div>
   <div class='ocr_carea' id='block_1_31' title="bbox 587 2888 2083 2952">
    <p class='ocr_par' dir='ltr' id='par_1_31' title="bbox 587 2888 2083 2952">
     <span class='ocr_line' id='line_1_31' title="bbox 587 2888 2083 2952; baseline 0.006 -15"><span class='ocrx_word' id='word_1_194' title='bbox 587 2907 603 2937; x_wconf 78' lang='grc' dir='ltr'><strong>ι</strong></span> <span class='ocrx_word' id='word_1_195' title='bbox 646 2889 738 2952; x_wconf 86' lang='lat' dir='ltr'><strong>rit,</strong></span> <span class='ocrx_word' id='word_1_196' title='bbox 775 2904 804 2941; x_wconf 87' lang='lat' dir='ltr'><strong>a</strong></span> <span class='ocrx_word' id='word_1_197' title='bbox 847 2888 994 2944; x_wconf 92' lang='lat' dir='ltr'><strong>nullo</strong></span> <span class='ocrx_word' id='word_1_198' title='bbox 1025 2889 1075 2943; x_wconf 92' lang='lat' dir='ltr'><strong>in</strong></span> <span class='ocrx_word' id='word_1_199' title='bbox 1114 2889 1293 2945; x_wconf 80' lang='lat' dir='ltr'><strong>Africa</strong></span> <span class='ocrx_word' id='word_1_200' title='bbox 1318 2891 1383 2944; x_wconf 86' lang='lat' dir='ltr'><strong>ad</strong></span> <span class='ocrx_word' id='word_1_201' title='bbox 1412 2893 1851 2947; x_wconf 88' lang='lat' dir='ltr'><strong>communionem</strong></span> <span class='ocrx_word' id='word_1_202' title='bbox 1888 2894 2083 2948; x_wconf 86' lang='lat' dir='ltr'><strong>admit-</strong></span> 
     </span>
    </p>
   </div>
   <div class='ocr_carea' id='block_1_32' title="bbox 586 2989 872 3034">
    <p class='ocr_par' dir='ltr' id='par_1_32' title="bbox 586 2989 872 3034">
     <span class='ocr_line' id='line_1_32' title="bbox 586 2989 872 3034; baseline 0.014 -3"><span class='ocrx_word' id='word_1_203' title='bbox 586 2996 603 3027; x_wconf 76' lang='grc' dir='ltr'><strong>ι</strong></span> <span class='ocrx_word' id='word_1_204' title='bbox 648 2989 806 3032; x_wconf 90' lang='lat' dir='ltr'><strong>tatur.</strong></span> <span class='ocrx_word' id='word_1_205' title='bbox 850 2998 872 3034; x_wconf 78' lang='grc' dir='ltr'>ι.</span> 
     </span>
    </p>
   </div>
   <div class='ocr_carea' id='block_1_33' title="bbox 585 3251 2077 3325">
    <p class='ocr_par' dir='ltr' id='par_1_33' title="bbox 585 3251 2077 3325">
     <span class='ocr_line' id='line_1_33' title="bbox 585 3251 2077 3325; baseline 0.003 -21"><span class='ocrx_word' id='word_1_206' title='bbox 585 3251 778 3306; x_wconf 86' lang='lat' dir='ltr'><strong>BALS.</strong></span> <span class='ocrx_word' id='word_1_207' title='bbox 811 3252 1005 3306; x_wconf 90' lang='lat' dir='ltr'><strong>Dicunt</strong></span> <span class='ocrx_word' id='word_1_208' title='bbox 1041 3252 1254 3320; x_wconf 84' lang='lat' dir='ltr'><strong>Patres,</strong></span> <span class='ocrx_word' id='word_1_209' title='bbox 1296 3257 1438 3325; x_wconf 90' lang='lat' dir='ltr'><strong>quod</strong></span> <span class='ocrx_word' id='word_1_210' title='bbox 1487 3256 1530 3310; x_wconf 91' lang='lat' dir='ltr'><strong>si</strong></span> <span class='ocrx_word' id='word_1_211' title='bbox 1571 3257 1748 3323; x_wconf 84' lang='lat' dir='ltr'><strong>quivis</strong></span> <span class='ocrx_word' id='word_1_212' title='bbox 1793 3256 2022 3310; x_wconf 78' lang='lat' dir='ltr'><strong>clericus</strong></span> <span class='ocrx_word' id='word_1_213' title='bbox 2049 3272 2077 3309; x_wconf 76' lang='grc' dir='ltr'><strong>ιι</strong></span> 
     </span>
    </p>
   </div>
   <div class='ocr_carea' id='block_1_34' title="bbox 513 3344 2080 3417">
    <p class='ocr_par' dir='ltr' id='par_1_34' title="bbox 513 3344 2080 3417">
     <span class='ocr_line' id='line_1_34' title="bbox 513 3344 2080 3417; baseline 0.003 -22"><span class='ocrx_word' id='word_1_214' title='bbox 513 3344 729 3411; x_wconf 74' lang='lat' dir='ltr'><strong>proprio</strong></span> <span class='ocrx_word' id='word_1_215' title='bbox 757 3345 1011 3413; x_wconf 90' lang='lat' dir='ltr'><strong>episcopo</strong></span> <span class='ocrx_word' id='word_1_216' title='bbox 1036 3349 1429 3401; x_wconf 85' lang='lat' dir='ltr'><strong>condemnatus</strong></span> <span class='ocrx_word' id='word_1_217' title='bbox 1470 3348 1652 3409; x_wconf 79' lang='lat' dir='ltr'><strong>fuerit,</strong></span> <span class='ocrx_word' id='word_1_218' title='bbox 1703 3357 1758 3402; x_wconf 84' lang='lat' dir='ltr'><strong>et</strong></span> <span class='ocrx_word' id='word_1_219' title='bbox 1804 3358 2080 3417; x_wconf 77' lang='lat' dir='ltr'><strong>gravetur,</strong></span> 
     </span>
    </p>
   </div>
   <div class='ocr_carea' id='block_1_35' title="bbox 514 3439 2085 3512">
    <p class='ocr_par' dir='ltr' id='par_1_35' title="bbox 514 3439 2085 3512">
     <span class='ocr_line' id='line_1_35' title="bbox 514 3439 2085 3512; baseline 0.002 -22"><span class='ocrx_word' id='word_1_220' title='bbox 514 3454 617 3491; x_wconf 91' lang='lat' dir='ltr'><strong>non</strong></span> <span class='ocrx_word' id='word_1_221' title='bbox 649 3439 806 3492; x_wconf 87' lang='lat' dir='ltr'><strong>debet</strong></span> <span class='ocrx_word' id='word_1_222' title='bbox 835 3440 899 3491; x_wconf 89' lang='lat' dir='ltr'><strong>ad</strong></span> <span class='ocrx_word' id='word_1_223' title='bbox 930 3439 1154 3512; x_wconf 86' lang='lat' dir='ltr'><strong>alterius</strong></span> <span class='ocrx_word' id='word_1_224' title='bbox 1179 3441 1468 3506; x_wconf 81' lang='lat' dir='ltr'><strong>provinciae</strong></span> <span class='ocrx_word' id='word_1_225' title='bbox 1509 3441 1799 3511; x_wconf 86' lang='lat' dir='ltr'><strong>synodum,</strong></span> <span class='ocrx_word' id='word_1_226' title='bbox 1831 3454 1950 3508; x_wconf 85' lang='lat' dir='ltr'><strong>quae</strong></span> <span class='ocrx_word' id='word_1_227' title='bbox 1999 3450 2085 3493; x_wconf 88' lang='lat' dir='ltr'><strong>est</strong></span> 
     </span>
    </p>
   </div>
   <div class='ocr_carea' id='block_1_36' title="bbox 514 3528 2082 3598">
    <p class='ocr_par' dir='ltr' id='par_1_36' title="bbox 514 3528 2082 3598">
     <span class='ocr_line' id='line_1_36' title="bbox 514 3528 2082 3598; baseline 0.001 -18"><span class='ocrx_word' id='word_1_228' title='bbox 514 3528 726 3595; x_wconf 72' lang='lat' dir='ltr'><strong>longius</strong></span> <span class='ocrx_word' id='word_1_229' title='bbox 749 3528 1058 3596; x_wconf 67' lang='lat' dir='ltr'><strong>appellare;</strong></span> <span class='ocrx_word' id='word_1_230' title='bbox 1094 3531 1184 3583; x_wconf 86' lang='lat' dir='ltr'><strong>sed</strong></span> <span class='ocrx_word' id='word_1_231' title='bbox 1215 3529 1519 3583; x_wconf 89' lang='lat' dir='ltr'><strong>vicinorum</strong></span> <span class='ocrx_word' id='word_1_232' title='bbox 1565 3531 1952 3598; x_wconf 87' lang='lat' dir='ltr'><strong>episcoporum</strong></span> <span class='ocrx_word' id='word_1_233' title='bbox 1985 3545 2082 3582; x_wconf 86' lang='lat' dir='ltr'><strong>au-</strong></span> 
     </span>
    </p>
   </div>
   <div class='ocr_carea' id='block_1_37' title="bbox 511 3617 2082 3687">
    <p class='ocr_par' dir='ltr' id='par_1_37' title="bbox 511 3617 2082 3687">
     <span class='ocr_line' id='line_1_37' title="bbox 511 3617 2082 3687; baseline 0.003 -19"><span class='ocrx_word' id='word_1_234' title='bbox 511 3617 772 3670; x_wconf 86' lang='lat' dir='ltr'><strong>dientiam</strong></span> <span class='ocrx_word' id='word_1_235' title='bbox 804 3617 1129 3685; x_wconf 84' lang='lat' dir='ltr'><strong>implorare;</strong></span> <span class='ocrx_word' id='word_1_236' title='bbox 1163 3619 1327 3671; x_wconf 87' lang='lat' dir='ltr'><strong>etiam</strong></span> <span class='ocrx_word' id='word_1_237' title='bbox 1361 3633 1479 3672; x_wconf 90' lang='lat' dir='ltr'><strong>cum</strong></span> <span class='ocrx_word' id='word_1_238' title='bbox 1528 3634 1796 3673; x_wconf 81' lang='lat' dir='ltr'><strong>consensu</strong></span> <span class='ocrx_word' id='word_1_239' title='bbox 1839 3620 1959 3686; x_wconf 82' lang='lat' dir='ltr'><strong>ejus</strong></span> <span class='ocrx_word' id='word_1_240' title='bbox 1991 3619 2082 3687; x_wconf 87' lang='lat' dir='ltr'><strong>qui</strong></span> 
     </span>
    </p>
   </div>
   <div class='ocr_carea' id='block_1_38' title="bbox 511 3707 2082 3778">
    <p class='ocr_par' dir='ltr' id='par_1_38' title="bbox 511 3707 2082 3778">
     <span class='ocr_line' id='line_1_38' title="bbox 511 3707 2082 3778; baseline 0.002 -21"><span class='ocrx_word' id='word_1_241' title='bbox 511 3707 675 3777; x_wconf 73' lang='lat'><strong>660</strong></span> <span class='ocrx_word' id='word_1_242' title='bbox 699 3708 1073 3762; x_wconf 84' lang='lat' dir='ltr'><strong>condemnavit</strong></span> <span class='ocrx_word' id='word_1_243' title='bbox 1107 3723 1249 3774; x_wconf 88' lang='lat' dir='ltr'><strong>eum,</strong></span> <span class='ocrx_word' id='word_1_244' title='bbox 1281 3711 1516 3778; x_wconf 76' lang='lat' dir='ltr'><strong>episcopi</strong></span> <span class='ocrx_word' id='word_1_245' title='bbox 1573 3710 1774 3762; x_wconf 85' lang='lat' dir='ltr'><strong>scilicet</strong></span> <span class='ocrx_word' id='word_1_246' title='bbox 1830 3711 1932 3763; x_wconf 90' lang='lat' dir='ltr'><strong>sui.</strong></span> <span class='ocrx_word' id='word_1_247' title='bbox 1988 3711 2082 3763; x_wconf 87' lang='lat' dir='ltr'><strong>Sin</strong></span> 
     </span>
    </p>
   </div>
   <div class='ocr_carea' id='block_1_39' title="bbox 513 3799 2085 3868">
    <p class='ocr_par' dir='ltr' id='par_1_39' title="bbox 513 3799 2085 3868">
     <span class='ocr_line' id='line_1_39' title="bbox 513 3799 2085 3868; baseline 0.003 -20"><span class='ocrx_word' id='word_1_248' title='bbox 513 3810 691 3849; x_wconf 87' lang='lat' dir='ltr'><strong>autem</strong></span> <span class='ocrx_word' id='word_1_249' title='bbox 728 3813 915 3850; x_wconf 90' lang='lat' dir='ltr'><strong>eorum</strong></span> <span class='ocrx_word' id='word_1_250' title='bbox 946 3813 1178 3866; x_wconf 85' lang='lat' dir='ltr'><strong>quoque,</strong></span> <span class='ocrx_word' id='word_1_251' title='bbox 1217 3799 1283 3852; x_wconf 87' lang='lat' dir='ltr'><strong>ad</strong></span> <span class='ocrx_word' id='word_1_252' title='bbox 1307 3815 1444 3866; x_wconf 91' lang='lat' dir='ltr'><strong>quos</strong></span> <span class='ocrx_word' id='word_1_253' title='bbox 1476 3801 1785 3868; x_wconf 86' lang='lat' dir='ltr'><strong>appellavit,</strong></span> <span class='ocrx_word' id='word_1_254' title='bbox 1818 3804 2085 3855; x_wconf 86' lang='lat' dir='ltr'><strong>sententia</strong></span> 
     </span>
    </p>
   </div>
   <div class='ocr_carea' id='block_1_40' title="bbox 513 3888 2088 3961">
    <p class='ocr_par' dir='ltr' id='par_1_40' title="bbox 513 3888 2088 3961">
     <span class='ocr_line' id='line_1_40' title="bbox 513 3888 2088 3961; baseline 0.004 -21"><span class='ocrx_word' id='word_1_255' title='bbox 513 3890 560 3941; x_wconf 76' lang='lat' dir='ltr'><strong>ei</strong></span> <span class='ocrx_word' id='word_1_256' title='bbox 601 3888 902 3955; x_wconf 72' lang='lat' dir='ltr'><strong>displiceat,</strong></span> <span class='ocrx_word' id='word_1_257' title='bbox 942 3905 1047 3942; x_wconf 89' lang='lat' dir='ltr'><strong>non</strong></span> <span class='ocrx_word' id='word_1_258' title='bbox 1075 3890 1238 3944; x_wconf 89' lang='lat' dir='ltr'><strong>debet</strong></span> <span class='ocrx_word' id='word_1_259' title='bbox 1290 3892 1352 3942; x_wconf 90' lang='lat' dir='ltr'><strong>ad</strong></span> <span class='ocrx_word' id='word_1_260' title='bbox 1405 3891 1804 3945; x_wconf 86' lang='lat' dir='ltr'><strong>transmarinas</strong></span> <span class='ocrx_word' id='word_1_261' title='bbox 1853 3895 2088 3961; x_wconf 88' lang='lat' dir='ltr'><strong>synodos</strong></span> 
     </span>
    </p>
   </div>
   <div class='ocr_carea' id='block_1_41' title="bbox 516 3976 2060 4047">
    <p class='ocr_par' dir='ltr' id='par_1_41' title="bbox 516 3976 2060 4047">
     <span class='ocr_line' id='line_1_41' title="bbox 516 3976 2060 4047; baseline 0.003 -19"><span class='ocrx_word' id='word_1_262' title='bbox 516 3976 804 4045; x_wconf 82' lang='lat' dir='ltr'><strong>appellare,</strong></span> <span class='ocrx_word' id='word_1_263' title='bbox 829 3993 945 4046; x_wconf 79' lang='lat' dir='ltr'><strong>quae</strong></span> <span class='ocrx_word' id='word_1_264' title='bbox 979 3977 1162 4032; x_wconf 71' lang='lat' dir='ltr'><strong>Romae</strong></span> <span class='ocrx_word' id='word_1_265' title='bbox 1189 3979 1398 4032; x_wconf 85' lang='lat' dir='ltr'><strong>scilicet</strong></span> <span class='ocrx_word' id='word_1_266' title='bbox 1430 3980 1602 4044; x_wconf 91' lang='lat' dir='ltr'><strong>liunt;</strong></span> <span class='ocrx_word' id='word_1_267' title='bbox 1644 3980 1735 4031; x_wconf 85' lang='lat' dir='ltr'><strong>sed</strong></span> <span class='ocrx_word' id='word_1_268' title='bbox 1772 3982 1836 4031; x_wconf 89' lang='lat' dir='ltr'><strong>ad</strong></span> <span class='ocrx_word' id='word_1_269' title='bbox 1873 3982 2060 4047; x_wconf 81' lang='lat' dir='ltr'><strong>pmpin</strong></span> 
     </span>
    </p>
   </div>
   <div class='ocr_carea' id='block_1_42' title="bbox 517 4066 2085 4136">
    <p class='ocr_par' dir='ltr' id='par_1_42' title="bbox 517 4066 2085 4136">
     <span class='ocr_line' id='line_1_42' title="bbox 517 4066 2085 4136; baseline 0.003 -18"><span class='ocrx_word' id='word_1_270' title='bbox 517 4066 756 4132; x_wconf 86' lang='lat' dir='ltr'><strong>quiores,</strong></span> <span class='ocrx_word' id='word_1_271' title='bbox 788 4083 978 4134; x_wconf 89' lang='lat' dir='ltr'><strong>nempe</strong></span> <span class='ocrx_word' id='word_1_272' title='bbox 1010 4069 1073 4120; x_wconf 88' lang='lat' dir='ltr'><strong>ad</strong></span> <span class='ocrx_word' id='word_1_273' title='bbox 1125 4070 1359 4136; x_wconf 88' lang='lat' dir='ltr'><strong>synodos</strong></span> <span class='ocrx_word' id='word_1_274' title='bbox 1389 4069 1609 4131; x_wconf 75' lang='lat' dir='ltr'><strong>Africae,</strong></span> <span class='ocrx_word' id='word_1_275' title='bbox 1642 4070 1722 4121; x_wconf 85' lang='lat' dir='ltr'><strong>vel</strong></span> <span class='ocrx_word' id='word_1_276' title='bbox 1766 4071 1831 4122; x_wconf 83' lang='lat' dir='ltr'><strong>ad</strong></span> <span class='ocrx_word' id='word_1_277' title='bbox 1865 4072 2085 4136; x_wconf 86' lang='lat' dir='ltr'><strong>provin-</strong></span> 
     </span>
    </p>
   </div>
   <div class='ocr_carea' id='block_1_43' title="bbox 517 4157 2085 4228">
    <p class='ocr_par' dir='ltr' id='par_1_43' title="bbox 517 4157 2085 4228">
     <span class='ocr_line' id='line_1_43' title="bbox 517 4157 2085 4228; baseline -0.001 -18"><span class='ocrx_word' id='word_1_278' title='bbox 517 4157 724 4210; x_wconf 87' lang='lat' dir='ltr'><strong>ciarum</strong></span> <span class='ocrx_word' id='word_1_279' title='bbox 761 4158 1204 4226; x_wconf 85' lang='lat' dir='ltr'><strong>ntetropolitanos</strong></span> <span class='ocrx_word' id='word_1_280' title='bbox 1231 4174 1416 4212; x_wconf 90' lang='lat' dir='ltr'><strong>eorum</strong></span> <span class='ocrx_word' id='word_1_281' title='bbox 1452 4161 1541 4227; x_wconf 92' lang='lat' dir='ltr'><strong>qui</strong></span> <span class='ocrx_word' id='word_1_282' title='bbox 1591 4162 1824 4228; x_wconf 81' lang='lat' dir='ltr'><strong>primum</strong></span> <span class='ocrx_word' id='word_1_283' title='bbox 1873 4161 2085 4227; x_wconf 62' lang='lat' dir='ltr'><strong>judici-</strong></span> 
     </span>
    </p>
   </div>
   <div class='ocr_carea' id='block_1_44' title="bbox 517 4249 2083 4318">
    <p class='ocr_par' dir='ltr' id='par_1_44' title="bbox 517 4249 2083 4318">
     <span class='ocr_line' id='line_1_44' title="bbox 517 4249 2083 4318; baseline 0.001 -17"><span class='ocrx_word' id='word_1_284' title='bbox 517 4259 645 4301; x_wconf 91' lang='lat' dir='ltr'><strong>runt</strong></span> <span class='ocrx_word' id='word_1_285' title='bbox 672 4250 1069 4316; x_wconf 85' lang='lat' dir='ltr'><strong>episcoporum.</strong></span> <span class='ocrx_word' id='word_1_286' title='bbox 1103 4249 1158 4304; x_wconf 87' lang='lat' dir='ltr'><strong>Si</strong></span> <span class='ocrx_word' id='word_1_287' title='bbox 1191 4252 1310 4317; x_wconf 87' lang='lat' dir='ltr'><strong>quis</strong></span> <span class='ocrx_word' id='word_1_288' title='bbox 1339 4252 1855 4318; x_wconf 69' lang='lat' dir='ltr'><strong>antctnprmterlttec</strong></span> <span class='ocrx_word' id='word_1_289' title='bbox 1875 4252 2083 4318; x_wconf 81' lang='lat' dir='ltr'><strong>fecerit,</strong></span> 
     </span>
    </p>
   </div>
   <div class='ocr_carea' id='block_1_45' title="bbox 513 4341 2083 4411">
    <p class='ocr_par' dir='ltr' id='par_1_45' title="bbox 513 4341 2083 4411">
     <span class='ocr_line' id='line_1_45' title="bbox 513 4341 2083 4411; baseline 0.004 -21"><span class='ocrx_word' id='word_1_290' title='bbox 513 4341 1099 4395; x_wconf 81' lang='lat' dir='ltr'><strong>excomtnunicatiouis</strong></span> <span class='ocrx_word' id='word_1_291' title='bbox 1163 4342 1540 4411; x_wconf 78' lang='lat' dir='ltr'><strong>segregatione</strong></span> <span class='ocrx_word' id='word_1_292' title='bbox 1613 4344 2083 4396; x_wconf 78' lang='lat' dir='ltr'><strong>condentnabitur.</strong></span> 
     </span>
    </p>
   </div>
   <div class='ocr_carea' id='block_1_46' title="bbox 515 4413 2161 4502">
    <p class='ocr_par' dir='ltr' id='par_1_46' title="bbox 515 4413 2161 4502">
     <span class='ocr_line' id='line_1_46' title="bbox 515 4413 2161 4502; baseline 0.002 -20"><span class='ocrx_word' id='word_1_293' title='bbox 515 4429 647 4482; x_wconf 87' lang='lat' dir='ltr'><strong>Nota</strong></span> <span class='ocrx_word' id='word_1_294' title='bbox 676 4447 804 4500; x_wconf 70' lang='lat' dir='ltr'><strong>ergo</strong></span> <span class='ocrx_word' id='word_1_295' title='bbox 834 4448 896 4484; x_wconf 81' lang='lat' dir='ltr'><strong>ex</strong></span> <span class='ocrx_word' id='word_1_296' title='bbox 925 4433 1023 4485; x_wconf 85' lang='lat' dir='ltr'><strong>ltoe</strong></span> <span class='ocrx_word' id='word_1_297' title='bbox 1047 4433 1296 4502; x_wconf 58' lang='lat' dir='ltr'><strong>praesenti</strong></span> <span class='ocrx_word' id='word_1_298' title='bbox 1324 4449 1549 4496; x_wconf 87' lang='lat' dir='ltr'><strong>canone,</strong></span> <span class='ocrx_word' id='word_1_299' title='bbox 1577 4436 1717 4502; x_wconf 87' lang='lat' dir='ltr'><strong>quod</strong></span> <span class='ocrx_word' id='word_1_300' title='bbox 1745 4450 2084 4498; x_wconf 74' lang='lat' dir='ltr'><strong>consequcn-</strong></span> <span class='ocrx_word' id='word_1_301' title='bbox 2123 4413 2161 4466; x_wconf 73' lang='grc' dir='ltr'><strong>θ</strong></span> 
     </span>
    </p>
   </div>
   <div class='ocr_carea' id='block_1_47' title="bbox 517 4521 2086 4593">
    <p class='ocr_par' dir='ltr' id='par_1_47' title="bbox 517 4521 2086 4593">
     <span class='ocr_line' id='line_1_47' title="bbox 517 4521 2086 4593; baseline 0.001 -21"><span class='ocrx_word' id='word_1_302' title='bbox 517 4530 598 4574; x_wconf 90' lang='lat' dir='ltr'><strong>ter</strong></span> <span class='ocrx_word' id='word_1_303' title='bbox 639 4522 740 4587; x_wconf 82' lang='lat' dir='ltr'><strong>legi</strong></span> <span class='ocrx_word' id='word_1_304' title='bbox 777 4522 921 4575; x_wconf 84' lang='lat' dir='ltr'><strong>civili</strong></span> <span class='ocrx_word' id='word_1_305' title='bbox 963 4521 1156 4576; x_wconf 84' lang='lat' dir='ltr'><strong>Patres</strong></span> <span class='ocrx_word' id='word_1_306' title='bbox 1187 4539 1400 4593; x_wconf 88' lang='lat' dir='ltr'><strong>quoque</strong></span> <span class='ocrx_word' id='word_1_307' title='bbox 1433 4537 1819 4578; x_wconf 77' lang='lat' dir='ltr'><strong>concesserunt.</strong></span> <span class='ocrx_word' id='word_1_308' title='bbox 1863 4527 1943 4577; x_wconf 67' lang='grc' dir='ltr'><strong>ῑιῐς</strong></span> <span class='ocrx_word' id='word_1_309' title='bbox 1993 4542 2086 4593; x_wconf 85' lang='lat' dir='ltr'><strong>:tp—</strong></span> 
     </span>
    </p>
   </div>
   <div class='ocr_carea' id='block_1_48' title="bbox 517 4612 2084 4682">
    <p class='ocr_par' dir='ltr' id='par_1_48' title="bbox 517 4612 2084 4682">
     <span class='ocr_line' id='line_1_48' title="bbox 517 4612 2084 4682; baseline 0.003 -20"><span class='ocrx_word' id='word_1_310' title='bbox 517 4612 712 4678; x_wconf 78' lang='lat' dir='ltr'><strong>pellztre</strong></span> <span class='ocrx_word' id='word_1_311' title='bbox 742 4627 835 4665; x_wconf 84' lang='lat' dir='ltr'><strong>eos</strong></span> <span class='ocrx_word' id='word_1_312' title='bbox 890 4613 977 4680; x_wconf 91' lang='lat' dir='ltr'><strong>qui</strong></span> <span class='ocrx_word' id='word_1_313' title='bbox 1009 4615 1452 4670; x_wconf 83' lang='lat' dir='ltr'><strong>condemnamur.</strong></span> <span class='ocrx_word' id='word_1_314' title='bbox 1487 4615 1621 4668; x_wconf 81' lang='lat' dir='ltr'><strong>Nota</strong></span> <span class='ocrx_word' id='word_1_315' title='bbox 1656 4626 1906 4682; x_wconf 66' lang='lat' dir='ltr'><strong>praete-ca</strong></span> <span class='ocrx_word' id='word_1_316' title='bbox 1945 4618 2084 4681; x_wconf 76' lang='lat' dir='ltr'><strong>quoi</strong></span> 
     </span>
    </p>
   </div>
   <div class='ocr_carea' id='block_1_49' title="bbox 517 4705 2088 4776">
    <p class='ocr_par' dir='ltr' id='par_1_49' title="bbox 517 4705 2088 4776">
     <span class='ocr_line' id='line_1_49' title="bbox 517 4705 2088 4776; baseline 0.003 -22"><span class='ocrx_word' id='word_1_317' title='bbox 517 4712 762 4772; x_wconf 87' lang='lat' dir='ltr'><strong>tempore</strong></span> <span class='ocrx_word' id='word_1_318' title='bbox 797 4705 1080 4774; x_wconf 55' lang='lat' dir='ltr'><strong>praesentis</strong></span> <span class='ocrx_word' id='word_1_319' title='bbox 1114 4705 1303 4775; x_wconf 86' lang='lat' dir='ltr'><strong>synodi</strong></span> <span class='ocrx_word' id='word_1_320' title='bbox 1338 4722 1438 4760; x_wconf 88' lang='lat' dir='ltr'><strong>non</strong></span> <span class='ocrx_word' id='word_1_321' title='bbox 1480 4707 1750 4760; x_wconf 85' lang='lat' dir='ltr'><strong>habebant</strong></span> <span class='ocrx_word' id='word_1_322' title='bbox 1777 4708 2088 4776; x_wconf 83' lang='lat' dir='ltr'><strong>metropoli-</strong></span> 
     </span>
    </p>
   </div>
   <div class='ocr_carea' id='block_1_50' title="bbox 514 4793 2085 4867">
    <p class='ocr_par' dir='ltr' id='par_1_50' title="bbox 514 4793 2085 4867">
     <span class='ocr_line' id='line_1_50' title="bbox 514 4793 2085 4867; baseline 0.001 -20"><span class='ocrx_word' id='word_1_323' title='bbox 514 4793 667 4849; x_wconf 81' lang='lat' dir='ltr'><strong>litaai</strong></span> <span class='ocrx_word' id='word_1_324' title='bbox 699 4797 802 4851; x_wconf 88' lang='lat' dir='ltr'><strong>tale</strong></span> <span class='ocrx_word' id='word_1_325' title='bbox 830 4797 919 4867; x_wconf 86' lang='lat' dir='ltr'><strong>jus</strong></span> <span class='ocrx_word' id='word_1_326' title='bbox 951 4799 1003 4851; x_wconf 84' lang='lat' dir='ltr'><strong>in</strong></span> <span class='ocrx_word' id='word_1_327' title='bbox 1055 4813 1180 4852; x_wconf 90' lang='lat' dir='ltr'><strong>suos</strong></span> <span class='ocrx_word' id='word_1_328' title='bbox 1218 4801 1500 4867; x_wconf 85' lang='lat' dir='ltr'><strong>episcopos</strong></span> <span class='ocrx_word' id='word_1_329' title='bbox 1541 4799 1752 4866; x_wconf 75' lang='lat' dir='ltr'><strong>illisque</strong></span> <span class='ocrx_word' id='word_1_330' title='bbox 1811 4798 2085 4865; x_wconf 80' lang='lat' dir='ltr'><strong>subjectos</strong></span> 
     </span>
    </p>
   </div>
   <div class='ocr_carea' id='block_1_51' title="bbox 517 4886 2088 4956">
    <p class='ocr_par' dir='ltr' id='par_1_51' title="bbox 517 4886 2088 4956">
     <span class='ocr_line' id='line_1_51' title="bbox 517 4886 2088 4956; baseline 0.001 -17"><span class='ocrx_word' id='word_1_331' title='bbox 517 4886 766 4948; x_wconf 84' lang='lat' dir='ltr'><strong>clericos,</strong></span> <span class='ocrx_word' id='word_1_332' title='bbox 805 4890 960 4956; x_wconf 83' lang='lat' dir='ltr'><strong>quale</strong></span> <span class='ocrx_word' id='word_1_333' title='bbox 998 4905 1139 4943; x_wconf 88' lang='lat' dir='ltr'><strong>nunc</strong></span> <span class='ocrx_word' id='word_1_334' title='bbox 1183 4892 1400 4944; x_wconf 87' lang='lat' dir='ltr'><strong>habent.</strong></span> <span class='ocrx_word' id='word_1_335' title='bbox 1440 4892 1694 4944; x_wconf 65' lang='lat' dir='ltr'><strong>Poterant</strong></span> <span class='ocrx_word' id='word_1_336' title='bbox 1727 4893 1869 4942; x_wconf 88' lang='lat' dir='ltr'><strong>enim</strong></span> <span class='ocrx_word' id='word_1_337' title='bbox 1902 4887 2088 4940; x_wconf 78' lang='lat' dir='ltr'><strong>clerici</strong></span> 
     </span>
    </p>
   </div>
   <div class='ocr_carea' id='block_1_52' title="bbox 517 4975 2082 5045">
    <p class='ocr_par' dir='ltr' id='par_1_52' title="bbox 517 4975 2082 5045">
     <span class='ocr_line' id='line_1_52' title="bbox 517 4975 2082 5045; baseline 0.002 -19"><span class='ocrx_word' id='word_1_338' title='bbox 517 4975 583 5027; x_wconf 85' lang='lat' dir='ltr'><strong>ab</strong></span> <span class='ocrx_word' id='word_1_339' title='bbox 632 4977 895 5045; x_wconf 85' lang='lat' dir='ltr'><strong>episc0pis</strong></span> <span class='ocrx_word' id='word_1_340' title='bbox 936 4980 1279 5031; x_wconf 88' lang='lat' dir='ltr'><strong>condemnati</strong></span> <span class='ocrx_word' id='word_1_341' title='bbox 1340 4980 1643 5032; x_wconf 76' lang='lat' dir='ltr'><strong>vicinorum</strong></span> <span class='ocrx_word' id='word_1_342' title='bbox 1708 4981 2082 5045; x_wconf 72' lang='lat' dir='ltr'><strong>cpisecpnrum</strong></span> 
     </span>
    </p>
   </div>
   <div class='ocr_carea' id='block_1_53' title="bbox 518 5065 2082 5137">
    <p class='ocr_par' dir='ltr' id='par_1_53' title="bbox 518 5065 2082 5137">
     <span class='ocr_line' id='line_1_53' title="bbox 518 5065 2082 5137; baseline 0.002 -21"><span class='ocrx_word' id='word_1_343' title='bbox 518 5065 845 5119; x_wconf 71' lang='lat' dir='ltr'><strong>audientiam</strong></span> <span class='ocrx_word' id='word_1_344' title='bbox 871 5069 1141 5136; x_wconf 81' lang='lat' dir='ltr'><strong>appellare</strong></span> <span class='ocrx_word' id='word_1_345' title='bbox 1175 5086 1187 5121; x_wconf 92' lang='lat'>:</span> <span class='ocrx_word' id='word_1_346' title='bbox 1220 5074 1359 5137; x_wconf 89' lang='lat' dir='ltr'><strong>quod</strong></span> <span class='ocrx_word' id='word_1_347' title='bbox 1402 5086 1542 5122; x_wconf 89' lang='lat' dir='ltr'><strong>nunc</strong></span> <span class='ocrx_word' id='word_1_348' title='bbox 1581 5086 1684 5124; x_wconf 91' lang='lat' dir='ltr'><strong>non</strong></span> <span class='ocrx_word' id='word_1_349' title='bbox 1727 5071 2082 5133; x_wconf 76' lang='lat' dir='ltr'><strong>admittetur;</strong></span> 
     </span>
    </p>
   </div>
   <div class='ocr_carea' id='block_1_54' title="bbox 519 5159 2083 5230">
    <p class='ocr_par' dir='ltr' id='par_1_54' title="bbox 519 5159 2083 5230">
     <span class='ocr_line' id='line_1_54' title="bbox 519 5159 2083 5230; baseline 0.003 -24"><span class='ocrx_word' id='word_1_350' title='bbox 519 5165 798 5224; x_wconf 87' lang='lat' dir='ltr'><strong>propterea</strong></span> <span class='ocrx_word' id='word_1_351' title='bbox 859 5159 1002 5226; x_wconf 89' lang='lat' dir='ltr'><strong>quod</strong></span> <span class='ocrx_word' id='word_1_352' title='bbox 1055 5161 1106 5212; x_wconf 88' lang='lat' dir='ltr'><strong>in</strong></span> <span class='ocrx_word' id='word_1_353' title='bbox 1166 5171 1352 5229; x_wconf 81' lang='lat' dir='ltr'><strong>quatta</strong></span> <span class='ocrx_word' id='word_1_354' title='bbox 1417 5162 1625 5230; x_wconf 78' lang='lat' dir='ltr'><strong>synodo</strong></span> <span class='ocrx_word' id='word_1_355' title='bbox 1686 5162 2083 5227; x_wconf 70' lang='lat' dir='ltr'><strong>provinciarum</strong></span> 
     </span>
    </p>
   </div>
   <div class='ocr_carea' id='block_1_55' title="bbox 520 5247 2087 5317">
    <p class='ocr_par' dir='ltr' id='par_1_55' title="bbox 520 5247 2087 5317">
     <span class='ocr_line' id='line_1_55' title="bbox 520 5247 2087 5317; baseline 0.004 -21"><span class='ocrx_word' id='word_1_356' title='bbox 520 5247 906 5314; x_wconf 73' lang='lat' dir='ltr'><strong>tuetropolilzus</strong></span> <span class='ocrx_word' id='word_1_357' title='bbox 939 5252 1209 5317; x_wconf 86' lang='lat' dir='ltr'><strong>provisum</strong></span> <span class='ocrx_word' id='word_1_358' title='bbox 1259 5252 1352 5306; x_wconf 88' lang='lat' dir='ltr'><strong>sit.</strong></span> <span class='ocrx_word' id='word_1_359' title='bbox 1410 5257 1543 5305; x_wconf 70' lang='lat' dir='ltr'><strong>(iuni</strong></span> <span class='ocrx_word' id='word_1_360' title='bbox 1582 5261 1760 5304; x_wconf 83' lang='lat' dir='ltr'><strong>autem</strong></span> <span class='ocrx_word' id='word_1_361' title='bbox 1812 5251 1895 5304; x_wconf 78' lang='lat' dir='ltr'><strong>lex</strong></span> <span class='ocrx_word' id='word_1_362' title='bbox 1943 5251 2087 5303; x_wconf 77' lang='lat' dir='ltr'><strong>dicat</strong></span> 
     </span>
    </p>
   </div>
   <div class='ocr_carea' id='block_1_56' title="bbox 518 5337 2083 5421">
    <p class='ocr_par' dir='ltr' id='par_1_56' title="bbox 518 5337 2083 5421">
     <span class='ocr_line' id='line_1_56' title="bbox 518 5337 2083 5421; baseline 0.004 -34"><span class='ocrx_word' id='word_1_363' title='bbox 518 5350 614 5389; x_wconf 91' lang='lat' dir='ltr'><strong>eos</strong></span> <span class='ocrx_word' id='word_1_364' title='bbox 640 5337 779 5401; x_wconf 64' lang='lat' dir='ltr'><strong>laedi,</strong></span> <span class='ocrx_word' id='word_1_365' title='bbox 812 5339 901 5407; x_wconf 88' lang='lat' dir='ltr'><strong>qui</strong></span> <span class='ocrx_word' id='word_1_366' title='bbox 933 5343 995 5395; x_wconf 86' lang='lat' dir='ltr'><strong>ad</strong></span> <span class='ocrx_word' id='word_1_367' title='bbox 1030 5343 1478 5421; x_wconf 84' lang='lat' dir='ltr'><strong>incompctcntetn</strong></span> <span class='ocrx_word' id='word_1_368' title='bbox 1533 5345 1767 5412; x_wconf 85' lang='lat' dir='ltr'><strong>judicent</strong></span> <span class='ocrx_word' id='word_1_369' title='bbox 1820 5358 2083 5410; x_wconf 75' lang='lat' dir='ltr'><strong>provora-</strong></span> 
     </span>
    </p>
   </div>
   <div class='ocr_carea' id='block_1_57' title="bbox 517 5425 2083 5496">
    <p class='ocr_par' dir='ltr' id='par_1_57' title="bbox 517 5425 2083 5496">
     <span class='ocr_line' id='line_1_57' title="bbox 517 5425 2083 5496; baseline 0.004 -14"><span class='ocrx_word' id='word_1_370' title='bbox 517 5425 646 5493; x_wconf 82' lang='lat' dir='ltr'><strong>rinl,</strong></span> <span class='ocrx_word' id='word_1_371' title='bbox 699 5445 934 5496; x_wconf 77' lang='lat' dir='ltr'><strong>praesens</strong></span> <span class='ocrx_word' id='word_1_372' title='bbox 974 5447 1147 5488; x_wconf 77' lang='lat' dir='ltr'><strong>canon</strong></span> <span class='ocrx_word' id='word_1_373' title='bbox 1185 5437 1438 5490; x_wconf 78' lang='lat' dir='ltr'><strong>damnum</strong></span> <span class='ocrx_word' id='word_1_374' title='bbox 1473 5439 1538 5492; x_wconf 85' lang='lat' dir='ltr'><strong>ad</strong></span> <span class='ocrx_word' id='word_1_375' title='bbox 1567 5436 2083 5493; x_wconf 77' lang='lat' dir='ltr'><strong>excommunicatio-</strong></span> 
     </span>
    </p>
   </div>
   <div class='ocr_carea' id='block_1_58' title="bbox 514 5524 918 5577">
    <p class='ocr_par' dir='ltr' id='par_1_58' title="bbox 514 5524 918 5577">
     <span class='ocr_line' id='line_1_58' title="bbox 514 5524 918 5577; baseline 0.017 -7"><span class='ocrx_word' id='word_1_376' title='bbox 514 5531 639 5571; x_wconf 80' lang='lat' dir='ltr'><strong>ncm</strong></span> <span class='ocrx_word' id='word_1_377' title='bbox 663 5524 918 5577; x_wconf 79' lang='lat' dir='ltr'><strong>extendit.</strong></span> 
     </span>
    </p>
   </div>
   <div class='ocr_carea' id='block_1_59' title="bbox 2175 507 3757 589">
    <p class='ocr_par' dir='ltr' id='par_1_59' title="bbox 2175 507 3757 589">
     <span class='ocr_line' id='line_1_59' title="bbox 2175 507 3757 589; baseline -0.007 -18"><span class='ocrx_word' id='word_1_378' title='bbox 2175 520 2448 589; x_wconf 77' lang='grc' dir='ltr'><strong>ἀμελῆσαι</strong></span> <span class='ocrx_word' id='word_1_379' title='bbox 2488 517 2648 578; x_wconf 81' lang='grc' dir='ltr'>αὐτὸς</span> <span class='ocrx_word' id='word_1_380' title='bbox 2673 517 2769 585; x_wconf 87' lang='grc' dir='ltr'>τῆς</span> <span class='ocrx_word' id='word_1_381' title='bbox 2799 516 3159 584; x_wconf 76' lang='grc' dir='ltr'>ἐκνικὴσεως,</span> <span class='ocrx_word' id='word_1_382' title='bbox 3223 513 3420 583; x_wconf 75' lang='grc' dir='ltr'>ἐλεχθῇ</span> <span class='ocrx_word' id='word_1_383' title='bbox 3447 511 3506 564; x_wconf 73' lang='grc' dir='ltr'><strong>δέ</strong></span> <span class='ocrx_word' id='word_1_384' title='bbox 3559 507 3757 579; x_wconf 67' lang='grc' dir='ltr'>ψευδόο</span> 
     </span>
    </p>
   </div>
   <div class='ocr_carea' id='block_1_60' title="bbox 2179 602 3762 679">
    <p class='ocr_par' dir='ltr' id='par_1_60' title="bbox 2179 602 3762 679">
     <span class='ocr_line' id='line_1_60' title="bbox 2179 602 3762 679; baseline -0.007 -16"><span class='ocrx_word' id='word_1_385' title='bbox 2179 627 2342 679; x_wconf 85' lang='grc' dir='ltr'>μενος</span> <span class='ocrx_word' id='word_1_386' title='bbox 2398 608 2474 677; x_wconf 80' lang='grc' dir='ltr'>μὴ</span> <span class='ocrx_word' id='word_1_387' title='bbox 2522 607 2976 674; x_wconf 75' lang='grc' dir='ltr'><strong>κοινωνησάντων</strong></span> <span class='ocrx_word' id='word_1_388' title='bbox 3035 606 3142 657; x_wconf 81' lang='grc' dir='ltr'><strong>τῶν</strong></span> <span class='ocrx_word' id='word_1_389' title='bbox 3192 605 3506 674; x_wconf 78' lang='grc' dir='ltr'>αἱρετικῶν,</span> <span class='ocrx_word' id='word_1_390' title='bbox 3562 602 3595 670; x_wconf 83' lang='grc' dir='ltr'>ἢ</span> <span class='ocrx_word' id='word_1_391' title='bbox 3639 617 3762 653; x_wconf 64' lang='lat' dir='ltr'><strong>xm»</strong></span> 
     </span>
    </p>
   </div>
   <div class='ocr_carea' id='block_1_61' title="bbox 2177 691 3761 770">
    <p class='ocr_par' dir='ltr' id='par_1_61' title="bbox 2177 691 3761 770">
     <span class='ocr_line' id='line_1_61' title="bbox 2177 691 3761 770; baseline -0.008 -16"><span class='ocrx_word' id='word_1_392' title='bbox 2177 702 2532 770; x_wconf 80' lang='grc' dir='ltr'>νωνησάντων</span> <span class='ocrx_word' id='word_1_393' title='bbox 2596 698 2697 770; x_wconf 76' lang='grc' dir='ltr'>μὲν</span> <span class='ocrx_word' id='word_1_394' title='bbox 2745 699 2902 762; x_wconf 69' lang='grc' dir='ltr'>ἴσως,</span> <span class='ocrx_word' id='word_1_395' title='bbox 2959 697 3032 766; x_wconf 79' lang='grc' dir='ltr'>μὴ</span> <span class='ocrx_word' id='word_1_396' title='bbox 3085 696 3393 766; x_wconf 85' lang='grc' dir='ltr'><strong>συνειδήσει</strong></span> <span class='ocrx_word' id='word_1_397' title='bbox 3443 694 3500 746; x_wconf 80' lang='grc' dir='ltr'>δὲ</span> <span class='ocrx_word' id='word_1_398' title='bbox 3563 691 3761 754; x_wconf 78' lang='grc' dir='ltr'>αὑτοῦ,</span> 
     </span>
    </p>
   </div>
   <div class='ocr_carea' id='block_1_62' title="bbox 2176 787 3761 862">
    <p class='ocr_par' dir='ltr' id='par_1_62' title="bbox 2176 787 3761 862">
     <span class='ocr_line' id='line_1_62' title="bbox 2176 787 3761 862; baseline -0.006 -16"><span class='ocrx_word' id='word_1_399' title='bbox 2176 795 2298 847; x_wconf 68' lang='grc' dir='ltr'>ἀντὶ</span> <span class='ocrx_word' id='word_1_400' title='bbox 2348 793 2440 845; x_wconf 80' lang='grc' dir='ltr'><strong>τοῦ</strong></span> <span class='ocrx_word' id='word_1_401' title='bbox 2501 791 2576 862; x_wconf 80' lang='grc' dir='ltr'>μὴ</span> <span class='ocrx_word' id='word_1_402' title='bbox 2633 790 2835 852; x_wconf 80' lang='grc' dir='ltr'><strong>εἰδότος</strong></span> <span class='ocrx_word' id='word_1_403' title='bbox 2887 789 3052 843; x_wconf 75' lang='grc' dir='ltr'>αὐτοῦ</span> <span class='ocrx_word' id='word_1_404' title='bbox 3123 788 3257 858; x_wconf 75' lang='grc' dir='ltr'>μηδὲ</span> <span class='ocrx_word' id='word_1_405' title='bbox 3320 787 3761 845; x_wconf 79' lang='grc' dir='ltr'>σπουδάσαντος.</span> 
     </span>
    </p>
   </div>
   <div class='ocr_carea' id='block_1_63' title="bbox 2177 874 3767 952">
    <p class='ocr_par' dir='ltr' id='par_1_63' title="bbox 2177 874 3767 952">
     <span class='ocr_line' id='line_1_63' title="bbox 2177 874 3767 952; baseline -0.008 -14"><span class='ocrx_word' id='word_1_406' title='bbox 2177 888 2273 938; x_wconf 80' lang='grc' dir='ltr'><strong>καὶ</strong></span> <span class='ocrx_word' id='word_1_407' title='bbox 2319 884 2420 952; x_wconf 76' lang='grc' dir='ltr'>τῆς</span> <span class='ocrx_word' id='word_1_408' title='bbox 2466 882 2777 952; x_wconf 72' lang='grc' dir='ltr'>ἐπισκοπῆς</span> <span class='ocrx_word' id='word_1_409' title='bbox 2825 883 3167 946; x_wconf 76' lang='grc' dir='ltr'><strong>ἐκπεσεῖται,</strong></span> <span class='ocrx_word' id='word_1_410' title='bbox 3220 880 3388 949; x_wconf 71' lang='grc' dir='ltr'>ἤγουν</span> <span class='ocrx_word' id='word_1_411' title='bbox 3420 874 3767 945; x_wconf 79' lang='grc' dir='ltr'>καθαιρεθή-</span> 
     </span>
    </p>
   </div>
   <div class='ocr_carea' id='block_1_64' title="bbox 2179 995 2351 1030">
    <p class='ocr_par' dir='ltr' id='par_1_64' title="bbox 2179 995 2351 1030">
     <span class='ocr_line' id='line_1_64' title="bbox 2179 995 2351 1030; baseline 0 0"><span class='ocrx_word' id='word_1_412' title='bbox 2179 995 2351 1030; x_wconf 80' lang='grc' dir='ltr'><strong>σεται.</strong></span> 
     </span>
    </p>
   </div>
   <div class='ocr_carea' id='block_1_65' title="bbox 2178 1058 3758 1127">
    <p class='ocr_par' dir='ltr' id='par_1_65' title="bbox 2178 1058 3758 1127">
     <span class='ocr_line' id='line_1_65' title="bbox 2178 1058 3758 1127; baseline -0.007 -3"><span class='ocrx_word' id='word_1_413' title='bbox 2178 1071 2402 1124; x_wconf 78' lang='grc' dir='ltr'><strong>ΔΡΙΣΤ.</strong></span> <span class='ocrx_word' id='word_1_414' title='bbox 2445 1089 2462 1120; x_wconf 82' lang='grc' dir='ltr'><strong>ι</strong></span> <span class='ocrx_word' id='word_1_415' title='bbox 2511 1069 2570 1122; x_wconf 86' lang='grc' dir='ltr'>Ὀ</span> <span class='ocrx_word' id='word_1_416' title='bbox 2602 1067 2773 1120; x_wconf 85' lang='grc' dir='ltr'>εἰπὼν</span> <span class='ocrx_word' id='word_1_417' title='bbox 2799 1065 3144 1125; x_wconf 71' lang='grc' dir='ltr'>κοινωνικὸν,</span> <span class='ocrx_word' id='word_1_418' title='bbox 3175 1064 3234 1116; x_wconf 85' lang='grc' dir='ltr'>ὃν</span> <span class='ocrx_word' id='word_1_419' title='bbox 3268 1058 3413 1117; x_wconf 78' lang='grc' dir='ltr'>οἶδεν</span> <span class='ocrx_word' id='word_1_420' title='bbox 3437 1059 3758 1127; x_wconf 76' lang='grc' dir='ltr'>ἀκοινώνη-</span> 
     </span>
    </p>
   </div>
   <div class='ocr_carea' id='block_1_66' title="bbox 2607 1156 3290 1221">
    <p class='ocr_par' dir='ltr' id='par_1_66' title="bbox 2607 1156 3290 1221">
     <span class='ocr_line' id='line_1_66' title="bbox 2607 1156 3290 1221; baseline -0.009 -9"><span class='ocrx_word' id='word_1_421' title='bbox 2607 1179 2625 1211; x_wconf 83' lang='grc' dir='ltr'><strong>ι</strong></span> <span class='ocrx_word' id='word_1_422' title='bbox 2653 1177 2764 1221; x_wconf 86' lang='grc' dir='ltr'>τον,</span> <span class='ocrx_word' id='word_1_423' title='bbox 2793 1156 3235 1211; x_wconf 76' lang='grc' dir='ltr'>ἀποεπισκόπου.</span> <span class='ocrx_word' id='word_1_424' title='bbox 3271 1173 3290 1206; x_wconf 77' lang='grc' dir='ltr'><strong>ι</strong></span> 
     </span>
    </p>
   </div>
   <div class='ocr_carea' id='block_1_67' title="bbox 2254 1239 3771 1318">
    <p class='ocr_par' dir='ltr' id='par_1_67' title="bbox 2254 1239 3771 1318">
     <span class='ocr_line' id='line_1_67' title="bbox 2254 1239 3771 1318; baseline -0.012 -8"><span class='ocrx_word' id='word_1_425' title='bbox 2254 1255 2446 1318; x_wconf 83' lang='grc' dir='ltr'>’Ὅστις</span> <span class='ocrx_word' id='word_1_426' title='bbox 2481 1255 2787 1312; x_wconf 79' lang='grc' dir='ltr'>ἐπίσκοπος</span> <span class='ocrx_word' id='word_1_427' title='bbox 2837 1252 2964 1313; x_wconf 72' lang='grc' dir='ltr'>τοὺς</span> <span class='ocrx_word' id='word_1_428' title='bbox 2993 1246 3327 1308; x_wconf 75' lang='grc' dir='ltr'>Δονατιστάς</span> <span class='ocrx_word' id='word_1_429' title='bbox 3361 1241 3470 1298; x_wconf 75' lang='grc' dir='ltr'>οἶδε</span> <span class='ocrx_word' id='word_1_430' title='bbox 3501 1241 3644 1312; x_wconf 76' lang='grc' dir='ltr'>πρὸς</span> <span class='ocrx_word' id='word_1_431' title='bbox 3659 1239 3771 1310; x_wconf 74' lang='grc' dir='ltr'>τὴν</span> 
     </span>
    </p>
   </div>
   <div class='ocr_carea' id='block_1_68' title="bbox 2184 1337 3775 1417">
    <p class='ocr_par' dir='ltr' id='par_1_68' title="bbox 2184 1337 3775 1417">
     <span class='ocr_line' id='line_1_68' title="bbox 2184 1337 3775 1417; baseline -0.012 -14"><span class='ocrx_word' id='word_1_432' title='bbox 2184 1348 2484 1417; x_wconf 78' lang='grc' dir='ltr'><strong>καθολικὴν</strong></span> <span class='ocrx_word' id='word_1_433' title='bbox 2533 1345 2869 1412; x_wconf 80' lang='grc' dir='ltr'>Ἐκκλησίαν</span> <span class='ocrx_word' id='word_1_434' title='bbox 2900 1343 2974 1412; x_wconf 76' lang='grc' dir='ltr'>μὴ</span> <span class='ocrx_word' id='word_1_435' title='bbox 3002 1338 3483 1408; x_wconf 71' lang='grc' dir='ltr'>ὑποστρέψαντας,</span> <span class='ocrx_word' id='word_1_436' title='bbox 3541 1337 3590 1387; x_wconf 86' lang='grc' dir='ltr'><strong>εἰ</strong></span> <span class='ocrx_word' id='word_1_437' title='bbox 3626 1350 3775 1400; x_wconf 77' lang='grc' dir='ltr'><strong>συγ-</strong></span> 
     </span>
    </p>
   </div>
   <div class='ocr_carea' id='block_1_69' title="bbox 2183 1426 3776 1509">
    <p class='ocr_par' dir='ltr' id='par_1_69' title="bbox 2183 1426 3776 1509">
     <span class='ocr_line' id='line_1_69' title="bbox 2183 1426 3776 1509; baseline -0.012 -15"><span class='ocrx_word' id='word_1_438' title='bbox 2183 1440 2504 1509; x_wconf 82' lang='grc' dir='ltr'>κοινωνήσει</span> <span class='ocrx_word' id='word_1_439' title='bbox 2575 1439 2780 1499; x_wconf 81' lang='grc' dir='ltr'>αὐτοῖς,</span> <span class='ocrx_word' id='word_1_440' title='bbox 2833 1436 3010 1502; x_wconf 82' lang='grc' dir='ltr'>λέγων</span> <span class='ocrx_word' id='word_1_441' title='bbox 3078 1433 3215 1501; x_wconf 74' lang='grc' dir='ltr'>πρὸς</span> <span class='ocrx_word' id='word_1_442' title='bbox 3286 1430 3386 1496; x_wconf 74' lang='grc' dir='ltr'>τὴν</span> <span class='ocrx_word' id='word_1_443' title='bbox 3436 1426 3776 1496; x_wconf 74' lang='grc' dir='ltr'>ὀρθοδοξίαν</span> 
     </span>
    </p>
   </div>
   <div class='ocr_carea' id='block_1_70' title="bbox 2186 1518 3779 1604">
    <p class='ocr_par' dir='ltr' id='par_1_70' title="bbox 2186 1518 3779 1604">
     <span class='ocr_line' id='line_1_70' title="bbox 2186 1518 3779 1604; baseline -0.011 -17"><span class='ocrx_word' id='word_1_444' title='bbox 2186 1533 2564 1604; x_wconf 77' lang='grc' dir='ltr'><strong>μεταστρέψαι</strong></span> <span class='ocrx_word' id='word_1_445' title='bbox 2595 1532 2816 1594; x_wconf 80' lang='grc' dir='ltr'>αὐτοὺς,</span> <span class='ocrx_word' id='word_1_446' title='bbox 2847 1531 2875 1582; x_wconf 89' lang='grc' dir='ltr'><strong>ό</strong></span> <span class='ocrx_word' id='word_1_447' title='bbox 2892 1528 3139 1587; x_wconf 77' lang='grc' dir='ltr'>τοιοῦτος</span> <span class='ocrx_word' id='word_1_448' title='bbox 3161 1523 3236 1585; x_wconf 87' lang='grc' dir='ltr'><strong>ώς</strong></span> <span class='ocrx_word' id='word_1_449' title='bbox 3262 1521 3604 1590; x_wconf 75' lang='grc' dir='ltr'>ψευδόμενος</span> <span class='ocrx_word' id='word_1_450' title='bbox 3631 1518 3779 1585; x_wconf 77' lang='grc' dir='ltr'>περὶ</span> 
     </span>
    </p>
   </div>
   <div class='ocr_carea' id='block_1_71' title="bbox 2182 1605 3777 1695">
    <p class='ocr_par' dir='ltr' id='par_1_71' title="bbox 2182 1605 3777 1695">
     <span class='ocr_line' id='line_1_71' title="bbox 2182 1605 3777 1695; baseline -0.013 -17"><span class='ocrx_word' id='word_1_451' title='bbox 2182 1627 2280 1695; x_wconf 80' lang='grc' dir='ltr'><strong>τῆς</strong></span> <span class='ocrx_word' id='word_1_452' title='bbox 2315 1625 2604 1684; x_wconf 77' lang='grc' dir='ltr'>κοινωνίας</span> <span class='ocrx_word' id='word_1_453' title='bbox 2627 1621 2829 1683; x_wconf 78' lang='grc' dir='ltr'>αὐτῶν,</span> <span class='ocrx_word' id='word_1_454' title='bbox 2863 1619 2955 1672; x_wconf 77' lang='grc' dir='ltr'>καὶ</span> <span class='ocrx_word' id='word_1_455' title='bbox 2996 1619 3094 1688; x_wconf 74' lang='grc' dir='ltr'>τὴν</span> <span class='ocrx_word' id='word_1_456' title='bbox 3140 1613 3472 1681; x_wconf 73' lang='grc' dir='ltr'>Ἐκκλησίαν</span> <span class='ocrx_word' id='word_1_457' title='bbox 3499 1610 3594 1662; x_wconf 75' lang='grc' dir='ltr'>τοῦ</span> <span class='ocrx_word' id='word_1_458' title='bbox 3622 1605 3777 1662; x_wconf 75' lang='grc' dir='ltr'>Θεοῦ</span> 
     </span>
    </p>
   </div>
   <div class='ocr_carea' id='block_1_72' title="bbox 2184 1712 3133 1788">
    <p class='ocr_par' dir='ltr' id='par_1_72' title="bbox 2184 1712 3133 1788">
     <span class='ocr_line' id='line_1_72' title="bbox 2184 1712 3133 1788; baseline -0.011 -17"><span class='ocrx_word' id='word_1_459' title='bbox 2184 1719 2502 1788; x_wconf 83' lang='grc' dir='ltr'>ἀπατήσας,</span> <span class='ocrx_word' id='word_1_460' title='bbox 2538 1715 2691 1767; x_wconf 79' lang='grc' dir='ltr'>ἔσται</span> <span class='ocrx_word' id='word_1_461' title='bbox 2720 1713 2943 1782; x_wconf 70' lang='grc' dir='ltr'>καθῃρη</span> <span class='ocrx_word' id='word_1_462' title='bbox 2955 1712 3133 1779; x_wconf 76' lang='grc' dir='ltr'>μένος.</span> 
     </span>
    </p>
   </div>
   <div class='ocr_carea' id='block_1_73' title="bbox 2682 1800 3154 1869">
    <p class='ocr_par' dir='ltr' id='par_1_73' title="bbox 2682 1800 3154 1869">
     <span class='ocr_line' id='line_1_73' title="bbox 2682 1800 3154 1869; baseline -0.002 -11"><span class='ocrx_word' id='word_1_463' title='bbox 2682 1803 2914 1858; x_wconf 72' lang='grc' dir='ltr'><strong>κΑΝςιΝ</strong></span> <span class='ocrx_word' id='word_1_464' title='bbox 2959 1800 3154 1869; x_wconf 75' lang='lat' dir='ltr'><strong>rxq‘.</strong></span> 
     </span>
    </p>
   </div>
   <div class='ocr_carea' id='block_1_74' title="bbox 2191 1886 3780 1974">
    <p class='ocr_par' dir='ltr' id='par_1_74' title="bbox 2191 1886 3780 1974">
     <span class='ocr_line' id='line_1_74' title="bbox 2191 1886 3780 1974; baseline -0.014 -17"><span class='ocrx_word' id='word_1_465' title='bbox 2191 1925 2209 1957; x_wconf 81' lang='grc' dir='ltr'><strong>ι</strong></span> <span class='ocrx_word' id='word_1_466' title='bbox 2253 1903 2390 1974; x_wconf 72' lang='grc' dir='ltr'>Περὶ</span> <span class='ocrx_word' id='word_1_467' title='bbox 2409 1901 2801 1969; x_wconf 71' lang='grc' dir='ltr'>πρεσϐυτέρων</span> <span class='ocrx_word' id='word_1_468' title='bbox 2857 1897 2952 1949; x_wconf 76' lang='grc' dir='ltr'><strong>καὶ</strong></span> <span class='ocrx_word' id='word_1_469' title='bbox 2985 1886 3291 1962; x_wconf 77' lang='grc' dir='ltr'>κληρικῶν,</span> <span class='ocrx_word' id='word_1_470' title='bbox 3326 1891 3413 1941; x_wconf 81' lang='grc' dir='ltr'>ἵνα</span> <span class='ocrx_word' id='word_1_471' title='bbox 3465 1888 3542 1955; x_wconf 78' lang='grc' dir='ltr'>μὴ</span> <span class='ocrx_word' id='word_1_472' title='bbox 3588 1887 3780 1937; x_wconf 72' lang='grc' dir='ltr'>ἐκκα-</span> 
     </span>
    </p>
   </div>
   <div class='ocr_carea' id='block_1_75' title="bbox 2261 1979 3780 2060">
    <p class='ocr_par' dir='ltr' id='par_1_75' title="bbox 2261 1979 3780 2060">
     <span class='ocr_line' id='line_1_75' title="bbox 2261 1979 3780 2060; baseline -0.013 -12"><span class='ocrx_word' id='word_1_473' title='bbox 2261 2014 2282 2048; x_wconf 77' lang='grc' dir='ltr'><strong>ι</strong></span> <span class='ocrx_word' id='word_1_474' title='bbox 2314 1995 2540 2057; x_wconf 84' lang='grc' dir='ltr'>λῶνται,</span> <span class='ocrx_word' id='word_1_475' title='bbox 2573 1992 2621 2044; x_wconf 81' lang='grc' dir='ltr'><strong>εἰ</strong></span> <span class='ocrx_word' id='word_1_476' title='bbox 2651 1991 2723 2060; x_wconf 80' lang='grc' dir='ltr'>μὴ</span> <span class='ocrx_word' id='word_1_477' title='bbox 2745 1989 2880 2056; x_wconf 73' lang='grc' dir='ltr'>πρὸς</span> <span class='ocrx_word' id='word_1_478' title='bbox 2931 1987 3031 2050; x_wconf 82' lang='grc' dir='ltr'>τὰς</span> <span class='ocrx_word' id='word_1_479' title='bbox 3051 1986 3151 2054; x_wconf 79' lang='grc' dir='ltr'><strong>τῆς</strong></span> <span class='ocrx_word' id='word_1_480' title='bbox 3196 1981 3468 2052; x_wconf 51' lang='grc' dir='ltr'>Ἀρρικῆς</span> <span class='ocrx_word' id='word_1_481' title='bbox 3483 1979 3780 2040; x_wconf 84' lang='grc' dir='ltr'>συνόδους-</span> 
     </span>
    </p>
   </div>
   <div class='ocr_carea' id='block_1_76' title="bbox 2262 2066 3785 2152">
    <p class='ocr_par' dir='ltr' id='par_1_76' title="bbox 2262 2066 3785 2152">
     <span class='ocr_line' id='line_1_76' title="bbox 2262 2066 3785 2152; baseline -0.013 -13"><span class='ocrx_word' id='word_1_482' title='bbox 2262 2105 2280 2138; x_wconf 77' lang='grc' dir='ltr'><strong>ι</strong></span> <span class='ocrx_word' id='word_1_483' title='bbox 2338 2082 2570 2152; x_wconf 80' lang='grc' dir='ltr'>Ὁμοίως</span> <span class='ocrx_word' id='word_1_484' title='bbox 2604 2081 2824 2150; x_wconf 73' lang='grc' dir='ltr'>ἤρεσεν,</span> <span class='ocrx_word' id='word_1_485' title='bbox 2849 2078 2936 2130; x_wconf 82' lang='grc' dir='ltr'><strong>ἵνα</strong></span> <span class='ocrx_word' id='word_1_486' title='bbox 2965 2073 3354 2144; x_wconf 74' lang='grc' dir='ltr'>πρεσϐύτεροι,</span> <span class='ocrx_word' id='word_1_487' title='bbox 3377 2070 3641 2127; x_wconf 79' lang='grc' dir='ltr'>διάκονοι,</span> <span class='ocrx_word' id='word_1_488' title='bbox 3671 2066 3785 2120; x_wconf 75' lang='grc' dir='ltr'>καὶ</span> 
     </span>
    </p>
   </div>
   <div class='ocr_carea' id='block_1_77' title="bbox 2261 2157 3786 2240">
    <p class='ocr_par' dir='ltr' id='par_1_77' title="bbox 2261 2157 3786 2240">
     <span class='ocr_line' id='line_1_77' title="bbox 2261 2157 3786 2240; baseline -0.012 -11"><span class='ocrx_word' id='word_1_489' title='bbox 2261 2195 2280 2228; x_wconf 87' lang='grc'>‹</span> <span class='ocrx_word' id='word_1_490' title='bbox 2322 2178 2370 2228; x_wconf 81' lang='grc' dir='ltr'><strong>οἰ</strong></span> <span class='ocrx_word' id='word_1_491' title='bbox 2395 2174 2580 2227; x_wconf 79' lang='grc' dir='ltr'>λοιποὶ</span> <span class='ocrx_word' id='word_1_492' title='bbox 2613 2171 2922 2240; x_wconf 84' lang='grc' dir='ltr'>κατώτεροι</span> <span class='ocrx_word' id='word_1_493' title='bbox 2982 2165 3264 2238; x_wconf 78' lang='grc' dir='ltr'>κληρικοὶ.</span> <span class='ocrx_word' id='word_1_494' title='bbox 3325 2164 3384 2217; x_wconf 76' lang='grc' dir='ltr'><strong>ἐν</strong></span> <span class='ocrx_word' id='word_1_495' title='bbox 3427 2157 3515 2224; x_wconf 77' lang='grc' dir='ltr'>αἷς</span> <span class='ocrx_word' id='word_1_496' title='bbox 3567 2161 3786 2227; x_wconf 75' lang='grc' dir='ltr'>ἔχωσιν</span> 
     </span>
    </p>
   </div>
   <div class='ocr_carea' id='block_1_78' title="bbox 2263 2253 3783 2332">
    <p class='ocr_par' dir='ltr' id='par_1_78' title="bbox 2263 2253 3783 2332">
     <span class='ocr_line' id='line_1_78' title="bbox 2263 2253 3783 2332; baseline -0.013 -12"><span class='ocrx_word' id='word_1_497' title='bbox 2263 2288 2280 2320; x_wconf 81' lang='grc' dir='ltr'><strong>ι</strong></span> <span class='ocrx_word' id='word_1_498' title='bbox 2328 2267 2557 2328; x_wconf 85' lang='grc' dir='ltr'>αἰτίαις,</span> <span class='ocrx_word' id='word_1_499' title='bbox 2590 2264 2685 2318; x_wconf 82' lang='grc' dir='ltr'>ἐὰν</span> <span class='ocrx_word' id='word_1_500' title='bbox 2710 2264 2842 2332; x_wconf 69' lang='grc' dir='ltr'>περὶ</span> <span class='ocrx_word' id='word_1_501' title='bbox 2880 2261 2980 2329; x_wconf 81' lang='grc' dir='ltr'>τῆς</span> <span class='ocrx_word' id='word_1_502' title='bbox 3009 2260 3194 2329; x_wconf 78' lang='grc' dir='ltr'>ψήφου</span> <span class='ocrx_word' id='word_1_503' title='bbox 3244 2258 3373 2320; x_wconf 80' lang='grc' dir='ltr'>τοὺς</span> <span class='ocrx_word' id='word_1_504' title='bbox 3410 2255 3578 2316; x_wconf 79' lang='grc' dir='ltr'>ἰδίους</span> <span class='ocrx_word' id='word_1_505' title='bbox 3609 2253 3783 2303; x_wconf 78' lang='grc' dir='ltr'>’ἐπι-</span> 
     </span>
    </p>
   </div>
   <div class='ocr_carea' id='block_1_79' title="bbox 2265 2343 3782 2421">
    <p class='ocr_par' dir='ltr' id='par_1_79' title="bbox 2265 2343 3782 2421">
     <span class='ocr_line' id='line_1_79' title="bbox 2265 2343 3782 2421; baseline -0.013 -10"><span class='ocrx_word' id='word_1_506' title='bbox 2265 2379 2282 2411; x_wconf 83' lang='grc' dir='ltr'><strong>ι</strong></span> <span class='ocrx_word' id='word_1_507' title='bbox 2325 2359 2566 2418; x_wconf 80' lang='grc' dir='ltr'>σκόπους</span> <span class='ocrx_word' id='word_1_508' title='bbox 2601 2355 2950 2421; x_wconf 76' lang='grc' dir='ltr'>μέμφωνται,</span> <span class='ocrx_word' id='word_1_509' title='bbox 2984 2353 3031 2403; x_wconf 82' lang='grc' dir='ltr'><strong>οἰ</strong></span> <span class='ocrx_word' id='word_1_510' title='bbox 3072 2349 3418 2417; x_wconf 83' lang='grc' dir='ltr'>γειτνιῶντες</span> <span class='ocrx_word' id='word_1_511' title='bbox 3469 2343 3782 2397; x_wconf 81' lang='grc' dir='ltr'>ἐπίσκοποι.</span> 
     </span>
    </p>
   </div>
   <div class='ocr_carea' id='block_1_80' title="bbox 2263 2434 3785 2514">
    <p class='ocr_par' dir='ltr' id='par_1_80' title="bbox 2263 2434 3785 2514">
     <span class='ocr_line' id='line_1_80' title="bbox 2263 2434 3785 2514; baseline -0.014 -9"><span class='ocrx_word' id='word_1_512' title='bbox 2263 2471 2282 2504; x_wconf 80' lang='grc' dir='ltr'><strong>ι</strong></span> <span class='ocrx_word' id='word_1_513' title='bbox 2320 2449 2528 2505; x_wconf 86' lang='grc' dir='ltr'>τούτων</span> <span class='ocrx_word' id='word_1_514' title='bbox 2583 2445 2990 2514; x_wconf 69' lang='grc' dir='ltr'>ἀκροάσωνται,</span> <span class='ocrx_word' id='word_1_515' title='bbox 3046 2443 3141 2494; x_wconf 77' lang='grc' dir='ltr'>καὶ</span> <span class='ocrx_word' id='word_1_516' title='bbox 3187 2440 3254 2491; x_wconf 81' lang='grc' dir='ltr'>τὰ</span> <span class='ocrx_word' id='word_1_517' title='bbox 3309 2437 3514 2509; x_wconf 78' lang='grc' dir='ltr'>μεταξὺ</span> <span class='ocrx_word' id='word_1_518' title='bbox 3557 2434 3785 2487; x_wconf 81' lang='grc' dir='ltr'>τούτων</span> 
     </span>
    </p>
   </div>
   <div class='ocr_carea' id='block_1_81' title="bbox 2261 2526 3786 2608">
    <p class='ocr_par' dir='ltr' id='par_1_81' title="bbox 2261 2526 3786 2608">
     <span class='ocr_line' id='line_1_81' title="bbox 2261 2526 3786 2608; baseline -0.016 -12"><span class='ocrx_word' id='word_1_519' title='bbox 2261 2563 2279 2595; x_wconf 80' lang='grc' dir='ltr'><strong>ι</strong></span> <span class='ocrx_word' id='word_1_520' title='bbox 2317 2539 2711 2608; x_wconf 78' lang='grc' dir='ltr'>περατώσωσιν</span> <span class='ocrx_word' id='word_1_521' title='bbox 2761 2537 2809 2588; x_wconf 77' lang='lat' dir='ltr'><strong>oi</strong></span> <span class='ocrx_word' id='word_1_522' title='bbox 2870 2534 3000 2603; x_wconf 85' lang='grc' dir='ltr'>παρ’</span> <span class='ocrx_word' id='word_1_523' title='bbox 3071 2530 3249 2584; x_wconf 83' lang='grc' dir='ltr'>αὐτῶν</span> <span class='ocrx_word' id='word_1_524' title='bbox 3315 2528 3460 2582; x_wconf 83' lang='grc' dir='ltr'>κατὰ</span> <span class='ocrx_word' id='word_1_525' title='bbox 3513 2526 3786 2579; x_wconf 80' lang='grc' dir='ltr'>συναίνε-</span> 
     </span>
    </p>
   </div>
   <div class='ocr_carea' id='block_1_82' title="bbox 2261 2618 3787 2689">
    <p class='ocr_par' dir='ltr' id='par_1_82' title="bbox 2261 2618 3787 2689">
     <span class='ocr_line' id='line_1_82' title="bbox 2261 2618 3787 2689; baseline -0.014 0"><span class='ocrx_word' id='word_1_526' title='bbox 2261 2656 2279 2689; x_wconf 85' lang='grc' dir='ltr'><strong>ι</strong></span> <span class='ocrx_word' id='word_1_527' title='bbox 2321 2654 2404 2689; x_wconf 89' lang='grc' dir='ltr'><strong>σιν</strong></span> <span class='ocrx_word' id='word_1_528' title='bbox 2453 2634 2562 2687; x_wconf 88' lang='grc' dir='ltr'><strong>τῶν</strong></span> <span class='ocrx_word' id='word_1_529' title='bbox 2619 2631 2764 2685; x_wconf 85' lang='grc' dir='ltr'>ἰδίων</span> <span class='ocrx_word' id='word_1_530' title='bbox 2817 2628 3003 2682; x_wconf 79' lang='grc' dir='ltr'>αὐτῶν</span> <span class='ocrx_word' id='word_1_531' title='bbox 3041 2626 3365 2679; x_wconf 79' lang='grc' dir='ltr'>ἐπισκόπων</span> <span class='ocrx_word' id='word_1_532' title='bbox 3405 2618 3787 2689; x_wconf 76' lang='grc' dir='ltr'>προσλαμϐα-</span> 
     </span>
    </p>
   </div>
   <div class='ocr_carea' id='block_1_83' title="bbox 2260 2713 3784 2797">
    <p class='ocr_par' dir='ltr' id='par_1_83' title="bbox 2260 2713 3784 2797">
     <span class='ocr_line' id='line_1_83' title="bbox 2260 2713 3784 2797; baseline -0.012 -17"><span class='ocrx_word' id='word_1_533' title='bbox 2260 2747 2280 2780; x_wconf 77' lang='grc' dir='ltr'><strong>ι</strong></span> <span class='ocrx_word' id='word_1_534' title='bbox 2319 2731 2537 2797; x_wconf 89' lang='grc' dir='ltr'>νόμενοι</span> <span class='ocrx_word' id='word_1_535' title='bbox 2562 2743 2576 2757; x_wconf 83' lang='lat'><strong><em>°</em></strong></span> <span class='ocrx_word' id='word_1_536' title='bbox 2610 2727 2706 2778; x_wconf 82' lang='grc' dir='ltr'><strong>ἐὰν</strong></span> <span class='ocrx_word' id='word_1_537' title='bbox 2733 2725 2790 2777; x_wconf 73' lang='grc' dir='ltr'>δὲ</span> <span class='ocrx_word' id='word_1_538' title='bbox 2843 2722 2939 2776; x_wconf 77' lang='grc' dir='ltr'>καὶ</span> <span class='ocrx_word' id='word_1_539' title='bbox 2990 2721 3086 2773; x_wconf 78' lang='grc' dir='ltr'><strong>ἀπ’</strong></span> <span class='ocrx_word' id='word_1_540' title='bbox 3117 2717 3296 2770; x_wconf 82' lang='grc' dir='ltr'>αὐτῶν</span> <span class='ocrx_word' id='word_1_541' title='bbox 3358 2713 3784 2768; x_wconf 74' lang='grc' dir='ltr'><strong>ἐκκαλέσασθαι</strong></span> 
     </span>
    </p>
   </div>
   <div class='ocr_carea' id='block_1_84' title="bbox 2260 2803 3786 2888">
    <p class='ocr_par' dir='ltr' id='par_1_84' title="bbox 2260 2803 3786 2888">
     <span class='ocr_line' id='line_1_84' title="bbox 2260 2803 3786 2888; baseline -0.011 -16"><span class='ocrx_word' id='word_1_542' title='bbox 2260 2839 2278 2872; x_wconf 77' lang='grc' dir='ltr'><strong>ι</strong></span> <span class='ocrx_word' id='word_1_543' title='bbox 2319 2819 2644 2888; x_wconf 84' lang='grc' dir='ltr'>θελήσωσιν,</span> <span class='ocrx_word' id='word_1_544' title='bbox 2684 2818 2757 2885; x_wconf 80' lang='grc' dir='ltr'><strong>μὴ</strong></span> <span class='ocrx_word' id='word_1_545' title='bbox 2806 2813 3238 2870; x_wconf 73' lang='grc' dir='ltr'>ἐκκαλέσωνται,</span> <span class='ocrx_word' id='word_1_546' title='bbox 3291 2809 3339 2861; x_wconf 85' lang='grc' dir='ltr'><strong>εἰ</strong></span> <span class='ocrx_word' id='word_1_547' title='bbox 3373 2807 3448 2876; x_wconf 79' lang='grc' dir='ltr'>μὴ</span> <span class='ocrx_word' id='word_1_548' title='bbox 3496 2807 3636 2875; x_wconf 78' lang='grc' dir='ltr'>πρδς</span> <span class='ocrx_word' id='word_1_549' title='bbox 3667 2803 3786 2867; x_wconf 78' lang='grc' dir='ltr'>τὰς·</span> 
     </span>
    </p>
   </div>
   <div class='ocr_carea' id='block_1_85' title="bbox 2262 2895 3785 2981">
    <p class='ocr_par' dir='ltr' id='par_1_85' title="bbox 2262 2895 3785 2981">
     <span class='ocr_line' id='line_1_85' title="bbox 2262 2895 3785 2981; baseline -0.013 -17"><span class='ocrx_word' id='word_1_550' title='bbox 2262 2933 2280 2964; x_wconf 82' lang='grc' dir='ltr'><strong>ι</strong></span> <span class='ocrx_word' id='word_1_551' title='bbox 2321 2914 2419 2981; x_wconf 80' lang='grc' dir='ltr'>τῆς</span> <span class='ocrx_word' id='word_1_552' title='bbox 2455 2911 2721 2981; x_wconf 72' lang='grc' dir='ltr'>Ἀφρικῆς</span> <span class='ocrx_word' id='word_1_553' title='bbox 2740 2908 3008 2968; x_wconf 80' lang='grc' dir='ltr'>συνόδους,</span> <span class='ocrx_word' id='word_1_554' title='bbox 3031 2906 3063 2975; x_wconf 87' lang='grc' dir='ltr'>ἢ</span> <span class='ocrx_word' id='word_1_555' title='bbox 3084 2903 3218 2972; x_wconf 80' lang='grc' dir='ltr'>πρὸς</span> <span class='ocrx_word' id='word_1_556' title='bbox 3235 2900 3358 2962; x_wconf 80' lang='grc' dir='ltr'>τοὺς</span> <span class='ocrx_word' id='word_1_557' title='bbox 3385 2895 3785 2966; x_wconf 81' lang='grc' dir='ltr'>πρωτεύοντας</span> 
     </span>
    </p>
   </div>
   <div class='ocr_carea' id='block_1_86' title="bbox 2257 2985 3788 3061">
    <p class='ocr_par' dir='ltr' id='par_1_86' title="bbox 2257 2985 3788 3061">
     <span class='ocr_line' id='line_1_86' title="bbox 2257 2985 3788 3061; baseline -0.012 -8"><span class='ocrx_word' id='word_1_558' title='bbox 2257 3020 2275 3052; x_wconf 79' lang='grc' dir='ltr'><strong>ι</strong></span> <span class='ocrx_word' id='word_1_559' title='bbox 2311 3001 2419 3053; x_wconf 87' lang='grc' dir='ltr'><strong>τῶν</strong></span> <span class='ocrx_word' id='word_1_560' title='bbox 2456 3000 2601 3052; x_wconf 87' lang='grc' dir='ltr'>ἰδίων</span> <span class='ocrx_word' id='word_1_561' title='bbox 2651 2996 2830 3050; x_wconf 81' lang='grc' dir='ltr'>αὐτῶν</span> <span class='ocrx_word' id='word_1_562' title='bbox 2864 2992 3164 3061; x_wconf 78' lang='grc' dir='ltr'>ἐπαρχιῶν.</span> <span class='ocrx_word' id='word_1_563' title='bbox 3222 2990 3364 3058; x_wconf 77' lang='grc' dir='ltr'>Πρὸς</span> <span class='ocrx_word' id='word_1_564' title='bbox 3394 2989 3451 3039; x_wconf 81' lang='grc' dir='ltr'>δὲ</span> <span class='ocrx_word' id='word_1_565' title='bbox 3495 2987 3564 3038; x_wconf 83' lang='grc' dir='ltr'>τὰ</span> <span class='ocrx_word' id='word_1_566' title='bbox 3595 2985 3788 3052; x_wconf 84' lang='grc' dir='ltr'>πέραν</span> 
     </span>
    </p>
   </div>
   <div class='ocr_carea' id='block_1_87' title="bbox 2265 3074 3787 3156">
    <p class='ocr_par' dir='ltr' id='par_1_87' title="bbox 2265 3074 3787 3156">
     <span class='ocr_line' id='line_1_87' title="bbox 2265 3074 3787 3156; baseline -0.011 -14"><span class='ocrx_word' id='word_1_567' title='bbox 2265 3111 2281 3142; x_wconf 80' lang='grc' dir='ltr'><strong>ι</strong></span> <span class='ocrx_word' id='word_1_568' title='bbox 2318 3091 2419 3156; x_wconf 79' lang='grc' dir='ltr'>τῆς</span> <span class='ocrx_word' id='word_1_569' title='bbox 2489 3088 2760 3153; x_wconf 75' lang='grc' dir='ltr'>θαλάσσης</span> <span class='ocrx_word' id='word_1_570' title='bbox 2807 3083 3181 3151; x_wconf 80' lang='grc' dir='ltr'>ό·βουλόμενος</span> <span class='ocrx_word' id='word_1_571' title='bbox 3246 3076 3625 3138; x_wconf 67' lang='grc' dir='ltr'>ἐκκαλεῖσθαι,</span> <span class='ocrx_word' id='word_1_572' title='bbox 3661 3074 3787 3128; x_wconf 73' lang='grc' dir='ltr'>ἀπὸ</span> 
     </span>
    </p>
   </div>
   <div class='ocr_carea' id='block_1_88' title="bbox 2263 3171 3630 3250">
    <p class='ocr_par' dir='ltr' id='par_1_88' title="bbox 2263 3171 3630 3250">
     <span class='ocr_line' id='line_1_88' title="bbox 2263 3171 3630 3250; baseline -0.01 -17"><span class='ocrx_word' id='word_1_573' title='bbox 2263 3181 2518 3250; x_wconf 76' lang='grc' dir='ltr'>«μηδενὸς</span> <span class='ocrx_word' id='word_1_574' title='bbox 2547 3180 2601 3230; x_wconf 77' lang='grc' dir='ltr'><strong>ἐν</strong></span> <span class='ocrx_word' id='word_1_575' title='bbox 2637 3178 2873 3244; x_wconf 75' lang='grc' dir='ltr'>Ἀφρικῇ</span> <span class='ocrx_word' id='word_1_576' title='bbox 2912 3171 3124 3241; x_wconf 78' lang='grc' dir='ltr'>δεχθείη</span> <span class='ocrx_word' id='word_1_577' title='bbox 3152 3172 3230 3231; x_wconf 89' lang='grc' dir='ltr'><strong>εἰς</strong></span> <span class='ocrx_word' id='word_1_578' title='bbox 3266 3172 3581 3223; x_wconf 86' lang='grc' dir='ltr'>κοινωνίαν.</span> <span class='ocrx_word' id='word_1_579' title='bbox 3612 3187 3630 3219; x_wconf 76' lang='grc' dir='ltr'><strong>ι</strong></span> 
     </span>
    </p>
   </div>
   <div class='ocr_carea' id='block_1_89' title="bbox 2265 3255 3784 3331">
    <p class='ocr_par' dir='ltr' id='par_1_89' title="bbox 2265 3255 3784 3331">
     <span class='ocr_line' id='line_1_89' title="bbox 2265 3255 3784 3331; baseline -0.011 -7"><span class='ocrx_word' id='word_1_580' title='bbox 2265 3271 2459 3323; x_wconf 80' lang='grc' dir='ltr'><strong>ΒΑΛΣ.</strong></span> <span class='ocrx_word' id='word_1_581' title='bbox 2493 3268 2659 3320; x_wconf 68' lang='grc' dir='ltr'>Φασίν</span> <span class='ocrx_word' id='word_1_582' title='bbox 2689 3267 2737 3318; x_wconf 89' lang='grc' dir='ltr'><strong>οί</strong></span> <span class='ocrx_word' id='word_1_583' title='bbox 2767 3264 3011 3331; x_wconf 82' lang='grc' dir='ltr'>Πατέρες</span> <span class='ocrx_word' id='word_1_584' title='bbox 3036 3262 3138 3320; x_wconf 85' lang='grc' dir='ltr'>ὅτι.</span> <span class='ocrx_word' id='word_1_585' title='bbox 3180 3260 3276 3311; x_wconf 80' lang='grc' dir='ltr'>ἐὰν</span> <span class='ocrx_word' id='word_1_586' title='bbox 3306 3259 3578 3327; x_wconf 81' lang='grc' dir='ltr'>οίοσδήτις</span> <span class='ocrx_word' id='word_1_587' title='bbox 3634 3255 3784 3326; x_wconf 83' lang='grc' dir='ltr'>κλη-</span> 
     </span>
    </p>
   </div>
   <div class='ocr_carea' id='block_1_90' title="bbox 2189 3351 3780 3433">
    <p class='ocr_par' dir='ltr' id='par_1_90' title="bbox 2189 3351 3780 3433">
     <span class='ocr_line' id='line_1_90' title="bbox 2189 3351 3780 3433; baseline -0.01 -17"><span class='ocrx_word' id='word_1_588' title='bbox 2189 3365 2343 3433; x_wconf 77' lang='grc' dir='ltr'>ρικὸς</span> <span class='ocrx_word' id='word_1_589' title='bbox 2389 3359 2759 3427; x_wconf 77' lang='grc' dir='ltr'>καταδικασθῇ</span> <span class='ocrx_word' id='word_1_590' title='bbox 2817 3355 2971 3425; x_wconf 83' lang='grc' dir='ltr'>παρὰ</span> <span class='ocrx_word' id='word_1_591' title='bbox 3024 3353 3116 3407; x_wconf 86' lang='grc' dir='ltr'>τοῦ</span> <span class='ocrx_word' id='word_1_592' title='bbox 3174 3353 3382 3405; x_wconf 78' lang='grc' dir='ltr'>οἰκείου</span> <span class='ocrx_word' id='word_1_593' title='bbox 3439 3351 3780 3416; x_wconf 73' lang='grc' dir='ltr'>ἐπισκόπου,</span> 
     </span>
    </p>
   </div>
   <div class='ocr_carea' id='block_1_91' title="bbox 2186 3437 3786 3521">
    <p class='ocr_par' dir='ltr' id='par_1_91' title="bbox 2186 3437 3786 3521">
     <span class='ocr_line' id='line_1_91' title="bbox 2186 3437 3786 3521; baseline -0.013 -14"><span class='ocrx_word' id='word_1_594' title='bbox 2186 3455 2282 3507; x_wconf 76' lang='grc' dir='ltr'>καὶ</span> <span class='ocrx_word' id='word_1_595' title='bbox 2332 3450 2653 3521; x_wconf 77' lang='grc' dir='ltr'>βαρύνηται,</span> <span class='ocrx_word' id='word_1_596' title='bbox 2704 3448 2804 3498; x_wconf 83' lang='grc' dir='ltr'><strong>οὐκ</strong></span> <span class='ocrx_word' id='word_1_597' title='bbox 2848 3444 3056 3511; x_wconf 76' lang='grc' dir='ltr'>ὀφείλει</span> <span class='ocrx_word' id='word_1_598' title='bbox 3115 3443 3252 3511; x_wconf 83' lang='grc' dir='ltr'>πρὸς</span> <span class='ocrx_word' id='word_1_599' title='bbox 3305 3439 3525 3492; x_wconf 78' lang='grc' dir='ltr'>σύνοδον</span> <span class='ocrx_word' id='word_1_600' title='bbox 3575 3437 3786 3505; x_wconf 79' lang='grc' dir='ltr'>ἐτέρας</span> 
     </span>
    </p>
   </div>
   <div class='ocr_carea' id='block_1_92' title="bbox 2190 3527 3787 3610">
    <p class='ocr_par' dir='ltr' id='par_1_92' title="bbox 2190 3527 3787 3610">
     <span class='ocr_line' id='line_1_92' title="bbox 2190 3527 3787 3610; baseline -0.011 -15"><span class='ocrx_word' id='word_1_601' title='bbox 2190 3541 2462 3610; x_wconf 87' lang='grc' dir='ltr'>ἐπαρχίας</span> <span class='ocrx_word' id='word_1_602' title='bbox 2493 3538 2828 3608; x_wconf 73' lang='grc' dir='ltr'>πορρωτέρω</span> <span class='ocrx_word' id='word_1_603' title='bbox 2858 3536 3024 3587; x_wconf 74' lang='grc' dir='ltr'>οὖσαν</span> <span class='ocrx_word' id='word_1_604' title='bbox 3055 3531 3444 3585; x_wconf 80' lang='grc' dir='ltr'>ἐκκαλεῖσθαι·</span> <span class='ocrx_word' id='word_1_605' title='bbox 3474 3527 3611 3580; x_wconf 81' lang='grc' dir='ltr'>ἀλλὰ</span> <span class='ocrx_word' id='word_1_606' title='bbox 3642 3530 3787 3579; x_wconf 84' lang='grc' dir='ltr'>ἀνα-</span> 
     </span>
    </p>
   </div>
   <div class='ocr_carea' id='block_1_93' title="bbox 2191 3618 3786 3699">
    <p class='ocr_par' dir='ltr' id='par_1_93' title="bbox 2191 3618 3786 3699">
     <span class='ocr_line' id='line_1_93' title="bbox 2191 3618 3786 3699; baseline -0.013 -12"><span class='ocrx_word' id='word_1_607' title='bbox 2191 3634 2474 3687; x_wconf 83' lang='grc' dir='ltr'>καλεῖσθαι</span> <span class='ocrx_word' id='word_1_608' title='bbox 2507 3630 2604 3699; x_wconf 83' lang='grc' dir='ltr'>τὴν</span> <span class='ocrx_word' id='word_1_609' title='bbox 2627 3628 2734 3679; x_wconf 83' lang='grc' dir='ltr'><strong>τῶν</strong></span> <span class='ocrx_word' id='word_1_610' title='bbox 2757 3625 3118 3693; x_wconf 73' lang='grc' dir='ltr'>γειτνιώντων</span> <span class='ocrx_word' id='word_1_611' title='bbox 3147 3621 3458 3674; x_wconf 80' lang='grc' dir='ltr'>ἐπισκόπων</span> <span class='ocrx_word' id='word_1_612' title='bbox 3476 3618 3786 3686; x_wconf 77' lang='grc' dir='ltr'>ἀκρόασιν,</span> 
     </span>
    </p>
   </div>
   <div class='ocr_carea' id='block_1_94' title="bbox 2190 3707 3785 3792">
    <p class='ocr_par' dir='ltr' id='par_1_94' title="bbox 2190 3707 3785 3792">
     <span class='ocr_line' id='line_1_94' title="bbox 2190 3707 3785 3792; baseline -0.008 -16"><span class='ocrx_word' id='word_1_613' title='bbox 2190 3725 2282 3776; x_wconf 61' lang='grc' dir='ltr'><strong>καὶ</strong></span> <span class='ocrx_word' id='word_1_614' title='bbox 2329 3725 2466 3792; x_wconf 79' lang='grc' dir='ltr'>μετά</span> <span class='ocrx_word' id='word_1_615' title='bbox 2514 3707 2874 3778; x_wconf 83' lang='grc' dir='ltr'>συναινέσεως</span> <span class='ocrx_word' id='word_1_616' title='bbox 2925 3714 3019 3768; x_wconf 81' lang='grc' dir='ltr'>τοῦ</span> <span class='ocrx_word' id='word_1_617' title='bbox 3075 3713 3546 3771; x_wconf 81' lang='grc' dir='ltr'>καταδικάσαντος</span> <span class='ocrx_word' id='word_1_618' title='bbox 3606 3710 3785 3763; x_wconf 70' lang='grc' dir='ltr'>αὐτὸν</span> 
     </span>
    </p>
   </div>
   <div class='ocr_carea' id='block_1_95' title="bbox 2191 3802 3784 3875">
    <p class='ocr_par' dir='ltr' id='par_1_95' title="bbox 2191 3802 3784 3875">
     <span class='ocr_line' id='line_1_95' title="bbox 2191 3802 3784 3875; baseline -0.009 -7"><span class='ocrx_word' id='word_1_619' title='bbox 2191 3818 2396 3868; x_wconf 81' lang='grc' dir='ltr'>οἰκείου</span> <span class='ocrx_word' id='word_1_620' title='bbox 2425 3814 2748 3866; x_wconf 82' lang='grc' dir='ltr'>ἐπισκόπου.</span> <span class='ocrx_word' id='word_1_621' title='bbox 2797 3810 2923 3861; x_wconf 80' lang='grc' dir='ltr'>Ἐὰν</span> <span class='ocrx_word' id='word_1_622' title='bbox 2953 3809 3008 3861; x_wconf 80' lang='grc' dir='ltr'>δὲ</span> <span class='ocrx_word' id='word_1_623' title='bbox 3026 3809 3121 3860; x_wconf 70' lang='grc' dir='ltr'>καὶ</span> <span class='ocrx_word' id='word_1_624' title='bbox 3154 3808 3248 3858; x_wconf 84' lang='grc' dir='ltr'>ἐπὶ</span> <span class='ocrx_word' id='word_1_625' title='bbox 3271 3806 3340 3875; x_wconf 79' lang='grc' dir='ltr'>τῇ</span> <span class='ocrx_word' id='word_1_626' title='bbox 3370 3803 3480 3856; x_wconf 86' lang='grc' dir='ltr'><strong>τῶν</strong></span> <span class='ocrx_word' id='word_1_627' title='bbox 3507 3802 3784 3855; x_wconf 77' lang='grc' dir='ltr'>τοιούτων</span> 
     </span>
    </p>
   </div>
   <div class='ocr_carea' id='block_1_96' title="bbox 2195 3895 3790 3972">
    <p class='ocr_par' dir='ltr' id='par_1_96' title="bbox 2195 3895 3790 3972">
     <span class='ocr_line' id='line_1_96' title="bbox 2195 3895 3790 3972; baseline -0.006 -14"><span class='ocrx_word' id='word_1_628' title='bbox 2195 3903 2566 3972; x_wconf 79' lang='grc' dir='ltr'>ἐκκλητορίων</span> <span class='ocrx_word' id='word_1_629' title='bbox 2623 3903 2900 3968; x_wconf 78' lang='grc' dir='ltr'>ἀποφάσει</span> <span class='ocrx_word' id='word_1_630' title='bbox 2961 3898 3369 3967; x_wconf 83' lang='grc' dir='ltr'>ἁπαρέσκηται,</span> <span class='ocrx_word' id='word_1_631' title='bbox 3429 3898 3530 3949; x_wconf 78' lang='grc' dir='ltr'><strong>οὐκ</strong></span> <span class='ocrx_word' id='word_1_632' title='bbox 3565 3895 3790 3963; x_wconf 78' lang='grc' dir='ltr'>ὀφείλει</span> 
     </span>
    </p>
   </div>
   <div class='ocr_carea' id='block_1_97' title="bbox 2193 3987 3788 4064">
    <p class='ocr_par' dir='ltr' id='par_1_97' title="bbox 2193 3987 3788 4064">
     <span class='ocr_line' id='line_1_97' title="bbox 2193 3987 3788 4064; baseline -0.004 -18"><span class='ocrx_word' id='word_1_633' title='bbox 2193 3996 2330 4064; x_wconf 73' lang='grc' dir='ltr'>πρὸς</span> <span class='ocrx_word' id='word_1_634' title='bbox 2364 3996 2462 4055; x_wconf 72' lang='grc' dir='ltr'>τὰς</span> <span class='ocrx_word' id='word_1_635' title='bbox 2490 3993 2663 4063; x_wconf 75' lang='grc' dir='ltr'>πέραν</span> <span class='ocrx_word' id='word_1_636' title='bbox 2682 3991 2781 4059; x_wconf 83' lang='grc' dir='ltr'>τῆς</span> <span class='ocrx_word' id='word_1_637' title='bbox 2805 3991 3085 4060; x_wconf 80' lang='grc' dir='ltr'>θαλάσσης</span> <span class='ocrx_word' id='word_1_638' title='bbox 3104 3989 3360 4049; x_wconf 83' lang='grc' dir='ltr'>συνόδους</span> <span class='ocrx_word' id='word_1_639' title='bbox 3395 3987 3788 4053; x_wconf 79' lang='grc' dir='ltr'>ἐκκαλεῖσθαι,</span> 
     </span>
    </p>
   </div>
   <div class='ocr_carea' id='block_1_98' title="bbox 2190 4071 3791 4152">
    <p class='ocr_par' dir='ltr' id='par_1_98' title="bbox 2190 4071 3791 4152">
     <span class='ocr_line' id='line_1_98' title="bbox 2190 4071 3791 4152; baseline -0.004 -15"><span class='ocrx_word' id='word_1_640' title='bbox 2190 4087 2288 4147; x_wconf 74' lang='grc' dir='ltr'><strong>τὰς</strong></span> <span class='ocrx_word' id='word_1_641' title='bbox 2328 4088 2385 4138; x_wconf 83' lang='grc' dir='ltr'><strong>ἐν</strong></span> <span class='ocrx_word' id='word_1_642' title='bbox 2430 4083 2619 4152; x_wconf 83' lang='grc' dir='ltr'>Ῥώμῃ</span> <span class='ocrx_word' id='word_1_643' title='bbox 2667 4083 2889 4150; x_wconf 71' lang='grc' dir='ltr'>δηλαδὴ,</span> <span class='ocrx_word' id='word_1_644' title='bbox 2951 4081 3088 4133; x_wconf 80' lang='grc' dir='ltr'>ἀλλὰ</span> <span class='ocrx_word' id='word_1_645' title='bbox 3149 4071 3286 4149; x_wconf 74' lang='grc' dir='ltr'>πρὸς</span> <span class='ocrx_word' id='word_1_646' title='bbox 3331 4079 3435 4144; x_wconf 78' lang='grc' dir='ltr'>τὰς</span> <span class='ocrx_word' id='word_1_647' title='bbox 3488 4080 3791 4148; x_wconf 70' lang='grc' dir='ltr'>ἐγγυτέρω</span> 
     </span>
    </p>
   </div>
   <div class='ocr_carea' id='block_1_99' title="bbox 2191 4171 3786 4252">
    <p class='ocr_par' dir='ltr' id='par_1_99' title="bbox 2191 4171 3786 4252">
     <span class='ocr_line' id='line_1_99' title="bbox 2191 4171 3786 4252; baseline -0.006 -23"><span class='ocrx_word' id='word_1_648' title='bbox 2191 4178 2378 4252; x_wconf 65' lang='grc' dir='ltr'><strong>οὖσα·⁹</strong></span> <span class='ocrx_word' id='word_1_649' title='bbox 2421 4175 2647 4243; x_wconf 75' lang='grc' dir='ltr'>ἡγουνῆ</span> <span class='ocrx_word' id='word_1_650' title='bbox 2683 4174 2817 4244; x_wconf 77' lang='grc' dir='ltr'>πρὸς</span> <span class='ocrx_word' id='word_1_651' title='bbox 2849 4172 2946 4235; x_wconf 84' lang='grc' dir='ltr'>τὰς</span> <span class='ocrx_word' id='word_1_652' title='bbox 2975 4173 3073 4241; x_wconf 77' lang='grc' dir='ltr'>τῆς</span> <span class='ocrx_word' id='word_1_653' title='bbox 3121 4173 3386 4241; x_wconf 84' lang='grc' dir='ltr'>Ἀφρικῆς</span> <span class='ocrx_word' id='word_1_654' title='bbox 3434 4171 3710 4231; x_wconf 85' lang='grc' dir='ltr'>συνόδους,</span> <span class='ocrx_word' id='word_1_655' title='bbox 3745 4171 3786 4236; x_wconf 81' lang='grc' dir='ltr'>ἢ</span> 
     </span>
    </p>
   </div>
   <div class='ocr_carea' id='block_1_100' title="bbox 2195 4261 3787 4340">
    <p class='ocr_par' dir='ltr' id='par_1_100' title="bbox 2195 4261 3787 4340">
     <span class='ocr_line' id='line_1_100' title="bbox 2195 4261 3787 4340; baseline -0.004 -20"><span class='ocrx_word' id='word_1_656' title='bbox 2195 4271 2330 4340; x_wconf 74' lang='grc' dir='ltr'>πρὸς</span> <span class='ocrx_word' id='word_1_657' title='bbox 2364 4268 2488 4329; x_wconf 75' lang='grc' dir='ltr'>τοὺς</span> <span class='ocrx_word' id='word_1_658' title='bbox 2515 4264 2918 4335; x_wconf 75' lang='grc' dir='ltr'>μητροπολίτας</span> <span class='ocrx_word' id='word_1_659' title='bbox 2948 4263 3056 4314; x_wconf 86' lang='grc' dir='ltr'><strong>τῶν</strong></span> <span class='ocrx_word' id='word_1_660' title='bbox 3092 4263 3374 4330; x_wconf 80' lang='grc' dir='ltr'>ἐπαρχιῶν</span> <span class='ocrx_word' id='word_1_661' title='bbox 3402 4261 3513 4313; x_wconf 89' lang='grc' dir='ltr'><strong>τῶν</strong></span> <span class='ocrx_word' id='word_1_662' title='bbox 3537 4261 3787 4330; x_wconf 81' lang='grc' dir='ltr'>πρώτως</span> 
     </span>
    </p>
   </div>
   <div class='ocr_carea' id='block_1_101' title="bbox 2194 4352 3768 4428">
    <p class='ocr_par' dir='ltr' id='par_1_101' title="bbox 2194 4352 3768 4428">
     <span class='ocr_line' id='line_1_101' title="bbox 2194 4352 3768 4428; baseline -0.005 -18"><span class='ocrx_word' id='word_1_663' title='bbox 2194 4361 2493 4428; x_wconf 73' lang='grc' dir='ltr'>κρινάντων</span> <span class='ocrx_word' id='word_1_664' title='bbox 2513 4356 2847 4408; x_wconf 71' lang='grc' dir='ltr'>ἐπισκόπων.</span> <span class='ocrx_word' id='word_1_665' title='bbox 2876 4356 2935 4406; x_wconf 81' lang='grc' dir='ltr'>Εἰ</span> <span class='ocrx_word' id='word_1_666' title='bbox 2955 4354 3008 4406; x_wconf 77' lang='grc' dir='ltr'>δὲ</span> <span class='ocrx_word' id='word_1_667' title='bbox 3032 4353 3181 4422; x_wconf 73' lang='grc' dir='ltr'>παρὰ</span> <span class='ocrx_word' id='word_1_668' title='bbox 3208 4352 3379 4404; x_wconf 80' lang='grc' dir='ltr'>ταῦτά</span> <span class='ocrx_word' id='word_1_669' title='bbox 3405 4369 3488 4414; x_wconf 89' lang='grc' dir='ltr'><strong>τις</strong></span> <span class='ocrx_word' id='word_1_670' title='bbox 3510 4354 3768 4419; x_wconf 80' lang='grc' dir='ltr'>ποιήσει,</span> 
     </span>
    </p>
   </div>
   <div class='ocr_carea' id='block_1_102' title="bbox 2197 4443 3795 4520">
    <p class='ocr_par' dir='ltr' id='par_1_102' title="bbox 2197 4443 3795 4520">
     <span class='ocr_line' id='line_1_102' title="bbox 2197 4443 3795 4520; baseline -0.005 -16"><span class='ocrx_word' id='word_1_671' title='bbox 2197 4449 2491 4520; x_wconf 63' lang='grc' dir='ltr'>ἀφορισμῷ</span> <span class='ocrx_word' id='word_1_672' title='bbox 2511 4447 2906 4514; x_wconf 81' lang='grc' dir='ltr'>ἀκοινωνησίας</span> <span class='ocrx_word' id='word_1_673' title='bbox 2933 4445 3428 4513; x_wconf 79' lang='grc' dir='ltr'>κατακριθήσεται.</span> <span class='ocrx_word' id='word_1_674' title='bbox 3458 4443 3795 4512; x_wconf 55' lang='lat' dir='ltr'><strong>{apetamus</strong></span> 
     </span>
    </p>
   </div>
   <div class='ocr_carea' id='block_1_103' title="bbox 2195 4533 3783 4604">
    <p class='ocr_par' dir='ltr' id='par_1_103' title="bbox 2195 4533 3783 4604">
     <span class='ocr_line' id='line_1_103' title="bbox 2195 4533 3783 4604; baseline -0.005 -12"><span class='ocrx_word' id='word_1_675' title='bbox 2195 4539 2542 4602; x_wconf 50' lang='lat' dir='ltr'><strong>obiecerat?</strong></span> <span class='ocrx_word' id='word_1_676' title='bbox 2591 4540 2859 4604; x_wconf 82' lang='grc' dir='ltr'>παρόντος</span> <span class='ocrx_word' id='word_1_677' title='bbox 2914 4535 3137 4596; x_wconf 83' lang='grc' dir='ltr'>κανόνος</span> <span class='ocrx_word' id='word_1_678' title='bbox 3181 4535 3263 4586; x_wconf 86' lang='grc' dir='ltr'>ὅτι</span> <span class='ocrx_word' id='word_1_679' title='bbox 3322 4533 3635 4594; x_wconf 82' lang='grc' dir='ltr'>ἀκολούθως</span> <span class='ocrx_word' id='word_1_680' title='bbox 3694 4533 3783 4603; x_wconf 81' lang='grc' dir='ltr'><strong>τῷ</strong></span> 
     </span>
    </p>
   </div>
   <div class='ocr_carea' id='block_1_104' title="bbox 2196 4624 3791 4700">
    <p class='ocr_par' dir='ltr' id='par_1_104' title="bbox 2196 4624 3791 4700">
     <span class='ocr_line' id='line_1_104' title="bbox 2196 4624 3791 4700; baseline -0.004 -14"><span class='ocrx_word' id='word_1_681' title='bbox 2196 4633 2460 4700; x_wconf 74' lang='grc' dir='ltr'>πολιτικῷ</span> <span class='ocrx_word' id='word_1_682' title='bbox 2482 4633 2632 4698; x_wconf 82' lang='grc' dir='ltr'>νόμῳ</span> <span class='ocrx_word' id='word_1_683' title='bbox 2668 4631 2759 4680; x_wconf 70' lang='grc' dir='ltr'><strong>καὶ</strong></span> <span class='ocrx_word' id='word_1_684' title='bbox 2785 4630 2833 4679; x_wconf 81' lang='grc' dir='ltr'><strong>οἱ</strong></span> <span class='ocrx_word' id='word_1_685' title='bbox 2863 4627 3104 4696; x_wconf 79' lang='grc' dir='ltr'>Πατέρες</span> <span class='ocrx_word' id='word_1_686' title='bbox 3133 4624 3484 4693; x_wconf 76' lang='grc' dir='ltr'>ἐξεχώρησαν</span> <span class='ocrx_word' id='word_1_687' title='bbox 3506 4624 3586 4686; x_wconf 63' lang='grc' dir='ltr'>δὲς</span> <span class='ocrx_word' id='word_1_688' title='bbox 3611 4628 3791 4679; x_wconf 77' lang='grc' dir='ltr'>ἐκκα·</span> 
     </span>
    </p>
   </div>
   <div class='ocr_carea' id='block_1_105' title="bbox 2192 4717 3783 4787">
    <p class='ocr_par' dir='ltr' id='par_1_105' title="bbox 2192 4717 3783 4787">
     <span class='ocr_line' id='line_1_105' title="bbox 2192 4717 3783 4787; baseline -0.005 -9"><span class='ocrx_word' id='word_1_689' title='bbox 2192 4725 2404 4778; x_wconf 77' lang='grc' dir='ltr'>λεῖσθαι</span> <span class='ocrx_word' id='word_1_690' title='bbox 2434 4723 2558 4782; x_wconf 72' lang='grc' dir='ltr'>τοὺς</span> <span class='ocrx_word' id='word_1_691' title='bbox 2586 4718 3139 4786; x_wconf 78' lang='grc' dir='ltr'>καταδικαζομένους.</span> <span class='ocrx_word' id='word_1_692' title='bbox 3192 4717 3313 4769; x_wconf 85' lang='grc' dir='ltr'>Ἔτι</span> <span class='ocrx_word' id='word_1_693' title='bbox 3349 4717 3658 4787; x_wconf 85' lang='grc' dir='ltr'>σημείωσαι</span> <span class='ocrx_word' id='word_1_694' title='bbox 3687 4718 3783 4770; x_wconf 76' lang='grc' dir='ltr'><strong>ὅτι</strong></span> 
     </span>
    </p>
   </div>
   <div class='ocr_carea' id='block_1_106' title="bbox 2196 4802 3789 4881">
    <p class='ocr_par' dir='ltr' id='par_1_106' title="bbox 2196 4802 3789 4881">
     <span class='ocr_line' id='line_1_106' title="bbox 2196 4802 3789 4881; baseline -0.006 -11"><span class='ocrx_word' id='word_1_695' title='bbox 2196 4817 2338 4870; x_wconf 81' lang='grc' dir='ltr'><strong>κατὰ</strong></span> <span class='ocrx_word' id='word_1_696' title='bbox 2368 4815 2456 4866; x_wconf 75' lang='grc' dir='ltr'><strong>τὸν</strong></span> <span class='ocrx_word' id='word_1_697' title='bbox 2490 4813 2682 4881; x_wconf 72' lang='grc' dir='ltr'>καιρὸν</span> <span class='ocrx_word' id='word_1_698' title='bbox 2710 4811 2806 4878; x_wconf 71' lang='grc' dir='ltr'>τῆς</span> <span class='ocrx_word' id='word_1_699' title='bbox 2826 4809 3110 4878; x_wconf 83' lang='grc' dir='ltr'>παρούσης</span> <span class='ocrx_word' id='word_1_700' title='bbox 3143 4810 3365 4861; x_wconf 85' lang='grc' dir='ltr'>συνόδου</span> <span class='ocrx_word' id='word_1_701' title='bbox 3403 4809 3504 4859; x_wconf 79' lang='grc' dir='ltr'><strong>οὐκ</strong></span> <span class='ocrx_word' id='word_1_702' title='bbox 3529 4802 3681 4877; x_wconf 80' lang='grc' dir='ltr'>εἶχον</span> <span class='ocrx_word' id='word_1_703' title='bbox 3727 4812 3789 4861; x_wconf 80' lang='grc' dir='ltr'>οἱ</span> 
     </span>
    </p>
   </div>
   <div class='ocr_carea' id='block_1_107' title="bbox 2195 4898 3784 4976">
    <p class='ocr_par' dir='ltr' id='par_1_107' title="bbox 2195 4898 3784 4976">
     <span class='ocr_line' id='line_1_107' title="bbox 2195 4898 3784 4976; baseline -0.004 -18"><span class='ocrx_word' id='word_1_704' title='bbox 2195 4905 2599 4976; x_wconf 78' lang='grc' dir='ltr'>’μητροπολῐται</span> <span class='ocrx_word' id='word_1_705' title='bbox 2645 4902 2869 4954; x_wconf 78' lang='grc' dir='ltr'>τοιαῦτα</span> <span class='ocrx_word' id='word_1_706' title='bbox 2901 4901 3085 4953; x_wconf 85' lang='grc' dir='ltr'>δίκαια</span> <span class='ocrx_word' id='word_1_707' title='bbox 3116 4899 3258 4952; x_wconf 80' lang='grc' dir='ltr'>κατὰ</span> <span class='ocrx_word' id='word_1_708' title='bbox 3310 4899 3419 4951; x_wconf 86' lang='grc' dir='ltr'><strong>τῶν</strong></span> <span class='ocrx_word' id='word_1_709' title='bbox 3445 4898 3784 4951; x_wconf 83' lang='grc' dir='ltr'>ἐπισκόπων</span> 
     </span>
    </p>
   </div>
   <div class='ocr_carea' id='block_1_108' title="bbox 2195 4988 3793 5060">
    <p class='ocr_par' dir='ltr' id='par_1_108' title="bbox 2195 4988 3793 5060">
     <span class='ocr_line' id='line_1_108' title="bbox 2195 4988 3793 5060; baseline -0.003 -10"><span class='ocrx_word' id='word_1_710' title='bbox 2195 4998 2374 5051; x_wconf 78' lang='grc' dir='ltr'>αὐτῶν</span> <span class='ocrx_word' id='word_1_711' title='bbox 2404 4997 2498 5048; x_wconf 72' lang='grc' dir='ltr'><strong>καὶ</strong></span> <span class='ocrx_word' id='word_1_712' title='bbox 2551 4995 2660 5046; x_wconf 81' lang='grc' dir='ltr'><strong>τῶν</strong></span> <span class='ocrx_word' id='word_1_713' title='bbox 2695 4995 2787 5045; x_wconf 75' lang='grc' dir='ltr'><strong>ὑπ’</strong></span> <span class='ocrx_word' id='word_1_714' title='bbox 2842 4995 3042 5055; x_wconf 77' lang='grc' dir='ltr'>αὐτοὺς</span> <span class='ocrx_word' id='word_1_715' title='bbox 3110 4991 3413 5060; x_wconf 81' lang='grc' dir='ltr'>κληρικῶν,</span> <span class='ocrx_word' id='word_1_716' title='bbox 3452 4988 3541 5042; x_wconf 76' lang='grc' dir='ltr'>οἷα</span> <span class='ocrx_word' id='word_1_717' title='bbox 3592 4991 3793 5058; x_wconf 77' lang='grc' dir='ltr'>ἔχουσι</span> 
     </span>
    </p>
   </div>
   <div class='ocr_carea' id='block_1_109' title="bbox 2201 5080 3790 5154">
    <p class='ocr_par' dir='ltr' id='par_1_109' title="bbox 2201 5080 3790 5154">
     <span class='ocr_line' id='line_1_109' title="bbox 2201 5080 3790 5154; baseline -0.003 -17"><span class='ocrx_word' id='word_1_718' title='bbox 2201 5089 2460 5154; x_wconf 82' lang='grc' dir='ltr'>σήμερον.</span> <span class='ocrx_word' id='word_1_719' title='bbox 2506 5083 2795 5135; x_wconf 80' lang='grc' dir='ltr'>Ἥδύναντο</span> <span class='ocrx_word' id='word_1_720' title='bbox 2844 5082 2953 5148; x_wconf 85' lang='grc' dir='ltr'><strong>γὰρ</strong></span> <span class='ocrx_word' id='word_1_721' title='bbox 2979 5083 3029 5134; x_wconf 83' lang='grc' dir='ltr'><strong>οἰ</strong></span> <span class='ocrx_word' id='word_1_722' title='bbox 3066 5081 3214 5150; x_wconf 77' lang='grc' dir='ltr'><strong>παρὰ</strong></span> <span class='ocrx_word' id='word_1_723' title='bbox 3247 5080 3563 5132; x_wconf 76' lang='grc' dir='ltr'>ἐπισκόπων</span> <span class='ocrx_word' id='word_1_724' title='bbox 3604 5097 3790 5133; x_wconf 87' lang='grc' dir='ltr'>κατα-</span> 
     </span>
    </p>
   </div>
   <div class='ocr_carea' id='block_1_110' title="bbox 2196 5171 3794 5244">
    <p class='ocr_par' dir='ltr' id='par_1_110' title="bbox 2196 5171 3794 5244">
     <span class='ocr_line' id='line_1_110' title="bbox 2196 5171 3794 5244; baseline -0.004 -15"><span class='ocrx_word' id='word_1_725' title='bbox 2196 5176 2542 5244; x_wconf 75' lang='grc' dir='ltr'>δικαζόμενοι</span> <span class='ocrx_word' id='word_1_726' title='bbox 2561 5174 2816 5243; x_wconf 79' lang='grc' dir='ltr'>κληρικοὶ</span> <span class='ocrx_word' id='word_1_727' title='bbox 2837 5172 2935 5241; x_wconf 84' lang='grc' dir='ltr'><strong>τὴν</strong></span> <span class='ocrx_word' id='word_1_728' title='bbox 2966 5171 3074 5224; x_wconf 91' lang='grc' dir='ltr'><strong>τῶν</strong></span> <span class='ocrx_word' id='word_1_729' title='bbox 3102 5171 3521 5238; x_wconf 79' lang='grc' dir='ltr'>γειτνιαζόντων</span> <span class='ocrx_word' id='word_1_730' title='bbox 3551 5171 3794 5225; x_wconf 73' lang='grc' dir='ltr'>ἐπισκό-</span> 
     </span>
    </p>
   </div>
   <div class='ocr_carea' id='block_1_111' title="bbox 2196 5263 3791 5334">
    <p class='ocr_par' dir='ltr' id='par_1_111' title="bbox 2196 5263 3791 5334">
     <span class='ocr_line' id='line_1_111' title="bbox 2196 5263 3791 5334; baseline -0.003 -13"><span class='ocrx_word' id='word_1_731' title='bbox 2196 5287 2315 5321; x_wconf 82' lang='grc' dir='ltr'><strong>πων</strong></span> <span class='ocrx_word' id='word_1_732' title='bbox 2356 5268 2750 5319; x_wconf 77' lang='grc' dir='ltr'>ἀνακαλεῖσθαι</span> <span class='ocrx_word' id='word_1_733' title='bbox 2783 5264 3050 5333; x_wconf 83' lang='grc' dir='ltr'>ἀκρόασιν</span> <span class='ocrx_word' id='word_1_734' title='bbox 3073 5280 3088 5296; x_wconf 89' lang='grc'><strong>·</strong></span> <span class='ocrx_word' id='word_1_735' title='bbox 3112 5266 3248 5333; x_wconf 85' lang='grc' dir='ltr'>ὅπερ</span> <span class='ocrx_word' id='word_1_736' title='bbox 3275 5263 3476 5333; x_wconf 81' lang='grc' dir='ltr'>ἀρτίως</span> <span class='ocrx_word' id='word_1_737' title='bbox 3503 5265 3563 5315; x_wconf 77' lang='grc' dir='ltr'><strong>οὐ</strong></span> <span class='ocrx_word' id='word_1_738' title='bbox 3594 5282 3791 5334; x_wconf 79' lang='grc' dir='ltr'>παρα.-</span> 
     </span>
    </p>
   </div>
   <div class='ocr_carea' id='block_1_112' title="bbox 2193 5354 3790 5424">
    <p class='ocr_par' dir='ltr' id='par_1_112' title="bbox 2193 5354 3790 5424">
     <span class='ocr_line' id='line_1_112' title="bbox 2193 5354 3790 5424; baseline 0.02 -46"><span class='ocrx_word' id='word_1_739' title='bbox 2193 5356 2517 5424; x_wconf 52' lang='grc' dir='ltr'><strong>δεχθῆσεται</strong></span> <span class='ocrx_word' id='word_1_740' title='bbox 2551 5355 2638 5406; x_wconf 74' lang='grc' dir='ltr'><strong>διὰ</strong></span> <span class='ocrx_word' id='word_1_741' title='bbox 2695 5355 2791 5422; x_wconf 77' lang='grc' dir='ltr'><strong>τὴν</strong></span> <span class='ocrx_word' id='word_1_742' title='bbox 2839 5354 3143 5423; x_wconf 78' lang='grc' dir='ltr'>γενομένην</span> <span class='ocrx_word' id='word_1_743' title='bbox 3191 5354 3511 5420; x_wconf 83' lang='grc' dir='ltr'>οἰκονομίαν</span> <span class='ocrx_word' id='word_1_744' title='bbox 3550 5355 3633 5417; x_wconf 86' lang='grc' dir='ltr'><strong>εἰς</strong></span> <span class='ocrx_word' id='word_1_745' title='bbox 3678 5357 3790 5422; x_wconf 81' lang='grc' dir='ltr'>τὰς</span> 
     </span>
    </p>
   </div>
   <div class='ocr_carea' id='block_1_113' title="bbox 2196 5445 3788 5516">
    <p class='ocr_par' dir='ltr' id='par_1_113' title="bbox 2196 5445 3788 5516">
     <span class='ocr_line' id='line_1_113' title="bbox 2196 5445 3788 5516; baseline 0 -16"><span class='ocrx_word' id='word_1_746' title='bbox 2196 5450 2306 5500; x_wconf 76' lang='grc' dir='ltr'><strong>τῶν</strong></span> <span class='ocrx_word' id='word_1_747' title='bbox 2329 5448 2617 5515; x_wconf 74' lang='grc' dir='ltr'>ἐπαρχιῶν</span> <span class='ocrx_word' id='word_1_748' title='bbox 2670 5446 3034 5516; x_wconf 76' lang='grc' dir='ltr'>μητροπόλεις</span> <span class='ocrx_word' id='word_1_749' title='bbox 3086 5445 3228 5496; x_wconf 85' lang='grc' dir='ltr'><strong>κατὰ</strong></span> <span class='ocrx_word' id='word_1_750' title='bbox 3279 5445 3377 5512; x_wconf 75' lang='grc' dir='ltr'>τὴν</span> <span class='ocrx_word' id='word_1_751' title='bbox 3429 5446 3469 5497; x_wconf 85' lang='grc' dir='ltr'>δ’</span> <span class='ocrx_word' id='word_1_752' title='bbox 3527 5446 3788 5501; x_wconf 66' lang='grc' dir='ltr'>σᾶνοδον.</span> 
     </span>
    </p>
   </div>
   <div class='ocr_carea' id='block_1_114' title="bbox 2199 5535 3790 5605">
    <p class='ocr_par' dir='ltr' id='par_1_114' title="bbox 2199 5535 3790 5605">
     <span class='ocr_line' id='line_1_114' title="bbox 2199 5535 3790 5605; baseline 0.001 -15"><span class='ocrx_word' id='word_1_753' title='bbox 2199 5537 2306 5590; x_wconf 83' lang='grc' dir='ltr'><strong>Τοῦ</strong></span> <span class='ocrx_word' id='word_1_754' title='bbox 2358 5537 2410 5587; x_wconf 79' lang='grc' dir='ltr'><strong>δὲ</strong></span> <span class='ocrx_word' id='word_1_755' title='bbox 2474 5538 2641 5605; x_wconf 78' lang='grc' dir='ltr'>νόμου</span> <span class='ocrx_word' id='word_1_756' title='bbox 2704 5537 2952 5603; x_wconf 73' lang='grc' dir='ltr'>λέγοντος</span> <span class='ocrx_word' id='word_1_757' title='bbox 3015 5535 3350 5605; x_wconf 80' lang='grc' dir='ltr'>βλάπτεσθαι</span> <span class='ocrx_word' id='word_1_758' title='bbox 3419 5538 3544 5596; x_wconf 62' lang='grc' dir='ltr'>τοὺς</span> <span class='ocrx_word' id='word_1_759' title='bbox 3609 5539 3790 5591; x_wconf 72' lang='grc' dir='ltr'>ἐκκκο</span> 
     </span>
    </p>
   </div>
   <div class='ocr_carea' id='block_1_115' title="bbox 2199 5627 3789 5699">
    <p class='ocr_par' dir='ltr' id='par_1_115' title="bbox 2199 5627 3789 5699">
     <span class='ocr_line' id='line_1_115' title="bbox 2199 5627 3789 5699; baseline 0.002 -20"><span class='ocrx_word' id='word_1_760' title='bbox 2199 5629 2535 5696; x_wconf 75' lang='grc' dir='ltr'>λεσαμένους</span> <span class='ocrx_word' id='word_1_761' title='bbox 2601 5630 2679 5689; x_wconf 83' lang='grc' dir='ltr'><strong>εἰς</strong></span> <span class='ocrx_word' id='word_1_762' title='bbox 2745 5629 3092 5696; x_wconf 69' lang='grc' dir='ltr'>ἁπρόσφορον</span> <span class='ocrx_word' id='word_1_763' title='bbox 3146 5627 3428 5694; x_wconf 75' lang='grc' dir='ltr'>δικαστὴν,</span> <span class='ocrx_word' id='word_1_764' title='bbox 3492 5629 3518 5680; x_wconf 86' lang='grc' dir='ltr'><strong>ό</strong></span> <span class='ocrx_word' id='word_1_765' title='bbox 3582 5628 3789 5699; x_wconf 76' lang='grc' dir='ltr'>παρὼν</span> 
     </span>
    </p>
   </div>
   <div class='ocr_carea' id='block_1_116' title="bbox 2203 5716 3665 5787">
    <p class='ocr_par' dir='ltr' id='par_1_116' title="bbox 2203 5716 3665 5787">
     <span class='ocr_line' id='line_1_116' title="bbox 2203 5716 3665 5787; baseline 0.001 -17"><span class='ocrx_word' id='word_1_766' title='bbox 2203 5717 2379 5770; x_wconf 73' lang='grc' dir='ltr'>κανὼν</span> <span class='ocrx_word' id='word_1_767' title='bbox 2419 5718 2513 5787; x_wconf 76' lang='grc' dir='ltr'><strong>τὴν</strong></span> <span class='ocrx_word' id='word_1_768' title='bbox 2546 5717 2751 5786; x_wconf 65' lang='grc' dir='ltr'>βλάϐην</span> <span class='ocrx_word' id='word_1_769' title='bbox 2790 5718 2868 5779; x_wconf 85' lang='grc' dir='ltr'><strong>εἰς</strong></span> <span class='ocrx_word' id='word_1_770' title='bbox 2917 5718 3312 5787; x_wconf 72' lang='grc' dir='ltr'>ἀκοινωνησίαν</span> <span class='ocrx_word' id='word_1_771' title='bbox 3347 5716 3665 5780; x_wconf 57' lang='grc' dir='ltr'>ἐξίνάϐετο.</span> 
     </span>
    </p>
   </div>
  </div>
