4012 6444
227 312 331 377 405

1220 321 1292 379 lN
1332 322 1496 382 CAN.
1544 322 1813 386 CXXVII
1839 327 2057 393 CONC.
2085 331 2461 396 CAR'I‘HAG.

3379 341 3488 408 406

290 427 541 483 ΖΩΝΛΡ.
575 430 714 492 Τοὺς
769 430 1066 499 κληρικοὶις
1117 432 1227 485 τῶν
1287 433 1596 505 ἐκκλησιῶν
1653 436 1806 501 δίκας

1988 442 2240 500 ZONAR.
2276 446 2349 503 Ut
2377 448 2585 514 clerici,
2620 451 2711 521 qui
2745 453 3148 513 ecclesiasticas
3176 458 3228 512 in
3266 474 3325 515 se
3352 461 3490 515 invi-

221 521 446 585 ξχοντας
481 520 619 590 πρὸς
673 521 937 590 ἀλλήλους
979 525 1132 593 παρὰ
1189 516 1299 588 τόἴς
1348 526 1695 594 ἐπισκόποις,
1725 522 1807 590 οἷς

222 610 573 672 ὑπόκεινται,
606 611 926 675 δικάζεσθαι
955 614 1203 685 διάφοροι
1230 617 1459 682 κανόνες
1506 618 1803 687 ὡρίσαντο.

230 700 293 752 '0
313 702 371 753 δὲ
400 700 595 771 παρὼν
622 704 806 756 κανὼν
832 704 961 775 περὶ
1008 707 1296 774 ἐκκλήτων
1329 710 1675 780 θεσμοθετεῖ,
1712 712 1807 766 καί

228 809 389 859 φησιν
416 793 522 854 ὅτι,
573 794 669 847 ἐάν
700 796 1131 865 ἁπαρέσκωνται
1162 802 1225 869 τῇ
1255 801 1421 871 ψήφῳ
1448 803 1559 854 τῶν
1586 805 1809 864 ἐπισχί-

230 898 341 935 πων
372 886 557 938 αὐτῶν
580 877 634 938 οἱ
658 888 788 955 παρ’
825 888 1014 950 αὐτοῖς
1050 889 1409 963 δικασάμενοι
1451 894 1727 965 κληρικοέ,
1755 897 1805 950 oi

226 974 603 1038 τειτσνοῦντες
656 978 952 1031 ἐπίσκοποι
1019 980 1233 1033 τούτων
1290 983 1669 1051 ἀκροάσονται,
1715 987 1807 1039 καὶ

223 1062 739 1134 διαγνωμονήσουσι
788 1070 1044 1139 περὶτῆς
1068 1070 1279 1141 ψήφου,
1310 1074 1359 1126 εί
1401 1073 1552 1127 ἐστιν
1605 1078 1807 1131 ἀνεπι-

224 1159 455 1228 σφαλής.
496 1161 755 1217 Ἔσονται
791 1163 848 1216 δὲ
885 1163 1262 1237 ἐκκλητάριοι,
1312 1166 1510 1231 οἵτινες
1554 1168 1622 1223 ἂν
1654 1169 1807 1240 παρὰ

220 1252 333 1304 τῶν
364 1251 748 1322 δικαζομένων
796 1253 1096 1321 ἐπιλεγῶσι
1151 1258 1292 1310 κατὰ
1355 1261 1665 1315 συναίνεσιν
1710 1260 1806 1314 τοῦ

221 1342 523 1397 ἐπισκόπου
549 1343 755 1399 αὐτῶν.
801 1344 932 1398 Ἐὰν
959 1345 1016 1399 δὲ
1064 1348 1156 1401 καὶ
1188 1351 1221 1417 ἠ
1263 1349 1377 1401 τῶν
1426 1352 1805 1422 ἐκκληταρίων

220 1435 540 1488 ἐπισκόπων
589 1436 873 1505 ἀπόφασις
945 1440 1259 1511 άπαρέσκῃ,
1342 1446 1496 1512 παρὰ
1567 1447 1684 1509 ταῖς
1748 1447 1806 1498 ἐν

231 1527 468 1597 ’Δφρικῇ
501 1529 747 1591 συνόδοις
788 1528 1278 1603 δοκιμασθήσεται,
1342 1536 1438 1587 καὶ
1493 1536 1647 1608 παρὰ
1694 1540 1804 1601 τοῖς

217 1619 566 1687 πρωτεύουσι
600 1620 712 1673 τῶν
755 1621 1058 1694 ἐπαρχιῶν⁶
1093 1625 1265 1694 ἧγουν
1302 1627 1419 1686 τοῖς
1444 1628 1804 1697 προκαθημέο

218 1730 327 1773 νοις
355 1712 469 1764 τῶν
489 1712 689 1772 ἄλλων.
750 1714 814 1767 Ei
837 1713 894 1766 δέ
920 1732 1027 1779 τις,
1090 1718 1248 1786 φησὶ,
1302 1717 1592 1789 βουληθείη
1627 1721 1804 1789 πέραν

1916 552 2033 591 cem
2060 541 2464 599 controversias
2518 542 2737 610 habent,
2771 544 2840 599 ab
2868 546 3025 617 ipsis,
3067 550 3263 619 quibus
3311 553 3490 624 subji-

1916 629 2133 683 ciuntur
2196 631 2470 700 episcopis
2512 631 2863 702 iudicentur,
2925 637 3160 707 plurium
3221 656 3489 700 canonum

1914 718 2140 775 decreto
2166 724 2522 779 constitutum
2573 735 2678 783 est.
2714 726 2827 783 Hoc
2865 743 2997 785 vero
3035 748 3242 790 canone
3269 736 3336 791 de
3364 752 3491 807 pros.

1915 815 2300 870 vocationibus
2332 818 2612 883 statuitur,
2654 828 2712 875 ut
2740 821 2787 875 si
2825 822 3078 877 nimirum
3110 827 3491 897 episcoporum

1913 918 2135 959 suorum
2157 907 2364 975 judicio
2394 907 2668 981 litigantes
2692 911 2881 967 clerici
2909 920 3055 969 stare
3082 916 3271 984 nolint,
3304 933 3333 972 a
3364 919 3490 975 viei-

1914 997 2001 1051 nis
2023 999 2292 1068 episcopis
2322 1002 2635 1070 audiantur,
2666 1019 2730 1060 ac
2753 1005 2932 1063 ab-eis
2957 1010 3238 1065 sententiae
3260 1011 3491 1081 aequitas

1917 1090 2287 1146 examinetur.
2315 1091 2539 1149 Iudices
2571 1109 2736 1163 porro
2764 1097 2854 1152 isti
2882 1100 3288 1168 provocationis
3328 1119 3356 1156 a
3387 1104 3490 1158 liti-

1916 1180 2189 1247 gantibus,
2228 1197 2334 1238 nou
2386 1184 2509 1240 sine
2551 1186 2793 1259 episcopi
2856 1200 3037 1246 tamen
3078 1194 3487 1261 approbatione.

1913 1271 2429 1341 deligentur.'Quod
2465 1277 2511 1333 si
2538 1277 2650 1347 ipsa
2696 1294 2916 1350 quoque
2943 1282 3322 1353 episcoporum
3360 1302 3490 1341 sem

1916 1364 2107 1427 tentia.
2134 1364 2200 1419 ad
2232 1381 2370 1435 quos
2395 1383 2779 1438 provocavere,
2819 1385 2925 1427 non
2942 1373 3289 1441 satisfecerit,
3311 1375 3377 1429 ad
3396 1391 3487 1447 sy-

1912 1456 2086 1511 nodos
2124 1459 2175 1512 in
2227 1460 2410 1515 Africa
2460 1461 2739 1519 habendas
2777 1479 2944 1520 causa
2987 1465 3281 1528 referetur,
3331 1475 3492 1537 atque

1912 1549 1981 1603 ad
2006 1550 2412 1618 provinciarum
2466 1554 2747 1621 primates,
2792 1558 2885 1626 qui
2936 1558 3143 1612 scilicet
3190 1558 3313 1613 aliis
3366 1573 3491 1613 cum

1914 1641 2242 1696 auctoritate
2274 1644 2519 1709 praefecti
2554 1657 2703 1702 sunt.
2740 1647 2797 1701 Si
2832 1649 2957 1718 quis
3003 1660 3185 1705 autem
3210 1649 3277 1705 ad
3310 1660 3491 1706 trans-

1911 1732 2119 1786 marina
2149 1732 2375 1803 judicia,
2402 1737 2504 1791 hoc
2533 1748 2639 1803 εει,
2672 1740 2740 1793 ad
2792 1740 2959 1795 Italia:
2983 1743 3290 1810 episcopos,
3318 1744 3400 1798 vel
3425 1744 3492 1799 ad

218 1804 315 1871 τῆς
348 1805 634 1874 θαλάσσης
662 1806 1099 1871 ἐκκαλέσασθαι,
1144 1811 1316 1879 ἤγουν
1358 1811 1499 1880 πρὸς
1541 1815 1671 1878 τοὺς
1702 1814 1802 1884 τῆς

1935 1824 2074 1879 talia:
2101 1826 2368 1896 synodum
2397 1843 2693 1896 provocare
2714 1831 2867 1894 velit,
2902 1846 2932 1885 a
2967 1831 3377 1901 communione,
3405 1825 3495 1890 in-

231 1894 471 1959 Ἰταλίας
501 1896 845 1959 ἐπισκόπους
877 1899 974 1952 καὶ
1002 1899 1105 1970 τὴν
1152 1901 1272 1953 ἐκεῖ
1303 1901 1547 1966 σύνοδον,
1577 1903 1806 1959 ἀκοινώ-

1927 1916 2054 1984 ιυίι,
2077 1894 2145 1973 in
2178 1918 2379 1975 Africae
2400 1894 2620 1991 synodo
2646 1923 2992 1979 excludatur.

220 2003 401 2054 νητος,
458 1988 645 2059 φησὶν,
692 1989 811 2061 ἤτω
856 1990 1012 2061 παρὰ
1047 1995 1115 2061 τῇ
1172 1994 1380 2064 συνόδῳ
1437 1994 1541 2062 τῆς
1611 1996 1802 2067 ’Δφριο

220 2098 344 2144 κης.

218 2178 443 2232 ΔΡΙΣΤ.
520 2196 540 2230 ι
579 2180 966 2255 Πρεσὸύτερος
1018 2184 1113 2237 καὶ
1168 2184 1445 2250 διάκονος,
1499 2186 1810 2257 ἐπιμεμφό-

293 2287 311 2319 ι
354 2287 509 2339 μενοι
551 2273 867 2345 ἐπισκόπῳ,
903 2275 1151 2342 γείτοσιν
1175 2275 1505 2341 ἐπισκόποις
1554 2278 1809 2345 ἐγκαλεί-

296 2381 314 2411 ι
348 2378 573 2415 τωσανο
623 2364 764 2417 ἀλλὰ
814 2366 890 2435 μὴ
949 2366 1011 2419 τὸ
1061 2365 1303 2435 πέλαγος
1361 2368 1803 2438 διαπεράτωσαν.

293 2470 312 2502 ι
365 2453 757 2521 ’Δκοινὼνητοι
795 2456 906 2523 γάρ
936 2457 1234 2511 εσονταιέν
1278 2459 1549 2529 Ἀφρικῇ.
1602 2477 1622 2510 ι

282 2542 460 2597 Τοῦτο
516 2545 616 2598 καὶ
683 2548 742 2599 ἐν
814 2550 893 2617 τῷ
945 2548 1179 2619 εἰκοστῷ
1246 2550 1421 2621 ὀγδόῳ
1476 2553 1661 2604 κανόνι
1707 2554 1806 2621 τῆς

220 2634 503 2704 παρούσης
532 2636 755 2690 συνόδου
792 2638 1029 2707 ὡρίσθη,
1072 2640 1135 2693 τὸ
1164 2643 1240 2710 μή
1268 2658 1392 2695 τινα
1425 2640 1805 2712 πρεσϐύτερον

217 2725 556 2793 ἢδιάκονον.
598 2727 751 2798 παρὰ
796 2728 893 2782 τοῦ
948 2729 1081 2784 ίδίου
1139 2732 1445 2786 ἐπισκόπου
1507 2734 1808 2789 καταδικα-

217 2814 435 2877 σθέντα,
485 2817 580 2869 καὶ
612 2820 714 2887 τὴν
764 2821 951 2887 κρίσιν
977 2861 989 2870 .
1011 2821 1492 2892 ἐπιμεμφόμενον,
1526 2823 1624 2876 καὶ
1662 2825 1808 2879 κατὰ

218 2908 427 2977 ταύτης
485 2911 846 2967 ἐκκαλεῖσθαι
899 2912 1252 2985 βουλόμενον,
1297 2919 1359 2971 τὸ
1403 2918 1645 2987 πέλαγος
1702 2921 1805 2990 τῆς

229 2998 502 3069 Ἀζρικῆς
548 3003 840 3072 διαπερᾶν,
879 3009 975 3059 καὶ
1009 3011 1139 3079 περὶ
1177 3013 1387 3081 ταύτης
1420 3012 1523 3080 τῆς
1580 3013 1805 3083 Ῥώμης

218 3092 652 3162 προσέρχεσθαι,
706 3095 843 3151 ἀλλὰ
901 3100 1018 3161 τοῖς
1066 3100 1313 3167 γείτοσιν
1376 3101 1631 3165 ἐγκαλεῖν
1677 3103 1802 3156 ἐπι-

220 3184 469 3247 σκόποις,
504 3186 601 3237 καὶ
636 3189 770 3255 παρ’
825 3188 1011 3252 αὐτοῖς
1036 3190 1345 3259 γυμνάζειν
1373 3192 1474 3261 τὴν
1511 3192 1797 3261 ἔκκλητον*

224 3276 273 3325 εί
320 3275 380 3326 δὲ
412 3275 510 3345 μὴ.
563 3277 931 3348 ἀκοινώνητον
979 3274 1121 3331 εἶναι
1174 3281 1231 3332 ἐν
1261 3280 1521 3351 Ἀφρικῇ.
1554 3281 1724 3333 Τοῦτο
1746 3281 1802 3334 δὲ

221 3364 489 3435 nomen,
542 3367 618 3430 ὡς
665 3364 847 3437 οἶμαι,
905 3371 995 3424 διά
1040 3387 1101 3424 τε
1157 3372 1282 3433 τοὺς
1322 3371 1466 3424 κατὰ
1521 3371 1801 3424 θάλασσαν

220 3458 526 3520 κινδύνους,
548 3460 724 3513 καὶτὸ
753 3442 829 3532 μὴ
859 3462 1154 3532 συντριϐάς
1186 3462 1521 3530 ὑφίστασθαι
1545 3462 1641 3517 καὶ
1674 3480 1801 3516 και-

221 3554 486 3621 νοτομίας
506 3552 575 3604 τὰ
605 3552 754 3623 μέρη
788 3554 874 3606 διά
898 3553 998 3625 τὴν
1023 3555 1113 3608 ἐπὶ
1144 3553 1303 3624 ξένης
1328 3554 1550 3625 μακράν
1601 3554 1805 3625 ἀποδη-

224 3640 373 3708 μίαν.

760 3732 995 3789 ΚΑΝΩΝ
1024 3733 1199 3788 PKZ'.

228 3841 246 3875 ι
280 3826 414 3895 Περὶ
474 3826 766 3897 παρθένων
827 3826 1042 3897 μικρῶν
1126 3827 1209 3881 ἔτι
1287 3827 1393 3898 μὴν
1455 3826 1802 3880 καλυπτέων.

296 3934 314 3967 ι
364 3916 601 3987 Ὁμοίως
627 3919 855 3988 ἠρεσεν,
896 3920 985 3972 ἵνα
1020 3920 1382 3997 όστισδήποτε
1416 3920 1527 3973 τῶν
1572 3918 1808 3971 ἐπισκό-

296 4027 316 4058 ι
362 4025 500 4072 πων,
528 4011 594 4063 δι’
628 4012 880 4079 ἀνάγκην
917 4012 1019 4081 τῆς
1051 4012 1392 4082 παρθενικῆς
1447 4011 1805 4086 σωφροσύνης

298 4120 316 4152 ι
358 4104 813 4175 κινδυνευούσης,
840 4107 932 4159 ὅτε
966 4107 1264 4177 ἢέραστὴς
1299 4106 1582 4177 δυνατδςῆ
1620 4103 1805 4174 ἅρπαξ

303 4212 321 4245 ι
357 4211 442 4257 τις
474 4196 622 4248 ἐστὶν
652 4200 713 4249 ἐν
748 4196 975 4267 ὑποψίᾳ,
1008 4198 1039 4267 ἢ
1073 4201 1155 4251 ἔτι
1193 4198 1298 4269 μὴν
1327 4199 1434 4251 ὑπό
1466 4215 1612 4261 τινος
1642 4197 1808 4249 θανα-

302 4303 321 4336 ι
357 4285 601 4355 τηφόρου
624 4286 873 4339 κινδύνου
910 4284 1058 4355 αὕτη
1095 4285 1279 4339 ἔσεται
1304 4285 1586 4356 νυχθεῖσα,
1622 4298 1807 4352 παρα-

304 4394 323 4427 ι
365 4374 682 4429 καλούντων
712 4376 745 4446 ἦ
780 4376 888 4429 τῶν
920 4377 1129 4443 γονέων
1167 4375 1362 4445 αὐτῆς,
1396 4369 1533 4446 ἦῶν
1557 4377 1622 4444 τῇ
1643 4390 1808 4443 φρον-

309 4486 327 4518 ι
366 4468 471 4519 τίδι
496 4467 806 4531 ἀνάκειται,
837 4466 930 4519 διὰ
958 4468 1020 4520 τὸ
1053 4468 1130 4537 μὴ
1170 4466 1345 4557 χωρὶς
1396 4465 1493 4519 τοῦ
1526 4466 1806 4557 σχήματος
1834 4498 1883 4557 D

297 4577 314 4607 ι
351 4555 731 4623 τελειωθῆναι,
805 4556 1024 4627 καλύψῃ
1096 4556 1453 4629 παρθένονῆ
1529 4554 1804 4624 ἐκάλυψεν

298 4667 317 4697 ι
359 4648 516 4711 ἐντὸς
578 4646 775 4715 κείρας
850 4647 1113 4701 ἐνιαυτῶν
1190 4648 1560 4710 είκοσιπέντε,
1640 4646 1806 4715 μηδὲν

302 4758 320 4791 ι
362 4740 456 4790 τὸν
469 4737 720 4791 τοιοῦτον
740 4736 919 4809 βλάψῃ
940 4739 1069 4809 περὶ
1096 4737 1293 4794 τούτου
1319 4739 1413 4793 τοῦ
1435 4736 1673 4809 ἀριθμοῦ
1695 4736 1807 4791 τῶν

303 4850 321 4882 ι
361 4830 633 4883 ἐνιαυτῶν
662 4830 1075 4884 κατασταθεῖσα
1116 4831 1392 4894 σύνοδος.»

295 4920 495 4974 ΒΔᾹΣ.
530 4919 937 4990 Καθιεροῦσθαι
966 4922 1064 4989 μὲν
1096 4923 1405 4994 παρθένους
1444 4925 1805 4998 διαλαμϐάνει

228 5014 437 5075 ὸέκτος
471 5012 655 5066 κανὼν
685 5014 786 5081 τῆς
840 5014 1128 5085 παρούσης
1183 5016 1427 5083 συνόδου,
1478 5018 1575 5071 καὶ
1627 5020 1656 5071 ὁ
1698 5021 1803 5091 μδν,

224 5104 363 5158 ὥστε
398 5108 455 5157 ἐν
491 5107 557 5173 τῇ
602 5102 852 5174 άρμοδίῳ
906 5108 1094 5178 ἡλικίᾳ
1154 5109 1247 5161 καὶ
1294 5109 1642 5174 διακονίσσας
1678 5110 1807 5164 καθ·

227 5196 471 5251 ίστασθαι
492 5196 687 5259 αὑτάς.
720 5197 1313 5267 Μετασχηματίζεσθαι
1331 5199 1385 5252 δὲ
1407 5201 1517 5254 ἀπὸ
1538 5200 1630 5253 τοῦ
1660 5218 1805 5271 παρ-

222 5286 365 5350 όντος
423 5288 653 5348 κανόνος
701 5286 1049 5356 μανθάνομεν
1101 5290 1241 5357 μετὰ
1275 5291 1367 5343 τὸν
1419 5290 1499 5343 κε’
1537 5292 1805 5348 ἐνιαυτόν.

226 5378 358 5431 Φασὶ
389 5378 502 5448 γάρ
533 5380 582 5431 οἱ
600 5378 868 5447 Πατέρες,
893 5380 1007 5441 ἱνα,
1032 5379 1128 5433 ἐὰν
1155 5381 1455 5445 ἐπίσκοπος
1479 5382 1511 5444 ἦ
1538 5382 1803 5450 ἐκάλυψε,

220 5471 457 5523 τουτέστι
480 5471 949 5541 μετεσχημάτισα,
978 5474 1246 5541 παρθένον
1274 5474 1476 5527 ὰνατεθ
1488 5477 1643 5528 εἷσαν
1660 5474 1803 5547 Θεῷ,

229 5560 520 5631 ἥκαλύψει
555 5562 668 5633 πρὸ
718 5563 820 5633 τῆς
851 5563 1064 5634 κείρας,
1105 5566 1275 5635 ἧγουν
1311 5566 1419 5635 πρδ
1447 5568 1545 5635 τῆς
1584 5567 1805 5636 ἡλικίας

229 5652 331 5705 τῶν
384 5661 461 5707 κε’
519 5654 793 5708 ἐνιαυτῶν
848 5656 1036 5724 (τυχὸν
1083 5659 1207 5727 γὰρ’
1260 5657 1691 5712 ἐπεδουλεύσατο
1738 5662 1803 5730 τῇ

229 5748 545 5820 σωφροσύνῃ
597 5747 810 5817 ταύτης
836 5748 1073 5819 ἐραστὴς
1107 5750 1414 5820 omnm)
1449 5748 1806 5804 ὑπωπτεύετο

1910 2186 2140 2244 ARIST.
2177 2209 2198 2243 σ
2242 2190 2536 2265 Presbyter
2587 2205 2643 2252 et
2696 2197 2983 2268 diaconus,
3013 2201 3107 2272 qui
3137 2201 3205 2258 de
3232 2203 3499 2274 episcopo

1987 2296 2008 2330 ι
2045 2295 2144 2336 suo
2176 2298 2610 2356 conqueruntnr,
2644 2289 2713 2344 ad
2740 2290 2948 2348 vicinos
2977 2293 3274 2363 episcopos
3306 2295 3491 2365 appel-v

1991 2389 2010 2422 ι
2056 2373 2169 2428 ient
2207 2391 2221 2430 :
2257 2385 2314 2429 at
2358 2392 2509 2434 mare
2543 2394 2611 2437 ne
2642 2381 2940 2452 trajiciant.
2994 2384 3051 2438 in
3097 2384 3283 2442 Africa
3337 2386 3489 2442 enim

1986 2482 2007 2516 ι
2043 2470 2693 2529 excouununicabuntur.
2736 2493 2757 2528 ι

1989 2559 2104 2615 lloc
2131 2571 2184 2615 et
2210 2562 2261 2617 in
2301 2565 2564 2620 vicesimo
2594 2576 2787 2623 octavo
2844 2569 3038 2639 synodi
3073 2573 3357 2639 praesentis
3396 2587 3489 2628 ca-

1909 2668 2050 2708 none
2083 2653 2366 2709 decretum
2398 2664 2527 2719 est;
2563 2666 2622 2711 ut
2673 2658 2857 2714 nullus
2889 2660 3201 2731 presbyter,
3242 2670 3337 2716 aut
3365 2663 3487 2717 dia-

1907 2761 2102 2810 conus,
2130 2761 2156 2798 a
2206 2761 2305 2801 suo
2338 2746 2598 2817 episcopo
2642 2748 3061 2811 condemnatus.
3126 2760 3181 2805 et
3222 2752 3487 2822 judicium

1906 2834 2351 2904 reprehendens,
2421 2846 2476 2893 et
2526 2848 2715 2893 contra
2762 2839 2896 2894 illud
2955 2842 3223 2911 appellare
3275 2844 3501 2912 volens,

1908 2927 2107 2983 Africae
2165 2929 2384 2999 pelagus
2432 2940 2699 2995 transeat,
2757 2942 2810 2984 et
2863 2932 2981 3002 ejus
3032 2935 3201 3001 gratia
3258 2934 3485 2988 Romam

1906 3015 2066 3072 adeat
2097 3036 2111 3071 :
2140 3017 2235 3071 sed
2268 3018 2333 3071 ad
2364 3020 2569 3073 vicinos
2615 3020 2907 3088 appellabit
2940 3021 3250 3089 episcnpos,
3308 3030 3366 3076 et
3418 3022 3487 3076 iis

1910 3094 2284 3177 appellationis
2311 3124 2531 3163 causam
2572 3111 2832 3182 indicabit
2867 3128 2882 3165 :
2914 3113 2996 3167 sin
3032 3111 3230 3178 minus,
3266 3127 3486 3168 etcom-

1907 3201 2238 3255 municatum
2267 3214 2389 3256 esse
2416 3201 2471 3255 in
2506 3200 2708 3257 Africa.
2750 3203 2866 3256 Hoc
2893 3213 3071 3258 autem
3103 3205 3327 3259 vetitum
3358 3204 3482 3269 fuit,

1906 3301 1966 3346 ut
1993 3293 2211 3362 Opinor,
2244 3299 2297 3348 et
2323 3302 2549 3363 propter
2600 3293 2768 3349 maris
2826 3295 3088 3363 pericula,
3122 3304 3176 3351 et
3210 3306 3268 3350 ut
3300 3306 3486 3366 partes
3558 3370 3565 3371 ί

1904 3383 2221 3438 vexationes
2272 3394 2328 3437 et
2386 3385 2764 3439 innovatioues
2826 3401 2930 3439 non
2981 3387 3333 3447 sustinerent.
3389 3404 3487 3457 per

1908 3473 2254 3546 longinquam
2316 3475 2383 3527 ad
2442 3474 2717 3545 regionem
2786 3483 3029 3530 cxteram
3091 3476 3483 3545 peregrinatio-

1907 3578 2054 3619 nem.

2424 3745 2650 3801 CANON
2690 3745 2954 3801 CXXVII.

1914 3854 1931 3889 ι
1976 3836 2051 3892 De
2082 3838 2265 3905 parvis
2321 3837 2621 3906 virginibus
2677 3838 2851 3893 adhuc
2912 3839 3174 3893 velandis.
3226 3838 3486 3895 Similiter

1986 3945 2006 3979 ι
2043 3926 2242 3996 placuit
2270 3938 2330 3982 ut
2383 3928 2634 3996 quisquis
2670 3928 2955 3997 episcOpns
2990 3938 3211 3997 propter
3249 3932 3489 3986 necessi-

1987 4036 2004 4069 ι
2046 4028 2210 4073 tatem
2238 4019 2517 4089 virginalis
2555 4019 2829 4088 pudicitia
2865 4020 2915 4073 in
2963 4020 3262 4087 periculum
3321 4022 3490 4074 addu-

1984 4127 2002 4160 ι
2042 4118 2163 4174 ct:e,
2200 4110 2420 4179 quando
2453 4109 2535 4163 vel
2566 4119 2760 4178 potens
2790 4117 3007 4164 amator
3032 4110 3115 4164 vel
3170 4120 3358 4179 raptor
3388 4110 3489 4163 ali-

1986 4218 2005 4251 ι
2045 4201 2167 4269 quis
2216 4208 2504 4271 suspectus
2561 4199 2747 4266 fuerit,
2781 4198 2864 4253 vel
2895 4200 3008 4268 ipsa
3056 4200 3216 4254 etiam
3272 4209 3491 4269 propter

1986 4306 2004 4340 ι
2044 4289 2383 4347 mortiferum
2420 4290 2636 4359 aliquod
2679 4286 2981 4356 periculum
3012 4297 3336 4357 compuncta
3370 4288 3490 4343 lue.

1986 4398 2006 4432 ι
2045 4381 2136 4447 rit,
2168 4381 2583 4449 adhortantibus
2618 4381 2706 4435 vel
2771 4380 2891 4449 ejus
2926 4380 3264 4451 parentibus,
3293 4378 3377 4434 vel
3424 4380 3493 4435 iis

1986 4489 2006 4523 ι
2051 4471 2142 4539 qui
2173 4471 2290 4540 ejus
2318 4485 2506 4526 curam
2533 4478 2750 4541 gerunt,
2788 4478 2847 4524 ut
2876 4485 2983 4525 non
3017 4470 3133 4525 sine
3157 4470 3341 4525 habitu
3371 4484 3490 4523 mo-

1987 4582 2005 4615 ι
2049 4562 2263 4632 riatur,
2332 4562 2592 4619 velaverit
2642 4562 2909 4633 virginem
2963 4562 3048 4617 vel
3106 4561 3300 4616 velavit
3349 4562 3491 4616 intra

1984 4674 2003 4707 ι
2046 4656 2364 4711 vicesimum
2447 4655 2703 4724 quintum
2780 4653 2957 4709 relatis
3020 4667 3268 4717 annum;
3357 4652 3492 4706 nihil

1990 4762 2009 4795 ι
2048 4758 2170 4798 eum
2207 4742 2365 4797 laedet
2408 4742 2479 4798 de
2504 4757 2570 4798 eo
2594 4757 2859 4799 annorum
2915 4756 3143 4797 numero
3196 4743 3495 4797 constituta

1983 4853 2001 4885 ι
2046 4833 2306 4904 synodus.
2350 4852 2368 4884 ι

1980 4924 2175 4981 BALS.
2212 4926 2532 4982 Consecrari
2568 4926 2784 4995 quidem
2807 4926 3048 4997 virginea
3080 4935 3275 4982 tractat
3301 4937 3495 4982 sextus.

1909 5032 2079 5073 canon
2114 5017 2398 5087 praesentis
2422 5018 2631 5088 synodi.
2664 5025 2721 5072 et
2747 5019 3202 5089 quadragesimus
3232 5031 3497 5089 quartus,

1911 5119 1966 5163 ut
1995 5109 2047 5163 in
2083 5111 2423 5165 convenienti
2460 5118 2617 5164 aetate
2642 5109 2774 5179 ipsa:
2801 5111 2963 5165 etiam
3010 5111 3330 5167 diaconissae
3356 5126 3487 5166 con-

1910 5201 2206 5256 stituantur
2241 5220 2253 5256 :
2288 5201 2529 5256 habitum
2560 5202 2720 5273 θοι
2768 5212 2949 5258 autem
3005 5219 3220 5258 sumere
3251 5213 3372 5273 post
3395 5204 3485 5257 -vi-

1909 5294 2170 5349 cesimum
2216 5296 2462 5362 quintum
2494 5311 2694 5349 annum
2730 5311 2758 5349 a
2797 5297 3046 5367 praesenti
3083 5312 3290 5352 canone
3320 5297 3484 5352 disci-

1910 5401 2050 5441 mus.
2080 5387 2267 5439 Dicunt
2299 5387 2443 5441 enim
2466 5386 2676 5455 Patres,
2702 5396 2760 5444 ut
2781 5390 2825 5444 si
2849 5390 3137 5459 episcopus
3160 5391 3242 5445 vel
3268 5390 3485 5453 velavit.

1912 5478 2015 5532 hoc
2060 5489 2165 5543 est,
2218 5480 2395 5534 induit
2454 5480 2719 5549 virginem
2770 5480 2881 5536 Deo
2937 5490 3339 5547 consecratam,
3402 5481 3489 5536 vel

1911 5571 2133 5637 velabit,
2196 5582 2323 5626 ante
2375 5580 2592 5627 mtatem
2684 5574 2873 5645 viginti
2931 5574 3168 5643 quinque
3223 5588 3489 5627 annorum

1915 5660 2076 5733 (forte
2102 5664 2245 5719 enim
2283 5664 2401 5732 ejus
2433 5666 2707 5733 pudicitiae
2756 5665 3118 5723 insidiabatur
3146 5677 3337 5737 potens
3385 5665 3489 5720 ali-

1912 5752 2057 5823 quis,
2087 5753 2170 5811 vel
2205 5754 2503 5826 periculum
2557 5765 2676 5813 erat
2718 5772 2786 5815 ne
2841 5765 3126 5829 raperetur
3170 5758 3236 5815 ab
3279 5756 3484 5829 aliquo,
