4012 6444
491 331 598 396 407

1701 329 1984 387 THEOD.
2041 329 2439 388 BALSAMON

3618 316 3728 378 468

488 451 578 503 qut
609 448 806 488 vesano
829 434 941 498 ejus
1003 449 1189 489 amore
1228 444 1424 503 captus
1457 442 1590 494 erat.
1642 434 1722 487 vel
1778 431 2056 486 mortifero

2187 434 2478 504 ιρπαγῆναι
2509 435 2656 502 παρά
2705 448 2847 491 τινος
2883 426 3376 498 ἐρωτομανοῦντος,
3419 423 3451 494 ἢ
3489 422 3592 474 ὑπὸ
3626 422 3730 473 θα·-

491 526 679 577 morbo
708 532 977 592 correpta,
1009 539 1073 576 ne
1112 539 1142 577 e
1183 524 1288 577 vita
1322 526 1576 592 migraret
1631 523 1940 582 timebatur,
1971 531 2047 584 et,

491 631 558 668 ne
593 629 693 667 non
721 614 955 681 perfecta
991 624 1311 677 remaneret,
1334 614 1600 669 adhortati
1631 623 1750 669 sunt
1777 623 2046 683 parentes,

489 705 570 756 vel
607 705 695 772 qui
723 706 919 772 alioqui
953 705 1070 774 ejus
1103 720 1287 760 curam
1331 707 1606 775 gerebant,
1641 721 1707 759 ne
1745 720 1806 760 ea
1861 712 2050 759 sancto

490 794 674 847 babittt
707 795 1008 861 privaretur
1037 815 1050 849 :
1085 805 1136 850 et
1170 807 1387 864 propter
1415 796 1676 864 ejusmodi
1721 797 1896 862 justas
1923 810 2048 848 cauo

487 899 578 936 sas
620 899 736 936 eam
764 892 888 937 ante
920 885 1123 953 justum
1160 895 1372 954 tempus
1433 887 1645 955 induit)
1701 887 1845 938 nulla
1893 885 1944 938 in
1995 898 2051 936 re

494 975 804 1042 prmjudicio
832 975 1092 1028 alliciatur
1113 976 1251 1044 apud
1282 977 1571 1046 synodum,
1594 992 1712 1044 quae
1745 974 2050 1044 bujusmodi

492 1081 684 1118 causas
733 1067 890 1119 debet
946 1067 1262 1132 observare,
1312 1077 1572 1136 tanquam
1629 1070 1717 1135 qui
1743 1067 1881 1120 forte
1929 1073 2054 1118 ante.

492 1157 672 1225 viginti
704 1158 948 1226 quinque
979 1172 1146 1213 annos
1175 1159 1474 1226 completos
1493 1160 1754 1228 virginem
1782 1156 2052 1218 induerit,

498 1253 551 1296 ct
583 1260 847 1299 canonum
905 1255 1272 1313 transgressor
1304 1257 1602 1316 reputetur.
1635 1248 1699 1300 Et
1734 1249 1784 1300 in
1818 1246 1903 1299 his
1934 1245 2053 1311 qni-

491 1334 614 1386 dem
656 1337 903 1388 consistit
934 1351 1131 1388 canon.
1169 1334 1248 1388 Tu
1280 1347 1460 1390 autem
1510 1335 1624 1404 lege
1669 1350 1931 1390 canonem
1987 1334 2054 1388 40

493 1435 612 1488 syn.
646 1421 695 1473 in
727 1420 947 1485 Trullo;
979 1431 1032 1475 et
1064 1422 1146 1475 die
1194 1424 1489 1476 secundum
1518 1425 1689 1489 illum,
1740 1439 1833 1477 eos
1865 1423 1952 1490 qui
1989 1423 2053 1474 ad

497 1511 661 1563 Deum
696 1513 977 1572 accedunt,
1016 1511 1391 1566 transformari
1441 1515 2054 1583 habitumque'mutare,

492 1605 603 1655 sive
639 1604 745 1656 sint
797 1604 915 1666 viri,
968 1605 1081 1659 sive
1129 1606 1406 1669 mulieres,
1444 1607 1652 1660 scilicet
1708 1615 1827 1674 post
1860 1609 2054 1659 decen-

496 1699 664 1749 nium.
700 1698 794 1751 Est
826 1699 968 1751 enim
1002 1715 1061 1750 ea
1101 1701 1339 1768 synodus
1386 1702 1636 1769 praesenti
1681 1701 1968 1768 posterior,
2005 1708 2057 1752 ct

2158 526 2467 592 νατηφόρου
2492 525 2647 576 νόσου
2684 522 3083 590 καταηεθεῖσα
3114 519 3377 588 ἠλπίζετο
3423 516 3734 568 καταλῦσαι

2155 616 2248 667 τὸν
2281 615 2394 684 βίον
2414 628 2429 644 ⁶
2458 615 2552 667 καὶ
2583 614 2672 666 ἴνα
2705 613 2777 681 μὴ
2805 612 3126 672 ἁτελείωτος
3161 609 3340 679 μείνῃ.
3378 607 3736 676 παράκλησις

2158 709 2346 773 γέγονε
2381 706 2532 772 παρὰ
2563 704 2673 756 τῶν
2702 704 2906 771 γονέων
2939 700 3154 768 αύτῆςῆ
3182 699 3497 759 τῶνᾶλλως
3515 697 3582 749 τὶ
3600 695 3729 748 κατ’

2158 795 2328 864 αὐτὴν
2375 793 2810 861 οἱκονομούντων
2869 791 2942 861 μὴ
3006 789 3340 860 στερηθῆναι
3393 787 3603 852 ταύτην
3638 785 3742 837 τοῦ

2160 884 2316 949 ἁγίου
2368 885 2686 951 σχήματος·
2741 880 2835 931 καὶ
2874 879 2960 930 διὰ
2997 878 3098 938 τὰς
3165 876 3423 936 τοιαύτας
3479 874 3748 938 εὐλόγους

2159 972 2336 1034 αἰτίας
2369 973 2463 1024 καὶ
2518 970 2626 1040 πρὸ
2653 969 2749 1022 τοῦ
2780 966 3174 1037 νενομισμένου
3228 963 3426 1033 καιροῦ
3463 979 3743 1030 μετεσχηο

2163 1065 2358 1132 μὰτισε
2388 1061 2641 1131 ταύτην),
2688 1063 2830 1113 κατὰ
2875 1058 3042 1128 μηδὲν
3097 1055 3547 1126 προκριματισθῇ
3587 1052 3749 1120 παρὰ

2160 1157 2224 1222 τῇ
2280 1153 2566 1222 όφειλούσῃ
2622 1153 2860 1219 τηρῆσαι
2917 1149 3124 1218 συνόδῳ
3169 1148 3238 1201 τὰ
3301 1148 3400 1214 τῆς
3477 1143 3747 1211 τοιαύτης

2164 1246 2500 1307 ὑποθέσεως,
2558 1245 2635 1305 ὡς
2664 1245 2806 1311 τάχα
2845 1242 2951 1310 πρὸ
2999 1241 3098 1307 τῆς
3134 1238 3590 1308 συμπληρώσεως
3634 1233 3755 1286 τῶν

2163 1337 2243 1390 κε’
2267 1335 2532 1389 ἐνιαυτῶν
2587 1331 3082 1402 μετασχηματίσας
3111 1331 3211 1398 τὴν
3254 1330 3447 1396 κόρην,
3503 1327 3598 1379 καὶ
3640 1341 3757 1376 72a-

2166 1427 2410 1494 ραόάτης
2431 1424 2539 1475 τῶν
2565 1421 2807 1474 κανόνων
2835 1418 3211 1486 λογιζόμενος.
3251 1417 3360 1468 Καὶ
3385 1417 3412 1465 ὁ
3445 1414 3544 1482 μὲν
3559 1409 3762 1464 κανὼν

2173 1519 2230 1568 ἐν
2252 1514 2482 1574 τούτοις.
2513 1513 2585 1564 Σὺ
2615 1512 2670 1564 δὲ
2702 1512 3020 1576 ἀνάγνωσον
3054 1507 3144 1560 τὸν
3203 1505 3252 1576 μ’
3279 1507 3480 1558 κανόνα
3525 1504 3626 1570 τῆς
3694 1505 3765 1552 ἐν

2166 1607 2243 1676 τῷ
2277 1605 2536 1674 Τρούλλῳ
2574 1603 2793 1656 συνόδου
2821 1618 2835 1632 ⁸
2869 1602 2963 1653 καὶ
2997 1601 3118 1652 κατ’
3171 1599 3379 1650 ἐκεῖνον
3416 1596 3540 1661 λέγε
3582 1609 3769 1661 μετα-

2171 1693 2602 1764 σχηματίζεσθαι
2636 1695 2771 1755 τοὺς
2798 1691 3277 1759 προσερχομένους
3325 1686 3405 1752 τῷ
3441 1683 3585 1751 Θεῷ,
3648 1680 3768 1733 κᾶν

494 1791 664 1840 sancti
702 1789 863 1843 etiam
899 1789 1082 1843 Basilii
1108 1791 1424 1847 canonibus.
1461 1790 1516 1844 Si
1541 1803 1718 1843 autem
1755 1791 1883 1844 velis
1919 1805 2058 1858 pra!-

2187 1787 2358 1855 ἱνδρες
2389 1779 2516 1848 ὦσι,
2559 1783 2662 1835 κᾶν
2693 1785 2974 1848 γυναῖκες,
3008 1780 3178 1848 ἠγουν
3225 1777 3362 1846 μετὰ
3391 1776 3483 1827 τὸν
3518 1773 3772 1840 δεκαετῆ

495 1885 699 1929 sentem
735 1893 990 1931 canonem
1017 1879 1220 1942 valere,
1258 1889 1315 1934 ut
1342 1897 1446 1933 non
1477 1881 1790 1948 praejudicio
1821 1881 2059 1934 allii-ian-

496 1977 582 2017 tnr
615 1968 853 2037 episcopi
901 1970 1012 2038 qui,
1045 1982 1264 2041 propter
1303 1974 1501 2041 justam
1567 1986 1810 2037 causam,
1852 1972 2063 2039 aliquos

493 2057 653 2110 ctiam
677 2069 804 2112 ante
831 2060 1151 2115 decennium
1188 2063 1461 2128 vestiunt;
1513 2077 1673 2115 nemo
1703 2075 1783 2115 est
1812 2062 1901 2130 qui
1942 2076 2066 2129 pro-

495 2147 696 2205 liibcat.
732 2148 865 2203 Nota
905 2160 1085 2205 autem
1119 2152 1290 2219 quod,
1327 2152 1490 2206 etiam
1541 2167 1604 2205 ex
1653 2153 1754 2205 boc
1811 2151 2064 2220 praesenti

495 2255 724 2304 canone,
781 2259 883 2296 non
922 2245 1252 2312 permittitur
1283 2244 1443 2297 alicui
1489 2244 1732 2297 homines
1763 2243 2061 2296 monastico

495 2337 694 2390 vestitu
735 2337 961 2392 induere
982 2339 1099 2393 sine
1125 2337 1416 2407 episcopali
1450 2337 1822 2406 permissione.

2170 1880 2385 1950 χρόνον.
2423 1877 2906 1946 Μεταγενέστερος
2931 1876 3036 1941 γάρ
3060 1877 3177 1924 ἐστι
3210 1872 3307 1938 τῆς
3351 1887 3412 1921 τε
3459 1866 3768 1935 παρούσης

2174 1970 2397 2023 συνόδου
2427 1972 2522 2022 καὶ
2570 1967 2680 2019 τῶν
2708 1965 2950 2019 κανόνων
2997 1962 3090 2015 τοῦ
3129 1961 3284 2029 ἁγίου
3318 1958 3627 2011 Βασιλείου.
3693 1956 3775 2007 Εἰ

2166 2063 2222 2114 δέ
2263 2061 2442 2124 θέλεις
2473 2063 2702 2129 κρατεῖν
2727 2060 2821 2110 τὸν
2853 2057 3103 2124 παρόντα
3163 2052 3384 2113 κανόνα,
3431 2050 3515 2112 εἰς
3563 2049 3624 2099 τὸ
3681 2047 3776 2114 μὴ

2170 2150 2709 2221 προκριματίζεσθαι
2755 2149 2882 2210 τοὺς
2959 2145 3299 2206 ἐπισκόπους
3367 2142 3454 2193 διὰ
3527 2137 3777 2204 εὔλογον

2171 2243 2357 2295 αἰτίαν
2389 2237 2974 2311 μετασχηματίζοντάς
2999 2251 3154 2296 τινας
3180 2234 3270 2285 καὶ
3300 2231 3407 2299 πρὸ
3439 2228 3536 2282 τοῦ
3562 2230 3776 2279 δεκαες

2173 2334 2302 2394 τοῦς
2332 2333 2552 2404 χρόνου,
2608 2336 2635 2385 ὁ
2670 2330 2897 2383 κωλύων
2956 2328 3156 2388 οὐδείς.
3213 2324 3532 2394 Σημείωσαι
3585 2318 3647 2371 δὲ
3679 2318 3780 2369 ὅτι

500 2427 593 2478 καὶ
647 2426 757 2479 ἀπὸ
801 2427 896 2481 τοῦ
951 2428 1218 2498 παρόντος
1270 2427 1492 2488 κανόνος
1543 2427 1643 2479 οὐκ
1699 2427 1910 2495 ἐφεῖταί
1950 2445 2056 2479 τινι
2103 2425 2610 2498 μετασχηματίζειν
2639 2423 2960 2492 ἀνθρώπους
3008 2421 3181 2490 χωρὶς
3253 2413 3576 2487 προτροπῆς
3632 2413 3777 2462 ἔπε’

496 2518 782 2584 σκοπικῆς.

567 2609 743 2663 ΖΟΝΑ
756 2611 817 2666 Pl.
854 2612 930 2667 Ne
960 2630 989 2668 a
1016 2615 1343 2686 presbyteris
1380 2626 1767 2671 consectentur
1797 2617 2056 2685 virgines,

497 2709 652 2755 sexto
685 2702 843 2769 hujus
873 2705 1060 2773 synodi
1097 2719 1302 2759 canone
1328 2705 1678 2760 constitutum
1711 2715 1793 2761 est
1831 2724 1843 2759 :
1878 2721 2063 2760 sacras

498 2806 674 2846 autem
712 2795 937 2863 puellas,
978 2797 1068 2850 ubi
1102 2812 1130 2850 a
1158 2796 1408 2866 patribus
1431 2798 1710 2854 discedunt
1739 2837 1755 2862 ,
1811 2813 1840 2849 a
1870 2797 2064 2865 quibus

499 2888 959 2953 custodiebantur,
989 2904 1183 2944 curare
1211 2891 1522 2958 episcopum
1545 2930 1560 2954 ,
1617 2889 1696 2943 vel
1734 2889 1778 2943 si
1803 2890 1846 2942 is
1879 2891 2065 2941 abfue-

501 2990 594 3041 rt,
625 2981 1012 3049 presbyterum,
1054 2991 1112 3034 ut
1147 2983 1384 3036 lmnestis
1425 2982 1736 3034 mulieribus
1788 2994 2067 3034 commcn-

503 3070 721 3132 dentnr,
760 3070 1202 3138 quadragesimus
1229 3081 1454 3138 quartus
1484 3087 1655 3124 canon
1689 3071 1861 3137 jubet.
1909 3068 2071 3121 Moris

505 3159 648 3211 enim
679 3158 792 3216 fuit,
827 3158 1038 3226 templis
1069 3157 1251 3211 oll‘erri
1287 3157 1491 3225 puellas
1521 3155 1936 3217 consecrandus,
1973 3155 2072 3206 hoc

507 3259 610 3312 est,
639 3259 696 3301 ut
723 3249 830 3301 Deo
856 3249 1046 3302 dicatae
1107 3248 1471 3315 virginitatem
1531 3251 1916 3315 protiterentur
1941 3283 1955 3307 ,
2011 3258 2072 3296 ac

509 3350 690 3404 postca
723 3348 1024 3405 apportuno
1060 3347 1296 3406 tempore
1345 3338 1397 3389 in
1455 3337 1876 3390 diacouissarnm
1931 3333 2074 3386 ordi-

511 3445 630 3483 nem
688 3430 1013 3496 legerentur.
1069 3427 1210 3497 Ergo
1248 3429 1292 3481 si
1332 3427 1558 3496 virginis
1605 3426 1910 3493 bujusmodi
1968 3424 2075 3476 Deo

509 3521 700 3572 dicatae
727 3516 1130 3587 potensaliquis
1159 3532 1343 3572 amore
1392 3525 1670 3584 correptus
1723 3522 1845 3580 est,
1905 3513 1987 3566 vel
2045 3526 2073 3565 a

512 3611 773 3665 scelerato
806 3611 1056 3678 quopiam
1115 3623 1209 3677 per
1236 3610 1342 3660 vim
1378 3608 1666 3661 abductum
1722 3606 1788 3660 iri
1843 3603 2078 3672 suspicio

512 3711 616 3765 est,
649 3717 712 3755 ex
738 3716 842 3770 quo
876 3699 1111 3754 castitati
1140 3699 1280 3753 illius
1328 3699 1620 3767 periculum
1671 3696 1949 3758 imminet,
1996 3693 2078 3748 vel

513 3795 822 3848 constitutae
857 3794 907 3846 ln
941 3795 1062 3846 vita:
1106 3791 1420 3846 discrimine
1474 3790 1784 3858 religiosum
1836 3788 2079 3843 habitum

516 3885 781 3954 indulgeri
812 3899 932 3938 cum
964 3885 1210 3953 ipsamet,
1242 3891 1354 3936 tum
1385 3882 1552 3951 ipsius
1583 3881 1869 3950 propinqui
1926 3894 2081 3947 roga-

515 3984 730 4039 verunt,
769 3989 837 4028 ne
869 3989 929 4028 ea
966 3973 1081 4028 sine
1118 3973 1305 4027 habitu
1343 3973 1634 4036 moriatur;
1681 3985 1800 4026 eam
1848 3969 1970 4024 licet
1999 3969 2082 4021 vi-

517 4067 721 4121 cesimo
740 4065 926 4133 quinto
949 4079 1087 4119 anno
1114 4067 1352 4117 nondum
1375 4071 1586 4126 exacto,
1613 4070 1671 4115 ut
1696 4061 2082 4116 sceleratorum

521 4157 629 4209 vim
662 4153 883 4223 eﬂ‘ugiat
909 4154 1104 4224 quippe
1133 4160 1446 4207 consecrata
1472 4192 1486 4216 ,
1518 4152 1600 4206 vel
1637 4168 1704 4205 ne
1751 4166 1814 4204 ex
1847 4152 1948 4204 bac
1977 4151 2085 4202 vita

524 4261 629 4300 non
660 4245 865 4298 initiata
895 4245 1110 4312 migret,
1139 4241 1349 4295 velandi
1378 4279 1393 4306 ,
1430 4241 1531 4294 hoc
1558 4249 1641 4293 est
1667 4280 1681 4305 ,
1711 4253 1866 4293 sacro
1891 4248 2083 4290 ornatu

524 4339 775 4393 induendi
833 4336 1061 4390 facultas
1087 4334 1358 4404 episcopis
1387 4334 1740 4398 conceditur;
1775 4345 1973 4399 eosque
2001 4346 2090 4384 ca-

2235 2613 2482 2668 ΖΩΝΑΡ.
2548 2611 2636 2662 Ἐν
2687 2607 2831 2676 ἕκτῳ
2882 2602 3068 2658 κανόνι
3120 2600 3218 2668 τῆς
3278 2594 3495 2649 συνόδου
3552 2586 3781 2676 ταύτης

2168 2705 2401 2776 ὥρισται
2428 2697 2756 2766 καθιέρωσιν
2789 2675 2968 2762 κορῶν
3005 2688 3114 2743 ἀπὸ
3141 2683 3531 2757 πρεσϐυτέρων
3569 2675 3643 2746 μὴ
3681 2675 3784 2739 γί-

2171 2769 2357 2848 νεσθαι
2378 2832 2392 2856 ,
2427 2791 2523 2844 καὶ
2561 2791 2619 2841 ἐν
2655 2784 2738 2853 μδ¹
2763 2801 2776 2816 ⁸
2811 2783 2952 2836 ὥστε
2979 2780 3076 2840 τὰς
3117 2777 3268 2846 ἱερὰς
3298 2772 3603 2840 παρθένους
3627 2808 3643 2830 ,
3675 2769 3784 2856 ὅτε

2170 2888 2280 2940 τῶν
2315 2885 2565 2953 πατέρων
2594 2877 2943 2952 χωρίζονται,
2969 2873 3029 2936 ἐξ
3052 2863 3126 2924 ὧν
3161 2866 3543 2938 ἐφυλάττοντο,
3571 2861 3638 2929 τῇ
3671 2855 3782 2910 τοῦ

2176 2949 2500 3037 ἐπισκόπου,
2543 2949 2796 3040 ἥζαύτοῦ
2848 2963 3103 3025 ἀπόντος,
3143 2962 3210 3028 τῇ
3241 2957 3335 3009 τοῦ
3386 2949 3784 3022 πρεσϐυτέρου

2101 3091 2144 3147 C
2179 3067 2406 3137 προνοίᾳ
2467 3066 2585 3121 ταῖς
2643 3057 2998 3128 τιμιωτέραις
3056 3049 3272 3118 γυναιξὶ
3319 3041 3782 3147 παρατίθεσθαι.

2176 3131 2339 3220 Ἐθος
2382 3131 2491 3224 γὰρ
2529 3149 2595 3220 ἦν
2639 3145 3012 3219 προσάγεσθαι
3053 3143 3174 3203 ταῖς
3216 3136 3536 3203 ἐκκλησίαις
3573 3131 3782 3224 κόρας,

2176 3249 2268 3299 καὶ
2315 3218 2722 3311 καθιεροῦσθαι,
2774 3237 2895 3288 ἀντὶ⁸
2947 3230 3041 3284 τοῦ
3086 3224 3438 3281 ἀνατίθεσθαι
3493 3220 3572 3287 τῷ
3624 3218 3783 3286 Θεῷ.

2177 3310 2612 3404 ὑπισχνουμένας
2673 3324 3050 3396 παρθενεύειν,
3095 3319 3237 3372 ὥστε
3290 3319 3348 3368 ἐν
3403 3317 3470 3384 τῇ
3525 3310 3787 3382 ἀρμοδίῳ

2179 3401 2367 3500 ἡλικία
2429 3401 2523 3477 καὶ
2576 3421 2922 3480 διακονίσσας
2973 3409 3401 3484 χειροτονεῖσθαι
3452 3405 3644 3463 αὐτάς.
3707 3401 3785 3500 ξὶί

2180 3490 2273 3574 όῦν
2311 3490 2563 3582 τοιαύτης
2610 3509 2884 3580 παρθένου
2916 3501 3346 3570 ἀνατεθειμένης
3379 3496 3498 3563 Θεῷ
3551 3490 3785 3564 ὴράσθη

2181 3627 2262 3671 τις
2304 3581 2548 3667 δυνατὸς,
2589 3605 2624 3672 ἢ
2681 3598 2888 3667 ὑποψία
2922 3592 2990 3664 ἦν
3037 3591 3357 3662 ἁρπαγῆναι
3403 3584 3574 3653 αὐτὴν
3628 3581 3789 3650 παρά

2182 3718 2327 3763 τινος
2355 3698 2652 3751 ἀκολάστου
2675 3730 2690 3755 ,
2723 3691 2819 3744 καὶ
2867 3687 3109 3747 κίνδυνος
3135 3683 3414 3751 ἐπήρτητο
3445 3678 3512 3746 τῇ
3555 3688 3788 3763 σωφρσι.

2186 3793 2320 3862 σύνῃ
2351 3788 2544 3856 αὑτῆς,
2575 3785 2607 3854 ἢ
2643 3783 2823 3836 θανεῖν
2850 3776 3214 3837 ἐκινδύνευσε,
3250 3770 3343 3823 καὶ
3373 3768 3554 3820 ἐδέετο
3586 3762 3784 3831 ἐκείνη

2184 3901 2243 3936 τε
2277 3855 2370 3934 atat
2393 3881 2442 3932 οἱ
2472 3855 2842 3948 προσήκοντες
2868 3870 3027 3938 αὐτῇ,
3065 3866 3142 3936 μὴ
3161 3863 3330 3934 χωρὶς
3358 3857 3452 3912 τοῦ
3489 3855 3784 3926 σχήματος

2185 3971 2541 4040 τελειωθῆναι
2580 3964 2768 4034 αὐτὴν,
2811 3961 2964 4016 ἄδεια
2993 3958 3145 4026 ἐδόθη
3174 3954 3284 4015 τοῖς
3313 3948 3644 4009 ἐπισκόποις
3679 3964 3786 3997 κα-

2187 4066 2410 4119 λύπτειν
2435 4037 2533 4130 τὴν
2557 4057 2843 4126 παρθένον,
2871 4053 3038 4123 ήγουν
3063 4050 3122 4100 τὸ
3150 4047 3334 4115 σχῆμα
3365 4039 3535 4110 αὐτὴν
3562 4037 3785 4130 ἐκδύειν

2189 4157 2284 4209 καὶ⁵
2313 4154 2417 4223 πρὸ
2443 4151 2534 4204 τοῦ
2563 4147 2640 4203 κε’
2672 4143 2943 4206 ἐνιαυτοῦ,
2981 4143 3067 4194 ῖνα
3098 4139 3131 4208 ἢ
3156 4137 3282 4198 τοὺς
3315 4133 3649 4189 ἀκολάστους
3683 4129 3784 4179 ἐκ·

2193 4220 2367 4319 φύγῃ,
2395 4243 2470 4306 ὠς
2504 4239 2832 4299 τελεσθεῖσα,
2863 4236 2895 4306 ἦ
2931 4233 3004 4303 μὴ
3036 4232 3132 4300 τῆς
3170 4225 3447 4298 παρούσης
3484 4220 3785 4319 ἀτέλεστρς

2193 4310 2383 4406 ἐξέλθῃ
2414 4333 2581 4401 ζωῆς,
2605 4330 2697 4381 καὶ
2723 4326 2797 4395 μὴ
2833 4321 3161 4394 βλάπτεσθαι
3192 4320 3317 4380 τοὺς
3347 4312 3683 4372 ἐπισκόπους
3713 4310 3789 4362 ἐκ

525 4445 654 4493 non,
683 4429 927 4498 quamvis
977 4435 1190 4482 aetatem
1254 4441 1281 4479 a
1354 4425 1558 4494 synodo
1613 4423 1928 4492 praeﬁnitam
1982 4436 2068 4474 not

2195 4427 2287 4482 τοῦ
2427 4400 2727 4492 τηρηθῆναι
2757 4418 2846 4467 τὸν
2877 4416 3088 4482 καιρὸν,
3115 4411 3174 4464 ὃν
3215 4408 3342 4476 περὶ
3374 4406 3481 4459 τῶν
3509 4400 3788 4456 τοιούτων

529 4517 978 4587 cxspectaverint,
1003 4516 1068 4569 ab
1099 4515 1243 4568 omni
1276 4524 1451 4567 tamen
1487 4514 1643 4582 culpa
1671 4513 1939 4566 immunes
1967 4525 2086 4565 esse

528 4608 790 4663 decernit.

532 4700 761 4756 ARIST.
825 4715 843 4749 ι
887 4697 1222 4764 Quicumque
1299 4695 1492 4748 velavit
1549 4693 1628 4747 vel
1679 4691 1873 4747 velabit
1925 4691 2088 4758 virgi-

607 4813 624 4842 ι
669 4806 788 4844 nem
823 4799 948 4843 ante
979 4803 1150 4842 annos
1179 4786 1249 4840 25
1272 4827 1286 4850 ,
1328 4786 1427 4840 hoc
1450 4797 1555 4848 est,
1590 4783 1828 4836 habitum
1881 4781 2090 4844 induit,

609 4903 627 4934 ι
667 4883 779 4935 sive
829 4881 1048 4942 induet,
1107 4885 1324 4946 propter
1377 4876 1776 4938 necessitatem,
1833 4879 1889 4924 ut
1948 4883 2087 4922 ama-

611 4994 628 5025 ι
666 4985 833 5025 torem
864 4979 1130 5038 potentem
1163 5010 1178 5032 ,
1210 4967 1291 5021 vel
1339 4975 1611 5033 raptorem
1639 5008 1652 5026 ,
1713 4963 1794 5015 vel
1849 4963 2092 5015 morbum

609 5083 626 5114 ι
668 5063 1033 5126 mortiferum;
1070 5061 1150 5124 iis,
1188 5059 1380 5126 quibus
1427 5057 1516 5109 illa
1566 5069 1706 5107 curzn
1755 5065 1855 5116 est,
1901 5053 2097 5106 adhor-

601 5178 616 5208 ι
654 5156 890 5211 tantibus
927 5172 940 5207 :
981 5152 1111 5206 nihil
1143 5150 1321 5204 damni
1350 5166 1375 5203 a
1424 5147 1630 5218 synodo
1683 5147 1747 5200 de
1795 5146 1898 5199 isto
1955 5159 2094 5197 anno

607 5269 625 5300 ι
666 5247 909 5315 accipiet.
949 5264 966 5296 ι

602 5340 848 5394 Decimus
879 5346 1099 5390 octavus
1131 5334 1308 5403 magni
1341 5332 1524 5387 Basilii
1565 5345 1733 5385 canon
1772 5330 1838 5384 de
1862 5345 1944 5394 ea,
1979 5344 2095 5396 qua:

534 5431 761 5485 Domino
791 5445 848 5483 se
882 5428 1037 5482 offert
1065 5465 1080 5490 ,
1114 5436 1168 5480 et
1200 5424 1548 5478 matrimonio
1596 5422 1904 5486 renuntiat,
1937 5432 1986 5473 et
2022 5423 2097 5472 vi-

541 5536 646 5574 tam
685 5523 735 5573 in
767 5520 1052 5574 sanctitate
1083 5528 1255 5570 actam
1285 5514 1523 5584 praefert,
1554 5514 1770 5567 disserit
1797 5553 1809 5578 ,
1842 5512 2099 5578 jubetquc

537 5626 657 5663 cum
687 5625 789 5662 non
817 5609 1044 5671 admitti,
1097 5605 1196 5659 nisi
1243 5606 1312 5658 sit
1368 5604 1644 5673 plusquam
1701 5601 1966 5655 sexdccittt
2019 5598 2096 5651 vel

542 5704 700 5756 etiam
732 5698 1105 5768 septemdecim
1140 5711 1308 5750 annos
1336 5704 1479 5749 nata.
1512 5691 1750 5748 Pueriles
1780 5690 1916 5746 enim
1942 5703 2098 5743 voces

2195 4515 2477 4585 παρθένων
2505 4515 2538 4581 ὴ
2570 4509 2779 4570 σύνοδος
2803 4505 3020 4575 ὥρισεν.

2199 4697 2419 4751 ΑΡΙΣΤ.
2477 4713 2493 4744 ι
2543 4693 2728 4750 Ὅστις
2753 4685 3039 4754 ἐκάλυψεν,
3067 4681 3099 4751 ἦ
3123 4679 3351 4748 καλύψει
3375 4676 3646 4746 παρθένον
3674 4675 3792 4743 πρὸ

2275 4806 2294 4836 ι
2340 4775 2514 4835 εἴκοσι
2545 4781 2702 4832 πέντε
2731 4774 3014 4838 ἐνιαυτῶν,
3042 4770 3187 4824 τοῦτ’
3219 4769 3334 4820 ἐστι
3364 4765 3557 4834 σχῆμα
3590 4762 3792 4831 περιέ-

2277 4893 2294 4924 ι
2342 4871 2524 4933 ϐαλεν,
2563 4869 2594 4939 ἢ
2633 4863 2910 4936 περιϐάλοι
2942 4861 3008 4914 δι’
3051 4860 3319 4927 ἀνάγκην,
3375 4849 3486 4907 οἷον
3536 4851 3791 4922 ἐραστὴν

2278 4983 2296 5014 ι
2339 4962 2582 5023 δυνατὸν,
2614 4959 2859 5027 ἅρπαγα,
2898 4955 2931 5023 ἢ
2964 4949 3340 5018 θανατηφόρον
3373 4946 3563 4998 νόσον*
3597 4959 3794 5011 παρα-

2278 5073 2295 5103 ι
2347 5051 2674 5112 καλούντων,
2703 5043 2783 5109 οἷς
2808 5046 2975 5111 αὐτῆς
2995 5041 3174 5111 μέλει·
3205 5037 3357 5090 οὐδὲν
3387 5035 3491 5088 ύπδ
3515 5031 3619 5101 τῆς
3652 5048 3722 5084 πε
3734 5033 3796 5101 ρί

2279 5165 2295 5195 ι
2342 5144 2528 5197 τούτου
2558 5142 2651 5193 τοῦ
2678 5135 2923 5191 ἐνιαυτοῦ
2955 5133 3174 5188 συνόδου
3202 5129 3553 5200 βλαϐήσεται.
3584 5144 3603 5178 ι

2281 5325 2339 5378 '0
2375 5323 2472 5393 μὲν
2515 5317 2974 5377 ὀκτωκαιδέκατος
3005 5312 3182 5367 κανὼν
3211 5311 3304 5364 τοῦ
3340 5308 3579 5378 μεγάλου
3613 5303 3791 5357 Βασι-

2200 5415 2345 5468 λείου
2384 5413 2631 5481 περὶτῆς
2668 5407 3049 5477 προσαγούσης
3085 5404 3284 5469 ἑαυτὴν
3318 5400 3393 5468 τῷ
3430 5398 3644 5468 Κυρίῳ,
3689 5403 3790 5449 καὶ

2202 5504 2646 5574 ἀποταττομένης
2678 5501 2754 5569 τῷ
2791 5501 2980 5567 γάμῳ,
3019 5500 3111 5550 καὶ
3142 5495 3232 5548 τὸν
3263 5509 3319 5546 εν
3356 5489 3615 5561 ἁγιασμῷ
3646 5505 3792 5560 προο

2201 5596 2447 5662 τιμώσης
2481 5594 2592 5662 βίον
2613 5632 2626 5656 ,
2661 5589 3047 5657 διαλαμῦάνει,
3085 5587 3174 5638 καὶ
3206 5582 3533 5653 προστάττει
3567 5580 3647 5648 μὴ
3683 5596 3793 5631 πα-

2207 5688 2548 5754 ραδέχεσθαι,
2585 5687 2632 5737 εἰ
2673 5684 2743 5750 μὴ
2779 5684 2914 5746 ύπὶρ
2948 5681 3012 5734 τα
3045 5678 3268 5742 ὃεκαέξ,
3308 5676 3338 5743 ἢ
3379 5674 3472 5728 καὶ
3506 5673 3792 5726 δεκαεπτὰ
