4012 6448
593 253 699 321 “5

1840 263 1940 321 ΤΗ
1950 260 2115 320 EOD.
2161 259 2250 316 BA
2261 258 2555 319 LSAMON

3719 249 3821 312 ηε

589 368 668 419 vel
703 369 873 437 turpis
902 371 1033 426 lucri
1062 382 1386 442 captatures,
1424 383 1478 428 et
1519 377 1609 445 qui
1655 377 1940 440 accipiunt,
1975 387 2028 428 ut
2071 376 2150 427 vel

2258 375 2326 435 ὡς
2366 373 2498 442 γυνη
2540 373 2634 424 καὶ
2679 371 2893 441 ἄνηϐος,
2940 369 3032 424 καὶ
3064 369 3230 428 ἄλλοι,
3276 367 3350 428 ὡς
3383 363 3620 424 ἔνόπλως
3664 379 3824 429 στρα-

589 467 865 524 accusent,
891 462 971 515 vel
1005 479 1107 518 non
1139 474 1411 526 acettscnt,
1436 475 1490 519 et
1513 466 1604 536 qui
1625 469 1757 521 duas
1786 469 2159 523 accusationes

589 549 849 604 adversus
897 553 1030 607 alios
1093 554 1523 620 inscripserunt,
1577 557 1667 611 alii
1720 567 1938 626 propter
2000 572 2155 611 suam

588 640 971 708 Conditionem,
1033 653 1089 697 ut
1125 645 1300 700 liberti
1344 657 1734 714 patronorum;
1782 636 1869 701 alii
1930 657 2148 716 propter

589 729 870 784 calumniae
917 735 1302 802 suspicionem,
1333 747 1391 789 ut
1424 737 1511 805 qui
1553 736 1742 790 falsum
1795 738 2155 790 testimonium

588 817 869 883 dixerunt;
901 822 988 873 alii
1018 832 1231 890 propter
1269 834 1658 892 paupertatem,
1693 835 1748 876 ttt
1795 840 2022 893 quorum
2071 824 2153 876 fa-

588 907 811 961 cultates
839 912 1222 979 quinquaginta
1273 929 1466 968 aureos
1504 930 1609 969 non
1649 915 1913 969 valebant.
1951 914 2025 968 Hi’
2058 930 2154 966 au-

591 1006 695 1051 tem
728 1013 913 1053 omnes
941 1005 1182 1069 proprias
1220 1005 1440 1069 injurias
1488 1015 1543 1058 et
1568 1017 1917 1073 cognatomm
1954 1005 2152 1060 eadem

589 1089 834 1154 persequi
858 1103 963 1140 non
990 1099 1253 1145 vetantur.
1284 1092 1402 1145 Filii
1435 1102 1609 1145 autem
1639 1104 1691 1147 et
1722 1094 1896 1147 liberti
1927 1109 1956 1146 a
2005 1104 2158 1159 patre

587 1172 668 1225 vel
710 1175 900 1229 liberto
934 1181 1269 1245 possessione
1305 1181 1354 1233 vi
1399 1182 1556 1252 eiecti
1598 1199 1699 1238 non
1729 1194 1949 1251 possunt
1991 1185 2058 1241 de
2103 1186 2154 1239 vi

582 1260 846 1329 judicium
873 1282 1106 1331 movere,
1140 1270 1232 1323 sed
1265 1280 1431 1338 agunt
1462 1272 1527 1326 de
1559 1267 1918 1342 recuperanda
1945 1289 2157 1340 posses-

591 1352 763 1405 siOne.
791 1357 921 1407 Nam
951 1366 1003 1408 et
1047 1358 1185 1411 filius
1222 1360 1481 1414 adversus
1512 1373 1734 1415 matrem
1763 1363 1830 1416 de
1878 1363 2156 1433 supposito

587 1451 739 1508 partu
791 1446 919 1511 agit,
972 1460 1036 1496 eo
1085 1452 1224 1515 quod
1271 1463 1373 1500 non
1411 1449 1573 1503 habet
1618 1452 1950 1506 cohaeredem
1984 1492 2000 1516 ,
2049 1468 2151 1505 non

590 1546 718 1583 vero
739 1548 853 1585 eam
882 1533 998 1604 falsi
1023 1546 1262 1590 accusat.
1295 1536 1485 1591 Mimos
1522 1549 1699 1593 autem
1726 1541 1844 1595 illos
1879 1543 2028 1604 dicit,
2061 1542 2150 1610 qui

588 1635 844 1686 pot-sonas
889 1624 1131 1688 induunt,
1166 1642 1441 1681 servorum
1488 1629 1644 1689 forte.
1687 1630 1764 1684 vel
1823 1631 2101 1686 mulierum
2136 1648 2150 1687 :

589 1725 691 1763 non
721 1723 896 1764 antem
921 1729 1107 1769 omnes
1139 1717 1473 1786 lhymelicos.
1510 1719 1586 1772 llli
1610 1722 1771 1785 enim,
1800 1722 1888 1788 qui
1922 1729 2150 1774 tractant
2185 1701 2226 1755 Β

588 1800 942 1854 instrumenta
967 1805 1189 1870 musica,
1218 1806 1365 1860 bonze
1399 1816 1525 1860 sunt
1553 1809 1989 1864 existimationis.
2017 1808 2148 1862 Tur-

588 1890 810 1955 pitudini
851 1908 1028 1946 autem
1078 1905 1202 1948 sunt
1249 1899 1489 1964 obnoxii,
1529 1901 1820 1954 secundum
1868 1915 2152 1965 canonem,

588 1979 808 2035 lenones
838 1986 926 2057 qui
961 1988 1335 2042 meretricibus
1369 2001 1629 2053 praesunt,
1661 1999 1715 2043 et
1751 1990 1836 2042 alii
1865 1991 2150 2058 ejusmodi.

588 2068 822 2122 Infames
858 2087 984 2124 vero
1023 2081 1148 2126 sunt
1181 2091 1300 2127 cum
1335 2077 1451 2130 aliis
1485 2087 1537 2130 et
1591 2079 1828 2133 bestiarii
1881 2083 1970 2148 qui
2014 2098 2154 2136 mer-

587 2160 768 2211 cedem
797 2163 1083 2230 accipiunt,
1108 2172 1165 2216 ut
1191 2175 1562 2234 pugnentcum
1586 2169 1793 2232 belluis,
1819 2180 1871 2224 et
1892 2187 1986 2238 pro
2009 2174 2155 2226 luero

589 2249 749 2301 vitam
782 2266 931 2305 suam
964 2254 1294 2320 projiciunt;
1332 2273 1433 2309 non
1463 2267 1636 2310 autem
1669 2259 1764 2323 illi,
1808 2262 1896 2327 qui
1939 2263 2153 2316 virtutis

589 2344 919 2395 ostentanda
936 2345 1106 2410 gratia
1137 2355 1448 2400 concertant
1472 2364 1595 2401 cum
1629 2348 1834 2403 bestiis.
1864 2349 1981 2402 Non
2011 2353 2151 2405 enim

589 2431 748 2490 actio.
777 2433 868 2485 sed
900 2434 1060 2487 animi
1115 2438 1445 2503 propositum
1495 2440 1579 2492 hic
1633 2440 1897 2509 pttnitnr':
1939 2442 2060 2509 quia
2099 2453 2152 2495 et

589 2519 689 2586 ipsi
720 2535 871 2591 reges
902 2536 1138 2591 pugnant
1178 2542 1296 2580 cum
1335 2528 1539 2583 bestiis.

660 2818 908 2872 ZONAR.
966 2819 1070 2874 Nec
1119 2837 1371 2877 accusare
1418 2825 1582 2889 servi,
1644 2840 1739 2880 nec
1791 2829 2154 2883 testimonium

591 2907 787 2970 dicere,
836 2925 932 2962 nec
976 2912 1074 2964 alia
1108 2913 1349 2978 quaedam
1397 2929 1649 2968 exercere
1700 2917 1900 2976 legibus
1935 2921 2157 2986 permit-

2259 466 2559 535 τευὸμενοι,
2613 466 2760 519 ἄλλοι
2805 465 2881 526 ὡς
2931 465 3208 532 ἄρχοντες,
3254 461 3400 514 ἄλλοι
3444 458 3518 518 ὡς
3563 457 3747 525 ἄτιμοι
3791 453 3826 522 ἢ

2258 556 2687 625 αἰσχροκερδεῖς,
2721 554 2811 606 καὶ
2837 553 3201 621 λαμϐάνοντες
3230 551 3320 604 ἰπὶ
3344 548 3421 619 τῷ
3453 546 3829 616 κατηγορῆσαι

2257 646 2292 714 ἢ
2317 649 2390 714 μὴ
2409 646 2802 714 κατηγορῆσαι,
2831 645 2922 696 καὶ
2944 644 2991 696 οῖ
3014 643 3105 696 δύο
3129 643 3462 711 κατηγορίας
3485 639 3605 692 καθ’
3623 639 3832 703 ἐτέρων

2257 736 2703 804 ἐγγραψάμενου
2750 735 2899 788 ἄλλοι
2942 734 3032 785 διὰ
3081 733 3180 801 τὴν
3233 729 3439 801 αἵρεσιν
3495 728 3696 788 αὐτῶν,
3753 727 3832 787 ὡς

2255 826 2606 891 ἀπελεύθεροι
2634 825 2739 876 τῶν
2763 823 3058 890 πατρὼνων
3083 839 3096 852 ·
3134 822 3281 875 ἄλλοι
3314 820 3379 872 δι’
3407 819 3643 886 ὑποψίαν
3670 832 3833 869 συκο-

2257 916 2506 983 φαντίας.
2568 915 2642 977 ὡς
2703 917 2748 968 oi
2811 910 3466 982 ψευδομαρτυρήσαντες·
3531 907 3688 959 ἄλλοι
3742 904 3835 958 διὰ

2257 1010 2470 1069 πενίαν,
2530 1007 2604 1068 ὡς
2665 1005 2741 1074 μὴ
2802 1005 3014 1073 ἔχοντες
3075 1001 3412 1069 πεντήκοντα
3471 997 3833 1067 νομισμάτων

2254 1099 2458 1152 οὐσίαν.
2500 1092 2661 1150 Οὗτοι
2699 1097 2755 1148 δὲ
2798 1096 2996 1154 πάντες
3049 1092 3369 1160 ἐγκλήματα
3405 1090 3509 1141 ἴδια
3545 1088 3640 1140 καὶ
3669 1086 3836 1155 φόνον

2259 1188 2536 1256 συγγενῶν
2573 1187 2806 1239 ἐκδικεῖν
2836 1185 3109 1238 δύνανται.
3157 1182 3348 1238 Παῖδες
3377 1180 3433 1232 δὲ
3467 1181 3557 1232 καὶ
3592 1174 3837 1230 ἀπελεύ-

2257 1279 2404 1347 Θεροι
2439 1279 2625 1347 βιαίως
2656 1277 2826 1346 νομῆς
2859 1275 3211 1342 ἐκϐληθέντες
3246 1271 3395 1341 παρά
3426 1268 3519 1321 τοῦ
3556 1267 3772 1333 πατρὸς
3802 1265 3837 1334 ἢ

2254 1372 2348 1422 τοῦ
2380 1370 2680 1439 πάτρωνος,
2710 1368 2768 1420 τὸ
2797 1368 2893 1438 μὲν
2928 1367 3177 1435 ἔγκλημα
3207 1366 3304 1432 τῆς
3337 1363 3454 1432 βίας
3484 1361 3544 1412 οὔ
3572 1361 3839 1412 δύνανται

2255 1463 2423 1513 κινεῖν
2448 1476 2461 1490 ·
2493 1462 2571 1522 είς
2601 1459 2657 1511 δὲ
2686 1459 2746 1512 τὸ
2777 1458 3065 1511 ἀναλαϐεῖν
3084 1456 3179 1526 τὴν
3204 1456 3372 1524 νομὴν
3401 1451 3632 1506 κινοῦσι.
3663 1451 3785 1502 Καὶ
3813 1449 3843 1499 ό

2257 1551 2370 1612 υἱὸς
2407 1551 2513 1618 γὰρ
2544 1549 2687 1606 κατὰ
2719 1549 2923 1619 μητρὸς
2955 1548 3081 1616 περὶ
3114 1544 3502 1614 ὑποϐολιμαίου
3535 1543 3711 1604 κινεῖ,
3747 1539 3843 1593 διὰ

2254 1643 2312 1695 τὸ
2356 1643 2430 1713 μὴ
2481 1645 2629 1710 σχεῖν
2657 1641 2820 1694 αὐτὸν
2853 1633 3322 1707 συγκληρονόμον,
3363 1635 3423 1688 οὐ
3465 1636 3574 1704 μὴν
3608 1633 3668 1687 τὸ
3703 1631 3845 1701 περὶ

2255 1732 2728 1801 πλαστογραφίας.
2764 1730 2979 1799 Μίμους
3025 1727 3208 1796 μέντοι
3241 1726 3479 1786 ἐκείνους
3511 1724 3635 1790 λέγε
3656 1764 3671 1788 ,
3710 1724 3848 1784 τοὺς

2254 1825 2572 1892 προσωπεῖα
2598 1820 3016 1889 ὑποδυομένους,
3041 1817 3242 1870 δούλων
3271 1816 3432 1884 τυχὸν
3456 1816 3488 1884 ἢ
3520 1815 3612 1866 καὶ
3643 1830 3850 1880 γυναι-

2254 1914 2385 1975 κῶν,
2419 1915 2511 1964 καὶ
2545 1912 2619 1980 μὴ
2649 1912 2855 1970 πάντας
2884 1909 3008 1969 τοὺς
3036 1909 3134 1976 τῆς
3162 1907 3428 1975 Θυμέληςε
3465 1905 3695 1977 Ἐκεῖνοι
3727 1901 3846 1970 γὰρ

2254 2005 2303 2057 οἱ
2362 2005 2428 2056 τά
2488 2001 2719 2070 μουσικὰ
2781 1999 2986 2068 ὄργανα
3058 1997 3556 2068 μεταχειριζόμενοι
3613 1996 3842 2063 ἔντιμοί

2258 2098 2420 2148 εἰσιν.
2461 2095 2795 2164 Αίηρὸτησι
2825 2093 2880 2146 δὲ
2911 2090 3306 2160 ὑποϐέϐληνται
3339 2089 3481 2141 κατὰ
3510 2087 3599 2140 τὸν
3631 2086 3854 2140 κανόνα

2255 2188 2304 2238 οἱ
2352 2185 2684 2254 προαγωγοὶ.
2739 2184 2788 2236 oi
2843 2181 3220 2253 πορνευουσῶν
3275 2180 3685 2248 προϊστάμενοι.
3745 2175 3856 2228 καὶ

2255 2277 2433 2346 ἕτεροι
2471 2275 2719 2328 τοιοῦτοι.
2757 2272 2861 2326 Καὶ
2889 2273 3073 2342 ἄτιμοι
3102 2271 3156 2324 δέ
3190 2273 3294 2324 είσι
3327 2271 3422 2322 σὺν
3450 2270 3633 2329 ἄλλοις
3665 2267 3770 2319 καὶ
3797 2269 3849 2319 o!

2256 2367 2614 2435 θηριομάχοι,
2649 2368 2697 2418 οἱ
2736 2365 2925 2434 μισθὸν
2958 2363 3332 2431 λαμϐάνοντες
3363 2361 3520 2430 χάριν
3552 2357 3648 2411 τοῦ
3674 2357 3851 2412 πολε-

2259 2461 2430 2528 μῆσαι
2454 2457 2659 2526 θηρίον,
2693 2456 2786 2507 καὶ
2807 2456 2898 2507 διὰ
2925 2454 3110 2523 κέρδος
3137 2452 3235 2522 τὴν
3257 2451 3463 2503 οίκείαν
3487 2449 3852 2519 προδιδόντες

2258 2551 2425 2618 ζωὴν,
2456 2549 2515 2603 οὐ
2551 2548 2657 2618 μὴν
2681 2548 2729 2600 oi
2755 2546 2844 2599 διὰ
2869 2546 3128 2609 ἐπίδειξιν
3154 2541 3404 2612 ἀνδρείας
3432 2539 3851 2611 Θηριομαχοῦν-

2256 2659 2364 2703 τες.
2394 2643 2469 2694 Οὔ
2504 2641 2612 2709 γάρ
2656 2641 2688 2708 ἡ
2721 2637 2936 2708 πρᾶξις.
2986 2634 3120 2688 άλλά
3158 2636 3190 2704 ἠ
3243 2628 3858 2703 προαίρεσιςὲνταῦθα

2258 2735 2574 2796 κολάζεται’
2610 2733 2692 2784 ὅτι
2732 2731 2828 2782 καὶ
2862 2727 3102 2798 βασιλεῖς
3132 2722 3585 2794 θηριομαχοῦσιν.

2329 2825 2573 2877 ΖΩΝΑΡ.
2609 2823 2672 2875 Οἱ
2708 2821 2884 2873 δοῦλοι
2923 2821 3034 2878 τοῖς
3066 2819 3253 2884 νόμοις
3301 2813 3664 2883 ἀπρόσδεκτοί
3699 2813 3859 2866 εῑσινν

2260 2915 2338 2975 εἰς
2364 2914 2422 2965 τδ
2449 2911 2727 2978 ἀνάγεινῆ
2764 2911 3059 2979 μαρτυρεῖν
3087 2906 3181 2959 καὶ
3207 2908 3283 2967 εἰς
3302 2905 3464 2972 ἱἔτερα
3495 2921 3507 2934 ο
3540 2905 3589 2956 oi
3621 2904 3676 2956 δὲ
3707 2905 3853 2957 άπε-

593 3008 814 3052 tttnlnr:
864 2999 1038 3052 liberti
1070 3017 1220 3064 vero,
1254 3003 1387 3054 alios
1421 3005 1632 3071 quidem
1684 3007 1734 3059 in
1779 3009 2036 3073 judiciu'n
2083 3011 2153 3064 rei

2260 3004 2505 3072 λεύθεροι
2539 3002 2680 3054 κατά
2725 3000 2821 3070 μὲν
2853 2999 3024 3054 ἀλλων
3062 2998 3313 3050 δύνανται
3362 2996 3578 3062 ἐνάγειν
3614 2997 3712 3047 καὶ
3756 2997 3854 3061 ἑγσ

593 3102 807 3154 qnoque
831 3091 1078 3155 capitalis
1100 3106 1290 3144 vocare
1315 3103 1535 3161 possunt
1563 3111 1575 3157 ;
1615 3110 1718 3147 non
1754 3107 1925 3149 tamen
1960 3115 2072 3159 eos.
2120 3116 2148 3153 a

591 3179 784 3243 quibus
837 3182 1168 3244 manumissi,
1200 3195 1289 3234 aut
1319 3199 1502 3236 eorum
1533 3185 1748 3247 liberos,
1792 3202 1888 3239 nec
1921 3190 1984 3240 ad
2016 3205 2150 3256 quos

594 3269 902 3321 lnereditate
928 3281 1240 3333 patronatus
1265 3275 1381 3338 jura
1421 3289 1729 3340 pervenere.
1761 3276 1851 3328 Est
1886 3293 2010 3330 vero
2055 3295 2150 3347 pa-

595 3365 834 3409 tronatus
880 3357 1064 3410 Latina
1096 3361 1280 3424 dictio,
1306 3376 1330 3410 a
1360 3361 1560 3416 Graecis
1603 3378 1817 3431 quoque
1867 3376 2148 3432 usurpata,

592 3462 712 3514 quae
749 3447 835 3513 jus
885 3450 1149 3516 quoddam
1187 3453 1522 3506 auctoritatis
1559 3454 1609 3504 itt
1645 3453 1802 3506 alium
1862 3468 1922 3505 ac
1978 3454 2153 3507 illiCi:B

595 3539 809 3590 iudicat.
850 3540 1029 3605 Neque
1059 3541 1221 3608 igitur
1255 3558 1441 3595 servus
1477 3545 1540 3594 ad
1581 3544 1811 3612 episcopi
1852 3559 1942 3594 aut
1969 3545 2151 3598 clerici

592 3631 988 3682 accusationem
1017 3647 1185 3682 canon
1231 3633 1486 3696 admittit,
1532 3649 1630 3687 nec
1669 3645 2038 3688 accusatorum
2085 3635 2152 3687 li-

592 3722 791 3792 bertos,
828 3737 922 3775 nec
957 3723 1164 3787 aliqth
1187 3723 1339 3786 alios,
1376 3726 1467 3792 qui
1518 3725 1692 3791 legum
1737 3727 1971 3778 civilium
2018 3743 2150 3780 con-

591 3812 958 3863 stitutionibus
987 3811 1052 3863 ab
1083 3815 1430 3866 accusatione
1460 3814 1718 3868 criminali
1748 3825 2019 3880 arcentur,
2060 3833 2152 3869 ne-

591 3916 694 3965 que
728 3900 975 3960 infames,
1010 3902 1193 3969 quales
1217 3913 1340 3956 sunt
1374 3905 1544 3966 mimi,
1578 3906 1779 3974 quique
1810 3922 1930 3960 eum
1964 3907 2152 3962 beSIiis

594 4003 831 4061 pugnant
870 3995 947 4046 vel
981 3995 1070 4062 qui
1105 3995 1475 4061 gladiatoriam
1506 4005 1760 4051 exercent
1791 4036 1803 4050 .
1837 3997 1937 4051 Per
1962 3999 2153 4052 mimos

592 4098 717 4135 vero
757 4083 998 4136 scenicos
1040 4098 1226 4135 omnes
1271 4084 1550 4148 intellexit,
1576 4100 1883 4150 quorunth
1908 4101 2150 4149 numero,

588 4174 677 4241 qui
706 4175 915 4239 quidem
944 4185 1219 4239 spectante
1245 4176 1565 4241 imperatore
1587 4177 1719 4230 artis
1743 4191 1855 4229 sua:
1880 4178 2150 4243 specimen

588 4266 772 4326 edunt,
809 4263 1013 4318 honesti
1045 4281 1073 4315 a
1123 4266 1326 4329 legibus
1360 4267 1772 4322 existimantur:
1808 4267 2060 4336 quivere
2097 4268 2148 4320 in

2260 3094 2631 3163 κληματικῶς,
2655 3092 2793 3145 κατά
2824 3092 2876 3144 δὲ
2901 3091 3008 3141 τῶν
3035 3089 3414 3157 ἐλευθερωτῶν
3440 3086 3644 3147 αὐτῶν,
3673 3087 3708 3156 ἦ
3736 3087 3851 3138 τῶν

2259 3187 2465 3238 παίδων
2497 3184 2698 3241 αὐτῶν,
2733 3183 2764 3251 ἦ
2797 3182 2902 3232 τῶν
2927 3181 3281 3249 κληρονόμων
3307 3180 3412 3229 τῶν
3445 3179 3681 3244 ἑχόντων
3719 3178 3848 3229 κατ’

2260 3278 2436 3331 αὐτῶν
2469 3273 2786 3342 πατρωνικὰ
2819 3272 3000 3324 δίκαια
3031 3271 3091 3322 οὑ
3125 3271 3403 3322 δύνανται.
3451 3269 3511 3320 Ἠ
3550 3267 3848 3336 πατρωνία

2258 3368 2314 3420 δὲ
2355 3367 2636 3434 Ῥωμαῖκὴ
2660 3361 2792 3416 οὖσα
2823 3363 2964 3426 λέξις
2991 3362 3084 3413 καὶ
3114 3360 3564 3427 ἐξελληνιζομένη
3600 3376 3854 3424 προστα-

2261 3457 2349 3508 σία
2400 3457 2622 3506 νοεῖται.
2677 3453 2816 3506 Οῠτε
2871 3451 2963 3503 οὖν
2999 3449 3217 3510 δούλους
3257 3449 3470 3517 δέχεται
3508 3448 3864 3514 κατηγορεῖν

2259 3545 2572 3598 ἐπισκόπων
2606 3545 2698 3598 καὶ
2731 3541 3014 3610 κληρικῶν
3059 3541 3085 3590 ὀ
3122 3538 3332 3592 κανὼν,
3383 3536 3504 3588 οὔτε
3538 3537 3855 3588 ἀπελευθέο

2263 3653 2387 3704 ρους
2420 3637 2580 3696 ἰδίους
2603 3635 2710 3687 τῶν
2737 3629 3253 3700 κατηγορουμένων,
3283 3627 3404 3680 οὔτε
3437 3627 3586 3688 τινὰς
3623 3629 3848 3690 ἄλλους.

2258 3726 2349 3790 οὓς
2399 3729 2446 3778 οἱ
2492 3723 2759 3778 πολιτικοὶ
2806 3722 2961 3790 νόμοι
3013 3721 3342 3787 κατηγορεῖν
3395 3717 3701 3770 κωλύουσιν
3756 3720 3860 3772 ἐπ*

2259 3819 2614 3886 ἐγκλήμασιν,
2643 3814 2765 3865 οὕτε
2797 3813 3042 3879 ἀτίμους,
3073 3806 3183 3861 οἷον
3217 3809 3410 3876 μίμους
3446 3815 3538 3859 καὶ
3569 3809 3852 3876 θηριομά-

2258 3926 2384 3979 χους
2407 3908 2439 3976 ἢ
2466 3905 2825 3975 μονομάχους.
2848 3902 2944 3953 Διά
2966 3901 3020 3952 δὲ
3049 3900 3157 3951 τῶν
3187 3899 3371 3966 μίμων
3399 3901 3523 3959 τοὺς
3549 3903 3856 3968 σκηνικοὺς

2261 4002 2467 4059 πάντας
2496 3997 2766 4065 ἐδήλωσεν
2788 4036 2802 4057 ,
2837 3987 2912 4045 ὧν
2949 3994 2997 4044 οἱ
3036 3992 3164 4061 μὲνῖ,
3196 3991 3446 4051 εἰωθότες
3480 3990 3716 4042 ἐνώπιον
3751 3991 3854 4044 τοῦ

2261 4089 2524 4159 βασιλέως
2579 4087 2649 4139 τά
2705 4083 2912 4136 ἑαυτῶν
2968 4080 3340 4134 ἐνδείκνυσθαι
3400 4080 3853 4149 ἐπιτηδεύματα,

2259 4181 2466 4246 ἔντιμοι
2498 4179 2609 4236 τοῖς
2642 4175 2826 4242 νόμοις
2857 4171 3165 4238 λογίζονται
3191 4186 3203 4198 ·
3235 4171 3284 4221 oi
3316 4164 3372 4222 δέ
3406 4171 3462 4221 ἐν
3495 4171 3862 4240 πανηγύρεσι¹

2262 4272 2353 4323 καὶ
2383 4268 2702 4335 δημοτικαῖς
2732 4263 3076 4316 συνελεύσεσι
3103 4262 3384 4324 παίζοντες
3409 4261 3597 4328 ἄτιμοι
3624 4262 3854 4331 κρίνον-

591 4357 705 4408 l'oro
760 4371 937 4407 coram
987 4356 1232 4422 imperita
1287 4356 1625 4410 multitudine
1672 4359 1824 4412 ludos
1869 4360 2150 4424 exhibent,

2258 4373 2370 4408 ται·
2430 4355 2632 4424 ὁμοίιος
2693 4353 2784 4405 καὶ
2839 4354 2886 4404 οἱ
2942 4351 3290 4420 Οηριομάχοι,
3353 4349 3401 4400 οἳ
3457 4352 3551 4401 καὶ
3608 4356 3855 4417 κυνηγοὶ

591 4446 816 4498 infames
844 4446 1128 4498 ducuntur.
1168 4446 1423 4497 Similiter
1470 4457 1523 4499 et
1572 4447 1606 4498 ii
1643 4449 1732 4515 qui
1793 4463 1913 4500 eum
1966 4449 2150 4503 bestiis

589 4544 844 4601 pugnant,
881 4534 970 4599 qui
1003 4535 1161 4597 etiam
1213 4543 1496 4588 venatores
1530 4536 1802 4598 dicuntur,
1838 4547 1895 4588 ut
1942 4545 1996 4588 et
2043 4539 2155 4604 gla-

590 4626 869 4689 diatores;
909 4625 950 4676 si
985 4626 1196 4689 quidem
1231 4624 1558 4679 fortitudinis
1588 4630 1918 4680 ostentandm
1941 4629 2153 4695 gloriae-

588 4729 690 4780 que
713 4715 1082 4780 centparandat
1125 4714 1299 4765 studio
1330 4715 1610 4768 bestiarios
1639 4725 1803 4782 agunt
1835 4726 1926 4769 aut
1955 4718 2156 4784 gladia-

589 4814 754 4867 lorcs,
785 4807 926 4858 nulla
961 4807 1084 4858 hinc
1127 4819 1219 4859 eos
1250 4806 1469 4858 honoris
1498 4806 1705 4872 jactura
1756 4809 2104 4874 consequitur
2137 4824 2149 4859 :

588 4899 672 4951 sin
731 4899 974 4949 mercede
1019 4895 1296 4958 conducti,
1351 4897 1641 4963 ignominia
1686 4908 1963 4949 notantur.
2020 4897 2150 4950 Nam

588 4963 888 5055 quicunque
916 4990 1034 5041 vita:
1059 5004 1168 5042 sua:
1196 4987 1338 5041 haud
1365 5004 1610 5056 parcens,
1641 5003 1756 5041 eam
1789 4990 1960 5056 pretio
1989 5006 2152 5042 vena-

591 5080 689 5133 lem
723 5080 897 5138 habet.
944 5090 1277 5147 mortemque
1327 5095 1485 5132 causa
1527 5080 1656 5132 Ιιιιτί
1699 5081 2150 5148 ροιιιεξιιιιιὶιμιιιί

593 5172 704 5223 lieri
752 5180 945 5238 potest.
975 5171 1135 5238 665
1172 5181 1227 5222 tit
1261 5171 1649 5224 existimationi
1697 5187 1805 5222 sua:
1853 5172 2152 5240 honorique

591 5263 818 5330 parcat?
854 5262 955 5314 Sed
991 5277 1161 5329 neque
1204 5263 1470 5314 haereticis
1518 5272 1612 5314 aut
1653 5263 1953 5316 inﬁdelibus
1994 5279 2150 5316 accu-

592 5368 710 5406 sare
737 5355 912 5405 datum
935 5363 1035 5406 est.
1061 5353 1160 5417 Qui
1187 5364 1358 5407 tamen
1383 5369 1589 5416 omnes,
1621 5355 1664 5406 si
1694 5355 1888 5422 aliquid
1922 5356 2153 5409 habeant

595 5443 811 5510 privum
844 5445 1244 5506 contraversia},
1295 5463 1357 5500 ac
1387 5446 1452 5499 de
1485 5461 1547 5500 ea
1580 5445 1678 5498 sibi
1727 5445 1984 5513 judicium
2035 5448 2148 5499 dari

2254 4447 2630 4518 ὀνομάζονται,
2663 4445 2755 4495 καὶ
2787 4442 3240 4510 μονομαχοῦντες,
3276 4442 3324 4492 εί
3357 4441 3454 4509 μὲν
3480 4440 3546 4492 δι’
3580 4442 3856 4508 ἐπίδειξιν

2252 4522 2815 4611 ἀνδρεία;⁷’“ξιὶχδόξης
2839 4532 3013 4602 ἔρωτα
3053 4532 3479 4600 Θηριομαχοῦσιν
3523 4536 3554 4598 ἢ
3595 4550 3854 4602 μονομα-

2252 4632 2458 4701 χοῦσιν,
2491 4613 2908 4706 ὲπίτιμδίκξὶσιν·
2931 4627 2978 4675 εί
2996 4624 3050 4675 δὲ
3072 4624 3157 4675 διὰ
3182 4624 3391 4691 μισθὸν,
3413 4625 3620 4690 ἄτιμοι.
3653 4624 3715 4675 '0
3735 4629 3853 4695 γὰρ

2248 4725 2344 4789 τῆς
2359 4724 2559 4782 οἰκείας
2579 4720 2720 4791 ζωῆς
2742 4706 3166 4796 μῆχξειδόμενος,
3193 4715 3325 4766 ἀλλὰ
3346 4714 3537 4781 μισθοῦ
3556 4714 3852 4784 προδιδοὺς

2250 4811 2440 4880 αὐτὴν,
2483 4812 2576 4863 καὶ
2604 4812 2834 4863 Θανάτου
2991 4805 3179 4870 κέρδος
3213 4802 3588 4869 καταφρονῶν,
3632 4805 3754 4865 πῶς
3781 4807 3852 4856 ἂν

2253 4903 2349 4968 τῆς
2372 4902 2573 4961 οἰκείας
2613 4903 2855 4966 φείσεται
2880 4885 3200 4964 ὑπΰλήψεως
3225 4910 3241 4957 ἶ
3279 4893 3389 4946 ἀλλ’
3406 4894 3525 4945 οὐδὲ
3543 4895 3852 4962 αἱρετικοῖς

2255 4993 2287 5059 ἢ
2324 4991 2569 5053 ἀπίστοις
2593 4991 2773 5043 δίδωσι
2797 4989 3141 5066 κατηγορκξξίν.
3175 4986 3235 5037 Εἰ
3276 4985 3330 5036 δὲ
3359 4985 3491 5047 ἰδίας
3535 4987 3583 5038 οἱ
3609 4988 3850 5040 τοιοῦτοι

2257 5083 2432 5146 αἰτίας
2466 5083 2667 5152 ἔχουσι,
2694 5083 2787 5134 καὶ
2818 5100 2880 5133 πε
2892 5085 2942 5150 ρὶ
2969 5078 3175 5152 morm
3197 5077 3466 5142 ἑνάγουσι,
3501 5079 3848 5149 προσδεχθή-

2260 5192 2460 5236 σονται,
2514 5174 2617 5227 κᾶν
2661 5172 2778 5225 κατ’
2821 5153 3207 5244 ὲπισκόπωνχῇ
3259 5167 3534 5236 κληρικῶν
3581 5171 3844 5237 ὲνάγωσι.

2257 5267 2336 5317 Τὰ
2390 5265 2527 5317 αὐτὰ
2587 5264 2642 5315 δὲ
2699 5263 2987 5331 διορίζεται
3057 5263 3151 5314 καὶ
3289 5258 3443 5320 ⁹ἐκτος
3502 5258 3684 5311 κανὼν
3746 5261 3846 5324 τῆς

2257 5357 2512 5425 δευτέρας
2540 5355 2775 5408 συνόδου.
2818 5354 3217 5424 Ἀναγνωστέον
3241 5341 3337 5425 aia}
3358 5349 3424 5400 τά
3449 5349 3506 5399 έν
3534 5350 3736 5419 ἐκείνῳ
3754 5365 3848 5416 γε-

2259 5451 2567 5515 γραμμένα.
3310 5419 3342 5472 \‘

591 5540 775 5601 velint,
800 5549 954 5597 ct'am
979 5546 1527 5612 adversusepiseopm
1565 5555 1615 5597 et
1659 5544 1884 5599 clericos
1925 5547 2206 5600 audiantur
2284 5545 2476 5598 Eadem
2553 5554 2733 5599 scitus
2800 5560 3011 5613 quoque
3093 5522 3588 5606 secuttdm\-by|10di
3670 5547 3845 5591 υὲηοη

600 5637 758 5676 ρδὶτῐι
824 5637 897 5676 Tn
927 5656 1041 5676 ηιιτι
1077 5642 1123 5676 in
1149 5656 1268 5676 mnu
1301 5642 1495 5676 crrinln
1528 5649 1644 5676 cnnl
1680 5639 1794 5676 νὶΛρ
3355 5579 3388 5676 K

600 5637 782 5691 edicit.
824 5637 897 5691 Tu
927 5656 1042 5711 qua:
1075 5642 1124 5697 in
1149 5656 1268 5697 eum
1300 5642 1496 5708 scripta
1527 5649 1646 5694 sunt
1680 5639 1811 5693 ride.

3387 5677 3398 5711 ι

3372 5811 3384 5858 i
