4012 6500
223 479 310 546 ιιι

1205 482 1287 544 ΙΝ
1325 483 1488 546 CAN.
1524 479 1761 543 CXXXI
1801 481 2007 543 CONC.
2072 483 2447 544 CARTHAG.

3336 481 3443 546 418

232 594 454 650 ’ΔΡΙΣἹἋ
496 612 518 648 s
559 597 666 649 Καὶ
710 597 739 649 6
768 595 974 661 δοῦλος,
1006 595 1100 649 καὶ
1143 595 1171 647 6
1203 595 1585 665 ἀπελεύθερος,
1628 597 1761 648 καις

1881 592 2103 648 ARIST.
2136 613 2154 646 ι
2192 595 2252 648 Ει
2282 610 2490 659 servus,
2520 604 2572 649 et
2601 595 2844 658 libertus,
2872 603 2924 649 et
2951 593 3040 665 qui
3066 606 3191 648 ante
3217 608 3442 651 accusa-

289 705 307 737 ι
341 687 854 756 προκατηγορηθεὶς
893 686 984 737 ἐπί
1018 704 1069 739 τι
1106 686 1216 739 τῶν
1241 686 1302 739 οὐ
1337 685 1777 756 προσδεχομένων

287 795 305 827 ι
341 775 417 844 τῷ
453 777 723 846 δημοσίῳ,
759 777 855 829 καὶ
889 777 918 828 6
952 779 1134 846 μῖμος,
1170 778 1263 830 καὶ
1297 777 1326 828 6
1357 776 1591 853 Ἕλλην,
1630 778 1722 829 καὶ
1751 777 1780 829 6

291 882 312 918 ι
347 866 652 936 αίρετικδς,
687 867 782 917 καὶ
811 868 839 919 6
882 865 1151 928 Ἰουδαῖος.
1194 883 1212 917 ι

283 961 353 1012 Οὐ
387 957 470 1012 δεῖ
497 958 868 1022 ἀνεξετάστως
893 961 990 1022 τὰς
1021 959 1160 1012 κατὰ
1189 959 1499 1012 ἐπισκόπων
1527 959 1560 1029 ἢ
1591 959 1780 1027 κληρι-

223 1048 324 1101 κῶν
366 1046 704 1117 κατηγορίας
750 1046 783 1116 ἢ
827 1047 1128 1116 μαρτυρίας
1170 1045 1598 1116 προσδέχεσθαι·
1644 1045 1778 1099 ἀλλὰ

220 1138 523 1207 ἀνακρίνειν
575 1139 698 1199 τοὺς
754 1137 1186 1206 κατηγοροῦντας
1240 1136 1274 1207 η
1329 1136 1773 1206 μαρτυροῦντας,

219 1228 379 1281 ὁποῖοί
411 1229 518 1279 είσι
553 1227 695 1280 κατὰ
728 1227 818 1279 τὸν
844 1226 997 1278 ἕκτον
1029 1227 1227 1278 κανόνα
1259 1227 1358 1294 τῆς
1390 1229 1447 1278 ὲν
1480 1229 1775 1281 Κωνστανο

218 1316 506 1369 τινουπόλει
564 1317 785 1369 συνόδου
812 1330 828 1348 ⁸
877 1317 972 1369 καὶ
1017 1317 1065 1367 εί
1122 1315 1219 1383 μὲν
1262 1315 1354 1368 τὸν
1401 1315 1512 1384 βίον
1563 1315 1776 1385 ἔχουσιν

219 1409 513 1476 ἄμεμπτον,
547 1407 642 1460 καὶ
675 1409 774 1476 τὴν
803 1407 1095 1476 θρησκείαν
1125 1405 1425 1475 ὀρθόδοξον,
1455 1406 1773 1477 προσίεσθαι

218 1496 399 1559 αὐτούς
417 1511 432 1528 ·
462 1499 510 1549 εί
539 1498 600 1551 δὲ
626 1499 661 1568 ἦ
687 1497 862 1550 δοῦλοί
890 1498 1026 1550 εἰσιν
1061 1490 1225 1566 (οὗτοι
1253 1498 1361 1566 γὰρ
1395 1499 1488 1549 καὶ
1529 1497 1636 1549 ἀπὸ
1666 1496 1773 1549 τῶν

217 1586 497 1639 πολιτικῶν
521 1588 707 1656 νόμων
728 1588 845 1641 οὐδὲ
870 1588 990 1641 καθ’
1009 1587 1334 1656 οίουδήτινος
1353 1588 1772 1656 ὲγκληματικῶς

225 1677 641 1747 ῆχρηματικῶς
668 1715 685 1742 ,
734 1677 945 1743 ἐνάγειν
984 1676 1017 1746 ἢ
1061 1679 1354 1745 μαρτυρεῖν
1386 1677 1683 1744 δύνανται),
1737 1679 1770 1747 ἢ

217 1766 558 1833 ἀπελεύθεροι
605 1769 728 1821 ῐδιοι
780 1768 874 1822 τοῦ
924 1768 1400 1838 κατηγορουμένου
1453 1767 1768 1837 (κωλύονται

218 1858 311 1928 γὰρ
347 1858 438 1909 καὶ
464 1850 615 1910 οὗτοι
649 1857 756 1910 ἀπὸ
783 1858 958 1926 νόμων
991 1858 1127 1911 κατὰ
1151 1857 1259 1909 τῶν
1287 1857 1768 1926 ὲ).ευθερωσάντων

216 1949 395 2010 αὐτοὺς
418 1947 507 2000 ιπ’
535 1948 847 2017 ἐγκλήμασι
877 1949 1196 2018 μαρτυρεῖν,
1226 1948 1313 2001 διὰ
1341 1947 1401 1999 τὸ
1423 1947 1768 2000 άπαιτείσθαι

218 2037 405 2105 τιμίους
434 2039 530 2090 καὶ
560 2037 751 2106 ἁγίους
777 2037 902 2101 τοὺς
934 2037 1223 2107 πάτρωνας
1261 2035 1459 2102 αὐτῶν,
1492 2037 1611 2107 ἦτοι
1645 2039 1768 2099 τοὺς

216 2125 589 2197 ίλευθερωτάς,
624 2126 1036 2198 λογίζεσθαι),ἦ
1071 2129 1640 2198 προκατηγορηθέντες
1672 2130 1766 2181 καὶ

217 2217 280 2283 μὴ
325 2218 693 2286 προφανέντες
731 2215 1030 2283 άνιύθυνοι,
1061 2217 1094 2287 ἢ
1142 2219 1197 2270 ὲν
1224 2218 1468 2287 δημοσίῳ
1499 2234 1765 2284 κατακρι-

217 2307 376 2368 θέντες
405 2307 766 2377 δικαστηρίῳ,
790 2309 884 2361 καὶ
913 2310 1077 2378 μήπω
1101 2307 1210 2362 άπὸ
1237 2308 1522 2379 βασιλικῆς
1545 2310 1765 2377 εὐεργε-

217 2400 316 2462 σίας
342 2399 416 2460 είς
439 2400 542 2470 τὴν
567 2399 772 2452 οἰκείαν
795 2399 1074 2469 ἐπιτιμίαν
1097 2400 1591 2464 ἀποκαταστάντες,
1618 2401 1650 2470 ἢ
1677 2402 1766 2453 τὸν

216 2489 314 2556 βίον
339 2490 663 2560 ἑφύδριστον
695 2492 903 2561 ἔχοντες
926 2533 939 2556 ,
972 2491 1048 2554 ὡς
1073 2496 1250 2560 μῖμοί,
1283 2492 1379 2545 καὶ⁵
1412 2493 1657 2561 σκηνικοί
1681 2506 1697 2521 °
1729 2493 1762 2561 ἦ

217 2579 298 2647 τῆς
316 2581 588 2649 ἡμετέρας
610 2581 902 2651 θρησκείας
921 2581 1070 2644 ὄντες
1092 2581 1380 2652 ἀλλότριοι,
1406 2583 1478 2641 ὼς
1501 2584 1762 2646 Ἰουδαῖοι,

217 2671 462 2738 alpes:on
493 2688 552 2723 τε
590 2673 684 2724 καὶ
719 2670 978 2741 Ἕλληνες
1004 2688 1016 2703 ’
1048 2675 1106 2725 οὺ
1144 2673 1650 2743 παραδεχθήσονται
1683 2677 1763 2738 είς

217 2759 534 2826 κατηγορίαν
555 2761 586 2827 ἢ
619 2761 700 2821 είς
726 2760 1032 2830 μαρτυρίαν
1054 2763 1365 2815 ιπισκὸπων
1389 2763 1420 2831 ἢ
1449 2763 1722 2831 κληρικῶν
1745 2781 1760 2797 ⁸

216 2847 288 2898 διὰ
315 2849 371 2900 τὸ
402 2850 572 2918 μηδέν
602 2868 654 2902 τι
683 2851 878 2912 αὐτοὺς
904 2852 1088 2921 ἕτερον
1114 2853 1359 2906 σπεύδειν
1392 2855 1423 2923 ἢ
1456 2855 1762 2923 μῶμονκαὶ

216 2938 385 2992 σπίλον
409 2943 532 3002 ταῖς
577 2939 878 3009 ὑπολήψεσι
914 2943 1248 3013 προσάπτειν
1283 2943 1388 2997 τῶν
1419 2945 1606 3014 ἱερέων
1625 2985 1640 3009 ,
1671 2947 1764 2998 καὶ

220 3028 430 3097 ταραχὰς
467 3030 698 3098 ιπάγειν
723 3033 787 3101 τῇ
831 3032 1146 3102 Ἐκκλησία.

767 3123 1002 3175 ΚΑΝΩΝ
1033 3124 1202 3178 PAA'.

1956 703 1974 735 ι
2007 693 2093 737 tur
2110 685 2287 754 aliquo
2308 699 2490 739 eorum
2515 685 2798 738 criminum
2828 684 2898 738 ob
2937 699 3054 751 qua:
3075 682 3141 736 ad
3174 684 3438 753 publicum

1954 794 1974 826 ι
2001 774 2258 842 judicium
2289 791 2390 829 non
2421 775 2740 839 admittitur,
2764 784 2816 828 et
2859 775 3071 838 mimus,
3103 783 3155 826 et
3197 771 3440 836 Gnaeus.

1955 883 1974 916 ι
2005 875 2056 919 et
2085 865 2387 929 hmreticus,
2411 874 2464 918 et
2490 863 2726 917 Judaeus.
2768 882 2786 914 ι

1948 952 2062 1007 Νοιι
2109 963 2319 1023 oportet
2373 955 2738 1009 accusationes
2788 965 2843 1009 et
2901 955 3200 1009 testimonia
3249 965 3434 1010 contra

1877 1047 2158 1113 episcopos
2193 1045 2274 1098 vel
2304 1046 2529 1099 clericos
2568 1046 2686 1099 sine
2711 1048 3102 1101 examinatione
3143 1047 3385 1112 accipere
3417 1062 3434 1104 :

1876 1133 1969 1186 sed
2000 1142 2338 1188 accusatores
2363 1137 2475 1188 sive
2509 1121 2672 1188 testes
2707 1136 3034 1198 examinare,
3073 1134 3260 1203 quales
3303 1135 3428 1199 sint,

1870 1221 2022 1290 juxta
2053 1233 2262 1276 sextum
2302 1223 2487 1291 synodi
2519 1221 3115 1293 Coustautinopolitanm
3145 1239 3435 1280 canonem.

1875 1313 1940 1366 Et
1962 1316 2004 1366 si
2043 1316 2254 1382 quidem
2289 1314 2392 1366 vita
2421 1315 2527 1368 sint
2561 1315 2831 1382 inculpati,
2871 1325 2926 1370 et
2963 1317 3216 1382 religione
3240 1316 3433 1370 ortho-

1874 1403 2023 1465 doxi,
2057 1417 2150 1458 eos
2187 1406 2469 1459 admittere
2499 1423 2513 1459 :
2540 1406 2620 1458 sin
2664 1415 2837 1458 autem
2881 1405 2964 1457 Vel
3005 1406 3144 1460 servi
3203 1405 3312 1460 sint
3354 1406 3430 1475 (hi

1873 1493 2014 1546 enim
2044 1507 2074 1546 α
2101 1493 2302 1560 legibus
2341 1495 2570 1562 politicis
2594 1501 2782 1548 contra
2811 1495 3077 1548 neminem
3119 1495 3337 1547 omnino
3377 1494 3430 1547 in

1871 1596 2059 1647 causa,
2106 1584 2187 1638 vel
2233 1581 2501 1638 criminali
2540 1584 2622 1638 vel
2667 1584 2994 1653 pecuniaria,
3029 1586 3428 1639 accusationem

1872 1669 2011 1724 ferre
2037 1682 2127 1724 aut
2152 1672 2513 1725 testimonium
2540 1672 2668 1726 dare
2699 1672 2963 1740 possunt),
3000 1672 3083 1725 vel
3119 1673 3429 1725 mauumissi

1871 1761 2070 1828 proprii
2105 1762 2336 1814 accusati
2374 1762 2426 1830 (a
2456 1762 2661 1830 legibus
2702 1762 2840 1815 enim
2861 1771 2914 1815 et
2962 1761 3050 1815 isti
3083 1761 3432 1828 prohibentur

1870 1863 2055 1905 contra
2080 1867 2171 1905 eos
2224 1857 2310 1920 qui
2354 1853 2500 1921 ipsos
2540 1853 2984 1910 manumiseruut.
3018 1851 3072 1904 in
3116 1851 3432 1904 criminibus

1876 1946 2236 2000 testimonium
2266 1946 2392 1998 dare
2409 1983 2426 2008 ,
2454 1945 2578 2015 quia
2604 1945 2909 2010 requiritur,
2933 1953 2991 1998 ut
3022 1953 3279 2013 patronos
3301 1958 3430 1999 suos

1874 2046 1928 2090 et
1976 2035 2291 2090 liberatores
2343 2036 2684 2088 honorandos
2726 2043 3046 2104 sanctosque
3070 2035 3422 2097 existiment),

1876 2128 1955 2180 vel
1985 2140 2140 2179 antea
2180 2127 2411 2180 accusati
2454 2133 2507 2179 et
2555 2126 2866 2181 innocentes
2917 2141 3021 2180 non
3053 2125 3184 2192 visi,
3237 2126 3319 2179 vel
3373 2127 3425 2178 in

1873 2220 2082 2288 publico
2102 2221 2435 2274 condemnati
2462 2220 2682 2288 judicio,
2708 2227 2762 2273 et
2792 2219 3021 2272 nondum
3049 2223 3113 2270 ah
3137 2219 3428 2285 imperato-

1875 2308 1950 2362 ria
1984 2309 2329 2362 beneficentia
2357 2309 2423 2360 ad
2448 2309 2710 2376 integrum
2739 2321 2893 2360 suum
2919 2313 3116 2359 statum
3151 2305 3385 2358 rest'tuti
3408 2345 3422 2363 .

1872 2398 1953 2452 vel
1975 2398 2135 2452 vitam
2154 2399 2588 2453 contumeliosam
2607 2406 2844 2466 agentes,
2881 2404 2938 2449 ut
2964 2398 3110 2449 mimi
3132 2405 3182 2448 et
3203 2394 3368 2448 sccuit
3386 2395 3423 2456 i,

1874 2495 1968 2540 aut
1995 2502 2022 2537 ιι
2049 2495 2228 2540 nostra
2265 2486 2517 2556 religione
2556 2485 2717 2539 alieni
2740 2523 2756 2548 ,
2781 2497 2838 2538 ut
2865 2484 3053 2548 Judaei,
3078 2483 3335 2548 haeretici,
3369 2494 3424 2537 et

1871 2574 2076 2630 erci:
2117 2577 2181 2629 ad
2215 2578 2586 2646 episcoporum
2637 2585 2729 2629 aut
2763 2575 3080 2630 clericorurn
3129 2574 3425 2628 accusatio-

1873 2680 1992 2719 nem
2022 2665 2135 2719 sive
2188 2667 2545 2720 testimonium
2580 2682 2685 2721 non
2734 2665 3107 2727 admittentur,
3144 2675 3422 2731 propterea

1869 2757 2012 2825 quod
2051 2759 2135 2809 isti
2189 2758 2320 2811 nihil
2345 2758 2486 2810 aliud
2534 2758 2589 2811 iu
2641 2759 2820 2810 animo
2871 2756 3068 2810 habent
3110 2764 3164 2808 et
3207 2765 3421 2812 conatu.

1868 2862 2028 2915 quam
2052 2848 2326 2902 infamiam
2356 2859 2407 2902 et
2437 2847 2698 2902 maculam
2723 2851 3060 2902 sacerdotqu
3083 2844 3424 2915 opin‘onibns

1868 2937 2100 3007 adigere,
2121 2946 2175 2992 et
2207 2937 2456 2994 Eclcesize
2481 2938 2905 3008 perturbationes
2929 2939 3121 2992 aﬂ‘crre

2383 3136 2609 3195 CANON
2644 3135 2875 3191 CXXXI.

218 3225 235 3259 t
267 3209 373 3263 Ἰνα
400 3213 427 3265 6
457 3215 587 3281 napi.
619 3213 736 3276 ἑνὸς
765 3213 1103 3283 ἐγκλήματος
1130 3215 1402 3280 ἀποδεῖξαι
1434 3217 1508 3286 μὴ
1538 3219 1761 3286 δυνάμε-

1872 3247 1892 3280 ι
1935 3229 2006 3283 L't
2030 3228 2117 3297 qui
2139 3242 2301 3280 unum
2332 3227 2533 3280 crimen
2565 3224 2792 3291 probare
2825 3239 2928 3278 non
2961 3232 3154 3293 potest,
3197 3225 3262 3279 ad
3292 3226 3424 3280 εἰν·

277 3314 294 3347 ι
330 3315 416 3361 νος
448 3300 588 3368 πρὸς
625 3301 810 3369 ἕτερον
840 3300 916 3370 μὴ
950 3300 1218 3370 είσδεχθῇ.
1259 3302 1490 3371 ἰιμοίως
1520 3305 1716 3375 ἧρεσεν
1742 3346 1758 3370 ,

277 3405 293 3438 ι
333 3389 416 3441 ἵνα
478 3391 875 3460 ὀσακισδήποτε
931 3390 1215 3461 κληρικοίς
1271 3395 1378 3446 ἀπ’)
1438 3395 1760 3464 κατηγόρων

276 3495 293 3528 ι
329 3480 492 3534 πολλὰ
525 3481 846 3552 ἐγκλήματα
872 3481 1275 3534 ὑποϐάλλωνται
1298 3522 1311 3546 ,
1347 3483 1442 3534 καὶ
1473 3484 1530 3535 ἓν
1563 3485 1620 3546 ἐξ
1659 3485 1758 3537 αὐ-

275 3585 293 3618 ι
331 3569 454 3633 τῶν,
508 3572 638 3638 περὶ
695 3564 754 3622 οὗ
799 3570 1014 3636 πρῶτον
1059 3571 1330 3640 ἐπράχθη,
1376 3572 1758 3640 ἀποδειχθῆναι

276 3674 292 3702 ι
327 3661 422 3711 οὐκ
471 3660 733 3728 ἠδυνήθη,
785 3660 919 3729 πρὸς
963 3661 1029 3712 τά
1073 3659 1233 3712 λοιπά
1287 3663 1423 3728 μετὰ
1467 3661 1638 3713 ταῦτα
1682 3661 1757 3730 μὴ

277 3763 293 3794 ι
333 3747 751 3817 προσδεχθιῖηιν.
786 3767 805 3799 ι

271 3834 456 3889 ΒΑΛΣ.
503 3839 860 3907 Ἐνεστήσατό
893 3856 975 3900 τις
1015 3839 1242 3909 διάφορα
1272 3841 1590 3910 ἐγκλήματα
1619 3842 1757 3895 κατά

213 3939 333 3986 τινος
364 3929 657 3998 ίερωμᾶνου
676 3967 693 3991 ,
735 3931 828 3982 καὶ
859 3932 1159 3998 ἐγύμνασεν
1198 3933 1260 3983 ὲκ
1289 3932 1394 3983 τῶν
1425 3932 1632 3983 πολλῶν
1657 3933 1714 3984 ἐν
1737 3950 1750 3966 ·

217 4015 279 4081 μὴ
305 4016 546 4083 δυνηθεὶς
575 4018 632 4070 δὲ
661 4017 819 4070 τοῦτο
851 4020 1127 4084 ἀποδεῖξαι
1155 4061 1165 4083 ,
1197 4022 1453 4088 ἠϐούλετο
1480 4025 1754 4092 γυμνάσαι

211 4103 269 4155 τὰ
294 4103 446 4162 λοιπά
471 4128 485 4142 ·
522 4110 688 4178 φησὶν
720 4105 812 4162 οὖν
844 4110 871 4161 6
903 4109 1084 4162 κανὼν
1116 4111 1196 4162 ὅτι
1225 4115 1250 4164 6
1277 4111 1513 4175 τοιοῦτος
1536 4115 1753 4182 ἀπαρά-

214 4200 376 4262 δεκτός
406 4205 544 4263 ἐστι,
577 4199 755 4264 ζητῶν
783 4197 1244 4267 κατεξετασθῆναί
1267 4216 1314 4250 τι
1344 4201 1532 4269 ἕτερον
1559 4203 1653 4270 ἀφ’
1679 4199 1753 4255 ὧν

217 4290 490 4357 προέθετο’
545 4290 640 4341 καὶ
684 4286 906 4348 είκότως
939 4285 1096 4337 τοῦτο
1139 4288 1289 4357 παρὰ
1338 4288 1446 4339 τῶν
1495 4291 1752 4359 Πατέρων

215 4375 413 4446 ὡρίσθη.
473 4376 533 4429 '0
579 4375 682 4444 γὰρ
722 4373 797 4443 μὴ
841 4373 1126 4436 ἀποδείξας
1162 4372 1190 4424 6
1235 4375 1494 4443 προέθετο
1540 4376 1752 4444 πρῶτον

216 4464 436 4536 ἔγκλημα
459 4505 474 4528 ,
515 4464 807 4518 κάντεῦθεν
839 4464 1256 4525 καταδικασθεὶς
1281 4503 1294 4527 ,
1329 4465 1360 4533 ἢ
1393 4465 1594 4532 ἔφθασε
1623 4466 1746 4519 δοῦ-

217 4573 288 4608 ναι
321 4558 595 4626 ἐγγραφὰς
626 4571 640 4586 ⁸
669 4558 764 4610 καὶ
796 4557 1090 4624 ὑφίσταται
1113 4557 1180 4608 τὰ
1208 4561 1306 4624 τῆς
1338 4559 1751 4623 ταυτοπαθείας,
1788 4557 1826 4609 0

223 4646 365 4713 ἧγουν
406 4646 728 4716 ἀτιμοῦται,
777 4645 969 4698 καὶτὰ
1017 4645 1180 4697 λοιπᾶ
1226 4647 1425 4715 πάσχει
1473 4649 1573 4700 ὅσα
1601 4651 1696 4700 καὶ
1727 4652 1754 4703 6

218 4739 585 4808 κατηγορηθεὶς
620 4738 812 4808 ἔμελλε
845 4739 1039 4791 παθεῖν
1064 4756 1078 4771 ο
1109 4741 1156 4791 εί
1190 4741 1234 4792 δ’
1269 4740 1336 4793 ἂν
1369 4743 1752 4811 κατεδικάσθη,

219 4827 293 4876 καὶ
325 4829 403 4880 διὰ
430 4829 587 4881 τοῦτο
630 4830 926 4896 γυμνάζειν
964 4830 1368 4897 ἐγκληματικὸν
1401 4834 1754 4901 δικαστήριον

220 4919 266 4966 οὐ
309 4917 520 4971 δύναται
561 4919 663 4987 ήδη
707 4919 1004 4987 άτιμωθείς
1030 4935 1043 4948 ·
1091 4920 1123 4991 ἧ
1178 4920 1278 4972 οὐκ
1330 4920 1529 4986 ἔφθασε
1571 4921 1752 4974 δοῦναι

220 5005 502 5074 ἐγγραφὰς,
561 5008 656 5061 καὶ
704 5008 865 5061 πάλιν
920 5008 1211 5077 άτιμοῦται
1261 5012 1336 5072 ὡς
1391 5011 1750 5080 συκοφάντης.

223 5093 341 5163 Πλὴν
393 5097 543 5150 τοῦτό
589 5114 646 5148 τε
695 5098 790 5150 καὶ
846 5101 874 5150 6
930 5098 1121 5168 παρὼν
1169 5101 1347 5152 κανὼν
1393 5100 1576 5169 χώραν
1618 5102 1751 5170 ἔχει,

220 5185 280 5245 ὡς
324 5185 484 5256 οἶμαι,
530 5189 661 5242 ὅταν
708 5189 736 5239 6
786 5189 1021 5252 δικάζων
1066 5192 1410 5259 άποφήνηται
1465 5192 1603 5246 κατὰ
1656 5210 1750 5243 συ-

223 5283 482 5342 κοφαντίαν
519 5279 850 5349 προτεθῆναι
883 5280 1009 5349 περὶ
1043 5280 1136 5332 τοῦ
1176 5280 1660 5343 καταδικασθέντος
1692 5281 1752 5333 τὸ

224 5365 417 5430 πρώτως
437 5369 666 5440 λαληθὲν
695 5370 967 5440 ἔγκλημα.
991 5373 1049 5422 El
1077 5369 1185 5439 γὰρ
1210 5371 1513 5439 διαγνωσθῇ
1541 5372 1621 5424 ὅτι
1651 5371 1752 5424 οὐκ

224 5456 499 5530 ἀπεδείχθη,
551 5463 673 5515 ἰπεὶ
728 5462 828 5514 οὐκ
878 5460 1168 5530 ἀτιμοῦται
1231 5463 1260 5514 6
1312 5463 1748 5529 καταδικασθεὶς,

225 5546 371 5612 καλῶς
417 5551 497 5604 ἵνα
540 5552 795 5622 γυμνάσῃ
856 5553 952 5605 καὶ
1003 5552 1189 5621 ἕτερον
1237 5551 1492 5620 ἔγκλημα
1533 5553 1626 5621 ἀφ’
1675 5547 1751 5607 ὡν

227 5637 466 5701 προέθετο.
530 5642 640 5693 Καὶ
693 5641 964 5708 ἀνάγνωθι
1007 5642 1202 5710 κεφάλ.
1257 5649 1289 5694 ι’
1334 5640 1427 5694 τοῦ
1471 5649 1518 5695 α’
1568 5642 1746 5695 τίτλου

226 5721 296 5772 τοῦ
324 5725 361 5788 ξ’
399 5727 637 5795 βιϐλίου,
683 5730 858 5797 λέγον,
886 5731 1042 5784 Κατὰ
1089 5735 1234 5802 τρεῖς
1283 5733 1518 5802 τρόπους
1571 5734 1603 5804 ἡ
1659 5751 1749 5786 συο

1930 3337 1949 3372 ι
1983 3335 2100 3373 rmn
2129 3321 2260 3385 lnon
2302 3317 2634 3371 admittatur.
2662 3313 2922 3370 Similiter
2949 3318 3150 3384 placuit
3175 3329 3232 3371 ut
3283 3334 3420 3386 qun-

1935 3430 1950 3463 ι
1994 3412 2304 3477 ticscunque
2333 3408 2544 3462 clericis
2587 3410 2652 3461 ab
2677 3409 3078 3461 accusatoribus
3111 3407 3278 3460 multa
3308 3407 3419 3461 cri-

1929 3521 1946 3552 ι
1980 3502 2119 3554 mina
2143 3499 2346 3566 objecta
2378 3497 2596 3561 fuerint,
2619 3507 2674 3552 et
2694 3513 2857 3549 unum
2881 3511 2944 3550 ex
2971 3495 3056 3558 iis,
3079 3495 3146 3549 de
3170 3511 3276 3566 qun
3305 3502 3418 3567 pri-

1931 3612 1948 3642 ι
1991 3607 2130 3646 ηιιιιιι
2161 3602 2333 3645 actum
2365 3599 2468 3652 est,
2512 3588 2731 3658 probari
2777 3602 2880 3642 non
2912 3589 3164 3657 potuerit,
3195 3587 3260 3641 ad
3293 3590 3417 3643 reli-

1933 3702 1951 3734 ι
1984 3699 2088 3752 qua
2125 3697 2228 3735 non
2256 3681 2622 3735 admittantur.
2669 3709 2688 3732 ρ

1921 3858 2110 3913 BALS.
2144 3857 2410 3911 Adversus
2441 3866 2709 3911 sacratum
2743 3855 3024 3924 quemdam
3051 3856 3260 3909 diversa
3291 3855 3411 3924 quis

1853 3949 2073 4001 crimina
2107 3946 2354 4008 intendit,
2379 3955 2432 3997 et
2459 3959 2523 3998 ex
2544 3945 2721 3997 multis
2743 3959 2904 3997 unum
2934 3946 3269 3997 trac.andnm
3296 3959 3414 3998 Sus-

1854 4039 1991 4104 cepit
2031 4054 2046 4090 :
2080 4052 2198 4094 cum
2229 4039 2328 4090 hoc
2362 4047 2539 4090 autem
2587 4037 2816 4104 probare
2849 4052 2952 4089 non
2990 4040 3241 4105 potui-rit,
3283 4037 3409 4089 reli-

1854 4141 1957 4193 qua
1992 4137 2204 4192 quoque
2242 4122 2455 4192 aggredi
2493 4123 2680 4175 voluit.
2722 4121 2857 4174 Dicit
2898 4137 3026 4189 ergo
3071 4137 3240 4176 canon
3287 4138 3406 4174 enni

1855 4231 1958 4269 non
1987 4230 2104 4269 esse
2134 4215 2545 4278 admittendum,
2566 4216 2686 4267 dum
2717 4216 2825 4267 vult
2847 4214 3036 4268 dealio
3063 4228 3092 4266 e
3123 4215 3410 4282 prepositis

1852 4306 2037 4369 qumri,
2069 4314 2124 4356 et
2182 4304 2279 4357 hoc
2315 4305 2508 4357 merito
2536 4319 2562 4356 a
2595 4303 2842 4358 Patribus
2871 4306 3149 4359 deﬁnitum
3181 4314 3280 4358 est.
3305 4306 3407 4370 Qui

1852 4392 1991 4460 enim
2030 4391 2627 4470 primumpropositum
2671 4394 2874 4445 crimen
2919 4409 3022 4447 non
3056 4395 3321 4462 probavit,
3357 4407 3410 4449 ct

1853 4496 1917 4533 ex
1947 4496 2009 4533 eo
2045 4482 2158 4548 ipso
2210 4490 2292 4534 est
2316 4483 2725 4544 condemnatus,
2761 4484 2839 4537 vel
2865 4485 3008 4536 dedit
3038 4485 3182 4550 prius
3218 4487 3409 4538 inscri-

1855 4574 2111 4639 ptionem,
2147 4582 2200 4623 et
2238 4571 2351 4639 lege
2389 4574 2600 4626 taiiouis
2632 4575 2866 4640 punitus,
2911 4577 3115 4629 scilictt
3157 4576 3216 4628 lit
3273 4575 3410 4628 infa-

1857 4663 1975 4723 mis,
2003 4672 2056 4713 et
2095 4663 2294 4730 reliqua
2329 4664 2686 4734 patitur,qua:
2713 4668 2873 4719 etiam
2924 4667 3032 4732 ille,
3064 4667 3152 4735 qui
3197 4680 3412 4720 accusa-

1857 4761 1940 4804 tus
1972 4761 2072 4815 est,
2103 4763 2223 4806 erat
2252 4767 2506 4821 passurus
2541 4770 2554 4806 :
2589 4755 2669 4808 sin
2695 4763 2874 4808 autem
2897 4765 2978 4810 est
3001 4759 3410 4819 condemnatm,

1853 4839 2126 4892 criminale
2153 4847 2431 4908 propterea
2489 4841 2751 4908 judicium
2794 4859 3006 4897 movere
3058 4859 3160 4897 nou
3215 4854 3408 4912 potest,

1855 4940 1912 4981 nt
1938 4930 2026 4997 qui
2050 4931 2120 4981 sit
2142 4929 2386 4994 infamis;
2408 4930 2490 4982 vel
2518 4933 2668 4998 prius
2695 4933 3095 4999 inscriptionem
3117 4948 3220 4986 non
3243 4935 3408 4990 dedit.

1853 5027 1908 5072 et
1940 5035 2123 5072 rursus
2173 5019 2228 5072 fit
2263 5020 2502 5080 infamis.
2541 5031 2598 5073 ut
2625 5023 3000 5076 calumniator.
3033 5022 3134 5077 Sed
3163 5024 3247 5076 hic
3277 5039 3410 5091 pra--

1853 5125 1978 5163 sens
2011 5110 2224 5178 quidem
2263 5124 2434 5164 canon
2464 5119 2592 5165 tunc
2630 5112 2800 5165 locum
2845 5114 3022 5178 habet,
3054 5124 3108 5166 ut
3140 5114 3409 5177 existimo,

1852 5199 2065 5265 quando
2101 5197 2264 5264 judex
2306 5201 2668 5266 pronuntiarit
2730 5201 2953 5266 crimen,
3002 5204 3064 5256 de
3112 5217 3218 5271 quo
3264 5203 3410 5269 prius

1852 5295 2026 5340 actum
2046 5295 2147 5350 est,
2176 5285 2339 5341 fuisse
2355 5288 2708 5341 condemnato
2725 5290 3102 5358 syenpbantice
3121 5291 3408 5357 objecmm.

1853 5378 1907 5431 Si
1936 5380 2080 5432 enim
2121 5378 2382 5445 prolatum
2419 5379 2600 5444 fuerit,
2637 5395 2740 5432 non
2771 5395 2893 5434 esse
2948 5382 3250 5448 probatum,
3284 5383 3408 5448 quia

1850 5466 2240 5519 condemnatus
2266 5480 2370 5519 non
2405 5467 2461 5518 fit
2491 5468 2739 5534 infamis;
2769 5479 2908 5523 recte
2939 5471 3166 5524 alterum
3197 5486 3411 5542 quoquo

1850 5553 2052 5607 crimen
2073 5568 2282 5619 eorum,
2303 5569 2420 5623 qua
2443 5556 2660 5626 ohjecil,
2691 5570 3060 5627 persequetur.
3086 5560 3225 5630 Lege
3249 5573 3412 5631 «aput

1850 5644 2112 5696 decimum
2151 5643 2306 5712 primi
2336 5645 2472 5699 tituli
2516 5649 2831 5717 sexagesimi
2881 5650 3020 5713 libri,
3054 5654 3192 5717 quod
3224 5651 3358 5705 dicit
3391 5669 3406 5705 :

1850 5731 2044 5788 Tribus
2093 5735 2266 5789 modis
2313 5735 2372 5789 fit
2411 5736 2699 5804 calumnia,
2751 5748 2804 5792 ct
2849 5741 3128 5808 tripliciler
3172 5743 3404 5798 vindicta

227 5817 452 5880 κοφιντία
490 5818 720 5888 γίνεται,
771 5821 860 5875 καὶ
902 5820 1143 5892 τριπλῶς
1195 5823 1227 5892 η
1271 5821 1628 5889 ἐπεξελευσις.
1677 5823 1744 5877 Ἢ

1862 5824 2094 5882 sumitur.
2128 5825 2220 5881 Vel
2262 5825 2405 5882 enim
2448 5827 2805 5885 calumniatur
2847 5830 3133 5902 quispiam.
3187 5844 3242 5889 ut
3288 5835 3408 5892 licta
