4012 6502
520 454 638 524 419

515 581 815 632 accusans;
842 566 924 621 vel
952 566 1008 621 lit
1043 581 1155 622 sum
1184 581 1361 621 causa;
1394 566 1659 634 proditor,
1698 582 1823 621 vera
1854 568 2082 624 crimina
2114 578 2159 630 Α

513 660 823 723 occultans;
856 658 939 711 vel
969 656 1237 726 judicium
1277 657 1512 725 perfecte
1564 658 1787 720 deserit,
1826 659 1892 711 ab
1924 673 2083 711 accu—

515 751 725 805 satione
748 748 1043 803 desistens.
1068 745 1180 803 Non
1212 758 1292 801 est
1332 758 1515 801 autem
1543 750 1762 802 omnino
1788 748 2087 801 calumnia-

514 851 618 901 tor,
655 838 745 907 qui
779 853 884 893 non
910 839 1101 906 probat
1128 839 1269 906 quod
1307 839 1535 891 intendit
1566 855 1577 888 :
1622 838 1715 891 sed
1746 837 1905 890 estin
1940 851 2089 903 pote-

515 939 654 985 state
676 928 892 996 judicio,
919 938 1200 996 postquam
1228 942 1374 980 reum
1417 928 1581 997 666
1604 927 1913 988 absolverit,
1937 927 2003 979 de
2025 941 2089 979 eo

514 1033 778 1088 quaerere.
813 1018 875 1071 Et
907 1020 1161 1073 sidixet‘it
1192 1020 1428 1085 quidem,
1471 1018 1585 1071 Non
1634 1018 1897 1085 probasti,
1920 1017 1969 1070 ei
1995 1031 2087 1085 pe-

514 1107 684 1175 percit
724 1122 737 1159 :
775 1108 819 1160 si
852 1120 976 1159 vero
1010 1105 1228 1170 dixerit,
1276 1105 1643 1161 Calumniatus
1686 1120 1765 1169 es,
1801 1120 1923 1159 eum
1962 1120 2093 1159 con-

514 1195 809 1257 demnavit,
838 1196 1048 1254 etiamsi
1088 1196 1153 1248 de
1197 1208 1356 1263 pmua
1406 1196 1538 1249 nihil
1583 1198 1796 1250 dixerit.
1840 1195 2091 1263 Sequitur

514 1284 892 1345 euint;causa:
939 1284 1081 1339 enim
1118 1284 1415 1351 inquisitio,
1469 1298 1573 1337 non
1624 1283 1755 1353 legis
1792 1284 2088 1347 exsecutio,

512 1376 679 1458 pidici
709 1376 968 1443 peririissa
996 1384 1100 1429 est.
1137 1374 1231 1427 Sin
1277 1383 1457 1428 autem
1501 1376 1718 1441 dixerit,
1750 1374 1975 1427 Temere
2014 1373 2093 1425 Vel

518 1465 706 1520 leviter
763 1465 958 1527 fecisti,
1016 1466 1117 1518 hoc
1174 1474 1277 1529 est,
1339 1479 1447 1518 non
1499 1465 1765 1533 probasti,
1821 1478 1926 1519 non
1968 1462 2098 1516 facit.

518 1555 692 1624 ipsum
724 1555 1195 1613 calumniatorem.
1225 1568 1323 1609 nec
1358 1556 1401 1609 is
1437 1570 1649 1623 poenam
1680 1554 1855 1610 subit.

595 1825 847 1886 ZONAB.
891 1831 945 1885 Si
986 1833 1102 1899 quis
1148 1834 1301 1903 plura
1344 1835 1565 1889 crimina
1609 1834 1807 1890 clerico
1852 1834 1936 1887 vel
1979 1834 2093 1901 rpi-

1788 458 2070 521 TIIEOD.
2102 460 2190 519 ΒΑ
2201 462 2503 523 LSAMON

3654 465 3781 530 4Ξο

2188 572 2292 640 γὰρ
2323 573 2650 640 συκοφαντεῖ
2676 589 2759 637 τις
2782 572 2856 635 ὡς
2889 573 3141 636 πλαστῶς
3176 575 3525 644 κατηγορῶν,
3560 576 3595 645 ἢ
3633 594 3780 645 προ-

2187 664 2345 732 δότης
2378 663 2479 731 τῆς
2514 662 2647 725 ιδίας
2680 664 2990 725 ὑποθέσεως
3019 665 3247 733 γίνεται,
3272 668 3339 723 τὰ
3361 665 3540 733 ἀληθῆ
3565 667 3780 733 ἐγκλή-

2190 772 2332 823 ματα
2369 754 2664 824 κρύπτων,
2699 756 2736 825 ἢ
2775 755 3055 824 φυγοδικεῖ
3081 756 3301 818 τελείως
3335 758 3631 826 ἀναχωρῷν
3670 757 3781 823 τῆς

2190 846 2544 914 κατηγορίας.
2590 848 2664 898 Οὐ
2699 846 2917 908 πάντως
2949 847 3004 899 δὲ
3052 848 3392 917 συκοφάντης
3432 849 3581 910 ἐστὶν
3613 851 3643 901 ὁ
3697 848 3781 916 μὴ

2188 934 2504 999 ἀποδεικνὺς
2540 936 2678 1004 ὅπερ
2705 938 3111 1005 κατηγόρησεν,
3142 938 3255 989 ἀλλ’
3286 940 3343 991 ὲν
3371 941 3435 1007 τῇ
3468 936 3649 1005 κρίσει
3682 936 3782 989 τοῦ

2189 1025 2445 1078 δικαστοῦ
2485 1028 2600 1078 ἐστι
2620 1067 2637 1089 ,
2663 1027 2804 1095 μετὰ.
2828 1030 2887 1078 τὸ
2914 1028 3271 1095 ἐλευθερῶσαι
3306 1029 3396 1081 τὸν
3431 1027 3785 1095 κατηγορού-

2194 1132 2353 1182 μενον
2374 1155 2388 1179 ,
2431 1117 2664 1186 ζητῆσαι
2694 1117 2824 1186 περὶ
2852 1118 3065 1171 τούτου.
3096 1119 3203 1170 Καὶ
3242 1120 3288 1170 εί
3327 1119 3424 1187 μὲν
3454 1120 3589 1186 εἴπῃ
3616 1158 3630 1182 ,
3664 1117 3787 1169 Οὐκ

2191 1204 2497 1272 ἀπέδειξας,
2529 1207 2787 1275 ἐφείσατο
2817 1208 2982 1263 αὐτοῦ
3007 1226 3020 1239 ·
3061 1209 3111 1261 εί
3142 1207 3197 1260 δὲ
3229 1212 3359 1279 εῐπῃ
3382 1249 3396 1270 ,
3444 1209 3791 1273 Ἕσυκοτραν-

2192 1310 2382 1361 τησας,
2420 1297 2793 1352 ’κατεδίκασεν
2849 1300 3031 1360 αὑτὸν,
3086 1298 3190 1351 κᾶν
3242 1298 3407 1367 μηδὲν
3463 1299 3594 1365 είπῃ
3651 1296 3791 1362 περί

2192 1388 2290 1456 τῆς
2325 1388 2540 1453 ποινῆς.
2586 1386 2970 1440 Ἐπακολουθεῖ
3000 1389 3141 1458 γὰρ’
3179 1391 3211 1456 ἡ
3252 1390 3349 1456 μὲν
3381 1389 3489 1455 γὰρ
3517 1390 3619 1455 τῆς
3652 1389 3794 1438 ὑπο-

2195 1478 2395 1539 Θέσεως
2445 1477 2669 1546 ζήτησις
2691 1479 3081 1547 ἐπιτέτραπται
3124 1479 3202 1548 τῷ
3243 1480 3491 1547 δικαστῇ,
3543 1480 3606 1535 ού
3664 1478 3783 1545 μὴ)

2198 1571 2229 1636 ἡ
2280 1568 2374 1620 τοῦ
2425 1568 2592 1637 νόμου
2638 1568 3017 1632 ἔπεξέλευσις·
3070 1571 3118 1621 εί
3169 1570 3227 1623 δὲ
3271 1572 3423 1641 εἴπῃ,
3483 1569 3795 1638 Προττετιῖς

2197 1661 2483 1730 ὲκίνησας,
2514 1657 2816 1725 τουτέστιν,
2862 1660 2961 1712 οὐκ
2996 1661 3282 1725 ἀπέδειξας
3303 1701 3317 1725 ,
3351 1663 3411 1714 ού
3443 1664 3590 1713 ποιεῖ
3617 1662 3796 1712 αὑτὸν

2200 1752 2565 1819 συκοφάντην,
2602 1749 2722 1802 οὐδὲ
2756 1752 2944 1819 ποινὴν
2973 1752 3285 1817 ὑφίσταται.

2272 1839 2511 1893 ΖΩΝΔΡ.
2578 1841 2699 1892 Ἐὰν
2739 1841 2970 1911 διάφορά
3021 1860 3103 1905 τις
3142 1844 3464 1911 ἰγκλήματα
3512 1844 3799 1910 προθί-ισει

524 1939 687 1991 scopo
718 1922 958 1989 obiiciat,
1000 1937 1096 1976 nee
1122 1938 1293 1979 unum
1352 1924 1565 1992 aliquod
1606 1940 1670 1980 ex
1730 1926 1818 1990 iis,
1872 1926 1943 1979 de
1987 1940 2093 1990 quo

2219 1934 2345 1985 ιατὰ.
2378 1932 2643 2003 κληρικοῦ
2680 1934 2713 2001 ἦ
2767 1934 3095 2007 ἐπισκόπου,
3136 1936 3231 1989 καὶ
3275 1937 3337 1987 ἓν
3379 1936 3439 1999 ἐξ
3484 1936 3666 1987 αὐτῶν
3712 1937 3802 1994 είς

526 2015 697 2081 primo
770 2021 945 2066 aetum
973 2020 1079 2075 est,
1126 2012 1231 2065 huc
1263 2022 1363 2078 est,
1413 2016 1557 2081 quod
1592 2016 1761 2082 primo
1821 2016 1877 2066 in
1935 2029 2086 2083 qua-.-

524 2103 751 2154 stiouem
794 2101 1329 2169 disquisitionem»
1366 2113 1450 2155 est
1497 2102 1809 2165 adductum,
1863 2102 2089 2157 demon-

525 2202 701 2243 strare
742 2192 995 2256 potuerit,
1047 2191 1138 2243 sed
1196 2206 1303 2245 non
1343 2192 1778 2245 demonstratum
1830 2202 2092 2247 maneat:

527 2282 580 2335 itt
612 2280 731 2334 aliis
775 2296 987 2349 quoque
1021 2283 1277 2350 deinceps
1318 2283 1430 2351 ejus
1478 2283 1896 2351 accusationem
1921 2283 2088 2352 recipi

529 2386 703 2425 εοηοη
746 2383 909 2425 vetat.

528 2460 753 2517 AlllST.
789 2479 808 2513 ι
841 2461 909 2519 ει
929 2463 1021 2530 qui
1060 2461 1222 2517 multa
1251 2461 1477 2529 objecit,
1507 2471 1560 2514 et
1597 2463 1727 2518 nihil
1755 2463 2021 2533 probavit.
2071 2481 2089 2515 ι

598 2659 810 2728 Optima
854 2659 1064 2712 ratione
1091 2668 1144 2712 et
1191 2659 1277 2712 ltic
1325 2659 1391 2710 ad
1434 2658 1836 2711 accusationem
1882 2670 1975 2712 aut
2030 2661 2097 2716 ad

533 2750 897 2804 testimonium
925 2763 1030 2801 non
1059 2748 1399 2811 admittetur;
1425 2755 1607 2813 utpote
1627 2746 1716 2812 qui
1741 2746 2097 2801 calumniator

530 2842 758 2903 videtur,
786 2849 839 2893 et
869 2838 1067 2893 idcirco
1090 2838 1251 2893 etiam
1280 2836 1502 2889 infamis
1535 2845 1649 2898 est,
1693 2850 1758 2888 eo
1791 2839 1935 2904 quod
1961 2839 2098 2890 mul-

529 2937 615 2989 [as
646 2930 850 2998 profert
875 2940 1063 2985 conm
1092 2928 1382 2997 quemlibet
1420 2926 1809 2993 accusationes,
1840 2928 1932 2982 sed
1963 2928 2097 2983 nihil

536 3019 756 3089 probat.

1055 3107 1287 3164 CANON
1314 3107 1571 3163 CXXX".

597 3200 744 3266 Quos
780 3208 991 3269 oportet
1024 3200 1094 3253 ad
1141 3199 1511 3253 testimonium
1550 3198 1859 3252 admittere.
1908 3197 2096 3251 Testes
2126 3234 2168 3286 C

610 3306 631 3340 ι
659 3300 836 3343 autem
881 3292 950 3342 ad
988 3292 1357 3347 testimonium
1409 3309 1512 3346 non
1549 3295 1931 3357 admittendos.
1963 3308 2103 3362 quos

613 3397 633 3431 ι
676 3393 773 3433 nec
804 3378 872 3433 ad
919 3380 1320 3434 accusationem
1362 3382 1576 3435 admitti
1628 3394 1952 3451 praeceptum
1996 3395 2100 3448 est,

611 3486 630 3520 ι
666 3468 746 3522 vel
775 3479 1030 3535 praeterea
1056 3484 1193 3537 quos
1234 3473 1346 3539 ipse
1380 3488 1661 3529 accusator
1708 3490 1738 3527 a
1791 3478 1945 3530 domo
1983 3491 2105 3544 pro-

615 3574 630 3609 ι
668 3558 783 3628 pria
809 3558 1140 3628 produxerit.
1172 3559 1570 3615 Testimonium
1594 3573 1773 3616 autem
1800 3565 1935 3615 intra
1971 3579 2107 3629 qua-

611 3667 631 3698 ι
672 3649 967 3702 tuordecim
1006 3663 1271 3701 annorum
1323 3662 1534 3704 tetatcm
1580 3668 1685 3705 non
1723 3654 2053 3705 admittatur.
2083 3670 2101 3702 ι

606 3736 1125 3804 BALS..Poslquatn
1156 3742 1343 3808 synodi
1389 3741 1575 3794 Patres
1610 3750 1673 3795 de
1708 3743 2108 3795 accusatoribus

535 3827 812 3889 dixerunt,
848 3841 989 3878 nunc
1009 3827 1170 3878 etiam
1195 3829 1261 3880 de
1287 3827 1517 3881 testibus
1541 3838 1783 3881 stulttuul.
1815 3846 1827 3881 ε
1854 3839 1906 3882 et
1928 3831 2109 3883 dicunt

535 3932 648 3981 cos,
672 3917 761 3985 qui
786 3915 1044 3971 adversus
1068 3925 1309 3970 sacratos
1338 3916 1481 3971 ferre
1518 3918 1705 3971 volunt
1731 3920 2100 3972 testimonium

536 4007 589 4060 in
620 4006 797 4058 causis
844 4005 1237 4070 crlminalibus,
1288 4005 1415 4059 tales
1482 4021 1602 4059 esse
1653 4007 1869 4069 debere,
1923 4008 2109 4073 quales

533 4099 700 4150 etiam
746 4110 981 4150 canones
1047 4097 1113 4149 ad
1150 4098 1548 4150 accusationem
1622 4097 1931 4149 admittunt.
1998 4094 2105 4149 Eos

536 4200 738 4251 autem,
775 4188 867 4255 qui
900 4202 1002 4240 non
1057 4187 1417 4239 admittuntur
1451 4188 1515 4240 ad
1550 4188 1972 4252 accusationem,
2013 4201 2110 4238 nec

538 4279 605 4331 ad
637 4278 1001 4331 testintdnium
1026 4275 1258 4328 admitti.
1282 4277 1362 4327 Ad
1389 4277 1501 4328 haec
1532 4277 1865 4331 dotnesucos
1897 4292 2111 4345 quoque

540 4378 706 4422 testes
741 4382 909 4419 canon
960 4366 1231 4433 reprobat.
1268 4365 1530 4418 Similiter
1561 4378 1613 4418 et
1664 4367 1989 4434 impuberes,
2022 4368 2107 4430 qui

539 4469 664 4514 Sunt
693 4457 897 4511 scilicet
923 4456 1328 4523 quatuordecitu
1358 4456 1515 4509 annis
1541 4451 1799 4510 'minores.
1824 4447 1910 4510 'Ac
1934 4471 2109 4510 canon

2199 2023 2422 2092 πρᾶξιν,
2457 2025 2573 2092 ἦτοι
2611 2022 2838 2090 ζήτησιν
2866 2027 2957 2078 καὶ
2984 2025 3251 2089 ἐξέτασιν,
3286 2026 3545 2095 προτεθῇ,
3580 2025 3683 2077 καὶ
3714 2023 3802 2091 μὴ

2197 2113 2535 2180 ἀποιδειχθῇ,
2581 2112 2699 2164 ἀλλ’
2724 2110 3116 2165 ἀναπόδεικτον
3162 2113 3342 2186 μείνῃ,
3397 2116 3490 2167 ἐπὶ
3516 2117 3631 2174 τοῖς
3676 2114 3798 2163 λοι-

2198 2204 2316 2267 ποῖς
2352 2202 2442 2254 τδν
2482 2200 2786 2270 κατήγορον
2831 2201 3198 2272 άπρόσδεκτον
3241 2198 3379 2257 εἶναι
3417 2204 3724 2279 διορίζεται
3770 2204 3802 2255 ὁ

2198 2311 2397 2350 κανων.

2196 2473 2423 2528 ΑΡΙΣΤ.
2464 2492 2482 2526 ι
2521 2476 2631 2531 Καὶ·
2682 2478 2709 2526 ὀ
2759 2476 3142 2544 κατηγορήσας
3182 2469 3387 2535 πολλὰ,
3425 2471 3520 2522 καὶ
3553 2469 3799 2538 ἐλέγξας

2867 2566 3041 2617 οὐδέν.
3086 2582 3103 2614 r

2270 2657 2519 2721 Εὺλὸγως
2544 2658 2633 2709 καὶ
2658 2650 2813 2718 οὗτος
2842 2658 2918 2718 είς
2949 2656 3279 2727 κατηγορίαν
3306 2657 3338 2726 ἢ
3367 2658 3444 2717 είς
3474 2652 3802 2723 μαρτυρῖαν

2198 2750 2259 2801 οὐ
2280 2748 2667 2816 παραδέχεται,
2685 2748 2759 2810 ὼς
2784 2750 3121 2816 συκοφάντης
3153 2750 3362 2817 φανεὶς,
3394 2750 3487 2799 καὶ
3511 2747 3603 2798 διὰ
3631 2745 3805 2797 τοῦτο

2200 2845 2294 2892 καὶ
2349 2843 2540 2910 ἄτιμος
2578 2842 2653 2893 ὢν
2709 2842 2773 2891 ἐκ
2810 2841 2904 2893 τοῦ
2935 2840 3107 2893 πολλὰ
3146 2840 3423 2910 προθεῖναι
3464 2838 3607 2891 κατά
3644 2853 3805 2897 τινος

2207 2932 2529 3002 αίτιάματα,
2566 2933 2659 2984 καὶ
2697 2932 2862 3003 μηδὲν
2895 2950 2944 2985 τι
2981 2930 3224 3000 ἐλέγξαι.

2763 3113 3001 3164 ΚΑΝΩΝ
3033 3111 3203 3166 PAB'.

2208 3217 2225 3250 t
2267 3198 2429 3255 Τίνας
2473 3200 2553 3252 δεῖ
2581 3199 2970 3268 προσδέχεσθαι
3007 3204 3083 3261 εἰς
3124 3200 3449 3269 μαρτυρίαν,
3491 3200 3806 3269 Μὰρτυρας

2280 3306 2298 3338 ι
2337 3288 2393 3339 δὲ
2419 3281 2497 3350 είς
2524 3290 2828 3357 μαρτυρίαν
2857 3291 2931 3357 μὴ
2964 3290 3302 3359 εἰσδέχεσθαι
3332 3296 3457 3351 τοὺς
3492 3291 3625 3359 μηδὲ
3660 3291 3809 3359 πρὸς

2282 3396 2299 3428 ι
2345 3380 2684 3447 κατηγορίαν
2718 3380 3061 3447 εἰσδεχθῆναι
3096 3380 3607 3448 παραγγελθέντας,
3648 3382 3681 3448 ἦ
3720 3383 3807 3434 ἔτι

2281 3486 2299 3517 ι
2342 3468 2445 3537 μὴν
2470 3468 2562 3529 οὓς
2593 3469 2755 3529 αὐτὸς
2793 3471 2821 3521 ὁ
2874 3471 3175 3538 κατήγορος
3217 3471 3278 3521 ἑκ
3334 3470 3425 3521 τοῦ
3462 3470 3594 3521 ἰδίου
3646 3471 3808 3523 οἴκου

2287 3578 2304 3609 ι
2344 3557 2726 3625 προσκομίσει.
2762 3559 3055 3628 Μαρτυρία
3098 3559 3153 3609 δὲ
3200 3560 3349 3620 ἐντὸς
3391 3559 3575 3625 κείρας
3613 3562 3807 3611 ὲνιαυυ

2287 3665 2304 3696 ι
2344 3647 2449 3698 τῶν
2475 3646 2890 3714 δεκατεσσάρων
2921 3648 2993 3713 μὴ
3022 3648 3402 3717 προσδεχθείη.
3453 3667 3471 3699 ο

2280 3736 2473 3788 ΒΑΛΣ.
2511 3738 2768 3797 Είπόντες
2799 3740 2847 3789 οἱ
2879 3740 2977 3803 τῆς
3013 3739 3229 3789 συνόδου
3262 3742 3389 3808 περὶ
3421 3740 3528 3791 τῶν
3562 3741 3811 3807 κατηγόι

2218 3843 2350 3894 ρων,
2380 3826 2473 3878 νῦν
2497 3828 2590 3877 καὶ
2618 3827 2746 3894 περὶ
2775 3828 3067 3895 μαρτύρων
3097 3828 3469 3880 διατάττονται
3497 3846 3511 3860 ·
3551 3830 3647 3883 καί
3669 3848 3812 3897 φασι

2210 3922 2331 3978 τοὺς
2354 3918 2602 3975 θέλοντας
2632 3919 3074 3984 καταμαρτυρεῖν
3096 3919 3407 3986 ἱερωμένων
3429 3919 3532 3986 χὰρ
3561 3938 3589 3969 ν
3611 3922 3815 3987 ἐγκληο

2214 4008 2458 4075 ματικῶν
2494 4009 2802 4059 ὑποθέσεων
2842 4025 3113 4065 τοιουτους
3153 4006 3291 4060 εἶναι
3342 4010 3486 4068 οἴους
3528 4012 3624 4061 καὶ
3670 4012 3816 4078 πρὸς

2212 4097 2550 4164 κατηγορίαν
2599 4098 2644 4148 oi
2694 4096 2916 4156 κανόνες
2964 4099 3379 4167 παραδέχονται.
3427 4101 3566 4161 Τοὺς
3608 4100 3668 4152 δὲ
3736 4104 3817 4168 μὴ

2214 4186 2682 4255 παραδεχομένους
2713 4186 2792 4245 είς
2828 4186 3165 4255 κατηγορίαν
3202 4187 3337 4261 μηδὲ
3374 4188 3454 4248 είς
3492 4190 3816 4255 μαρτυρίαν

2214 4275 2638 4343 παραδέχεσθαι.
2704 4275 2847 4344 Πρὸς
2899 4278 3105 4336 τούτοις
3162 4277 3255 4328 καὶ
3305 4277 3429 4337 τοὺς
3489 4280 3817 4339 οἰκειακοῦς

2217 4368 2499 4435 μάρτυρας
2526 4364 2917 4433 ἀποδοκιμάζει
2947 4368 2973 4416 ὀ
3003 4364 3205 4419 κανών.
3250 4365 3523 4428 Ὡσαύτως
3554 4371 3648 4418 καὶ
3683 4370 3819 4428 τοὺς

2215 4454 2469 4523 ἀνήϐους,
2525 4457 2754 4525 ἥττονας
2800 4454 3039 4525 δηλονότι
3090 4456 3202 4507 τῶν
3260 4456 3319 4507 ιδ’
3354 4458 3635 4509 ἐνιαυτῶν.
3701 4459 3818 4510 Καὶ

539 4549 752 4617 quidem
801 4551 899 4601 hos
935 4556 988 4600 ct
1044 4546 1187 4599 solos
1252 4562 1357 4599 non
1419 4562 1541 4599 esse
1605 4550 1671 4600 ad
1735 4549 2101 4603 testimonium

2219 4545 2242 4595 ὁ
2271 4546 2367 4611 μὲν
2393 4542 2572 4595 κανὼν
2599 4546 2825 4607 τούτους
2853 4547 2945 4597 καὶ
2985 4545 3180 4614 μόνους
3212 4546 3624 4613 ἀπαραδὲκτους
3671 4549 3818 4616 πρὸς

543 4641 906 4694 admittendos
938 4639 1086 4692 dicit.
1134 4638 1343 4693 Primus
1397 4649 1570 4693 autem
1643 4640 1829 4695 titulus
1880 4642 1971 4696 lib.
2026 4658 2117 4695 xxr

543 4732 707 4785 Basil.
741 4731 935 4783 multos
960 4743 1171 4797 quoque
1202 4728 1337 4782 alios
1366 4744 1395 4780 a
1426 4730 1719 4783 crimittalis
1741 4731 1927 4799 judicii
1951 4735 2111 4786 testi-

543 4820 725 4872 monio
750 4817 971 4883 repellit.
995 4816 1059 4869 Et
1084 4817 1197 4885 lege
1218 4830 1335 4870 eum
1366 4817 1597 4871 titulum.
1623 4817 1831 4872 Domesr
1864 4822 1915 4872 ci
1941 4830 2120 4873 autem

540 4918 707 4963 testes
742 4908 1071 4961 accusatoris
1126 4908 1401 4973 dicuntur,
1437 4922 1625 4961 omnes
1667 4912 1756 4977 qui
1788 4924 1907 4962 cum
1939 4925 2004 4965 eo
2030 4913 2125 4963 Ita-

542 5000 739 5063 ltitaut,
782 5008 835 5052 et
864 4998 1056 5066 quibus
1084 4998 1197 5065 ipse
1231 5007 1402 5067 potest
1444 4998 1732 5067 imperare.
1794 5000 1931 5052 Dicit
1978 5002 2121 5053 enim

542 5099 701 5157 caput
729 5088 761 5142 6
784 5088 940 5157 primi
968 5089 1105 5140 titul.
1143 5088 1234 5141 lib.
1283 5103 1370 5142 ut
1405 5105 1419 5141 :
1452 5087 1567 5143 Non
1599 5101 1681 5143 est
1714 5093 1865 5144 testis
1906 5090 2010 5143 lide
2042 5092 2123 5143 di-

540 5195 698 5250 gnus,
743 5167 827 5232 cui
882 5194 979 5247 ego
1021 5195 1236 5247 possum
1283 5182 1336 5232 i-n
1368 5181 1671 5233 accusando
1720 5182 2021 5249 imperare;
2067 5191 2125 5235 et

541 5286 662 5339 cap.
685 5270 753 5323 24
778 5286 791 5321 :
819 5271 1119 5323 Accusator
1144 5281 1306 5323 testes
1329 5272 1649 5324 domesticos
1672 5286 1775 5323 non
1799 5282 1974 5340 potest
2000 5286 2123 5339 pro-

542 5365 761 5416 ducere.
800 5361 863 5413 Et
921 5376 1038 5427 cap.
1086 5360 1149 5411 27
1231 5358 1531 5413 Domestica
1585 5360 1885 5414 testinwnia
1941 5376 2125 5428 repro-

543 5455 760 5505 bautur.
811 5451 873 5503 Et
916 5451 1091 5502 thema
1142 5448 1176 5501 2
1221 5464 1337 5519 cap.
1374 5449 1438 5501 Hi
1471 5452 1553 5502 (it.
1596 5449 1654 5502 5|
1715 5449 1807 5501 lib.
1836 5448 1924 5514 (30,
1981 5449 2119 5517 quod

542 5542 709 5607 dicit,
743 5539 903 5592 Furta
950 5539 1267 5601 domestica,
1314 5540 1357 5592 si
1392 5542 1502 5593 sint
1552 5542 1695 5602 vilia,
1752 5555 1856 5593 non
1901 5551 2026 5593 sunt
2068 5540 2118 5591 in

543 5632 807 5699 publicam
844 5632 1198 5697 quaestionem
1252 5629 1550 5683 referenda.
1582 5629 1717 5683 Suut
1773 5640 1950 5682 autem
2017 5630 2111 5682 do-

545 5721 783 5784 mestica,
814 5734 929 5787 quae
955 5720 1097 5773 servi
1122 5720 1326 5773 faciunt
1358 5720 1612 5783 dominis,
1650 5730 1705 5773 et
1730 5720 1907 5773 liberti
1939 5731 2116 5787 patro-

548 5810 653 5872 nis,
688 5822 739 5863 et
800 5809 1123 5864 mercenarii
1173 5810 1237 5863 iis
1265 5810 1354 5878 qui
1388 5809 1784 5873 conduxerunt,
1836 5811 1971 5877 apud
2026 5826 2117 5865 cos

2226 4638 2532 4702 μαρτυρίαν
2584 4629 2724 4685 εἷναί
2784 4651 2947 4703 φησιν
2978 4650 2991 4665 ⁸
3049 4636 3077 4687 ὁ
3127 4635 3183 4688 δὲ
3214 4635 3283 4690 ια’
3347 4636 3521 4697 τίτλος
3574 4637 3672 4688 τοῦ
3728 4635 3821 4691 κα¹

2228 4723 2429 4790 βιϐλίου
2485 4723 2591 4775 τῶν
2634 4725 2941 4779 Βασιλικῶν
2992 4727 3082 4779 καὶ
3130 4728 3349 4797 ἑτέρους
3390 4730 3709 4798 διαφόρους·
3740 4734 3823 4791 εἰς

2228 4812 2534 4880 μαρτυρίαν
2566 4814 2978 4883 ἑγκληματικοῦ
3013 4816 3365 4886 δικαστηρίου
3398 4819 3818 4882 ἀποπέμπεται.

2226 4904 2334 4955 Καὶ
2361 4904 2633 4969 ἀνάγνωθι
2662 4905 2753 4957 τὸν
2798 4905 3038 4959 τοιοῦτον
3074 4907 3271 4961 τίτλον.
3314 4908 3407 4959 Ἐκ
3445 4908 3539 4960 τοῦ
3563 4909 3723 4961 οίκου
3766 4911 3825 4961 δὲ

2226 4991 2318 5041 τοῦ
2349 4991 2657 5062 κατηγοροῦ
2694 4992 3003 5059 λογίζονται
3039 4997 3318 5065 μάρτυρες
3349 4997 3398 5048 οί
3434 4997 3822 5058 συνοικοῦντες

2226 5079 2374 5146 αὐτῷ
2414 5080 2612 5142 πάντες
2634 5119 2649 5146 ,
2683 5082 2776 5133 καὶ
2807 5084 2855 5134 οί
2882 5083 3202 5137 κελεύεσθαι
3237 5087 3390 5157 παρὰ
3424 5089 3614 5138 τούτου
3650 5086 3825 5139 δυνάο

2231 5187 2399 5239 μενοι.
2448 5172 2585 5240 Φησὶ
2618 5172 2725 5243 γὰρ
2771 5173 2829 5225 τὸ
2863 5179 2917 5237 ς’
2969 5191 3098 5243 κεφ.
3133 5177 3227 5230 τοῦ
3277 5178 3323 5230 α’
3367 5178 3547 5231 τίτλου
3596 5177 3697 5231 τοῦ
3738 5186 3826 5232 κα’

2233 5261 2437 5329 βιϐλίου
2464 5278 2479 5293 ο
2518 5264 2632 5316 Οὐκ
2665 5265 2814 5317 ἔστιν
2849 5268 3158 5332 ἀξιόπιστος
3193 5270 3401 5340 μάρτυς
3435 5270 3463 5322 ὁ
3497 5270 3824 5323 κελεύεσθαι

2225 5352 2519 5419 δυνάμενος
2564 5355 2692 5423 παρ’
2732 5357 2863 5424 ἐμοῦ
2904 5360 2997 5410 ὲπὶ
3036 5359 3111 5429 τῷ
3150 5361 3521 5431 μαρτυρῆσαι.
3569 5361 3682 5413 Καὶ
3726 5380 3820 5415 κεν

2228 5441 2352 5509 φάλ.
2414 5443 2530 5494 κὸ”
2587 5445 2647 5495 '0
2703 5448 3006 5518 κατήγορος
3060 5451 3372 5512 οἰκειακοὺς
3430 5453 3720 5522 μάρτυρας
3759 5454 3821 5503 03

2226 5533 2447 5585 δύναται
2502 5538 2791 5603 παράγειν.
2850 5541 2961 5593 Καὶ
3006 5542 3201 5608 κεφᾶλ.
3257 5541 3375 5604 xC"
3428 5544 3496 5594 Αἱ
3542 5544 3826 5595 οίκειακαὶ

2231 5624 2525 5694 μαρτυρίαι
2578 5628 3093 5699 ἀποδοκιμάζονται.
3146 5632 3255 5683 Καὶ
3303 5633 3447 5702 θέμα
3504 5630 3547 5701 β’
3603 5633 3700 5684 τοῦ
3756 5645 3824 5683 ια’

2230 5717 2421 5783 κεφαλ.
2456 5715 2548 5769 τοῦ
2582 5725 2658 5769 να¹
2694 5719 2875 5772 τίτλου
2911 5722 3004 5774 τοῦ
3037 5723 3077 5788 ξ’
3108 5722 3337 5792 βιϐλίου,
3372 5726 3564 5793 λέγον
3602 5724 3715 5786 Τὰς
3749 5727 3826 5776 oi-

2231 5808 2459 5869 κειακὰς
2517 5809 2725 5874 κλοπὰς
2771 5812 3007 5877 εὐτελεῖς
3055 5815 3220 5879 οἱσας
3268 5817 3327 5869 ού
3373 5818 3455 5870 δεῖ
3503 5818 3695 5883 φέρειν
3741 5816 3822 5879 είς
