4012 6438
197 418 276 484 421

1141 430 1221 490 IN
1261 429 1426 491 CAN.
1465 429 1733 490 CXXXII
1762 431 1966 491 CONC.
2015 432 2392 494 CARTHAG.

3295 430 3410 501 422

197 536 424 606 δημοσίαν
475 536 742 602 ἐξέτασιν.
789 535 1074 592 uiuunt
1121 541 1178 594 δέ
1230 544 1390 607 εἰσιν,
1439 543 1504 605 ἃς
1553 543 1724 597 δοῦλοι

1833 546 2100 615 degentes.
2134 546 2266 600 Cum
2296 553 2474 598 autem
2505 560 2740 614 prazsens
2794 560 2966 600 canon
3001 545 3149 626 dicat
3173 560 3266 601 eos
3311 543 3407 617 qui

195 624 376 678 ποιοῦσι
402 626 656 698 δεσπότῃ,
689 629 784 681 καὶ
813 628 1170 701 ἀπελεύθεροι
1200 635 1312 694 τοῖς
1344 633 1613 702 πάτρωσι,
1642 636 1736 687 xal

195 717 371 785 μίσθιοι
416 719 531 779 τοῖς
570 719 1006 789 μισθωσαμένοις
1057 723 1185 792 παρ’
1223 725 1406 785 αὐτοῖς
1436 724 1733 792 διάγοντες.

194 806 281 861 τοῦ
306 807 356 858 δὲ
387 809 655 877 παρόντος
689 812 910 873 κανόνος
935 813 1188 878 λέγοντος
1221 816 1346 877 τοὺς
1377 816 1605 884 ἥττονας
1629 815 1737 867 τῶν

191 899 290 949 ιδ’ἑι
311 897 502 949 ιαυτῶν
520 899 594 968 μὴ
619 905 938 970 μαρτυρεῖν,
962 903 1094 955 ἀλλά
1118 903 1245 967 τοὺς
1268 905 1521 956 ἐπέκεινα
1545 905 1735 957 τούτου

189 989 268 1039 τοῦ
301 991 509 1057 χρόνου,
553 990 650 1042 καὶ
696 990 788 1042 τοῦ
835 991 884 1044 κ’
913 998 1047 1061 ζκεφ.
1090 995 1186 1046 τοῦ
1238 993 1287 1046 α’
1314 996 1449 1047 τίτλ.
1496 995 1590 1047 τοῦ
1643 1001 1728 1047 κα¹

189 1077 371 1144 βιϐλίου
394 1077 645 1146 λέγοντος
681 1080 825 1136 οὕτω
858 1084 1038 1152 ῥητῶς
1060 1100 1075 1116 ο
1123 1084 1184 1139 '0
1219 1087 1522 1154 κατήγορος
1556 1087 1618 1137 οὐ
1646 1087 1735 1138 δύο

187 1184 323 1222 ναται
348 1170 530 1222 καλεῖν
553 1173 632 1232 είς
665 1172 971 1242 μαρτυρίαν
993 1173 1083 1225 τὸν
1106 1173 1376 1242 δημοσίως
1400 1175 1734 1244 κατηγορού-

187 1275 352 1327 μενον,
382 1259 508 1311 οὗτε
539 1262 630 1313 τὸν
658 1262 856 1329 ἥττονα
888 1263 995 1313 τῶν
1031 1262 1231 1314 εἴκοσιν
1264 1261 1400 1313 ἐτῶν
1420 1277 1433 1290 ·
1469 1263 1732 1333 ἐρωτήσει

188 1364 284 1408 τις,
315 1348 426 1400 Τίνι
466 1349 755 1417 προσέχειν
788 1349 1114 1418 όφείλομενς
1147 1351 1252 1401 Kal
1296 1349 1440 1401 δοκεί
1473 1366 1565 1417 μοι
1599 1351 1736 1418 μᾶλ-

185 1439 258 1490 λον
282 1437 352 1508 τῷ
373 1438 545 1506 νόμῳ.
571 1439 669 1500 El;
691 1440 800 1510 γάρ
829 1440 1135 1510 μαρτυρίαν
1162 1439 1578 1509 ἑγκληματικῆς
1606 1442 1734 1492 ὑπο·-

183 1528 358 1589 οέσεως
395 1530 423 1581 ὁ
447 1529 626 1598 ἥττων
656 1529 765 1582 τῶν
804 1528 1008 1583 εἴκοσιν
1044 1531 1304 1583 ἐνιαυτῶν
1347 1531 1442 1582 καὶ
1478 1529 1733 1582 ἐπέκεινα

183 1617 273 1668 τῶν
309 1617 364 1670 ιδ’
387 1619 596 1688 χρόνων
634 1620 1035 1690 ὑπάρχωνούκ
1074 1620 1192 1673 ἔστι
1227 1621 1624 1692 παραδεκτέοςῖ
1657 1621 1734 1685 ῶς

186 1707 299 1776 μηδὲ
327 1707 560 1778 βεϐηκὸς
598 1709 739 1777 ῑχων
771 1710 1048 1780 φρόνημα.
1093 1713 1247 1763 Ἔστι
1291 1712 1347 1764 δὲ
1382 1713 1475 1764 καὶ
1510 1715 1538 1766 ό
1572 1713 1732 1781 νόμος

183 1799 302 1849 κατὰ
327 1798 457 1852 πολὺ
491 1801 952 1868 μεταγενέστερος
979 1800 1072 1853 τοῦ
1110 1802 1351 1866 κανόνος,
1385 1805 1475 1855 διὰ
1499 1804 1560 1855 τὸ
1593 1803 1730 1869 μετά

1842 647 1966 689 sunt
1987 637 2389 704 quatuordecim
2427 637 2582 690 annis
2607 637 2860 700 minores,
2894 652 2998 690 non
3032 639 3215 692 dicere
3245 642 3401 692 testi-

1837 725 2102 788 monium,
2123 726 2216 780 sed
2244 741 2337 780 eos
2357 727 2447 793 qui
2483 736 2607 779 sunt
2640 725 2776 778 uitta
2809 726 2950 778 illam
2977 736 3221 790 aetatem;
3247 739 3301 782 et
3330 730 3406 783 vi-

1836 814 2093 867 cesitnum
2118 824 2277 883 caput
2304 815 2459 881 primi
2494 813 2631 865 tituli
2663 814 2753 866 lib.
2783 829 2871 865 ut
2925 815 3070 868 dicat
3097 829 3350 883 expresse
3381 836 3397 872 :

1835 903 1954 957 Non
1982 912 2156 971 potest
2189 913 2470 956 accusator
2508 916 2704 954 vocare
2761 901 2816 954 in
2864 904 3224 975 testimonium
3278 920 3401 958 eum

1836 993 1925 1062 qui
1964 992 2172 1059 publice
2215 999 2518 1052 accusatur,
2555 1005 2651 1042 nec
2684 1004 2806 1041 eum
2840 991 2928 1058 qui
2971 999 3058 1043 est
3099 992 3272 1043 minor
3320 993 3401 1042 vi-

1837 1083 1970 1152 gittti
2023 1082 2178 1134 anuis
2210 1097 2223 1133 :
2258 1082 2528 1148 rogaverit
2562 1079 2864 1147 quispiam,
2902 1081 3029 1146 quid
3066 1082 3134 1134 sit
3179 1097 3406 1149 sequen-

1833 1174 1984 1226 dutn.
2019 1170 2085 1222 Et
2113 1170 2238 1221 inibi
2270 1167 2479 1220 videtur
2507 1169 2588 1221 lex
2620 1182 2743 1221 esse
2788 1171 2957 1234 magis
2998 1169 3266 1234 sequenda
3303 1185 3319 1222 :
3350 1168 3402 1220 in

1838 1262 2195 1315 testimonium
2230 1260 2372 1311 enim
2394 1272 2571 1310 causa:
2608 1258 2924 1318 criminans,
2961 1259 3050 1324 qui
3105 1259 3278 1309 minor
3319 1268 3406 1310 est

1835 1352 2020 1420 viginti
2057 1351 2235 1413 annis,
2286 1349 2408 1400 licet
2440 1350 2508 1401 sit
2547 1350 2715 1410 major
2765 1349 3167 1414 quattuordecim
3225 1351 3404 1410 annis,

1836 1456 1940 1494 non
1966 1440 2068 1492 erit
2095 1439 2496 1496 admittendus;
2549 1449 2603 1490 ut
2640 1440 2728 1506 qui
2759 1455 2854 1491 nec
2880 1439 3088 1490 ίὶιιιιιιιιι
3117 1437 3402 1505 judicium,

1835 1545 1935 1586 nec
1956 1530 2131 1584 adhuc
2155 1537 2491 1582 constantem
2516 1528 2850 1596 prudentiain
2873 1527 3082 1579 habeat.
3107 1527 3201 1579 Est
3226 1540 3402 1579 autem

1835 1621 1915 1675 lex
1942 1632 2148 1674 canone
2179 1617 2348 1671 multo
2373 1617 2676 1686 posterior;
2711 1632 2774 1669 eo
2801 1618 2941 1685 quod
2977 1618 3134 1685 longo
3161 1627 3402 1684 tempore

1833 1721 1956 1779 post
2002 1710 2141 1763 hanc
2182 1710 2446 1778 synodum
2475 1707 2528 1759 in
2565 1706 2921 1761 Basilicarum
2953 1709 3230 1774 repetitam
3264 1722 3402 1774 pra:-

1836 1801 2115 1854 lectionem
2149 1797 2234 1850 ille
2256 1806 2505 1864 receptus
2547 1798 2640 1849 sit.
2674 1797 2812 1865 Lege
2851 1808 3157 1849 sanctorum
3189 1806 3408 1854 aposto-

183 1889 382 1974 χρόνους
430 1889 660 1954 πολλοὺς
719 1892 818 1958 τῆς
873 1890 1151 1962 παρούσης
1202 1893 1422 1945 συνόδου
1473 1894 1727 1963 δεχθῆναι

1833 1896 2003 1946 lorum
2038 1889 2494 1959 septuagesimum
2524 1889 2776 1955 quintum
2820 1902 3108 1942 canonetn.

182 1981 344 2034 τοῦτον
384 1984 463 2044 εἰς
513 1982 613 2051 τὴν
647 1981 756 2034 τῶν
800 1982 1098 2036 Βασιλικῶν
1142 1983 1533 2054 ἀνακάθαρσιν.
1573 1984 1872 2050 ’Δνάγνωθι
1906 1981 2016 2033 τῶν
2042 1979 2217 2047 ἁγίων
2246 1975 2562 2029 ἀποστόλων
2595 1976 2799 2030 κανόνα
2843 1988 2935 2031 σε’.

233 2076 469 2132 ΖΩΝΑΡ.
495 2076 758 2139 Είπόντες
780 2080 830 2130 oi
850 2080 946 2146 τῆς
971 2079 1188 2133 συνόδου
1223 2082 1350 2149 περὶ
1382 2079 1726 2159 κατηγόρων.

177 2167 255 2218 νῦν
281 2172 372 2221 καὶ
412 2173 542 2237 περὶ
568 2169 860 2238 μαρτύρων
886 2169 1258 2224 διατάττονται
1280 2210 1294 2234 ,
1322 2171 1417 2222 καί
1445 2157 1576 2238 φασι
1604 2157 1727 2231 τοὺς

177 2257 527 2326 κωλυομένους
564 2260 986 2325 ἑγκληματικῶς
1017 2259 1252 2324 ἐνάγειν,
1287 2258 1421 2327 μηδὲ
1469 2259 1546 2320 είς
1589 2275 1728 2327 μαρ-

175 2347 342 2414 τυρίαν
368 2347 786 2415 προσδέχεσθαι.
811 2349 917 2400 Kal
938 2349 1065 2409 τοὺς
1092 2347 1480 2417 προσδέχεσθαι
1506 2347 1561 2398 δὲ
1585 2347 1727 2415 ὀφεί-

174 2438 338 2499 λοντας
365 2439 440 2508 μὴ
470 2438 712 2507 ἀνήϐους
742 2432 898 2491 εἶναι.
928 2438 991 2490 Oi
1016 2439 1122 2505 γὰρ
1153 2436 1316 2506 μήπω
1337 2437 1426 2488 τὸν
1458 2438 1518 2489 ιδ’
1545 2439 1728 2489 ἐνιαυ-

173 2532 249 2580 τ⁵.ν
300 2531 394 2598 τῆς
448 2529 672 2598 ἡλικίας
725 2529 904 2581 αὐτῶν
956 2528 1259 2595 προϐάντες
1317 2527 1507 2596 ἀνηϐοί
1561 2529 1720 2578 εἰσιν.

182 2619 403 2688 ’Δνήϐοις
425 2620 507 2681 δὲ,
537 2618 617 2682 οἷς
639 2624 806 2688 μήπω
827 2622 884 2672 τὸ
911 2620 1165 2689 φρόνημα
1193 2619 1483 2687 σταθηρδν,
1513 2635 1720 2687 μαρτυ-

174 2711 268 2775 ρεῖν
295 2711 352 2761 οὐ
403 2710 720 2776 δοθήσεται.
771 2708 910 2760 Ἀλλ’
942 2707 1064 2760 οὐδὲ
1097 2709 1406 2767 οἱκειακους
1438 2710 1720 2776 μάρτυρας

169 2800 245 2849 τὸν
299 2799 612 2867 κατήγορον
672 2801 1013 2866 παραγαγεῖν
1064 2799 1294 2850 δίδωσιν.
1345 2798 1622 2849 Οίκειακοὶ
1649 2797 1717 2863 Ιδὲ

169 2892 302 2950 εἰσιν,
337 2889 387 2939 oi
442 2891 509 2940 ἐκ
565 2887 660 2938 τοῦ
707 2888 857 2940 οἴκου
905 2886 1181 2940 αὑτοῦόύ
1236 2890 1443 2946 πάντας
1487 2887 1545 2938 δὲ
1591 2894 1717 2949 τοὺς

168 2977 415 3039 τοιούτους
500 2975 811 3030 κωλύουσιν
857 2980 919 3030 'o!
987 2982 1136 3046 νόμοι
1208 2982 1526 3049 μαρτυρεῖν,
1581 2978 1720 3030 ἀλλά

166 3085 316 3130 τινας,
378 3069 556 3137 ἧγουν
613 3065 966 3130 ύπεξουσίους
1023 3069 1188 3122 αὑτοῦ
1235 3071 1328 3122 τοῦ
1383 3070 1720 3140 παράγοντος

1896 2069 2147 2125 ZONAR.
2181 2069 2471 2138 Pustqnam
2513 2069 2580 2123 de
2617 2068 3024 2124 accusatoribus
3049 2067 3256 2136 .synudi
3299 2065 3405 2120 Pa-

1828 2173 1935 2216 tres
1964 2162 2229 2224 dixerunt,
2271 2161 2338 2214 de
2371 2162 2595 2216 testibus
2631 2175 2846 2228 quoque
2890 2169 3156 2219 statuunt,
3193 2173 3254 2209 ac
3282 2171 3398 2220 eus,

1824 2253 1914 2319 qui
1952 2268 2207 2305 accusare
2242 2253 2612 2320 prohibentur,
2664 2267 2692 2302 a
2732 2252 3037 2303 testimonio
3072 2263 3285 2316 quoque
3315 2248 3402 2299 di-

1825 2343 1996 2397 cendo
2015 2342 2177 2411 667
2201 2341 2601 2409 arcerijubent.
2624 2341 2702 2394 Ad
2728 2342 2841 2394 hinc
2868 2340 3170 2408 impuberes
3187 2350 3403 2404 quoque

1825 2435 2204 2503 rejiciunt,qui
2231 2443 2481 2502 quartum
2509 2437 2774 2489 decimum
2817 2434 3064 2488 videlicet
3103 2435 3280 2486 aetatis
3308 2448 3405 2482 at.-

1823 2540 1948 2577 nutn
1972 2540 2076 2578 non
2099 2540 2413 2590 excessere;
2443 2525 2660 2594 quibus,
2704 2543 2827 2580 cunt
2871 2526 3067 2580 mentis
3099 2523 3402 2577 constantia

1820 2615 1978 2677 desit,
2003 2617 2291 2668 testimonii
2315 2630 2528 2684 quoque
2549 2618 2757 2670 dicendi
2788 2618 2923 2669 ratio
2949 2618 3086 2668 haud
3109 2616 3401 2670 constabit.

1823 2706 1930 2759 Sed
1957 2721 2128 2774 neque
2150 2709 2475 2760 domesticos
2497 2717 2661 2760 testes
2684 2709 3007 2774 producendi
3042 2716 3283 2774 potestas
3311 2722 3400 2757 at:-

1819 2798 2050 2849 cusatori
2072 2798 2193 2849 data
2231 2807 2333 2850 est.
2368 2798 2502 2849 Sunt
2533 2810 2657 2848 vero
2687 2798 2963 2848 domestici
2990 2805 3176 2858 testes,
3205 2797 3292 2862 qui
3332 2810 3398 2847 ex

1821 2885 1990 2953 ipsius
2014 2889 2344 2941 accusatoris
2383 2888 2542 2940 domo
2592 2887 2857 2954 prodeunt
2886 2903 2900 2938 :
2929 2888 3016 2949 qui
3074 2895 3249 2938 tamen
3294 2900 3341 2936 nt
3366 2899 3400 2936 η

1821 2991 2008 3030 omnes
2033 2979 2394 3032 testimonium
2427 2978 2612 3032 dicere
2654 2977 2860 3045 legibus
2892 2977 3266 3044 prohibentur,
3302 2975 3396 3026 sed

1820 3066 1984 3134 aliqui
2003 3077 2231 3132 tantum,
2251 3068 2286 3121 ii
2311 3069 2587 3134 nimirum,
2603 3071 2694 3135 qui
2718 3069 2860 3135 ipsos
2886 3066 3228 3134 producentis
3247 3076 3400 3132 poli:-

166 3158 339 3219 αὐτοὺς
390 3159 426 3228 ἢ
497 3155 851 3223 ὑποχειρίους
910 3158 1166 3222 εὐτελεῖς,
1233 3159 1326 3210 καὶ
1386 3161 1718 3227 προστάσσε-

1833 3157 1950 3210 stati
1979 3158 2213 3222 obnoxii,
2252 3158 2439 3211 aliisve
2478 3159 2726 3227 subjecti,
2756 3157 2887 3209 viles
2921 3166 3068 3216 sunt,
3109 3156 3302 3222 quibus
3345 3163 3400 3205 it

167 3249 270 3300 σθαι
307 3251 666 3318 δυναμένους,
712 3250 807 3302 καὶ
826 3249 874 3300 εί
904 3247 980 3318 μὴ
1016 3249 1283 3301 πείθοιντο
1304 3249 1716 3316 κολαζομένους.

165 3339 276 3390 Eiet
299 3341 568 3406 ἀξιόλογοι
588 3335 702 3391 εῐεν
724 3338 1043 3407 ὑποχείριοι,
1068 3333 1179 3389 οἷον
1202 3339 1386 3406 ἱερεῖς,
1410 3338 1716 3406 ἢδιάκονοι,

165 3432 192 3495 ἦ
213 3430 614 3499 γραμματικοὶ,
651 3429 745 3482 καἶ
779 3430 892 3481 ὅσοι
924 3431 1098 3496 ὅμοιοι
1129 3428 1361 3493 τούτοις,
1396 3429 1719 3500 ούκιάπρόσ-

162 3519 316 3572 δεκτοι
347 3521 570 3574 ἔσονται
599 3519 737 3589 πρὸς
771 3517 1106 3589 μαρτυρίαν.

161 3701 358 3755 ΔΡΙΣΤ.
392 3719 410 3754 ι
433 3701 548 3754 Kal
573 3699 603 3751 ό
633 3699 708 3769 μὴ
736 3695 995 3750 ἐνιαυτῶν
1024 3697 1452 3764 δεκατεσσάρων.
1481 3714 1502 3747 ι

219 3878 320 3929 Καὶ
349 3873 508 3939 οὗτος
541 3877 624 3938 είς
656 3873 961 3945 μαρτυρίαν
993 3873 1209 3934 ἄδεκτος
1233 3873 1318 3926 διὰ
1347 3873 1445 3941 τὴν
1475 3871 1574 3941 τῆς
1604 3873 1713 3942 ἡλι-

161 3971 266 4030 κίας
311 3971 604 4022 ἀτέλειαν·
650 3967 732 4017 δεῖ
781 3967 885 4033 γὰρ
932 3965 1019 4015 τὸν
1075 3963 1452 4033 μαρτυροῦντα
1501 3965 1596 4015 συν
1642 3962 1720 4030 τῷ

161 4063 356 4127 ὲντιμον
383 4061 482 4112 καὶ
513 4058 797 4128 όρθόδοξον
836 4052 975 4108 εῖναι
1009 4056 1104 4107 καὶ
1136 4055 1507 4124 σταθηρότητα
1541 4055 1720 4122 ἔχειν’

161 4154 182 4199 ι
209 4150 254 4201 δὲ
284 4149 483 4217 ἄνηϐος
519 4144 812 4213 ὀλισθηρός
851 4148 966 4194 ἔστι
1002 4143 1102 4210 τὴν
1135 4143 1392 4194 διάνοιαν.
1426 4140 1497 4192 Τὸ
1525 4141 1581 4194 δὲ
1609 4140 1727 4193 δεύ-

161 4256 296 4306 τερον
323 4240 468 4307 θέμα
499 4237 596 4289 τοῦ
630 4233 1092 4286 ἑπτακαιδεκάτου
1125 4232 1423 4300 κεφαλαίου
1453 4230 1544 4284 τοῦ
1577 4232 1726 4300 πρὼο

163 4347 236 4382 του
266 4330 442 4382 τίτλου
484 4326 587 4379 τοῦ
623 4325 868 4376 εἰκοστοῦ
909 4329 956 4375 α’
987 4321 1191 4390 βιϐλίου
1214 4362 1229 4387 ,
1263 4323 1381 4375 οὐδὲ
1413 4325 1502 4375 τὸν
1524 4324 1724 4392 ἥττονα

162 4418 251 4470 τῶν
301 4419 509 4470 εἴκοσιν
559 4415 704 4467 ἑτῶν
756 4415 837 4475 είς
904 4412 1207 4480 μαρτυρίαν
1261 4411 1400 4465 κατά
1449 4428 1590 4474 τινος
1645 4413 1732 4465 ἐπ’

162 4508 446 4579 ἐγκλήμασι
483 4503 884 4574 παραδέχεται.

165 4617 179 4648 ι
223 4600 275 4653 Ὀ
318 4602 635 4669 κατήγορος
689 4598 754 4648 ἐκ
807 4595 902 4647 τοῦ
965 4594 1096 4647 ἰδίου
1135 4593 1284 4645 οίκου
1333 4593 1615 4663 μάρτυρας
1666 4595 1727 4645 ού

753 4705 772 4737 ι
811 4684 1118 4753 καθίστησι.
1146 4704 1164 4736 ι

217 4779 278 4829 Αἱ
306 4777 593 4831 οίκειακαὶ
625 4776 928 4846 μαρτυρίαι
957 4773 1255 4842 ἀπόϐλητοι
1289 4774 1378 4827 καὶ
1406 4774 1524 4827 ἀπὸ,
1549 4775 1728 4841 νόμων

165 4869 252 4921 tisi
273 4885 288 4900 '
317 4872 455 4942 φησι
485 4870 605 4939 γὰρ
633 4870 697 4921 τὸ
730 4866 814 4946 xa'
851 4866 1142 4932 κεφάλαιον
1170 4865 1262 4919 τοῦ
1302 4866 1519 4935 πρώτου
1551 4866 1728 4918 τίτλου

162 4958 240 5010 τοῦ
276 4967 356 5014 κα¹
398 4961 619 5031 βιϐλίου
667 4957 844 5027 ῥητῶς
890 4957 1097 5009 οὑπωσί
1123 4973 1138 4988 ο
1198 4956 1255 5008 '0
1309 4963 1614 5025 κατήγορος
1656 4957 1732 5009 oi-

165 5054 390 5112 κειακους
422 5047 599 5103 αὑτοῦ
634 5047 916 5117 μάρτυρας
951 5048 1010 5100 ού
1043 5045 1267 5100 δύναται
1295 5047 1564 5118 παράγειν
1585 5063 1598 5077 ·
1636 5048 1732 5099 καὶ

162 5143 210 5190 τὸ
235 5148 302 5193 κε’
333 5141 642 5207 κεφάλαιον
682 5136 777 5188 τοῦ
805 5137 966 5189 αὑτοῦ
993 5137 1172 5188 τίτλου
1203 5137 1295 5190 καὶ
1321 5135 1546 5206 βιϐλίου,
1575 5135 1646 5199 ὡς
1676 5139 1729 5188 αἱ

164 5233 408 5284 οἱκειακαὶ
452 5227 769 5300 μαρτυρίαι
800 5226 1308 5298 ἀποδοκιμάζονται.
1345 5227 1640 5297 Μάρτυρες
1675 5227 1731 5280 δὲ

164 5326 438 5384 οἰκειακοὺς
462 5322 688 5389 νοήσεις
713 5317 838 5380 τοὺς
861 5317 963 5369 ὑπὸ
987 5317 1234 5382 ὲξουσίαν
1257 5318 1397 5380 τινὸς
1425 5317 1728 5382 τελοῦντας,

165 5417 242 5462 καὶ
268 5413 604 5481 δυναμένους
641 5407 1070 5478 προστάττεσθαι
1100 5407 1231 5477 παρ’
1255 5408 1450 5461 αὑτοῦ·
1483 5410 1533 5462 oi.
1559 5409 1731 5462 τοιοῦο

165 5502 354 5571 τοιγὰρ
382 5501 510 5554 οὕτε
537 5499 688 5566 ὑπὲρ
723 5498 968 5571 αύτοῦ,ὴ
1001 5501 1119 5552 κατ’
1151 5501 1333 5565 ἄλλου,
1368 5501 1736 5572 κατηγοροῦν-

167 5608 238 5654 τος
261 5594 418 5647 αὐτοῦ
442 5635 458 5659 ,
485 5595 569 5655 είς
609 5593 919 5660 μαρτυρίαν
946 5592 1499 5662 παραδεχθήσονταιῆ
1527 5593 1612 5645 ἐπ’
1641 5596 1733 5662 ἐγ·-

176 5682 463 5755 κληματικῇ
493 5684 530 5755 ἢ
585 5683 684 5735 ἐπὶ
715 5685 1027 5752 χρηματικῇ
1060 5684 1316 5738 αίτιασει.
1350 5685 1407 5736 Ei
1438 5686 1492 5738 δὲ
1545 5686 1730 5753 ἕτερός

169 5788 233 5836 τις
254 5775 450 5844 ἐνάγει,
511 5773 614 5826 καὶ
646 5770 898 5840 βούλεται
931 5772 1093 5826 ἄλλου
1144 5773 1390 5843 οἰκειακῇ
1452 5774 1730 5842 μαρτυρία

1825 3247 2103 3314 imperari,
2121 3257 2175 3300 et
2193 3246 2294 3302 nisi
2321 3250 2544 3317 imperio
2561 3258 2804 3316 pareant,
2831 3261 2986 3314 pinna
3008 3245 3170 3310 inlligi
3199 3253 3394 3311 potest.

1823 3333 1958 3388 Nam
1985 3337 2027 3388 si
2052 3336 2417 3390 honestiorem
2449 3337 2500 3389 in
2543 3335 2746 3389 familia
2775 3334 2951 3388 locum
2982 3333 3277 3392 obtineant,
3314 3343 3400 3382 nt-

1825 3437 1948 3491 pote
1977 3430 2306 3491 sacerdotes,
2338 3429 2570 3490 diaconi,
2599 3427 2680 3479 vel
2714 3426 3072 3494 grammatici,
3097 3431 3149 3477 et
3173 3424 3400 3490 quiem..-

1823 3531 1930 3586 que
1956 3519 2116 3586 hujus
2145 3520 2378 3587 generis,
2404 3534 2433 3572 a
2463 3517 2770 3572 testimonio
2798 3517 3022 3570 dicendo
3056 3529 3394 3582 nequaquam

1824 3609 2177 3662 exclndetttur

1821 3699 2046 3753 ARIST.
2108 3719 2127 3752 ι
2185 3701 2249 3754 Ει
2313 3704 2402 3771 qui
2471 3716 2646 3755 annos
2701 3699 3108 3769 quatuordecim
3163 3699 3400 3751 nondum

2416 3811 2434 3842 ι
2468 3794 2750 3859 transegit.
2795 3810 2813 3840 ι

1890 3878 1959 3933 Et
1991 3881 2076 3933 hic
2124 3883 2188 3934 ad
2255 3884 2616 3935 testimonium
2673 3896 2776 3934 non
2840 3889 2923 3933 est
2982 3878 3392 3943 admittendus,

1825 3984 2043 4039 propter
2075 3974 2252 4026 aetatis
2285 3970 2770 4041 imperfectimtem.
2809 3969 3021 4024 Testem
3055 3973 3197 4023 enim
3236 3985 3402 4036 opor-

1825 4071 1920 4124 tet,
1958 4077 2062 4116 non
2097 4073 2305 4116 tantum
2351 4065 2502 4116 bonae
2539 4077 2661 4116 esse
2703 4062 2858 4115 fama:
2905 4070 2961 4114 et
2987 4062 3350 4113 orthodoxnm
3384 4099 3400 4123 ,

1826 4153 1918 4204 sed
1954 4162 2007 4206 et
2043 4153 2391 4206 stabilitatem
2425 4153 2628 4205 habere
2659 4168 2674 4204 :
2701 4164 2751 4203 at
2783 4153 2872 4219 qni
2904 4153 3236 4218 pubertatem
3271 4166 3401 4202 nor;-

1827 4239 2218 4310 dum.attigit,
2271 4241 2473 4308 judicio
2531 4241 2772 4295 lubricus
2820 4252 2924 4295 est.
2973 4241 3040 4293 At
3099 4240 3398 4293 secundum

1831 4332 2006 4384 thema
2042 4348 2159 4399 cap.
2195 4334 2257 4385 Π
2297 4335 2382 4387 tit.
2413 4334 2438 4386 1
2483 4335 2575 4389 lib.
2608 4337 2733 4399 im,"
2773 4349 2868 4387 nec
2897 4335 3084 4402 viginti
3119 4332 3276 4384 annis
3306 4331 3404 4383 ini-

1831 4437 2014 4474 norem
2043 4423 2107 4474 ad
2134 4423 2501 4476 testimonium
2556 4435 2741 4476 contra
2768 4423 3074 4491 quempiam
3127 4421 3181 4474 in
3231 4436 3398 4475 causa

1760 4492 1803 4545 υ
1833 4512 2099 4566 criminati
2134 4513 2368 4566 dandum
2403 4513 2662 4566 admittit.

1836 4621 1854 4654 ι
1892 4603 2214 4671 {Accusator
2262 4617 2292 4656 e
2347 4603 2562 4672 propria
2608 4604 2765 4656 domo
2819 4611 2988 4658 testes
3078 4615 3186 4655 non
3262 4614 3390 4669 pro-

2471 4711 2490 4744 ι
2547 4693 2715 4746 ducit.
2759 4710 2779 4745 ι

1901 4785 2226 4839 Testimonia
2261 4784 2561 4838 domestica
2599 4785 2763 4837 etiam
2797 4799 2827 4835 a
2865 4784 3070 4851 legibus
3117 4792 3242 4835 sunt
3282 4783 3406 4848 reji-

1838 4876 2049 4929 cicnda.
2085 4874 2220 4927 Nam
2279 4890 2399 4944 cap.
2453 4875 2517 4927 2t
2566 4875 2706 4928 tit.l
2763 4874 2856 4927 lib.
2897 4890 2988 4928 nt
3036 4874 3114 4928 sic
3150 4889 3408 4942 expresse

1833 4966 1962 5019 dicit
2001 4968 2340 5020 :Accusator
2377 4965 2705 5019 domesticos
2747 4979 2878 5019 suos
2905 4974 3069 5018 testes
3095 4981 3197 5018 non
3227 4975 3404 5032 potest

1835 5056 2132 5124 producere
2186 5071 2201 5107 :
2259 5063 2312 5106 et
2369 5067 2490 5121 cap.
2548 5052 2618 5104 25
2671 5052 2912 5121 ejusdem
2969 5053 3102 5105 tituli
3156 5061 3209 5106 et
3259 5053 3406 5113 libri,

1833 5146 1974 5213 quod
2031 5143 2338 5198 testimonia
2392 5142 2692 5196 domestica
2744 5142 3141 5208 improbantur.
3209 5142 3405 5194 Tt-stes

1833 5242 2010 5287 autem
2031 5233 2352 5287 domesticos
2379 5230 2665 5299 intelligas,
2692 5231 2783 5300 qui
2819 5234 3068 5299 potestati
3117 5232 3406 5299 cujuslibet

1840 5321 2068 5391 Subjecti
2106 5333 2254 5384 sunt,
2293 5333 2348 5375 et
2374 5323 2570 5390 quibus
2600 5323 2713 5389 ipse
2745 5322 2997 5374 mandare
3027 5329 3240 5388 potest:
3273 5321 3410 5373 tales

1833 5415 1998 5476 enim,
2031 5429 2127 5467 nec
2154 5427 2249 5480 pro
2283 5429 2368 5478 eo,
2401 5428 2498 5466 nec
2525 5421 2714 5466 contra
2747 5413 2907 5465 alium
2929 5449 2945 5476 ,
2979 5427 3044 5464 eo
3068 5423 3358 5466 accusante
3387 5450 3404 5474 ,

1837 5505 1888 5558 in
1917 5505 2278 5558 testimonium
2310 5503 2656 5571 recipientur,
2712 5503 2765 5556 in
2796 5517 2956 5556 causa
3011 5502 3092 5555 vel
3133 5502 3404 5556 critniuali

1835 5594 1917 5647 vel
1951 5593 2290 5662 pecuniaria.
2331 5591 2386 5645 Si
2419 5593 2556 5646 alius
2601 5602 2783 5646 autem
2833 5592 3098 5660 quispiam
3148 5601 3406 5655 accuset,

1836 5697 1889 5737 et
1922 5685 2058 5737 alius
2091 5683 2391 5736 demestico
2422 5682 2729 5737 testimonio
2760 5683 2836 5736 uti
2886 5683 3078 5745 vellet,
3116 5697 3228 5735 non
3280 5701 3408 5751 ptu-

1848 5776 2079 5831 hibctur.
2125 5772 2257 5830 Nam
2292 5788 2358 5830 ex
2392 5788 2499 5829 una
2533 5774 2691 5832 domo
2714 5783 2889 5839 potest
2919 5785 2968 5829 ei
3005 5781 3160 5841 pater
3195 5787 3240 5827 e.
3269 5775 3410 5823 tibus
