4012 6442
555 450 662 514 ‘23

1806 437 2082 502 THEOD.
2125 432 2525 494 BALSAMON

3684 422 3791 485 424

551 573 643 638 qui
674 576 755 621 est
786 567 885 620 sub
914 573 1201 634 potestate,
1226 571 1278 614 et
1308 563 1410 615 duo
1436 559 1525 613 [liii
1560 557 1757 613 fratres
1809 558 1969 611 simul
2007 559 2108 611 sub

2250 550 2538 622 ρήσασθαι,
2581 546 2642 599 ού
2709 544 3032 597 κεκώλυται.
3105 542 3237 595 Ἀπὸ
3295 548 3404 610 γαρ
3455 540 3571 600 ἐνος
3646 541 3804 593 οίκου

555 668 841 726 potestate,
870 656 949 709 vel
979 666 1166 708 contra
1202 654 1436 719 aliquem
1484 650 1563 701 vel
1596 663 1694 717 pro
1725 647 1904 715 aliquo
1959 648 2115 701 testi-

559 745 797 798 monium
844 743 1043 807 dicere,
1077 754 1130 795 ut
1162 756 1281 809 cap.
1310 740 1376 792 15
1404 736 1641 806 ejusdem
1676 735 1791 798 lib.,
1826 736 1907 791 tit.
1944 738 1961 788 Ι
2021 736 2114 789 lib.

558 848 649 888 ιιι
675 832 882 887 statuit.

1082 1086 1308 1141 CANON
1341 1083 1623 1139 LAXXIII.

567 1206 585 1239 ι
623 1186 695 1239 De
727 1185 998 1253 episcopo.
1032 1183 1119 1249 qui
1147 1197 1265 1231 eum
1289 1194 1316 1230 a
1348 1176 1725 1230 communione
1753 1170 2001 1233 removit,
2028 1168 2119 1237 qui

636 1294 656 1328 ι
698 1277 795 1329 sibi
830 1275 926 1327 soli
962 1271 1233 1341 proprium
1282 1270 1487 1322 crimen
1522 1264 1800 1318 confessus
1830 1274 1930 1315 est.
1959 1262 2122 1315 Simi-

631 1387 651 1420 ι
691 1368 811 1420 liter
834 1364 1031 1433 placuit
1064 1374 1141 1427 ut,
1169 1363 1213 1415 si
1254 1361 1539 1427 episcOpus
1587 1357 1729 1408 dicat
1762 1356 1989 1420 aliquem
2023 1351 2121 1405 sibi

637 1477 656 1509 ι
698 1457 795 1511 soli
831 1453 1105 1523 proprium
1138 1451 1341 1505 crimen
1394 1464 1513 1500 esse.
1557 1444 1911 1504 confessum,
1943 1451 1994 1495 et
2039 1441 2125 1493 ille

638 1568 655 1600 ι
699 1557 875 1616 neget,
904 1560 969 1599 ne
995 1543 1266 1597 existimet
1294 1534 1654 1607 episcopus'id
1698 1535 1760 1588 ad
1803 1549 1953 1588 suam
1984 1531 2125 1597 inju-

639 1659 658 1691 ι
702 1640 837 1693 riam
868 1636 1157 1706 pertinere,
1193 1634 1334 1701 quod
1364 1631 1414 1683 ei
1453 1629 1549 1683 soli
1582 1628 1711 1681 fides
1735 1642 1838 1679 non
1863 1624 2122 1676 habetur:

639 1750 657 1783 ι
692 1728 900 1785 etiamsi
954 1724 1180 1793 propriae
1218 1720 1559 1776 conscientiae
1590 1715 1842 1785 scrupulo
1875 1716 2013 1767 dicat
2069 1727 2126 1765 se

637 1840 654 1871 ι
688 1818 827 1872 nolle
848 1817 918 1879 ei,
951 1815 1040 1883 qui
1070 1821 1246 1881 negat,
1276 1808 1699 1864 communicare.
1734 1826 1752 1857 ι

636 1996 831 2050 BALS.
866 1992 936 2047 Ut
967 2002 1050 2047 est
1082 1990 1395 2053 verisimile,
1425 1989 1637 2057 quidem
1670 1988 1861 2051 laicus,
1893 1987 1975 2040 vel
2017 1986 2127 2039 cic-

567 2088 712 2140 ricus
758 2083 972 2152 proprio
998 2082 1252 2149 episcopo
1305 2077 1583 2131 confessos
1607 2087 1690 2131 est
1730 2078 1795 2131 de
1824 2077 2002 2143 aliquo
2024 2091 2054 2129 ι
2076 2092 2135 2131 se

564 2176 852 2229 commisso
886 2182 1123 2239 peccato.
1159 2168 1360 2221 Etcum
1384 2181 1543 2220 causa
1583 2166 1790 2233 publice
1821 2176 1937 2220 acta
1965 2175 2130 2230 esset,

566 2264 658 2332 qui
690 2262 1080 2317 confessiOuem
1117 2260 1330 2326 quidem
1365 2256 1562 2310 fecerat
1588 2257 1792 2310 crimen
1853 2256 2132 2308 inﬁciaba-

568 2365 689 2417 tur;
716 2355 994 2420 episcopus
1014 2360 1189 2402 autem
1218 2363 1339 2399 eum
1380 2346 1757 2409 redarguebat.
1793 2345 1858 2397 Et
1896 2347 2017 2397 ideo
2038 2360 2135 2396 vo-

568 2444 713 2495 lebat
736 2458 877 2500 eum.
911 2442 1000 2508 qui
1033 2438 1315 2491 confessus
1378 2435 1539 2487 fuerit
1579 2471 1593 2497 ,
1627 2433 1802 2502 puniri
1834 2477 1846 2496 ,
1878 2444 2131 2503 tanquam

565 2532 655 2602 qui
684 2532 855 2598 ipsum
883 2528 1075 2596 injuria
1109 2526 1406 2587 affecisset;
1440 2538 1502 2577 eo
1532 2525 1672 2591 quod
1726 2538 1833 2575 non
1875 2534 2135 2575 annueret

570 2624 653 2683 iis,
697 2637 813 2688 qua:
845 2621 909 2671 ab
943 2620 1057 2684 ipso
1096 2616 1435 2668 dicebantur.
1469 2613 1607 2666 Dicit
1638 2627 1765 2681 ergo
1794 2627 1989 2673 canon,
2016 2612 2131 2679 epi-

567 2724 786 2780 Scopum
819 2710 1013 2775 injuria
1050 2724 1156 2759 non
1183 2707 1343 2766 allici,
1382 2707 1425 2759 si
1465 2705 1595 2757 lides
1623 2704 1694 2755 illi
1727 2718 1829 2755 non
1881 2703 2134 2755 adhibea-

569 2814 657 2857 tur
689 2802 785 2856 soli
808 2800 1027 2863 dicenti,
1058 2814 1176 2850 emn
1204 2837 1218 2861 ,
1258 2798 1347 2863 qui
1405 2806 1693 2849 accusatur
1721 2834 1735 2856 ,
1770 2796 1973 2846 crimen
2024 2794 2127 2847 sibi

566 2893 922 2959 deposuisse:
953 2888 1166 2942 etiamsi
1204 2888 1349 2940 dicat
1380 2887 1662 2953 episcopus
1687 2926 1700 2947 ,
1727 2883 1859 2936 Nolo
1895 2899 2016 2937 eum
2066 2883 2133 2936 ad

566 2980 1001 3034 communionem
1032 2977 1336 3037 admittere,
1374 2990 1496 3028 cum
1530 2990 1642 3027 mea
1670 2976 1721 3027 in
1766 2989 1829 3029 co
1856 2976 2137 3029 οοιιδιὶιιη-

569 3073 643 3124 tia
667 3069 1009 3131 offendatur,
1063 3077 1348 3135 pr0pterea
1409 3065 1552 3133 quod
1610 3066 1815 3117 crimen
1855 3064 2135 3117 confessus

2214 643 2435 693 δύναται
2486 638 2578 691 καὶ
2638 637 2836 705 πατὴρ,
2889 635 2986 687 καὶ
3024 633 3136 695 υίὸς
3184 632 3523 696 ὑπεξούσιος,
3573 632 3670 683 καὶ
3714 629 3813 682 δύο

2218 729 2625 794 συνυπεξούσιοι
2652 728 2758 779 υἱοὶ
2796 726 3015 792 ἀδελφοὶ
3052 724 3147 775 καὶ
3176 724 3320 775 κατά
3358 737 3503 783 τινος
3540 720 3639 772 καῖ
3664 720 3814 787 ὑπέρ

2216 840 2357 884 τινος
2400 821 2695 891 μαρτυρεῖν
2724 834 2738 849 ·
2769 816 2843 878 ὠς
2876 816 2934 868 τὺ
2964 813 3452 874 πεντεκαιδέκατον
3510 810 3812 878 κεφάλαιον

2217 909 2311 966 τοῦ
2334 910 2495 964 αὑτοῦ
2516 907 2730 978 πρώτου
2758 906 2935 958 τίτλου
2962 904 3052 958 τοῦ
3076 902 3321 956 εἰκοστοῦ
3350 901 3568 971 πρώτου
3599 898 3813 969 βιδλίου

2219 1002 2589 1071 διαλαμϐάνει.

2780 1087 3021 1145 ΚᾹΝΩΝ
3069 1085 3237 1139 ΡΔΓν.

2229 1203 2246 1235 ι
2292 1186 2426 1254 Περὶ
2464 1187 2764 1238 ἐπισκόπου
2800 1184 2891 1234 τοῦ
2933 1181 3041 1233 ἀπὸ
3074 1176 3356 1236 κοινωνίας
3397 1171 3682 1232 ποιοῦντος
3723 1170 3820 1223 τὸν

2302 1294 2319 1327 ι
2361 1276 2509 1344 αὐτῷ
2570 1277 2713 1345 μόνῳ
2768 1276 2828 1326 τὸ
2880 1274 3010 1325 ίδιον
3070 1267 3318 1336 ἔγκλημα
3375 1265 3817 1333 ὁμολογήσαντα.

2301 1384 2319 1417 ι
2370 1364 2599 1435 Ὁμοίως
2638 1367 2831 1434 ἤρεσεν
2887 1363 2992 1427 ῐνα,
3049 1362 3143 1413 ἐάν
3181 1375 3307 1410 ποτε
3344 1357 3643 1414 ἐπίσκοπος
3680 1353 3821 1421 λέγῃ

2304 1474 2323 1506 ι
2364 1458 2487 1508 τινα
2522 1455 2669 1525 αὐτῷ
2715 1456 2859 1522 μόνῳ
2892 1454 2951 1504 τὸ
2986 1452 3117 1504 ίδιον
3166 1449 3419 1516 ἔγκλημα
3448 1447 3819 1514 ὁμολογῆσαι,

2305 1566 2323 1600 ι
2369 1550 2464 1600 καὶ
2496 1550 2699 1609 ἐκεῖνος
2730 1549 2994 1617 ἀρνεῖται,
3040 1546 3115 1611 μὴ
3144 1542 3430 1609 λογίσηται
3458 1542 3486 1591 ὁ
3513 1540 3821 1598 ἐπίσκοπος

2302 1658 2319 1690 ι
2356 1642 2437 1703 είς
2486 1639 2622 1691 ἰδίαν
2662 1638 2817 1706 ὖσριν
2862 1636 3183 1696 συντείνειν,
3221 1635 3303 1685 ὅτι
3339 1631 3498 1690 αὐτὸς
3546 1632 3705 1695 μόνος
3752 1628 3816 1678 οὐ

2307 1749 2325 1783 ι
2363 1730 2716 1783 πιστεύεται·
2740 1731 2788 1779 εί
2822 1729 2916 1779 καὶ
2950 1726 3025 1794 τῷ
3056 1722 3363 1790 οκινδιλμῷ
3391 1724 3487 1789 τῆς
3526 1720 3664 1781 ιδίας
3696 1735 3826 1771 συν-

2307 1840 2324 1870 ι
2364 1822 2618 1889 ειδήσεως
2653 1819 2798 1885 λέγει
2840 1816 2915 1886 μὴ
2966 1816 3139 1867 θέλειν
3188 1816 3374 1867 ἑαυτὸν
3418 1814 3695 1866 κοινωνεῖν
3740 1811 3825 1879 τῷ

2309 1931 2327 1963 ι
2365 1912 2699 1979 ἀρνουμένῳ.
2729 1927 2746 1958 ι

2306 2001 2496 2053 ΒΑΛΣ.
2544 2000 2631 2060 Ὠς
2662 1999 2826 2061 ἔοικε,
2855 2000 2935 2059 τὶς
2971 1994 3153 2055 λαῖκὸς
3190 1994 3222 2063 ἢ
3258 1994 3350 2045 καί
3380 1992 3639 2061 κληρικδς
3676 1991 3821 2055 ἐξω-

2240 2091 2577 2159 μολογήσατο
2611 2089 2687 2157 τῷ
2724 2088 2837 2155 ἰδίῳ
2871 2088 3155 2151 ἐπισκόπῳ
3194 2085 3321 2150 περί
3348 2098 3493 2144 τινος
3528 2083 3619 2133 ὑπ’
3649 2080 3822 2134 αὐτοῦ

2234 2182 2576 2251 πραχθέντος
2616 2178 3031 2247 ἁμαρτήματος.
3066 2177 3173 2226 Καὶ
3203 2174 3530 2240 λαληθείσης
3559 2171 3660 2239 τῆς
3690 2172 3828 2227 ὑπο-

2234 2273 2431 2332 θέσεως
2472 2271 2561 2321 ὲπλ.
2594 2269 2795 2330 κοινοῦ,
2831 2270 2858 2319 ὁ
2902 2267 2999 2335 μὲν
3029 2267 3127 2333 τὴν
3160 2264 3549 2331 ἐξομολόγησιν
3583 2261 3828 2329 ποιησά-

2236 2378 2396 2431 μενος
2439 2363 2657 2429 ἠρνεῖτο
2698 2360 2755 2411 τὸ
2779 2358 3027 2426 ἔγκλημα
3053 2371 3069 2387 ⁸
3116 2357 3144 2407 ό
3187 2354 3244 2405 δέ
3282 2355 3575 2414 ἐπίσκοπος
3619 2353 3826 2421 ήλεγχε

2231 2450 2436 2504 τοῦτον.
2467 2450 2557 2501 Διὸ
2583 2450 2676 2501 καὶ
2702 2448 2858 2517 ήθελε
2888 2449 2977 2499 τὸν
3010 2445 3548 2515 ἑξομολογησάμενον
3573 2460 3831 2511 τιμωρη-

2234 2539 2391 2607 θῆναι
2430 2540 2503 2600 ὼς
2539 2537 2799 2605 ὑϐριστὴν
2831 2536 3020 2599 αὐτοῦ,
3060 2535 3149 2587 διὰ
3191 2535 3265 2603 μὴ
3290 2534 3609 2587 κατανεύειν
3638 2535 3719 2595 είς
3753 2533 3827 2584 τὰ

2234 2631 2497 2698 λεγόμενα
2536 2628 2684 2697 παρά
2720 2626 2931 2679 τούτου.
2971 2626 3137 2694 Φησὶν
3169 2620 3260 2677 οὖν
3294 2626 3321 2676 ό
3361 2623 3540 2676 κανὼν
3584 2624 3668 2674 οτι
3720 2623 3829 2673 οὐκ

2235 2721 2379 2773 ἔστιν
2411 2720 2565 2789 ὕϐρις
2603 2717 2694 2770 τοῦ
2734 2718 3032 2771 ἐπισκόπου
3072 2716 3132 2768 τὸ
3167 2716 3242 2784 μὴ
3280 2712 3628 2767 πιστεύεσθαι
3657 2713 3827 2765 αὑτὸν

2236 2811 2330 2860 καὶ
2369 2810 2525 2873 μόνον
2562 2806 2787 2871 λέγοντα
2824 2804 3153 2856 καταθέσθαι
3186 2803 3272 2854 ἐπ’
3302 2803 3450 2871 αὑτῷ
3477 2802 3537 2852 τὸ
3567 2801 3827 2867 ἔγκλημα.

2234 2899 2324 2952 τὸν
2372 2896 2841 2967 κατηγορούμενον
2862 2910 2877 2926 ·
2910 2894 3012 2945 κᾶν
3052 2895 3187 2961 λέγῃ
3214 2897 3240 2944 ό
3273 2893 3569 2953 ἐπίσκοπος
3599 2894 3706 2954 ὅτι,
3746 2893 3824 2942 υὺ

2238 2989 2376 3041 θέλω
2402 2984 2793 3056 προσδέξασθαι
2820 2983 2980 3036 αὐτὸν
3007 2984 3087 3043 είς
3125 2982 3429 3044 κοινωνίαν,
3468 2981 3832 3041 σκανδαλιςο-

2243 3081 2405 3145 μένης
2437 3074 2522 3127 ἐπ’
2568 3074 2713 3141 αύτῷ
2760 3073 2856 3141 τῆς
2889 3072 3243 3138 συνειδήσεώς
3280 3087 3380 3139 μου
3402 3108 3417 3132 ,
3448 3070 3534 3121 διὰ
3581 3070 3681 3138 τὴν
3712 3070 3836 3134 ἐξο-

572 3175 677 3219 est.
709 3163 1064 3230 Iulerrogabit
1108 3172 1284 3215 autem
1314 3159 1575 3226 quispiam
1608 3200 1621 3221 ,
1655 3173 1774 3210 cum
1809 3171 1979 3209 can0n
2032 3171 2133 3208 non

2249 3168 2534 3237 μολόγησιν
2569 3165 2663 3216 τοῦ
2710 3165 3124 3232 Ιἱμαρτήματος.
3180 3162 3477 3230 Ἔρωτήσει
3505 3162 3560 3212 δέ
3593 3178 3715 3221 τις,
3755 3159 3834 3220 ὡς

567 3270 688 3310 esse
720 3254 1111 3308 admittendum
1145 3255 1307 3305 dchl
1336 3250 1570 3318 episcopi
1598 3249 1984 3309 tes'timouium,
2012 3257 2126 3299 tan-

569 3358 730 3411 quam
757 3344 915 3398 unius
939 3342 1177 3395 hominis
1205 3381 1220 3405 ,
1266 3342 1560 3393 secundum
1601 3340 1769 3407 legem
1801 3354 1918 3405 quae
1952 3338 2081 3391 dicit
2116 3353 2131 3395 ς

571 3435 688 3489 Non
721 3434 886 3503 668
936 3440 1018 3485 est
1078 3431 1234 3483 unius
1294 3428 1680 3480 admittendum
1733 3428 2133 3489 testimonium,

567 3527 781 3581 etiamsi
810 3527 877 3578 sit
902 3533 1119 3576 senator
1155 3538 1167 3574 :
1206 3520 1522 3573 audieturne
1557 3519 1862 3586 episcopus,
1885 3527 2136 3584 tanquam

572 3620 647 3680 ei,
679 3618 772 3685 qtti
803 3627 1111 3676 accusatur,
1154 3622 1298 3665 recte
1341 3627 1443 3663 non
1476 3611 1898 3671 connnuuicans,
1922 3618 2137 3676 propter

573 3704 988 3767 confessionem,
1027 3719 1092 3753 an
1124 3700 1269 3753 1101ιῖ
1297 3700 1524 3753 Salutio.
1568 3697 1693 3749 Mdti
1724 3698 1931 3750 videtur
1976 3699 2136 3765 quod,

577 3792 795 3845 etiamsi
826 3805 1011 3843 revera
1043 3791 1321 3841 confessus
1351 3797 1433 3839 est
1460 3826 1473 3849 ,
1508 3785 1595 3850 qui
1643 3792 1952 3847 accusatur,
1978 3798 2041 3833 ex
2076 3798 2140 3835 eo

576 3885 692 3935 solo
719 3898 822 3933 non
858 3879 1051 3945 poterit
1085 3879 1369 3945 episcopus
1402 3892 1522 3928 eum
1568 3891 1594 3927 a
1632 3875 2005 3927 communione
2050 3889 2139 3926 se-

575 3988 785 4041 parare,
818 3982 872 4022 ut
904 3972 992 4038 qui
1022 3985 1122 4022 nou
1177 3969 1247 4021 sit
1287 3968 1673 4019 condemnatus
1705 3983 1717 4018 :
1754 3968 1797 4018 si
1832 3976 2010 4017 autem
2042 3965 2139 4016 hoc

575 4066 783 4124 iecerit,
834 4061 1009 4129 utqui
1063 4061 1178 4113 sine
1215 4061 1419 4112 ratione
1467 4058 1733 4110 hominem
1792 4072 1821 4107 a
1876 4056 2137 4122 spirituali

572 4155 947 4209 cuumuuione
970 4151 1324 4219 separaverit,
1354 4148 1692 4215 separabitur
1726 4156 1778 4198 et
1814 4146 1926 4211 ipse
1959 4161 1984 4196 a
2023 4161 2137 4197 ma-

571 4242 955 4311 juriantistitc,
988 4254 1070 4302 eo,
1100 4239 1189 4306 qui
1229 4238 1507 4291 confessus
1530 4246 1613 4289 est
1636 4276 1649 4299 ,
1700 4234 1964 4287 absoluto.
2010 4233 2139 4284 Nota

576 4350 704 4401 ergo
746 4340 1067 4401 pra-sentem
1102 4344 1364 4382 canonem
1396 4338 1610 4395 propter
1643 4328 1919 4395 episcopos
1948 4338 1998 4379 et
2029 4340 2143 4379 mo-

578 4428 804 4487 nacbos,
838 4424 924 4490 qui
956 4430 1297 4489 peccatorum
1334 4419 1608 4472 hominum
1645 4416 2011 4471 confessiones
2047 4433 2143 4467 au-

2234 3258 2325 3311 τοῦ
2354 3258 2568 3318 κανόνος
2588 3256 2961 3325 ἀπαράδεκτον
2979 3254 3331 3322 λογιζομένου
3363 3254 3462 3321 τὴν
3486 3251 3582 3303 τοῦ
3606 3252 3838 3303 ἐπισκό-

2237 3368 2337 3402 που
2378 3346 2711 3417 μαρτυρίαν,
2752 3348 2826 3407 ὼς
2860 3344 3147 3414 ἀνθρώπου
3181 3345 3331 3405 ἐνὶς,
3367 3345 3507 3395 κατά
3536 3344 3629 3395 τὸν
3664 3345 3837 3412 νόμον

2235 3446 2325 3491 τὸν
2378 3441 2623 3506 λέγοντα,
2684 3438 2831 3500 Ἐνδς
2877 3437 3152 3506 μαρτυρία
3187 3437 3286 3488 οὐκ
3337 3435 3452 3488 ἐστι
3494 3436 3681 3503 δεκτη,
3725 3434 3839 3486 κᾶν

2239 3531 2596 3597 συγκλητικὸς
2646 3532 2815 3592 ἐστιν,
2854 3529 3250 3597 ἀκουσθήσεται
3304 3526 3332 3577 ό
3381 3528 3703 3591 ἐπίσκοπος,
3756 3525 3839 3587 ὡς

2238 3622 2477 3687 εὐλόγως
2515 3620 2588 3688 μὴ
2621 3618 2995 3685 συγκοινωνῶν
3019 3618 3095 3685 τῷ
3127 3618 3590 3685 κατηγορουμένῳ
3613 3616 3702 3668 διὰ
3729 3618 3837 3684 τὴν

2238 3710 2640 3778 ἐξομολόγησιν,
2673 3707 2705 3775 ἣ
2738 3707 2848 3775 μή;
2884 3708 3094 3769 Λύσις.
3146 3706 3299 3773 Ἐμοὶ
3322 3707 3467 3757 δοκεί
3500 3704 3596 3767 ὡς,
3629 3703 3733 3757 κΞιν
3765 3708 3835 3773 τῇ

2242 3800 2466 3867 ἀληθείᾳ
2497 3796 2944 3865 ἐξωμολογήσατο
2980 3798 3005 3848 ὁ
3040 3796 3516 3865 κατηγορούμενος
3538 3836 3554 3859 ,
3587 3798 3695 3848 ἀπὸ
3729 3798 3833 3864 μόο

2239 3909 2328 3943 νου
2361 3890 2549 3941 τούτου
2594 3889 2651 3939 οὐ
2688 3887 2973 3955 δυνήσεται
3022 3887 3184 3938 αὑτὸν
3229 3888 3461 3955 χωρίσαι
3501 3887 3599 3955 τῆς
3632 3904 3839 3940 κοινωο

2241 3981 2357 4038 νίας
2412 3979 2439 4029 ό
2493 3978 2823 4037 ἐπίσκοπος,
2885 3977 2959 4036 ὡς
3026 3976 3159 4043 μηδέ
3220 3976 3720 4027 καταδικασθέντα·
3785 3980 3837 4029 εί

2240 4070 2293 4120 δὲ
2324 4068 2480 4120 τοῦτο
2509 4070 2743 4137 ποιήσει,
2778 4068 2852 4128 ὡς
2884 4067 3195 4131 ἁνευλόγως
3222 4066 3457 4134 χωρίσας
3493 4067 3585 4118 τὸν
3614 4066 3840 4135 ἄνθρω-

2242 4176 2341 4209 πον
2366 4160 2469 4210 ἀπὸ
2503 4158 2600 4225 τῆς
2634 4157 3010 4225 πνευματικῆς
3067 4156 3386 4220 κοινωνίας,
3426 4156 3839 4227 χωριεθήσεται

2245 4250 2336 4299 καὶ
2367 4248 2524 4309 αὐτὸς
2555 4247 2658 4298 ὑπὸ
2685 4245 2774 4299 τοῦ
2813 4246 3060 4313 μείζονος
3092 4245 3418 4313 ἀρχιερέως,
3442 4242 3536 4295 τοῦ
3568 4244 3839 4312 ἐξομολο-

2243 4339 2553 4406 γηααμὲνου
2588 4336 2867 4405 λυομένου.
2895 4336 3209 4404 Σημείωσαι
3234 4334 3324 4385 τὸν
3352 4332 3592 4402 παρόντα
3622 4333 3834 4384 κανόνα

2245 4428 2331 4478 διὰ
2362 4428 2482 4487 τοὺς
2516 4426 2844 4486 ἐπισκόπους
2886 4427 2979 4476 καὶ
3007 4427 3129 4486 τοὺς
3165 4422 3489 4491 δεχομένους
3519 4422 3838 4491 ἀνθρώπων

578 4515 753 4577 diunt,
785 4522 836 4565 et
864 4510 1231 4565 testimonium
1258 4508 1443 4561 ferunt
1477 4509 1734 4560 adversus
1766 4521 1880 4570 eos,
1911 4508 1998 4573 qui
2054 4506 2136 4557 di-

2249 4516 2535 4583 λογισμοὺς
2591 4516 2874 4583 μοναχοὺς,
2928 4515 3022 4565 καὶ
3071 4513 3486 4584 μαρτυροῦντας
3525 4512 3670 4564 κατά
3720 4513 3840 4564 τῶν

578 4616 773 4658 contur
800 4604 989 4657 fecisse
1035 4603 1176 4670 apud
1232 4601 1375 4669 ipsos
1442 4597 1836 4653 confessionem
1879 4598 2140 4651 criminis.

580 4696 733 4760 Quod
767 4703 944 4746 autem
980 4707 1084 4746 non
1138 4702 1221 4744 est
1269 4691 1655 4744 admittendum
1698 4690 1857 4741 unius
1907 4692 2142 4741 testimo-

582 4786 751 4845 nium,
788 4782 901 4851 lege
923 4782 1082 4835 etiam
1119 4794 1377 4833 canonem
1415 4779 1481 4832 75
1528 4788 1838 4838 sanctorum
1875 4777 2142 4843 apostolo-

582 4889 725 4926 rum.
759 4874 1145 4925 b.:m~tissitntts
1184 4872 1395 4938 quidem
1425 4880 1567 4921 certe
1623 4867 1919 4935 patriartha
1975 4867 2142 4917 domi-

580 4979 682 5015 nus
711 4962 879 5014 Lucas
918 4960 1490 5015 excommunicationis
1535 4974 1708 5027 [MBDIB
1751 4957 1978 5025 subjecit
2027 4972 2141 5008 mo-

584 5054 803 5105 nasterii
832 5052 1171 5119 Gerotrophii
1202 5052 1507 5120 praefectum
1534 5089 1551 5117 ,
1581 5050 1670 5117 qui
1718 5049 1893 5102 fuerat
1930 5048 2144 5101 archie-

580 5146 829 5212 piscopus
852 5139 1146 5204 Heracleae,
1181 5143 1318 5208 quod
1364 5141 1468 5195 tale
1518 5141 1878 5194 testimonium
1940 5141 2144 5193 tulisset

580 5237 838 5285 alversns
867 5247 1023 5285 suum
1061 5233 1390 5299 spiritualem
1432 5233 1620 5285 (ilium.

654 5321 905 5375 ZONAR.
939 5322 1197 5386 Quamvis
1231 5323 1512 5390 episcopus
1534 5322 1760 5389 alicujus
1809 5337 1868 5375 se
1894 5322 2141 5384 crimina,

582 5414 651 5465 ob
676 5426 792 5479 quae
822 5412 868 5465 is
892 5412 1271 5465 communione
1295 5412 1588 5464 movendus
1620 5424 1724 5475 εει,
1750 5411 1917 5478 ipsius
1939 5410 2147 5463 cunl'es-

582 5507 731 5555 sione
791 5503 1106 5570 cognovisse
1164 5501 1425 5567 aﬂinnet,
1492 5504 1583 5571 qui
1644 5514 1821 5556 tamen
1880 5502 2143 5571 ejusmodi

581 5589 852 5657 quidpiam
904 5588 1206 5643 confessum
1241 5606 1299 5645 se
1346 5606 1467 5645 esse
1513 5601 1695 5660 neget;
1743 5594 1838 5645 soli
1898 5594 2146 5658 episcopo

585 5680 636 5731 in
667 5694 728 5731 ea
759 5694 816 5731 re
850 5677 985 5732 fides
1017 5694 1125 5732 non
1156 5680 1461 5735 habebitur.
1491 5682 1673 5750 Neque
1716 5698 1840 5736 vero
1860 5722 1872 5745 ,
1901 5683 2146 5750 inquiunt

582 5766 788 5835 Patres,
824 5769 877 5826 in
909 5784 974 5826 eo
1005 5768 1254 5840 iujuriam
1277 5772 1377 5826 sibi
1410 5773 1523 5828 iieri
1544 5774 1829 5842 episcopus
1850 5775 2143 5835 existune!,

2243 4606 2545 4673 λεγομένων
2598 4607 2821 4674 ποιῆσαι
2871 4605 3006 4674 πρὸς
3053 4603 3254 4664 αὐτοὺς
3297 4602 3689 4670 ἐξομολόγησιν
3736 4602 3840 4656 τοῦ

2242 4695 2655 4763 ἁμαρτήματος.
2688 4696 2809 4747 Ὀτι
2839 4694 2895 4745 δὲ
2924 4694 3144 4755 ἀδεκτός
3175 4695 3323 4745 ἐστιν
3353 4695 3384 4760 ή
3422 4692 3512 4744 τοῦ
3543 4691 3661 4754 ἐνὸς
3692 4710 3841 4761 μαρο

2242 4788 2423 4855 τυρία,
2479 4786 2751 4852 ἀνάγνωθι
2799 4787 2892 4837 καὶ
2943 4785 3036 4838 τὸν
3089 4792 3160 4838 οε¹
3218 4786 3417 4837 κανόνα
3476 4785 3584 4836 τῶν
3657 4786 3839 4849 ἁγίων

2244 4877 2575 4928 ἀποστόλων.
2624 4877 2681 4927 '0
2716 4872 2898 4945 μέντοι
2948 4876 3247 4942 ἀγιὼτατος
3287 4874 3627 4943 πατριάρχης
3664 4875 3838 4942 κυρὸς

2244 4969 2454 5025 Λουκᾶς
2496 4966 2757 5035 ἐπιτιμίῳ
2801 4965 3252 5033 ἁλειτουργησίας
3304 4963 3686 5016 καθυπέὸαλλε
3735 4965 3834 5015 τὸν

2244 5055 2650 5123 καθηγούμενον
2684 5056 2781 5123 τῆς
2815 5057 2981 5123 μονῆς
3009 5056 3102 5107 τοῦ
3140 5057 3504 5127 γηροτρόφου,
3541 5054 3632 5105 τὸν
3663 5070 3834 5120 γεγο-

2242 5146 2367 5198 νότα
2400 5145 2824 5213 ἀρχιεπίσκοπον
2858 5146 3223 5214 Ἡρακλείας,
3255 5146 3496 5199 τοιοῦτόν
3528 5163 3578 5197 τι
3612 5161 3831 5214 μαρτυ-

2247 5236 2485 5304 ρήσαντα
2521 5237 2664 5285 κατά
2686 5234 3058 5301 πνευματικοῦ
3084 5237 3269 5297 παιδος
3298 5234 3487 5293 αὐτοῦ.

2314 5324 2552 5377 ΖΩΝΑΡ.
2604 5323 2721 5376 Κᾶν
2773 5324 3070 5386 ἐπίσκοπος
3121 5326 3257 5395 λέγῃ
3317 5325 3828 5395 ἐξομολογήσασθαι

2243 5412 2391 5480 αὐτῷ
2420 5430 2545 5463 τινα
2575 5412 2878 5482 ἁμάρτημα
2918 5412 3148 5481 χωρίζον
3177 5414 3338 5466 αὑτὸν
3374 5418 3473 5483 τῆς
3504 5417 3829 5482 κοινωνίας,

2243 5508 2269 5558 ό
2297 5500 2351 5556 δὲ
2390 5504 2639 5573 ἀρνῆται,
2670 5502 2844 5568 λέγων
2874 5502 2948 5571 μὴ
2985 5505 3160 5554 εἰπεῖν
3197 5504 3345 5573 αὑτῴ
3375 5506 3619 5558 τοιοῦτον
3652 5509 3835 5576 ἁμαρ·

2243 5612 2414 5664 τημα,
2466 5594 2525 5643 ού
2580 5592 2997 5661 πιστευθήσεται
3052 5593 3211 5660 μόνος
3266 5596 3292 5646 ὁ
3342 5594 3669 5658 ἐπίσκοπος.
3723 5599 3834 5651 Καὶ

2244 5687 2423 5747 τοῦτο,
2458 5684 2622 5750 φασὶν
2648 5685 2695 5734 oi
2725 5683 2987 5752 Πατέρες,
3020 5684 3093 5754 μὴ
3117 5684 3417 5751 λογιζέσθω
3438 5687 3517 5756 τῷ
3546 5689 3837 5758 ὲπισκόπῳ

2249 5779 2327 5838 εἷς
2388 5775 2567 5842 ὓϐριν,
2630 5776 2710 5826 ὅτι
2765 5774 2823 5825 οὐ
2888 5775 3201 5829 πιστεύεται
3263 5778 3446 5846 μόνος,
3498 5780 3595 5831 καὶ
3646 5780 3836 5833 λοιπὸν
