4012 6430
222 387 326 452 425
1229 387 1504 449 IN.CAN.
1548 385 1832 448 CXXXIV
1865 384 2072 450 CONC.
2127 389 2506 450 CARTHAG.
3341 398 3450 458 426

218 504 584 570 ἀναγκάζεται
647 508 1035 573 συγκοινωνείν
1095 506 1320 575 ἐκείνῳ,
1386 504 1490 556 κᾶν
1552 504 1684 574 λέγῃ
1751 504 1780 556 6

1883 502 2023 568 quod
2053 503 2155 558 soli
2195 505 2296 560 sibi
2329 520 2433 559 non
2453 505 2755 568 .credatur,
2779 507 3034 577 quodque
3077 508 3128 561 in
3170 518 3445 578 posterum

218 593 512 654 ἐπίσκοπος
539 595 620 645 ὅτι
653 596 731 646 Οὐ
761 594 900 647 θέλω
936 594 1329 665 προσδέξασθαι
1362 593 1524 647 αὐτὸν
1557 594 1634 654 είς
1664 608 1779 644 κοι-

1890 593 2032 648 illius
2077 597 2510 650 communionem
2591 597 2877 652 admittere
2935 612 3156 654 necesse
3210 599 3445 664 habent;

216 681 409 733 νωνίαν
428 723 442 742 ,
485 683 972 753 σκανδαλιζομένης
1003 686 1088 736 ἐπ’
1121 683 1267 752 αύτῷ
1295 683 1390 751 τῆς
1428 680 1781 748 συνειδήσεώς

1887 684 2135 751 quamvis
2164 685 2232 739 ab
2259 700 2318 739 ea
2351 686 2842 742 communicatione
2882 703 2939 742 se
2991 690 3264 744 abstinere
3312 689 3448 743 velle

221 787 345 838 μου.
396 772 728 842 Σκινδαλμὺν
756 775 864 843 γὰρ
896 774 928 842 ἢ
971 774 1032 826 τὸ
1074 773 1363 826 σκάνδαλον
1386 772 1600 839 νοητέον
1628 771 1661 839 ἢ
1689 770 1780 822 τὸν

1887 773 2238 839 proﬁteatur,
2281 791 2348 830 es
2397 791 2569 845 eaque
2628 778 3018 833 conscientiam
3048 795 3198 834 suam
3247 779 3446 835 oli‘endi

216 855 446 926 θόρυϐον
473 860 571 927 τῆς
599 861 955 929 συνειδήσεως
981 861 1378 931 θορυδουμένης
1408 859 1499 912 καὶ
1525 869 1781 928 ταραττο-

1886 875 2162 919 causetur.
2197 864 2294 920 Hic
2315 867 2458 920 enim
2486 883 2578 936 per
2607 868 2952 938 σκινδαλμὸν,
2986 880 3079 924 aut
3109 872 3445 939 scandalum,

218 946 386 1016 μένης
413 948 500 1001 διά
524 950 621 1016 τὴν
645 949 1029 1020 ἐξομολόγησιν
1057 951 1150 1005 τοῦ
1191 953 1604 1022 ἁμαρτήματοςο

1887 962 1981 1005 aut
2007 956 2353 1010 conscientia:
2386 956 2723 1012 confessione
2759 960 2925 1012 auditi
2956 958 3216 1016 facinoris
3261 964 3448 1016 conci-

1891 1051 2011 1096 tata:
2040 1059 2102 1099 ac
2129 1047 2457 1115 perturbata
2492 1049 2778 1102 tumultum
2813 1049 3076 1120 intellige.

216 1117 438 1170 ΔΡΙΣΤ.
489 1137 508 1170 ι
547 1121 737 1189 Λέγων
773 1123 1066 1186 ἐπίσκοπος
1101 1125 1183 1176 ὅτι
1229 1121 1302 1176 Τὸ
1344 1123 1594 1192 ἔγκλημα
1638 1122 1778 1175 κατά

1887 1131 2109 1187 ARIST.
2153 1151 2172 1184 ι
2207 1133 2468 1203 Episcopo
2496 1135 2714 1200 dieenti,
2748 1139 2889 1206 quod
2933 1117 3139 1193 crimen
3169 1140 3299 1193 mihi
3347 1140 3447 1194 soli

306 1227 321 1258 ι
367 1214 535 1281 μόνας
566 1215 593 1264 6
621 1214 790 1275 πέλας
823 1232 912 1283 μοι
937 1215 1307 1284 ὡμολόγησεν,
1340 1217 1390 1267 εί
1422 1215 1450 1266 6
1481 1214 1645 1275 πέλας
1677 1215 1780 1282 ἀρα

1963 1242 1982 1276 r
2013 1224 2220 1279 vicinus
2243 1224 2521 1281 confessus
2544 1234 2648 1293 est,
2681 1227 2727 1281 si
2753 1229 2964 1284 vicinus
2996 1231 3290 1299 negaverit,
3319 1231 3449 1288 ﬁdes

291 1323 310 1356 ι
348 1307 537 1368 νεῖται,
569 1303 667 1355 ούκ
699 1301 974 1368 εὖπιστος.

1964 1333 1982 1367 ι
2023 1333 2128 1373 non
2153 1329 2238 1376 est
2270 1320 2426 1375 facile
2460 1322 2724 1377 habenda.
2770 1344 2787 1376 ι

287 1417 361 1470 Ού
389 1417 494 1486 χρὴ
523 1413 974 1484 πιστεύεσθαιτῷ
990 1418 1277 1486 ἐπισκόπῳ
1299 1416 1508 1484 λέγοντι
1531 1416 1604 1476 ὡς
1625 1416 1780 1470 Κατά

1955 1424 2114 1484 Fides
2141 1430 2394 1498 episcopo
2421 1446 2527 1487 non
2567 1442 2652 1490 est
2704 1435 2951 1490 habenda
3015 1438 3245 1501 dicenti,
3305 1442 3445 1508 quod

221 1509 383 1574 μόνας
408 1511 436 1559 6
462 1507 610 1559 δεῖνα
639 1506 897 1576 κληρικὸς
925 1506 1175 1577 ἐγκλημά
1207 1524 1296 1578 μοι
1316 1508 1650 1578 ὡμολόγησε,
1685 1508 1779 1559 καὶ

1889 1522 2121 1584 clericus
2151 1526 2418 1595 quispiam
2456 1528 2589 1582 milii
2619 1529 2720 1584 soli
2747 1530 2948 1585 crimen
2974 1529 3250 1585 confessus
3265 1540 3370 1596 est,
3394 1541 3449 1585 et

215 1597 298 1651 διὰ
343 1597 499 1650 τοῦτο
547 1599 579 1666 ἢ
631 1597 724 1649 τοῦ
782 1596 989 1665 βαθμοῦ
1039 1598 1072 1667 ἢ
1128 1599 1228 1667 τῆς
1278 1599 1558 1660 κοινωνίας
1616 1597 1778 1650 αὑτὸν

1887 1613 1956 1667 ob
1981 1613 2036 1666 id
2064 1617 2232 1681 gradu
2263 1625 2356 1669 aut
2388 1620 2766 1674 communione
2797 1635 2919 1674 eum
2972 1635 3149 1676 arceo.
3199 1621 3255 1675 Si
3301 1623 3443 1675 enim

215 1689 486 1756 ἀπείργοι.
531 1689 592 1739 Et
633 1687 741 1757 γὰρ
787 1688 1034 1757 ἀρνεῖται
1081 1690 1306 1754 ἐκεῖνος,
1345 1687 1403 1739 ὃν
1444 1686 1778 1756 ὁμολογῆσαι

1887 1716 2044 1773 negat
2075 1708 2183 1772 ille,
2216 1722 2375 1777 quem
2419 1709 2723 1766 confessum
2755 1726 2874 1766 esse
2915 1713 3080 1776 dicit,
3134 1727 3241 1767 non
3289 1713 3449 1767 debet

217 1778 382 1841 λέγει,
416 1779 517 1828 οὐκ
547 1776 750 1843 ὀφείλει
782 1776 1164 1840 καταδικάζειν
1197 1779 1357 1830 αὐτὸν
1387 1778 1419 1848 ἢ
1459 1778 1593 1831 ίδίαν
1620 1778 1777 1848 ὓϐριν

1887 1815 2005 1854 eum
2033 1803 2431 1870 condemnare;
2480 1814 2573 1856 aut
2631 1817 2692 1859 se
2733 1803 2931 1873 injuria
2983 1806 3233 1860 aﬂectum
3257 1803 3445 1860 existi-

215 1837 722 1933 rofitovlayiheﬂat,
748 1869 828 1920 ὅτι
859 1868 1018 1931 αὐτὸς
1048 1837 1108 1920 ού
1144 1837 1464 1921 πιστεύεται
1493 1869 1671 1937 μόνος.
1695 1837 1706 1848 Ι

1695 1837 1706 1848 .
1887 1837 2005 1854 νυ...
2033 1837 2389 1856 ..ψη-νηηηιν
2480 1837 2573 1856 ιι..
2631 1837 2692 1859 ου
2815 1837 2931 1858 ιιιια
2983 1837 3126 1860 ww

1542 1869 1671 1933 5W"
1811 1837 1854 1892 Β
1883 1907 2051 1957 mare,
2081 1893 2222 1961 quod
2256 1892 2357 1962 ipsi
2380 1843 2478 1948 εἴ)ιὶ
2507 1908 2614 1949 non
2652 1837 2934 1950 adbillietur
2976 1896 3126 1952 ﬁdes.

785 2020 1018 2076 ΚΔΝΩΝ
1043 2020 1213 2078 ΡΛΔ’.
2366 2064 2369 2097 1

2366 2051 2594 2109 CANON
2625 2052 2912 2109 CXXXIV.

221 2176 239 2210 t
277 2159 394 2212 Ἰνα
440 2157 537 2225 μὴ.
580 2156 654 2219 ὡς
689 2156 870 2226 ἔτυχε,
912 2156 1036 2210 τινὰ
1079 2158 1316 2228 στερήσῃ
1356 2157 1453 2227 τῆς
1497 2156 1780 2220 κοινωνίας

1887 2204 1905 2235 ι
1943 2185 2022 2239 Ne
2049 2187 2331 2254 episcopus
2366 2195 2567 2241 temere
2599 2188 2903 2256 quempiam
2966 2188 3139 2256 privet
3190 2202 3444 2241 commu-

283 2266 302 2298 ι
340 2249 657 2309 ἐπίσκοπος.
703 2247 818 2314 Ἐφ’
850 2248 972 2299 ὅσον
999 2245 1076 2315 τῷ
1098 2248 1462 2316 ἁφωρισμένῳ
1489 2246 1565 2316 μὴ
1591 2262 1777 2298 κοινω-

1956 2294 1976 2327 ι
2017 2275 2196 2329 nione.
2238 2273 2506 2340 Quamdiu
2564 2286 2844 2344 segregat!)
2911 2291 3016 2330 non
3087 2276 3445 2331 communicat

283 2357 302 2389 r
335 2341 419 2390 νεῖ
451 2341 478 2390 6
520 2339 650 2398 ῐδιος
680 2339 973 2400 ἐπίσκοπος
993 2379 1008 2402 ,
1043 2336 1119 2405 τῷ
1151 2337 1296 2407 αύτῷ
1323 2338 1603 2405 ἐπισκόπῳ
1631 2336 1778 2389 ἄλλοι

1958 2382 1976 2414 ι
2014 2365 2258 2433 proprius
2308 2365 2610 2434 episcopus,
2659 2365 2832 2420 e'idem
2891 2365 3145 2435 episcopo
3199 2364 3288 2419 alii
3337 2380 3441 2418 non

281 2449 298 2481 ι
341 2429 414 2499 μή
466 2429 984 2497 συγκοινωνήσουσιν
1031 2428 1350 2480 ἐπίσκοπον
1393 2427 1532 2479 ὥστε
1579 2428 1778 2496 μᾶλλον

1957 2454 2482 2509 ιοοωιηυιιίοιιῑιιιηι
2542 2453 2776 2523 episcopi
2833 2471 2848 2508 :
2899 2464 2961 2508 ut
3027 2454 3199 2523 magis
3255 2464 3443 2508 caveat

283 2537 301 2569 ι
343 2517 861 2587 παραφυλάττεσθαι
881 2517 971 2570 τὸν
1001 2517 1297 2569 ἐπίσκοπον
1326 2515 1402 2584 μὴ
1428 2514 1607 2582 λέγειν
1636 2517 1779 2568 κατά

1958 2561 1980 2595 ι
2015 2544 2314 2613 episcopus,
2356 2557 2422 2598 ne
2450 2514 2705 2599 adversus
2726 2514 2977 2613 ualiquem
3007 2514 3149 2599 dicat
3175 2544 3226 2598 id
3251 2584 3265 2609 ,
3299 2546 3441 2613 quod

283 2629 301 2660 ι
338 2626 505 2676 τινος,
537 2610 674 2677 ὅπερ
700 2608 1032 2673 ἀποδείξεσιν
1063 2607 1276 2676 ἐλέγξαι
1308 2609 1442 2677 παρ’
1477 2608 1685 2678 ἑτέροις
1714 2607 1776 2659 οὐ

1746 2607 1776 2659 ὗ
1952 2653 1971 2686 ι
2007 2607 2344 2690 documentis
2369 2632 2596 2703 probare
2624 2633 2760 2702 apud
2789 2607 2925 2689 alios
2952 2649 3056 2688 non
3089 2607 3284 2703 potest.

281 2718 299 2752 ι
335 2700 579 2753 δύναται.
609 2717 630 2750 ι

272 2811 550 2864 ΒΔΛΣ.Ὃ
577 2809 996 2882 παρεσιώπησεν
1024 2813 1051 2864 6
1084 2811 1350 2882 ἀνὼτερος
1386 2812 1590 2873 κανὼν,
1622 2803 1777 2873 οὗτος

1950 2833 2141 2890 BALS.
2172 2832 2322 2900 Quod
2354 2834 2600 2904 superior
2637 2847 2808 2888 canon
2858 2833 3282 2902 przetermiserat
3307 2872 3321 2896 ,
3357 2833 3440 2886 liie

207 2901 548 2970 προήνεγκεν
569 2903 645 2958 είς
671 2900 918 2968 φανερόν.
947 2900 1019 2951 T6
1041 2897 1096 2951 δὲ
1129 2896 1197 2969 ἦν
1228 2902 1312 2966 τὸ,
1349 2899 1475 2952 Ἐὰν
1509 2903 1583 2968 μή
1617 2898 1778 2969 θελή-

1879 2927 1928 2980 in
1959 2896 2216 2995 apertum'
2237 2896 2472 2994 protulit.
2522 2924 2579 2978 ω
2611 2933 2792 2979 autem
2825 2896 2941 2978 erat
2971 2941 2987 2979 :
3029 2924 3084 2978 Si
3109 2923 3277 2977 noluit
3323 2925 3440 2992 epi-

207 2989 322 3057 σῃό
381 2989 680 3045 ἐπίσκοπος
740 2988 1061 3057 κοινωνῆσαι
1132 2987 1210 3053 τῷ
1283 2989 1414 3057 παρ’
1459 2987 1623 3041 αὑτοῦ
1671 2989 1776 3057 ἀφ-

1877 3033 2071 3087 scopus
2094 3019 2142 3072 ei
2178 3017 2582 3070 communicare
2621 3016 2712 3084 qui
2749 3029 2776 3067 a
2809 3030 2867 3069 se
2896 3025 3206 3084 segregatus
3235 3023 3349 3078 est,
3384 3027 3439 3069 ut

205 3078 500 3147 ορισθὲντι,
530 3078 604 3140 ὡς
629 3076 880 3145 ἔγκλημά
897 3096 946 3131 τι
969 3078 1114 3148 αὐτῷ
1140 3079 1575 3150 ἐξαγορεύσαντι,
1605 3080 1656 3132 τί
1683 3081 1774 3133 ἐπὶ

1876 3076 2098 3178 qui-ipsi
2133 3107 2348 3176 aliquod
2383 3106 2588 3159 crimen
2637 3076 2836 3160 dixerit
2866 3123 2880 3159 :
2913 3076 3137 3173 quid—ei
3195 3106 3284 3159 liet
3324 3076 3438 3171 epi-

204 3171 280 3237 τῷ
317 3167 546 3233 τοιούτῳ
591 3169 873 3238 ἐπισκόπῳ
920 3169 1205 3239 γενήσεται
1246 3170 1548 3236 άνευλόγως
1584 3170 1774 3240 ἀφορί-

1842 3153 1965 3178 ιῚ“’¹
2003 3153 2098 3178 '3'"
2133 3153 2348 3176 ""‘I""'
2387 3153 2588 3159 """"'
2644 3153 2836 3160 "'"""
2867 3153 2879 3159 '
2918 3153 3041 3173 1"“
3098 3153 3137 3158 "
3195 3153 3283 3159 ""
3327 3153 3407 3171 *Γ*

1842 3195 1847 3216 ⁵
1877 3213 2059 3266 scopo,
2089 3200 2178 3268 qui
2214 3197 2412 3265 injuria
2445 3206 2570 3250 ante
2601 3196 3102 3250 condemnationem
3155 3195 3426 3250 hominem

207 3273 360 3308 σαντι
394 3257 490 3309 καὶ
529 3257 633 3322 πρὸ
676 3259 967 3326 καταδίκης
1000 3260 1092 3310 τὸν
1121 3259 1433 3328 ἄνθρωπον;
1475 3259 1612 3328 Φησὶ
1640 3259 1770 3327 γοῦν

1878 3257 2216 3358 segregavit?
2249 3257 2385 3341 dicit
2411 3301 2558 3355 ergo,
2589 3287 2730 3356 quod
2760 3287 2804 3339 si
2837 3287 3069 3355 aliquem
3112 3285 3306 3352 injuria
3340 3299 3424 3339 se-

205 3349 284 3402 ὅτι
331 3351 428 3403 ἐάν
468 3347 704 3418 ἀφορίσῃ
746 3349 868 3400 τινὰ
909 3349 1232 3416 ἁνευλόγως,
1275 3349 1359 3419 ἐφ’
1411 3351 1535 3402 ὅσον
1580 3352 1769 3422 καιρὸν

1876 3347 2160 3449 ιιι-εκείνη,
2209 3379 2460 3444 qnamdiu
2520 3379 2567 3430 ei
2591 3347 2625 3440 ,”
2662 3376 2754 3445 qui
2804 3386 3115 3444 segregatus
3157 3384 3278 3439 est,
3325 3391 3431 3429 non

203 3441 411 3501 ἐκεῖνος
442 3441 502 3491 ού
527 3442 773 3492 κοινωνεί
799 3440 876 3509 τῷ
907 3441 1273 3509 ἀφορισθέντι,
1310 3441 1442 3510 μηδὲ
1469 3441 1660 3510 ἐκείνῳ
1693 3441 1768 3511 τῷ

1875 3471 2254 3532 communicat,
2293 3484 2390 3522 nec
2432 3468 2530 3531 illi,
2563 3467 2653 3536 qui
2698 3467 3000 3536 segregavit
3046 3468 3291 3531 scilicet,
3342 3468 3433 3520 alii

203 3531 524 3599 ἀφορίσαντι
561 3530 783 3599 δηλαδὴ,
825 3531 1153 3584 κοινωνῶσιν
1192 3533 1238 3583 ei
1276 3532 1424 3586 ἄλλοι
1460 3531 1765 3586 ἐπίσκοποι.

1875 3530 2348 3616 contmunicaliunt
2378 3530 2639 3628 episcopi.
2670 3530 2955 3626 Sulijuiigit
2985 3557 3144 3610 etiam
3168 3530 3389 3610 causam
3415 3597 3430 3621 ,

214 3619 441 3685 Ἐπάγει
475 3619 530 3671 δὲ
579 3620 671 3671 καὶ
701 3619 797 3686 τὴν
826 3620 1028 3685 αἰτίαν,
1061 3620 1147 3673 ἴνα
1191 3621 1266 3691 μή
1297 3623 1480 3689 ταχεῖς
1508 3623 1600 3674 καὶ
1639 3622 1770 3674 ἀπε-

1876 3666 1940 3704 ne
1972 3649 2273 3718 praecipites
2327 3649 2436 3704 sint
2477 3659 2531 3703 et
2562 3647 2947 3702 inconsiderati
2991 3646 3044 3700 in
3089 3647 3433 3700 accusatione

208 3703 608 3776 ρίσκεπτοιῶσι
641 3710 1128 3780 πρὸς-κατηγορίας
1155 3715 1248 3765 καὶ
1277 3712 1410 3781 πρὸς
1444 3712 1765 3781 ἀφορισμὸν,

1873 3749 1927 3794 ει
1974 3738 2256 3809 inﬂigenda
2278 3739 2647 3808 segregatione
2678 3746 2768 3792 :et
2819 3738 3115 3795 ne_dicant
3173 3736 3431 3791 adversus

205 3800 300 3852 καὶ
345 3801 422 3869 μὴ
451 3802 596 3853 κατά
633 3817 793 3856 τινων
823 3803 1052 3868 λέγωσιν
1096 3803 1130 3859 ἃ
1169 3804 1377 3870 ἐλέγξαι
1407 3805 1466 3858 ού
1496 3803 1766 3857 δύνανται.

1876 3800 2245 3898 aliquos:qua:
2282 3800 2511 3899 probare
2545 3843 2649 3882 non
2681 3837 2926 3896 possunt.
2967 3828 3032 3882 Et
3086 3841 3114 3880 a
3171 3828 3426 3896 praesenti

207 3891 316 3944 Καὶ
345 3892 456 3944 ἀπὸ
498 3893 596 3960 μὲν
627 3892 722 3944 τοῦ
760 3895 1026 3962 παρόντος
1055 3894 1274 3956 κανόνος
1309 3893 1450 3949 οὕτω
1483 3893 1767 3962 κολάζεται

1874 3921 2086 3990 quidem
2116 3935 2322 3974 canone
2360 3921 2439 3974 sic
2467 3922 2686 3988 punitur
2719 3920 3000 3988 episcopus
3029 3957 3043 3981 ,
3099 3919 3188 3987 qui
3231 3919 3427 3985 injuste

203 3983 232 4032 6
258 3981 564 4048 ἀνευλόγως
585 3982 847 4052 ἀφορίσας
869 3983 1186 4046 ἐπίσκοπος.
1217 3985 1359 4052 Ἐγὼ
1377 3985 1433 4038 δὲ
1458 3985 1658 4054 νομίζω
1685 3986 1766 4038 ὅτι

1874 4011 2193 4081 segregavit.
2232 4010 2342 4078 Ego
2369 4022 2546 4063 autem
2579 4011 2851 4075 existimo,
2875 4011 3014 4078 quod
3041 4010 3085 4064 is
3120 4010 3428 4078 episcopus,

204 4071 263 4122 οὐ
332 4070 493 4136 μόνον
552 4069 725 4123 ταῦτα
783 4071 924 4124 οὕτω
983 4073 1378 4144 κολασθήσεται
1443 4078 1472 4128 6
1526 4074 1767 4136 τοιοῦτος

1874 4069 1976 4157 non
2008 4069 2179 4156 solum
2209 4101 2286 4155 sic
2317 4102 2571 4168 punietur
2593 4140 2610 4167 ,
2654 4101 2747 4155 sed
2786 4109 2841 4153 et
2886 4100 3024 4153 dicta
3057 4100 3426 4168 segregatione

204 4153 522 4222 ἐπίσκοπος,
545 4159 680 4212 ἀλλά
702 4161 794 4212 καὶ
821 4161 910 4214 τοῦ
937 4162 1223 4230 ἀνευλόγου
1242 4164 1432 4216 τούτου
1462 4164 1764 4235 ἀφορισμοῦ

1873 4193 2059 4262 majori
2089 4193 2318 4246 antistiti
2351 4192 2614 4258 exposita,
2646 4192 2690 4244 is
2730 4191 2967 4258 quidem,
2994 4191 3083 4258 qui
3118 4199 3201 4244 est
3241 4204 3423 4258 segre-

204 4249 528 4318 λαληθέντος
562 4251 712 4320 παρὰ
743 4251 947 4320 μείζονι
977 4254 1238 4322 ἀρχιερεῖ,
1269 4257 1296 4306 6
1321 4256 1420 4324 μὲν
1455 4256 1766 4326 άφορισθεὶς

1871 4249 2045 4349 gaius,
2082 4299 2108 4335 a
2138 4285 2507 4352 segregatione
2537 4283 2776 4336 solvetur
2815 4298 2828 4335 :
2873 4281 2965 4349 qui
3017 4291 3195 4334 autem
3247 4295 3427 4349 aegre.

202 4338 502 4408 λυθήσεται
531 4341 625 4392 τοῦ
657 4343 983 4411 ἀφορισμοῦ,
1013 4344 1040 4396 6
1070 4344 1126 4397 δέ
1158 4345 1421 4414 ἀφορίσας
1450 4346 1765 4417 τιμωρηθή-

1871 4373 2042 4441 gavit,
2084 4372 2334 4440 punietur
2361 4372 2649 4426 secundum
2678 4371 2962 4426 Jnstiniaui
3001 4371 3260 4424 novellam
3284 4411 3300 4437 ,
3331 4385 3423 4424 seu

207 4443 357 4480 σεται
381 4429 526 4481 κατά
545 4427 643 4499 τὴν
679 4430 1096 4486 Ὶουστινιάνειον
1143 4433 1375 4503 Νεαρὰν,
1401 4436 1517 4506 ἢτοι
1544 4437 1682 4489 κατὰ
1705 4437 1763 4489 1:6

207 4520 283 4541 ,μυ
312 4521 478 4541 ___,_.'_'\
542 4521 628 4541 --Β
666 4527 705 4541 ..Ι
740 4523 870 4541 _I_\-
943 4523 1028 4541 κγ’
1100 4523 1166 4541 In
1201 4526 1282 4541 ρκ’
1404 4527 1424 4541 σι
1523 4531 1532 4541 ι
1576 4529 1586 4541 ι
1655 4530 1677 4541 α

1839 4463 2162 4523 ιεεοιιιιάιιιιι
2213 4463 2529 4516 vicesimum
2559 4473 2812 4531 quartum
2857 4470 3016 4529 caput
3059 4461 3225 4530 669
3266 4461 3423 4530 primi

206 4520 283 4572 κδ’
310 4521 506 4588 κεφάλ.
539 4521 631 4573 τοῦ
658 4527 705 4573 α’
735 4523 910 4574 τίτλου
937 4523 1031 4575 τοῦ
1066 4523 1114 4591 γ’
1141 4525 1368 4593 βιϐλίου,
1401 4527 1428 4579 ὃ
1457 4531 1544 4580 καὶ
1572 4529 1628 4582 ἐν
1649 4530 1766 4582 δια-

1874 4551 2010 4604 tituli
2045 4552 2183 4604 tertii
2211 4552 2353 4616 libri,
2384 4553 2523 4620 quod
2547 4553 2712 4605 etiam
2766 4552 2820 4604 in
2857 4551 3082 4605 diversis
3126 4550 3423 4604 canonihus

206 4611 390 4678 φόροις
439 4613 627 4663 κανόσι
660 4613 1029 4682 κατεστρώθη,
1075 4616 1167 4666 καὶ
1205 4617 1343 4668 κατὰ
1374 4617 1463 4670 τὸν
1492 4618 1533 4670 6'
1566 4620 1767 4672 κανόνα

1868 4643 2028 4694 situm
2066 4649 2184 4704 est;
2213 4651 2265 4694 et
2292 4643 2582 4694 secundum
2618 4651 2869 4709 quartum
2901 4655 3160 4694 canonem
3184 4637 3421 4707 septimae

206 4701 301 4768 τῆς
321 4701 364 4762 ζ’
395 4701 637 4757 συνόδου.
665 4703 775 4756 Καὶ
795 4703 1061 4771 ἀνάγνωθι
1087 4705 1177 4758 τὸν
1195 4706 1431 4761 τοιοῦτον
1460 4710 1654 4762 κανόνα
1675 4711 1768 4764 καὶ

1867 4730 2078 4798 synodi.
2112 4729 2175 4782 Et
2205 4729 2318 4795 lege
2349 4729 2491 4782 hunc
2521 4701 2776 4782 canonem
2835 4737 2889 4779 et
2936 4727 3210 4780 Novellam
3262 4726 3418 4779 sitam

209 4792 301 4860 τὴν
332 4790 548 4860 Νεαρὰν
570 4793 1040 4862 καταστρωθείσαν
1061 4797 1139 4858 είς
1158 4797 1253 4868 τὴν
1268 4799 1557 4868 ἑρμηνείαν
1578 4802 1762 4869 αὑτοῦ,

1866 4790 1918 4873 in
1946 4819 2065 4888 ejus
2097 4790 2570 4889 interpretatione;
2606 4827 2660 4873 et
2692 4831 2813 4871 can.
2853 4817 2916 4870 14
2966 4817 3163 4870 sardic.
3209 4816 3416 4883 synodi.

207 4882 414 4933 καὶτὸν
447 4878 509 4935 ιδ’
545 4883 744 4936 κανόνα
773 4882 867 4949 τῆς
892 4884 950 4937 ἐν
978 4886 1210 4955 Σαρδικῇ
1245 4889 1484 4945 συνόδου.

272 4992 518 5046 ΖΩΝΑΡ.
559 4995 624 5046 Ὃ
687 4997 1106 5067 παρεσιώπησεν
1147 5003 1175 5053 ό
1227 5001 1480 5071 ἀνωτέρω
1557 5021 1761 5071 κανων,

1936 5017 2184 5074 ZONAR.
2212 5019 2365 5086 Quou
2399 5018 2617 5072 silentio
2662 5033 2913 5089 superior
2956 5031 3126 5071 canon
3178 5023 3409 5076 texerat,

205 5082 351 5150 οὗτος
377 5090 716 5159 προήνεγκεν
747 5089 824 5151 είς
856 5091 1107 5160 φανερόν.
1140 5093 1211 5144 Τὸ
1237 5093 1292 5146 δὲ
1317 5090 1487 5164 ἦντὸ,
1535 5097 1657 5151 Ἐὰν
1686 5100 1761 5170 μὴ

1862 5110 1950 5163 hic
1980 5110 2031 5162 in
2072 5082 2317 5177 apertum
2359 5109 2601 5178 protulit.
2628 5109 2685 5164 ld
2716 5082 2897 5162 autem
2947 5115 3068 5161 erat
3112 5103 3415 5172 ejusmodi;

209 5178 382 5248 θέλῃό
413 5182 708 5239 ἐπίσκοπος
760 5181 1088 5249 κοινωνῆσαι
1123 5181 1200 5250 τῷ
1248 5188 1375 5254 παρ’
1435 5187 1600 5242 αὐτοῦ
1659 5191 1763 5258 ἀφ-

1863 5196 1918 5249 Si
1961 5197 2092 5251 nolit
2137 5197 2424 5266 episcopus
2448 5199 2498 5251 ei
2552 5197 2991 5261 communicare,
3045 5210 3203 5263 quem
3262 5194 3414 5262 quasi

208 5269 494 5336 ορισθέντι,
539 5271 612 5332 ὡς
659 5269 908 5339 ἔγκλημὰ
954 5290 1001 5325 τι
1047 5270 1194 5344 α’ὖτῷ
1231 5274 1670 5347 ὲξαγορεύσαντι,
1706 5284 1757 5335 τί

1859 5288 2086 5342 erimina
2147 5288 2247 5355 ipsi
2294 5291 2599 5344 confessum
2629 5289 2954 5358 segregavit,
2985 5288 3114 5357 quid
3153 5287 3276 5341 huic
3315 5285 3415 5354 ipsi

204 5363 321 5427 περὶ
359 5359 451 5410 τοῦ
473 5361 716 5412 τοιούτου
742 5364 1223 5434 οἰκονομηθήσεται
1254 5385 1270 5432 ;
1316 5370 1451 5436 Φησὶ
1499 5369 1626 5438 γοῦν
1650 5373 1752 5438 ὃτι,

1858 5379 2112 5446 episcopo
2144 5377 2280 5432 ﬂet?
2316 5379 2621 5447 Respondet
2673 5379 2858 5448 igitur,
2897 5379 3042 5449 quod
3088 5379 3133 5432 si
3182 5379 3413 5446 aliquem

203 5451 291 5502 ἐὰν
318 5452 562 5521 ἀφορίσῃ
621 5453 743 5505 τινὰ
767 5454 826 5505 ού
855 5455 1100 5520 δικαίως,
1129 5459 1212 5525 ἐφ’
1244 5459 1368 5511 ὅσον
1398 5464 1587 5528 καιρὸν
1616 5465 1754 5516 ἐκεῖ-

1857 5470 2048 5537 injuria
2082 5473 2409 5542 segregavit,
2442 5473 2683 5541 quandiu
2732 5473 2804 5538 ei,
2834 5471 2927 5542 qui
2962 5481 3274 5540 segregatus
3305 5478 3409 5528 est.

203 5559 282 5603 νος
301 5545 358 5594 ού
376 5545 622 5596 κοινωνεῖ
642 5543 716 5612 τῷ
743 5547 1105 5614 ἀςορισθέντι,
1129 5550 1259 5617 μηδὲ
1278 5550 1486 5622 ἐκείνῳ,
1521 5553 1595 5621 τῷ
1622 5555 1754 5623 ἀφο-

1856 5562 1970 5629 ipse
2001 5576 2105 5614 non
2142 5565 2545 5629 communicat;
2579 5579 2679 5618 nec
2709 5564 2784 5618 illi
2817 5562 3064 5618 videlicet
3096 5562 3184 5629 qui
3221 5573 3411 5628 segre-

208 5635 404 5701 ρίσαντι
415 5632 637 5703 δηλαδὴ,
658 5637 980 5691 κοινωνῶσιν
995 5640 1041 5690 οί
1061 5638 1206 5694 ἄλλοι
1231 5642 1318 5694 ἐπί
1327 5661 1536 5697 σκοτίοιο
1556 5648 1749 5715 ἐπάγει

1853 5654 2000 5722 gavit
2044 5655 2134 5707 alii
2189 5655 2427 5724 episcopi
2501 5656 3022 5720 communicabunt;
3079 5666 3410 5720 causamque

203 5725 253 5778 δὲ
291 5727 379 5778 καὶ
410 5726 510 5794 τὴν
559 5726 759 5792 αἰτίαν,
791 5729 875 5782 ἵνα
907 5733 981 5802 μὴ
1007 5736 1189 5802 ταχεῖς
1232 5736 1324 5788 καὶ
1352 5739 1745 5807 ἀπερίσκεπτοι

1853 5756 2110 5815 praeterea
2166 5748 2470 5814 subnectit;
2502 5763 2568 5803 ne
2595 5748 2645 5802 in
2674 5749 3021 5803 accusatione
3075 5743 3406 5815 segregatio-

469 5818 742 5881 Pnnon.
773 5823 884 5883 Gn.
936 5825 1321 5894 CXXXVIII.
3030 5839 3096 5903 14
