4012 6470
552 413 646 478 4'31

649 644 662 671 ι
709 630 892 676 noster
921 616 1169 673 Urbanus
1200 613 1388 679 Siccae,
1415 611 1669 681 quidquid
1692 618 1809 665 erat
1837 625 1865 661 a
1894 625 1952 664 se
1981 623 2106 664 cor-

645 731 661 760 ι
701 709 998 775 rigendum,
1045 707 1163 759 sine
1217 703 1552 756 dubitatione
1587 700 1844 754 correxit.
1879 698 1944 751 Et
1982 699 2107 765 quia

635 825 650 851 ι
688 799 1070 854 ecclesiasticae
1101 795 1217 862 paci
1245 792 1477 860 etquieti
1499 830 1514 856 ,
1543 807 1649 843 non
1683 790 1854 844 solum
1887 791 1940 843 in
1969 805 2108 856 pra:-

637 911 655 940 ι
687 905 832 953 sens,
876 891 966 942 sed
1000 889 1050 940 in
1076 885 1316 939 futurum
1354 885 1516 936 etiam
1559 893 1790 949 tempus,
1821 882 2110 948 providen-

635 1005 652 1033 ι
689 984 811 1036 dum
843 991 963 1046 est;
990 979 1245 1048 quoniam
1297 976 1464 1028 multa
1507 973 1776 1041 ejusmodi
1809 985 2108 1040 praecesse-

640 1100 655 1128 ι
695 1088 839 1139 rttut,
870 1084 980 1130 uta
1007 1073 1297 1136 similibus,
1343 1071 1424 1122 vel
1465 1068 1628 1122 etiam
1654 1066 2020 1136 gravioribus,
2055 1066 2109 1117 iii

639 1191 656 1218 ι
698 1177 966 1237 posterum
1000 1157 1321 1218 caveamus:
1353 1159 1576 1228 placuit,
1627 1167 1684 1211 ut
1739 1157 1978 1210 Siccensi
2011 1156 2110 1209 Ec-

640 1280 656 1309 ‹
697 1259 859 1312 clesia
909 1264 1190 1310 moveatur
1232 1253 1516 1320 presbyter
1547 1249 1821 1319 Apiarius,
1854 1248 1902 1301 ei
1961 1247 2110 1300 scili~

648 1372 665 1402 ι
709 1363 793 1408 cet
839 1361 1052 1405 servato
1097 1350 1291 1417 gradus
1344 1347 1426 1399 sui
1457 1348 1689 1411 honere;
1730 1353 1785 1396 et
1834 1341 2109 1408 accipiens

652 1463 668 1494 ι
713 1443 1005 1500 secundum
1039 1454 1276 1493 canones
1307 1437 1610 1504 epistolam,
1646 1435 1958 1499 ubicunque
1981 1429 2107 1483 alibi

647 1555 664 1586 ι
697 1536 923 1589 voluerit
958 1544 1009 1585 et
1048 1532 1302 1599 potuerit,
1340 1527 1638 1596 presbyteri
1687 1524 1919 1578 oﬂiciutu
1951 1524 2112 1577 obeat

653 1646 668 1676 ι
703 1636 756 1680 et
797 1636 947 1678 sacra
1008 1622 1261 1674 celebret.
1305 1618 1456 1684 Quod
1484 1616 1699 1684 quidem
1739 1615 1839 1681 ipsi
1868 1613 2107 1681 Apiaria,

653 1737 670 1769 ι
715 1731 835 1770 cum
867 1715 918 1766 id
948 1711 1180 1781 propriis
1209 1709 1406 1763 litteris
1446 1707 1746 1776 petivisset,
1774 1705 1978 1770 absque
2001 1701 2108 1754 ulla

659 1829 674 1859 ι
715 1805 1020 1862 dillicultate
1060 1800 1445 1855 concessimus.
1479 1798 1777 1865 Antequam
1815 1805 1992 1847 autem
2025 1790 2106 1845 vel

659 1919 675 1948 ‹
713 1899 826 1966 ipsa
883 1908 1044 1947 causa
1086 1893 1156 1945 ita
1190 1890 1454 1954 ﬁniretur,
1487 1887 1627 1940 inter
1661 1887 1786 1950 alia,
1833 1898 1952 1950 qua:
1977 1880 2113 1934 assi-
2144 1898 2187 1953 Β

651 2006 670 2039 ι
711 1988 829 2041 duis
879 1982 1359 2049 disceptationibus
1401 1974 1954 2043 versabatuus,671
1992 1986 2115 2025 cum

651 2099 668 2130 ι
711 2079 822 2147 ipsa
881 2077 1016 2128 ratio
1075 2072 1390 2140 postularet,
1423 2078 1480 2122 ut
1524 2083 1550 2121 a
1577 2067 1838 2119 fratribus
1886 2061 2110 2126 nostris,

645 2188 664 2221 ι
701 2167 954 2222 Faustino
1002 2164 1320 2230 coepiscopo
1355 2169 1562 2221 nostro,
1618 2165 1671 2210 et
1692 2158 1868 2210 Asello
1902 2166 1956 2209 et
1983 2154 2117 2208 Plii-

638 2279 656 2310 ι
693 2260 837 2327 lippo
871 2253 1218 2324 presbyteris,
1254 2260 1578 2318 peteremus,
1624 2255 1682 2300 ut
1724 2243 2110 2300 ecclesiasticis

639 2369 654 2400 ι
689 2349 822 2401 actis
850 2346 1121 2406 alierrcnt,
1179 2341 1221 2393 si
1270 2338 1393 2407 quid
1418 2339 1496 2390 eis
1550 2345 1690 2389 esset
1745 2334 2115 2396 commissum,

642 2458 660 2489 ι
694 2440 833 2507 quod
872 2450 972 2488 una
997 2433 1274 2486 nobiscum
1334 2438 1474 2482 esset
1504 2427 1802 2495 agendum;
1863 2423 2117 2476 nonnulla

630 2550 646 2580 ι
678 2528 896 2597 quidem
968 2525 1083 2576 sine
1141 2521 1360 2587 scriptis
1424 2518 1605 2572 verbis
1656 2514 1926 2584 persecuti
1970 2521 2115 2567 sunt.

645 2635 662 2668 ι
696 2617 826 2671 Cum
866 2624 1040 2668 autem
1069 2625 1166 2665 nos
1181 2609 1606 2677 postulassemus
1623 2604 2116 2665 commonitorium,

640 2727 658 2759 ι
700 2706 841 2775 quod
868 2707 934 2758 ab
963 2704 1126 2757 eisin
1176 2699 1392 2767 scriptis
1454 2697 1844 2765 proferebatur,
1889 2695 1941 2747 id
1991 2707 2118 2762 pro-

641 2814 660 2848 ι
699 2797 997 2856 duxerunt;
1029 2792 1172 2858 quod
1209 2806 1237 2842 a
1271 2789 1424 2842 nobis
1461 2775 1676 2850 lectum,
1710 2787 1842 2838 actis
1860 2795 2119 2850 praeterea

648 2904 665 2935 ι
703 2885 967 2939 inscrtum
1023 2888 1125 2945 est,
1159 2894 1276 2946 qua:
1335 2879 1502 2931 etiam
1553 2878 1618 2930 ad
1653 2892 1744 2928 vos
1803 2891 1896 2943 per
1938 2890 2032 2928 eos
2065 2875 2118 2927 in

644 2997 666 3029 τ
702 2977 982 3046 praesentia
1017 2971 1280 3024 feruntur.
1321 2967 1378 3020 In
1405 2983 1510 3035 quo
1536 2977 1768 3035 quatuor
1799 2967 1864 3018 ab
1893 2966 1972 3018 eis
2019 2979 2112 3018 no-

640 3083 658 3116 ι
697 3065 902 3117 biswm
938 3063 1140 3127 agenda
1174 3059 1374 3110 inserta
1407 3067 1592 3118 erant;
1623 3071 1788 3109 unum
1828 3056 1894 3107 de
1936 3054 2121 3122 appel-

644 3174 662 3207 ι
700 3156 991 3209 latiouilius
1020 3152 1398 3219 episcoporum
1431 3152 1495 3202 ad
1557 3149 1810 3202 llomante
1863 3147 2120 3200 Ecclesiae

644 3266 660 3300 ι
705 3247 1074 3307 sacerdotem;
1101 3243 1416 3307 secundum,
1450 3259 1514 3295 ne
1552 3241 1790 3310 episcopi
1820 3241 1886 3292 ad
1945 3219 2190 3293 comi-43

646 3356 663 3388 ι
693 3347 860 3389 tatum
887 3346 1090 3387 temere
1122 3336 1467 3400 navigarent;
1528 3333 1743 3383 tertium
1798 3340 1997 3392 autem,
2068 3339 2123 3379 ttt

643 3446 661 3480 ι
693 3428 1126 3495 presbyterorum
1154 3434 1203 3477 et
1235 3425 1581 3476 diacouorttm
1611 3437 1785 3473 causa:
1816 3435 1844 3471 a
1883 3419 2124 3471 finitimis

643 3540 661 3571 ι
694 3519 957 3587 episcopis
984 3515 1437 3576 examinarentur,
1493 3513 1536 3566 si
1579 3528 1607 3564 a
1664 3511 1895 3579 propriis
1926 3519 2126 3562 temere

650 3627 667 3658 ι
706 3607 1092 3661 communione
1123 3605 1251 3657 moti
1321 3604 1559 3656 fuerint:
1593 3610 1844 3669 quartum
1905 3600 1971 3652 de
2025 3594 2128 3650 Ur-

646 3718 662 3748 ι
698 3698 1105 3765 barioepiscope
1169 3693 1706 3756 exeommmticando,
1758 3689 1843 3743 vel
1900 3688 2124 3741 Romam

655 3802 671 3834 ι
707 3785 943 3846 citaudo,
991 3783 1093 3835 nisi
1156 3796 1274 3849 quae
1323 3780 1518 3845 corrigi
1575 3786 1805 3845 oportet,
1868 3779 2122 3844 corrigat.

647 3893 664 3925 ι
704 3875 777 3928 Ex
803 3874 999 3943 quibus
1038 3871 1286 3924 omnibus
1321 3870 1385 3922 de
1420 3869 1591 3934 primo
1611 3879 1663 3920 et
1705 3866 1889 3928 tertio,
1937 3866 1986 3917 id
2022 3873 2123 3924 est,

653 3985 670 4017 ι
701 3974 757 4018 ιιι
806 3965 965 4017 liceat
1005 3961 1275 4030 episcopis
1329 3959 1549 4011 Romam
1601 3957 1894 4025 appellare,
1955 3967 2010 4008 et
2069 3963 2126 4006 ut

657 4073 674 4106 ι
704 4068 878 4108 causae
929 4052 1246 4106 clericorum
1306 4051 1371 4103 ab
1426 4049 1662 4116 ipsarum
1713 4047 2121 4116 provinciarum

660 4143 972 4213 tepiscopis
1030 4141 1304 4202 ﬁniantur,
1365 4151 1509 4190 anno
1554 4137 1886 4205 praecedente
1930 4134 2125 4186 nostris

662 4257 679 4289 ι
722 4249 935 4304 quoque
996 4231 1189 4284 litteris
1245 4229 1422 4282 eidem
1479 4225 1798 4281 venerandae
1852 4225 2125 4277 memoriae

651 4349 666 4379 ι
700 4327 913 4381 Zosimo
932 4325 1183 4390 episcopo
1203 4322 1339 4373 datis
1358 4321 1641 4374 ostendere
1655 4318 2042 4381 studuimus,ut
2064 4331 2124 4368 ea

652 4439 669 4471 ι
703 4419 816 4471 sine
841 4416 943 4467 ulla
970 4413 1110 4466 illius
1137 4412 1328 4477 injuria
1359 4410 1742 4478 aliquantisper
1763 4421 2123 4468 servaremus,

654 4528 672 4561 ι
710 4511 878 4562 donec
906 4506 1136 4558 Nicena:
1162 4503 1349 4570 synodi
1406 4504 1739 4554 decretorum
1796 4499 1933 4549 facta
1982 4509 2126 4552 esset

654 4620 671 4652 ι
700 4597 994 4666 inquisitio.
1025 4595 1088 4646 Et
1120 4609 1264 4647 nunc
1288 4613 1313 4644 ει
1340 4601 1430 4644 tua
1469 4592 1755 4643 sanctitate
1781 4592 2033 4653 petimus,
2070 4600 2128 4641 ut

652 4709 670 4744 ι
699 4688 966 4758 quomodo
1005 4701 1064 4739 ea
1093 4701 1119 4736 a
1150 4684 1396 4736 Patribus
1435 4681 1624 4734 Nicaeae
1672 4684 1812 4733 facta
1841 4691 1989 4742 sunt,
2045 4694 2125 4732 διο

656 4799 674 4830 ι
711 4795 771 4832 ea
804 4794 832 4832 a
861 4777 1013 4829 nobis
1043 4775 1340 4834 servari,et
1374 4773 1482 4825 illic
1525 4775 1662 4837 apud
1703 4785 1796 4822 vos
1846 4786 1965 4837 quae
2003 4778 2128 4822 sunt

661 4888 677 4919 ι
713 4870 762 4922 in
798 4870 912 4935 ipso
944 4866 1353 4918 commonitorio
1405 4863 1574 4927 posita
1615 4861 1853 4912 exerceri
1911 4859 2080 4911 facias
2113 4876 2126 4913 :

663 4979 680 5011 ι
708 4960 806 5012 hoc
846 4966 950 5019 est,
1009 4966 1066 5006 ut
1119 4955 1164 5005 si
1214 4953 1494 5020 episc0pus
1520 4960 1802 5002 accusatus
1855 4950 2040 5012 fuerit,
2075 4958 2131 5001 et

652 5069 670 5100 ι
708 5045 1010 5114 congregati
1049 5045 1282 5112 ejusdem
1307 5045 1594 5110 provinciae
1621 5043 1856 5108 episcopi
1895 5057 2013 5094 eum
2044 5041 2130 5106 ju-

660 5156 677 5188 ι
711 5138 1025 5196 diem-crint,
1059 5142 1111 5184 et
1139 5148 1166 5184 c
1200 5148 1296 5184 suo
1320 5135 1484 5196 gradu
1518 5133 1884 5193 depOsuerint,
1917 5133 2130 5195 quando

651 5247 667 5276 ι
705 5225 969 5293 appellare
1010 5224 1174 5275 visum
1210 5220 1388 5284 fuerit,
1423 5233 1473 5271 et
1504 5222 1567 5271 ad
1612 5223 1980 5272 beatissimum
2019 5219 2128 5272 lio-

653 5334 670 5366 ι
703 5329 871 5368 manu:
902 5313 1153 5364 Ecclesue
1176 5315 1476 5376 cpiscOpum
1527 5310 1829 5373 confugerit
1857 5327 1870 5372 ;
1925 5312 1966 5360 si
2004 5325 2124 5361 euut

658 5428 674 5458 ι
719 5422 836 5460 esse
867 5407 1184 5458 audiendum
1213 5404 1503 5466 censuerit,
1531 5403 1841 5470 justumque
1877 5417 1996 5455 esse
2035 5404 2130 5454 du-

658 5516 675 5546 l
715 5497 871 5562 xerit,
899 5507 1261 5547 utrenovetur
1299 5496 1582 5562 judicium,
1631 5494 1872 5546 liuitimis
1921 5495 2130 5558 episco-

665 5610 682 5639 ι
721 5589 897 5656 pis,ct
926 5590 976 5639 in
1011 5588 1308 5654 propinqua
1343 5585 1615 5651 provincia
1653 5583 1958 5636 CUItSliltlliS
1995 5583 2130 5634 seri-

661 5697 677 5729 t
719 5678 839 5730 bere
864 5679 1130 5744 dignetur,
1153 5686 1208 5728 ut
1242 5678 1336 5742 ipsi
1357 5678 1531 5726 omnia
1558 5673 2129 5741 diligentcrinquiranl

660 5789 697 5820 τη
719 5779 771 5824 et
801 5785 863 5824 ex
896 5769 1150 5823 veritatis
1173 5767 1276 5824 ﬁde
1310 5768 1519 5822 ﬁniant.
1560 5764 1653 5822 Sin
1683 5774 1860 5820 autem
1922 5765 1990 5834 is,
2033 5764 2127 5833 qui

1785 400 2055 463 THEOD.
2091 397 2486 462 BALSAMON
3667 395 3776 466 432

642 552 658 582 ι
711 530 853 586 nioui
899 531 1176 583 restitutus
1207 533 1307 578 est.
1335 523 1548 577 Primus
1579 520 1723 576 enim
1748 519 2102 589 coepiscopus
2132 529 2178 584 Α

2284 537 2302 570 ι
2350 518 2530 582 τονίας
2576 517 2800 586 καὶτῆς
2827 517 3224 586 ἁκοινωνησίας
3262 517 3357 572 καὶ
3404 517 3778 588 προκλήσεως

2283 630 2300 664 ι
2349 616 2554 682 ἁνεφῦη
2579 614 2639 666 οὐ
2666 613 2824 680 μόνον
2842 615 2909 682 τῇ
2929 615 2984 665 ἐν
3012 613 3166 684 Σίκῃ,
3191 614 3328 666 ἀλλὰ
3353 613 3450 666 καὶ
3466 616 3530 682 τῇ
3552 614 3610 665 ἐν
3628 613 3780 683 πάσῃ

2287 723 2302 754 ι
2351 706 2417 772 τῇ
2449 704 2679 772 ’Δφρικῇ
2716 703 2980 773 ἐκκλησίᾳ
3007 704 3065 753 οὓ
3098 705 3292 772 μικρὸν
3321 704 3618 756 σκάνδαλον
3646 718 3712 752 πε
3722 706 3779 769 pi.

2286 814 2302 846 ι
2351 798 2569 848 πάντων
2613 787 2690 846 ὧν
2720 794 2999 862 ἐπλανήθη
3059 793 3389 862 συγγνώμην
3420 795 3679 862 αἰτήσας,
3708 795 3775 862 τῇ

2286 905 2303 937 ι
2353 886 2606 955 κοινωνίᾳ
2670 872 3039 952 ἀποκατέστη.
3085 885 3310 954 Πρῶτος
3356 884 3465 953 γὰρ
3497 885 3526 934 ὁ
3557 883 3783 936 συνεπίο

2287 999 2305 1029 ι
2355 994 2552 1039 σκοπος
2587 978 2740 1045 ἡμῶν
2771 976 3044 1045 Οὑρόανδς
3072 977 3099 1027 ό
3131 977 3229 1044 τῆς
3261 977 3451 1046 Σίκης,
3479 978 3606 1028 ὅσον
3620 971 3692 1045 ἦν
3724 977 3782 1027 ἐν

2287 1087 2304 1120 ι
2350 1067 2496 1138 αὑτῷ
2553 1069 2905 1136 διορθωτέον,
2971 1069 3354 1136 ἀναμφιϐόλως
3401 1068 3780 1137 διωρθώσατο.

2278 1180 2296 1211 ι
2343 1160 2559 1229 Ἐπειδὴ
2589 1161 2643 1212 δέ
2665 1162 2756 1229 τῆς
2784 1161 3238 1230 ἐκκλησιαστικῆς
3258 1163 3483 1231 εἰρήνης
3519 1161 3616 1213 καὶ
3651 1163 3782 1229 ἡσυ-

2287 1271 2304 1302 ι
2348 1253 2470 1320 χίας
2523 1253 2582 1304 οὐ
2632 1254 2791 1321 μόνον
2840 1252 2976 1318 πρὸς
3002 1254 3060 1303 τὸ
3084 1252 3277 1321 παρὸν,
3301 1252 3437 1304 ἀλλὰ
3468 1254 3563 1304 καὶ
3599 1255 3685 1313 είς
3723 1251 3788 1301 τὸ

2283 1363 2300 1394 ι
2346 1343 2472 1410 ἑξῆς
2507 1343 2612 1395 ἔδει
2668 1345 2924 1411 πρόνοιαν
2953 1345 3303 1412 ποιήσασθαι,
3356 1343 3439 1394 ὅτι
3468 1342 3644 1393 πολλὰ
3675 1359 3789 1393 τοι·

2295 1454 2311 1486 ι
2358 1435 2494 1487 αὕτα
2519 1436 2919 1504 προηγήσαντο,
2951 1435 3096 1493 ὅπως
3120 1435 3227 1487 ἀπὸ
3253 1435 3359 1485 τῶν
3383 1435 3582 1500 ὁμοίωι
3620 1433 3654 1502 ἢ
3689 1433 3791 1483 καὶ

2286 1542 2303 1576 ι
2344 1525 2654 1594 βαρυτέρων
2670 1526 2775 1577 τῶν
2797 1525 2929 1594 μετὰ
2946 1525 3112 1577 ταῦτα
3130 1522 3790 1592 προσφυλαξὼμεθαῆρε-

2288 1635 2306 1668 ι
2354 1619 2609 1684 σενὴμῖν,
2629 1618 2787 1668 ῖναέκ
2815 1618 2908 1684 τῆς
2922 1619 2976 1668 ἐν
3007 1617 3139 1688 Σίκῃ
3165 1615 3487 1683 Ἐκκλησίας
3512 1615 3794 1681 ἀποκινῆ-

2292 1726 2310 1758 ι
2357 1707 2422 1777 θῇ
2464 1711 2488 1759 ό
2513 1709 2875 1776 πρεσϐύτερος
2893 1708 3614 1775 Ἀπιάριος,φυ).αττομένης
3636 1702 3792 1774 αὐτῷ

2287 1817 2303 1848 ι
2347 1798 2586 1866 δηλονότι
2615 1800 2710 1863 τῆς
2739 1800 2902 1867 τιμῆς
2934 1799 3026 1852 τοῦ
3053 1800 3263 1868 βαθμοῦ
3297 1791 3496 1851 αὑτοίἷ·
3519 1800 3614 1850 καὶ
3642 1797 3793 1863 λαμ-

2292 1905 2309 1938 ι
2357 1886 2535 1978 ϐένων
2566 1888 2706 1939 κατὰ
2762 1888 2886 1949 τοὺς
2932 1890 3161 1949 κανόνας
3204 1886 3514 1955 ἐπιστολὴν,
3547 1885 3792 1953 ὁπουδή-

2296 1998 2314 2030 ι
2359 1995 2485 2032 ποτε
2511 1979 2740 2047 ἀλλαχοῦ
2769 1979 3051 2048 βουληθείη
3089 1980 3181 2031 καὶ
3209 1979 3483 2046 δυνηθείη,
3505 1979 3584 2046 τῷ
3608 1977 3794 2043 καθή-

2293 2089 2311 2121 ‹
2357 2087 2502 2123 κοντι
2538 2070 2629 2122 τοῦ
2658 2071 3052 2139 πρεσϐυτερίου
3081 2071 3465 2138 λειτουργήσῃ.
3497 2069 3678 2136 Ὅπερ
3706 2066 3794 2135 τῷ

2294 2178 2312 2210 ι
2356 2159 2504 2229 αὐτῷ
2562 2161 2829 2228 Ἀπιαρίῳ
2898 2160 2965 2211 δι’
3019 2162 3237 2212 οἰκείων
3297 2159 3647 2228 γραμμάτων
3709 2159 3792 2208 αι-

2293 2269 2312 2301 ι
2357 2254 2581 2321 τήσαντι
2626 2254 2791 2321 χωρίς
2827 2269 2972 2313 τινος
3018 2252 3340 2319 δυσχερείας
3409 2251 3789 2320 συνεχωρήσαο

2293 2362 2312 2394 ι
2361 2360 2480 2411 μεν.
2550 2345 2660 2413 Πρὸ
2720 2343 2812 2396 τοῦ
2868 2344 2922 2395 δὲ
2963 2343 2994 2412 ἢ
3040 2345 3187 2395 αἰτία
3241 2343 3379 2406 αὕτη
3429 2343 3505 2410 τῷ
3556 2343 3791 2411 τοιούτῳ

2294 2454 2312 2487 ι
2362 2437 2556 2505 πέρατι
2617 2435 2914 2504 παραδοθῇ,
2980 2434 3182 2503 μεταξὺ
3213 2434 3320 2488 τῶν
3385 2433 3582 2496 ἄλλων,
3623 2433 3797 2486 ἅτινα

2295 2542 2313 2575 ι
2357 2525 2626 2592 διηνεκέσι
2668 2524 3019 2588 διαγνώσεσιν
3083 2525 3488 2592 ἀνεστρέφομεν
3521 2563 3534 2587 ,
3613 2523 3796 2575 αὐτοῦ

2294 2631 2311 2663 ι
2355 2613 2446 2664 τοῦ
2509 2613 2666 2680 λόγου
2718 2614 3139 2681 ἀπαντήσαντος,
3186 2613 3327 2665 ὥστε
3389 2617 3502 2676 τοῖς
3583 2614 3798 2682 ἐκκλη-

2297 2724 2314 2755 ‹
2357 2706 2648 2764 σιαστικοτς
2677 2707 3074 2772 πεπραγμένοι,
3135 2704 3367 2772 ζητῆσαι
3427 2707 3572 2774 ἡμᾶς
3636 2709 3800 2772 παρὰ

2295 2813 2312 2845 ι
2357 2795 2465 2847 τῶν
2524 2795 2766 2860 ἀδελφῶν
2830 2796 2986 2862 ἡμῶν
3056 2796 3352 2847 Φαυστίνου
3412 2795 3507 2847 τοῦ
3567 2813 3799 2849 συνεπι-

2295 2904 2312 2936 ι
2356 2885 2576 2948 σκόπου,
2633 2885 2724 2937 καὶ
2777 2886 3039 2936 Φιλίππου
3087 2884 3180 2936 καὶ
3237 2885 3484 2939 Ἀσὲλλου
3517 2887 3625 2937 τῶν
3651 2883 3801 2955 συμ-

2295 2997 2313 3030 ι
2361 2977 2743 3047 πρεσϐυτέρων
2781 3017 2796 3041 ,
2857 2977 2944 3030 ἵνα
3009 2978 3419 3046 προενέγκωσιν
3476 2978 3530 3032 ετ
3586 2990 3639 3029 τι
3700 2979 3802 3048 δήο

2301 3086 2318 3118 ι
2360 3085 2484 3120 ποτε
2516 3066 2584 3138 ἧν
2625 3072 2804 3132 αὐτοῖς
2837 3072 2950 3139 ἅμα
2985 3070 3112 3138 ἡμῖν
3159 3072 3431 3138 πρακτέον
3462 3069 3803 3142 ἐπιτραπὲν,

2301 3177 2318 3208 ι
2365 3158 2486 3210 τινὰ
2522 3159 2619 3228 μὲν
2649 3162 2911 3228 ἀγράφως
2958 3161 3044 3214 διὰ
3085 3161 3259 3226 λόγων
3297 3161 3802 3231 ἐπεξειργάσαντο·

2305 3268 2324 3300 ι
2366 3250 2522 3318 ἡμῶν
2567 3251 2622 3301 δὲ
2689 3253 3108 3320 ἀπαντησάντων
3151 3253 3290 3322 ὅπερ
3339 3254 3675 3321 ἐπεφέροντο
3706 3253 3804 3321 ἐγ-

2305 3359 2323 3391 ι
2360 3357 2569 3410 γραφον
2599 3347 3034 3412 κομμονιτόριον,
3067 3345 3223 3396 τοῦτο
3258 3348 3596 3415 προήγαγονσ
3631 3348 3805 3418 ὅπερ,

2305 3451 2321 3481 ι
2365 3432 2715 3497 ἀναγνωσθέν
2766 3434 2892 3502 παρ’
2962 3435 3155 3503 ήμῶν,
3209 3438 3317 3497 τοῖς
3376 3440 3804 3502 πεπραγμένοις

2303 3537 2319 3569 ι
2358 3520 2438 3572 ἔτι
2469 3521 2574 3591 μὴν
2606 3522 2860 3592 ἐνετάγη,
2882 3525 2992 3583 τοῖς
3026 3525 3116 3574 καὶ
3152 3525 3288 3591 πρὸς
3331 3526 3476 3591 ὑμᾶς
3507 3525 3576 3577 δι’
3609 3529 3805 3579 αὐτῶν

2305 3629 2321 3659 ι
2364 3611 2457 3662 ἐπὶ
2490 3610 2582 3663 τοῦ
2633 3611 2900 3674 παρόντος
2960 3612 3304 3682 φερομένοις.
3360 3614 3447 3664 ‘Ev
3475 3609 3518 3680 ᾧ
3546 3615 3805 3686 τέσσαρα

2304 3722 2322 3754 ι
2365 3704 2543 3764 αὐτοῖς
2570 3719 2690 3754 τινα
2716 3702 2831 3770 ἅμα
2863 3703 2992 3768 ἡμῖν
3037 3704 3286 3771 πρακτέα
3338 3704 3703 3775 ἐνετάγησαψ
3742 3708 3806 3762 ἓν

2307 3813 2324 3844 ι
2368 3793 2492 3862 περὶ
2551 3792 2828 3858 ἐγκλή-ιων
2863 3793 3178 3843 ἐπισκόπων
3206 3795 3340 3861 πρὸς
3387 3795 3479 3846 τὸν
3512 3797 3614 3864 τῆς
3665 3798 3805 3850 Ῥω-

2307 3901 2325 3932 ι
2367 3880 2536 3950 μαίων
2583 3879 2904 3948 Ἐκκλησίας
2955 3881 3102 3948 ἱερέα
3128 3898 3142 3911 ·
3195 3881 3449 3952 δεύτερον
3481 3886 3569 3936 ἵνα
3605 3889 3702 3941 ἐπὶ
3738 3891 3806 3941 τὸ

2306 3991 2324 4024 t
2367 3972 2656 4041 κομιτᾶτον
2687 3971 2999 4032 ἐπίσκοποι,
3028 3971 3102 4033 ὠς
3137 3971 3316 4040 ἔτυχε,
3347 3971 3422 4043 μὴ
3451 3974 3801 4029 πλεύσωσινο

2308 4080 2326 4113 ι
2364 4063 2543 4131 τρίτον
2593 4060 2840 4128 περὶτοῦ
2882 4063 2976 4122 τὰς
3010 4062 3188 4124 αἰτίας
3242 4063 3350 4115 τῶν
3402 4065 3804 4136 πρεσδυτέρων

2308 4171 2326 4204 ι
2365 4154 2457 4205 καὶ
2521 4152 2780 4203 διακόνων
2829 4151 3106 4219 ζητεῖσθαι
3175 4153 3326 4222 παρά
3386 4157 3499 4216 τοίς
3569 4159 3804 4227 ὁμόροις

2307 4259 2325 4292 ι
2371 4243 2707 4305 ἐπισκόποις,
2762 4240 2855 4292 ἐὰν
2909 4243 2972 4292 ἐκ
3007 4241 3113 4293 τῶν
3150 4242 3295 4295 ίδίων
3354 4243 3461 4296 ἀπὸ
3500 4250 3800 4313 κοινωνίας

2306 4350 2324 4382 ι
2373 4332 2654 4400 προπετῶς
2698 4330 2977 4396 γένωνταιο
3009 4331 3288 4398 τέταρτον,
3319 4334 3448 4401 περὶ
3502 4335 3801 4402 Οὐρϐανοῦ

2307 4441 2325 4473 ι
2361 4423 2456 4474 τοῦ
2494 4422 2796 4473 ἐπισκόπου
2857 4421 3345 4490 ἁποκοινωνητέου,
3388 4423 3420 4492 ἢ
3454 4423 3534 4475 ἔτι
3590 4427 3701 4496 μὴν
3741 4432 3804 4480 ἐν

2305 4531 2323 4564 ι
2380 4511 2562 4579 Ῥώμῃ
2595 4512 2841 4579 κλητέον,
2890 4512 2936 4561 εἰ
2965 4511 3039 4578 μὴ
3080 4512 3146 4562 τὰ
3181 4511 3463 4577 ὀφείλοντα
3492 4514 3806 4588 διορθωυῆ-

2308 4620 2327 4653 ι
2365 4618 2450 4653 ναι
2479 4599 2853 4668 διορθώσηται.
2887 4597 2976 4660 Ἐξ
3005 4593 3078 4650 ὦν
3115 4600 3331 4651 πάντων
3361 4603 3489 4669 περὶ
3519 4605 3614 4656 τοῦ
3641 4608 3807 4676 πρώι-

2308 4708 2326 4741 ι
2362 4706 2456 4741 του
2506 4689 2594 4738 καὶ
2651 4685 2857 4754 τρίτου,
2906 4683 3050 4737 τοῦτ’
3097 4685 3266 4749 ἐστιν,
3324 4689 3410 4740 ἵνα
3440 4690 3653 4752 ἔξεστιν
3718 4701 3808 4759 εἰς

2311 4799 2329 4831 ε
2384 4777 2602 4845 Ῥώμην
2633 4778 2746 4836 τοῖς
2800 4776 3119 4837 ἐπισκόποις
3167 4777 3540 4842 ἐκκαλεῖσθαι,
3583 4785 3678 4834 καὶ
3716 4787 3808 4840 ὅτι

2309 4884 2326 4916 ι
2366 4867 2420 4917 αἱ
2447 4867 2549 4916 τῶν
2586 4863 2857 4931 κληρικῶν
2887 4864 3054 4913 αἰτίαι
3109 4865 3256 4930 παρὰ
3313 4869 3424 4926 τοῖς
3455 4867 3562 4918 τῶν
3621 4871 3807 4941 susp.

2307 4973 2325 5006 ι
2369 4956 2495 5023 χιὼν
2537 4955 2714 5005 αὐτῶν
2782 4954 3106 5013 ἐπισκόποις
3166 4956 3531 5023 περατῶνται,
3592 4961 3698 5029 ἢδη
3748 4968 3809 5018 ἐν

2309 5063 2325 5095 ι
2365 5045 2439 5112 τῷ
2491 5044 2813 5111 προλαόόντι
2877 5044 3104 5110 ἐνιαυτῴ
3154 5045 3476 5111 γράμμασιν
3539 5048 3621 5100 ἐτι
3689 5056 3808 5122 μὴν

2307 5152 2324 5184 ι
2370 5134 2659 5202 ἡμετέροις
2714 5132 3009 5197 πεμφθεῖσι
3044 5131 3122 5198 τῷ
3171 5133 3319 5200 αὑτῴ
3350 5134 3449 5200 τῆς
3477 5152 3806 5211 προσκυνη-

2306 5240 2323 5272 ι
2371 5223 2466 5288 τῆς
2493 5224 2707 5288 μνήμης
2733 5221 2966 5287 Ζωσίμῳ
3007 5220 3083 5287 τῷ
3122 5222 3405 5289 ἐπισκόπῳ
3442 5226 3806 5282 ἐσπουδάσαο

2307 5331 2324 5362 ι
2372 5330 2468 5379 μεν
2515 5310 2826 5378 ἐμφανίσαι,
2885 5311 2969 5361 ἵνα
2997 5311 3166 5362 ταῦτα
3200 5316 3368 5382 χωρίς
3405 5330 3520 5365 τινο
3577 5315 3803 5384 ὕϐρεως

2307 5421 2324 5452 ι
2363 5402 2524 5454 αατοῦ
2555 5404 2685 5469 πρὸς
2714 5401 2889 5465 ὀλίγον
2934 5401 3275 5469 φυλάξωμεν,
3323 5405 3426 5465 ἓως
3456 5405 3514 5456 οὗ
3562 5407 3802 5479 ζήτησις

2307 5511 2324 5543 ι
2369 5494 2588 5558 γένηται
2619 5493 2722 5541 τῶν
2755 5493 2894 5559 ὅρων
2922 5496 3018 5558 τῆς
3071 5494 3128 5542 ἐν
3158 5493 3365 5563 Νικαίᾳ
3399 5497 3645 5552 συνόδου.
3687 5504 3800 5555 Καὶ

2308 5602 2325 5633 ι
2364 5585 2456 5634 νῦν
2486 5583 2540 5632 δὲ
2570 5583 2675 5632 ἀπὸ
2711 5583 2806 5648 τῆς
2838 5583 2933 5650 σῆς
2978 5583 3274 5650 αἰτούμεθα
3310 5586 3644 5657 ἁγιωσύνης.
3683 5593 3800 5661 ἴνα,

2313 5692 2330 5723 ι
2378 5673 2435 5724 ὃν
2467 5674 2665 5743 τρόπον
2698 5673 2867 5724 ταῦτα
2911 5674 2974 5725 τὰ
3001 5675 3054 5723 ἐν
3086 5672 3288 5744 Νικαίᾳ
3320 5678 3426 5728 απὸ
3473 5681 3582 5732 τῶν
3622 5683 3802 5736 Πατέ-

2308 5783 2324 5816 ι
2368 5783 2474 5833 ρων
2508 5763 2886 5834 ἐπράχθησαν,
2928 5764 3096 5827 οὕτως
3142 5767 3281 5821 αὐτὰ
3311 5769 3446 5834 παρ’
3489 5771 3650 5836 ἡμῶν
3696 5793 3803 5840 φυ.
