4012 6434
217 379 322 436 Γῖ3

1179 377 1268 438 ἸΝ
1309 376 1474 439 CAN.
1504 370 1770 440 CXXXV
1800 374 1881 438 C0

1995 425 2008 439 .
2034 375 2408 440 CARTHAG.
3347 375 3449 437 434

296 506 316 536 ι
359 487 628 556 λαχθῆναι
655 488 916 559 ποιήσῃς·
972 489 1064 542 καὶ
1091 489 1278 543 αὐτόθι
1324 490 1457 560 παρ’
1487 491 1617 559 ὑμῖν
1639 491 1706 543 τά
1737 492 1795 543 ἐν
1824 497 1868 552 Α

1992 504 2254 545 :causam
2311 485 2524 544 suam‘a
2576 485 2842 558 principio
2896 485 3069 540 audiri
3121 491 3294 555 rogat,
3354 501 3452 540 sua

294 597 312 629 ι
351 577 430 648 τῷ
473 579 624 648 αὑτῷ
662 581 896 649 κείμενα
952 583 1361 652 κομμονιτορίῳ
1405 583 1788 652 γυμνασθῆναι

293 689 312 722 ι
357 673 613 741 ποιήσῃςο
646 672 792 726 τοῦτ’
829 672 997 738 ἐστιν,
1050 674 1146 728 ἐὰν
1196 675 1501 736 ἐπίσκοπος
1556 691 1792 744 κατηγο-

297 771 315 816 ι
360 757 524 832 mon.
551 765 644 817 καὶ
666 764 716 818 οί
763 766 1108 829 συνελθόντες
1139 768 1438 822 ἐπίσκοποι
1474 771 1576 839 τῆς
1618 767 1790 836 αὐτῆς

293 872 317 904 ε
357 853 628 924 ἐπαρχίας
689 855 941 924 κρίνωσι,
990 856 1089 910 καὶ
1125 858 1202 911 ’ἐκ
1253 859 1349 911 τοῦ
1383 859 1594 929 βαθμοῦ
1623 860 1790 914 αὑτοῦ

295 963 315 996 ι
362 944 672 998 καθέλωσιν
715 946 900 1008 αὑτὸν,
959 948 1087 1002 ὅταν
1131 950 1255 1019 δόξῃ
1300 952 1672 1016 ἐκκαλεῖσθαι,
1698 952 1793 1004 καὶ

295 1052 317 1086 ι
355 1035 492 1105 πρὸς
511 1037 603 1088 τδν
631 1037 1058 1106 μακαριώτατον
1082 1041 1185 1110 τῆς
1228 1041 1520 1111 Ῥωμαίων
1565 1042 1792 1111 Ἐκκλη-

298 1143 320 1179 ι
359 1127 480 1190 σίας
518 1127 824 1181 ἐπίσκοπον
877 1131 1194 1201 καταφύγῃο
1243 1132 1337 1185 ἐάν
1386 1132 1571 1204 συνίδῃ
1630 1134 1793 1188 αὐτὸν

300 1232 320 1266 ι
361 1215 724 1286 ἀκουσθῆναι,
749 1218 846 1270 καὶ
869 1218 1082 1273 δίκαιον
1131 1219 1440 1291 λογίσηται,
1473 1223 1614 1277 ὥστε
1665 1225 1795 1277 ἀνα-

300 1325 318 1357 ι
356 1306 626 1376 νεωθῆναι
681 1307 786 1378 τὴν
827 1309 1031 1378 κρίσιν,
1077 1312 1286 1382 γράψαι
1337 1312 1656 1384 καταξιὼσῃ
1677 1315 1795 1377 τοῖς

295 1419 316 1451 ι
359 1401 418 1452 ἐν
442 1401 506 1469 τῇ
537 1399 725 1471 ὁμόρῳ
769 1401 864 1455 καὶ
911 1401 1216 1475 ἐγγεζούαῃ
1245 1405 1486 1474 ἐπαρχία
1509 1405 1796 1459 καθεστῶ-

296 1509 318 1543 ι
361 1507 448 1544 σιν
497 1491 847 1555 ἐπισκόποις,
902 1492 995 1546 ῖνα
1035 1494 1193 1547 αὐτοὶ
1258 1497 1439 1549 πάντα
1512 1497 1795 1565 ἐπιμελῶς

295 1599 317 1633 ι
359 1582 772 1651 ἀναζητήσωσι,
791 1583 888 1638 καὶ
911 1585 1054 1638 κατὰ
1073 1586 1176 1655 τὴν
1204 1586 1390 1639 πίστιν
1414 1587 1514 1656 τῆς
1538 1586 1797 1655 ἀληθείας

298 1693 318 1726 ι
362 1673 776 1744 περατώσωσιν.
853 1676 984 1730 Ἐὰν
1018 1677 1077 1730 δέ
1121 1678 1221 1730 καὶ
1259 1680 1288 1732 ὀ
1330 1679 1668 1748 παρακαλῶν
1697 1682 1798 1750 τὴν

297 1785 317 1818 ι
357 1766 540 1820 αἰτίαν
560 1766 726 1820 αὑτοῦ
746 1767 952 1821 ἀνωθεν
967 1769 1303 1838 ἀκουσθῆναι
1328 1769 1435 1842 ίδίᾳ
1453 1770 1627 1839 ἱκεσίᾳ
1645 1773 1799 1841 κινή·
1830 1818 1873 1878 Β

311 1879 333 1911 ι
370 1877 438 1930 σῃ
469 1857 562 1912 τὸν
598 1858 919 1930 Ῥωμαϊκὸν
948 1863 1270 1928 ἐπίσκοπον,
1299 1865 1384 1918 ῖνα
1413 1865 1478 1920 ἐκ
1503 1865 1597 1919 τοῦ
1630 1866 1795 1918 αὐτοῦ

305 1969 325 2000 ι
362 1948 602 2018 πλευροῦ
628 1950 999 2022 πρεσϐύτερον
1034 1954 1416 2024 ἀποστείλῃ,ἐν
1452 1958 1518 2025 τῇ
1569 1955 1792 2026 ἐξουσίᾳ

303 2059 323 2091 ι
365 2039 511 2093 τοῦτ’
564 2040 693 2093 ⁴ἔστι.
743 2042 837 2095 τοῦ
885 2043 1210 2106 ἐπισκόπου,
1264 2045 1316 2098 τί
1367 2046 1603 2116 βουληθῇ
1629 2047 1726 2100 καλ⁵
1747 2047 1801 2100 τί

303 2150 324 2183 ι
364 2132 548 2202 κρίνῃ.
572 2133 680 2186 Καὶ
702 2135 800 2186 ἐὰν
821 2133 1127 2207 ψηφίσηται
1152 2141 1280 2200 τοὺς
1310 2139 1630 2207 ὀφείλοντας
1658 2140 1802 2208 μετά

301 2238 327 2269 ι
367 2222 477 2274 τῶν
513 2223 835 2276 ἐπισκόπων
874 2226 1152 2293 παρόντας
1190 2229 1396 2297 κρῖναι,
1439 2228 1660 2299 ἔχοντας
1701 2230 1803 2298 τὴν

309 2333 327 2364 ι
372 2315 659 2368 αῦθεντίαν
694 2316 863 2370 αὐτοῦ
919 2318 976 2384 ἐξ
1008 2312 1069 2372 οῦ
1102 2321 1518 2391 ἀπεστάλησαν,
1553 2323 1718 2376 ’ἐσται
1743 2325 1802 2376 ἐν

306 2424 326 2454 ι
372 2407 439 2474 τῇ
482 2406 666 2475 κρίσει
717 2407 906 2461 αὐτοῦ·
941 2411 1038 2462 ἐὰν
1085 2410 1144 2464 δὲ
1181 2413 1273 2464 καὶ
1303 2414 1572 2484 πιστεύσῃ
1613 2415 1804 2482 ἀρκεῖν

307 2513 328 2541 ι
367 2493 494 2556 τοὺς
560 2496 900 2559 ἐπισκόπους
952 2500 1090 2565 πρὸς
1135 2500 1198 2552 τὸ
1264 2505 1585 2570 περατῶσαι
1613 2503 1680 2556 τὰ
1709 2503 1804 2557 τοῦ

311 2601 330 2632 ι
385 2584 738 2652 πράγματος,
775 2587 981 2659 ποιήσῃ
1009 2589 1148 2660 ὅπερ
1175 2590 1260 2660 τῷ
1307 2595 1602 2664 σοφωτάτῳ
1657 2594 1807 2664 αὐτῷ

311 2690 330 2722 ι
369 2672 557 2744 συνίδῃ
593 2673 944 2745 βουλεύματι.
985 2673 1221 2749 Ὁμοίως
1267 2682 1394 2752 περὶ
1421 2683 1808 2754 πρεσϐυτέρων

312 2783 331 2815 ι
381 2766 475 2818 καὶ
504 2766 790 2830 διακόνων,
822 2767 918 2821 ἐάν
939 2787 1022 2832 τις
1064 2770 1362 2836 ἐπίσκοπος
1412 2773 1648 2842 ὀργίλος,
1673 2774 1809 2842 ὅπερ

307 2873 331 2907 4
372 2849 520 2909 εἶναι
573 2855 676 2908 οὐκ
713 2855 939 2924 ὀφείλει,
973 2859 1182 2928 ταχέως
1237 2859 1270 2930 ἢ
1327 2862 1573 2929 τραχέως
1613 2860 1808 2931 κινηθῇ

310 2963 333 2998 ε
373 2946 519 2998 κατά
581 2947 958 3016 πρεσϐυτέρου
1011 2950 1044 3020 ἢ
1103 2949 1353 3003 διακόνου
1400 2951 1554 3014 ίδίου,
1597 2953 1809 3004 καὶ¹θεο

315 3056 336 3088 ι
379 3038 535 3105 λήσοι
571 3036 762 3089 τοῦτον
793 3038 858 3090 ἐκ
884 3038 1000 3106 «τῆς
1031 3039 1167 3101 ίδίας
1201 3041 1438 3109 ἐξορίσαι
1483 3041 1801 3111 ἐκκλησίας9

315 3147 334 3180 ι
379 3130 715 3199 προνοητέον
764 3129 938 3195 ἐστὶν,
975 3129 1060 3182 ῖνα
1118 3129 1193 3200 μὴ
1223 3131 1481 3196 ἀναιτίως
1511 3134 1810 3188 καταδικα-
1842 3164 1890 3225 G

315 3236 334 3268 ι
375 3217 548 3287 σθῇῆ
600 3217 847 3290 ἀπολέσῃ
899 3217 998 3289 τὴν
1050 3219 1355 3276 κοινωνίαν.
1411 3223 1529 3275 Καὶ
1577 3223 1747 3293 ἐχέτω
1787 3226 1816 3279 ὀ

314 3327 338 3363 ι
384 3307 673 3378 ἐκϐληθεὶς
698 3309 950 3374 ἐξουσίαν
977 3311 1293 3380 προσελθεῖν
1350 3314 1464 3376 τοῖς
1529 3314 1813 3386 όμοροῦσι,

317 3420 336 3452 ι
375 3399 471 3453 καὶ
499 3401 532 3468 ἡ
562 3401 712 3454 αίτία
743 3401 907 3456 αὐτοῦ
940 3402 1203 3472 ἀκουσθῇ,
1249 3402 1348 3456 καὶ
1395 3403 1818 3475 ἐπιμελέστερον

322 3508 340 3540 ι
385 3488 619 3558 ζητηθῇ·
650 3491 731 3542 ὅτι
774 3490 877 3543 οὐκ
912 3491 1120 3560 ὀφείλει
1148 3491 1551 3561 παρακαλοῦντι
1600 3496 1751 3563 αὑτῷ
1784 3497 1817 3566 ἡ

318 3595 336 3626 ι
381 3576 649 3646 ἀκρόασις
678 3578 1003 3647 ἀρνηθῆναιο
1063 3579 1318 3642 κάκεῖνος
1347 3579 1406 3633 δέ
1440 3580 1468 3632 ό
1495 3581 1817 3646 ἐπίσκοπος,

320 3687 340 3720 ι
380 3671 409 3722 ό
437 3670 471 3739 ἢ
519 3669 748 3732 δικαίως
808 3669 843 3739 ἢ
900 3669 1102 3733 ἀδίκως
1153 3670 1422 3737 ἐκϐαλὼν,
1481 3671 1820 3738 ἀνεξικάκως

325 3777 345 3810 ι
383 3759 749 3824 καταδέξηται
807 3762 877 3815 τά
923 3762 1019 3815 τοῦ
1075 3763 1405 3832 πράγματος
1440 3763 1817 3834 ἐξετασθῆναι,

322 3869 341 3901 ι
388 3851 475 3904 ῖνα
497 3851 531 3920 ἢ
557 3852 779 3922 κυρωθῇ
812 3852 844 3922 ἢ
867 3852 1130 3923 διορθωθῇ
1164 3854 1196 3923 ἡ
1222 3855 1414 3924 γνώμη
1445 3855 1821 3912 αὑτοῦ.Ταῦτα

324 3961 343 3995 ι
387 3943 630 4011 δηλονότι
662 3945 768 4005 ἕως
799 3944 897 4010 τῆς
921 3945 1226 4014 παρουσίας
1276 3945 1383 3997 τῶν
1439 3947 1820 4015 ἀληθεστάτων

323 4052 342 4084 ι
383 4033 666 4102 ἐξέμπλων
692 4035 792 4101 τῆς
844 4035 903 4088 ἐν
936 4035 1140 4106 Νικαίᾳ
1173 4037 1394 4091 συνόδου
1424 4040 1538 4101 τοῖς
1572 4055 1822 4110 πεπραγ-

323 4143 342 4175 ι
394 4125 576 4192 μένοις
645 4124 1036 4194 ἐνεϐλήθησανο
1095 4127 1255 4180 ἅτινα
1311 4128 1408 4182 ἐάν
1435 4129 1570 4193 ἐκεῖ,
1611 4129 1671 4182 ὀν
1695 4130 1813 4200 τρόο

327 4233 344 4265 ι
391 4230 492 4266 πον
524 4219 583 4268 ἐν
613 4216 760 4283 αὑτῷ
793 4216 870 4282 τῷ
899 4217 1302 4287 κομμονιτορίῳ
1348 4219 1688 4288 περιέχεται,
1744 4220 1822 4290 τῷ

323 4325 342 4356 ι
382 4308 516 4374 ἡμῖν
557 4307 644 4360 διὰ
694 4307 804 4359 τῶν
857 4308 1280 4361 ἀποσταλέντων
1333 4309 1577 4378 ἀδελφῶν
1631 4313 1696 4364 ἐκ
1723 4311 1823 4380 τῆς

327 4416 346 4448 ι
387 4396 758 4464 ἀποστολικῆς
782 4396 1055 4468 καθέδρας
1105 4399 1519 4468 ἐμφανισθέντι,
1567 4401 1663 4454 καὶ
1689 4401 1822 4472 παρ’

1967 581 2411 650 {supplicatione
2437 580 2738 634 Romanum
2758 578 3069 645 episcopum
3123 575 3373 640 moverit,
3395 585 3455 630 ut

1964 691 1983 725 ι
2019 686 2083 727 ex
2139 673 2360 740 proprio
2410 685 2509 725 suo
2559 670 2727 724 latere
2777 668 3167 737 presbyterium
3232 667 3451 731 mittat;

1969 781 1988 814 ι
2025 763 2130 816 erit
2161 761 2212 814 in
2267 770 2541 831 potestate
2590 760 2830 829 episcopi
2893 758 3022 827 quid
3056 760 3184 812 velit
3232 765 3286 811 et
3325 757 3456 826 quid

1960 873 1979 906 ι
2016 853 2245 923 iudicet.
2286 851 2349 906 Et
2377 851 2424 907 si
2474 852 2750 913 statuerit,
2795 851 3015 918 quinam
3072 847 3303 920 debeant
3334 862 3457 901 cum

1965 960 1984 994 ι
2024 940 2295 1009 episcOpis
2359 948 2658 1008 prasentes
2706 938 2981 1008 judicare,
3029 936 3292 991 habentes
3340 935 3458 1004 ejus

1965 1049 1984 1083 ι
2020 1032 2399 1086 auctoritatem
2432 1046 2460 1084 a
2488 1046 2596 1100 quo
2630 1031 2778 1086 missi
2838 1038 2990 1092 sunt,
3080 1026 3195 1095 ejus
3259 1028 3460 1097 judicio

1970 1140 1994 1174 ιη
2027 1120 2400 1189 relinquetur:
2462 1118 2546 1172 sln
2608 1129 2788 1172 autem
2855 1113 3152 1172 crediderit
3217 1112 3462 1166 sumcere

1969 1231 1989 1264 ι
2029 1213 2310 1283 episcopos
2329 1213 2395 1266 ad
2434 1211 2726 1266 finiendum
2761 1210 3056 1279 negotium,
3119 1206 3284 1260 faciat
3319 1205 3465 1274 quod

1973 1320 1992 1353 ι
2023 1301 2432 1370 sapientissimo
2468 1314 2567 1355 suo
2601 1300 2838 1354 concilio
2861 1299 3032 1351 visum
3083 1297 3266 1349 fuerit.
3303 1294 3468 1348 Simi-

1970 1410 1988 1442 ι
2023 1391 2147 1444 liter
2171 1391 2235 1444 de
2274 1390 2609 1460 presbyteris
2639 1399 2694 1444 et
2720 1389 2967 1444 diaconis
2998 1405 3012 1451 ;
3067 1386 3124 1441 Si
3159 1387 3287 1455 quis
3346 1386 3465 1454 epi-

1977 1499 1998 1534 ι
2030 1496 2222 1550 scopus
2254 1481 2728 1550 iracundus,'quod
2753 1495 2871 1535 esse
2893 1495 2996 1534 non
3022 1479 3204 1540 debet.
3221 1477 3470 1532 celeriter

1975 1590 1994 1624 ι
2034 1582 2127 1627 aut
2161 1587 2352 1642 aspere
2373 1576 2633 1628 adversus
2667 1575 3040 1642 presbyterum
3069 1569 3153 1624 vel
3181 1568 3468 1630 diaconum

1977 1681 1995 1715 ι
2029 1677 2186 1717 suum
2220 1673 2398 1718 motus
2429 1663 2613 1728 fuerit,
2669 1671 2723 1717 et
2776 1664 2909 1717 velit
2951 1676 3075 1716 eum
3131 1675 3219 1721 ex,
3246 1656 3467 1729 propria

1975 1771 1995 1806 ι
2037 1753 2278 1809 Ecclesia
2311 1769 2628 1824 segregare;
2658 1753 3051 1821 providendum
3094 1760 3201 1813 est,
3226 1764 3292 1803 ne
3348 1748 3470 1800 sine

1979 1867 2008 1895 ι
2037 1860 2198 1900 causa
2232 1845 2647 1908 condemnetur,
2674 1843 2760 1897 vel
2789 1841 2979 1910 perdat
2998 1840 3467 1896 communionem.

1988 1956 2007 1989 ι
2038 1937 2106 1992 Ει
2128 1937 2175 1991 is
2196 1938 2288 2004 qui
2315 1937 2524 2005 eiectus
2548 1944 2654 1998 est,
2693 1943 3018 2002 potestatem
3065 1933 3264 1988 habeat
3318 1945 3476 1985 acce-

1981 2047 2000 2081 ι
2038 2027 2198 2083 dendi
2233 2029 2298 2081 ad
2333 2026 2614 2090 finitimos,
2645 2036 2699 2080 et
2727 2041 2888 2080 causa
2951 2026 3067 2091 ejus
3118 2023 3392 2084 audiatur,
3419 2030 3475 2075 et

1986 2141 2004 2174 ι
2049 2120 2363 2190 diligentius
2419 2120 2784 2181 examinetur,
2841 2119 2963 2188 quia
3028 2133 3133 2170 non
3208 2117 3372 2171 debet
3428 2117 3478 2171 ei

1990 2229 2009 2264 ι
2042 2211 2255 2281 roganti
2291 2211 2549 2264 auxilium
2573 2211 2866 2278 denegari:
2907 2209 2997 2264 ille
3043 2220 3222 2262 autem
3268 2208 3480 2275 episco-

1986 2322 2004 2354 ι
2037 2318 2160 2370 pus,
2184 2302 2275 2371 qui
2314 2302 2587 2368 sivejuste
2621 2300 2951 2369 siveinjuste
2972 2299 3151 2370 eiecit,
3184 2299 3484 2352 toleranter

1986 2413 2005 2447 ι
2037 2394 2176 2449 feret
2206 2410 2318 2449 rem
2374 2394 2702 2457 examinari,
2744 2402 2800 2445 ιιι
2859 2392 2942 2444 vel
2995 2392 3354 2445 confirmetur
3399 2389 3482 2443 vel

1992 2506 2012 2539 (
2041 2487 2351 2556 corrigatur
2371 2487 2488 2554 ejus
2514 2487 2807 2542 sententia.
2843 2484 2968 2538 Haec
3019 2484 3252 2549 scillcet,
3306 2499 3479 2552 usque

1989 2583 2107 2631 «ad
2186 2578 2530 2647 pra-sentiam
2601 2578 3012 2632 verissimorum
3087 2575 3478 2645 exemplarium

1987 2690 2006 2723 ι
2048 2672 2278 2726 Nicena;
2294 2671 2505 2742 synodi,
2536 2670 2672 2725 actis
2704 2671 2910 2725 inserta
2943 2680 3097 2724 sunt:
3119 2686 3238 2736 qua:
3262 2668 3480 2738 quidem

1985 2782 2003 2815 ι
2036 2765 2080 2817 si
2111 2763 2243 2825 illic,
2275 2765 2546 2830 quomodo
2561 2764 2622 2815 in
2661 2763 2777 2829 ipso
2834 2762 3251 2815 commonitorio
3307 2761 3488 2814 conti-

1992 2871 2014 2904 ι
2049 2865 2226 2919 netnr,
2257 2853 2402 2922 quod
2433 2854 2591 2908 nobis
2622 2867 2718 2923 per
2743 2853 2941 2908 fratres
2971 2869 3000 2906 ιι
3038 2856 3166 2907 sede
3186 2852 3498 2921 apostolica.

1998 2962 2018 2995 ι
2058 2945 2254 3000 missos
2300 2955 2583 2999 ostensum
2649 2953 2755 3009 est,
2813 2945 2955 3014 apud
3020 2958 3118 2998 vos
3165 2958 3379 3013 quoque
3434 2944 3488 2998 in

1993 3055 2010 3087 ι
2051 3037 2240 3091 eodem
2273 3038 2466 3093 ordine
2496 3037 2548 3090 in
2590 3036 2739 3090 Italia
2797 3045 3108 3104 servantur,
3165 3050 3265 3091 nos
3291 3052 3488 3092 eorum

2000 3147 2030 3179 ι.
2064 3143 2402 3197 nequaquam
2439 3128 2758 3182 meminisse
2783 3128 3052 3193 volumus,
3103 3128 3185 3183 vel
3239 3143 3346 3182 non
3379 3128 3494 3182 suf-

2000 3239 2018 3271 ι
2051 3218 2194 3274 ferre
2222 3219 2634 3282 contendimus;
2663 3218 2828 3289 672
2853 3220 2946 3274 sed
2997 3219 3297 3283 credimus,
3343 3220 3489 3286 quod

1995 3330 2014 3364 ι
2048 3311 2336 3380 adiuvante
2361 3309 2572 3365 Domini
2603 3312 2696 3365 Dei
2729 3312 2900 3365 nostri
2952 3313 3354 3376 misericordia,
3399 3319 3490 3363 tua

1994 3421 2013 3455 ι
2051 3403 2342 3458 sanctitate
2367 3401 2626 3456 Romanae
2651 3401 2912 3456 Ecclesiae
2944 3405 3288 3471 prmsidente,
3343 3402 3490 3455 hunc

1997 3513 2016 3546 ι
2048 3494 2306 3562 deinceps
2335 3501 2534 3547 metum
2561 3508 2673 3547 non
2696 3495 3081 3563 suscipiemus.
3114 3492 3494 3548 Servabuntur

1995 3604 2016 3638 ι
2054 3595 2234 3639 autem
2277 3585 2441 3639 etiam
2478 3600 2614 3654 erga
2652 3601 2771 3650 nos,
2804 3601 2925 3655 qua:
2951 3587 3110 3641 nobis
3161 3603 3377 3656 quoque
3413 3597 3493 3642 ta-

1993 3694 2016 3728 ι
2046 3678 2296 3732 centibus
2359 3679 2564 3732 servari
2618 3679 2816 3732 debent
2874 3679 3165 3734 dilectione
3205 3677 3490 3734 fraterna:

1993 3787 2012 3821 ι
2042 3782 2161 3835 quae
2184 3782 2282 3837 pro
2315 3769 2578 3836 sapientia
2624 3779 2677 3822 et
2721 3769 2954 3838 jnstitia,
2989 3784 3150 3838 quam
3202 3770 3296 3823 tibi
3347 3772 3494 3825 dedit

2001 3875 2019 3909 ι
2049 3857 2384 3919 Altissimus,
2421 3857 2534 3924 ipse
2564 3871 2782 3926 quoque
2810 3857 2982 3910 sentis
3004 3857 3208 3910 servari
3250 3857 3448 3909 debere
3477 3896 3493 3920 ,

1997 3949 2089 4003 «εἰ
2131 3950 2273 4002 forte
2329 3947 2489 4002 aliter
2539 3961 2597 4001 se
2658 3946 2898 4000 habeant
2961 3961 3195 4001 canones
3263 3944 3496 4001 Nicaenae

2004 4057 2022 4091 ι
2065 4038 2282 4108 synodi.
2322 4037 2430 4091 Nos
2457 4039 2625 4103 enim,
2667 4037 2756 4105 qui
2787 4039 2839 4091 in
2885 4038 3066 4106 plures
3121 4037 3288 4090 libros
3353 4038 3494 4091 inci-

1999 4149 2019 4183 ι
2060 4132 2270 4195 dimus,
2322 4145 2601 4197 nunquam
2654 4130 2880 4198 legimus
2906 4131 2960 4184 in
3021 4131 3173 4183 libris
3210 4129 3491 4193 Romanis,

2000 4239 2018 4274 ι
2059 4220 2113 4275 in
2140 4221 2402 4290 synodum
2433 4219 3204 4288 Nicznnam,quemadmodum
3261 4219 3311 4270 in
3360 4234 3496 4286 pra:-

1988 4330 2012 4364 ι
2053 4313 2198 4367 dioto
2259 4311 2675 4366 commonitorio
2739 4310 2940 4364 islbinc
3002 4311 3490 4364 transmis-~isunt:

1994 4419 2015 4452 ι
2049 4414 2226 4458 tamen
2275 4404 2398 4473 quia
2430 4403 2517 4456 hic
2542 4403 2592 4455 in
2639 4402 2787 4455 nullo
2810 4402 2947 4456 libro
3003 4400 3194 4455 (ἑταιοο
3254 4403 3368 4454 lucc
3408 4402 3495 4453 in-

327 4505 345 4540 t
384 4487 515 4553 ὑμῖν
565 4489 633 4558 τῇ
688 4488 823 4557 αὐτῇ
867 4486 1016 4552 τάξει
1070 4489 1129 4541 ἐν
1180 4490 1383 4560 Ἰταλίᾳ
1443 4493 1821 4560 φυλάττονται,
1849 4517 1881 4577 ι

2002 4508 2021 4541 ι
2059 4491 2244 4544 venire
2293 4492 2610 4559 potuimus,
2669 4507 2730 4544 ex
2790 4490 3050 4545 Ecclesiis
3103 4489 3493 4552 Orientalibus,

332 4598 351 4630 ι
393 4579 644 4648 οὐδαμῶς
701 4582 795 4633 καὶ
852 4582 1014 4649 ἡμεῖς
1063 4581 1174 4635 τῶν
1221 4583 1477 4637 τοιούτων
1515 4586 1821 4655 μεμνῆσθαι

328 4691 347 4722 ι
395 4669 717 4740 βουλόμεθα,
762 4669 922 4740 ἢοῦχ
965 4672 1262 4742 ὑποφέρειν
1303 4675 1654 4744 ἐπειγόμεθα,
1688 4677 1825 4731 ἀλλὰ

328 4781 347 4812 ι
390 4761 720 4828 πιστεύομεν
777 4762 857 4814 ὃτι
915 4762 1240 4831 βοηθοῦντος
1269 4765 1363 4818 τοῦ
1393 4766 1578 4830 ἐλέους
1618 4769 1823 4838 Κυρίου

331 4869 352 4902 ι
393 4850 486 4902 τοῦ
521 4851 656 4904 Θεοῦ
691 4850 874 4919 ἡμῶν,
903 4853 1002 4921 τῆς
1036 4852 1138 4919 σῆς
1178 4854 1488 4923 ἁγιωσύνης
1545 4858 1826 4925 προεστώ-

333 4959 351 4990 ι
398 4957 495 5010 σης
543 4942 640 5008 τῆς
681 4941 998 5011 Ῥωμαῖκῆς
1029 4943 1379 5013 Ἐκκλησίας,
1411 4947 1591 4999 οὐκέτι
1642 4948 1825 5000 λοιπὸν

334 5051 353 5082 ι
394 5032 780 5100 ὑπομείνωμεν
807 5033 898 5085 τὸν
925 5034 1086 5100 φόϐον
1129 5035 1338 5089 τοῦτον.
1378 5038 1694 5108 Φυλαχθῶσι
1763 5041 1822 5094 δὲ

336 5144 354 5175 ι
403 5124 530 5194 περὶ
570 5126 716 5194 ἡμᾶς
744 5126 900 5178 ἆτινα
930 5129 1027 5179 καὶ
1058 5126 1133 5196 μὴ
1155 5127 1458 5182 λαλούντων
1491 5130 1649 5200 ἡμῶν
1675 5132 1828 5198 ὀφει-

339 5235 358 5266 ι
393 5215 544 5270 λουσι
576 5215 922 5285 φυλαχθῆναι
974 5217 1237 5288 ἀδελφικῇ
1265 5220 1479 5297 ἀγάπῃ⁹
1510 5221 1652 5292 άπερ
1683 5221 1826 5275 κατά

339 5323 356 5354 ι
399 5304 497 5371 τὴν
539 5306 730 5372 σοφίαν
758 5306 854 5357 καὶ
883 5306 1256 5374 δικαιοσύνην,
1287 5309 1356 5378 ῆν
1410 5327 1492 5362 σοι
1517 5311 1544 5362 ὀ
1567 5311 1826 5379 ’Υψιστος

338 5414 356 5444 ι
401 5395 732 5465 ἐδωρήσατο,
765 5396 859 5448 καὶ
892 5396 1051 5458 αὐτὸς
1073 5397 1156 5449 ἔτι
1189 5399 1296 5469 μὴν
1329 5403 1560 5472 συνορᾷς
1590 5403 1826 5470 ὀφείλειν

339 5505 356 5535 ι
401 5486 760 5555 φυλαχθῆναι,
786 5489 880 5540 ἐάν
905 5488 1067 5555 τυχὸν
1099 5489 1329 5554 ἀλλοίως
1363 5492 1557 5560 ἔχωσιν
1591 5495 1640 5548 οἱ
1668 5493 1826 5545 κανό-

337 5596 355 5626 ι
406 5593 491 5639 νες
521 5577 621 5645 τῆς
648 5578 705 5628 ἐν
733 5576 936 5647 Νικαίᾳ
972 5578 1214 5634 συνόδου.
1280 5580 1471 5649 Ἡμεῖς
1512 5583 1620 5652 γὰρ
1677 5583 1823 5634 πλεί-

340 5687 356 5716 ι
401 5684 544 5730 στοις
582 5669 897 5738 ἐντυχόντες
932 5669 1175 5736 βιϐλίοις,
1209 5671 1448 5739 οὐδαμοῦ
1509 5673 1825 5744 ἀνέγνωμεν

339 5777 356 5807 ι
396 5762 471 5821 ιίς
500 5760 599 5828 τὴν
646 5761 705 5814 ἐν
738 5758 939 5831 Notata
997 5759 1212 5816 σύνοδον
1265 5763 1325 5817 ἐν
1364 5764 1692 5834 Ῥωμαϊκοῖς
1746 5765 1822 5835 βι-

1992 4603 2014 4634 ι
2051 4583 2141 4638 ubi
2187 4583 2302 4653 ipsa
2363 4584 2584 4638 decreta
2647 4583 2958 4637 authentica
3009 4581 3266 4637 dicuntur
3315 4583 3493 4635 adhuc

2001 4693 2019 4726 ι
2051 4688 2210 4742 posse
2244 4675 2498 4739 inveniri,
2537 4675 2602 4728 ad
2631 4689 2728 4728 nos
2761 4675 2850 4728 illa
2883 4674 3084 4729 deferri
3144 4674 3298 4728 valde
3351 4675 3496 4729 desi-

2001 4768 2327 4822 tderamus.
2391 4767 2576 4831 Quare
2645 4778 2792 4820 tuam
2855 4767 3016 4822 etiam
3085 4767 3492 4822 venerationem

2000 4875 2019 4909 ι
2061 4872 2332 4925 rogamus,
2377 4866 2436 4909 ut
2477 4857 2588 4924 ipse
2642 4867 2905 4926 praeterea
2958 4857 3198 4911 scribere
3249 4857 3491 4925 digneris

2002 4967 2021 5000 ι
2057 4949 2122 5000 ad
2153 4947 2364 5000 illarum
2400 4950 2633 5014 partium
2681 4949 2972 5012 antistites,
3026 4949 3077 5002 id
3143 4959 3250 5013 est,
3305 4951 3497 5004 Antio-

2003 5057 2022 5092 ι
2054 5042 2273 5104 cliente,
2330 5037 2711 5092 Alexandrina:
2765 5050 2821 5093 et
2864 5039 3495 5106 Constantinopolitanze

1993 5149 2011 5183 ι
2043 5129 2325 5192 Ecclesia,
2355 5138 2410 5184 et
2438 5129 2502 5182 ad
2529 5129 2685 5192 alios,
2713 5129 2758 5183 si
2786 5138 2889 5184 tuae
2906 5129 3186 5182 sanctitati
3223 5129 3492 5196 videatur,

2004 5241 2024 5274 ι
2059 5232 2116 5277 ιιι
2130 5221 2275 5276 illinc
2291 5223 2356 5275 ad
2374 5237 2472 5277 nos
2493 5221 2724 5275 Nicaeaea
2743 5220 3205 5292 sanctisli’atribus
3217 5222 3495 5277 constituti

2003 5331 2021 5364 ι
2067 5327 2304 5367 canones
2350 5315 2672 5378 mittantur;
2707 5323 2760 5367 te
2810 5314 3082 5382 pratcipue
3137 5314 3238 5367 hoc
3294 5312 3498 5366 benefi-

2009 5423 2027 5455 ι
2067 5404 2210 5457 cium
2288 5401 2718 5458 Occidentalibus
2771 5403 3022 5457 omnibus
3066 5403 3326 5457 Ecclesiis
3401 5402 3493 5463 Dei

2007 5509 2026 5542 ι
2068 5492 2270 5546 auxilio
2302 5492 2632 5546 conferente.
2665 5492 2800 5554 Ouls
2853 5495 2994 5548 enim
3058 5495 3260 5548 dubitat
3312 5509 3498 5552 exeni-

2009 5600 2026 5633 ι
2066 5584 2234 5651 plaria
2264 5584 2452 5653 synodi
2486 5580 2679 5637 Niceti:
2703 5595 3040 5651 congregata:
3072 5587 3351 5639 verissima
3367 5598 3494 5639 esse

2007 5692 2023 5724 ι
2067 5676 2116 5726 in
2148 5672 2371 5736 Graecis,
2407 5688 2528 5741 qua:
2561 5689 2589 5728 a
2617 5683 2725 5728 tam
2779 5676 3013 5730 diversis
3071 5677 3202 5730 locis
3254 5687 3310 5730 et
3357 5677 3492 5728 insi-

2006 5781 2024 5814 ι
2063 5765 2253 5835 gnibus
2286 5764 2489 5822 Cra‘cis
2543 5766 2798 5823 Ecclesiis
2858 5769 3142 5837 deportata
3197 5778 3250 5823 et
3295 5767 3496 5824 collata
