4012 6442
554 386 659 450 ι35
1780 379 2053 439 ΤΗΕΟῘ).
2096 374 2497 438 BALSAMON
2790 424 2793 427 λ
3665 352 3779 418 436

603 517 620 547 ι
651 496 1055 570 consentiunt?
1093 493 1243 560 Quod
1282 492 1493 561 quidem
1546 490 1714 543 donec
1750 488 1946 542 factum
1975 486 2125 549 fue-.

2273 503 2290 535 ι
2334 485 2524 548 ὀλίοις,
2553 482 2611 534 ὃν
2640 480 2839 548 τρόπον
2876 478 2935 529 ἐν
2988 473 3066 544 τῷ
3097 469 3452 543 προλεχθέντι
3501 482 3780 535 κομμονι-

607 606 624 634 ε
664 587 755 647 rit,
806 600 925 652 quae
974 585 1024 636 in
1053 568 1055 570 i
1088 584 1232 635 dicto
1268 555 1680 637 commonitorio
1732 578 1887 631 nobis
1929 576 2087 629 allata

2267 596 2285 627 ι
2323 574 2485 643 τορῖῳ
2538 570 2762 625 αὐτόθεν
2806 567 3211 637 ἀπεστάλησαν·
3250 564 3424 629 ὅμως,
3452 555 3646 634 ἐπειδὴ
3680 556 3783 607 ἑν-

609 695 624 725 ι
660 646 908 739 διψῇ-οε
938 672 1389 741 appellationibus
1439 671 1813 739 episcoporum
1864 668 1931 718 ad
1981 664 2090 719 Ro-

2270 686 2285 717 t
2325 666 2497 718 ταῦθα
2526 664 2606 725 είς
2650 661 2799 715 οὐδὲν
2832 658 3036 730 βιϐλίον
3084 653 3321 725 Γραικὸν
3349 648 3522 703 ταῦτα
3573 646 3769 715 εὑρεῖν

606 786 623 814 ο
663 780 832 818 mana:
856 763 1115 817 Ecclesia:
1145 746 1504 821 sacerdotem,
1534 769 1587 813 et
1616 760 1680 811 de
1729 758 1908 810 causis
1934 755 2093 808 cleri-

2275 776 2292 807 ι
2331 754 2696 824 ἠδυνήθημεν,
2741 754 2805 803 ἐκ
2852 749 2959 803 τῶν
3004 742 3361 801 ’Δνατολικῶν
3406 735 3779 805 Ἐκκλησιῶν,

612 876 629 906 ι
668 872 875 919 corum,
908 870 1030 924 quae
1081 855 1276 907 debent
1324 868 1351 903 a
1412 865 1633 904 suarum
1687 848 2089 917 provinciarum

2270 867 2286 898 ι
2331 847 2459 899 ἔνθα
2486 846 2738 912 λέγονται
2763 842 2831 895 τά
2865 842 3006 895 αὐτὰ
3051 838 3380 906 ψηφίσματα
3410 830 3673 885 δύνασθαι
3708 826 3784 881 τὰ

609 965 624 995 ι
660 923 1113 1012 episcopisflniri,
1144 956 1241 995 nos
1264 941 1424 993 etiam
1444 945 1755 993 servaturos
1780 935 2096 1003 profitemur

2276 956 2293 987 ι
2340 934 2633 988 αὐθεντικὰ
2684 934 2765 986 ἐτι
2817 933 2923 1000 μὴν
2970 927 3285 998 εὑρεθῆναι,
3339 923 3470 1000 ἡμῖν
3538 934 3785 986 προσεν-

613 1056 630 1085 σ
674 1050 844 1103 usque
878 1034 943 1086 ad
974 1033 1379 1100 probationem:
1409 1040 1462 1082 et
1508 1036 1741 1081 vestram
1804 1024 2096 1078 beatitudi-

2273 1045 2290 1076 ι
2346 1025 2565 1093 εχθῆναι
2596 1022 2765 1077 ταῦτα
2793 992 2994 1089 μᾶλλον
3039 992 3343 1082 ποθοῦμεν.
3388 992 3482 1061 Ᾰιδ
3528 1008 3628 1061 καὶ
3678 1005 3785 1075 τὴν

613 1145 628 1174 ι
673 1139 813 1186 nem,
843 1123 949 1177 Deo
978 1123 1209 1183 volente,
1237 1120 1389 1172 nobis
1412 1118 1478 1171 ad
1517 1118 1616 1171 hoc
1653 1115 1909 1170 auxilium
1958 1113 2097 1166 latu-

2278 1136 2294 1167 t
2343 1118 2439 1185 σὴν
2471 1114 2879 1184 σεϐασμιότητα
2908 1105 3284 1174 δυσωποῦμεν,
3317 1102 3405 1155 ἵνα
3430 1096 3639 1168 γράψαι
3682 1096 3791 1151 καὶ

613 1235 629 1263 t
669 1229 780 1267 rant
809 1213 1152 1267 confidimus.
1203 1208 1429 1276 Reliqua
1455 1214 1652 1270 autem,
1678 1220 1797 1275 quas
1826 1204 1877 1256 in
1911 1215 2095 1256 nostra

2274 1227 2291 1258 t
2337 1207 2497 1269 αὐτὸς
2527 1206 2607 1258 ἔτι
2642 1204 2747 1275 μὴν
2794 1199 3144 1269 καταξιώσης
3182 1194 3319 1263 πρὸς
3372 1192 3498 1253 τοὺς
3551 1188 3792 1241 ἐκείνων

611 1323 628 1352 ι
658 1301 863 1371 synodo
894 1308 1011 1352 acta
1037 1307 1093 1352 ct
1120 1295 1439 1350 confirmata
1474 1304 1618 1357 sunt,
1665 1292 1792 1361 quia
1849 1291 2095 1358 praulicti

2280 1316 2295 1347 t
2340 1296 2443 1349 τῶν
2479 1295 2660 1365 μερῶν
2693 1295 2876 1362 ἱερεῖς,
2922 1288 3066 1342 τοῦτ’
3115 1287 3258 1346 ἑστι.
3320 1282 3419 1349 τῆς
3478 1281 3536 1333 ἓν
3567 1279 3797 1347 Ἀντιο·

612 1412 629 1441 ι
666 1391 863 1444 fratres
906 1389 1076 1443 nostri
1126 1386 1421 1440 Faustinus
1463 1384 1834 1452 coepiscopns,
1893 1381 2093 1450 Philip-

2287 1405 2304 1438 ι
2353 1364 2487 1457 χείᾳν
2521 1382 2871 1449 Ἐκκλησίας,
2922 1380 3017 1433 καὶ
3051 1378 3148 1444 τῆς
3203 1370 3627 1437 Ἀλεξανδρέων,
3691 1364 3799 1419 καὶ

616 1503 632 1533 t
668 1499 764 1552 pus
795 1491 848 1536 et
903 1480 1115 1534 Asellus
1142 1478 1465 1545 presbyteri,
1500 1490 1683 1529 secum
1743 1472 2015 1535 deferunt,
2055 1473 2099 1526 si

616 1572 815 1626 «vobis
844 1571 1017 1624 visum
1070 1567 1258 1629 fuerit,
1323 1580 1383 1619 ea
1434 1573 1631 1617 vestrae
1655 1563 1934 1616 sanctitati
1978 1573 2100 1614 nota

612 1685 628 1714 ι
661 1664 876 1717 facient.
908 1661 973 1715 Et
999 1659 1437 1727 subscripserunt
1464 1673 1479 1721 ;
1534 1656 1795 1709 Dominus
1820 1664 2001 1709 noster
2051 1663 2104 1707 te

592 1774 634 1804 at
669 1754 900 1807 nobisin
938 1751 1130 1805 multos
1182 1764 1355 1803 annos
1427 1755 1736 1809 conservet,
1792 1746 2103 1800 beatissime

2281 1494 2298 1525 ι
2340 1478 2435 1546 τῆς
2468 1478 2525 1528 ἐν
2556 1468 3152 1531 Κωνσταντινουπόλει,
3200 1466 3294 1518 καὶ
3349 1462 3531 1521 ἄλλοις
3558 1460 3639 1523 δὲ,
3674 1457 3793 1509 ἐὰν

2286 1586 2304 1618 ι
2351 1569 2600 1635 παραστῇ
2636 1568 2701 1634 τῇ
2741 1566 2807 1633 σῇ
2833 1559 3134 1630 ἁγιωσύνῃ,
3194 1558 3341 1617 ὅπως
3374 1551 3596 1634 ἐκεῖθεν.
3646 1548 3805 1616 πρὸς

2281 1677 2299 1709 ι
2340 1626 2484 1729 ημάς
2511 1626 2637 1709 οίὲν
2667 1626 2893 1724 ᾗικαία
2918 1626 3113 1721 παρὰ--
3132 1648 3240 1702 τῶν
3302 1645 3477 1714 ἁγίων
3524 1626 3808 1707 Πατέρων

2282 1767 2300 1799 ι
2351 1748 2655 1815 ὀρισθέντες
2687 1746 2916 1799 ἔλθωσιν
2955 1742 3202 1804 κανόνες,
3254 1737 3350 1791 σοῦ
3405 1734 3528 1790 κατ’
3567 1734 3808 1799 ἐξαίρε-

617 1868 634 1897 t
674 1846 860 1898 frater.
893 1842 1341 1908 Subscripserunt
1366 1853 1582 1907 quoque
1614 1837 1861 1906 Alypius,
1910 1838 2094 1905 Augu-

2285 1857 2301 1889 ι
2349 1856 2437 1891 τον
2492 1837 2591 1906 τὴν
2634 1835 2953 1907 εὐεργεσίαν
3010 1832 3216 1898 ταύτην
3243 1828 3445 1889 πάσαις
3473 1827 3597 1885 ταῖς
3627 1824 3810 1874 Auct.-

616 1955 633 1986 ι
661 1936 856 2000 stinus,
882 1931 1179 1993 Possidius,
1211 1927 1470 1986 Marinus,
1496 1936 1547 1979 et
1570 1925 1747 1979 caeteri
1770 1926 2026 1993 episcopi.
2063 1943 2081 1975 ι

2280 1946 2296 1977 ι
2343 1929 2463 1987 καῖς
2506 1925 2849 1994 Ἐκκλησίαις
2882 1926 2948 1992 τῇ
2988 1921 3079 1975 τοῦ
3125 1919 3330 1991 Κυρίου
3382 1914 3604 1985 βοηθείᾳ
3670 1928 3815 1963 συν-

618 2048 634 2078 ⁶
682 2030 1016 2093 εισάγοντοςο
1080 2023 1177 2079 Τί(
1239 2021 1349 2090 γὰρ
1435 2018 1761 2087 ἀμφιόάλ).ει
1811 2018 1877 2068 τὰ
1936 2017 2025 2069 ίσα
2090 2018 2428 2088 ἀληθέστατα
2486 2013 2623 2071 εῖναι
2665 2019 2721 2070 ἐν
2787 2016 3041 2086 Γραικοῖς
3093 2014 3189 2081 τῆς
3252 2012 3307 2063 ἐν
3376 2006 3583 2074 Νικσίᾳ.
3658 2019 3811 2054 συν-

628 2138 647 2171 ι
689 2116 1071 2185 αθροισθείσης
1114 2112 1331 2166 συνόδου
1371 2110 1527 2163 ἅτινα
1560 2108 1666 2160 άπὸ
1696 2108 1863 2169 οὕτως
1919 2108 2187 2178 διαφόρων
2226 2110 2403 2161 τόπων
2461 2108 2557 2161 καὶ
2623 2108 2910 2175 ἐπισήμων
2976 2101 3229 2173 Γραικῶν
3281 2094 3588 2163 ἐκκλησιῶν
3613 2108 3811 2159 προσ⁶

618 2232 633 2261 ι
680 2210 971 2278 ενεχθέντα
1035 2208 1128 2260 καὶ
1186 2204 1547 2272 συγκριθέντα
1571 2202 2108 2272 ὀμονοοῦσινςὈπερ
2183 2203 2288 2263 ἕως
2317 2194 2377 2254 οὗ
2411 2202 2657 2269 γένηται,
2724 2201 2791 2254 τὰ
2853 2200 2910 2252 ἐν
2973 2197 3053 2266 τῷ
3142 2190 3495 2264 προλεχθέντι
3578 2201 3815 2253 κομμο-

615 2329 631 2357 ι
681 2304 899 2373 νιτορίῳ
958 2304 1088 2371 ἡμῖν
1139 2299 1593 2371 προσενεχθέντα,
1653 2299 1781 2365 περὶ
1833 2298 1941 2349 τῶν
2011 2300 2145 2366 πρὸς
2206 2298 2299 2350 τὸν
2365 2299 2461 2367 τῆς
2499 2296 2811 2363 Ῥωμαῖκῆς
2895 2290 3222 2359 Ἐκκλησίας
3295 2287 3445 2355 ἱερέα
3502 2282 3806 2350 ἐκκλήτων

619 2412 635 2442 t
684 2393 792 2444 τῶν
820 2392 1159 2451 ἐπισκόπων,
1227 2387 1488 2455 καὶπερὶ
1551 2386 1658 2438 τῶν
1718 2385 1910 2438 αἰτιῶν
1956 2385 2063 2439 τῶν
2130 2386 2405 2456 κληρικῶν
2466 2387 2574 2439 τῶν
2641 2383 2979 2453 ὀφειλουσῶν
3028 2376 3398 2450 περατοῦσθαι
3472 2371 3626 2443 παρὰ
3689 2375 3820 2431 τοῖς

618 2506 637 2537 t
683 2487 792 2539 τῶν
856 2486 1003 2538 ἰδίων
1083 2482 1263 2537 αὐτῶν
1308 2482 1586 2550 ἐπαρχιῶν
1634 2482 1973 2543 ἐπισκόποις,
2062 2484 2222 2550 ἡμεῖς
2278 2479 2669 2551 κόμολογοῠμεν
2732 2480 2826 2531 καὶ¹
2894 2475 3231 2545 φυλάξοντας
3291 2470 3395 2529 ἓως
3451 2468 3550 2535 τῆς
3596 2468 3806 2517 ἐπικυο

615 2599 631 2626 ε
682 2579 924 2646 ρὼσεως,
968 2577 1061 2628 καὶ
1120 2575 1219 2643 τὴν
1278 2573 1547 2642 ὑμετέραν
1616 2573 2016 2641 μακαριότητα,
2090 2550 2339 2635 θέλοντος
2403 2574 2496 2626 τοῦ
2560 2572 2720 2635 Θεοῦ,
2788 2570 2924 2639 πρὸς
2990 2566 3151 2619 τοῦτο
3219 2565 3351 2631 ἡμῖν
3422 2559 3823 2629 βοηθήσουσαν

620 2687 637 2719 ι
678 2641 1005 2738 θαρροῦμεν.
1074 2641 1271 2718 me:
1320 2641 1519 2727 λοιπὰ,
1592 2662 1660 2715 τὰ
1724 2663 1779 2714 ἓν
1838 2665 1903 2733 τῇ
1954 2664 2203 2733 ἡμετέρᾳ
2267 2666 2469 2734 συνόδῳ
2532 2662 2845 2731 πραχθέντα
2896 2660 2990 2713 καὶ
3046 2656 3438 2726 βεδαιωθέντα,
3484 2648 3674 2718 ἐπειδὴ
3760 2641 3822 2701 ι)ι

619 2778 635 2807 t
680 2758 1065 2827 προλεχθέντες
1119 2756 1338 2823 ἀδελφοὶ
1406 2756 1561 2822 ἡμῶν
1602 2754 1898 2816 Φαυστῖνος
1963 2756 1991 2807 ό
2059 2753 2479 2817 συνεπίσκοπος,
2540 2751 2809 2811 Φίλιππος
2879 2750 2975 2801 καὶ
3052 2743 3297 2805 Ἀσέλλος
3372 2744 3421 2794 0i
3495 2738 3819 2809 πρεσὸύτεο

623 2873 638 2899 ι
693 2868 797 2918 ροι,
884 2850 1005 2917 μεθ’
1072 2848 1283 2902 ἑαυτῶν
1339 2847 1714 2914 ἐπιφέρονται,
1792 2847 1887 2899 ἐὰν
1951 2844 2354 2913 καταξιώσητε,
2432 2844 2649 2911 γνωστὰ
2717 2845 3004 2909 ποιήσουσι
3062 2840 3126 2906 τῇ
3199 2833 3443 2904 ὑμετέρᾳ
3497 2828 3819 2902 ἁγιωσύνῃ·

623 2965 640 2994 ι
690 2947 796 2996 Καὶ
866 2943 1213 3011 ὑπέγραψαν·
1275 2941 1302 2990 ό
1370 2941 1575 3008 Κύριος
1628 2938 1787 3006 ἡμῶν
1862 2938 2088 3004 φυλάξοι
2169 2956 2230 2990 σε
2302 2940 2435 3006 ἡμῖν
2526 2938 2619 2989 ἐπὶ
2726 2935 3014 2993 πλείστους
3086 2930 3352 2999 χρόνους,
3413 2924 3820 2995 μακαριώτατε

626 3061 643 3091 ι
686 3038 901 3106 ἀδελφέ.
947 3034 1303 3103 Ὑπέγραῲαν
1338 3034 1559 3102 ὁμοίως.
1590 3032 1861 3096 Ἀλόπιος,
1912 3032 2304 3100 Ἀὑγουστῖνος,
2348 3030 2675 3093 Ποσσείδιος,
2702 3028 2963 3097 Μαρῖνος,
3009 3023 3105 3075 καὶ⁸
3145 3024 3192 3072 0l
3232 3021 3407 3073 λοιποὶ
3430 3018 3741 3070 ἐπίσκοποι.
3792 3035 3816 3069 ι

620 3137 812 3192 ιιδιις.
859 3135 996 3189 Cum
1054 3132 1304 3186 Zosimus
1355 3144 1491 3198 papa
1544 3126 1840 3191 Romanus,
1906 3127 1994 3195 qui
2043 3126 2107 3177 ad

2282 3124 2480 3179 ΒΑΛΣ.
2512 3122 2761 3190 Ζωσίμου
2790 3118 2883 3171 τοῦ
2917 3120 3122 3170 πάππα
3155 3112 3396 3183 Ῥώμης,
3422 3112 3517 3164 τοῦ
3547 3110 3821 3162 ἀποστεί-

555 3237 864 3297 pmscntem
886 3221 1147 3292 synodum
1173 3220 1377 3288 legatos
1407 3218 1650 3279 miserat,
1674 3225 1819 3269 esset
1845 3225 2115 3277 mortuus,

554 3316 863 3372 Bonifacius
893 3313 1009 3381 ejus
1041 3312 1159 3365 loco
1202 3307 1529 3362 constitutus
1572 3314 1680 3369 est,
1721 3305 1784 3357 ad
1814 3319 1973 3372 quem
2030 3319 2118 3372 sy-

555 3411 722 3464 nodus
757 3405 967 3465 scribit,
1002 3416 1121 3468 qua:
1152 3400 1203 3453 in
1229 3398 1345 3465 ipsa
1378 3406 1526 3465 gesta
1575 3404 1700 3450 sunt
1754 3394 1805 3447 in
1861 3407 2120 3460 compen-

555 3502 698 3551 tiium
736 3497 1005 3562 redigens.
1048 3489 1299 3543 Declarat
1331 3494 1509 3538 autem
1536 3493 1592 3537 et
1623 3498 1741 3551 qua:
1773 3482 1840 3536 de
1902 3481 2120 3549 Apiaria

556 3589 866 3657 presbytero
908 3590 1027 3634 acta
1063 3578 1298 3639 fuerant,
1359 3582 1520 3642 atque
1544 3573 1706 3626 etiam
1745 3586 1838 3625 eos
1878 3581 2122 3625 servatu-

559 3693 645 3731 ros
699 3674 1092 3743 appellationes
1137 3683 1256 3737 quae
1315 3666 1640 3733 petebantur
1694 3662 1760 3715 ad
1822 3660 2121 3714 Romanam

561 3768 881 3828 Ecclesiatu,
925 3763 1095 3817 donec
1131 3759 1273 3813 allati
1310 3756 1516 3811 fuerint
1547 3767 1807 3815 canones,
1853 3752 1943 3820 qui
1978 3767 2005 3805 a
2030 3750 2123 3805 Ni-

560 3870 704 3909 caena
732 3852 935 3923 synodo
966 3848 1096 3905 editi
1130 3848 1297 3901 fuere.

688 4029 940 4086 lONAR.
973 4027 1074 4093 Qui
1108 4026 1275 4078 Roma
1314 4022 1462 4075 missi
1518 4019 1677 4089 legati
1703 4018 1767 4073 ad
1795 4018 1931 4071 hanc
1953 4032 2111 4086 syno—

566 4129 689 4179 dum
716 4134 1037 4183 convenere,
1070 4131 1297 4187 quorum
1328 4113 1643 4166 nominatim
1676 4110 1900 4179 epistola
1939 4109 2129 4162 menti-

568 4218 667 4279 nit,
693 4230 720 4265 a
746 4213 959 4265 Zosimo
985 4221 1118 4275 papa
1155 4203 1401 4257 Romano
1425 4201 1575 4254 missi
1613 4200 1855 4255 fuerant:
1891 4200 1979 4267 qui
2004 4212 2126 4251 cum

565 4309 769 4359 interea
800 4302 940 4355 diem
969 4312 1123 4351 suum
1183 4293 1426 4355 obiissct,
1488 4291 1540 4343 in
1606 4290 1721 4356 ejus
1756 4289 1935 4342 locum
1964 4287 2127 4340 Boui-

565 4402 733 4453 t'.tcitts
786 4394 1042 4451 suffectus
1125 4397 1235 4443 est:
1294 4386 1361 4438 ad
1413 4397 1573 4450 quem
1633 4380 1869 4451 synodus
1916 4380 2127 4435 litteras

2219 3218 2411 3273 λαντος
2467 3211 2848 3280 τοποτηρητὰς
2921 3211 3001 3271 είς
3058 3206 3155 3277 τὴν
3223 3202 3505 3272 παροῦσαν
3560 3199 3818 3265 σύνοδον,

2222 3303 2668 3373 τελευτήσαντος,
2707 3301 2734 3351 ὁ
2768 3299 3087 3366 Βονιφάτιος
3133 3294 3271 3365 πρὸς
3309 3293 3399 3344 τὸν
3430 3291 3639 3343 ἐκείνου
3682 3288 3819 3357 θρό-

2220 3412 2311 3449 νον
2340 3395 2601 3459 κατέστη,
2640 3392 2773 3460 πρὺς
2802 3391 2859 3443 ὃν
2884 3392 2917 3459 ἡ
2948 3388 3169 3450 σύνοδος
3199 3386 3424 3455 γράφει,
3455 3380 3819 3448 ἀναφέρουσα

2223 3484 2292 3537 τὰ
2318 3485 2374 3535 ἐν
2404 3485 2543 3552 αὐτῇ
2575 3481 2888 3551 πραχθέντα
2932 3480 3053 3531 κατ’
3083 3476 3379 3542 ἐπιτομήν.
3414 3470 3725 3539 Παραδηλοῖ
3751 3470 3816 3521 δὲ

2224 3572 2318 3625 καὶ
2348 3573 2417 3623 τὰ
2444 3572 2574 3640 περὶ
2604 3569 2700 3620 τοῦ
2736 3568 3023 3638 ’Λπιαρίου
3067 3564 3163 3617 τοῦ
3216 3561 3613 3633 πρεσὸυτέρουυ
3666 3559 3819 3612 ἀλλὰ

2228 3662 2335 3731 μὴν
2392 3661 2484 3713 καὶ
2535 3658 2597 3710 τὸ
2650 3658 2883 3726 φυλάξαι
2946 3656 3040 3717 τὰς
3095 3654 3231 3724 πρδς
3301 3650 3641 3717 Ἐκκλησίαν
3695 3648 3809 3716 τῆς

2238 3752 2455 3817 Ῥώμης
2513 3749 2852 3818 ζητουμένας
2899 3746 3222 3814 ἐκκλήτους,
3260 3744 3454 3811 μέχρις
3500 3739 3567 3793 ἂν
3606 3756 3817 3804 προκο-

2231 3843 2496 3914 μισθῶσιν
2524 3842 2573 3893 οἱ
2603 3840 2753 3909 παρὰ
2785 3838 2885 3907 τῆς
2915 3838 2971 3889 ἐν
2998 3836 3203 3905 Νικαίᾳ
3239 3832 3459 3886 συνόδου
3483 3830 3815 3893 ἐκτεθέντες

2228 3939 2474 3996 κανόνες.

2298 4024 2536 4078 ΖΩΝΑΡ.
2572 4024 2634 4075 Οἱ
2667 4022 2951 4081 σταλέντες
2990 4020 3053 4071 ἐκ
3100 4016 3323 4085 Ῥώμης
3376 4013 3511 4084 πρὸς
3554 4012 3655 4081 τὴν
3708 4013 3817 4066 σύ-

2228 4116 2374 4168 νοδον
2408 4113 2608 4183 ταύτην
2629 4111 3024 4179 τοποτηρηταὶ,
3048 4103 3122 4161 ὧν
3158 4108 3294 4177 πρὸς
3324 4106 3499 4174 ὄνομα
3526 4106 3819 4172 μέμνηται

2232 4203 2579 4273 η’ἐπιστολὴ,
2618 4200 2769 4269 παρὰ
2804 4201 3055 4267 Ζωσίμου
3085 4197 3180 4249 τοῦ
3213 4196 3413 4248 πάππα
3452 4194 3549 4261 τῆς
3584 4192 3818 4261 Ῥώμης

2231 4293 2552 4361 ἐστάλησαν·
2579 4290 2787 4342 ἐκείνου
2820 4289 2877 4341 δέ
2911 4291 2973 4340 ἐν
3017 4288 3095 4355 τῷ
3152 4288 3301 4355 μέσῳ
3352 4285 3815 4350 τελευτήσαντος,

2232 4385 2259 4434 ὁ
2286 4380 2602 4447 Βονιφάτιος
2638 4380 2718 4438 εἰς
2747 4377 2837 4428 τὸν
2889 4375 3098 4427 ἐκείνου
3160 4372 3350 4442 θρόνον
3409 4371 3814 4439 ἀντικατέστη,

565 4489 749 4550 mittit,
778 4496 1002 4553 quaeque
1023 4490 1141 4534 acta
1165 4477 1490 4540 decretaque
1538 4471 1769 4535 fuerant,
1818 4472 1969 4524 brevi
2006 4484 2125 4524 ser-

2241 4468 2369 4537 πρός
2407 4468 2465 4518 ὃν
2495 4469 2527 4536 ὴ
2565 4464 2779 4525 σύνοδος
2832 4461 3063 4529 γράφει,
3110 4458 3455 4528 ἀναφέρουσα
3480 4456 3551 4508 τὰ
3580 4458 3638 4507 ἐν
3666 4457 3817 4527 αὑτῇ

567 4577 743 4633 monis
772 4571 1091 4641 compendio
1115 4577 1170 4623 et
1199 4556 1434 4627 concise,
1484 4576 1609 4625 non,
1670 4560 2123 4628 quemadmodum

567 4679 713 4739 gesta
740 4667 973 4724 fuerant,
1001 4663 1155 4727 longo
1177 4655 1440 4709 orationis
1470 4653 1673 4707 ambitu
1724 4667 1786 4707 ac
1833 4652 2123 4705 verborum

570 4756 862 4813 involucris
891 4750 1315 4815 circuitioueque
1342 4746 1526 4800 refert.
1563 4744 1821 4797 Nuntiare
1860 4755 2018 4810 porro
2069 4754 2127 4794 se

570 4868 688 4917 qua:
714 4848 991 4913 utriusque
1022 4840 1190 4910 partis
1223 4853 1487 4892 consensu
1524 4844 1723 4891 statuta
1782 4834 1997 4888 fuerant
2040 4848 2129 4901 sy-

572 4942 739 4994 nodus
762 4936 979 4991 asserit.
1032 4931 1268 4999 Uterque
1301 4938 1477 4981 autem
1515 4928 1578 4980 de
1632 4928 1837 4981 duobus
1870 4922 2127 4990 intelligi-

573 5043 683 5084 tur.
720 5026 977 5088 Proinde,
1000 5034 1052 5077 et
1075 5024 1163 5090 qui
1198 5020 1403 5090 synodo
1435 5019 1657 5071 aderant
1688 5018 1739 5069 in
1775 5019 1906 5068 duas
1943 5024 2125 5081 partes

572 5121 773 5173 divisos
796 5118 958 5170 fuisse
977 5115 1215 5167 indicant
1238 5130 1252 5176 ;
1279 5111 1499 5164 alteram
1526 5107 1764 5175 quidem,
1796 5120 1913 5174 qua:
1942 5106 2135 5157 Africae

574 5212 890 5279 ιιρίεοοροες
924 5207 1145 5260 alteram
1175 5218 1324 5265 vero,
1364 5215 1482 5270 quae
1514 5199 1683 5253 ROma
1742 5198 1939 5251 missos
1996 5198 2135 5266 lega-

576 5318 656 5357 tos
685 5301 1132 5367 complecteretur
1168 5314 1179 5348 :
1231 5293 1359 5359 Qua:
1402 5293 1581 5361 igitur,
1623 5290 1892 5357 inquiunt,
1942 5290 2132 5341 utrius-

578 5409 679 5461 que
708 5393 880 5462 partis
911 5388 1139 5442 consilio
1173 5384 1391 5438 decreta
1427 5392 1575 5447 sunt,
1607 5396 1668 5434 ea
1704 5380 1787 5433 his
1819 5378 1911 5432 tibi
1941 5379 2133 5432 litteris

580 5486 933 5539 declaramus.
972 5477 1220 5545 Apiarins
1250 5474 1319 5527 ob
1355 5473 1594 5541 quaedam
1637 5469 1862 5523 crimina
1897 5469 1964 5520 ab
2015 5468 2130 5535 epi—

583 5574 749 5638 ,ropis
792 5571 986 5626 Africae
1036 5574 1367 5634 segregatus,
1431 5561 1653 5615 Romam
1702 5558 1975 5628 profectus
2026 5567 2127 5612 est.

582 5667 635 5717 lu
668 5661 902 5716 Africam
934 5672 1096 5728 porro
1157 5655 1416 5709 remissus
1464 5667 1492 5705 a
1544 5649 1704 5720 673
1743 5664 1897 5717 papa,
1980 5662 2040 5700 ea
2078 5650 2129 5699 itt

584 5756 773 5817 auibus
804 5752 1147 5809 aberraverat
1176 5745 1481 5803 conﬁtetur.
1511 5741 1763 5808 Quaedam
1795 5741 1938 5797 enim
1980 5738 2129 5795 illum

2236 4556 2565 4627 πραχθέντα,
2598 4556 2694 4606 καὶ
2731 4551 3181 4620 οἱκονομηθέντα,
3229 4549 3495 4617 ἀναφέρει
3540 4546 3597 4598 δέ
3629 4546 3819 4598 ταῦτα

2234 4648 2321 4700 διὰ
2387 4646 2634 4716 βραχέων
2676 4645 2795 4697 ἀντὶ
2831 4643 2922 4694 τοῦ
2978 4645 3278 4710 συντόμως,
3313 4638 3405 4690 καὶ
3436 4640 3493 4689 ἐν
3537 4638 3815 4707 ἐπιτομῇ,

2234 4736 2292 4787 οὐ
2338 4735 2442 4803 μὴν
2466 4734 2539 4797 ὼς
2586 4731 2940 4801 ἐπράχθησαν
2995 4730 3085 4781 διὰ
3122 4728 3504 4798 μακρηγορίας
3531 4728 3625 4779 καὶ
3682 4728 3819 4777 ἐπι-

2231 4827 2543 4894 τεταμένων
2592 4821 2963 4888 κυλισμάτων,
3022 4820 3189 4888 ήγουν
3248 4816 3476 4887 μακρῶν
3536 4815 3818 4884 περιόδων

2235 4918 2327 4969 καὶ
2377 4914 2612 4984 στροφῆς
2668 4912 2860 4977 λόγων.
2938 4908 3259 4977 Ἀναφέρειν
3320 4908 3376 4959 δὲ
3418 4906 3565 4972 λέγει
3614 4906 3681 4957 τὰ
3739 4909 3815 4976 τῇ

2237 5012 2513 5076 ἑκατέρων
2569 5005 2791 5073 ὁμονοίᾳ
2848 5000 3255 5071 περατωθέντα.
3308 4999 3381 5049 Τὸ
3433 4996 3487 5048 δέ
3521 4996 3817 5066 ἑκατέρων

2238 5098 2329 5151 ἐπὶ
2356 5099 2449 5150 δύο
2482 5098 2703 5148 νοεῖται.
2741 5095 2833 5155 Εἰς
2873 5092 2966 5145 δύο
3005 5091 3096 5143 οὖν
3137 5090 3327 5159 μοίρας
3358 5087 3452 5140 καὶ
3501 5080 3647 5141 οὗτοι
3678 5088 3817 5149 τοὺς

2238 5193 2333 5259 τῆς
2366 5188 2577 5241 συνόδου
2604 5186 2813 5238 διεῖλον·
2848 5184 2979 5252 μίαν
3013 5183 3110 5251 μὲν
3144 5182 3242 5248 τὴν
3295 5180 3403 5232 τῶν
3431 5178 3492 5242 ἐξ
3526 5179 3810 5247 Ἀφρικῆς

2239 5281 2567 5340 ἐπισκόπων,
2587 5278 2777 5345 ἑτέραν
2798 5277 2857 5333 δέ
2891 5275 2989 5344 τὴν
3016 5274 3122 5325 τῶν
3151 5274 3215 5324 ἐκ
3249 5270 3467 5339 Ῥώμης
3498 5270 3817 5322 σταλέντων

2236 5368 2641 5440 τοποτηρητῶν.
2695 5368 2762 5419 ’Δ
2796 5365 2947 5434 γοῦν,
3001 5363 3161 5432 φησὶ,
3189 5360 3322 5431 παρ’
3361 5360 3641 5429 ἑκατέρων
3694 5361 3817 5412 τῶν

2249 5464 2427 5532 μερῶν
2477 5458 2810 5531 ᾠκονόμητο,
2880 5453 3087 5523 φανερά
3144 5470 3225 5504 σοι
3287 5448 3670 5519 παριστῶμεν.
3748 5450 3812 5504 Ὁ

2254 5554 2529 5620 Ἀπιάριος
2562 5550 2649 5602 διά
2678 5564 2799 5600 τινα
2832 5546 3129 5614 αἰτιάματα
3152 5541 3466 5620 άφορισθεξις
3495 5541 3649 5609 παρὰ
3692 5542 3812 5595 τῶν

2238 5648 2293 5698 ἐν
2317 5619 2548 5712 Ἀφρικῇ
2580 5638 2915 5700 ἐπισκόπων,
2965 5634 3209 5703 ἀπῆλθεν
3242 5633 3321 5692 εἰς
3358 5619 3600 5697 Ἱῖώμην.
3641 5628 3810 5681 Ἀνα-
3854 5658 3857 5659 ν

2238 5735 2505 5798 τεμφθεὶς
2531 5731 2585 5785 δὶ
2617 5729 2763 5793 παρὰ
2793 5726 2886 5781 τοῦ
2920 5725 3120 5778 πάππα
3166 5723 3243 5786 εἰς
3271 5720 3559 5785 ’Δφρικὴν,
3594 5718 3815 5785 ὠμολό.
