4012 6438
225 352 328 413 437
1213 341 1295 404 ΙΝ
1330 340 1498 406 CAN.
1536 337 1793 402 CXXXV
1822 340 1831 389 4

1941 334 2032 397 lC.
2062 332 2445 397 CARTHAG.
3392 327 3499 390 438

226 476 365 528 γησι
394 460 468 514 τὰ
491 461 620 530 περὶ
643 450 721 513 ὧν
746 455 1054 527 ἐπλανήθη.
1102 456 1294 510 Ἔοικα
1328 455 1438 526 γὰρ
1472 453 1655 522 λέγειν
1688 454 1813 507 τινὰ

1941 457 2111 504 :ontra
2138 447 2555 505 ecclesiasticos
2589 447 2810 502 ordines
2841 444 3085 500 locutum
3135 441 3304 498 fuisse
3333 454 3499 509 appa.

226 554 380 624 παρὰ
409 555 542 616 τοὺς
603 553 704 620 τῆς
769 548 1104 621 Ἐκκλησίας
1154 548 1414 618 δεσμούς.
1478 547 1663 608 Ταῦτα
1719 543 1814 600 οὖν

1941 550 2048 606 -εῑ;
2109 555 2231 608 quae
2285 539 2502 604 culpam
2576 552 2730 593 suam
2793 533 3109 606 agnoscenti
3161 532 3502 597 neniamque

224 619 590 714 ὁμολογήσας.
635 619 979 712 συγγνώμης
1007 641 1228 712 ἠξίωτο,
1265 642 1377 694 καὶ“
1394 634 1576 711 μένειν
1602 641 1700 709 μὲν
1723 640 1816 693 ἐπὶ

1941 630 2217 687 lostttlanli
2249 630 2736 695 condonata-sunt,
2785 637 2950 696 utque
3001 622 3320 692 dignitatem
3365 619 3502 674 reti-

225 737 325 804 τῆς
357 737 568 797 οἰκείας
599 734 758 803 είάθη
787 733 976 802 τιμῆς.
1017 734 1078 785 οὐ
1107 733 1292 802 μέντοι
1325 732 1421 785 καὶ
1442 732 1502 785 ἐν
1530 733 1595 802 τῇ
1620 731 1817 801 ἐκκλη-

229 829 320 896 σίᾳ
346 822 511 892 εἶναι,
570 817 688 896 ἐνῇ
723 827 817 877 καὶ
867 824 1135 894 πρότερον
1187 819 1279 892 ἦν,
1307 822 1443 876 ἀλλὰ
1473 824 1554 884 είς
1596 822 1813 891 ἑτέραν,

227 919 352 969 ὁποι
381 916 624 984 βούλοιτο
654 957 669 980 ,
701 916 979 969 ἀπελθεῖν.
1005 915 1114 968 Καὶ
1139 915 1270 982 περὶ
1295 915 1487 968 τούτου
1513 913 1590 983 τῷ
1616 915 1820 985 πάππα.

230 1013 264 1079 ἡ
298 1009 519 1072 σύνοδος
555 1009 818 1080 ἔγραψενο
845 1010 1048 1079 ὁμοίως
1080 1009 1174 1061 καὶ
1208 1008 1336 1074 περὶ
1373 1006 1485 1060 τῶν
1537 1006 1818 1060 ἐνταλθέν·

229 1120 339 1155 τον
408 1102 522 1164 τοῖς
580 1103 643 1154 ἐκ
704 1101 925 1169 Ῥώμης
981 1101 1223 1152 σταλεῖσι
1284 1099 1710 1168 τοποτηρηταῐς.
1751 1095 1819 1160 ἃς

230 1196 326 1246 καὶ
377 1192 760 1264 άπαριθμοῦσι
809 1195 903 1246 καὶ
956 1192 1258 1263 ὑπέσχοντο
1311 1191 1547 1260 φυλάξαι
1601 1191 1663 1242 τὸ
1718 1190 1819 1253 τὰς

229 1286 532 1356 ἐκκλήτους
560 1286 701 1355 πρὸς
757 1286 921 1340 αὑτὸν
974 1285 1367 1355 ἀναφέρεσθαι,
1432 1285 1629 1355 μέχρις
1673 1284 1740 1338 ἂν
1767 1285 1820 1338 οί

232 1381 384 1448 παρᾶ
420 1380 525 1448 τῆς
554 1383 612 1434 ἐν
643 1379 850 1452 Νικαίᾳ
875 1380 1102 1452 πρώτης
1137 1380 1356 1443 συνόδου
1376 1379 1821 1450 προκομισθιῖωιν

232 1471 418 1531 αὐτοῖς
451 1469 699 1534 κανόνες,
735 1470 826 1522 ῐνα
849 1471 898 1521 εί
939 1469 1172 1531 ἐκείνοις
1201 1469 1314 1531 τοῖς
1347 1469 1594 1539 Πατράσι
1647 1467 1820 1522 ταῦτα

232 1559 431 1624 ἔδοξεν,
483 1559 629 1612 οὕτω
722 1559 962 1629 γίνηται.
1033 1559 1305 1625 Ἥξίωσαν
1360 1559 1416 1612 δὲ
1467 1559 1676 1629 γράψαι
1723 1558 1821 1612 καὶ

235 1649 372 1717 πρὸς
404 1649 498 1700 τὸν
567 1649 924 1718 Ἀντιοχείας,
966 1650 1059 1704 καὶ
1086 1649 1498 1720 Ἀλεξανδρείας
1546 1650 1640 1702 καὶ
1666 1651 1820 1703 Κων-

235 1739 751 1803 σταντινουπόλεως,
802 1741 1006 1793 στεῖλαι
1057 1741 1389 1804 αὐτοῖςτοὺς
1441 1743 1672 1803 κανόνας
1703 1745 1802 1810 τῆς

236 1836 290 1885 ιν
318 1833 528 1902 Notata.
561 1831 821 1891 συνόδου.
879 1833 966 1885 ἴνα
1037 1833 1555 1905 πληροφορηθῶσιν,
1609 1836 1659 1887 εί
1707 1837 1820 1900 τοῖς

237 1923 523 1992 Πατράσιν
553 1921 783 1982 ἐκείνοις
818 1921 1210 1974 κεκανόνισται
1240 1922 1301 1974 τὸ
1331 1922 1704 1993 ἀναφέρεσθαι
1725 1925 1823 1987 τὰς

238 2011 537 2080 ἐκκλήτους
564 2011 673 2063 τῶν
700 2009 1020 2064 ἐπισκόπων
1040 2013 1177 2081 πρὸς
1200 2012 1293 2065 τὸν
1340 2010 1574 2082 Ῥώμης
1597 2014 1826 2068 ἐπίσκο-

238 2120 353 2157 πον.
393 2104 588 2172 Ἡμεῖς
619 2102 752 2173 γὰρ,
783 2102 937 2171 φασὶ,
963 2102 1224 2167 πλείστας
1255 2106 1578 2172 ἀναγνόντες
1613 2105 1826 2175 βίϐλους

243 2195 592 2264 Ῥωμαῖκὰς,
648 2195 930 2257 τοιούτους
974 2194 1204 2258 κανόνας
1229 2197 1329 2268 οὐχ
1354 2197 1622 2266 εὕρομενυ
1657 2201 1824 2269 Γραι-

242 2288 330 2340 ιλιν
361 2287 420 2341 δέ
472 2286 703 2357 βιϐλίον,
771 2286 946 2356 ἧγουν
1005 2287 1334 2362 Ἑλληνικῆς
1389 2289 1694 2358 διαλέκτου,
1723 2293 1824 2363 οὐχ

243 2377 502 2446 ιῖιρομεν.

303 2469 528 2525 ΔΡΙΣΤ.
571 2489 591 2522 r
633 2468 915 2539 Οὖρϐανὺς
949 2469 1249 2534 ἐπίσκοπος
1292 2474 1517 2544 Σίκκης,
1567 2477 1615 2528 εί
1654 2475 1729 2545 μὴ
1756 2478 1827 2531 τὰ

316 2579 335 2612 ι
385 2561 676 2628 ὀφείλοντα
727 2560 1530 2635 διορθωθῆναιξδιορθώσεται,
1552 2567 1584 2639 ἢ
1608 2569 1828 2624 ἀποκοι-

311 2671 332 2704 r
368 2652 638 2720 νωνητέος
667 2651 842 2713 ἔσται,
873 2651 906 2720 ἢ
943 2652 1002 2704 ἐν
1041 2652 1235 2725 Ῥώμῃ
1267 2656 1518 2726 κλητέος.
1551 2679 1570 2711 ι

309 2743 426 2813 Πρὸ
451 2743 549 2795 τοῦ
609 2745 677 2796 τὰ
708 2743 1023 2813 ἀντίγραφα
1075 2748 1173 2816 τῆς
1221 2749 1278 2800 ὲν
1334 2748 1537 2822 Νικαίᾳ
1605 2754 1826 2808 συνόδου

247 2835 395 2904 παρά
451 2849 511 2885 τε
559 2833 656 2886 τοῦ
685 2833 844 2900 ἁγίου
885 2835 1158 2906 Κυρίλλου
1205 2838 1302 2891 τοῦ
1333 2841 1634 2896 ἐπισκόπου
1677 2845 1831 2898 Ἀλε-

245 2925 525 2996 ξανδρείας
581 2924 676 2977 καὶ
721 2925 818 2978 τοῦ
861 2926 1110 2980 ’Δττικοΰ
1164 2911 1259 2982 τοῦ
1310 2933 1831 2990 Κωνσταντινουπό-

245 3016 379 3077 λεως
416 3017 724 3070 ἐπισκόπου
746 3015 1008 3081 δέξασθαι
1041 3017 1237 3087 βέϐαια
1264 3021 1365 3091 τὴν
1415 3023 1476 3076 ἐν
1497 3026 1827 3098 Καρθαγένη

1925 723 2430 796 neret,induitum:
2461 737 2565 777 non
2607 722 2680 776 ita
2732 711 2916 774 tamen
2979 726 3036 770 ut
3063 714 3362 770 Ecclesiam
3418 719 3500 765 te-

1924 824 2102 884 neret,
2141 818 2194 871 in
2220 824 2515 887 quaautea
2541 815 2741 879 fuerat,
2785 813 2879 868 sed
2913 813 2964 866 in
3017 810 3174 864 aliam
3201 821 3501 877 quamcun-

1925 926 2031 981 que
2055 910 2340 973 voluisset,
2379 908 2576 963 abiret.
2608 907 2687 961 Ac
2711 905 2779 960 de
2804 920 2870 960 eo
2902 904 3140 975 synodus
3163 915 3315 970 papas
3364 898 3506 952 scri-

1927 1002 2035 1072 psit
2064 1017 2088 1055 :.
2121 1000 2375 1055 similiter
2399 1007 2450 1052 et
2475 998 2541 1052 de
2577 997 2665 1060 iis,
2690 1011 2812 1064 qua:
2846 992 3008 1064 legati
3043 991 3212 1044 Roma
3250 986 3401 1043 missi
3447 987 3504 1040 in

1928 1090 2200 1145 mandatis
2229 1088 2522 1151 habebant,
2563 1101 2684 1155 qua
2714 1084 2878 1140 etiam
2915 1080 3128 1152 singula
3159 1086 3504 1148 percensent,

1926 1191 1986 1237 et:
2013 1191 2324 1235 servaturos
2346 1193 2404 1235 se
2434 1178 2782 1247 pollicentur,
2816 1174 2946 1229 illud
2976 1173 3185 1228 scilicet
3216 1180 3276 1224 ut
3317 1168 3506 1238 appel-

1925 1273 2159 1327 lationes
2192 1272 2256 1324 ad
2283 1285 2404 1325 eum
2443 1267 2611 1331 ﬂant,
2649 1267 2822 1322 donec
2872 1267 2938 1318 ad
2990 1264 3139 1332 ipsos
3196 1262 3383 1332 prima:
3413 1257 3509 1312 Ni-

1926 1377 2090 1419 ozeuze
2116 1362 2304 1434 synodi
2329 1375 2570 1416 canones
2593 1359 2911 1422 aiferantur,
2966 1365 3023 1409 ut
3083 1354 3209 1408 huic
3269 1363 3508 1406 consue-

1929 1453 2124 1518 tudini,
2154 1455 2201 1507 sl
2237 1451 2425 1506 Patres
2475 1450 2550 1504 illi
2617 1451 2687 1503 ita
2748 1447 3082 1509 censuerint,
3131 1442 3508 1512 acquiescant.

1928 1543 2031 1599 Per
2053 1545 2265 1597 litteras
2297 1555 2516 1610 quoque
2549 1555 2672 1595 cum
2703 1530 3045 1592 Antiocheno
3065 1573 3080 1598 ,
3113 1530 3507 1592 Alexandrino,

1926 1629 2643 1698 Constantiuopolitanoque
2684 1627 2959 1695 episcopo,
2996 1625 3063 1677 de
3111 1618 3395 1675 mittendis
3438 1619 3510 1670 ad

1929 1724 2074 1793 ipsos
2103 1721 2335 1778 Niczenaa
2358 1719 2548 1793 synodi
2581 1716 2884 1773 canonibus
2907 1716 2991 1784 agi
3027 1712 3390 1782 postulavere,
3423 1717 3507 1772 ut,

1926 1833 1992 1873 an
2018 1817 2161 1872 inter
2188 1814 2338 1870 illius
2375 1809 2589 1867 concilii
2631 1811 2848 1864 decreta
2881 1809 2983 1862 hoc
3007 1819 3225 1876 quoque
3263 1808 3329 1856 de
3383 1815 3513 1872 pro-

1924 1908 2301 1965 vocationibus
2328 1906 2396 1960 ad
2430 1905 2738 1959 Romanum
2766 1903 3082 1969 episcopum
3116 1891 3506 1956 conecdeudis,

1925 2010 2128 2062 exstet,
2160 2007 2310 2054 certo
2368 2003 2575 2066 queant
2629 2005 2983 2063 cognoscere.
3051 1987 3162 2042 Nos
3205 1985 3374 2046 enim,
3429 1984 3511 2036 in—

1926 2095 2141 2163 quiunt,
2176 2091 2230 2144 in
2264 2087 2473 2144 Latinis
2524 2086 2706 2148 libris,
2742 2097 2974 2153 quorum
3012 2080 3198 2150 plures
3253 2076 3512 2146 legimus,

1927 2197 2192 2239 canonem
2236 2182 2386 2236 hunc
2449 2192 2792 2248 nequaquam
2833 2174 3110 2228 .invenire
3185 2169 3463 2239 potuimus
3490 2182 3512 2225 τ

1925 2276 2172 2332 Graecum
2238 2281 2420 2328 autem
2474 2267 2772 2338 exemplar,
2833 2269 2933 2321 hoc
2969 2274 3074 2330 est,
3127 2262 3319 2320 Graeco
3374 2264 3526 2318 idio—'

1928 2375 2074 2422 male
2099 2375 2404 2429 exaratum,
2448 2362 2654 2417 nullum
2715 2360 3003 2421 habemus.

1928 2457 2159 2516 ARIS'F.
2191 2477 2210 2510 ι
2237 2456 2490 2514 Urbanus
2540 2455 2827 2522 episcopus
2861 2453 3053 2516 Siccae,
3084 2451 3185 2504 nisi
3219 2462 3337 2518 quae
3379 2461 3407 2500 a
3439 2461 3508 2501 se

2003 2571 2024 2604 ι
2063 2551 2376 2620 corrigenda
2430 2555 2579 2611 sunt,
2621 2545 2945 2602 correxerit.
3003 2542 3086 2597 vel
3136 2539 3511 2595 excommuni-

2005 2663 2026 2696 ι
2062 2643 2269 2699 candus
2297 2650 2402 2704 est,
2432 2640 2515 2694 vel
2551 2637 2737 2692 Romae
2768 2635 3072 2690 citandus.»

2001 2737 2307 2800 Antequam
2365 2731 2480 2786 haec
2539 2725 2989 2796 Carthaginensis
3043 2726 3285 2795 synodus
3352 2722 3521 2776 ﬁrma

1930 2824 2380 2898 synodiNirteua:
2411 2820 2746 2888 exemplaria
2778 2834 2808 2872 a
2881 2826 3075 2873 sancto
3125 2815 3330 2887 Cyrillo
3396 2814 3529 2883 cpi--

1931 2930 2099 2985 scopo
2115 2913 2482 2967 Alexandrino
2510 2919 2565 2966 et
2584 2908 2766 2965 Attico
2815 2908 3076 2978 episcopo
3119 2905 3513 2960 Constantino-

1929 3008 2172 3077 politano
2209 3006 2526 3075 accepisset,
2583 3017 2850 3059 canonem
2903 3002 3096 3072 synodi
3143 2993 3522 3062 Sardicensis,

241 3107 464 3162 σύνοδον
513 3108 743 3178 ταύτην,
774 3106 869 3161 τὸν
925 3110 1028 3180 τῆς
1066 3112 1126 3165 ἐν
1189 3112 1428 3183 Σαρδικῇ
1467 3115 1689 3169 συνόδου
1720 3095 1827 3172 καλ

1941 3103 2000 3158 de
2024 3103 2406 3172 episcoporum
2443 3101 2510 3154 ad
2568 3097 2829 3153 Romamn
2875 3097 3132 3152 Ecclesiae
3191 3095 3509 3164 episcopum

245 3203 388 3264 νόνα,
425 3202 557 3269 περὶ
586 3200 698 3254 τῶν
728 3201 1012 3271 ἐκκλήτων
1058 3203 1171 3255 τῶν
1218 3204 1540 3258 ἐπισκόπων
1570 3203 1706 3277 πρὸς
1736 3210 1831 3264 τὸν

248 3292 340 3358 τῆς
376 3291 702 3359 Ῥωμαῖκῆς
758 3291 1092 3360 Ἐκκλησίας
1151 3292 1478 3358 ἐπίσκοπον,
1501 3293 1577 3357 ὡς
1628 3296 1831 3352 κανόνα

244 3383 344 3451 τῆς
377 3385 436 3434 ἐν
477 3382 682 3452 Νικαίᾳ
708 3383 931 3437 συνόδου
968 3384 1238 3454 ἐδέχοντο.
1294 3385 1403 3440 Καὶ
1432 3387 1520 3440 διὰ
1550 3386 1710 3441 τοῦτο
1737 3391 1833 3444 καὶ

245 3475 338 3527 τὸν
369 3475 678 3528 ἐπίσκοπον
709 3475 916 3546 Σίκκης
948 3477 1041 3531 τὸν
1085 3477 1370 3550 Οὐρϐανὸν
1399 3478 1631 3549 ὥρισαν,
1665 3482 1720 3533 εί
1754 3482 1856 3551 μη

246 3567 600 3636 διορθώσεται
637 3568 706 3622 τά
735 3567 1024 3636 ὀφείλοντα
1076 3571 1210 3639 παρ’
1235 3568 1402 3625 αὑτοῦ
1445 3571 1829 3642 διορθωθῆναι,

248 3660 279 3728 ἢ
327 3660 721 3728 ἀφωρισμένον
774 3655 936 3714 εῖναι·
983 3660 1017 3732 ἢ
1079 3663 1128 3714 εί
1183 3662 1484 3731 ἁμφιϐάλει
1552 3667 1680 3733 περὶ
1737 3665 1831 3719 τοῦ

250 3747 587 3817 όφορισμοῦ,
646 3749 1054 3819 μετακληθῆναι
1087 3752 1168 3812 el;
1209 3738 1452 3820 Ῥώμην,
1478 3752 1574 3805 καὶ
1605 3753 1675 3807 τὰ
1707 3755 1832 3827 περὶ

249 3839 441 3892 τούτου
481 3841 633 3910 παρὰ
662 3837 757 3892 τοῦ
782 3839 986 3893 πάππα
1015 3837 1398 3912 ἐξετασθῆναι.

327 3948 348 3982 r
395 3932 664 4000 ’Δρχεται
696 3930 766 3982 τὰ
797 3929 934 3999 πρὸς
962 3929 1062 3999 τὴν
1089 3932 1147 3984 ἐν
1170 3929 1403 4004 Ἀφρικῇ
1437 3935 1656 3990 σύνοδον
1685 3938 1836 3990 ἀντί-

257 4039 278 4072 σ
322 4039 514 4091 γραφα
540 4021 816 4091 Κυρίλλου
851 4019 948 4074 τοῦ
969 4021 1068 4090 τῆς
1090 4019 1491 4092 ’Δλεξανδρέων
1512 4028 1834 4082 ἐπισκόπουο

259 4132 278 4164 ι
326 4116 382 4164 ἐν
424 4107 509 4176 οἷς
562 4115 632 4166 τὰ
660 4111 954 4166 αὐθεντικά
991 4113 1090 4180 τῆς
1142 4115 1200 4167 ἐν
1221 4113 1430 4186 Notata
1478 4118 1699 4172 συνόδου
1726 4119 1836 4175 ἀπὸ

260 4223 278 4254 r
319 4203 574 4272 Γραικῶν
605 4201 1016 4272 μεταϐληθέντα
1041 4202 1129 4255 διὰ
1165 4203 1514 4259 Ἰννοκεντίου
1537 4207 1838 4276 πρεσϐυτέο

263 4315 280 4346 r
328 4311 424 4366 pou
454 4295 769 4348 ἐπέστειλεν
798 4291 892 4347 καὶ
907 4294 1033 4357 τοὺς
1052 4295 1305 4360 κανόνας,
1333 4297 1535 4362 αἵτινες
1558 4298 1838 4354 ἐπιστολαὶ

265 4405 284 4438 ι
326 4385 465 4455 μετὰ
493 4383 592 4454 τῆς
616 4385 674 4436 ἐν
693 4382 897 4454 Νικαία
932 4383 1177 4448 συνόδου,
1201 4384 1290 4439 διὰ
1311 4385 1407 4440 τοῦ
1432 4391 1837 4458 μνημονευθέν-

265 4496 282 4527 r
327 4493 420 4538 τος
492 4474 845 4529 Ἰννοκεντίου
906 4475 1286 4547 πρεσϐυτέρου
1343 4478 1440 4532 καὶ
1502 4480 1832 4551 Μαρκέλλου

265 4586 286 4619 ‹
330 4566 688 4620 ὑποδιακόνου
747 4568 848 4635 τῆς
893 4567 952 4618 ἐν
1007 4567 1315 4637 Καρχηδόνι
1379 4571 1698 4641 ἐκκλησίας,
1758 4574 1838 4647 τῷ

267 4679 284 4709 r
332 4659 623 4727 ἁγιωτάτῳ
681 4657 987 4727 Βονιφατίῳ
1026 4657 1315 4731 ἐπισκόπῳ
1350 4660 1480 4731 τῆς.
1522 4661 1838 4737 Ῥωμαῖκῆς

271 4767 289 4800 ι
347 4747 680 4818 Ἐκκλησίας
739 4749 806 4817 τῇ
871 4747 980 4818 πρὸ
1051 4745 1113 4813 ἐξ
1157 4749 1440 4804 καλανδῶν
1479 4752 1838 4825 Δεκεμϐρίων

268 4859 287 4890 ι
332 4839 747 4906 ἀπεστάλησαν.
798 4855 818 4889 ι

334 4948 352 4981 ι
397 4928 667 4999 Κύριλλος
721 4927 933 4997 κυρίοις
983 4928 1341 4998 τιμιωτάτοις
1390 4931 1486 4986 καὶ
1514 4933 1843 5000 ἁγιωτάτοις

269 5039 289 5073 ι
332 5022 581 5088 ἀδελφοῖς
609 5022 702 5073 καὶ
739 5021 1188 5085 συνεπισκόποις,
1213 5023 1492 5095 Αὐρηλίῳ,
1518 5023 1839 5095 Βαλεντίνῳ,

276 5132 292 5164 ι
334 5112 428 5165 καὶ
459 5111 609 5185 πάσῃ
652 5113 719 5182 τῇ
753 5113 811 5164 ἐν
849 5112 1160 5182 Καρχηδόνι
1186 5115 1638 5188 συναθροισθείσῃ
1672 5117 1844 5186 ἁγιω-

277 5221 293 5254 t
338 5205 475 5274 τάτῃ
507 5202 732 5269 συνόδῳ.
767 5201 1155 5271 Ἀσπαζόμεθα
1200 5205 1259 5258 έν
1301 5206 1494 5276 Κυρίῳ
1524 5204 1623 5276 τὴν
1647 5207 1844 5277 ὑμετέ-

279 5310 295 5342 t
344 5308 439 5361 ραν
489 5293 734 5358 ἀγάπην.
787 5291 870 5344 T&
907 5292 1197 5362 γραφέντα
1230 5295 1380 5364 παρὰ
1430 5296 1533 5365 τῆς
1571 5297 1845 5368 ὑμετέρας

277 5403 294 5434 t
337 5384 670 5453 τιμιότητος,
700 5383 908 5453 ’πολλὴν
931 5383 1124 5454 ἔχοντα
1154 5386 1473 5457 θρησκείαν,
1511 5389 1650 5458 μετὰ
1667 5389 1848 5459 πάσης

278 5493 295 5527 ι
341 5477 509 5545 χαρᾶς
538 5476 632 5528 διὰ
665 5473 762 5527 τοῦ
795 5477 988 5528 τέκνου
1020 5475 1178 5546 ἡμῶν
1203 5477 1557 5532 ἰννοκεντίου
1585 5479 1679 5532 τοῦ
1714 5497 1848 5550 πρε-

281 5585 297 5618 ι
347 5567 613 5638 σϐυτέρου
645 5565 936 5637 ἐδεξάμην.
988 5568 1209 5622 Τούτων
1240 5571 1298 5625 δὲ
1326 5573 1454 5640 παρ’
1486 5571 1643 5640 ἡμῶν
1698 5572 1850 5624 ἐλπισ-

281 5679 298 5710 r
344 5662 595 5726 σθέντων,
625 5663 769 5716 ὥστε
820 5664 885 5714 ἐκ
913 5661 1006 5715 τοῦ
1058 5663 1160 5732 τῆς
1225 5663 1499 5734 ἡμετέρας
1551 5664 1849 5734 ἐκκλησίας

281 5770 298 5805 t
343 5755 584 5824 σκρινίου
618 5753 691 5810 τὰ
742 5751 1082 5823 ἀληθέστατα
1150 5753 1239 5808 ίσα
1277 5755 1376 5826 τῆς
1413 5757 1470 5809 ἐν
1499 5757 1565 5827 τῇ
1599 5754 1847 5811 Νικαέων

1935 3191 2405 3263 appellationibus,
2441 3198 2776 3257 uttanquam
2825 3186 3013 3257 synodi
3064 3185 3293 3240 Nicaeae
3347 3198 3528 3237 cano-

1933 3298 2059 3338 nem
2083 3284 2437 3337 admiserunt.
2465 3281 2534 3335 Et
2558 3280 2761 3332 idcirco
2788 3277 2952 3332 etiam
2996 3275 3279 3335 Urbanum
3336 3275 3529 3330 Sicca:-

1933 3376 2248 3446 episcOpum
2282 3373 2664 3437 decreverunt,
2696 3372 2739 3424 sl
2789 3385 2897 3424 non
2933 3370 3250 3425 emendaret
3288 3382 3412 3437 qua
3443 3366 3522 3419 ab

1934 3481 2001 3523 eo
2033 3465 2310 3522 emendari
2351 3465 2673 3523 debuerunt,
2701 3471 2796 3516 aut
2826 3471 3169 3532 segregatum
3207 3475 3363 3524 esse;
3397 3466 3528 3521 aut,

1935 3559 2079 3614 side
2107 3556 2488 3628 segregatione
2546 3554 2777 3617 dubitet,
2820 3551 3048 3607 Romam
3103 3567 3228 3609 esse
3281 3569 3518 3608 etfucattr

1934 3651 2089 3716 dum,
2122 3660 2177 3705 et
2214 3647 2429 3718 negotia
2455 3662 2553 3702 sua
2583 3662 2611 3699 ιι
2641 3659 2778 3716 papa
2805 3646 3129 3701 examinari.

2019 3933 2038 3966 ι
2077 3913 2349 3983 Incipiunt
2381 3913 2648 3982 rescripta
2684 3911 2871 3984 Cyrilli
2894 3913 3239 3968 Alexandria;
3275 3913 3529 3984 episcopi-

1945 4022 1964 4058 ι
1995 4005 2062 4058 ad
2087 4002 2402 4058 Africanam
2438 4003 2701 4073 synodum
2724 4019 2737 4057 :
2762 4003 2816 4058 in
2846 4003 3042 4072 quibus
3077 4003 3388 4057 authentira
3423 4005 3534 4055 Ni-

1947 4115 1966 4149 ι
2001 4109 2166 4150 caena
2182 4094 2370 4166 synodi
2399 4109 2430 4148 e
2461 4092 2948 4149 Grzco'translata
2975 4109 3073 4164 per
3135 4094 3515 4150 innocentium

1947 4207 1966 4236 ι
1998 4189 2375 4260 presbyterum
2411 4187 2561 4244 misit
2595 4196 2652 4242 et
2698 4201 2969 4242 canones:
3003 4195 3122 4258 quae
3157 4188 3374 4258 quidem
3402 4187 3520 4256 epi-

1947 4299 1966 4332 r
1999 4280 2152 4335 stola
2186 4294 2306 4334 cum
2332 4280 2548 4334 Nicaeus
2595 4279 2825 4350 synodo,
2859 4293 2960 4348 per
3019 4289 3376 4334 memoratum
3434 4277 3520 4330 lu-

1947 4391 1966 4424 ι
1997 4372 2307 4427 nocentium
2328 4371 2701 4443 presbyterum
2724 4382 2776 4426 et
2796 4369 3110 4425 Marcellum
3132 4368 3518 4425 subitlaconum

1870 4448 1918 4506 Ῑ)
1951 4481 1970 4516 ι
2011 4463 2264 4519 Ecclesia!
2328 4461 2796 4532 Carthaginensis,
2848 4459 3195 4514 sanctissiqu
3245 4459 3526 4514 Bonifacio

1949 4574 1971 4610 ι
2004 4553 2262 4610 Romanae
2284 4553 2541 4610 Ecclesia:
2562 4554 2818 4621 episcopo
2848 4553 2915 4610 Α.
2963 4551 3028 4607 Ι).
3076 4558 3232 4607 sexto
3293 4548 3516 4604 calend.

1950 4663 1970 4699 ι
2008 4645 2323 4702 Decembris
2362 4645 2542 4700 missa
2593 4652 2740 4699 sunt.

2021 4952 2040 4985 r
2078 4929 2568 5000 Cyrinus-dominis
2603 4932 3093 4988 venerabilissimis
3146 4939 3203 4985 et
3235 4927 3526 4984 sanctissi-

1951 5044 1970 5074 ο
2002 5027 2106 5080 mis
2133 5023 2399 5078 fratribus
2428 5033 2484 5078 et
2505 5023 2865 5093 coepiscopis,
2925 5022 3166 5088 Aurelio,
3212 5021 3541 5096 Valentino,

1951 5135 1970 5170 ι
2007 5125 2060 5172 et
2091 5115 2358 5170 universae
2389 5113 2738 5169 sanctissime
2775 5113 2982 5184 synodo
3009 5113 3339 5184 Carthagine
3375 5129 3509 5170 con-

1953 5231 1971 5262 ι
2010 5217 2266 5280 gregatm.
2301 5207 2614 5262 Salutamus
2641 5206 2694 5260 iu
2725 5206 2954 5261 Domino
3005 5219 3237 5260 vestram
3285 5206 3530 5263 dilectio-

1954 5321 1972 5354 ι
2013 5316 2157 5357 nem.
2208 5300 2341 5366 Quae
2382 5314 2412 5353 a
2479 5307 2663 5353 vestra
2723 5300 3032 5352 reverentia
3097 5299 3297 5366 scripta
3360 5308 3532 5364 sunt,

1954 5411 1972 5444 ι
2012 5393 2236 5446 multam
2260 5392 2516 5460 pietatem
2565 5389 2918 5453 continentia,
2961 5403 3084 5443 cum
3129 5389 3274 5442 omni
3342 5389 3526 5443 latitia

1955 5505 1973 5537 ι
2011 5500 2106 5554 per
2127 5484 2293 5538 tilium
2334 5478 2973 5537 uostrumlnuocentium
3031 5482 3406 5552 presbyterum
3439 5497 3537 5536 su-

1931 5593 1974 5626 ·‹
2018 5576 2188 5643 scepi.
2213 5572 2348 5629 Cum
2386 5572 2499 5626 haec
2526 5581 2708 5625 autem
2744 5586 2772 5623 ιι
2803 5571 2958 5625 nobis
3023 5577 3238 5637 sperata
3299 5568 3524 5635 fuerint,

1960 5685 1976 5717 ι
2013 5682 2115 5720 nos
2148 5679 2213 5719 ex
2248 5661 2740 5718 nostrae‘Ecclcsitc
2777 5663 2977 5718 scrinio
3018 5663 3296 5716 verissima
3348 5677 3530 5716 exem-

1964 5778 1979 5810 ι
2017 5759 2183 5827 pluria
2219 5756 2542 5813 autltcnticac
2566 5755 2778 5823 synodi,
2813 5771 2932 5822 qua:
2959 5755 3142 5811 habita
3197 5752 3528 5811 fuitNicacze.
