4012 6484
507 375 609 441 1.39

1762 368 2035 434 THEOD.
2072 367 2471 428 BALSAMON

3629 351 3737 416 440

512 513 530 548 ι
564 492 856 562 Bitltynica:
883 485 1187 557 metropoli,
1220 499 1281 540 ea
1305 499 1423 553 quae
1470 496 1498 536 a
1555 481 1757 536 sanctis
1819 479 2069 533 Patribus

2244 481 2570 552 μητροπόλει
2596 481 2693 548 τῆς
2723 475 2978 538 Βιθυνίας
3033 468 3359 538 αὐθεντικῆς
3393 465 3636 528 συνόδου,
3667 464 3736 516 τὰ

511 604 528 635 ι
569 584 788 638 definita
821 589 870 634 et
895 576 1213 632 confirmata
1255 582 1402 639 sunt,
1437 572 1537 627 sub
1562 579 1759 624 nostra:
1788 569 1909 622 lldei
1938 582 2064 636 pro-

510 695 529 726 ι
566 673 820 734 fessione,
848 675 1038 721 vestrae
1071 665 1341 720 charitate
1366 664 1666 725 missuros;
1702 657 2064 712 necessarium

512 786 530 817 ι
567 763 719 824 duxi,
753 761 955 815 domini
999 758 1196 812 fratres
1229 760 1280 812 in
1307 757 1495 825 primis
1551 752 1918 816 venerabiles,
1981 765 2068 804 sa-

509 877 529 910 ι
564 859 820 910 lutatione
849 852 1203 921 praecedente,
1231 865 1327 919 per
1358 848 1602 903 eumdem
1632 844 1797 897 lilium
1827 849 2065 895 nostrum

513 965 530 998 ι
561 945 936 1002 Innocentium
971 942 1346 1011 presbyterum
1380 937 1694 992 fidelissima
1737 931 2068 1000 exemplaria

510 1056 526 1086 ι
563 1033 886 1089 authenticae
915 1031 1104 1100 synodi
1160 1028 1373 1094 Nicaeae,
1439 1040 1557 1094 quae
1617 1022 1882 1092 Bithynia:
1939 1020 2069 1072 urbs

512 1145 532 1180 ι
565 1136 666 1189 est,
697 1125 912 1187 habitae,
942 1131 1133 1176 vestra:
1163 1118 1416 1174 charitati
1441 1117 1700 1179 mittere;:
1734 1113 1874 1182 quod
1904 1111 2066 1164 etiam

515 1239 532 1269 ι
568 1220 619 1271 in
675 1215 1040 1269 ecclesiastica
1107 1211 1341 1265 Historia
1408 1217 1708 1276 quaerentes
1761 1202 2065 1257 iuvenietis.

514 1323 531 1352 ι
569 1304 638 1354 De
673 1301 877 1354 Pascha
936 1310 1139 1363 autem,
1204 1306 1264 1351 ιιι
1324 1295 1638 1363 scripsistis,
1692 1291 2070 1346 renuntiamus

516 1411 533 1441 ι
571 1391 738 1453 vobis,
773 1390 839 1444 A.
876 1389 936 1443 D.
960 1389 1190 1456 septimo
1221 1385 1431 1440 decimo
1465 1383 1568 1436 cal.
1597 1381 1762 1435 Maias
1812 1387 2070 1446 sequente

517 1503 535 1532 ι
570 1482 861 1535 indictione
891 1493 988 1532 uos
1019 1478 1412 1532 celebraturos.
1450 1473 1788 1540 Subscriptio
1820 1470 1996 1523 :Deus
2016 1478 2070 1522 et

523 1593 541 1623 ι
583 1573 842 1626 Dominus
876 1577 1059 1623 noster
1082 1577 1323 1622 sanctam
1377 1575 1613 1618 vestram
1671 1562 1936 1633 synodum
1979 1576 2072 1615 cu-

516 1683 534 1716 ι
564 1663 780 1718 stodiat.
807 1662 960 1726 Quod
990 1673 1229 1723 oramus,
1256 1654 1709 1712 venerabilissimi
1755 1653 1972 1707 fratres.
2008 1669 2027 1702 ι

513 1944 679 2016 674
718 1962 737 1995 ι
773 1943 964 2012 Incipit
999 1942 1227 2016 epistola
1261 1940 1420 2016 Attici
1442 1936 1662 2016 episcopi
1698 1934 2072 1990 Constantina-

951 2030 970 2063 ι
1008 2012 1228 2080 politani
1257 2011 1324 2062 ad
1355 2009 1578 2062 eosdem.
1603 2026 1620 2056 ι

589 2104 831 2160 Dominis
883 2101 1360 2157 venerabilissimis
1412 2105 1467 2153 et
1507 2095 1837 2151 beatissimis
1895 2093 2076 2147 fratri-

514 2200 614 2252 bus
644 2205 698 2250 et
730 2195 1080 2263 coepiscopis,
1117 2192 1360 2254 Aurelio,
1416 2189 1722 2248 Valentino,
1763 2197 1818 2241 et
1855 2186 2076 2253 reliquis

514 2288 602 2355 qui
640 2288 692 2341 in
721 2285 975 2340 Africana
1005 2283 1210 2355 synodo
1271 2289 1664 2344 convenerunt,
1695 2278 1903 2332 Atticus
1959 2275 2076 2345 epi-

515 2392 730 2446 scopus.

522 2491 540 2521 ι
570 2471 673 2524 Per
715 2469 879 2523 filium
909 2478 1150 2524 nostrum
1183 2467 1493 2522 Marcellum
1554 2467 1945 2522 subdiaconum
1977 2481 2075 2522 ve-

604 2569 846 2624 «strum,
876 2562 1086 2615 litteras
1142 2570 1332 2614 vestrae
1388 2559 1696 2613 dilectionis
1753 2572 1876 2612 cum
1929 2560 2076 2611 omni

610 2675 627 2704 ι
659 2655 844 2708 laetitia
876 2656 1081 2722 accepi,
1108 2652 1215 2707 Deo
1235 2652 1437 2721 gratias
1461 2663 1644 2720 agens,
1669 2651 1810 2717 quod
1831 2649 2080 2717 dignatus

609 2766 627 2797 ι
661 2762 777 2802 sum
810 2747 914 2801 frui
957 2754 1225 2799 tantorum
1289 2742 1514 2796 fratrum
1550 2740 1949 2796 benedictione.
1977 2739 2080 2793 Do-

615 2859 633 2888 ι
661 2839 789 2892 mini
823 2834 1124 2892 beatissimi
1182 2836 1396 2899 fratres,
1448 2830 1764 2899 scripsistis,
1800 2838 1858 2883 ut
1911 2829 2081 2882 veris-

602 2949 619 2979 ι
655 2930 821 2984 simos
841 2943 1096 2991 canones,
1138 2927 1228 2992 qui
1258 2924 1468 2987 Nicaeae,
1522 2938 1642 2992 quae
1681 2929 1764 2975 est
1815 2920 2079 2991 Bithyniae

602 3039 621 3069 ι
657 3019 992 3086 metropolis,
1055 3033 1083 3070 a
1136 3017 1390 3071 Patribus
1442 3014 1718 3069 constituti
1761 3021 1908 3080 sunt,
1959 3022 2083 3082 post

2175 594 2193 624 ι
2235 572 2384 640 παρά
2409 570 2517 623 τῶν
2542 569 2712 638 άγίων
2741 567 2998 635 Πατέρων
3020 559 3306 633 ὁρισθέντα
3356 557 3452 609 καὶ
3499 555 3738 622 βεϐαιω-

2173 682 2192 714 ι
2234 662 2390 716 θέντα
2448 661 2702 714 ὑποκάτω
2736 657 2838 722 τῆς
2877 652 3163 723 ὁμολογίας
3191 651 3290 718 τῆς
3319 644 3598 716 ἡμετέρας
3641 642 3736 694 πί-

2174 774 2192 804 ι
2241 769 2444 815 στεως,
2507 753 2572 820 τῇ
2628 747 2873 817 ὑμετέρᾳ
2926 744 3117 814 ἀγάπῃ
3169 741 3316 810 ἡμᾶς
3385 735 3740 790 ἀποστεῖλαι.

2176 866 2193 898 ι
2238 845 2529 911 ἀναγκαῖον
2561 840 2880 912 ἡγησάμην,
2925 836 3107 906 κύριοι
3130 833 3451 903 τιμιώτατοι
3491 828 3738 894 ἀδελφοὶ,

2175 956 2192 988 ι
2235 933 2528 1000 ἀσπασμοῦ
2576 927 3016 998 προηγουμένου,
3071 924 3159 976 διὰ
3210 921 3306 974 τοῦ
3337 917 3504 974 αὐτοῦ
3539 915 3738 967 τέκνου

2175 1047 2193 1080 ι
2231 1024 2386 1094 ἡμῶν
2425 1018 2772 1078 Ἰννοκεντίου
2799 1017 2892 1070 τοῦ
2936 1013 3311 1086 πρεσϐυτέρου
3342 1010 3412 1064 τά
3435 1007 3742 1062 πιστότατα

2175 1139 2192 1172 ι
2235 1121 2322 1171 ίσα
2347 1117 2416 1170 τὰ
2442 1116 2540 1185 τῆς
2570 1110 2896 1178 αὐθεντικῆς
2929 1109 3146 1162 συνόδου
3174 1105 3274 1172 τῆς
3300 1105 3357 1155 έν
3385 1104 3453 1171 τῇ
3483 1098 3742 1155 Νικαέων

2177 1230 2194 1261 ι
2239 1207 2390 1261 πόλει
2419 1209 2515 1277 τῆς
2567 1202 2819 1262 Βιθυνίας
2876 1200 3134 1270 ιχόμενα,
3188 1199 3254 1266 τῇ
3306 1193 3561 1262 ὑμετέρᾳ
3597 1191 3739 1242 ἁπο-

2179 1323 2197 1355 ι
2244 1300 2446 1354 στεῖλαι
2499 1299 2706 1366 ἀγάπῃο
2748 1295 2886 1363 ὅπερ
2938 1291 3033 1346 καὶ
3088 1291 3147 1342 ὲν
3204 1290 3270 1356 τῇ
3304 1282 3739 1353 ἐκκλησιαστικῇ

2177 1413 2195 1445 ι
2244 1390 2452 1461 ἱστορίᾳ.
2479 1388 2764 1458 ζητοῦντες
2800 1383 3081 1452 εὑρήσετε.
3121 1377 3256 1447 Περὶ
3288 1377 3348 1429 δὲ
3376 1374 3470 1428 τοῦ
3521 1375 3739 1442 Πάσχα.

2178 1502 2197 1535 ι
2238 1484 2311 1540 ώς
2342 1480 2642 1551 ἐγράψατε,
2701 1474 3109 1542 ἀναγγέλλομεν
3145 1471 3294 1540 ὑμῖν,
3349 1471 3414 1536 τῇ
3441 1466 3548 1536 πρὸ
3579 1467 3745 1517 δεκα-

2179 1593 2198 1626 ι
2235 1571 2370 1626 επτὰ
2426 1569 2701 1623 καλανδῶν
2753 1565 2949 1620 Μαίων
3005 1563 3153 1632 ἡμᾶς
3218 1558 3632 1616 ὲπιτελέσοντας
3673 1556 3745 1622 τῇ

2182 1687 2200 1720 ι
2247 1662 2686 1732 ὑπεισερχομένῃ
2715 1655 3026 1711 ἱνδικτιῶνι.
3068 1655 3130 1706 Ἥ
3160 1649 3482 1719 ὑπογραφὴ·
3524 1647 3584 1697 '0
3609 1643 3746 1704 Θεὸς

2181 1777 2199 1810 ι
2239 1758 2366 1812 καὶὸ
2379 1756 2580 1824 Κύριος
2600 1753 2753 1821 ἡμῶν
2769 1751 2868 1821 τὴν
2885 1746 3044 1816 άγίαν
3062 1745 3216 1814 ὑμῶν
3239 1741 3457 1796 σύνοδον
3481 1735 3740 1806 φυλάξοι,

2184 1870 2202 1902 ι
2247 1849 2382 1917 ὅπερ
2415 1844 2708 1916 εὐχόμεθα,
2756 1840 3073 1911 τιμιώτατοι
3096 1834 3335 1901 ἀδελφοί.
3372 1851 3390 1882 ι

2178 1966 2451 2031 Ἀρχεται
2507 1961 2545 2025 ἡ
2585 1954 2880 2031 ἐπιστοᾼῂ
2949 1948 3214 2031 Ἀττικοῦ
3241 1946 3348 2031 τοῦ
3394 1939 3742 2028 ἐπισκόπου

2283 2011 2979 2085 ίίωκονταῖοτινουπόλεως
3016 2020 3166 2087 πρὸς
3218 2015 3363 2078 τοὺς
3389 2011 3636 2072 αὐτούς.

2243 2120 2365 2179 Τοῖς
2425 2117 2636 2188 κυρίοις
2701 2112 3064 2180 τιμιωτάτοις
3140 2107 3232 2159 καὶ
3296 2096 3749 2171 μακαριωτάτοις

2177 2211 2424 2278 ἀδελφοῖς
2474 2209 2572 2262 καὶ
2619 2203 3059 2262 συνεπισκόποις,
3111 2195 3395 2266 Δύρηλίῳ,
3438 2189 3750 2258 Βαλεντίνῳ

2178 2303 2271 2358 καί
2313 2303 2426 2362 τοῖς
2485 2299 2693 2358 λοιποῖς
2745 2296 2858 2357 τοῖς
2919 2294 2975 2344 ὲν
3017 2291 3083 2360 τῇ
3127 2287 3361 2355 Ἀφρικῇ
3396 2280 3750 2335 συνελθοῦσιν

2181 2394 2401 2461 συνόδῳ,
2454 2389 2700 2449 Ἀττικὸς
2728 2386 3047 2444 ἐπίσκοπος.

2186 2504 2204 2536 ι
2247 2457 2363 2535 Διά-
2393 2480 2486 2533 τοῦ
2541 2479 2731 2532 τέκνου
2759 2472 2918 2541 ἡμῶν
2942 2465 3286 2538 Μαρκέλλου,
3321 2462 3416 2515 τοῦ
3457 2457 3757 2514 ὑποδιακό-

2255 2594 2274 2625 ι
2315 2589 2407 2626 νου
2466 2570 2640 2639 ὑμῶν,
2702 2565 3006 2636 γράμματα
3060 2560 3156 2629 τῆς
3197 2555 3468 2626 ὑμετέρας
3511 2552 3758 2618 -άγάπης

2257 2684 2275 2716 ι
2325 2663 2461 2733 μετὰ
2500 2663 2679 2728 πάσης
2729 2651 3080 2726 εὐχαριστίας
3111 2650 3407 2717 ἐδεξάμην,
3443 2645 3524 2713 τῷ
3556 2642 3758 2712 Κυρίῳ

2257 2775 2276 2808 ι
2319 2729 2675 2821 εὐχαριστῶν,
2725 2749 2806 2800 δτι
2857 2741 3098 2812 ἠξιώθην
3169 2737 3440 2790 τοσούτων
3500 2729 3760 2797 ἀδελφῶν

2259 2863 2277 2894 ι
2320 2820 2568 2908 εὐλογίας
2636 2832 2962 2899 ἀπολαῦσαι,
3054 2827 3251 2897 Κύριοι
3338 2820 3760 2892 μακαριώτατοι

2256 2953 2276 2986 ι
2318 2931 2558 3000 ἀδελφοὶ,
2621 2925 2934 2996 ἐγράψατε,
3003 2920 3089 2972 ἵνα
3157 2919 3282 2978 τοὺς
3347 2911 3760 2979 ἀληθεστάτους

2259 3041 2277 3073 ι
2318 3021 2569 3081 κανόνας,
2623 3018 2748 3078 τοὺς
2780 3017 2836 3067 ὲν
2870 3015 2934 3081 τῇ
2984 3008 3234 3062 Νικαέων
3275 3002 3606 3074 μητροπόλει
3655 3000 3761 3067 τῆς

608 3132 627 3162 ι
659 3110 780 3164 fidei
816 3109 1210 3177 expositionem
1267 3106 1498 3159 mittam.
1545 3106 1611 3159 Et
1651 3103 1774 3172 quis
1833 3113 1936 3164 est,
1989 3103 2074 3172 qui

2265 3131 2282 3163 ι
2325 3108 2576 3170 Βιθυνίας
2605 3104 2756 3174 παρὰ
2811 3102 2919 3154 τῶν
2950 3098 3214 3166 Πατέρων
3245 3094 3586 3164 ὀρισθέντας,
3619 3088 3763 3156 μετὰ

604 3223 623 3254 ι
653 3217 990 3256 communem
1017 3199 1175 3254 ﬁdem
1206 3206 1260 3250 et
1286 3199 1500 3250 decreta
1526 3211 1554 3249 a
1593 3195 1847 3248 Patribus
1880 3195 2082 3247 consti-

598 3305 784 3357 ctuta,
848 3293 1078 3364 propriis
1124 3291 1380 3346 fratribus
1448 3288 1716 3355 deneget?
1771 3286 1925 3340 Unde
1987 3300 2084 3352 per

603 3407 624 3439 ι
654 3388 904 3442 eumdem
932 3385 1103 3437 filium
1141 3391 1382 3435 nostrum
1421 3377 1737 3430 Marcellum
1798 3373 2084 3429 subdiaco-

610 3499 626 3528 ι
660 3493 786 3532 num
819 3487 1060 3529 vesnum
1091 3471 1248 3526 valde
1305 3469 1672 3528 festinantem,
1727 3467 2084 3532 quemadmo-

607 3590 625 3620 ι
657 3570 780 3623 dum
818 3581 1051 3621 canones
1081 3562 1271 3618 Nicmm
1298 3577 1326 3614 a
1378 3560 1628 3612 Patribus
1685 3556 1889 3610 definiti
1937 3562 2083 3618 sunt,

612 3677 628 3709 ι
665 3659 895 3724 integre,
952 3663 1009 3708 ut
1039 3652 1306 3722 iussistis,
1373 3649 1532 3711 misi;
1599 3659 1797 3714 rogans
1849 3651 2084 3697 vestram

607 3756 901 3803 «sanctam
968 3745 1272 3812 synodum,
1349 3749 1407 3794 ut
1472 3754 1567 3807 pro
1633 3751 1719 3791 me
1793 3735 2085 3805 plurimum

610 3859 628 3892 ι
665 3852 823 3894 orare
854 3836 1127 3906 dignetur.
1161 3833 1501 3898 Subscriptio
1535 3847 1549 3884 :
1588 3827 1842 3882 Dominus
1903 3833 2088 3879 noster

605 3950 623 3983 ι
665 3929 931 3985 custodiat
966 3935 1200 3980 vestram
1233 3923 1596 3984 sanctitatem,
1636 3918 1779 3989 quod
1831 3929 2071 3982 oramus,

611 4038 632 4074 ι
663 4017 989 4076 sanctissimi
1011 4015 1237 4070 fratres.
1283 4031 1300 4063 ι

604 4330 624 4362 ‹
656 4309 924 4378 lncipiunt
978 4300 1306 4371 exemplaria
1374 4297 1605 4351 Nicaenae
1662 4290 1854 4361 synodi
1912 4290 1977 4344 A.
2012 4288 2076 4342 D.

533 4427 551 4458 ι
591 4412 742 4459 sexto
773 4397 1027 4453 calendas
1055 4390 1388 4454 Decembris,
1423 4395 1544 4456 post
1574 4384 1916 4439 consulatum
1966 4380 2080 4434 cla-

2264 3222 2281 3252 ι
2319 3201 2416 3269 τὴν
2464 3199 2700 3261 πίστεως
2734 3194 2950 3246 ἔκθεσιν
2995 3187 3323 3253 ἀποστείλω.
3361 3182 3576 3242 Καὶτίς
3605 3182 3762 3232 ἑστιν

2263 3312 2280 3343 ι
2322 3292 2349 3344 δ
2385 3288 2486 3360 τὴν
2517 3287 2703 3354 κοινὴν
2732 3284 2937 3340 πίστιν,
2995 3280 3090 3330 καὶ
3138 3279 3265 3338 τοὺς
3296 3277 3455 3343 ὅρους
3493 3275 3621 3332 τοὺς
3651 3269 3765 3322 ἀπὸ

2263 3403 2280 3434 ι
2320 3382 2427 3434 τῶν
2473 3380 2732 3445 Πατέρων
2787 3369 3204 3442 βεδαιωθέντας,
3263 3368 3376 3427 τοῖς
3430 3364 3580 3423 ίδίοις
3607 3360 3764 3412 ἀδελ-

2263 3492 2282 3524 ι
2328 3474 2447 3540 φοῖς
2485 3467 2855 3539 ἀρνούμενος;
2894 3461 3059 3514 Ὅθεν
3085 3459 3173 3511 διὰ
3227 3455 3319 3508 τοῦ
3348 3453 3513 3508 αὐτοῦ
3562 3452 3765 3503 τέκνου

2266 3583 2284 3614 ι
2328 3560 2486 3630 ἡμῶν
2515 3555 2837 3627 Μαρκέλλου
2888 3551 2982 3604 τοῦ
3019 3548 3380 3604 ὑποδιακόνου
3425 3545 3582 3615 ὐμῶν
3612 3545 3764 3596 πάνυ

2267 3672 2284 3704 ι
2332 3650 2672 3711 σπεύδοντος,
2706 3644 2888 3706 καθὼς
2927 3643 2975 3695 οἱ
3013 3645 3068 3693 ὲν
3107 3638 3314 3709 Νικαίᾳ
3367 3637 3474 3690 ἀπὸ
3507 3635 3618 3687 τῶν
3643 3635 3767 3689 Πα-

2264 3767 2282 3800 ι
2325 3747 2497 3813 τέρων
2559 3741 2875 3812 ώρίσθησαν
2925 3736 3168 3797 κανόνες,
3235 3734 3293 3785 ὲν
3345 3729 3647 3797 ὁλοκλήρῳ,
3687 3725 3767 3790 ὡς

2265 3857 2283 3889 ι
2328 3836 2669 3897 ἐκελεύσατε,
2733 3827 3053 3891 ἀπέστειλα,
3113 3822 3284 3878 αἰτῶν
3342 3821 3442 3895 τὴν
3483 3820 3769 3886 ὑμετέραν

2266 3947 2284 3980 ι
2328 3926 2487 3994 ἁγίαν
2539 3924 2755 3977 σύνοδον
2810 3921 2951 3988 ὑπὲρ
3003 3915 3138 3985 ἐμοῦ
3201 3913 3459 3968 πλείστας
3501 3908 3770 3973 εὐξασθαι

2266 4039 2285 4072 ι
2325 4017 2686 4083 καταξιῶσαι.
2733 4012 2794 4065 Ἦ
2851 4007 3143 4078 ὐπογραφή
3171 4022 3186 4038 ·
3229 4005 3288 4057 ’0
3355 4001 3560 4070 Κύριος
3602 3998 3771 4066 ἡμῶν

2266 4130 2284 4162 ι
2330 4109 2557 4178 φυλάξοι
2600 4107 2698 4174 τὴν
2729 4101 3002 4172 ὑμετέραν
3036 4093 3373 4166 ἁγιωσύνην,
3422 4091 3561 4160 ὅπερ
3609 4089 3770 4159 εὐχό-

2266 4221 2284 4252 ι
2330 4201 2485 4270 μεθα,
2519 4197 2812 4266 ἁγιώτατοι
2843 4191 3081 4258 ἀδελφοί.
3123 4207 3142 4240 ι

2265 4313 2283 4345 ι
2330 4294 2589 4362 ’Δρχεται
2619 4288 2688 4340 τὰ
2725 4287 2814 4338 ίσα
2841 4285 2938 4351 τῆς
2964 4283 3021 4333 έν
3050 4277 3257 4346 Νικαίᾳ
3289 4273 3508 4326 συνόδου
3541 4271 3610 4324 τὰ
3633 4272 3772 4324 ἁπο-

2201 4403 2217 4434 ι
2267 4381 2527 4435 σταλέντα
2571 4380 2636 4447 τῇ
2683 4376 2788 4444 πρὸ
2821 4373 2877 4438 ἒξ
2901 4368 3182 4424 καλανδῶν
3222 4363 3591 4433 Δεκεμϐρίων,
3629 4362 3772 4430 μετὰ

533 4520 550 4549 ι
587 4495 919 4550 rissimorum
944 4489 1356 4556 imperatorum,
1394 4478 1612 4533 Honorii
1644 4475 1739 4530 Xll
1800 4485 1855 4530 et
1899 4465 2074 4526 Theo-

2202 4493 2218 4523 ι
2262 4471 2358 4541 τὴν
2374 4468 2634 4521 ὑπατείαν
2660 4465 2766 4518 τῶν
2789 4460 3143 4526 ἐνδοξοτάτων
3169 4457 3458 4526 βασιλέων,
3495 4453 3768 4519 Ὀνωρίου

539 4607 556 4637 ι
593 4585 727 4639 dosii
760 4581 1274 4647 lX,Augustorum,
1340 4568 1615 4623 Bonifacio
1670 4565 1914 4618 Romano
1970 4561 2087 4629 epi—

540 4699 557 4729 ι
606 4689 773 4743 scopo
801 4672 987 4726 missa.
1013 4667 1299 4723 Credimus
1323 4663 1373 4715 in
1435 4674 1598 4714 unum
1635 4657 1801 4711 Deum
1821 4655 2034 4708 Patrem
2070 4669 2084 4716 ;

537 4791 554 4818 ι
601 4781 654 4823 et
683 4766 940 4831 deinceps
969 4768 1212 4815 sanctum
1250 4754 1553 4825 symbolum
1600 4757 1660 4802 ut
1692 4750 1749 4803 in
1784 4749 1955 4818 prima
2007 4761 2091 4814 sy-

538 4883 553 4914 ι
596 4862 734 4915 nodo
766 4857 1025 4923 scriptum
1073 4859 1213 4904 est.»

603 5035 855 5091 ZONAR.
883 5033 1016 5084 Huic
1048 5027 1294 5099 symbolo
1350 5023 1493 5084 fidei,
1541 5022 1705 5075 etiam
1754 5015 2087 5085 exemplaria

538 5129 914 5184 definitionum
959 5120 1158 5175 Nicaani
1193 5115 1405 5171 concilii
1434 5129 1501 5167 ex
1550 5109 1862 5164 memoratis
1913 5121 2094 5160 sacer-

540 5221 757 5275 dotibus
785 5216 1038 5283 adjuncta
1099 5218 1244 5273 sunt,
1312 5217 1374 5262 ιιι
1427 5205 1673 5274 superius
1731 5203 1785 5256 in
1839 5199 2090 5253 omnibus

537 5313 918 5367 continentur:
959 5319 1075 5372 quae
1108 5317 1206 5355 nos
1237 5315 1378 5353 nunc
1431 5311 1649 5351 rursum
1713 5293 1900 5348 eadem
1953 5295 2092 5344 scrl-

540 5398 713 5453 bcnda
753 5409 871 5448 esse
895 5404 1117 5446 necesse
1145 5405 1251 5442 non
1277 5387 1609 5455 putavimus.

856 5570 1124 5633 Rescripta
1168 5565 1356 5634 Cyrilli
1419 5562 1777 5617 Alexandria.

543 5663 762 5719 ARIST.
806 5681 822 5712 ι
854 5660 1310 5726 Quemadmodum
1359 5657 1424 5710 ad
1467 5671 1565 5709 nos
1619 5653 1946 5722 scripsistis;
2000 5666 2097 5705 nos

615 5772 633 5804 ι
675 5755 925 5807 fidissima
968 5749 1297 5808 exemplaria
1327 5747 1649 5801 atttltenticae
1670 5744 1858 5810 synodi
1880 5743 2091 5809 Nicmm,

2200 4584 2218 4616 ι
2264 4563 2324 4616 τδ
2371 4562 2709 4620 δωδέκατον,
2762 4556 2855 4608 καὶ
2907 4551 3188 4605 Θεοδοσίου
3236 4549 3297 4600 τὸ
3351 4546 3595 4606 ἔννατον,
3657 4543 3774 4595 τῶν

2200 4675 2217 4706 ι
2265 4653 2610 4721 Δύγούστων,
2659 4645 2963 4713 Βονιφατίῳ
3022 4641 3100 4711 τῷ
3169 4637 3458 4705 ἑπισκόπῳ
3520 4633 3774 4702 Ῥώμης.

2199 4767 2217 4800 ι
2264 4743 2601 4812 Πιστεύομεν
2652 4741 2731 4801 είς
2779 4739 2877 4791 ἕνα
2920 4734 3053 4788 Θεὸν
3108 4732 3350 4798 Πατέρα⁹
3403 4729 3501 4780 καὶ
3564 4725 3774 4792 ἐφεξῆς

2203 4859 2220 4890 ι
2266 4839 2324 4890 τὸ
2379 4838 2534 4902 ἅγιον
2594 4830 2886 4900 σύμϐολον,
2952 4827 3026 4887 ὡς
3083 4824 3146 4875 ὲν
3201 4824 3266 4891 τῇ
3327 4819 3523 4890 πρώτῃ
3565 4817 3775 4886 συνόδῳ

2200 4948 2220 4980 ι
2267 4928 2503 4996 ἐγράφη.
2543 4944 2562 4975 ι

2268 4993 2512 5068 ZDNAP.
2543 5010 2633 5077 Τῷ
2661 5007 2887 5076 παρόντι
2927 5002 3180 5071 σὺμὸόλῳ
3220 4999 3319 5067 τῆς
3375 4996 3638 5058 πίστεως,
3673 4993 3774 5044 καὶ

2195 5109 2264 5160 τά
2287 5107 2377 5158 ἴσα
2408 5104 2516 5157 τῶν
2542 5103 2686 5170 ὅρων
2733 5100 2831 5167 τῆς
2887 5095 3061 5162 αὐτῆς
3085 5095 3145 5145 έν
3202 5089 3410 5158 Νικαίᾳ
3443 5086 3668 5139 συνόδου
3708 5087 3774 5136 ὲγ

2196 5198 2304 5249 τῶν
2333 5190 2819 5263 μνημονευθέντων
2885 5186 3077 5255 ἱερέων
3133 5178 3638 5251 προσεξεύχθησαν,
3696 5176 3774 5236 ὡς

2197 5286 2453 5353 ἀνωτέρω
2480 5285 2536 5335 ὲν
2564 5284 2696 5334 πᾶσι
2762 5279 3129 5348 περιέχονται·
3165 5275 3310 5340 ἆπερ
3343 5272 3503 5338 ἡμεῖς
3527 5266 3774 5319 ἐνταῦθα

2200 5376 2363 5428 πάλιν
2407 5372 2475 5424 τὰ
2536 5371 2675 5426 αὐτὰ
2730 5367 3008 5437 γραφῆναι
3061 5362 3359 5429 ἀναγκαῖον
3409 5358 3506 5424 οὐχ
3561 5353 3773 5424 ἡγησάσ

2201 5467 2359 5536 μεθα.

2390 5555 2743 5622 Ἀντίγραφα
2764 5539 3560 5616 ΚυρίλλουἈλεξανδρείας.

2198 5649 2415 5704 ΑΡΙΣΤ.
2483 5665 2501 5698 ι
2563 5647 2755 5706 Καθὼς
2826 5645 2956 5712 ἡμῖν
3010 5637 3308 5708 ἐγράψατε,
3342 5631 3410 5683 τὰ
3471 5629 3773 5682 πιστότατα

2284 5760 2300 5792 ι
2348 5741 2435 5793 ἴσα
2496 5740 2594 5803 ﬁt”;
2657 5732 2979 5794 αὐθεντικῆς
3031 5728 3248 5783 συνόδου
3277 5725 3376 5790 τῆς
3406 5725 3463 5776 ἐν
3520 5722 3775 5776 Νικαέων
