4012 6434
201 343 294 410 αἱ
1159 349 1243 410 ΙΝ
1267 350 1434 409 CAN.
1472 348 1728 414 CXXXV
1763 348 1976 412 CONC.
2009 351 2386 416 CARTHAG.
3339 361 3446 418 H2

273 481 290 511 ε
334 460 486 512 πόλει
541 459 637 529 τῆς
683 459 958 524 Βιθυνίας,
999 464 1065 533 τῇ
1124 462 1369 535 ὑμετέρᾳ
1413 463 1607 535 ἀγάπῃ
1638 463 1773 516 ἀπε·
1799 461 1850 519 Δ

1955 480 1973 513 ε
2010 479 2128 532 quae
2162 465 2430 537 Bithynia:
2461 467 2591 522 urbs
2623 475 2730 532 est,
2761 467 2978 532 habitae,
3013 477 3212 523 vestra:
3271 467 3447 523 chari-

268 568 288 599 ς
336 567 424 602 στε
437 551 647 618 ἱλαμεν.
683 569 702 602 t

1955 571 1974 605 ι
2006 556 2100 609 tali
2131 558 2396 611 misimus.
2424 576 2441 610 t

465 642 731 697 Ἀττικοῦ
776 647 1502 712 Κωνσταντιγουπόλεως.

1441 666 1502 712 ις.
2304 649 2471 702 Attici
2524 649 3025 718 Constantinopolis.

210 751 224 781 ι
267 733 330 784 Ol
378 735 476 800 τῆς
538 735 596 787 ἐν
648 734 850 804 Νικαία
907 737 1152 802 κανόνες,
1213 737 1394 802 καθὼς
1448 740 1597 807 ποιρά
1663 735 1774 792 τῶν

1885 755 1904 789 t
1949 737 2150 808 Synodi
2185 740 2420 795 Nictente
2465 756 2722 807 canones,
2777 741 3234 812 quemadmodum
3290 756 3318 793 a
3353 738 3443 793 Pa-

273 845 291 876 r
345 827 603 897 Πατέρων
659 827 1001 898 ὡρίσθησαν,
1059 831 1464 900 ἀπεστάλησαν,
1500 832 1576 896 ὡς
1604 833 1771 902 ἐγρά-

1957 848 1977 882 ‹
2013 831 2185 893 tribus
2210 833 2410 891 decreti
2436 842 2581 899 sunt,
2611 837 2917 901 mittuntur,
2953 842 3011 889 ut
3041 835 3358 903 scripsistis.

270 936 290 967 ‹
332 917 492 986 ψατε.

206 1028 218 1059 ι
273 1008 612 1076 Πιστεύομεν
648 1012 730 1071 εἰς
761 1011 857 1064 ἕνα
888 1013 1041 1076 Θεδν,
1078 1013 1300 1083 Πατέρα
1329 1016 1768 1084 παντοκράτορα,

1881 1030 1900 1064 ι
1936 1010 2222 1068 Credimus
2253 1011 2306 1064 in
2338 1026 2505 1066 unum
2532 1011 2723 1074 Deum,
2753 1012 2969 1066 Patrem
3002 1012 3450 1079 omnipotentem,

272 1118 293 1151 r
332 1100 543 1168 ὁρατῶν
561 1118 619 1152 τε
645 1102 739 1154 καὶ
762 1103 1011 1174 ἀοράτων
1035 1105 1284 1174 ποιητήν⁸
1309 1103 1496 1167 καὶείς
1527 1106 1620 1158 ἕνα
1654 1106 1768 1160 Κύ-

1968 1121 1987 1154 σ
2026 1103 2316 1156 visibilium
2351 1103 2556 1170 pariter
2588 1112 2642 1156 et
2701 1103 3052 1157 invisibilinm
3089 1102 3406 1156 Creatorem
3436 1119 3449 1154 :

272 1210 292 1242 ι
334 1208 444 1260 ριον
461 1192 666 1261 Ἰησοῦν
678 1195 1028 1265 Χριστὸν,τδν
1046 1198 1174 1250 Υιδν
1189 1196 1280 1249 τοῦ
1292 1195 1427 1249 Θεοῦ
1441 1199 1769 1267 γεννηθέντα

1967 1215 1985 1247 ε
2022 1205 2075 1248 et
2111 1197 2162 1249 in
2196 1211 2358 1249 unum
2390 1196 2674 1249 Dominum
2700 1194 2887 1249 Jesum
2922 1195 3226 1260 Christum,
3249 1193 3448 1248 Filium

273 1301 290 1333 ι
335 1285 396 1336 ὲκ
425 1283 517 1337 τοῦ
545 1287 749 1357 lla-epla;
772 1291 1057 1359 μονογενῆ,
1081 1291 1360 1343 τουτέστιν
1378 1291 1442 1342 ἐκ
1459 1290 1560 1358 τῆς
1583 1290 1768 1354 οὐσίας

1958 1306 1976 1340 ι
2013 1287 2127 1351 Dei,
2171 1297 2356 1341 natum
2389 1303 2452 1340 ex
2483 1287 2642 1341 Patre
2690 1287 3058 1356 unigenitum,
3111 1287 3217 1342 hoc
3275 1297 3360 1342 est
3422 1300 3451 1338 e

271 1393 290 1425 ‹
335 1376 430 1428 τοῦ
473 1378 714 1448 Πατρῦς,
753 1381 885 1433 Θεὸν
931 1384 993 1434 ὲκ
1022 1381 1178 1444 Θεοῦ,
1212 1381 1328 1450 φῶς
1351 1384 1415 1436 ἐκ
1437 1383 1770 1450 φωτὸς,Θεον

1968 1397 1986 1429 ι
2026 1379 2332 1434 substantia
2378 1377 2577 1442 Patris,
2633 1377 2804 1433 Deum
2855 1393 2919 1432 ex
2983 1377 3116 1442 Deo,
3147 1378 3330 1429 lumen
3387 1391 3452 1430 ex

266 1483 284 1512 α
334 1466 594 1534 ἀληθινὸν
619 1469 684 1522 ἐκ
707 1469 845 1523 Θεοῦ
863 1471 1139 1540 ἀληθινοῦ·
1159 1472 1511 1540 γεννηθέντα,
1536 1473 1597 1525 ού
1618 1490 1772 1542 ποιη-

1966 1470 2244 1532 «lumine,
2279 1469 2446 1524 Deum
2493 1484 2684 1523 verum
2729 1485 2794 1523 ex
2843 1467 2954 1523 Deo
3002 1483 3156 1532 vero,
3209 1464 3454 1534 genitum

267 1575 284 1606 ι
333 1555 517 1610 θέντα·
576 1561 860 1629 ὀμοούσιον
906 1562 983 1630 τῷ
1034 1563 1234 1632 Πατρίυ
1284 1562 1352 1615 δι’
1397 1558 1457 1618 οὗ
1500 1566 1569 1617 τά
1598 1565 1772 1618 πάντα

1961 1580 1979 1612 ο
2010 1576 2113 1614 non
2171 1559 2395 1624 factum,
2431 1559 2944 1614 consubstantialem
2974 1559 3147 1618 Patri.
3172 1572 3268 1625 per
3293 1570 3453 1624 quem

271 1666 290 1698 ‹
335 1649 577 1715 ἐγένετο·
605 1650 698 1703 τὸν
742 1651 810 1703 δι’
841 1654 990 1723 ἡμᾶς
1033 1653 1125 1706 καὶ
1155 1653 1254 1724 τὴν
1286 1656 1564 1726 ἡμετέραν
1594 1673 1772 1725 σωτη-

1951 1671 1970 1702 ι
2004 1651 2186 1706 omnia
2219 1651 2359 1705 faeta
2397 1660 2563 1710 sunt;
2603 1651 2695 1720 qui
2719 1660 2942 1720 propter
2969 1666 3091 1716 nos,
3125 1659 3181 1704 et
3207 1657 3449 1703 nostram

274 1759 292 1791 ι
335 1741 460 1810 ρίαν
499 1741 856 1806 κατελθόντα,
910 1745 1286 1814 σαρκωθέντα,
1338 1748 1432 1800 καὶ
1501 1749 1772 1818 ινανθρω-
1802 1784 1844 1840 Β

1961 1762 1980 1795 ι
2011 1744 2266 1807 salutem,
2323 1742 2628 1805 descendit,
2684 1743 3000 1795 incarnatus
3045 1749 3151 1806 est,
3182 1748 3238 1794 et
3292 1739 3455 1792 homo

273 1847 291 1880 ι
331 1831 607 1898 πήσαντα,
662 1831 926 1898 παθόντα,
978 1835 1308 1898 ἀναστάντα,
1344 1837 1439 1888 καὶ
1476 1837 1770 1890 ἀνελθόντα
1802 1829 1843 1840 ”

1962 1857 1980 1889 ι
2023 1837 2219 1902 factus,
2258 1850 2452 1905 passus
2484 1843 2589 1896 est,
2626 1833 2954 1896 resurrexit,
2990 1841 3044 1887 et
3101 1833 3350 1885 ascendit
3395 1829 3451 1884 in

268 1938 286 1970 r
329 1921 409 1979 είς
439 1920 565 1982 τοὺς
590 1920 872 1989 οὐρανοὺς,
897 1923 997 1976 καὶ
1030 1926 1198 1978 πάλιν
1229 1927 1531 1996 ἐρχόμενον
1586 1930 1771 1996 κρῖναι

1967 1948 1986 1981 t
2022 1930 2214 1992 celos,
2248 1937 2303 1982 et
2335 1928 2528 1981 iterum
2561 1927 2743 1980 veniet
2764 1924 3010 1989 judicare
3037 1925 3187 1978 vivos
3219 1932 3274 1976 et
3301 1936 3446 1973 mor-

268 2027 288 2059 r
336 2007 552 2071 ζῶντας
611 2025 706 2064 και
770 2012 1024 2081 νεκρούςο
1064 2015 1160 2066 καὶ
1200 2017 1280 2077 είς
1334 2015 1394 2067 τὸ
1455 2015 1677 2082 Πνεῦμα
1711 2018 1773 2067 τὸ

1960 2040 1978 2072 t
2025 2032 2179 2083 tuos;
2219 2029 2274 2074 et
2319 2020 2371 2071 in
2403 2019 2660 2083 Spiritum
2689 2027 2960 2071 sanctum.
2996 2015 3094 2081 Qui
3139 2024 3320 2067 autem
3364 2011 3450 2064 di-

268 2117 287 2148 r
332 2100 510 2166 ἀγιον.
571 2101 710 2164 Τοὺς
744 2102 801 2154 δέ
853 2103 1136 2170 λέγοντας,
1171 2101 1278 2158 Ἦν
1329 2107 1519 2175 καιρὸς
1557 2109 1646 2168 ὅτε
1673 2108 1770 2158 οὐκ

1948 2131 1965 2161 σ
1998 2121 2153 2172 cunt,
2198 2109 2339 2163 Erat
2367 2119 2578 2175 tempus
2609 2107 2823 2175 quando
2853 2120 2956 2158 non
2991 2112 3133 2166 erat,
3193 2110 3249 2157 et
3310 2102 3451 2164 quod

265 2211 283 2242 ι
333 2187 424 2260 ἧν,
452 2196 548 2245 καὶ
570 2195 652 2246 ὃτι
684 2195 781 2260 Ἐξ
809 2197 909 2249 οὐκ
928 2197 1097 2250 ὄντων
1145 2199 1442 2268 ὲγένετο,ἢ
1487 2199 1544 2263 ἐξ
1577 2200 1766 2264 ἐτέρας

1966 2220 1984 2252 σ
2024 2217 2090 2257 ex
2127 2216 2230 2253 non
2262 2199 2654 2253 exsistentibns
2717 2197 2889 2251 factus
2931 2207 3038 2262 est,
3095 2194 3180 2249 vel
3220 2208 3285 2248 ex
3345 2193 3451 2246 alia

267 2301 286 2332 ι
332 2283 711 2350 ὑποστάσεως,
761 2286 794 2356 ἢ
849 2289 1060 2354 οὐσίας,
1101 2289 1133 2359 ἢ
1179 2289 1500 2359 τρεπτὸν,ῆ
1540 2290 1764 2342 ἀλλοιω·

1952 2313 1970 2345 t
2011 2293 2313 2346 substantia
2348 2303 2441 2343 ant
2479 2291 2739 2354 essentia,
2769 2290 2852 2344 vel
2903 2289 3185 2342 mutabilis
3235 2298 3318 2343 est
3358 2297 3453 2342 aut

269 2393 287 2424 ι
333 2375 424 2427 τὸν
444 2377 537 2428 τὸν
567 2378 697 2433 Υἱὺν
727 2379 820 2432 τοῦ
847 2380 1007 2433 Θεοῦο
1029 2383 1155 2443 τοὺς
1199 2382 1470 2444 τοιούτους
1487 2382 1735 2451 ἀναθεμα

1959 2408 1978 2440 ι
2010 2386 2386 2442 convertibilis
2413 2384 2508 2438 Dei
2534 2384 2735 2438 Filius:
2770 2381 2905 2436 tales
2944 2383 3208 2436 catholica
3239 2390 3295 2436 et
3318 2397 3450 2452 apo-

269 2485 286 2516 ι
335 2468 474 2532 τίζει
505 2469 538 2537 ή
562 2471 825 2540 καθολικὴ
863 2473 957 2526 καὶ
984 2475 1315 2546 ἀποστολικὴ
1366 2477 1683 2545 Ἐκκλησία.
1729 2492 1749 2524 ι

1415 2477 1683 2545 τκκλησία.
1729 2492 1749 2524 ι
1963 2497 1982 2529 t
2018 2478 2207 2532 stolica
2238 2476 2481 2531 Ecclesia
2517 2475 2955 2528 anathematizat.
2981 2491 2999 2524 ι

275 2559 406 2611 Ἰδοὺ
440 2560 536 2610 καὶ
565 2562 632 2614 τὰ
664 2562 756 2614 ίσα
791 2563 887 2632 τῆς
915 2565 972 2615 ἐν
1001 2564 1208 2637 Νικαίᾳ
1238 2566 1481 2628 συνόδου,
1516 2567 1771 2634 ἀντιδλη-

1944 2572 2083 2625 Ecce
2110 2580 2164 2623 et
2204 2568 2535 2636 exemplaria
2573 2566 2764 2638 synodi
2793 2566 3026 2622 Nicaeam
3081 2581 3202 2621 eum
3255 2567 3450 2621 arche-

197 2644 353 2698 θέντα
418 2649 558 2714 μετά
609 2649 719 2702 τῶν
767 2654 1210 2725 ὲναποκὲιμὲνων
1263 2657 1643 2729 πρωτοτύπων
1697 2659 1765 2726 τῇ

1872 2663 2015 2733 typis
2083 2662 2198 2716 sive
2237 2661 2643 2727 exemplaribus
2723 2659 3065 2729 primigeniis
3103 2659 3156 2712 in
3209 2658 3448 2712 Ecclesia

203 2737 507 2809 Ἐκκλησία
545 2742 942 2815 ’Δλεξανδρέων
994 2749 1086 2800 καὶ
1128 2751 1194 2820 τῇ
1247 2751 1769 2804 Κωνσταντινουπό-

1869 2750 2238 2806 Alexandrina
2277 2763 2331 2805 et
2352 2752 2956 2819 Constantinupolitana
3014 2752 3269 2820 repositis
3337 2751 3449 2804 col-

195 2837 352 2892 λεωςο
371 2831 467 2884 καὶ
493 2832 863 2900 βεδαιωθέντα
890 2840 1042 2910 παρά
1075 2840 1184 2893 τῶν
1211 2842 1530 2895 ἐπισκόπων
1565 2844 1765 2906 αὐτῶν,

1871 2843 1998 2910 lata,
2033 2847 2181 2900 etab
2238 2860 2425 2899 earum
2485 2847 2791 2912 episcopis,
2853 2846 3052 2916 Cyrillo
3111 2855 3167 2902 et
3243 2845 3449 2909 Attico,

200 2919 286 2972 τοῦ
313 2938 372 2973 τε
413 2923 684 2992 Κυρίλλου
714 2928 805 2981 καὶ
833 2928 927 2983 τοῦ
972 2931 1247 2998 Ἀττικοῦ,
1269 2936 1334 3004 τῇ
1365 2934 1570 3005 συνόδῳ
1595 2933 1765 3005 ταύτῃ

1436 2934 1570 3005 νόδῳ
1595 2933 1765 3005 ταύτῃ
1869 2937 2196 2990 conﬁrmata
2243 2935 2372 2990 huic
2403 2936 2608 2990 svnodo
2640 2935 3019 2992 mittebantur.

197 3011 529 3080 ἐστάλησαν.

195 3125 469 3206 Ἀρχετᾳι
613 3127 908 3206 ἐπιστολὴ
969 3132 1077 3206 τῆς
1109 3136 1176 3188 ἐν
1217 3136 1470 3206 Ἀφρικῇ
1497 3137 1766 3194 συνόδου

1871 3134 2035 3205 675
2069 3133 2262 3204 Incipit
2287 3135 2503 3202 epistola
2536 3135 2726 3206 ευποψὶ
2748 3135 3017 3202 Africana;-
3032 3133 3100 3186 ad
3131 3131 3452 3187 Celestinum

328 3197 481 3261 πρὸς
522 3197 901 3256 [falcatis-ori
919 3197 1033 3271 τὸν(
1053 3197 1338 3260 ’πάππαῖ
1369 3197 1618 3276 Ῥὧμης.
1881 3197 1912 3205 ”

1295 3197 1338 3260 κ’
1369 3197 1618 3276 Ῥὧμης.
1881 3197 2027 3205 ν*
2188 3197 2200 3204 ’
2316 3197 2325 3202 ⁷
2433 3197 2630 3272 ραρᾰιη
2681 3197 2879 3257 Romae.

268 3305 287 3336 ι
331 3289 578 3360 Δεσπότῃ
598 3293 866 3362 ἀγαπητῷ
888 3297 981 3348 καὶ
1008 3298 1323 3366 τιμιωτάτῳ
1359 3299 1574 3367 ἀδελφῷ
1602 3301 1767 3352 Κελε-

1945 3312 1965 3345 ‹
2009 3294 2236 3348 Domino
2285 3295 2481 3349 dilecto
2546 3309 2599 3349 et
2650 3295 2703 3349 in
2752 3296 2940 3365 primis
3002 3293 3295 3350 venerabili
3329 3291 3447 3346 fra—

195 3397 209 3428 t
261 3380 426 3448 στίνῳ
459 3383 753 3452 Αὐρήλιος.
800 3388 1118 3451 Παλατῖνος,
1171 3391 1504 3452 Ἀντωνῖνος,
1541 3390 1763 3458 Τοῦτος,

1881 3404 1900 3436 ε
1939 3387 2004 3440 tri
2065 3386 2338 3440 Celestino
2405 3387 2696 3451 Aurelius,
2764 3386 3065 3450 Palatinus,
3113 3386 3442 3448 Antoninus,

194 3489 210 3518 ι
259 3471 640 3540 ἓρόοῦς-Δέῖ,
702 3477 987 3543 Τερέντιος
1023 3480 1118 3533 καὶ
1155 3482 1202 3532 οί
1229 3481 1406 3534 λοιποὶ
1428 3483 1474 3535 οί
1508 3483 1565 3534 ἒν
1617 3483 1764 3553 πάσῃ

1874 3496 1893 3528 c
1924 3477 2120 3542 Tutus,
2171 3478 2522 3542 Servus-Dei,
2563 3479 2854 3533 Terentius
2908 3488 2962 3532 et
3018 3479 3225 3541 caeteri,
3273 3477 3443 3544 quiin

194 3577 210 3608 ι
260 3566 325 3629 τῇ
357 3564 563 3633 συνόδῳ
592 3567 692 3634 τῆς
723 3569 1071 3637 Καρχηδόνος
1116 3571 1458 3643 εὑρεθέντες.

1875 3588 1894 3621 t
1929 3570 2226 3623 universali
2283 3569 2704 3638 Carthaginensi
2756 3571 2966 3641 synodo
2998 3569 3387 3623 interfuerunt.
3422 3588 3441 3622 ι

195 3672 210 3697 ι
257 3651 553 3722 Ηῦχόμεθα
588 3656 674 3708 ἵνα
699 3656 757 3708 ὃν
783 3658 982 3724 τρόπον
1007 3662 1037 3721 ὴ
1183 3663 1463 3728 ἁγιωσύνη
1496 3663 1620 3733 περὶ
1664 3663 1766 3730 τῆς

1873 3679 1892 3712 ε
1935 3661 2283 3731 Optarentus,
2330 3670 2388 3714 ut
2422 3665 2878 3729 quemadmodum
2924 3673 3013 3716 tua
3071 3663 3333 3716 sanctitas
3383 3662 3445 3716 de

266 3761 285 3794 ι
332 3747 632 3814 παρουσίας
662 3748 754 3802 τοῦ
772 3750 1056 3822 ’Ᾱπιαρίου
1079 3755 1350 3824 χαρέντας
1381 3756 1524 3823 ὑμᾶς
1556 3755 1764 3823 ἐδήλω-

1953 3773 1971 3806 ι
2008 3755 2217 3822 Apiarii
2273 3756 2558 3822 praesentia
2613 3755 2823 3809 laetatos
2869 3771 2966 3809 vos
3027 3755 3219 3818 fuisse,
3257 3756 3439 3808 missis

266 3856 284 3886 α
333 3853 414 3901 σε,
445 3841 789 3908 γραμμάτων
813 3844 1172 3911 πεμφθέντων
1199 3847 1284 3898 διὰ
1300 3845 1393 3897 τοῦ
1413 3848 1754 3916 συμπρεσόυο

1943 3866 1961 3899 σ
1995 3862 2092 3916 per
2116 3847 2620 3916 compresbyterum
2669 3857 2912 3901 nostrum
2963 3846 3198 3900 LeOnem
3247 3845 3446 3900 litteris

264 3947 285 3978 ι
332 3931 492 3997 τέρου
511 3934 670 3999 ἡμῶν
691 3933 940 3997 Λέοντοςο
964 3935 1104 3989 οῦτω
1121 3939 1214 3991 καὶ
1232 3939 1392 4008 ἡμεῖς
1410 3939 1617 4007 ὁμοίως
1637 3941 1767 4010 περ)⁸

1964 3958 1982 3991 ι
2026 3938 2368 3992 declaravit:
2431 3940 2506 3991 ita
2557 3947 2611 3992 et
2653 3954 2757 3994 nos
2803 3938 3054 3993 similiter
3085 3939 3151 3992 de
3195 3939 3441 4007 ejusdem

264 4043 283 4072 ε
331 4023 425 4076 τοῦ
481 4025 821 4095 καθαρισμοῦ
869 4028 962 4080 τοῦ
986 4029 1150 4082 αὑτοῦ
1205 4031 1274 4083 τά
1311 4033 1556 4102 παρόντα
1578 4033 1767 4102 γράμ-

1953 4048 1972 4080 «
2011 4031 2336 4098 purgatione
2368 4040 2666 4094 praesentes
2702 4029 2912 4083 litteras
2935 4044 3056 4084 cum
3092 4031 3288 4099 gaudio
3317 4031 3444 4082 mit-

262 4135 282 4166 ι
335 4133 482 4182 ματα
512 4117 647 4185 μετὰ
679 4119 854 4186 χαρᾶς
899 4117 1436 4190 ἀπεστείλαμενῧίἶν
1465 4123 1572 4192 γὰρ
1606 4123 1768 4193 δηλα-

1957 4139 1978 4173 ‹
2015 4131 2271 4176 teremus.
2328 4121 2479 4175 Esset
2527 4120 2772 4191 profecto
2823 4131 2876 4176 et
2937 4133 3119 4176 nostra
3157 4131 3211 4176 et
3265 4131 3442 4176 vestra

262 4226 283 4256 ι
329 4207 397 4274 δὴ
434 4207 586 4276 καὶὴ
625 4209 872 4278 ἡμετέρα
910 4211 1058 4280 καὶὴ
1082 4212 1327 4282 ὑμετέρα
1351 4214 1630 4282 προθυμία
1664 4215 1765 4267 ἀσ-

1963 4232 1981 4264 ι
2026 4214 2284 4268 alacritas
2331 4213 2522 4276 tutior,
2571 4221 2620 4267 et
2655 4228 2755 4266 nec
2791 4214 3195 4282 percontatoria
3233 4213 3441 4267 videre-

263 4317 283 4348 r
331 4298 666 4365 φαλεστὲρα,
722 4301 818 4352 καὶ
875 4301 998 4353 οὐδὲ
1061 4304 1332 4374 πευστικὴ
1363 4305 1534 4357 ἐδόκει
1564 4307 1596 4375 ἡ
1632 4306 1764 4376 περὶ

1963 4324 1982 4358 ‹
2028 4314 2137 4370 tur,
2169 4319 2288 4372 qua:
2323 4306 2390 4358 de
2446 4319 2590 4358 nunc
2633 4304 2924 4368 audiendo,
2967 4319 3129 4370 quam
3163 4319 3283 4372 qua:
3337 4314 3441 4355 tan-

263 4407 284 4439 ε
328 4387 426 4441 τοῦ
479 4389 664 4458 ἀκμὴν
721 4391 1012 4443 ἁκουστέου
1065 4392 1210 4461 ἥπερ
1282 4397 1358 4457 ὡς
1410 4397 1539 4465 περὶ
1593 4399 1760 4450 ἀκου-
1797 4445 1838 4465 ἢ

1959 4417 1977 4449 ‹
2016 4411 2176 4464 quam
2204 4398 2270 4449 de
2293 4397 2479 4450 audito
2518 4405 2892 4464 praecesserat.
2920 4396 3053 4451 Cum
3090 4411 3218 4463 ergo
3241 4397 3307 4449 ad
3347 4411 3441 4450 nos

263 4500 280 4529 ι
330 4445 1041 4550 σθέντοςιπροηγησαμένη.
1087 4445 1563 4554 ’Παραγενομνόξου
1797 4445 1840 4501 D

1965 4445 1977 4449 -
2020 4445 2174 4464 .,_“__-
2208 4445 2267 4449 η
2518 4445 2892 4464 r-m-_.,-__,_-
2928 4445 3053 4451 μ---
3095 4445 3212 4463 -.-Γ
3243 4445 3307 4449 ,ᾖ
3347 4445 3440 4450 --ρ-

1963 4509 1980 4540 ι
2017 4491 2346 4543 accessisset
2391 4490 2774 4544 sanctissimus
2808 4489 2975 4543 frater
3000 4497 3055 4544 et
3085 4490 3440 4556 coepiscopus

265 4590 283 4621 ι
331 4571 463 4639 πρὸς
487 4571 634 4638 ἡμᾶς
665 4570 756 4623 τοῦ
803 4573 1112 4639 ἀγιωτάτου
1154 4575 1386 4644 ἀδελφοῦ
1417 4579 1513 4630 καὶ
1549 4595 1768 4633 συνεπι-

1964 4599 1982 4632 ‹
2021 4589 2208 4634 noster
2233 4579 2554 4645 Faustinus,
2585 4581 2853 4650 synodum
2888 4581 3204 4649 coegimus;
3235 4589 3289 4633 et
3323 4593 3439 4632 cre-

265 4681 282 4711 ε
334 4662 542 4713 σκόπου
589 4663 748 4730 ἡμῶν
801 4665 1125 4728 Φαυστίνου,
1187 4667 1500 4737 συνήξαμεν
1549 4669 1766 4725 σύνοδον

1968 4692 1985 4724 ι
2021 4674 2259 4730 didimus
2293 4676 2468 4743 ipsum
2499 4686 2789 4742 preplerea
2833 4691 2956 4728 cum
3017 4674 3108 4727 illo
3141 4689 3264 4728 esse
3314 4673 3441 4727 mis-

266 4771 283 4801 ‹
333 4753 429 4804 καὶ
450 4752 853 4822 ἐπιστεύσαμεν
881 4754 971 4808 διὰ
1000 4755 1158 4810 τοῦτο
1189 4759 1352 4811 αὑτὸν
1388 4761 1509 4825 μετ’
1554 4763 1762 4816 ἐκείνου

1953 4785 1971 4817 t
2011 4781 2154 4828 sum,
2182 4776 2239 4818 ttt
2260 4768 2716 4834 quemadmodum
2747 4767 2918 4834 ipsius
2945 4766 3128 4820 studio
3161 4766 3426 4835 presbyte-

272 4861 290 4892 r
338 4859 407 4894 πε
417 4844 682 4912 μφθέντα,
698 4845 784 4898 ἵνα
806 4844 993 4916 ὥσπερ
1010 4842 1164 4911 οὗτος
1181 4853 1245 4918 τῇ
1277 4852 1440 4904 αὑτοῦ
1469 4854 1668 4924 σπουδῇ
1688 4855 1764 4924 τῷ

1961 4873 1980 4906 ‹
2023 4855 2103 4908 rio
2145 4865 2306 4910 antea
2353 4865 2474 4909 erat
2510 4857 2774 4918 redditus.
2809 4857 2887 4909 sic
2931 4866 2985 4908 et
3017 4871 3161 4910 nunc
3195 4855 3439 4920 ejusdem

269 4953 285 4983 ι
331 4933 716 5006 πρεσϐυτερίῳ
751 4937 1008 5006 ἀπεδόθη,
1035 4939 1290 4993 οὕτωκαὶ
1325 4941 1420 4993 νῦν
1449 4943 1650 5013 δυνηθῇ
1683 4945 1763 5014 τῷ

1946 4965 1963 4997 ι
1995 4961 2156 5014 opera
2184 4956 2366 5014 posset
2394 4963 2421 5000 a
2457 4956 2536 5001 tot
2559 4947 2881 5002 criminibus
2929 4948 3002 5002 illi
3050 4949 3101 5001 in
3127 4946 3439 5002 Thabrace-

270 5043 286 5073 ι
341 5023 508 5075 αὐτοῦ
533 5025 687 5091 κόπῳ
705 5025 766 5075 ἐκ
779 5025 887 5076 τῶν
904 5026 1013 5079 ἀπὸ
1029 5028 1137 5080 τῶν
1155 5030 1212 5080 ἐν
1234 5029 1612 5100 Θαϐρακηναῖς
1634 5034 1764 5086 ὑποο

1957 5057 1974 5088 ς
2014 5038 2102 5092 nis
2131 5037 2362 5105 objectis
2399 5040 2618 5108 purgari
2655 5059 2668 5094 :
2705 5041 2864 5109 cujus
2896 5049 2973 5092 tot
3021 5051 3077 5094 et
3115 5051 3220 5094 tam
3248 5056 3436 5110 magna

268 5137 283 5165 ο
329 5114 639 5183 ϐληθέντων
665 5115 936 5169 τοσούτων
986 5118 1349 5188 ἐγκλημάτων
1383 5122 1758 5192 καταρθῆναι·

1961 5148 1978 5179 ι
2014 5130 2223 5182 scelera
2271 5139 2473 5183 nostrae
2517 5130 2702 5198 synodi
2762 5130 3052 5184 multitudo
3086 5145 3435 5198 percurrens,

272 5226 289 5256 ι
335 5199 546 5267 οὗτινος
577 5208 644 5258 τά
677 5206 915 5260 τοσαῦτα
965 5211 1060 5264 καὶ
1088 5208 1230 5263 οὕτω
1274 5214 1603 5283 παμμεγέθη
1637 5217 1762 5268 ἀτο-

1943 5239 1960 5270 t
1997 5220 2247 5282 invenit,
2303 5228 2362 5273 ut
2429 5229 2482 5272 et
2543 5222 2828 5276 memorati
2886 5224 3290 5290 patrocinium.
3343 5237 3436 5290 po-

267 5320 283 5346 ι
329 5299 556 5365 πήματα
589 5297 620 5363 ἡ
653 5296 860 5364 πληθὺς
900 5300 1324 5368 καταδραμοῦσα
1356 5307 1456 5374 τῆς
1490 5307 1762 5376 ἡμετέρας

1944 5327 1962 5358 ‹
2000 5309 2105 5361 tius
2151 5323 2314 5378 quam
2343 5309 2606 5375 judicium
2642 5349 2658 5371 ,
2715 5321 2770 5364 et
2830 5322 3082 5378 tanquam
3134 5311 3435 5375 defensoris

270 5407 286 5438 ι
336 5389 553 5440 συνόδου
609 5381 772 5456 εὗρεν
799 5391 878 5442 ὅτι
915 5393 1014 5444 ’καὶ
1046 5393 1138 5445 τοῦ
1175 5397 1634 5463 μνημονευθέντος
1663 5401 1761 5469 τὴν

1938 5418 1954 5448 ι
1995 5399 2256 5461 studium,
2297 5401 2476 5464 potius
2527 5416 2688 5467 quum
2727 5403 3022 5468 cognituris
3055 5403 3320 5464 justitiam
3356 5407 3433 5457 vi-

273 5497 289 5528 t
336 5480 654 5548 πατρωνίαν
713 5482 912 5548 μᾶλλον
963 5485 1106 5552 ἥπερ
1159 5489 1362 5555 κρίσιν,
1423 5489 1515 5539 καὶ
1557 5491 1654 5557 τὴν
1685 5491 1761 5552 ὼς

1944 5507 1961 5539 ι
2000 5489 2156 5542 cerit.
2210 5489 2450 5543 Primum
2482 5491 2626 5543 enim
2658 5495 2752 5544 toti
2779 5493 2964 5561 synodi
3019 5493 3172 5547 valde
3214 5496 3431 5556 restitit,

271 5587 287 5617 ι
333 5570 545 5620 ἑκδίκου
610 5571 850 5640 σπουδὴν
907 5572 1106 5640 μᾶλλον
1139 5575 1284 5643 ἥπερ
1317 5577 1650 5643 διαγνώστου
1682 5580 1760 5631 δι-

1942 5602 1956 5631 t
1997 5582 2179 5633 varias
2231 5583 2590 5636 contumelias
2653 5583 2910 5651 ingerens
2945 5623 2960 5646 ,
3025 5595 3274 5652 tanquam
3337 5585 3427 5654 qui

269 5678 286 5709 ι
330 5659 626 5730 καιοσύνην
662 5661 1077 5730 ύπερενίκησεν.
1107 5666 1326 5734 Πρῶτον
1348 5667 1447 5735 μὲν
1476 5669 1582 5739 γὰρ
1597 5672 1755 5724 ἀντέο

1937 5691 1954 5724 t
2003 5656 2260 5726 Romana:
2347 5673 2602 5730 Ecclesiae
2667 5677 2945 5744 privilegia
3008 5678 3344 5742 defenderet,
3374 5689 3427 5734 et

263 5769 281 5801 ε
328 5768 421 5822 στη
453 5752 708 5825 μεγάλως
741 5756 887 5825 πάσῃ
917 5757 983 5824 τῇ
1013 5756 1541 5830 συνόδῳ,διαφόρους
1574 5763 1757 5834 ὕϐρεις

1946 5786 1962 5818 ‹
2000 5767 2158 5822 vellet
2180 5767 2351 5837 ipsum
2377 5781 2404 5822 a
2434 5768 2588 5825 nobis
2611 5768 2661 5824 in
2694 5772 3130 5828 communionem
3160 5772 3370 5827 admitti
3401 5788 3418 5837 ;
