4012 6476
571 360 675 422 443

639 675 658 706 ι
710 656 992 712 restituit:
1043 656 1147 710 hoc
1199 665 1377 710 tamen
1421 657 1470 708 ei
1516 669 1623 709 non
1672 656 1956 723 processit,
1988 657 2130 723 quod

641 769 657 798 ς
692 747 870 801 adhuc
898 764 961 802 ex
989 757 1231 801 actorum
1280 747 1508 803 lectione
1544 748 1741 802 melius
1793 746 2130 817 cognoveris.

638 856 656 886 ο
697 837 970 892 Triduano
996 839 1140 891 enim
1171 846 1317 892 moto
1367 838 1891 907 laboriosojudicio,
1936 837 1988 890 in
2023 850 2132 903 quo

643 949 660 978 ι
705 929 944 991 diversa,
1002 943 1123 997 quae
1176 929 1226 982 ei
1295 928 1733 1006 objicieliantur,
1792 927 2128 980 amictissimi

638 1038 654 1067 ι
683 1017 1095 1084 Δηιιειιι-ιειιειιιιιιε,
1129 1018 1270 1070 Dens
1296 1017 1480 1085 justus
1518 1016 1705 1083 judex,
1734 1019 1888 1072 fortis
1913 1026 1968 1072 et
1999 1017 2128 1071 lon-

639 1125 658 1156 ι
699 1107 954 1175 ganimis,
1001 1115 1058 1160 et
1087 1106 1394 1175 coepiscopi
1429 1107 1604 1162 nostri
1636 1106 1881 1161 Faustini
1914 1108 2128 1161 dilatio-

644 1215 661 1243 ς
706 1211 822 1258 nes,
853 1204 907 1248 et
940 1195 1113 1263 ipsius
1171 1195 1376 1262 Apiarii
1431 1195 1781 1250 frustatorias
1808 1197 1863 1250 in
1893 1196 2126 1250 dicendo

645 1306 660 1335 ι
700 1287 1201 1353 tergiversationes,
1253 1285 1452 1356 quibus
1486 1287 1727 1341 nefarias
1781 1302 1909 1342 suas
1965 1286 2128 1354 turpi-

639 1395 657 1424 ι
699 1377 910 1432 tudines
957 1378 1136 1432 velare
1189 1379 1512 1444 conabatur;
1553 1391 1750 1447 magno
1803 1377 2126 1444 compendio

641 1487 654 1512 ο
693 1469 1025 1535 amputavit;
1068 1469 1296 1524 molesta
1337 1470 1542 1523 scilicet
1592 1479 1646 1524 et
1677 1469 1835 1538 longe
1890 1467 2126 1522 faetidis-

637 1575 656 1606 ι
697 1556 829 1610 sima
871 1555 1241 1613 obstinatione
1295 1573 1606 1628 compressa
1632 1598 1648 1622 ,
1709 1559 2125 1627 negationisque

636 1665 655 1696 ι
693 1645 1047 1714 impudentia,
1091 1663 1186 1717 per
1208 1664 1368 1716 quam
1408 1659 1614 1702 tantttm
1643 1649 1977 1718 voluptatum
2007 1664 2123 1703 coe-

637 1754 656 1787 ι
697 1750 820 1787 num
853 1737 1084 1792 obruere
1134 1737 1369 1792 volebat.
1404 1737 1538 1792 Cum
1573 1739 1719 1792 enim
1770 1739 1914 1792 Deus
1941 1747 2124 1793 noster

635 1844 654 1877 ι
688 1828 804 1896 ejus
839 1829 1223 1883 conscientiam
1276 1829 1330 1882 in
1367 1830 1646 1897 angustias
1687 1830 2021 1889 deduxisset.
2070 1837 2124 1882 et

635 1938 652 1970 ι
689 1936 809 1987 qua:
842 1921 1054 1974 occulta
1106 1930 1262 1980 erant
1299 1922 1353 1974 in
1385 1923 1550 1976 corde
1590 1931 1832 1990 peccata,
1869 1932 2122 1989 tanquam

547 2071 549 2075 λ
629 2026 650 2059 ι
689 2013 742 2063 in
771 2012 1060 2064 criminum
1097 2026 1255 2066 emno
1307 2013 1418 2080 jam
1449 2013 1834 2076 condemnata,
1871 2013 2124 2068 omnibus

625 2118 644 2152 ι
682 2101 844 2154 etiam
882 2102 1197 2156 hominibus
1226 2103 1583 2171 publicasset,
1635 2112 1863 2172 repente
1895 2103 1962 2156 ad
1995 2118 2125 2156 con-
2197 2170 2200 2174 ί

634 2208 654 2242 ι
695 2193 986 2246 fessionem
1041 2193 1282 2248 omnium
1329 2193 1431 2246 sibi
1467 2192 1798 2261 obiectorum
1833 2193 2120 2246 criminum

629 2298 648 2331 ι
689 2281 1058 2336 fraudulentus
1110 2282 1381 2337 inficiator
1437 2283 1658 2350 erupit,
1689 2291 1742 2335 et
1779 2282 1865 2334 vix
1905 2283 2121 2335 tandem

633 2389 648 2421 ι
691 2371 930 2424 omnium
961 2372 1360 2425 incredibilium
1391 2373 1710 2439 probrorum
1742 2370 1860 2439 ipse
1879 2373 2120 2439 seipsum

630 2479 647 2511 ι
684 2476 779 2512 sua
814 2471 1006 2529 sponte
1036 2462 1257 2530 arguit;
1291 2474 1346 2514 et
1381 2459 1551 2528 ipsam
1573 2460 1820 2512 similiter
1849 2475 1996 2528 spem
2025 2474 2122 2512 no-

626 2570 643 2600 ι
682 2565 874 2616 stram,
898 2554 982 2606 cui
1001 2553 1173 2620 ipsum
1200 2554 1645 2606 commiseramus
1663 2552 2043 2613 etorabuntus,
2062 2560 2121 2604 ttt

629 2661 647 2691 ι
690 2657 718 2694 a
746 2653 851 2695 tam
881 2643 1143 2708 pudendis
1167 2642 1394 2696 maculis
1417 2650 1597 2709 posset
1620 2641 1858 2709 purgari,
1891 2655 2121 2694 conver-

627 2754 645 2784 ι
693 2735 753 2786 tit
781 2734 834 2787 in
863 2734 1040 2787 luctus
1072 2752 1083 2785 :
1118 2735 1220 2787 nisi
1247 2737 1387 2802 quod
1417 2734 1556 2787 hanc
1583 2744 1819 2786 nostram
1845 2733 2118 2786 tristitiam

629 2845 646 2874 ι
691 2840 797 2877 uno
828 2840 1000 2891 eoque
1056 2825 1173 2877 solo
1219 2825 1414 2877 solatio
1461 2825 1743 2892 mitigavit,
1781 2823 1922 2890 quod
1952 2823 2118 2876 etiam

633 2936 650 2966 ι
695 2933 791 2971 nos
859 2934 886 2969 a
968 2918 1220 2970 mmroris
1279 2928 1537 2985 perpetuo
1587 2918 1775 2970 labore
1833 2917 2112 2978 liberavit},

627 3027 644 3054 α
685 3019 737 3059 et
797 3008 910 3062 suis
960 3009 1299 3072 vulneribus,
1337 3008 1550 3061 etiamsi
1584 3009 1782 3062 invitus
1816 3017 1870 3061 et
1904 3008 2117 3074 propria

631 3113 648 3144 ι
685 3098 1023 3162 repugnante
1083 3096 1420 3148 conscientia
1479 3098 1788 3160 confessus,
1848 3097 2186 3190 medelamc

630 3205 648 3234 ι
685 3188 1120 3253 qualemcunque
1155 3186 1409 3253 providit,
1450 3187 1665 3239 domine
1698 3185 1886 3239 frater.
1918 3185 1973 3239 ln
2004 3186 2114 3253 pri-

625 3295 644 3326 ι
683 3278 783 3330 mis
816 3291 941 3343 ergo
995 3276 1172 3330 ofﬁcio
1227 3275 1421 3330 debita:
1472 3277 1840 3328 venerationis
1871 3276 2112 3343 impleto,

621 3386 638 3416 ι
681 3367 951 3433 supplices
987 3367 1241 3432 petimus,
1269 3381 1334 3418 ne
1364 3366 1620 3432 deinceps
1643 3366 1706 3417 ad
1728 3375 1938 3419 vestras
1956 3381 2116 3420 aures

629 3476 645 3506 ι
684 3471 797 3518 eos,
827 3457 916 3522 qui
974 3456 1100 3509 hinc
1129 3455 1388 3519 veniunt,
1430 3454 1589 3507 facile
1619 3455 1920 3508 adntittatis
1964 3473 1976 3508 :
2014 3469 2115 3509 nec

628 3564 644 3592 ι
688 3545 777 3612 qui
833 3559 860 3594 a
922 3543 1080 3595 nobis
1140 3544 1592 3595 excommunicati
1630 3544 1849 3605 fuerint,
1887 3544 1937 3596 in
1968 3559 2114 3597 com-

631 3652 649 3683 ι
697 3633 1004 3685 utttnioncm
1065 3631 1245 3684 velitis
1305 3631 1445 3683 ultra
1505 3619 1769 3698 recipere.
1831 3631 1961 3684 Nam
2012 3634 2115 3686 hoc

629 3742 646 3774 ι
687 3739 899 3790 quoque
949 3724 1000 3775 iu
1058 3721 1272 3775 Nicazna
1345 3722 1549 3790 synodo
1600 3721 1876 3774 definitum
1929 3733 2112 3776 vestra

630 3832 647 3859 ι
687 3813 841 3866 facile
893 3813 1132 3865 inveniet
1192 3812 1496 3865 beatitudo.
1551 3810 1605 3866 Si
1666 3811 1808 3865 enim
1860 3813 2018 3865 etiam
2048 3814 2114 3866 de

633 3922 650 3952 ι
696 3901 1044 3955 inferioribus
1075 3902 1291 3955 clericis
1325 3909 1379 3955 et
1404 3902 1554 3956 laicis
1579 3902 1686 3955 illic
1718 3904 1926 3955 servari
1960 3903 2112 3956 vide-

631 4013 649 4040 ι
687 4004 807 4056 ιιιι·;
859 3992 960 4044 hoc
987 3991 1101 4041 vult
1134 3990 1302 4043 multo
1354 3990 1528 4058 magis
1555 3991 1715 4042 etiam
1745 3990 1810 4043 de
1847 3990 2114 4057 episc0pis

629 4100 648 4131 ‹
691 4081 915 4134 servari.
952 4080 1117 4149 676
1143 4078 1217 4134 Ne
1247 4095 1396 4148 ergo,
1433 4079 1525 4148 qui
1556 4079 1610 4132 in
1644 4079 1861 4147 propria
1891 4081 2111 4148 provin-

633 4192 649 4222 τ
685 4174 766 4225 cia
799 4187 826 4224 a
860 4173 1240 4224 communione
1282 4172 1530 4238 suspensi
1567 4179 1712 4230 sunt,
1743 4185 1770 4222 a
1798 4179 1888 4222 tua
1912 4170 2116 4223 sancti-

630 4284 648 4313 ι
689 4273 814 4328 tate,
850 4264 1026 4316 dedita
1053 4277 1242 4329 opera,
1292 4272 1346 4314 et
1380 4272 1435 4314 ut
1471 4275 1572 4313 non
1607 4269 1841 4327 oportet,
1871 4276 2113 4314 commu-

629 4376 649 4407 ι
688 4356 834 4409 uloni
871 4354 1104 4408 restituti
1165 4351 1472 4406 videantur.
1531 4349 1979 4419 Presbyterorum
2013 4364 2111 4400 au-

1861 360 2134 421 THEOD.
2174 360 2263 418 BA
2274 361 2571 420 [ΒΑΜοΝ
3712 361 3814 425 4H

649 494 666 524 ι
700 488 862 542 quem
901 481 995 544 tua
1047 473 1330 538 sanctitas,
1357 487 1482 529 cum
1511 472 1835 529 credidisset
1863 473 2140 542 appellare
2164 479 2214 535 Α

647 585 664 614 ι
698 565 837 632 quod
864 564 1086 634 quidem
1119 563 1355 632 probare
1403 579 1512 618 non
1538 564 1734 633 potuit,
1765 565 2131 619 communioni

2320 489 2339 522 ι
2385 473 2681 541 ἐπιφέρων,
2710 472 2912 526 ὡσανεὶ
2934 475 3001 526 τά
3030 473 3341 544 πριϐιλέγια
3367 475 3466 545 τῆς
3501 475 3812 546 Ῥωμαῖκῆς

2312 580 2330 611 ι
2392 563 2715 630 Ἐκκλησίας
2763 564 3067 627 διεκδικῶν,
3127 565 3219 618 καὶ
3254 565 3426 618 θέλων
3476 567 3638 619 αὑτὸν
3673 569 3810 637 παρ’

2312 671 2330 701 ι
2373 653 2528 720 ἡμῶν
2548 654 2626 713 είς
2652 654 2934 705 κοινωνίαν
2964 653 3238 722 δεχθῆναι,
3269 654 3329 706 ὃν
3351 656 3384 724 ἡ
3415 656 3484 724 σὴ
3520 658 3806 728 ἀγιωσύνη

2311 759 2326 791 ‹
2376 741 2711 794 πιστεύσασα
2774 743 3146 807 ἐκκαλεῖσθαι,
3206 745 3344 814 ὅπερ
3395 746 3808 810 ἀποδείξαιοῠκ

2310 849 2327 880 ι
2379 832 2635 902 ἠδυνήθη,
2661 836 2724 902 τῇ
2760 834 3015 904 κοινωνίᾳ
3058 835 3399 888 ἀποδέδωκεν
3421 849 3437 864 ⁸
3465 838 3614 906 ὅμως
3647 834 3812 908 ἦττον

2308 942 2326 972 ι
2385 923 2532 991 αύτῷ
2561 923 2719 976 τοῦτο
2747 923 3042 992 ἐξεγένετο,
3064 927 3201 994 ὅπερ
3232 927 3313 980 ἔτι
3342 928 3541 999 μὴνντῇ
3561 927 3811 995 ἀναγνώ-

2307 1030 2323 1061 t
2373 1029 2455 1065 σει
2488 1030 2596 1065 των
2630 1016 3032 1084 πεπραγμένων
3056 1018 3378 1086 κρειττόνως
3405 1019 3614 1087 γνοίης.
3637 1021 3811 1090 Τριη-

2304 1121 2322 1153 ι
2368 1103 2538 1174 μέρου
2603 1107 2790 1174 μέντοι
2823 1107 2979 1174 δίκης
3023 1109 3116 1159 ἐπὶ
3174 1107 3376 1176 μόχθου
3461 1108 3809 1179 κινηθείσης,

2303 1213 2321 1242 ι
2366 1195 2423 1246 ἐν
2452 1197 2560 1265 ὅσῳ
2587 1199 2655 1250 τὰ
2680 1198 2914 1265 διάφορα
2965 1198 3043 1266 τῷ
3065 1199 3215 1265 αὐτῷ
3240 1198 3626 1266 ὑποϐληθέντα
3676 1217 3812 1252 συν-

2305 1303 2322 1333 ι
2370 1285 2681 1353 τριϐόμενοι
2715 1286 3035 1356 ἐζητοῦμεν,
3072 1290 3099 1340 ὁ
3134 1287 3267 1349 Θεὸς
3293 1288 3321 1338 ὁ
3353 1287 3561 1349 δίκαιος
3588 1287 3811 1358 κριτὴς,

2303 1392 2321 1425 ι
2364 1377 2390 1426 ὁ
2425 1376 2641 1444 ἰσχυρὸς
2673 1379 2767 1430 καὶ
2822 1379 3197 1448 μακρόθυμος,
3252 1378 3352 1439 τάς
3407 1396 3467 1430 τε
3519 1379 3813 1448 παρολκάς

2303 1483 2322 1521 t
2363 1465 2456 1518 τοῦ
2501 1469 2899 1521 συνεπισκόπου
2957 1470 3116 1538 ἡμῶν
3179 1469 3502 1532 Φαυστίνου,
3569 1471 3665 1523 καὶ
3708 1470 3815 1533 τὰς

2301 1573 2319 1604 t
2364 1555 2691 1626 τριψεργίας
2715 1558 2808 1610 τοῦ
2840 1558 3003 1612 αὑτοῦ
3050 1558 3356 1626 Ἀπιαρίου,
3405 1555 3498 1622 αἷς
3543 1561 3648 1617 τὰς
3673 1561 3812 1613 ἀθε-

2301 1662 2318 1692 t
2368 1644 2553 1711 μίτους
2573 1646 2742 1697 αὐτοῦ
2767 1647 3140 1718 αἱσχρότητας
3179 1649 3529 1717 συγκαλύψαι
3569 1651 3811 1719 ἐπηρεί-

2299 1753 2316 1784 t
2365 1735 2504 1797 δετο,
2565 1738 2778 1808 μεγάλῃ
2825 1739 3088 1808 συντομίςι⁵
3128 1739 3312 1808 ἔτεμε,
3368 1740 3468 1806 τῆς
3504 1740 3815 1810 σικχαντῆς

2301 1843 2318 1874 ι
2367 1825 2566 1894 δηλαδὴ
2599 1830 2695 1880 καὶ
2745 1829 3156 1896 δυσωδεστέρας
3200 1830 3468 1898 ἐπιμονῆς
3520 1846 3816 1899 καταργη-

2303 1934 2321 1965 t
2371 1916 2573 1983 θείσης,
2627 1919 2722 1970 καὶ
2778 1920 2875 1988 τῆς
2940 1921 3329 1988 ἀναισχυντίας
3358 1922 3457 1988 τῆς
3491 1924 3811 1990 ἀρνήσεως,

2309 2025 2326 2057 t
2373 2008 2440 2059 δι’
2490 2003 2558 2078 ἦς
2615 2009 2724 2061 τῶν
2802 2010 3075 2062 τοσούτων
3143 2011 3348 2079 ἡδονῶν
3399 2011 3492 2062 τὸν
3537 2011 3815 2084 βόρϐορον

2301 2113 2319 2144 t
2368 2097 2616 2150 ἐϐούλετο
2645 2100 3037 2158 καταϐυθίσαι.
3071 2099 3177 2152 Τοῦ
3212 2101 3316 2171 γὰρ
3352 2101 3486 2154 Θεοῦ
3517 2101 3676 2172 ήμῶν
3703 2102 3814 2173 τὴν

2300 2206 2317 2236 ι
2366 2189 2668 2258 συνείδησιν
2723 2191 2889 2244 αὑτοῦ
2938 2191 3470 2259 στενοχωρήσαντος,
3521 2195 3615 2244 καὶ
3648 2194 3721 2247 τὰ
3746 2196 3812 2248 ἐν

2299 2296 2316 2327 t
2363 2281 2652 2350 τῇμκαρδίᾳ
2682 2283 2921 2350 κρυπτά,
2966 2282 3043 2344 ὡς
3072 2283 3129 2334 ἐν
3171 2283 3277 2334 ίλύῖ
3301 2281 3408 2334 τῶν
3431 2284 3812 2353 ἐγκλημάτων

2301 2387 2317 2419 ι
2362 2371 2461 2439 ήδη
2496 2372 3022 2441 καταδεδικασμένα,
3081 2375 3248 2424 πᾶσιν
3287 2373 3368 2425 ἐτι
3433 2373 3541 2440 μὲν
3573 2377 3686 2436 τοῖς
3711 2376 3814 2427 άν-

2299 2479 2317 2510 σ
2368 2461 2602 2529 θρώποις
2625 2462 3105 2530 δημοσιεύσαντος,
3136 2463 3422 2530 αἰφνιδίως
3470 2465 3553 2525 είς
3601 2466 3810 2532 ὁμολο-

2301 2570 2318 2600 ι
2365 2551 2487 2617 γίαν
2521 2552 2738 2604 πάντων
2777 2552 3196 2621 ὑποϐληθέντων
3239 2552 3386 2621 αύτῷ
3427 2553 3814 2622 ἐγκλημάτων

2297 2658 2316 2689 ι
2369 2642 2395 2691 ὁ
2416 2640 2585 2702 δόλιος
2615 2641 2848 2710 ἀρνητδς
2881 2641 3164 2713 ἐξέρρηξε,
3185 2644 3280 2695 καὶ
3313 2645 3466 2712 μόλις
3492 2647 3624 2697 ποτέ
3667 2648 3813 2715 περὶ

2299 2748 2317 2779 ι
2366 2732 2584 2785 πάντων
2631 2733 2741 2785 τῶν
2787 2733 3068 2786 ἀπιθάνων
3115 2734 3334 2786 ὀνειδῶν
3409 2735 3600 2789 ἑκοντὶ
3633 2740 3810 2802 αὐτὸς

2297 2841 2313 2870 ι
2357 2823 2550 2875 ἐαυτὸν
2580 2823 2829 2892 ἤλεγξεν,
2855 2828 2944 2876 καὶ
2963 2825 3133 2892 αὐτὴν
3163 2826 3366 2894 ὁμοίως
3389 2827 3488 2897 τὴν
3519 2831 3811 2900 ἡμετέραν

2296 2926 2313 2957 ι
2362 2910 2573 2972 ἐλπίδα,
2624 2906 2767 2983 ᾗτινι
2821 2913 2913 2964 καὶ
2994 2913 3402 2982 ἐπιστεύσαμεν
3450 2916 3638 2980 αὐτὸν,
3704 2921 3811 2973 καὶ

2298 3017 2316 3049 ι
2363 3000 2643 3067 ηὐχόμεθα
2669 3002 2733 3053 ἐκ
2757 3002 2866 3054 τῶν
2929 3002 3102 3065 οὕτως
3137 3005 3548 3072 ἐπαισχυντέων
3591 3009 3811 3063 σπίλων

2300 3105 2318 3137 ι
2365 3087 2625 3142 δύνασθαι
2656 3090 3022 3159 καθαρθῆναι,
3063 3093 3429 3162 μετέστρεψεν
3462 3099 3542 3159 είς
3576 3115 3815 3167 στεναγ-

2298 3196 2316 3228 t
2368 3177 2498 3246 μούς
2523 3193 2537 3208 ⁸
2563 3182 2611 3232 εί
2643 3181 2717 3248 μὴ
2736 3183 2816 3232 ὅτι
2834 3182 3036 3251 ταύτην
3073 3183 3229 3251 ήμῶν
3257 3184 3354 3254 τὴν
3383 3185 3562 3256 λύπην
3587 3191 3688 3260 μιᾷ
3706 3194 3803 3245 καὶ

2297 3285 2316 3316 ι
2360 3268 2491 3338 μόνῃ
2511 3271 2837 3340 παραμυθίᾳ
2863 3274 3263 3340 κατεπράῦνεν,
3285 3275 3365 3326 ὅτι
3403 3282 3496 3328 καὶ
3522 3279 3670 3346 ἡμᾶς
3705 3282 3810 3336 τοῦ

2299 3376 2316 3406 ι
2364 3358 2598 3427 ὀδυρμοῦ
2617 3360 2710 3412 τοῦ
2743 3360 3024 3428 διηνεκοῦς
3054 3363 3301 3430 καμάτου
3366 3366 3664 3435 εύλύτωσε,
3707 3375 3811 3425 καὶ

2299 3466 2317 3499 t
2365 3452 2473 3510 τοῖς
2530 3449 2678 3510 ίδίοις
2717 3450 3030 3517 τραύμασιν
3077 3452 3375 3520 ὁτεδήποτε
3412 3456 3589 3522 ίασεν,
3623 3461 3673 3509 εί
3704 3463 3809 3515 καὶ

2299 3558 2316 3588 ι
2365 3539 2630 3600 ἀκουσίως
2648 3541 2852 3600 καὶτῆς
2877 3540 3014 3602 ιδίας
3039 3543 3396 3612 συνειδήσεως
3420 3547 3810 3618 ἀντιμαχομέ-

2299 3649 2315 3680 ι
2364 3648 2459 3698 νης
2487 3629 2824 3697 ὁμολογήσας
2861 3632 3251 3701 προενοήσατο,
3285 3634 3438 3704 κύριε
3472 3639 3692 3705 ἀδελφέ.
3715 3643 3809 3697 Ἐν

2299 3739 2314 3769 t
2375 3721 2633 3789 προφάτῳ
2651 3721 2829 3772 τοίνυν
2853 3721 2943 3773 τοῦ
2968 3724 3300 3791 καθήκοντος
3319 3726 3414 3792 τῆς
3443 3727 3811 3802 ὀφειλομένης

2299 3827 2316 3858 ι
2361 3811 2778 3878 προσκυνήσεως
2822 3811 3293 3880 ἐκπληρουμένου,
3333 3817 3672 3886 ἱκετεύομεν,
3715 3823 3809 3877 ἵνα

2298 3918 2315 3949 ι
2363 3900 2454 3952 τοῦ
2477 3900 2661 3952 λοιποῦ
2688 3901 2822 3969 πρὸς
2839 3901 2936 3965 τάς
2970 3904 3240 3974 ὑμετέρας
3259 3906 3426 3970 ἀκοὰς
3457 3909 3581 3972 τοὺς
3613 3913 3814 3967 ἐντεῦ-

2300 4011 2318 4041 ι
2364 3993 2454 4043 θεν
2488 3996 2957 4060 παραγινομένους
3012 3995 3252 4064 εὐχερῶς
3299 3999 3374 4066 μὴ
3401 4002 3808 4073 προσδέχησθε·

2297 4100 2314 4132 ι
2361 4081 2491 4149 μηδέ
2518 4084 2644 4143 τοὺς
2673 4083 2802 4151 παρ’
2831 4084 2991 4151 ήμῶν
3012 4085 3533 4155 ἀποκοινωνητέους,
3566 4095 3646 4156 εἰς
3688 4113 3810 4150 κοι-

2300 4192 2316 4223 ι
2367 4174 2565 4225 νωνίαν
2595 4173 2688 4225 τοῦ
2717 4174 2903 4226 λοιποῦ
2940 4174 3206 4244 θελήσητε
3258 4177 3535 4242 δέξασθαι.
3579 4185 3806 4259 Ἐπειδὴ

2295 4280 2313 4311 ‹
2356 4263 2510 4315 τοῦτο
2539 4263 2632 4315 καὶ
2655 4266 2720 4333 τῇ
2755 4266 2811 4316 ἐν
2842 4265 3047 4333 Νικαίᾳ
3080 4266 3282 4334 συνόδῳ
3309 4269 3527 4337 ὁρισθὲν
3557 4274 3808 4344 εὐχερῶς

2297 4372 2313 4402 t
2358 4353 2547 4423 εὕροιὴ
2578 4353 2643 4422 σὴ
2666 4354 3046 4423 σεϐασμιότης.
3076 4355 3133 4406 Ei
3153 4356 3260 4424 γὰρ
3289 4361 3384 4410 καὶ
3411 4361 3538 4429 περὶ
3559 4368 3806 4415 κατωτέ-

633 4469 648 4497 ι
683 4459 789 4500 tem
840 4445 1089 4499 similiter
1150 4453 1204 4496 et
1259 4441 1706 4508 consequentium
1787 4438 2108 4491 clericorum
2149 4463 2181 4519 ι]

2299 4461 2315 4490 ι
2366 4459 2474 4510 ρων
2500 4441 2778 4508 κληρικῶν
2822 4441 2915 4492 καὶ
2971 4443 3100 4509 περὶ
3157 4439 3362 4496 λαῖκῶν
3402 4448 3654 4511 φαίνεται
3685 4452 3809 4504 ἐκεῖ

625 4559 644 4588 4
686 4539 1029 4606 impudentes
1084 4535 1259 4601 fugas,
1322 4545 1379 4586 ut
1440 4543 1490 4584 te
1519 4531 1739 4600 dignum
1794 4538 1898 4592 est,
1935 4541 2115 4595 perse-

627 4647 646 4677 ι
694 4641 890 4695 quetnr
952 4635 1040 4678 tua
1097 4626 1379 4678 sanctitas.
1430 4621 1564 4673 Nam
1615 4634 1788 4688 neque
1819 4633 1913 4686 per
1948 4618 2110 4670 ullum

633 4736 650 4766 ι
697 4718 914 4770 Patrum
971 4715 1244 4767 decretum
1299 4715 1400 4766 ltoc
1457 4711 1722 4763 Africana:
1749 4709 2002 4763 Ecclesia
2033 4715 2112 4761 est

632 4827 652 4857 ι
696 4806 1068 4870 prohibitum:
1117 4816 1169 4858 et
1225 4802 1458 4856 Nicena
1511 4802 1701 4871 synodi
1737 4808 1962 4863 statuta,
1995 4798 2112 4852 sive

635 4917 654 4946 ι
691 4898 916 4950 clericos
945 4894 1216 4948 inferioris
1247 4895 1466 4961 gradus,
1498 4891 1610 4944 sive
1640 4891 1788 4958 ipsos
1813 4891 2112 4959 episcopus,

637 5008 654 5037 ι
700 4990 934 5057 propriis
964 4984 1390 5053 Metropolitanis
1450 4983 1792 5050 apertissime
1824 4982 2113 5034 commise-

635 5101 653 5129 ι
696 5090 837 5133 runt.
890 5079 1174 5146 Sapienter
1207 5077 1348 5128 enim
1383 5085 1436 5127 et
1492 5075 1636 5139 iuste
1682 5083 2070 5140 perspexerunt
2100 5110 2114 5135 ,

636 5192 654 5220 ε
698 5185 1027 5239 quaecunque
1056 5167 1255 5220 fuerint
1305 5173 1489 5218 exorta
1535 5166 1772 5230 negotia,
1812 5177 1871 5214 ea
1905 5163 1956 5214 itt
1987 5177 2117 5230 pro-

633 5282 652 5312 ι
695 5260 823 5328 priis
857 5259 985 5311 locis
1017 5256 1294 5310 terminari
1353 5255 1574 5308 debere.
1607 5253 1788 5319 Neque
1816 5252 1957 5304 enim
1992 5251 2115 5305 uni-

637 5372 657 5402 ι
697 5351 888 5415 cuique
926 5347 1277 5416 providentiae
1332 5344 1519 5398 Sancti
1592 5344 1833 5414 Spiritus
1893 5342 2118 5410 gratiam

640 5460 661 5492 ι
703 5444 890 5495 deesse
947 5446 1222 5507 putarunt,
1261 5453 1355 5504 per
1413 5451 1572 5504 quam
1602 5434 1811 5501 justitia
1857 5448 1884 5485 a
1915 5431 2117 5487 Christi

644 5553 664 5584 ε
696 5533 1066 5587 sacerdmibns
1123 5539 1176 5582 ct
1237 5531 1446 5581 videtur
1479 5528 1788 5594 prudenter,
1815 5534 1866 5579 et
1897 5524 2121 5589 firmiter

647 5642 668 5673 ς
704 5627 952 5684 tenetur,
987 5623 1217 5674 maxime
1275 5621 1414 5686 quod
1482 5620 1641 5670 etiam
1677 5616 1968 5682 unicuique
1994 5630 2123 5667 con-

649 5734 667 5765 t
710 5728 919 5767 cessum
945 5723 1043 5776 est,
1069 5713 1113 5766 si
1145 5711 1193 5765 ci
1216 5712 1476 5773 videatur,
1504 5711 1567 5760 de
1595 5707 1832 5776 iudicum
1859 5704 2122 5758 sententia

2295 4551 2311 4581 t
2361 4529 2896 4598 παραφυλάττεσθαι,
2921 4530 3101 4600 πολλῷ
3133 4533 3334 4600 μᾶλλον
3353 4524 3508 4587 τοῦτο
3532 4554 3596 4588 πε
3608 4539 3661 4605 pi
3680 4545 3809 4594 ἐπι-

2297 4639 2315 4668 ι
2363 4621 2576 4671 σκόπων
2624 4617 2872 4686 βούλεται
2907 4619 3430 4688 παραφυλαχθῆναι.
3469 4623 3564 4690 Μὴ
3592 4620 3690 4677 οῦν
3749 4631 3805 4682 οἱ

2293 4730 2311 4761 t
2361 4714 2419 4762 ἐν
2449 4713 2512 4779 τῇ
2550 4709 2656 4774 ίδίᾳ
2687 4708 2930 4778 ἐπαρχίᾳ
2963 4709 3069 4761 ἀπὸ
3092 4709 3189 4777 τῆς
3226 4714 3512 4775 κοινωνίας
3561 4717 3810 4790 ἀναρτη-

2297 4818 2313 4846 ι
2365 4798 2544 4858 θέντες
2601 4795 2750 4866 παρά
2778 4797 2876 4864 τῆς
2928 4797 3027 4865 σῆς
3077 4798 3412 4864 ἁγιωσύνης,
3467 4805 3806 4873 σπουδαίωξ,

2294 4907 2311 4937 ι
2361 4889 2452 4940 καὶ
2483 4887 2666 4948 καθὼς
2723 4887 2798 4956 μὴ
2826 4887 2955 4957 χρὴ.
3008 4889 3248 4957 φανῶσιν
3293 4891 3809 4963 ἀποκαθιστάμενοι

2295 5002 2312 5030 ι
2360 4983 2424 5049 τῇ
2451 4979 2724 5048 κοινωνίᾳ.
2786 4980 2895 5032 Καὶ
2926 4981 3034 5031 τῶν
3063 4981 3453 5051 πρεσϐυτέρων
3490 4983 3548 5033 δὲ
3595 4986 3810 5051 ὁμοίως

2296 5091 2311 5120 ι
2364 5072 2454 5121 καὶ
2511 5071 2617 5120 τῶν
2649 5069 2931 5136 ἑπομένων
2957 5057 3231 5139 κληρικῶν
3261 5073 3359 5132 τὰς
3393 5073 3633 5136 ἀναιδεῖς
3661 5078 3810 5128 ἀπο-

2299 5182 2316 5211 ι
2365 5163 2556 5230 φυγὰς,
2600 5163 2675 5223 ὡς
2705 5162 2850 5212 ἐστιν
2895 5179 2987 5213 σου
3024 5164 3192 5227 ἄξιον,
3230 5163 3519 5227 ἀποδιώξει
3567 5169 3599 5234 ἡ
3627 5169 3812 5234 ἀγιωιο

2301 5273 2318 5301 ε
2368 5254 2498 5320 σύνη
2533 5253 2676 5322 ήσή.
2737 5251 2953 5318 Ἐπειδὴ
2985 5253 3078 5301 καί
3113 5251 3172 5302 ού
3226 5251 3314 5302 διά
3345 5269 3489 5313 τινος
3531 5255 3661 5323 ὅρου
3695 5258 3812 5309 τῶν

2298 5362 2315 5391 t
2365 5341 2620 5407 Πατὲρων
2638 5337 2794 5390 τοῦτο
2813 5337 3186 5406 ἀπηγόρευται
3207 5341 3271 5406 τῇ
3301 5340 3358 5388 ἐν
3398 5339 3635 5410 Ἀφρικῇ
3681 5343 3811 5395 Ἐκ..

2303 5452 2319 5481 t
2366 5431 2597 5499 κλησίᾳη⁶
2630 5430 2724 5481 καὶ
2755 5428 2819 5479 τὰ
2849 5428 3174 5495 ψηφίσματα
3215 5428 3311 5494 τῆς
3338 5429 3396 5480 ἐν
3441 5429 3654 5502 Νικαῐᾳ
3679 5450 3811 5492 συν-

2305 5543 2320 5571 (
2369 5523 2508 5584 όδου,
2567 5520 2677 5571 εἴτε
2722 5519 3016 5587 κληρικοὺς
3082 5517 3177 5569 τοῦ
3238 5521 3554 5590 κατωτέρου
3591 5522 3808 5592 βαθμοῦ

2306 5632 2322 5662 ι
2373 5614 2482 5664 εῐτε
2540 5609 2740 5668 αὐτοὺς
2775 5609 2899 5669 τοὺς
2947 5608 3306 5677 ἐπισκόπους,
3362 5614 3472 5673 τοῖς
3517 5613 3670 5675 ἰδίοις
3702 5630 3806 5682 μη-

2317 5724 2332 5754 t
2382 5703 2723 5771 τροπολίταις
2768 5698 3122 5768 φανερώτατα
3146 5702 3528 5772 κατέπεμψαν.
3556 5705 3802 5768 Συνετῶς
