4012 6444
197 358 300 420 M5

1206 359 1286 418 IN
1337 358 1500 418 CAN.
1530 358 1780 416 CXXXV
1813 357 2020 419 CONC.
2057 358 2440 418 CARTﬂAG.

3319 351 3421 411 446

268 483 288 514 ι
335 462 445 532 γὰρ
494 462 587 515 καὶ
623 462 844 524 δικαίως
895 461 1155 525 συνεῖδεν,
1215 462 1574 531 ἀτιναδὴποτε
1619 462 1762 531 πρά-

1948 482 1967 514 ι
2007 465 2073 517 ad
2111 466 2347 533 synodos
2396 461 2652 531 propriae,
2683 461 2995 530 provinciae,
3027 462 3107 517 vel
3167 472 3424 528 praeterea

267 570 288 602 ι
335 569 523 619 γματα
593 550 899 617 ἀναφυῶσι,
957 550 1133 602 ταῦτα
1160 550 1217 600 ἐν
1274 551 1386 611 τοῖς
1430 548 1580 611 ἰδίοις
1618 548 1766 615 ὀφεί-

273 662 290 693 ι
340 643 455 695 λειν
484 641 852 712 περατοῦσθαι
887 641 1094 704 τόποις.
1123 640 1258 694 Οὔτε
1292 643 1400 709 γὰρ
1433 641 1532 710 μιᾷ
1563 641 1766 710 ἑκάστῃ

270 753 287 783 ι
341 735 569 802 προνοίᾳ
627 733 939 800 ἐλογίσαντο
987 732 1255 785 ἐλλείπειν
1303 733 1402 801 τὴν
1441 732 1604 802 χάριν
1672 729 1766 783 τοῦ

273 840 293 874 ι
343 823 502 891 ἁγίου
522 823 855 891 Πνεύματος,
870 823 936 875 δι’
951 818 1018 892 ἧς
1044 825 1075 891 ἡ
1094 822 1408 891 δικαιοσύνη
1425 824 1531 875 ἀπὸ
1546 823 1654 874 τῶν
1676 822 1768 875 τοῦ

280 934 300 965 ι
348 915 587 981 Χριστοῦ
657 916 844 984 ἱερέων
905 915 999 967 καὶ
1051 914 1246 984 δρᾶται
1307 913 1616 982 φρονίμως,
1673 916 1770 965 καὶ

275 1025 295 1052 σ
339 1009 636 1074 κατέχεται
702 1004 1022 1072 σταθερῶς,
1112 1002 1349 1071 μάλιστα
1396 1005 1477 1058 ὅτι
1547 1005 1639 1058 καὶ
1690 1004 1770 1056 ἐνὶ

277 1114 296 1157 ι
344 1097 558 1163 ἑκάστῳ
593 1094 1032 1165 συγκεχώρηται,
1067 1095 1162 1146 ἐὰν
1209 1095 1336 1164 περὶ
1364 1097 1462 1164 τῆς
1483 1095 1637 1164 δίκης
1673 1097 1770 1164 τῆς

269 1203 292 1237 ε
339 1187 446 1238 τῶν
465 1186 808 1253 διαγνωστῶν
842 1187 1154 1255 προΐσταται
1180 1185 1325 1254 αὐτῷ
1353 1189 1490 1257 πρὸς
1508 1187 1606 1249 τάς
1625 1188 1775 1240 συνό-

273 1295 292 1328 ι
341 1277 466 1337 δους
497 1276 595 1344 τῆς
628 1274 767 1337 ιδίας
797 1276 1148 1346 ἐπαρχίας,ἢ
1195 1276 1272 1328 ἔτι
1313 1275 1418 1346 μὴν
1465 1279 1545 1339 είς
1598 1278 1771 1329 οίκου·

274 1387 292 1416 ι
343 1364 575 1434 μενικήν
633 1364 872 1429 σύνοδον,
925 1365 1294 1420 ἐκκαλεῖσθαι.
1365 1367 1428 1419 El
1457 1369 1529 1437 μὴ
1556 1367 1662 1434 ἄρα
1692 1368 1774 1428 τίς

276 1476 302 1506 r
343 1458 514 1520 ἐστιν,
565 1456 714 1517 ὅστις
773 1457 1168 1520 πιστεύσει,’ἐνὶ
1216 1457 1573 1526 ᾠτινιδήποτε
1601 1459 1765 1510 δύνα-

277 1564 296 1595 ι
346 1547 471 1601 σθαι
494 1545 583 1598 τὸν
603 1545 734 1598 Θεδν
768 1546 923 1616 ήμῶν
951 1545 1050 1616 τῆς
1081 1546 1312 1617 κρίσεως
1339 1547 1641 1615 ἐμπνεῦσαι
1671 1548 1771 1616 τὴν

274 1657 293 1688 ι
339 1637 709 1707 δικαιοσύνην,
739 1639 852 1698 τοῖς
883 1636 941 1689 δὲ
1002 1637 1395 1706 ἀναριθμήτοις
1449 1638 1527 1699 είς
1559 1637 1776 1690 σύνοδον

274 1745 296 1778 ι
347 1727 826 1797 συνηθροισμένοις
851 1726 1087 1794 ἱερεῦσιν
1117 1726 1421 1794 ἀρνεῖσθαι.
1447 1725 1569 1788 Πῶς
1589 1728 1644 1779 δὲ
1667 1727 1773 1793 ἄρα

277 1834 296 1865 ι
342 1815 486 1884 αῦτη
502 1819 536 1886 ή
556 1816 906 1884 περαματικὴ
929 1817 1108 1885 κρίσις
1138 1815 1329 1884 βεϐαία
1362 1817 1536 1876 ἔσται,
1557 1816 1773 1886 πρδς”ἠν

277 1923 295 1953 ι
335 1906 447 1957 τῶν
473 1906 767 1974 μαρτύρων
783 1905 850 1958 τὰ
883 1907 1154 1972 ἀναγκαῖα
1190 1907 1479 1971 πρόσωπα,
1499 1905 1531 1975 ἢ
1555 1907 1642 1959 διὰ
1672 1909 1773 1974 τὴν

279 2013 297 2043 ι
343 1999 445 2064 τῆς
473 1995 688 2062 φύσεως
726 1996 758 2061 ἢ
811 1996 898 2047 διὰ
928 1997 1026 2064 τὴν
1088 1996 1178 2047 τοῦ
1224 1997 1425 2064 γήρου;
1469 1997 1771 2060 ἀσθένειαν,

278 2103 298 2135 ι
363 2086 398 2154 ἢ
446 2085 661 2148 πολλοῖς
687 2085 866 2144 ἄλλοις
887 2086 1259 2153 ἐμποδισμοὶξ,
1288 2084 1566 2155 ἐνεχθῆναι
1593 2087 1651 2138 οὐ
1685 2085 1776 2138 δύ-

276 2192 298 2225 ι
343 2192 521 2228 ναται.
549 2177 683 2244 Περὶ
701 2177 803 2242 γὰρ
823 2175 936 2234 τοῦ.
951 2177 1100 2237 τινας
1119 2174 1317 2228 ὡσανεὶ
1348 2176 1410 2227 ἐκ
1431 2175 1523 2227 τοῦ
1542 2176 1774 2243 πλευροῦ

280 2285 301 2315 ‹
343 2265 444 2334 τῆς
464 2266 560 2332 σῆς
592 2266 902 2334 ἁγιωσύνης
924 2266 1253 2336 πέμπεσθαι,
1276 2267 1500 2335 οὐδεμιᾷ
1520 2267 1626 2319 τῶν
1657 2270 1768 2320 Πα-

288 2373 306 2402 ι
352 2355 528 2422 τέρων
563 2355 766 2422 συνόδῳ
809 2355 1020 2424 ὁρισθὲν
1047 2355 1391 2425 εὑρίσκομεν.
1412 2356 1625 2424 Ἐπειδὴ
1644 2359 1776 2427 ὅπερ

283 2463 302 2495 ι
354 2445 519 2496 πάλαι
560 2445 648 2496 διὰ
679 2445 774 2498 τοῦ
826 2445 988 2498 αὐτοῦ
1021 2446 1416 2498 συνεπισκόπου
1461 2449 1616 2515 ήμῶν
1643 2449 1777 2501 Φαυ-

287 2556 305 2585 ι
359 2537 561 2599 στίνου,
582 2536 780 2588 ὡσανεὶ
803 2538 864 2588 ἐκ
895 2537 1092 2607 μέρους
1112 2539 1208 2605 τῆς
1239 2540 1295 2590 ἐν
1311 2538 1514 2606 Νικαία
1538 2539 1776 2603 συνόδου,

277 2649 306 2678 4
353 2628 582 2680 αὐτόθεν
623 2628 948 2687 ἀπέσταλτο,
1002 2631 1058 2680 ἐν
1088 2630 1208 2690 ταῖς
1231 2629 1616 2697 ἀληθεστέρως
1641 2633 1779 2683 ἁπο-

289 2737 308 2766 ι
352 2719 593 2786 γραφαῖς
631 2718 728 2784 τῆς
759 2718 816 2770 ἐν
846 2718 1070 2785 Νικαίᾳ,
1105 2717 1283 2783 ἇσπερ
1329 2717 1627 2785 ἐδεξάμεθα
1675 2719 1780 2771 ἀπὸ

291 2836 310 2861 ι
353 2808 450 2861 τ·ῦ
481 2810 783 2876 ἀγωτάτου
813 2809 1094 2876 Κυρίλλου,
1130 2809 1225 2862 τοῦ
1256 2812 1353 2879 τῆς
1390 2810 1780 2878 Ἀλεξανδρέων

287 2919 307 2952 ι
353 2900 650 2969 ἐκκλησίας
702 2901 1103 2952 συνεπισκδπου
1160 2901 1340 2967 ήμῶν,
1365 2902 1459 2952 καὶ
1491 2902 1640 2969 παρά
1673 2900 1781 2954 τῶν

288 3011 308 3041 ι
353 2991 447 3044 τοῦ
475 2991 851 3062 προσκυνητοῦ
885 2991 1126 3043 Ἀττικοῦ
1145 2991 1236 3042 τοῦ
1261 2992 1318 3042 ἐν
1353 2992 1782 3044 Κωνσναντινου-

290 3103 308 3132 ι
355 3083 510 3135 πόλει
570 3084 896 3146 ἐπισκόπου,
920 3081 1260 3148 πεμφθείσας
1298 3083 1361 3134 ἐκ
1385 3081 1492 3134 τῶν
1531 3081 1778 3135 αὐθεντι-
1806 3085 1847 3140 C

284 3193 304 3224 ι
353 3174 467 3226 κῶν
491 3190 506 3205 ο
534 3174 739 3234 αἵτινες
763 3173 840 3225 ἔτι
875 3172 979 3242 μὴν
1001 3172 1106 3240 πρὸ
1140 3171 1331 3223 τούτου
1363 3171 1451 3222 διά
1522 3171 1777 3222 ’Ῑννοκεν-

287 3279 305 3311 ι
355 3263 470 3314 τίου
502 3261 595 3313 τοῦ
641 3260 1016 3328 πρεσϐυτέρου
1041 3261 1132 3312 καὶ
1155 3257 1474 3324 Μαρκέλλου
1526 3256 1619 3308 τοῦ
1651 3257 1780 3309 ὐπο-

287 3369 307 3402 ι
353 3352 624 3415 διακόνου,
660 3353 728 3404 δι’
759 3347 832 3403 ὧν
865 3351 998 3420 πρὸς
1058 3351 1202 3418 mia;
1233 3347 1363 3418 παρ’
1387 3347 1611 3400 ἐκείνων
1643 3349 1780 3402 ἀπε-

285 3462 304 3493 ι
354 3441 652 3510 στάλησαν,
684 3441 761 3510 τῷ
789 3442 886 3510 τῆς
932 3440 1318 3509 προσκυνητῆς
1378 3440 1597 3509 μνήμης
1632 3438 1781 3490 Βονι-

286 3549 303 3580 ι
353 3532 528 3600 φατίῳ
583 3532 663 3596 τῷ
713 3533 998 3600 ἐπισκόπῳ
1051 3529 1128 3598 τῷ
1160 3529 1604 3600 προηγησαμένῳ
1637 3530 1781 3596 ὑμᾶς

291 3640 307 3671 ι
356 3621 488 3687 παρ’
536 3622 698 3690 ήμῶν
758 3621 1196 3691 ἐξεπέμφθησαν,
1261 3620 1474 3671 τοιοῦτό
1535 3620 1588 3670 τί
1649 3635 1780 3671 ποτε

293 3729 311 3760 ι
356 3712 456 3763 οὐκ
520 3711 866 3780 ἠδυνήθημεν
937 3710 1136 3778 εὑρεῖν.
1204 3707 1568 3769 Ἐκϐισαστάς
1605 3708 1782 3759 τοίνυν

295 3818 312 3850 ι
360 3800 661 3870 κληρικούς
726 3800 880 3868 ὐμῶν
929 3799 1091 3852 τινῶν
1133 3798 1433 3851 αἰτούντων
1495 3799 1568 3866 μὴ
1599 3796 1780 3849 θέλετε

295 3913 313 3942 ι
359 3891 731 3953 ἀποστέλλειν,
760 3892 894 3960 μήτε
925 3891 1298 3958 παραχωρεῖν,
1341 3889 1428 3940 ἵνα
1449 3888 1540 3940 τὸν
1568 3888 1785 3940 καπνώ-

1945 573 1962 606 ι
2002 557 2165 608 etiam
2223 554 2288 608 ad
2341 554 2704 608 universalem
2771 554 3058 630 synodum,
3125 552 3426 622 appellare.

1945 666 1961 697 ι
2001 645 2114 699 Nisi
2144 649 2329 715 utique
2363 647 2434 698 sit
2465 645 2682 713 aliquis.
2715 646 2805 708 qni
2837 645 3041 706 credat,
3068 644 3423 709 nniruipiam,

1947 758 1965 789 ι
1997 739 2304 805 quicunque
2359 738 2404 790 is
2432 737 2522 800 sit,
2553 751 2708 802 posse
2734 737 2902 790 Deum
2955 744 3202 789 nostrum
3235 733 3426 804 indicii

1945 827 2266 896 «justitiam
2347 824 2636 892 inspirare,
2697 825 3184 879 innumerabilibus
3248 834 3428 878 autem

1948 937 1966 970 ι
1997 917 2368 971 sacerdotibus
2417 918 2470 970 in
2519 916 2777 986 synodum
2812 916 3156 983 congregatis
3207 927 3427 980 negare.

1948 1031 1967 1064 ι
2010 1010 2290 1076 Quomodo
2315 1024 2444 1077 ergo
2496 1009 2712 1062 firmum
2744 1008 2848 1062 erit
2874 1007 2974 1059 hoc
3006 1005 3432 1057 transmarinum

1949 1122 1967 1154 ι
2001 1101 2286 1170 judicium,
2321 1100 2386 1153 ad
2417 1099 2559 1166 quod
2619 1098 2836 1153 testium
2894 1095 3216 1158 necessaria:
3251 1106 3435 1160 perso-

1953 1212 1972 1245 ι
2015 1206 2117 1253 me,
2149 1191 2235 1244 vel
2291 1199 2506 1257 propter
2538 1199 2742 1240 naturae
2795 1185 2875 1238 vel
2908 1193 3126 1252 propter
3168 1182 3304 1236 senii
3337 1182 3410 1234 im

1941 1301 1960 1336 ι
2007 1281 2376 1344 becillitatem,
2437 1279 2519 1331 vel
2579 1287 2797 1345 propter
2851 1276 3010 1328 multa
3048 1274 3151 1327 alia
3201 1271 3435 1342 impedi-

1954 1395 1972 1427 ι
2016 1383 2219 1436 menta,
2276 1371 2462 1426 deduci
2524 1384 2629 1422 non
2663 1367 2925 1435 possunt?
2957 1365 3087 1418 Nam
3117 1363 3182 1418 de
3218 1363 3437 1417 mitten-

1955 1485 1972 1516 ι
2014 1467 2096 1520 dis
2125 1461 2472 1531 quibusdam.
2509 1459 2724 1512 velutia
2776 1459 2944 1525 latere
2995 1463 3189 1508 vestrae
3237 1452 3438 1507 sancti-

1950 1574 1969 1607 ι
2007 1555 2154 1618 tatis,
2186 1569 2214 1607 a
2248 1554 2391 1607 nulla
2434 1551 2654 1604 Patrum
2694 1547 2900 1619 synodo
2939 1545 3297 1598 constitutum
3348 1541 3437 1596 in-

1955 1667 1974 1699 c
2016 1648 2278 1700 venimus.
2310 1645 2462 1710 Quod
2523 1642 2653 1696 olim
2713 1640 2856 1694 enim
2911 1653 3007 1706 per
3060 1638 3201 1690 hunc
3261 1636 3438 1705 ipsum

1957 1751 1975 1784 ι
2009 1733 2388 1801 coepiscopum
2424 1741 2665 1784 nostrum
2709 1727 3055 1788 Faustinum,
3090 1735 3347 1792 tanquam
3374 1737 3438 1776 ex

1943 1844 1962 1877 ι
1993 1831 2146 1892 parte
2193 1822 2422 1876 Nic-aenae
2470 1819 2682 1892 synodi,
2734 1819 2935 1872 isthinc
2983 1817 3208 1869 missum
3243 1813 3438 1875 fuerat,

1954 1933 1970 1965 ι
2008 1918 2062 1966 in
2095 1913 2402 1966 verioribus
2436 1909 2664 1963 Nicaeum
2710 1908 2904 1976 synodi
2949 1904 3283 1971 repertoriis.
3320 1916 3440 1971 qua:

1951 2025 1970 2056 ‹
2005 2021 2033 2058 a
2077 2003 2433 2058 sanctissimo
2493 2000 2693 2071 Cyrillo
2742 1997 3124 2052 Alexandrinae
3183 1992 3441 2048 Ecclesia:

1952 2114 1970 2146 ι
2009 2095 2354 2161 coepiscopo,
2385 2101 2438 2146 et
2470 2105 2498 2144 a
2530 2089 2842 2144 venerando
2898 2088 3078 2138 Attico
3125 2082 3441 2138 Constanti-

1954 2205 1972 2238 ι
2014 2184 2224 2253 nopolis
2254 2184 2528 2250 episcopo,
2569 2195 2634 2235 ex
2667 2178 2998 2234 authenticis
3028 2177 3191 2230 missa
3227 2176 3442 2238 accepi-

1954 2288 1977 2324 ι
2019 2287 2173 2334 mus;
2235 2286 2352 2339 quae
2405 2271 2622 2338 quidem
2657 2253 2887 2322 antehac
2922 2282 3016 2335 per
3062 2265 3439 2318 Innocentium

1956 2382 1974 2416 ι
2012 2363 2382 2432 presbyterum
2414 2370 2467 2414 et
2522 2359 2832 2415 Marcellum
2888 2358 3303 2417 subdiaconnm,
3345 2369 3440 2420 per

1973 2471 1991 2505 ι
2035 2465 2169 2523 quos
2197 2455 2263 2506 ad
2297 2467 2392 2504 nos
2422 2451 2487 2504 de
2521 2452 2628 2506 illis
2664 2452 2823 2504 missa
2853 2449 3084 2510 fuerant,
3121 2446 3443 2501 venerandae

1959 2563 1978 2595 ι
2017 2543 2292 2597 memoria:
2337 2541 2617 2594 Bonifacio
2650 2541 2905 2608 episcopo
2954 2538 3226 2592 decessori
3263 2543 3444 2589 vestro

1960 2650 1979 2683 ι
2014 2647 2042 2684 a
2075 2629 2230 2684 nobis
2278 2631 2546 2683 destinata
2584 2637 2710 2682 sunt
2743 2646 2756 2680 :
2807 2626 2940 2680 nihil
2991 2624 3252 2692 ejusmodi
3289 2623 3441 2680 inve-

1959 2741 1978 2772 ι
2011 2721 2130 2773 nire
2165 2718 2518 2788 potuerimus.
2546 2717 2902 2770 Exsecutores
2933 2731 3062 2785 ergo
3086 2725 3293 2769 vestros
3325 2713 3444 2765 cle-

1963 2829 1980 2861 ι
2022 2811 2161 2863 ricos
2203 2809 2512 2875 petentibus
2541 2808 2810 2877 aliquibus
2845 2822 2910 2860 ne
2965 2807 3144 2860 velitis
3201 2804 3440 2863 mittere,

1959 2920 1978 2953 ι
2018 2915 2117 2953 nec
2170 2899 2508 2967 permittere,
2545 2907 2603 2952 ut
2659 2897 2927 2950 fumosum
2991 2894 3176 2948 mundi
3241 2892 3442 2946 fastum

1959 3009 1977 3042 ι
2013 2988 2214 3044 Christi
2241 2987 2493 3041 Ecclesia:
2520 2987 2777 3041 inducere
2807 2987 3086 3039 videamur
3110 3001 3126 3047 ;
3162 2997 3282 3057 quae
3306 2981 3444 3034 sim-

1959 3101 1977 3134 ι
2023 3083 2283 3152 plicitatis
2315 3081 2488 3136 lucem
2515 3091 2569 3134 et
2617 3080 2938 3132 humilitatis
2973 3078 3111 3131 diem
3168 3075 3326 3128 affert
3355 3074 3445 3134 iis,

1959 3189 1979 3222 ι
2011 3172 2100 3238 qui
2157 3169 2322 3222 Deum
2377 3169 2561 3222 videre
2611 3169 2855 3237 cupiunt.
2904 3167 2979 3220 De
3015 3165 3264 3218 deﬂendo
3299 3162 3442 3214 enim

1960 3279 1980 3313 ι
2015 3260 2253 3329 Apiario,
2276 3260 2384 3326 jam
2419 3273 2448 3312 a
2498 3259 2663 3312 fratre
2696 3268 2882 3312 nostro
2915 3257 3176 3310 Faustino
3203 3269 3300 3323 pro
3331 3255 3446 3305 suis

1962 3371 1980 3403 ι
2020 3351 2240 3403 nefariis
2273 3350 2526 3416 nequitiis
2555 3349 2759 3403 Christi
2793 3349 3035 3402 Ecclesia
3084 3358 3255 3404 moto.
3289 3344 3438 3396 solli-

1963 3456 1980 3489 ι
2022 3438 2112 3491 citi
2145 3453 2250 3490 non
2289 3452 2509 3502 sumus;
2566 3437 2705 3504 quod
2741 3450 2862 3489 eum
2893 3446 3088 3488 vestrae
3137 3429 3446 3485 sanctitatis

1964 3545 1981 3578 ι
2024 3528 2338 3595 probatione
2369 3535 2423 3579 et
2449 3528 2784 3581 correctione
2813 3527 2867 3579 in
2909 3524 3178 3579 servanda
3208 3523 3443 3573 fraterna

1970 3635 1988 3668 ι
2026 3618 2295 3669 charitate
2356 3613 2536 3670 Africa
2572 3633 2910 3686 nequaquam
2944 3616 3173 3684 amplius
3215 3614 3446 3667 sustine-

1967 3726 1986 3758 ι
2026 3708 2121 3761 bit.
2155 3707 2516 3774 Snbscriptio.
2570 3707 2707 3761 Deus
2759 3716 2945 3760 noster
2982 3705 3322 3757 sanctitatem
3354 3719 3446 3754 ve-

1969 3815 1987 3848 ι
2029 3806 2197 3850 stram
2249 3797 2300 3850 in
2349 3795 2729 3865 longissimum
2783 3805 2997 3862 tempus
3027 3793 3321 3856 custodiat,
3351 3807 3447 3862 pro

1968 3907 1986 3939 ι
2030 3889 2183 3942 nobis
2210 3898 2476 3951 orantem,
2510 3889 2724 3941 domine
2749 3887 2937 3940 frater.
2968 3905 2987 3937 ι

291 4003 308 4036 ι
350 3985 416 4055 δη
449 3984 616 4054 τῦφον
655 3983 752 4036 τοῦ
789 3984 994 4050 κόσμου
1024 3982 1268 4052 δόξωμεν
1303 3980 1546 4045 είσάγειν
1572 3982 1639 4049 τῇ
1669 3982 1766 4032 τοῦ
1841 3979 2078 4049 Χριστοῦ
2113 3979 2432 4047 Ἐκκλησία,
2493 3979 2615 4048 ἥτις
2676 3978 2735 4030 τὸ
2799 3977 2915 4046 φῶς
2975 3978 3075 4044 τῆς
3139 3975 3446 4040 ἁπλότητος

292 4094 311 4127 ι
360 4090 451 4128 και
515 4076 614 4142 τῆς
677 4071 1176 4140 ταπεινοφροσύνης
1225 4071 1325 4140 τὴν
1389 4069 1607 4138 ἡμέραν
1691 4070 1802 4131 τοῖς
1868 4069 1961 4121 τὸν
2033 4067 2167 4119 Θεὸν
2218 4067 2346 4119 ίδεῖν
2405 4065 2763 4134 ἐπιθυμοῦσιν
2822 4065 3140 4133 ¹προσφέρει.
3186 4061 3292 4115 Τοῦ
3340 4065 3446 4129 γὰρ

293 4184 312 4216 ι
362 4166 558 4218 κλαυσί
567 4182 669 4234 μου

773 4165 1060 4232 Ἀπιαρίου
1131 4162 1233 4230 ήδη
1328 4161 1435 4212 ἀπὸ
1522 4159 1616 4213 τοῦ
1671 4160 1900 4229 ἀδελφοῦ
1977 4159 2132 4228 ἡμῶν
2182 4159 2480 4213 Φαυστίνου
2540 4157 2682 4210 κατά
2764 4158 2864 4219 τὰς
2935 4157 3068 4218 ἰδίας
3160 4157 3446 4223 ἀθεμίτους

290 4277 308 4308 ι
355 4255 710 4325 ἀχρειοσύνας
748 4255 810 4306 ἐκ
868 4253 966 4322 τῆς
1022 4250 1116 4302 τοῦ
1174 4247 1411 4318 Χριστοῦ
1484 4249 1805 4318 Ἐκκλησίας
1878 4247 2299 4318 ἀποκινηθέντος
2350 4247 2650 4316 ἀμέριμνοί
2719 4249 2927 4314 ἐσμεν·
2985 4248 3067 4299 ὅτι
3129 4246 3318 4298 τοῦτον
3379 4246 3444 4312 τῇ

291 4366 308 4396 ι
356 4347 550 4414 δοκιμῇ
571 4344 665 4396 καὶ
695 4341 950 4413 ρυθμίσει
987 4342 1086 4410 τῆς
1113 4338 1211 4406 σῆς
1258 4335 1567 4405 ἁγιωσύνης
1629 4337 1687 4388 ἐν
1753 4337 1829 4404 τῷ
1903 4335 2172 4398 σώζεσθαι
2258 4334 2357 4404 τὴν
2408 4336 2705 4403 ἀδελφικὴν
2767 4335 2989 4402 ἀγάπην
3048 4334 3357 4401 περαιτέρω
3412 4333 3445 4400 ή

291 4459 307 4488 ι
368 4437 600 4505 Ἀφρικὴ
647 4431 895 4500 οὐδαμῶς
958 4430 1228 4500 ὑπομείνῃ
1266 4427 1649 4495 ήύπογραφή.
1717 4425 1776 4479 '0
1850 4425 1980 4488 Θεὸς
2015 4425 2171 4495 ήμῶν
2240 4425 2338 4493 τήν
2407 4423 2716 4489 ἁγιωσύνην
2803 4422 2958 4491 ὐμῶν
3017 4424 3110 4476 ἐπὶ
3183 4427 3446 4496 μήκιστον

297 4553 311 4580 ι
355 4529 546 4598 χρόνον
602 4523 850 4588 φυλάξοι,
888 4521 1026 4590 ὑπὲρ
1081 4520 1237 4588 ἡμῶν
1267 4519 1590 4586 εὐχομένην,
1619 4514 1777 4584 κύριε
1821 4516 2034 4583 ἀδελφέ.
2079 4535 2098 4566 ι

290 4621 485 4678 ΒΑΛΣ.
547 4617 654 4669 Τοῦ
725 4613 1010 4684 ’Δπιαρίου
1041 4609 1432 4679 ἀφορισθέντος
1466 4611 1529 4661 ἐκ
1586 4609 1684 4675 τῆς
1722 4609 1780 4660 ἐν

1955 4607 2152 4662 BALS.
2204 4607 2425 4676 Apiaria
2475 4622 2504 4659 a
2569 4606 2775 4676 synodo
2825 4606 3080 4659 Africana
3142 4612 3444 4673 segregate.

233 4720 464 4785 Ἀφρικῇ
521 4709 766 4773 συνόδου,
803 4707 900 4760 κα)⁸
934 4704 1324 4775 προσελθόντος
1349 4702 1425 4769 τῷ
1459 4702 1656 4770 πάππα
1683 4703 1788 4753 Κε.

221 4811 446 4874 λεστένῳ
479 4803 574 4856 καὶ
606 4800 857 4859 λυθέντος
882 4795 976 4850 τοῦ
1039 4791 1366 4861 ἁφορισμοῦ,
1433 4795 1460 4842 ὁ
1492 4793 1786 4874 ἐπίσκοπος

220 4897 512 4954 Φαυστίνος
543 4889 742 4956 ἐστάλη
798 4887 906 4938 σὺν
947 4883 1141 4949 ἐκείνῳ
1196 4883 1275 4942 είς
1313 4880 1633 4948 Καρχηδόνα
1668 4878 1784 4941 ags.

220 4988 396 5040 τάσων
424 4983 493 5035 τὰ
527 4979 669 5034 κατά
697 4976 884 5028 τούτου
914 4988 932 5006 ο
959 4972 1215 5039 λυθείσης
1253 4969 1309 5022 δὲ
1329 4971 1423 5038 τῆς
1455 4969 1786 5031 ὑποθέσεως,

223 5075 500 5129 ἐπέστειλε
541 5070 612 5138 τῷ
659 5065 958 5132 Κελεςτίνῳ
995 5065 1025 5131 ή
1071 5059 1286 5120 σύνοδος
1352 5058 1450 5126 τὴν
1500 5057 1784 5126 ἐπιστολήν

224 5167 445 5234 ταύτην.
477 5164 586 5214 Καὶ
646 5158 837 5226 πρῶτα
892 5154 991 5224 μὲν
1021 5153 1280 5223 ᾐτιάσατο
1321 5151 1410 5202 τὸν
1466 5151 1783 5212 Φαυστῖνον,

223 5258 293 5318 ὡς
350 5253 684 5322 παραλόγως
731 5244 1151 5313 ἀντιποιηθέντα
1178 5242 1273 5294 τοῦ
1315 5243 1618 5312 Ἀπιαρίου.
1656 5237 1785 5292 Εῐτα

227 5349 502 5417 ἐπήγαγεν
563 5342 637 5402 ὡς
667 5338 774 5391 ἀπὸ
829 5335 1122 5404 ὁμολογίας
1155 5332 1247 5385 τοῦ
1295 5332 1576 5400 Ἀπιαρίου
1621 5331 1784 5400 ἐλύθη

227 5442 259 5508 ή
292 5437 545 5496 ὑπόθεσις
572 5447 588 5462 ο
624 5432 715 5481 καὶ
735 5427 975 5479 ἱκέτευσε
1010 5425 1084 5494 μὴ
1110 5421 1348 5492 εὐχερῶς
1383 5419 1781 5490 προσδέχεσθαι

229 5533 313 5583 τὸν
345 5527 667 5581 Κελεστίνον
690 5521 812 5580 τούς
835 5517 1088 5583 λέγοντας
1111 5514 1252 5566 κατά
1279 5514 1376 5580 τῆς
1407 5511 1649 5576 συνόδου,
1686 5510 1778 5561 καί

232 5618 616 5688 ἀφορισθέντας
669 5609 800 5677 παρ’
844 5607 1032 5674 αὐτῆς.
1080 5605 1412 5675 Προσέθεντο
1446 5604 1526 5668 δὲ,
1553 5604 1628 5665 ὼς
1659 5601 1782 5654 οὐδὲ

230 5714 273 5764 οἱ
298 5718 351 5764 ἐν
380 5706 587 5774 Νικαίᾳ
620 5701 858 5771 Παιέρες
894 5698 1097 5769 ὥρισαν
1138 5694 1450 5766 πέμπεσθαι
1484 5693 1634 5764 παρὰ
1681 5690 1774 5746 τοῦ

1884 4685 2072 4754 cuniis
2109 4699 2174 4750 ad
2207 4713 2398 4766 papam
2445 4696 2774 4751 Celestinum
2804 4698 3143 4760 accessisset,
3179 4708 3232 4748 et
3264 4709 3446 4761 segre-

1883 4790 2032 4858 gatio
2070 4788 2247 4842 soluta
2288 4797 2451 4853 esset,
2503 4787 2792 4841 Faustinus
2824 4803 2926 4840 una
2953 4803 3073 4840 cum
3107 4786 3198 4839 illo
3218 4785 3446 4839 Cartha-

1885 4881 2060 4950 ginem
2097 4879 2298 4934 missus
2353 4887 2453 4939 est,
2501 4878 2769 4946 negotium
2820 4878 2940 4943 ejus
2990 4877 3443 4930 examinaturus:

1887 4972 2066 5024 decisa
2102 4979 2302 5048 antenn
2327 4984 2485 5023 causa
2527 4969 2672 5022 misit
2721 4971 2956 5037 synodus
2987 4967 3264 5020 Celestino
3300 4967 3444 5020 lianc

1887 5059 2287 5129 epistolam.Et
2341 5061 2575 5127 primum
2639 5060 2855 5127 quidem
2915 5059 3192 5111 accusavit
3227 5057 3446 5110 Fausti-

1891 5168 2046 5215 num,
2079 5153 2217 5219 quod
2255 5152 2533 5218 Apiat'ium
2572 5160 2762 5216 printer
2809 5151 3071 5202 rationem
3107 5147 3448 5200 dvfenderet.

1892 5245 2093 5297 Deinde
2115 5242 2393 5309 subjunxit
2420 5241 2558 5308 quod
2591 5256 2655 5293 ex
2685 5240 2886 5309 Apiarii
2907 5240 3251 5294 confessione
3280 5254 3441 5292 causa

1887 5333 1992 5387 fuit
2031 5333 2256 5396 decisa;
2327 5340 2383 5384 ct
2414 5332 2586 5383 oravit
2646 5341 2704 5382 ut
2767 5347 2870 5384 non
2927 5329 3085 5383 facile
3141 5331 3446 5382 admitteret

1887 5420 2191 5473 Celestinus
2249 5433 2364 5481 eos,
2393 5419 2482 5487 qui
2518 5421 2778 5472 adversus
2838 5421 3098 5487 synodum
3155 5419 3361 5474 dicunt.
3391 5427 3446 5470 et

1890 5509 1958 5562 ab
1985 5524 2046 5560 ea
2092 5507 2357 5575 segregati
2401 5516 2544 5559 sunt.
2582 5506 2909 5573 Adjecerunt
2960 5516 3137 5557 autem
3168 5508 3311 5570 quod
3347 5515 3447 5555 nec

1889 5598 2078 5652 Patres
2101 5597 2329 5651 Nicwnm
2383 5595 2571 5666 synodi
2621 5604 2944 5658 statuerunt,
2983 5611 3009 5646 a
3039 5609 3172 5663 papa
3205 5595 3254 5647 in
3291 5591 3440 5645 Afri-

1888 5704 2005 5744 cam
2063 5686 2489 5754 ntitlettdns,qui
2554 5698 2773 5739 causam
2832 5683 2988 5738 simul
3026 5694 3447 5751 cognoscerent,
