4012 6452
541 348 646 412 447

1788 357 2071 420 TBEOD.
2106 361 2517 424 'BALSAMON

3679 359 3788 418 448

539 472 593 515 et
632 476 730 517 uec
763 462 865 517 hoc
918 461 1194 519 invenitur
1223 465 1275 519 in
1321 466 1505 523 missis
1547 469 1614 523 ab
1645 470 2015 531 Alexandrino
2053 483 2105 530 ct

2226 477 2411 530 πάππα
2469 479 2550 541 είς
2588 477 2851 546 ’Δφρικὴν
2914 472 3400 544 συνδιαγνώμονας
3430 488 3445 502 ·
3508 474 3607 527 καὶ
3664 473 3789 526 οὐδὲ

541 550 1145 620 Constantinopolitano
1178 555 1468 626 episcopis.

607 733 774 802 677
800 733 1050 790 ZONAR.
1080 737 1214 792 Cum
1238 737 1491 808 Apiarius
1522 744 1591 797 ab
1623 745 1874 799 Africana
1899 751 2104 818 synodo

538 832 848 892 segregatus
884 827 950 879 ad
987 827 1312 883 Celestinum
1362 846 1553 900 papam
1589 835 1937 905 confugisset,
1980 854 2102 892 eum

524 912 1242 986 -Ce|estinussegregationis
1256 923 1468 978 vinculo
1491 924 1755 990 liberavit,
1775 939 1970 982 etcum
1991 929 2100 995 illo,

538 1004 627 1067 qui
654 1019 870 1059 causam
903 1008 1018 1073 ejus
1056 1025 1178 1064 cum
1209 1013 1459 1067 Africana
1493 1019 1701 1072 svnodo
1727 1031 2101 1089 cognosceret,

541 1091 854 1149 Faustinum
892 1099 1207 1170 episcopum
1239 1103 1744 1173 Carthaginiensem
1794 1111 1960 1166 misit.
1988 1112 2104 1178 Qua

538 1199 596 1238 re
626 1195 918 1249 transacta,
952 1192 1230 1258 epistolam
1258 1195 1395 1250 banc
1423 1200 1658 1267 synodus
1683 1200 1747 1254 ad
1775 1200 2102 1258 Celestinum

536 1276 704 1342 dedit,
738 1295 841 1346 qua
876 1280 1215 1345 Faustinum,
1264 1288 1406 1355 quod
1446 1288 1669 1358 Apiario
1713 1292 1924 1358 faverit,
1958 1295 2104 1363 ejus-

538 1381 642 1430 que
679 1379 964 1434 patronum
1003 1387 1066 1426 ac
1100 1374 1462 1441 defensorem,
1500 1394 1602 1432 non
1642 1381 1878 1449 judicem
1909 1386 2103 1452 egerit,

540 1470 604 1509 ac
655 1459 902 1514 advocati
961 1465 1220 1530 studium,
1291 1483 1396 1521 non
1449 1472 1743 1538 cognitoris
1797 1474 2104 1542 aequitatem

538 1557 724 1617 aperte
755 1551 1028 1618 indicarit,
1064 1565 1118 1608 et
1148 1558 1294 1622 quod
1325 1560 1530 1628 synodo
1559 1574 1616 1614 se
1644 1564 2107 1620 adversarium-sit

541 1640 838 1707 professus,
865 1658 962 1697 nec
988 1659 1117 1699 vero
1147 1648 1272 1700 dum
1315 1662 1373 1701 se
1406 1647 1658 1704 Romana:
1693 1649 1951 1706 Ecclesia:
1988 1655 2103 1720 pri-

537 1729 856 1800 vilegiorum
882 1732 1150 1788 vindicem
1180 1735 1506 1797 ostenderit,
1536 1751 1566 1788 a
1600 1739 1945 1792 contumeliis
1976 1753 2108 1806 quo-

540 1835 645 1886 que
671 1823 990 1878 abstinuerit
1017 1824 1166 1892 (sunt
1191 1836 1366 1882 autem
1403 1829 1683 1896 privilegia
1712 1839 1766 1883 et
1793 1839 2114 1898 patronatus
2139 1810 2190 1867 Β

543 1910 800 1966 Romana!
846 1915 958 1968 sive
993 1916 1197 1971 Latinae
1233 1920 1438 1987 voces),
1469 1919 1819 1974 vehementer
1853 1930 2111 1987 accusat;

541 2003 816 2071 quodque,
850 2014 910 2059 ut
937 2006 982 2059 is
1004 2021 1032 2059 a
1059 2010 1264 2076 synodo
1295 2011 1361 2065 ad
1393 2013 1826 2065 communionem
1847 2015 2116 2068 admitte-

543 2105 712 2156 retur,
763 2097 926 2150 nimia
983 2098 1328 2154 festinatione
1377 2103 1770 2170 approperarit.
1821 2102 1938 2155 Non
1991 2117 2116 2172 pro-

527 2185 710 2240 cessit
758 2197 960 2254 tamen,
1009 2190 1102 2244 sed
1156 2190 1338 2252 Deus,
1389 2190 1631 2246 Faustini
1691 2194 2113 2258 cunctationem,

543 2278 859 2344 dilationes,
909 2283 1291 2349 protelationes
1346 2284 1573 2349 scilicet,
1636 2284 2119 2355 frustratoriasque

543 2365 748 2435 Apiarii
779 2372 1268 2439 tergiversationes.
1299 2373 1402 2429 hoc
1430 2383 1532 2439 est,
1565 2376 2116 2444 procrastinationes,

544 2461 596 2513 in
632 2463 863 2531 negotiis
889 2463 1145 2532 gerendis
1177 2481 1407 2531 moram,
1452 2468 1631 2520 subito
1664 2467 1952 2532 dissolvit;
1998 2482 2118 2524 eam

543 2561 775 2607 mentem
820 2555 898 2608 illi
949 2557 1240 2618 immitens,
1291 2567 1350 2610 ut
1393 2558 1601 2624 objecta
1646 2561 1874 2614 crimina
1921 2571 2116 2632 sponte

543 2643 912 2700 conﬁteretur.
940 2643 1055 2708 His,
1092 2647 1163 2698 ita
1198 2656 1255 2699 ut
1283 2655 1398 2700 acta
1427 2657 1573 2711 sunt,
1602 2649 1655 2701 in
1683 2650 1905 2717 epistola
1939 2652 2114 2719 expli-

545 2739 700 2802 catis,
733 2739 925 2793 dvinde
952 2739 1251 2807 subjiciunt
1284 2759 1297 2793 :
1333 2740 1441 2795 Nos
1471 2750 1522 2795 te
1547 2741 1634 2810 (ad
1666 2743 1997 2798 Celestinum
2026 2759 2122 2798 au-

549 2838 653 2882 tem
700 2830 876 2884 oratio
930 2830 1222 2899 dirigitur),
1270 2831 1324 2885 in
1370 2847 1644 2902 prazcursu
1695 2835 1981 2900 orationis,
2019 2837 2122 2892 hoc

544 2929 648 2985 est,
683 2923 932 2990 prooemii
963 2923 1106 2986 loco,
1131 2939 1192 2978 ex
1226 2925 1419 2979 merito
1445 2927 1710 2986 venerati,
1737 2943 1805 2981 ne
1835 2928 1887 2980 in
1913 2929 2001 2993 iis,
2025 2931 2120 2999 qui

546 3027 575 3065 a
623 3014 776 3067 nobis
821 3016 1085 3083 segregati
1132 3025 1280 3080 sunt,
1328 3016 1679 3070 admittendis
1725 3016 2022 3072 faciliorem
2072 3029 2124 3075 te

549 3105 813 3174 praebeas,
873 3119 1005 3160 neve
1049 3105 1138 3174 qui
1179 3107 1230 3159 in
1277 3121 1372 3159 sua
1424 3107 1699 3174 provincia
1743 3109 2120 3164 communione
2148 3129 2191 3188 α

548 3194 729 3249 multa:
760 3195 975 3249 nomine
993 3196 1188 3264 privati
1215 3206 1360 3257 sunt,
1385 3209 1611 3263 propere
1642 3196 1805 3250 uimis
1832 3211 1896 3251 ac
1925 3198 2121 3253 festiue

541 3287 911 3340 communioni
948 3288 1225 3350 restituas,
1261 3289 1632 3340 obsecramus.
1663 3286 1767 3340 Sed
1801 3297 1855 3340 et
1885 3289 2122 3358 presby-

544 3385 706 3440 teros,
735 3385 788 3429 et
816 3377 949 3430 alios
988 3391 1018 3431 e
1049 3377 1219 3440 clero,
1250 3392 1369 3431 sese
1407 3392 1502 3442 per
1531 3377 1942 3444 impudentiam,
1990 3379 2120 3430 abs-

544 3482 647 3536 que
680 3467 784 3520 ulla
818 3468 1030 3533 scilicet
1071 3468 1211 3533 iusta
1248 3481 1434 3531 causa,
1483 3467 1846 3535 proripientes
1897 3468 2119 3534 expelli,

547 3559 768 3628 suisque
800 3559 1070 3626 episcopis
1104 3558 1291 3623 reddi;
1324 3558 1453 3624 quin
1502 3567 1555 3610 et
1599 3556 1829 3612 clericos
1874 3572 2062 3611 omnes
2095 3573 2123 3610 a

549 3663 647 3702 suo
678 3663 945 3716 quemque
972 3647 1227 3715 episcopo
1249 3645 1480 3712 judicari
1509 3646 1805 3715 postulant.
1839 3647 2120 3701 Canonum

547 3739 734 3802 etiam,
765 3739 853 3808 qui
885 3738 987 3791 hac
1023 3739 1087 3792 de
1136 3752 1192 3790 re
1221 3739 1276 3790 in
1318 3736 1532 3790 Nicaena
1562 3738 1765 3807 synodo
1799 3737 1924 3791 editi
1961 3746 2106 3801 sunt,

551 3825 845 3877 meminere
877 3841 892 3876 :
925 3837 1095 3892 neque
1131 3839 1254 3877 vero
1282 3833 1338 3877 ut
1364 3824 1527 3892 aliqui
1557 3840 1588 3878 a
1615 3841 1764 3892 papa:
1792 3825 1975 3887 latere.
2007 3827 2109 3880 hoc

549 3922 654 3975 est,
685 3913 774 3980 qui
813 3913 888 3966 illi
925 3913 1185 3982 dignitate
1222 3914 1477 3980 proximi,
1521 3929 1583 3968 ac
1618 3918 1757 3981 apud
1802 3931 1922 3969 eum
1947 3917 2127 3972 ilione-

550 4001 715 4054 stiore
760 4001 876 4054 loco
916 4001 1272 4066 haberentur,
1321 4000 1804 4072 familiaritateque
1853 4006 2126 4074 coojuncti

552 4098 748 4158 praeter
796 4104 1021 4147 caeteros
1069 4092 1246 4147 forent
1299 4095 1610 4157 cognitores
1661 4110 1721 4148 ac
1774 4108 2128 4152 exsecutores

556 4182 914 4248 mitterentur,
962 4184 1013 4238 id
1051 4200 1224 4254 usque
1265 4185 1542 4240 decretmn
1582 4196 1798 4242 exstare
1834 4188 2123 4242 aﬂirmant.

555 4273 737 4342 Neque
765 4277 945 4341 'eoim,
1001 4275 1174 4340 aiunt,
1227 4277 1428 4345 aliquid
1465 4277 1641 4331 simile
1688 4279 1742 4330 in
1790 4279 1878 4338 iis,
1911 4294 2028 4346 quae
2061 4282 2127 4334 ab

557 4367 921 4424 Alexandrino
966 4369 1174 4438 Cyrillo
1225 4376 1279 4423 et
1313 4368 1918 4437 Constantinopolitano
1952 4371 2127 4424 Attico

557 4459 622 4512 ad
653 4474 750 4512 nos
783 4460 944 4512 missa
983 4469 1130 4522 sunt,
1168 4459 1489 4513 invenimus.
1525 4458 1602 4512 Ne
1628 4461 1805 4515 velitis
1830 4462 1994 4529 igitur
2025 4463 2121 4516 isto

2236 4458 2616 4526 ἐντιμοτέρους
2645 4460 2739 4511 καὶ
2771 4458 3157 4528 ᾡκειωμένους
3218 4459 3391 4528 αὐτῷ.

558 4553 716 4619 modo
743 4564 921 4618 agere,
955 4564 1054 4602 nec
1099 4549 1275 4602 inanis
1310 4549 1490 4613 gloria
1523 4549 1746 4612 fastum,
1785 4550 1914 4603 fumi
1960 4553 2133 4605 instar

559 4650 996 4704 evanescentem,
1022 4641 1318 4694 concedere
1345 4638 1600 4694 Ecclesia:
1624 4638 1715 4694 Dei
1747 4639 1954 4695 inferri.
1989 4641 2134 4695 Sim-

561 4733 774 4802 plicitas
828 4745 1079 4799 namque,
1117 4734 1288 4794 aiunt,
1340 4738 1393 4783 et
1438 4731 1696 4785 demissio
1729 4732 1917 4797 animi,
1965 4733 2136 4786 instar

562 4820 718 4887 lucis,
753 4822 837 4885 iis,
872 4826 960 4890 qui
1013 4820 1178 4873 Deum
1218 4820 1411 4873 intueri
1452 4822 1699 4889 cupiunt,
1737 4820 1894 4874 aﬂ'ert
1940 4821 2080 4874 diem
2119 4839 2133 4874 :

563 4913 664 4965 hoc
691 4923 792 4973 est,
824 4911 983 4964 veluti
1023 4909 1211 4964 ditiusa
1249 4911 1336 4962 lux
1381 4911 1519 4963 diem
1553 4909 1738 4972 edicit,
1771 4925 1834 4962 ac
1863 4925 1958 4979 per
1987 4924 2132 4976 eam,

561 5018 679 5072 quae
730 5003 981 5057 sensibus
1031 5003 1423 5070 percipiuntur,
1480 5001 1664 5055 videre
1713 5001 1886 5065 licet;
1943 5001 2131 5056 eodem

565 5095 720 5148 modo
742 5094 1057 5161 simplicitas
1079 5108 1143 5146 ac
1169 5093 1440 5145 humilitas
1461 5092 1632 5146 lucem
1658 5092 1901 5144 immittit
1917 5093 2127 5157 animo,

564 5201 665 5252 qua
699 5186 1000 5238 illustratus
1034 5185 1197 5236 Deum
1225 5184 1428 5246 videre,
1467 5186 1565 5237 hoc
1605 5191 1706 5245 est,
1741 5193 1997 5250 quantum
2036 5183 2134 5237 bo-

570 5277 701 5329 mini
734 5276 815 5329 fas
849 5286 950 5336 est,
984 5290 1308 5342 cognoscere
1341 5283 1527 5343 queat.

2209 570 2524 636 εὑρίσκεται
2568 570 2730 623 τοῦτο
2795 571 2854 621 ὲν
2924 571 3038 630 τοῖς
3117 566 3420 636 πεμφθεῖσι
3478 568 3630 636 παρὰ
3689 564 3790 619 τοῦ

2221 647 2631 730 Ἃλεεανδρείας
2657 660 2752 715 καὶ
2787 661 2940 729 παρὰ
2990 659 3085 713 τοῦ
3136 655 3790 719 Κωνσταντινουπόλεως.

2280 751 2524 805 ΖΩΝΑΡ.
2558 750 2677 805 Τοῦ
2722 750 3006 820 Ἀπιαρίου
3047 749 3433 819 ἀφορισθέντος
3474 751 3539 802 ἐκ
3597 745 3699 814 τῆς
3727 749 3792 800 ἐν

2223 840 2455 908 Ἀφρικῇ
2498 840 2742 901 συνόδου,
2809 840 2903 893 καὶ
2992 839 3386 908 προσελθόντος
3441 837 3522 908 τῷ
3575 839 3787 908 πάππα

2210 930 2536 999 Κελεστίνῳ,
2565 929 2817 994 λυθέντος
2846 948 2920 983 τε
2950 930 3042 983 τοῦ
3079 929 3409 1000 ἀφορισμοῦ,
3460 931 3500 984 ηό
3559 931 3794 984 ἐπίσκο-

2212 1039 2311 1080 πος
2339 1024 2633 1084 Φαυστίνος
2676 1023 2877 1091 ἐστάλη
2918 1024 3016 1076 σὺν
3059 1023 3254 1092 ἐκείνῳ
3309 1025 3390 1087 είς
3449 1022 3789 1092 Καρχηδόνα

2211 1113 2483 1179 ἐξετάσων
2508 1113 2575 1165 τά
2609 1113 2733 1165 κατ’
2765 1113 2974 1166 ἐκείνου
3005 1114 3144 1182 μετὰ
3175 1113 3276 1182 τῆς
3343 1115 3461 1168 ἐκεῖ
3543 1113 3796 1168 συνόδου.

2208 1201 2523 1268 -Γενομένης
2554 1201 2609 1253 δὲ
2638 1203 2737 1270 τῆς
2796 1201 3068 1271 πράξεως,
3133 1203 3419 1256 ’ἐπέστειλε
3477 1203 3557 1272 τῷ
3620 1203 3801 1256 Κελε-

2216 1291 2377 1360 στίνῳ
2405 1295 2434 1358 ἡ
2473 1291 2693 1353 σύνοδος
2715 1290 2813 1360 τὴν
2842 1292 3138 1363 ἐπιστολὴν
3162 1293 3391 1361 ταύτην,
3441 1293 3511 1346 δι’
3558 1290 3632 1365 ἦς
3702 1296 3796 1347 ai-

2211 1378 2395 1429 τιᾶται
2471 1378 2562 1430 τὸν
2643 1380 2964 1444 Φαυστίνον,
3038 1382 3114 1444 ὡς
3165 1383 3619 1450 ἀντιποιούμενον
3693 1381 3800 1438 τοῦ

2226 1467 2511 1540 ’Ᾱπιαρίου
2541 1472 2633 1522 καὶ
2659 1471 2972 1540 πατρωνίαν
3022 1472 3110 1525 ἐπ’
3167 1473 3319 1542 αὐτῷ
3388 1474 3804 1545 ἐνδειξάμενον,

2213 1557 2378 1626 ἤγουν
2405 1560 2764 1629 προστασίαν,
2798 1561 3076 1631 βοήθειαν,
3153 1564 3354 1616 ἀλλὀὐ
3413 1565 3616 1634 κρίσιν,
3700 1568 3807 1623 καὶ

2212 1651 2455 1721 σπουδὴν
2515 1653 2884 1718 ἐκδικοῦντος,
2951 1654 3071 1708 ἀλλ’
3107 1654 3169 1708 οὗ
3216 1655 3568 1726 δικαιοσύνην
3614 1657 3807 1721 διαγι-

2217 1741 2518 1807 νώσκοντος
2537 1746 2654 1814 ἦτοι
2689 1746 3022 1811 δικάζοντος,
3083 1749 3178 1802 καὶ
3245 1749 3644 1818 ἀνθιστάμενον
3726 1752 3804 1820 τῇ

2218 1834 2437 1900 συνόδῳ,
2491 1837 2585 1889 καὶ
2618 1838 2697 1899 είς
2733 1837 3290 1908 ὕδρειςχωρήσαντα,
3349 1840 3426 1904 ὡς
3510 1840 3674 1909 δῆθεν
3731 1842 3809 1895 τὰ

2216 1926 2312 1995 τῆς
2360 1926 2650 1995 Ῥωμαίων
2694 1928 3020 1998 Ἐκκλησίας
3076 1929 3402 1983 ἐκδικοῦντα
3468 1931 3801 2000 πρισιλέγια

2218 2013 2338 2089 ἦτοι
2388 2020 2662 2088 προνόμια
2695 2021 2815 2086 (καὶ
2873 2023 2906 2090 ἡ
2956 2022 3239 2088 πατρωνία
3288 2020 3343 2073 δὲ
3379 2021 3472 2073 καὶ
3525 2021 3594 2074 τά
3665 2039 3809 2092 πρι-

2217 2110 2449 2177 6ιλέγια,
2484 2111 2656 2175 λέξεις
2724 2111 3035 2181 Ῥωμαϊκαὶ
3063 2113 3184 2182 ἢτοι
3211 2111 3321 2164 τῶν
3381 2111 3627 2164 Λατίνων
3662 2113 3804 2180 eici)

2218 2202 2311 2253 καὶ
2340 2202 2637 2255 σπεύδοντα
2662 2201 2917 2271 δεχθῆναι
2985 2203 3150 2256 αύτδν
3210 2202 3362 2271 παρᾶ
3393 2207 3494 2270 τῆς
3547 2203 3808 2267 συνόδου,

2218 2290 2317 2343 οὐκ
2345 2292 2623 2358 ἐξεγένετο
2655 2293 2802 2360 αὐτῷ
2829 2309 2842 2323 ·
2875 2292 3007 2346 ἀλλὰ
3035 2295 3062 2346 ό
3087 2292 3220 2354 Θεὸς
3258 2293 3358 2354 τὰς
3383 2292 3662 2360 παρολκὰς
3700 2291 3809 2345 τοῦ

2219 2381 2539 2446 ⁶ιιιιυστίνου,
2578 2383 2674 2446 τὰς
2701 2383 2993 2447 ἀναϐολὰς,
3033 2384 3158 2443 τοὺς
3213 2382 3669 2450 ύπερὸιδασμοὺς
3703 2382 3812 2450 δη-

2222 2468 2355 2538 λαδὴ
2382 2471 2474 2521 ml.
2529 2472 2627 2532 τὰς
2664 2470 2990 2539 τριψεργίας
3038 2468 3133 2521 τοῦ
3181 2469 3488 2536 Ἀπιαρίου,
3552 2471 3812 2520 τουτέστι

2220 2561 2322 2622 τὰς
2349 2561 2697 2631 ὑπερθέσεις,
2726 2561 2822 2624 τὰς
2848 2563 2940 2613 ἐπὶ
3008 2563 3122 2623 τοῖς
3156 2559 3336 2630 ἔργοις
3362 2560 3556 2627 τριϐὰς
3612 2561 3814 2612 συντό-

2226 2667 2338 2720 μως
2370 2650 2617 2720 ἐξέτεμε,
2655 2652 3086 2720 παρασκευάσας
3144 2651 3308 2702 αὐτὸν
3355 2650 3694 2718 ὁμολογῆσαι
3739 2651 3815 2704 τὰ

2224 2740 2347 2793 κατ’
2377 2743 2540 2795 αὐτὸν
2567 2744 2910 2812 ἐγκλήματα.
2980 2741 3167 2794 Ταῦτα
3215 2741 3271 2794 δὲ
3361 2742 3510 2804 ὅπως
3555 2741 3815 2808 ἐγένοντο

2222 2831 2563 2896 καταλέξασα
2611 2833 2642 2900 ὴ
2675 2816 2931 2900 ἐπιστολὴ
2974 2831 3165 2896 ἐπάγει
3204 2845 3220 2863 ⁶
3269 2830 3360 2884 Ἐν
3398 2832 3667 2901 προφάτῳ
3695 2832 3815 2884 τοί-

2223 2938 2339 2983 νυν,
2377 2923 2497 2975 ἀντὶ
2522 2921 2618 2974 τοῦ
2647 2925 2703 2974 ὲν
2733 2922 3154 2994 πρωτολογίαις,
3184 2923 3244 2973 ἐν
3305 2922 3644 2989 προοιμίοις,
3709 2923 3817 2988 τὴν

2227 3013 2578 3081 ἀρμόζουσάν
2613 3030 2694 3066 σοι
2761 3015 3134 3084 προσκύνησιν
3190 3011 3533 3081 πληροῦντες
3603 3015 3814 3082 (ταῦτα

2225 3103 2280 3155 δὲ
2311 3105 2444 3172 πρὸς
2474 3105 2563 3155 τὸν
2623 3105 2966 3172 Κεὶεστῖνον)
3034 3103 3352 3172 ἱκετεύομεν
3407 3105 3481 3174 μὴ
3563 3106 3817 3175 εὐχερῶς

2225 3193 2618 3262 προσδέχεσθαι
2657 3196 2782 3256 τοὺς
2815 3196 2944 3261 παρ’
2985 3194 3140 3262 ήμῶν
3170 3194 3507 3261 γινομένυυς
3569 3197 3817 3248 ἀκοινω-

2223 3287 2434 3354 νήτους,
2468 3284 2561 3337 καὶ
2589 3285 2714 3347 τοὺς
2742 3287 2799 3337 ὲν
2822 3288 2887 3353 τῇ
2923 3285 3162 3354 ἐπαρχίᾳ
3203 3285 3382 3337 αὐτῶν
3447 3286 3818 3354 ἐπιτιμηθέν-

2223 3393 2321 3438 τας
2349 3378 2734 3448 άκοινωνησία,
2771 3379 2846 3447 μὴ
2880 3379 3208 3440 σπουδαίως,
3233 3379 3356 3430 ἀντὶ
3408 3378 3503 3431 τοῦ
3565 3380 3813 3446 ταχέως,

2231 3468 2539 3536 συντόμως,
2569 3468 3051 3521 ἀποκαθίστασθαι
3087 3469 3241 3538 παρὰ
3273 3468 3367 3522 σοῦ
3397 3471 3462 3538 τῇ
3523 3469 3817 3538 κοινωνίᾳ.

2238 3558 2400 3610 Ἀλλὰ
2425 3559 2521 3612 καὶ
2560 3559 2688 3620 τοὺς
2763 3558 3169 3629 πρεσϐυτέρους
3246 3560 3342 3613 καὶ
3405 3561 3533 3622 τοὺς
3589 3560 3816 3622 λοιποὺς

2227 3649 2571 3717 κληρικοὺςν
2631 3651 2760 3712 τοὺς
2834 3649 3248 3718 ἀποφεύγοντας
3311 3650 3568 3713 άναιδῶς,
3643 3652 3819 3720 ἤγουν

2227 3738 2406 3800 αἰτίας
2443 3739 2668 3805 εὐλόγου
2695 3739 3204 3808 χωρὶς,διὼκεσθαι
3237 3739 3482 3808 ζητοῦσι,
3539 3741 3635 3792 καὶ
3677 3743 3814 3793 ἀποα

2228 3829 2587 3882 καθίστασθαι
2618 3833 2732 3892 τοῖς
2761 3831 3084 3888 ἐπισκόποις
3108 3831 3309 3891 αὐτῶν,
3355 3831 3492 3883 ἀλλὰ
3551 3832 3659 3901 μὴν
3718 3833 3819 3886 καὶ

2228 3918 2378 3988 παρὰ
2409 3920 2520 3981 τοῖς
2552 3919 2875 3980 ἐπισκόποις
2906 3919 3085 3971 αὐτῶν
3118 3918 3439 3980 δικάζεσθαι
3473 3921 3599 3982 τοὺς
3674 3920 3820 3990 κλη-

2233 4006 2422 4076 ρικοὺς
2448 4006 2691 4059 αἰτοῦσι.
2724 4006 3016 4076 Μέμνηται
3079 4006 3133 4057 δὲ
3177 4008 3270 4058 καὶ
3360 4007 3603 4059 κανόνων
3682 4007 3819 4077 περὶ

2229 4097 2434 4150 τούτων
2456 4098 2554 4165 τῆς
2576 4099 2634 4149 ὲν
2689 4097 2897 4165 Νικαίᾳ
2967 4099 3212 4160 συνόδου,
3244 4096 3340 4150 καὶ
3361 4097 3599 4166 οὐδαμοῦ
3623 4099 3819 4165 λέγου·

2239 4206 2322 4240 σιν
2359 4188 2646 4258 ὁρισθῆναι
2678 4187 2996 4255 πέμπεσθαι
3023 4187 3175 4256 παρὰ
3216 4187 3310 4239 τοῦ
3344 4189 3547 4240 πάππα
3604 4190 3819 4243 συνδια-

2234 4275 2524 4343 γνώμονας
2552 4276 2648 4330 καὶ
2676 4277 3007 4338 ὲκδιϐαστὰς
3044 4281 3108 4327 ὲκ
3157 4275 3252 4328 τοῦ
3324 4277 3562 4346 πλευροῦ
3643 4278 3818 4332 αὐτοῦ

2231 4368 2350 4437 ἦτοι
2396 4368 2720 4435 ὲγγίζοντας
2751 4369 2901 4438 αὐτῷ
2930 4370 3071 4420 κατὰ
3134 4368 3231 4437 τὴν
3285 4370 3478 4436 τιμὴν,
3537 4370 3661 4422 ἀντὶ
3719 4371 3819 4423 τοῦ

3483 4460 3620 4512 Οὐδὲ
3704 4462 3820 4532 γὰρ

2235 4549 2471 4618 εὖρομέν
2494 4568 2567 4614 τι,
2597 4551 2756 4618 φασὶ,
2790 4552 3034 4603 τοιοῦτον
3079 4551 3136 4602 ὲν
3168 4554 3280 4611 τοῖς
3313 4551 3648 4619 πεμφθεῖσιν
3677 4554 3816 4620 ἡμῖν

2235 4638 2388 4707 παρὰ
2416 4637 2510 4690 τοῦ
2564 4637 2980 4704 Ἀλεξανδρείας
3029 4638 3310 4707 Κυρίλλου
3348 4640 3444 4689 καὶ⁸
3502 4637 3599 4689 τοῦ
3659 4640 3820 4692 Κων-

2236 4729 2741 4790 σταντινουπόλεως
2788 4728 3060 4781 Ἀττικοῦ.
3098 4728 3190 4796 Μὴ
3243 4724 3339 4781 οὖν
3396 4727 3582 4781 θέλετε
3640 4730 3820 4783 ταῦτα

2236 4820 2430 4879 ποιεῖν,
2466 4817 2603 4887 μηδὲ
2635 4818 2991 4886 παραχωρεῖν
3039 4815 3132 4868 τὸν
3167 4815 3426 4885 καπνώδη
3476 4815 3646 4884 τῦφον
3706 4820 3819 4870 slo-

2238 4907 2465 4974 ἀγεσθαι
2501 4911 2566 4977 τῇ
2613 4907 2912 4976 Ἐκκλησία
2951 4905 3045 4958 τοῦ
3073 4904 3228 4967 Θεοῦ,
3254 4905 3350 4973 τὴν
3384 4906 3462 4968 ὡς
3498 4907 3707 4959 καπνὸν
3728 4926 3820 4962 τα.

2244 5002 2384 5069 χέως
2413 4999 2775 5068 διαλυομένην
2820 4998 2915 5049 καὶ
2956 4996 3365 5066 ἀφανιζομένην
3452 4998 3767 5062 κενοδοξίαν
3806 5017 3820 5032 ·

2240 5090 2322 5140 ὅτι
2372 5088 2560 5156 φασιν,
2596 5088 2627 5155 ἡ
2667 5085 2904 5154 ἁπλότης
2939 5087 3034 5137 καὶ
3068 5088 3099 5148 ἡ
3137 5087 3490 5150 ταπείνωσις,
3548 5088 3621 5149 ὡς
3680 5090 3819 5156 φῶς,

2252 5179 2557 5248 προσφέρει
2579 5177 2677 5247 τὴν
2741 5177 2955 5247 ἡμέραν
3029 5179 3143 5240 τοῖς
3209 5178 3459 5231 θέλουσιν
3530 5180 3662 5232 ίδεῖν
3730 5183 3818 5234 τὸν

2241 5269 2370 5322 Θεόν
2401 5285 2415 5299 ·
2441 5269 2607 5336 ῆγουν
2650 5267 2752 5331 ὅτι,
2776 5265 2964 5335 ὥσπερ
2997 5267 3058 5319 τὸ
3107 5268 3223 5334 φῶς
3254 5267 3472 5336 λάμπον
3509 5269 3609 5338 τὴν
3678 5270 3817 5340 ὴμέ.

570 5381 669 5434 ραν
700 5367 863 5428 ποιεῖ,
904 5366 993 5417 καὶ
1023 5365 1204 5416 δίδωσι
1239 5365 1295 5416 τὸ
1316 5364 1449 5433 δρᾷν
1527 5363 1594 5414 τὰ
1647 5361 1904 5431 αἰσθητὰ,
1950 5360 2122 5423 οὔτως
2162 5358 2466 5430 ήὰπλότης
2493 5355 2588 5407 καὶ
2652 5356 2684 5423 ὴ
2753 5355 3220 5424 ταπεινοφροσύνη
3280 5355 3492 5409 δίδωσιν
3550 5357 3816 5428 ἐλλαμψιν

568 5468 644 5527 τῷ
676 5457 750 5527 νῷ
789 5459 869 5518 εἰς
895 5459 954 5509 τὸ
992 5459 1124 5527 όρᾷν
1163 5458 1252 5508 τὸν
1295 5456 1446 5520 Θεὸν,
1489 5455 1772 5508 τουτέστιν
1811 5455 1884 5516 ὡς
1911 5454 2131 5522 ἐφικτὸν
2175 5450 2510 5518 κατανοῆσαι
2541 5449 2722 5503 αὐτόν.

569 5550 813 5609 ARIST.
834 5571 851 5603 ι
890 5553 1012 5616 Eos,
1043 5557 1185 5623 quia
1213 5556 1365 5607 nobis
1391 5553 1955 5615 cxcommuuicantur,
1991 5561 2141 5619 post-

650 5663 666 5694 σ
707 5645 808 5699 hac
856 5646 906 5697 in
960 5647 1386 5704 communionem
1440 5647 1724 5697 admittere
1779 5659 1845 5696 ne
1899 5643 2073 5697 velitis
2125 5660 2137 5694 :

651 5751 669 5786 ι
709 5733 848 5804 quol
873 5742 922 5789 ct
964 5735 1014 5788 iu
1050 5733 1253 5804 synodo
1295 5733 1510 5788 Niczcua
1552 5735 1820 5787 decretum
1857 5740 1958 5787 cst.
1998 5731 2135 5786 Ecce

2249 5547 2470 5601 ΑΡΙΣΤ.
2508 5565 2526 5596 ι
2565 5547 2701 5607 Τοὺς
2728 5543 3037 5613 παρ’ἡμῶν
3063 5542 3536 5612 ἀποκοινωνήτους
3575 5544 3660 5607 είς
3710 5562 3816 5599 κοι.

2324 5658 2340 5690 ι
2383 5639 2579 5690 νωνίαν
2599 5638 2658 5690 τὸ
2694 5635 2875 5689 λοιπὸν
2911 5636 2986 5705 μὴ
3019 5635 3289 5704 θελήσητε
3363 5634 3777 5703 παραδέξασθαι
3808 5655 3821 5668 ν

2318 5748 2333 5779 ι
2380 5729 2513 5798 ὅπερ
2535 5731 2627 5781 καὶ
2654 5732 2718 5799 τῇ
2749 5730 2805 5780 ἐν
2832 5727 3036 5797 Nntan
3069 5724 3534 5796 συνόδῳβιρισται.
3555 5727 3690 5782 Ἰδοὺ
3717 5728 3815 5796 γὰρ

3845 1462 3945 1469 ——
