4012 6438
217 336 312 413 trs
1184 342 1266 405 1N
1294 344 1458 406 CAN.
1496 343 1748 407 cxxxv
1786 345 1997 408 corrc.
2038 340 2412 413 CARTHAG.

3335 352 3438 418 450

275 477 292 510 ι
332 452 748 524 καὶἋπιάριος,
774 451 981 523 δεχθεὶς
998 453 1151 521 παρα
1173 470 1290 517 σου,
1306 455 1376 523 τῇ
1402 453 1604 524 συνόδῳ
1625 454 1781 508 ἀντέ-

1961 475 1979 507 ι
2018 457 2158 510 enim
2185 467 2239 512 et
2266 457 2575 528 Appiarius,
2607 470 2637 511 a
2669 467 2719 513 te
2749 459 3033 524 admissus,
3066 462 3268 530 synodo
3293 462 3446 515 mti-

283 564 300 598 ι
349 562 472 615 στη,
491 545 584 597 ata‘t
605 543 763 613 ὑϐριν
793 544 1091 613 ὑπήνεγκε,
1112 543 1209 595 καὶ
1229 544 1391 606 τέλος·
1405 545 1775 614 μετεστράφη,

288 655 306 686 ι
350 636 448 689 καὶ
477 635 666 688 ἑαυτὸν
690 633 904 704 ἤλεγξε,
936 635 1248 704 καταλήξας
1270 636 1350 697 εἰς
1382 634 1772 704 στεναγμούς.»

283 727 576 796 Δεξάμενοι
614 727 664 779 of.
699 726 942 794 Πατέρες
970 720 1119 779 οὑτοι
1149 726 1217 779 τὰ
1242 725 1336 778 ῐσα
1379 729 1480 794 τῆς
1555 727 1614 777 έν
1677 726 1777 777 Νι-

218 820 352 887 καίᾳ
386 819 604 871 συνόδου
637 817 986 887 ἀναμφίϐολά
1014 833 1073 869 τε
1107 819 1202 870 καὶ
1251 816 1616 886 ἀληθέστατα,
1684 815 1778 869 καὶ

218 911 293 977 μὴ
321 909 579 974 εὑρόντες
634 908 694 959 ιν
756 910 870 970 τοῖς
920 909 1142 960 κανόσιν
1201 906 1372 975 αὑτῆς
1445 906 1660 977 ὁρισθὲν
1721 908 1780 960 τδ

218 1000 366 1066 παρὰ
395 1000 598 1052 πάππα
635 997 727 1050 τοῦ
763 998 1077 1062 στέλλεσθαι
1129 998 1413 1067 ὑπηρέτας
1469 996 1656 1063 αὑτοῦ,
1685 999 1780 1050 καὶ

214 1090 312 1153 τὰς
346 1091 644 1153 ἰκκλήτους
666 1090 776 1142 τῶν
807 1089 1124 1142 έπισκόπων
1154 1089 1187 1158 ἢ
1243 1089 1520 1159 κληρικῶν
1565 1089 1776 1157 γυμνά-

215 1182 405 1245 ζεσθαι
434 1183 564 1252 παρ’
591 1182 776 1245 αὐτοῖς
801 1196 818 1212 ·
858 1180 1104 1251 ἔγραψαν
1148 1182 1286 1250 πρὸς
1321 1181 1412 1233 τὸν
1462 1180 1780 1234 Κελεστίνον

214 1272 306 1324 τὸν
334 1273 567 1324 πάππαν
612 1271 856 1341 Ῥώμης,
889 1271 1088 1336 μηκέτι
1117 1271 1244 1331 τοὺς
1275 1272 1408 1340 παρ’
1433 1271 1615 1324 αὑτῶν
1645 1274 1780 1341 ὀιιρο⁸

216 1356 538 1426 ριζομένους
572 1358 812 1426 εὐχερῶς
873 1357 961 1427 δὴ,
1014 1358 1110 1410 καὶ
1165 1357 1353 1420 καθὼς
1393 1359 1452 1410 οὑ
1513 1359 1641 1428 χρὴ,
1701 1363 1780 1422 είς

218 1449 499 1502 κοινωνίαν
544 1449 938 1518 ἀποκαθιστᾷν,
995 1450 1030 1519 ἢ
1067 1449 1162 1511 τὰς
1201 1448 1500 1519 ἐκκλήτους
1529 1450 1777 1518 δέχεσθαι

216 1541 320 1593 τῶν
347 1540 728 1610 ὲπισκόπωνῆ
778 1539 1078 1608 κληρικῶν,
1142 1539 1254 1592 τῶν
1317 1541 1396 1600 εἰς
1466 1538 1781 1608 καθαίρεσιν

221 1631 346 1698 παρ’
398 1630 577 1682 αὑτῶν
611 1630 1118 1683 καταδικασθέντων
1152 1645 1166 1660 ·
1232 1629 1328 1682 καὶ⁵
1381 1629 1781 1699 πρεσϐυτέρους

1953 564 1973 597 ι
2011 549 2094 611 tit,
2121 558 2177 602 et
2203 549 2451 618 injuriam
2476 549 2677 611 attulit.
2705 558 2759 604 et
2781 551 2994 604 tandem
3019 565 3316 606 conversus
3339 562 3442 618 est,

1955 656 1975 687 ι
2013 647 2068 690 et
2095 639 2328 706 seipsum
2352 641 2720 708 reprehendit,
2748 642 2993 706 suspiriis
3021 641 3295 696 desinens.
3334 658 3370 694 ιδ

1951 727 2139 782 Patres
2179 729 2235 782 bi
2263 729 2561 784 indubitata
2592 739 2647 783 et
2676 728 2959 784 verissima
2995 733 3182 800 synodi
3211 731 3444 788 Nicena:

1879 820 2208 886 exemplaria
2248 821 2592 888 recipientes,
2633 819 2689 874 in
2723 821 3021 875 canonibus
3056 821 3197 876 illius
3228 838 3335 877 non
3367 825 3446 876 in-

1880 911 2156 964 venientes
2207 911 2500 974 decretum,
2548 922 2604 965 nt
2647 926 2675 964 a
2735 926 2868 980 papa
2925 916 3270 966 mitterentur
3318 916 3436 980 ejus

1883 999 2138 1064 minisui,
2164 1007 2218 1052 et
2239 999 2618 1068 episcoporum
2639 1009 2692 1053 et
2714 1000 3032 1054 clericorum
3061 1002 3444 1068 appellationes

1880 1088 2018 1155 apud
2053 1102 2145 1142 eos
2167 1099 2572 1154 exercerentur,
2611 1090 2678 1144 ad
2701 1090 3025 1144 Celestinum
3050 1091 3232 1145 Romae
3254 1106 3442 1160 papam

1880 1180 2236 1248 scripserunt,
2265 1191 2321 1233 ut
2349 1189 2532 1248 postea
2575 1183 2642 1234 ab
2679 1182 2814 1248 ipsis
2841 1192 3149 1250 segregatos
3192 1181 3370 1245 facile,
3395 1193 3447 1234 et

1883 1280 1941 1323 ut
1965 1287 2068 1324 non
2099 1273 2270 1334 decet,
2302 1273 2354 1324 in
2379 1273 2812 1326 communionem
2842 1287 2947 1325 non
2987 1275 3318 1335 restitueret,
3351 1286 3448 1324 nec

1881 1359 2256 1427 episcoporum
2286 1368 2379 1412 aut
2419 1359 2742 1414 clericorum
2781 1361 2848 1414 ab
2882 1363 3012 1428 ipsis
3051 1363 3114 1413 ad
3154 1361 3448 1427 depositio-

1882 1462 2007 1500 nem
2043 1447 2521 1501 condcmnatorum
2563 1449 2978 1517 appellationem
3028 1451 3314 1518 reciperet,
3351 1467 3448 1504 nec

1882 1539 2228 1606 presbyteros
2253 1551 2381 1591 suos
2425 1538 2692 1602 mitteret;
2729 1550 2782 1592 et
2811 1542 2876 1594 iis
2918 1541 3294 1610 appellationis
3323 1557 3448 1596 exa-

1881 1628 2233 1682 tninationem
2285 1627 2670 1694 committeret,
2718 1631 2811 1682 sed
2863 1641 2920 1683 ut
2960 1631 3443 1684 condemnatorum

222 1721 382 1782 ἰδίους
414 1720 680 1786 στέλλειν,
709 1723 802 1774 κα)⁸
829 1719 929 1792 τὴν
977 1721 1078 1789 τῆς
1112 1720 1379 1788 ὲκκλήτου
1453 1719 1779 1788 δοκιμασίαν

1885 1719 2260 1787 unusquisque
2307 1719 2376 1773 ad
2415 1720 2652 1789 propria:
2676 1721 2968 1788 provinciae
3007 1721 3239 1789 synodos
3267 1721 3449 1790 appel-

221 1811 530 1863 ἀνατιθέναι
582 1783 810 1873 αὐτοῖς’
883 1783 1280 1864 ’ἀλλ”ἒκαστον
1323 1810 1431 1862 τῶν
1486 1783 1780 1862 καταδικα-

1881 1806 2102 1872 ιετθι,νεί
2133 1807 2309 1872 vellet,
2342 1808 2424 1861 vel
2451 1808 2615 1862 etiam
2639 1808 2704 1861 ad
2732 1809 2988 1877 synodum
3021 1809 3444 1873 meumenicam;

220 1903 456 1954 σθέντων
490 1903 629 1971 πρὸς
659 1902 759 1963 τὰς
795 1901 1050 1963 συνόδους
1074 1901 1172 1970 τῆς
1207 1900 1343 1961 ιδίας
1372 1899 1648 1969 ἐπαρχίας
1682 1901 1775 1952 ὲκ-

219 1992 517 2056 καλείσθαι,
550 1995 599 2044 εί
631 1990 904 2062 βούλεται,
943 1991 976 2059 ἢ
1003 1991 1084 2042 ἔτι
1119 1990 1227 2059 μὴν
1282 1991 1418 2058 πρὸς
1475 1991 1781 2059 οίκουμενι-

218 2081 316 2150 κήν
341 2081 560 2132 σύνοδον
587 2096 602 2110 ·
635 2083 721 2133 ἵνα
751 2083 826 2149 μὴ
851 2080 1117 2148 κοσμικδν
1152 2079 1320 2147 τῦφον
1377 2083 1444 2149 τῇ
1491 2079 1585 2133 τοῦ
1641 2081 1778 2150 Χρι-

217 2171 339 2224 στοῦ
369 2170 669 2241 Ἐκκλησία
694 2171 938 2237 εἰσάγειν
954 2169 1101 2240 δόξῃ.
1124 2169 1486 2239 Παρέστησαν
1512 2169 1569 2221 δὲ
1599 2169 1777 2233 τοῦτο,

215 2263 272 2314 ea
307 2263 375 2328 ἐξ
397 2262 573 2330 ἔργων
603 2261 783 2314 αὐτῶν
811 2263 905 2314 καὶ
930 2259 1087 2330 ὕϐριν
1116 2263 1238 2322 ταῖς
1281 2261 1630 2332 Ἐκκλησίαις
1677 2265 1778 2314 έπ-

201 2353 353 2420 -άγον
383 2369 396 2384 ·
422 2352 516 2404 τὸν
549 2354 656 2421 γὰρ
686 2352 1054 2423 πρεσϐύτερον
1116 2352 1417 2421 ’Δπιὰριον,
1479 2353 1542 2404 ὲκ
1573 2355 1672 2421 τῆς
1722 2355 1779 2404 έν

216 2444 388 2516 Σίκκῃ
427 2442 754 2513 Ἐκκλησίας
781 2443 1176 2513 ἁποκινηοέντα
1209 2443 1276 2496 δι’
1298 2442 1550 2508 εὐλόγους
1579 2444 1776 2508 αἰτίας,

215 2531 330 2588 εἶτα
360 2535 510 2606 αὑτῷ
537 2537 603 2606 δὴ
627 2536 701 2605 τῷ
755 2538 1064 2608 Κελεστίνῳ
1125 2538 1203 2606 τῷ
1266 2537 1486 2606 Ῥώμης
1546 2539 1779 2606 προσελ-

1879 1910 1947 1949 ne
1980 1898 2289 1952 saacularem
2325 1897 2526 1951 fastum
2560 1899 2612 1952 in
2639 1897 2840 1952 Christi
2867 1898 3164 1950 Ecclesiam
3203 1899 3446 1952 introdu-

1883 1999 2007 2040 cere
2054 1987 2347 2042 videretur.
2399 1987 2503 2043 Sed
2551 1988 2680 2042 illud
2711 1991 2872 2042 etiam
2906 1989 3074 2059 678
3126 1989 3444 2044 inmedium

1879 2077 2269 2146 producebant,
2297 2081 2438 2146 quod
2470 2081 2874 2134 eristiusmodi
2912 2083 3170 2150 operibus
3203 2081 3442 2136 Ecclesia

1883 2168 2210 2221 contumelia
2241 2167 2564 2223 afﬁceretur.
2595 2169 2730 2223 Nam
2763 2171 3040 2239 Apiarinur
3070 2171 3444 2239 presbyterum

1883 2255 2052 2309 Sicca:
2101 2256 2351 2312 Ecclesiae
2393 2260 2460 2312 ob
2489 2260 2664 2327 justas
2712 2274 2904 2313 causas
2949 2269 3207 2324 amotum,
3255 2261 3447 2317 deinde

1881 2347 1946 2400 ad
1976 2348 2145 2416 ipsum
2167 2347 2498 2402 Celestinum
2529 2345 2712 2404 Romae
2734 2352 3046 2420 episcopum
3075 2353 3441 2417 accedentem,

1881 2448 1934 2492 et
1966 2438 2031 2490 ab
2081 2453 2145 2493 eo
2186 2449 2490 2507 acceptum,
2528 2450 2583 2494 et
2616 2455 2736 2494 cum
2774 2440 3034 2496 Faustino
3078 2443 3330 2510 episcopo
3378 2446 3443 2496 ad

1879 2528 2116 2581 Africam
2153 2529 2400 2591 missum,
2433 2538 2488 2582 ut
2518 2531 2854 2599 presbyterio
2885 2530 2998 2596 ipse
3033 2530 3229 2586 iterum
3259 2533 3446 2586 redde-

214 2628 396 2692 θόντα,
439 2632 533 2681 καὶ
563 2628 694 2697 παρ’
726 2628 891 2681 αὑτοῦ
922 2627 1203 2698 δεχθέντα,
1236 2629 1331 2680 καὶ
1385 2629 1522 2695 μετὰ
1553 2629 1781 2682 Φαυστί-

1884 2629 2054 2683 retur,
2087 2635 2202 2686 qua:
2233 2629 2413 2674 autem
2447 2622 2513 2674 ab
2543 2621 2672 2690 ipsis
2704 2616 3132 2677 Tbai'abrarenis
3161 2624 3208 2676 ei
3239 2625 3445 2692 objecta

213 2735 302 2769 νου
335 2716 428 2770 τοῦ
461 2719 764 2772 ἐπισκόπου
794 2720 1053 2772 σταλέντα
1085 2720 1222 2789 πρὸς
1243 2718 1342 2786 τὴν
1373 2719 1660 2788 Ἀφρικὴν,
1686 2717 1779 2770 ἐπὶ

1882 2706 2097 2761 fuerant
2131 2707 2359 2760 crimina
2410 2708 2877 2770 examinarentur,
2912 2707 3442 2774 impudentissimum

212 2807 283 2875 τῷ
306 2808 640 2878 ἀποδοθῆναι
675 2809 836 2861 αὑτὸν
869 2805 1022 2869 αὖθις
1053 2809 1130 2878 τῷ
1157 2803 1557 2878 πρεσϐυτερίῳ,
1590 2809 1781 2872 κατεξ-

1882 2798 2044 2852 istum
2076 2812 2326 2866 propere,
2354 2807 2408 2851 et
2450 2807 2506 2850 ut
2541 2813 2649 2852 non
2683 2798 2988 2866 oportebat,
3015 2799 3080 2851 ad
3112 2800 3446 2852 communio.

214 2897 511 2966 ετασθῆναι
541 2898 599 2950 δὲ
645 2898 743 2953 καὶ
775 2899 842 2949 τὰ
864 2898 994 2966 παρ’
1022 2899 1199 2951 αὐτῶν
1228 2899 1292 2966 δὴ
1329 2897 1437 2949 τῶν
1489 2897 1780 2967 Θαραϐρα-

1881 2902 2006 2942 nem
2053 2887 2218 2954 recipi
2271 2887 2572 2951 constituit,
2624 2890 2786 2941 etiam
2839 2887 3043 2958 synodo
3090 2889 3447 2944 contumelias

215 2987 392 3054 κηνῶν
427 2988 548 3039 κατ’
579 2987 747 3040 αὑτοῦ
791 2987 1147 3056 ἐπενεχθέντα
1192 2987 1510 3054 ἐγκλήματα
1536 3001 1551 3016 ·
1627 2989 1781 3038 ἀναι-

1881 2979 2229 3046 alﬂigentem,
2260 2988 2317 3031 ut
2348 2980 2415 3032 ab
2445 2994 2504 3032 ea
2544 2993 2648 3032 non
2683 2991 2984 3047 acceptum,
3015 2994 3078 3033 eo
3109 2981 3247 3047 quod
3283 2994 3446 3035 accu-

217 3080 573 3146 σχυντότερον
612 3079 803 3132 τοῦτον
836 3080 897 3132 τὸ
951 3079 1280 3142 σπουδαίως,
1308 3079 1403 3130 καὶ
1432 3078 1506 3139 ὡς
1532 3077 1630 3129 οὑκ
1650 3077 1777 3141 ἔδει,

1882 3080 2090 3123 satores
2130 3068 2246 3137 ejus
2275 3083 2454 3122 coram
2491 3068 2729 3131 stabant,
2764 3081 2818 3123 et
2858 3083 2979 3122 eum
3014 3070 3435 3133 convincebant,

213 3169 287 3230 ιίς
337 3173 631 3224 κοινωνίαν
685 3173 1096 3241 παραδεχθῆναι
1151 3171 1483 3237 κατέστησε,
1566 3171 1658 3221 καὶ
1709 3171 1774 3238 τῇ

1883 3162 1971 3228 qui
2006 3170 2120 3228 post
2163 3160 2358 3214 multas
2395 3161 2854 3214 contradictiones
2887 3171 2941 3214 et
2977 3163 3316 3229 impudentes
3351 3162 3448 3214 de-

213 3262 413 3331 συνόδῳ
442 3261 628 3332 ὑϐρεις
654 3264 950 3331 ἐπάγοντα,
983 3262 1057 3325 ὡς
1093 3261 1168 3332 μὴ
1203 3261 1493 3330 δεχόμενον
1521 3258 1649 3328 παρ’
1680 3259 1780 3311 αὑ·

1884 3251 2214 3319 negationes,
2241 3253 2572 3318 argumentis
2596 3251 2801 3319 pariter
2831 3261 2883 3305 et
2913 3252 3126 3320 propria
3156 3251 3445 3305 conscien-

215 3354 328 3423 τῆς,
367 3355 457 3408 διὰ
480 3359 540 3408 τὸ
562 3357 690 3418 τοὺς
720 3355 1064 3425 κατηγόρους
1095 3354 1240 3406 κατὰ
1290 3352 1584 3421 πρόσωπον
1615 3349 1776 3402 αὑτοῦ

1883 3339 1954 3391 tia
2003 3339 2058 3391 in
2115 3341 2385 3407 angustias
2443 3342 2786 3408 compulsus,
2853 3342 3078 3393 crimina
3135 3342 3182 3394 ei
3238 3341 3443 3408 objecta

213 3443 487 3510 ίστασθαι,
513 3449 605 3499 καὶ
628 3446 952 3516 ἀπελέγχειν
1003 3446 1190 3506 αὑτὸν,
1223 3445 1318 3496 καὶ
1377 3444 1511 3512 μετὰ
1574 3442 1774 3502 πολλὰς

1881 3428 2094 3496 publice
2138 3427 2434 3494 confessus,
2464 3437 2518 3483 et
2567 3431 2619 3484 in
2661 3430 2888 3499 suspiria
2940 3446 3231 3487 conversus
3274 3444 3357 3486 est
3387 3447 3438 3490 ct

213 3535 519 3603 ἀντιλογίας
551 3538 643 3586 καὶ
706 3534 1095 3603 ἀναισχύντους
1124 3534 1382 3601 ἀρνήσεις
1444 3546 1774 3599 στενοχωρη-
1881 3516 2168 3586 “eryma-

213 3633 370 3686 Θέντα
418 3631 527 3683 ὑπό
558 3647 616 3682 τε
672 3631 781 3682 τῶν
841 3631 1082 3698 ἐλέγχων
1129 3630 1222 3681 καὶ
1284 3628 1382 3698 τῆς
1436 3626 1577 3689 ιδίας
1646 3629 2025 3700 συνειδήσεως,
2063 3634 2298 3706 δημοσία
2368 3637 2780 3709 ὁμολογήσαντα
2833 3641 2903 3692 τὰ
2965 3641 3086 3694 κατ’
3113 3643 3274 3697 αὑτοῦ
3309 3663 3442 3716 προ-

218 3724 442 3778 τεθέντα
471 3723 816 3793 έγκληματα,
877 3722 972 3776 καὶ
1035 3723 1116 3786 εἰς
1176 3722 1532 3783 πεναγαοὺς-
1579 3723 2028 3792 μεταστραφέντα
2055 3725 2149 3792 καὶ
2179 3725 2410 3796 δάκρυα.

223 3956 319 4010 Ἐκ
359 3953 482 4006 τῶν
500 3948 886 4020 ,πραχθέντων
914 3946 1355 4016 ὑπομνημάτων
1382 3944 1451 3999 ἐν
1466 3949 1781 4000 Κωνσταν-

279 4041 776 4106 τινουπολειπερι
798 4040 1084 4109 Ἀγαπίου
1133 4037 1232 4090 καὶ
1278 4035 1590 4102 Βαγαδίου,
1647 4038 1780 4091 ἐκα-

277 4137 454 4206 τέρου
502 4133 905 4203 ἀντεχομένου
939 4132 1047 4198 τῆς
1087 4126 1425 4194 ἐπισκοπῆς
1483 4130 1780 4198 Βόστρων.

1888 3951 1971 4005 Ex
2011 3956 2355 4010 monumentis
2387 3963 2625 4010 actorum
2658 3955 3113 4023 Constantinopofi
3150 3957 3213 4010 de
3239 3957 3438 4029 Agapio

1962 4051 2013 4096 et
2077 4043 2354 4113 Bagadio,
2428 4057 2643 4116 utroque
2713 4048 3007 4100 vindicante
3086 4047 3439 4116 episcopatu»:

1948 4135 2175 4190 Bostrw.

218 4295 236 4327 ι
281 4275 405 4328 Ἐπὶ
429 4272 696 4332 ὑπατείας
721 4270 828 4322 τῶν
856 4267 1266 4322 εὐσεϐεστάτων
1283 4274 1380 4320 καὶ
1423 4265 1776 4335 θεοφιλεστά-

287 4387 306 4418 ‹
353 4383 464 4420 των
505 4362 768 4434 βασιλέων
791 4360 948 4430 ἡμῶν
971 4358 1203 4410 Φλαϐίου
1242 4357 1555 4427 ’Δρκαδίου,
1575 4356 1781 4424 Αὐγού-

286 4474 305 4507 ι
354 4472 484 4508 στου
508 4453 585 4522 τῷ
603 4451 790 4520 τρίτῳ,
817 4447 1166 4517 καὶὮνορίου
1185 4447 1260 4517 τῷ
1280 4447 1539 4516 δευτέρῳ,
1571 4446 1648 4515 τῷ
1670 4447 1774 4516 πρὸ
1807 4491 1848 4542 D

283 4563 301 4594 ι
348 4544 518 4615 τριῶν
541 4539 818 4593 καλανδῶν
862 4538 1231 4607 Ὀκτωϐρίων,
1269 4538 1328 4588 ἐν
1372 4536 1452 4605 τῷ
1503 4552 1773 4604 φωτιστη-

285 4655 302 4686 ι
349 4636 455 4704 ρίῳ
481 4634 580 4702 τῆς
605 4633 663 4683 ὲν
682 4630 1251 4684 Κωνσταντινουπόλει
1275 4628 1584 4695 ἁγιωτάτης
1652 4625 1774 4678 Ἐκο

285 4745 304 4776 ι
349 4723 599 4792 κλησίας,
633 4720 1006 4775 καθεσθέντων
1036 4719 1142 4771 τῶν
1171 4719 1492 4783 ἁγιωτάτων
1554 4717 1775 4768 ἐπισκό-

285 4835 304 4868 ι
349 4833 470 4868 πων
505 4813 810 4883 Νεκταρίου
843 4808 1484 4870 Κωνσταντινουπόλεως,
1515 4807 1772 4872 Θεοφίλου

290 4923 309 4956 ι
368 4902 808 4972 ’Δλεξανδρείας,
843 4899 1149 4953 Φλαϐιανοῦ
1167 4899 1522 4966 Ἀντιοχείας,
1577 4897 1778 4949 Παλλα·

291 5015 308 5047 ι
353 4995 470 5048 δίου
505 4993 844 5060 Καισαρείας
871 4991 1290 5054 Καππαδοκίας,
1354 4988 1614 5041 Γελασίου
1637 4989 1776 5039 Και-

291 5107 308 5140 ι
358 5087 587 5156 σαρείας
612 5083 996 5150 Παλαιστίνης,
1025 5081 1327 5150 Γρηγορίου
1373 5078 1614 5146 Νύσσης,
1646 5076 1774 5145 Ἀμ-

289 5199 305 5230 ι
349 5177 594 5247 φιλοχίου
629 5174 880 5236 Ἰκονίου,
920 5172 1132 5225 Παύλου
1177 5169 1544 5239 Ἡρακλείας,
1615 5168 1773 5236 Ἀρα-

291 5286 309 5318 ι
353 5264 544 5318 σιεινοῦ
591 5263 884 5331 Ἀγκύρας,
915 5263 1210 5328 ’Ἄμμωνος
1268 5257 1772 5325 Ἀδριανουπόλεως,

289 5378 306 5409 ι
357 5355 624 5425 ⁴δαλερίου
647 5353 886 5422 Ταρσοῦ,
911 5353 1142 5405 Λουκίου
1177 5349 1551 5419 ’Ῑεραπόλεως,
1599 5347 1776 5398 Ἐλπι-

289 5468 306 5501 ι
353 5451 467 5502 δίου
495 5449 840 5509 Λαοδικείας,
875 5443 1088 5497 Παύλου
1133 5439 1522 5509 ’Δλεξανδρῶν,
1558 5438 1775 5491 Διοσκό-

289 5557 307 5588 ι
355 5555 449 5608 pou
533 5535 973 5604 Ἐρμουπόλεως,
1075 5529 1376 5598 Προϐατίου
1455 5527 1769 5594 Βερονίκης,

293 5647 309 5680 ι
355 5628 636 5695 Θεοδώρου
731 5623 1127 5692 Μοψουεστίας.
1211 5619 1368 5681 Βίζου
1429 5617 1770 5681 Σελευκείας,

290 5738 308 5772 ι
361 5719 668 5780 Ἐπαγάθου
700 5713 1252 5781 Μαρκιανουπόλεως,
1277 5709 1560 5779 Γεροντίου
1592 5709 1772 5761 Κλαυο

1883 4293 1899 4325 ι
1943 4276 1998 4328 In
2028 4277 2314 4330 consulatu
2353 4276 2882 4347 religiosissimorum
2912 4285 2966 4330 et
3002 4275 3095 4331 Dei
3121 4276 3432 4331 amantissi-

1958 4383 1977 4417 ι
2015 4380 2223 4420 morum
2277 4350 2663 4434 imperatorum
2723 4375 3029 4421 nostrorum
3083 4365 3162 4420 ΡΙ.
3218 4366 3439 4421 Arcadii

1953 4472 1970 4506 ι
2008 4455 2238 4523 Augusti
2278 4455 2520 4516 tertium,
2553 4465 2606 4508 et
2650 4455 2868 4510 Honorii
2913 4457 3229 4520 secundum,
3278 4457 3341 4509 Α.
3376 4456 3437 4508 D.

1959 4561 1976 4594 ι
2016 4546 2175 4599 tertio
2210 4544 2461 4598 calendas
2495 4544 2742 4600 Octobris
2779 4547 2829 4598 in
2862 4545 3183 4615 Baptisterio
3210 4549 3438 4601 sanctis-

1959 4649 1977 4682 ι
2016 4633 2166 4686 sima:
2208 4631 2820 4700 Conmantinopolitanze
2865 4635 3136 4698 Ecclesiae,
3195 4637 3438 4689 sedenti-

1963 4739 1981 4772 ι
2020 4722 2121 4775 b’us
2153 4723 2512 4776 sanctissimis
2542 4725 2832 4791 episcopis,
2871 4725 3124 4778 Nectario
3162 4725 3437 4778 Constan-

1955 4829 1973 4862 ι
2016 4811 2384 4880 tinopolitano,
2420 4813 2720 4880 'l‘lieopl'iilo
2758 4815 3140 4877 Alexandrino,
3177 4813 3438 4868 Flaviano

1953 4917 1972 4950 ‹
2010 4901 2385 4966 Antiocheno,
2442 4899 2680 4953 Palladio
2747 4901 3000 4955 Caesarea:
3054 4901 3436 4970 Cappadociae,

1956 5009 1974 5042 ι
2011 4991 2224 5045 Gelasio
2256 4991 2516 5045 Caesarea:
2559 4988 2876 5052 Palaestinae,
2927 4991 3187 5059 Gregorio
3235 4991 3439 5061 Nyssze,

1955 5101 1972 5133 ι
2014 5082 2388 5149 Antpbilchio
2418 5080 2602 5142 lconii,
2641 5083 2803 5138 Paulo
2838 5083 3130 5147 Heracleae,
3167 5085 3440 5136 Arabiano

1951 5190 1970 5222 ι
2010 5175 2259 5240 Ancyrae,
2283 5174 2546 5225 Ammone
2568 5171 2961 5240 Adrianopolis,
2989 5171 3237 5226 Plialerio
3261 5173 3436 5237 Tarsi,

1966 5281 1983 5312 ι
2024 5260 2191 5314 Lucio
2266 5261 2586 5328 Hierapolis,
2647 5263 2856 5328 Elpidio
2911 5263 3222 5323 Laodiceae.
3281 5265 3444 5318 Paulo

1956 5369 1976 5402 ι
2015 5351 2465 5413 Alexandrorum,
2506 5351 2759 5404 Dioscoro
2789 5351 3149 5419 Hermopolis,
3190 5352 3442 5407 Probatio

1954 5461 1974 5494 ι
2008 5441 2314 5506 Beronices,
2358 5439 2645 5495 Theodoro
2677 5440 3032 5504 Mepsuestim,
3081 5440 3206 5494 Bizo
3257 5440 3440 5495 Seleu-

1948 5551 1965 5582 ι
2005 5533 2120 5594 ciae,
2152 5531 2431 5601 Epagatho
2476 5531 2906 5598 Marcianopolis,
2955 5529 3217 5584 Gerontio
3267 5529 3435 5583 Clau-

1949 5641 1968 5674 ‹
2006 5623 2326 5691 dianopolis,
2373 5632 2426 5676 et
2464 5621 2590 5676 aliis
2623 5622 2848 5676 diversis
2895 5623 3184 5691 episc0pis,
3231 5633 3283 5675 et
3321 5625 3441 5674 nni-

1953 5732 1970 5765 ι
2009 5729 2165 5771 verso
2210 5717 2402 5772 ordine
2443 5715 2804 5782 sacerdotali;
2837 5714 3118 5772 Nectarius
3152 5714 3438 5782 episcOpns
