4012 6480
528 357 622 420 451
686 389 688 391 >
1773 352 2054 414 THEOD.
2090 351 2320 412 BALSA
2331 349 2491 412 MON
3645 353 3674 413 4
3687 351 3758 414 52

604 491 622 522 ι
658 467 1280 538 Constantinopolitnnus
1309 467 1481 522 dixit:
1518 463 1713 520 Sancta
1746 466 1847 520 hac
1874 464 2084 536 synodo
2115 476 2160 530 Α

2265 482 2284 514 ι
2330 463 2750 531 διανουπόλεως,
2785 465 2880 518 καὶ
2933 467 3136 536 ἐτέρων
3203 465 3479 537 διαφόρων
3530 465 3759 519 ἐπισκό-

602 579 620 612 ι
664 561 753 614 Dei
778 563 947 626 gratia
971 575 1154 614 rursus
1174 559 1224 612 in
1253 560 1352 613 hoc
1378 569 1564 611 sancto
1593 559 1711 612 loco
1738 567 2080 626 congregata,

2264 573 2282 606 ι
2330 571 2471 620 πων,
2535 558 2630 609 καὶ
2679 557 2876 620 παντὸς
2941 557 3036 610 τοῦ
3112 544 3403 627 ίερᾶτείου,
3457 557 3760 626 Νεκτάριος

600 670 617 702 ι
659 651 703 705 si
729 651 914 704 eadem
944 662 1256 704 sanetorum
1294 648 1515 702 fratrum
1551 658 1604 701 et
1641 648 1695 700 iii
1735 647 1906 700 sacris
1937 661 2084 699 com-

2259 667 2278 698 ι
2322 649 2620 712 ἐπίσκοπος
2675 651 3310 714 Κωνσταντινουπόλεως
3382 648 3582 703 εἶπεν·
3636 648 3755 718 Τῆς

601 758 620 791 ι
658 744 1026 796 ministrorum
1072 743 1309 811 synodus
1343 740 1416 792 ita
1454 747 1660 800 censet,
1712 738 1834 804 quia
1871 739 2086 790 adstare

2261 756 2279 788 ι
2329 739 2490 804 ἁγίας
2520 740 2722 810 ταύτης
2755 743 2975 795 συνόδου
2999 744 3140 795 κατά
3163 742 3296 794 Θεοῦ
3329 744 3492 812 χάριν
3517 740 3682 793 πάλιν
3706 742 3763 792 ὲν

596 851 613 882 ι
659 830 813 885 video
843 846 957 892 eos.
988 830 1078 900 qui
1099 832 1431 884 contendunt
1455 831 1522 884 de
1558 829 1938 883 Bostrenorum
1967 827 2085 894 cpi-

2260 848 2279 881 t
2325 832 2401 900 τῷ
2425 831 2564 901 ἁγίῳ
2580 833 2728 902 τόπῳ
2749 834 2923 902 τούτῳ
2949 833 3386 903 συνειλεγμένης,
3405 835 3454 885 εί
3479 830 3764 896 δοκιμάζει

604 937 620 969 ι
663 930 907 987 scopatu,
937 921 1139 973 fratres
1165 929 1380 973 nostros
1404 918 1697 987 Bagadium
1725 927 1776 969 et
1801 909 2084 986 Agapium,

2261 937 2278 969 ι
2326 921 2360 981 ἠ
2399 921 2535 990 αὐτὴ
2565 923 2674 974 τῶν
2700 922 2872 989 ἁγίων
2895 922 3141 991 ἀδελφῶν
3191 931 3285 974 και
3328 921 3765 989 συλλειτουργῶν

597 1027 616 1058 ι
656 1010 708 1062 hi
742 1023 834 1062 sua
862 1010 1001 1063 inter
1021 1024 1079 1063 se
1104 1009 1464 1075 invicemjura
1489 1009 1743 1076 incipiant
1767 1021 2086 1075 proponere.

2268 1027 2286 1058 ι
2338 1011 2578 1076 σύνοδος,
2607 1015 2797 1083 ἐπειδὴ
2830 1016 2925 1067 καὶ
2949 1014 3190 1076 ἑστῶτας
3215 1014 3327 1080 ὁρῶ
3361 1015 3484 1076 τοὺς
3509 1014 3765 1083 διαφερο-

603 1117 620 1148 ι
658 1100 722 1152 Ει
763 1110 1046 1168 postquam
1080 1099 1260 1166 aliqua
1295 1101 1364 1152 ab
1393 1101 1472 1152 eis
1502 1114 1597 1167 pro
1625 1100 1722 1152 hac
1765 1111 1925 1151 causa
1966 1104 2088 1150 acta

2262 1121 2280 1154 ι
2324 1103 2520 1171 μένους
2573 1105 2706 1176 πρὸς
2742 1107 2968 1169 ἑαυτοὺς
2995 1105 3125 1174 περὶ
3155 1104 3256 1172 τῆς
3302 1103 3412 1156 τῶν
3447 1103 3769 1173 Βοστρηνῶι

605 1207 621 1239 ι
664 1201 865 1256 essent,
911 1197 966 1242 et
989 1190 1116 1242 dicti
1163 1189 1379 1258 Bagadii
1411 1188 1799 1256 depositionem
1827 1201 1856 1239 a
1882 1188 2090 1240 duobus

2263 1211 2280 1244 ι
2325 1193 2652 1264 ἐπισκοπῆς,
2684 1203 2808 1260 τοὺς
2831 1197 3096 1264 ἀδελφοὺς
3161 1194 3320 1266 ήμῶν
3373 1194 3643 1262 Βαγαδίον
3678 1199 3773 1246 καὶ

603 1300 620 1331 ι
664 1282 794 1334 solis
829 1280 1095 1348 episcopis
1127 1279 1236 1348 jam
1269 1269 1508 1347 tempore
1539 1278 1701 1346 hujus
1726 1277 1912 1346 synodi
1949 1291 2090 1328 mor

2264 1302 2282 1335 ι
2336 1285 2597 1352 ’Δγάπιον
2669 1288 2778 1340 τῶν
2810 1289 2944 1358 πρὸς
2998 1288 3262 1358 ἀλλήλους
3326 1285 3662 1356 ἐνάρξασθαι
3694 1285 3775 1339 διο

602 1390 620 1422 ι
665 1373 772 1424 tttis
804 1370 999 1422 factam
1027 1379 1301 1422 ostensum
1326 1378 1472 1422 esset
1497 1384 1512 1432 ;
1540 1368 1842 1421 Arahianus
1863 1368 2090 1436 Ancyra:

2262 1391 2281 1425 ι
2328 1377 2519 1429 καίων.
2545 1377 2653 1429 Καὶ
2691 1379 2829 1446 μετά
2855 1379 2916 1431 τὸ
2951 1377 3257 1449 πραχθῆναί
3281 1393 3400 1428 τινα
3428 1374 3559 1444 παρ’
3586 1377 3775 1439 αὐτοῖς

607 1481 624 1513 ι
661 1463 944 1528 episc0pus
976 1461 1114 1514 dixit
1149 1478 1162 1512 :
1199 1459 1314 1513 Non
1349 1469 1568 1528 propter
1604 1459 1745 1512 hanc
1784 1459 1958 1520 litem,
1994 1457 2090 1510 sed

2263 1483 2281 1516 ι
2325 1466 2487 1535 χάριν
2543 1470 2640 1534 τῆς
2667 1471 2840 1537 αὐτῆς
2871 1469 3202 1532 ὑποθέσεως,
3232 1467 3327 1520 καὶ
3358 1467 3774 1535 ἐμφανισθῆναι

603 1573 620 1604 ι
655 1555 720 1606 de
745 1563 848 1604 tota
870 1553 1121 1620 deinceps
1145 1553 1253 1604 vita
1278 1552 1327 1605 id
1348 1561 1613 1614 metuens,
1635 1565 1825 1618 precor
1847 1558 2089 1604 sanctam

2267 1575 2286 1606 ι
2330 1557 2651 1624 καθαίρεσιν
2716 1559 2813 1612 τοῦ
2874 1560 3135 1630 ῥηθέντος
3169 1564 3438 1633 Βαγαδίου
3465 1560 3776 1632 γενομένην

604 1660 622 1694 ι
660 1641 919 1712 synodum
954 1651 1192 1695 statuere
1225 1656 1238 1692 :
1282 1640 1499 1694 Licetne
1530 1656 1559 1693 a
1590 1641 1796 1695 duobus
1826 1641 2089 1709 episcopis

2266 1666 2284 1699 ι
2328 1649 2430 1700 ὑπὸ
2459 1649 2549 1702 δύο
2577 1651 2669 1702 καὶ
2703 1651 2880 1718 μόνων
2909 1654 3222 1708 ἐπισκόπων
3244 1656 3353 1710 τῶν
3385 1657 3479 1708 καὶ
3513 1650 3771 1707 τετελευα

605 1751 623 1783 ι
662 1732 776 1786 ﬁeri
820 1733 1231 1799 depositionettt,
1263 1747 1330 1785 an
1379 1732 1532 1786 non?
1563 1743 1616 1786 et
1641 1734 1865 1787 absente
1896 1740 2091 1785 metro—
2122 1797 2162 1816 ἢ

2265 1756 2281 1785 ι
2326 1740 2570 1809 τηκότων
2617 1741 2720 1811 ἥδη
2755 1744 2894 1795 κατὰ
2925 1745 3017 1796 τὸν
3055 1747 3246 1815 καιρὺν
3275 1747 3371 1816 τῆς
3403 1738 3577 1814 αὐτῆς
3614 1741 3777 1795 συνό-

606 1840 624 1872 ι
666 1823 899 1890 politano
926 1823 1071 1887 licet,
1104 1839 1170 1875 an
1199 1821 1347 1876 non?
1381 1822 1639 1877 Praesenti
1673 1825 1885 1891 quidem
1914 1837 2090 1876 causae
2122 1797 2163 1850 Β

2265 1847 2284 1880 ι
2332 1797 2422 1882 δου
2458 1847 2473 1862 ·
2515 1797 2835 1901 Ἀράὸιανδς
2863 1797 3629 1907 ἐπίσκοποςκλγκόραςῗεῐπεν
3657 1849 3674 1866 ο
3699 1833 3778 1886 Ot'.

603 1935 621 1966 ι
661 1917 794 1969 nihil
837 1924 921 1970 est
955 1916 1266 1984 praeiudicii.
1301 1915 1505 1971 Vereor
1546 1926 1748 1980 autem,
1792 1930 1859 1970 ne
1903 1929 1968 1968 ex
2006 1915 2090 1969 his

2267 1939 2285 1972 ι
2325 1922 2422 1990 τῆς
2449 1923 2729 1991 παρούσης
2754 1925 2918 1978 ἕνεκα
2942 1926 3119 1996 δίκης,
3142 1927 3279 1981 ἀλλά
3303 1927 3397 1980 τοῦ
3426 1926 3630 1994 ὑφεξῆς
3655 1923 3779 1992 βίοι

605 2027 623 2059 ι
663 2010 798 2062 actis
856 2008 1021 2077 aliqui
1070 2017 1336 2077 potestate
1379 2020 1596 2076 accepta
1655 2007 1780 2062 talia
1835 2008 2086 2061 audeant.

2269 2030 2287 2063 ι
2333 2013 2529 2075 παντὸς
2584 2012 2839 2078 δεδοικὼς
2864 2014 3040 2080 τοῦτο,
3073 2017 3210 2081 ἀξιῶ
3237 2019 3337 2087 τὴν
3369 2018 3530 2085 ἁγίαν
3556 2015 3780 2070 σύνοδον

605 2118 622 2150 ι
664 2098 811 2168 Rogo
834 2114 962 2167 ergo
995 2114 1088 2152 vos
1123 2100 1468 2166 respondere.
1499 2096 1783 2152 Nectarius
1809 2099 2092 2166 episcopus

2270 2121 2287 2153 ι
2329 2102 2668 2172 διαλαλῆσαι,
2736 2105 2910 2170 ἔξεστι
2975 2108 3237 2174 γενέσθαι
3265 2110 3583 2177 καθαίρεσιν
3617 2108 3778 2175 παρά

605 2213 623 2240 ι
661 2189 1291 2258 Constantinopolitanus
1313 2190 1449 2242 dixit
1475 2205 1489 2243 :
1521 2189 1750 2243 Pulchre
1779 2190 1946 2242 suasit
1977 2189 2093 2241 reli-

2265 2211 2282 2244 ι
2328 2194 2420 2246 δύο
2451 2197 2790 2260 ἐπισκόπων,
2818 2199 2851 2267 ἦ
2877 2197 2937 2250 οὗ
2964 2216 2978 2264 ;
3035 2204 3128 2253 καὶ
3155 2200 3296 2254 κατά
3378 2200 3612 2261 ἀπόντος
3672 2215 3776 2269 μη·

610 2300 626 2330 ι
662 2281 995 2349 giosissimus
1019 2281 1299 2349 episc0pus
1318 2281 1620 2334 Arabianus
1653 2297 1666 2333 :
1692 2279 1938 2348 equidem
1968 2294 2089 2333 cum

2267 2305 2286 2337 ι
2327 2287 2648 2356 τρο-πολίτου
2673 2289 2903 2356 ἔξεστιν,
2940 2292 2971 2361 ἢ
3006 2291 3066 2346 οῦ
3098 2311 3111 2347 :
3137 2293 3304 2346 Οὐδὲν
3325 2295 3616 2363 πρόκριμα
3636 2296 3779 2363 πρὸς
3800 2321 3823 2350 κ

607 2390 624 2421 ‹
664 2387 760 2440 par
789 2387 950 2426 causa
974 2373 1220 2426 accidere
1254 2372 1444 2439 possit,
1479 2373 1807 2437 praeteritum
1831 2385 1936 2424 non
1959 2384 2091 2424 con-

2272 2390 2290 2424 ι
2337 2375 2436 2443 τὴν
2459 2377 2746 2444 παροῦσαν
2784 2380 3062 2435 ὑπόθεσιν.
3095 2383 3323 2436 Δέδοικα
3353 2384 3409 2437 δὲ
3440 2386 3542 2455 μὴ,
3573 2389 3638 2438 ἐκ
3664 2386 3780 2440 τῶν

608 2481 627 2512 ι
669 2464 1010 2527 demnantes,
1035 2466 1174 2530 quod
1204 2461 1460 2529 deinceps
1489 2463 1725 2514 futurum
1752 2471 1834 2514 est
1861 2474 2093 2527 praemu-

2272 2484 2289 2515 ι
2335 2467 2746 2536 ὑπομνημάτων
2773 2471 2980 2524 τούτων
3010 2472 3155 2536 τινὲς
3177 2473 3466 2544 λαϐόμενοι
3495 2477 3779 2541 ἐξουσίας.

602 2569 623 2602 ι
666 2555 895 2605 niamus.
947 2554 1252 2607 Arabianus
1299 2553 1527 2621 Ancyrae
1573 2553 1854 2616 episcopus
1899 2551 2035 2601 dixit
2079 2568 2089 2602 :

2270 2574 2287 2605 ι
2327 2556 2548 2610 τοιαῦτα
2570 2559 2938 2629 τολμήσωσιν.
2985 2563 3148 2629 Ἀξιῶ
3172 2560 3266 2617 οῦν
3321 2567 3469 2634 ὑμᾶς
3537 2569 3784 2636 ἀποκρί-

605 2661 622 2688 ι
663 2641 715 2694 Id
756 2644 894 2710 quod
931 2652 1011 2694 est
1040 2641 1395 2710 praeteritum,
1431 2642 1706 2693 beatorum
1742 2638 1981 2701 Patrum,
2004 2637 2091 2704 qui

2271 2665 2288 2697 ι
2331 2649 2545 2702 νασθαι.
2576 2650 2880 2720 Νεκτάριος
2904 2653 3203 2716 ἐπίσκοπος
3245 2657 3779 2725 Κωνσταντινουπό-

606 2750 623 2782 ι
663 2730 854 2786 Nicwaa
905 2739 1292 2794 convenerunt,
1333 2731 1553 2783 damnat
1608 2730 1865 2800 synodus,
1904 2729 2097 2795 jubens

2271 2755 2288 2787 ι
2336 2738 2469 2801 λεως
2492 2735 2648 2793 εἶπεν
2676 2759 2687 2772 ·
2731 2743 3065 2806 Ἐπαινετῶς
3109 2747 3448 2817 εἰσηγήσατο
3477 2750 3506 2801 ό
3536 2749 3780 2802 εὐλαϐέ-

607 2841 625 2873 ι
665 2837 770 2876 non
813 2838 935 2877 esse
981 2824 1262 2890 pauciores
1314 2822 1507 2886 tribus,
1547 2822 1637 2890 qui
1682 2822 1955 2884 ordinent,
1997 2835 2096 2876 nec

2272 2847 2290 2879 t
2336 2846 2526 2892 στατος
2557 2832 2860 2896 ἐπίσκοπος
2913 2835 3239 2903 Ἀραϐιανός
3270 2853 3284 2868 ·
3316 2837 3376 2890 οὐ
3405 2839 3512 2908 μὴν
3537 2838 3788 2908 δυναμέ-

608 2929 626 2960 ι
665 2913 885 2963 absente
917 2911 1351 2977 metropolitano.
1379 2908 1454 2962 De
1481 2909 1662 2960 futuro
1690 2918 1868 2961 autem
1893 2911 2096 2960 veritus

2273 2937 2290 2970 t
2329 2937 2426 2988 νης
2465 2922 2619 2990 δίκης
2651 2922 3051 2990 ἐξομοιοῦσθαι,
3079 2927 3139 2978 τὸ
3187 2929 3455 2995 παρελθὸν
3499 2931 3573 2998 μὴ
3605 2946 3787 2982 κατα-

610 3017 628 3050 ι
669 2999 782 3052 haec
813 2998 1158 3065 interrogavi.
1187 2995 1353 3049 Velim
1379 3011 1507 3065 ergo
1533 3011 1626 3050 vos
1653 3006 1840 3064 aperte
1863 2996 2095 3060 edicere,

2275 3026 2292 3057 ι
2342 3010 2650 3076 κρίναντες,
2715 3014 2776 3063 τὸ
2802 3013 2927 3081 ἑξῆς
2968 3015 3417 3087 ἀσφαλισώμεθα.
3458 2995 3789 3088 ’Ᾰραδιανδς

609 3109 626 3141 ι
663 3101 717 3143 et
745 3103 842 3143 nec
877 3103 1155 3157 suspense,
1193 3087 1358 3157 679
1393 3101 1490 3142 nec
1519 3088 1700 3148 dubie,
1737 3094 1794 3140 ut
1827 3102 1858 3140 ι
1888 3087 2094 3140 duobus
2123 3119 2164 3173 ο

2275 3116 2291 3147 ι
2328 3099 2629 3162 ἐπίσκοπος
2682 3101 2954 3170 Ἀγκύρας
2992 3099 3116 3156 εἷπε
3145 3121 3159 3135 ·
3187 3107 3260 3158 Τὸ
3291 3087 3565 3176 παρελθόν
3610 3112 3643 3178 ή
3671 3112 3784 3163 τῶν

606 3202 623 3230 ι
654 3181 994 3243 hominibus,
1032 3194 1130 3232 nec
1158 3179 1397 3232 ordinari
1431 3191 1529 3232 nec
1555 3177 1746 3245 deponi
1779 3177 2090 3246 episcopum

2274 3204 2290 3236 ι
2342 3189 2634 3258 μακαρίων
2663 3191 2928 3261 Πατέρων
2956 3194 3064 3245 τῶν
3086 3196 3145 3247 ἐν
3173 3196 3385 3267 Νικαία
3439 3177 3659 3260 σύνοδος
3681 3217 3788 3252 κα·

607 3289 624 3321 ‹
664 3272 843 3333 liceat,
883 3270 1037 3337 juxta
1081 3269 1350 3322 Nicamam
1395 3268 1686 3338 synodum.
1729 3267 1794 3320 Et
1821 3278 1943 3335 post
1990 3269 2089 3322 alia

2273 3295 2290 3328 ι
2333 3279 2598 3347 τακρίνει,
2635 3281 2984 3349 ήκελεύουσα
3016 3284 3090 3354 μή
3123 3286 3379 3352 ἐλάττους
3429 3285 3571 3343 εἶναι
3610 3291 3783 3361 τριῶν

606 3380 622 3410 ‹
663 3361 996 3428 Theophilus
1035 3360 1317 3426 episcopus
1357 3357 1693 3411 Alexandria:
1747 3357 1921 3421 dixit;
1989 3357 2093 3410 Ad-

2274 3386 2290 3418 ι
2328 3368 2453 3426 τοὺς
2482 3373 2949 3438 χειροτονοῦντας,
2987 3377 3122 3444 μγ,δέ
3152 3379 3385 3443 ἀπόντος
3437 3380 3531 3432 τοῦ
3565 3357 3782 3451 μητρο-

612 3469 629 3500 ι
673 3465 859 3504 versus
886 3465 998 3512 eos,
1029 3449 1121 3517 qui
1149 3455 1521 3508 excesserunt,
1558 3447 1669 3500 ﬁeri
1707 3462 1810 3501 non
1841 3458 2012 3516 potest
2042 3459 2097 3500 ut

2274 3475 2291 3506 ι
2340 3456 2511 3511 λίτου.
2544 3459 2649 3511 Τοῦ
2680 3460 2737 3512 δὲ
2762 3462 3045 3529 μέλλοντος
3093 3465 3278 3520 ἕνεκεν
3327 3447 3587 3531 δεδοικὼς
3630 3447 3779 3539 ἐγὼ,

608 3557 626 3588 ι
668 3538 1049 3607 indignationis
1085 3535 1348 3590 sententia
1390 3533 1637 3601 fet-atur;
1671 3538 1925 3604 quoniam
1959 3551 2093 3605 pra:-

2274 3565 2291 3597 ι
2328 3547 2431 3616 τῆν
2457 3547 2722 3618 ἐρώτησιν
2748 3553 3110 3624 ἐποιησάμην.
3131 3556 3292 3621 Ἀξιῶ
3311 3553 3402 3612 οὖν
3420 3561 3562 3628 ὑμᾶς
3588 3533 3786 3629 σαφῶς

612 3648 628 3678 ι
671 3640 853 3682 sentes
878 3643 981 3681 non
1011 3628 1160 3682 fuere
1186 3627 1550 3682 condemnati.
1581 3626 1686 3680 Sed
1713 3627 1758 3680 si
1783 3629 1901 3694 quis
1923 3629 2092 3691 deiis,

2278 3655 2295 3688 ι
2337 3637 2801 3708 διαλαλτῐλσαι,καὶ⁹
2846 3645 2983 3713 μήτε
3027 3649 3354 3717 ήρτημένως
3402 3626 3542 3720 μήτε
3603 3626 3785 3721 ἀμφιλ

610 3737 628 3770 ι
667 3719 756 3788 qui
804 3720 856 3772 iu
910 3719 1150 3773 futurum
1200 3717 1393 3770 debent
1435 3719 1723 3784 deponere,
1764 3717 2091 3781 consideret,

2275 3747 2293 3778 ι
2329 3728 2520 3793 ϐόλως,
2539 3728 2679 3783 ὥστε
2705 3733 2783 3802 μὴ
2819 3733 3018 3798 ἐξεῖναι
3048 3737 3154 3789 ὑπὸ
3187 3737 3284 3790 δύο
3306 3717 3611 3810 ἀνθρώπων
3637 3717 3781 3810 μήτε

612 3828 629 3858 ι
669 3809 796 3860 mihi
835 3807 1044 3860 videtur
1071 3821 1174 3859 non
1206 3807 1382 3859 solum
1420 3818 1530 3860 tres
1561 3805 1758 3859 debere
1803 3807 2088 3871 accedere;

2268 3836 2286 3870 ι
2322 3822 2733 3888 χειροτονεῖσθαι
2757 3825 2893 3893 μήτε
2913 3826 3289 3898 καθαιρεῖσθαι
3309 3805 3779 3897 ἐπίσκοποι-ἀκο-

608 3916 625 3948 ι
668 3900 782 3960 sed,
841 3903 885 3950 si
937 3897 1048 3949 lieri
1103 3897 1290 3961 possit,
1344 3909 1530 3949 omnes
1591 3897 1982 3964 provinciales,
2039 3908 2096 3950 ut

2279 3925 2294 3956 ι
2341 3907 2547 3970 λούθως
2597 3911 2661 3980 τῇ
2713 3911 2770 3963 ἐν
2807 3913 3014 3990 Νικαία
3044 3897 3268 3986 συνόδῳ.
3298 3920 3409 3972 Καὶ
3460 3922 3583 3988 μεθ’
3613 3922 3782 3993 ἔτερα

606 4006 627 4037 ι
671 3987 961 4040 multorum
1022 3986 1287 4040 sententia
1357 3986 1661 4040 accuratior
1716 3989 2093 4043 condemnatio

2271 4015 2287 4046 ι
2328 3997 2587 4065 Θεόφιλος
2630 4001 2927 4064 ἐπίσκοπος
2964 3986 3372 4075 Ἀλεξανδρείας
3419 3986 3611 4062 εἶπενο
3648 3986 3780 4064 Ἑὲτι

611 4097 632 4127 ι
678 4080 932 4132 reddatur
961 4077 1100 4144 ejus,
1125 4077 1216 4144 qui
1242 4077 1436 4143 dignus
1462 4085 1547 4130 est
1575 4077 1791 4144 deponi,
1817 4080 2094 4143 praesentis

2274 4104 2290 4135 ι
2332 4087 2443 4139 τῶν
2465 4089 2809 4143 ἀπελθόντων
2829 4091 2889 4143 οὐ
2915 4093 3137 4147 δυνατὸν
3156 4095 3338 4164 ψῆφον
3359 4097 3617 4167 ἐκφέρειν
3637 4100 3779 4167 ἀγα-

608 4188 630 4220 ‹
669 4181 722 4222 et
745 4167 990 4236 judicati.
1022 4165 1308 4220 Nectarius
1334 4167 1616 4236 episcopus
1648 4167 2099 4235 Constantinopo-

2275 4196 2290 4226 ι
2335 4181 2654 4244 νακτήσεως
2681 4197 2694 4211 ο
2729 4181 3028 4252 ἐπειδήπερ
3051 4184 3126 4252 μὴ
3149 4172 3416 4255 παρόντες
3435 4165 3775 4258 κατεκρίθη-

605 4279 627 4311 ‹
668 4263 866 4313 litantis
910 4256 1046 4311 dixit
1086 4273 1102 4311 :
1155 4257 1287 4310 Cum
1333 4259 1399 4312 de
1445 4258 1698 4324 legitimis
1750 4259 2008 4315 institutis
2042 4271 2094 4313 et

2270 4287 2287 4317 ι
2327 4287 2446 4322 σαν.
2475 4271 2533 4323 Ei
2562 4271 2830 4341 μέντοιγε
2855 4273 2983 4344 περὶ
3001 4272 3111 4329 τῶν
3127 4276 3431 4346 μελλόντων
3448 4256 3688 4332 διασκοπ
3725 4256 3777 4350 ίη

606 4369 627 4400 ι
667 4350 895 4404 decretis
946 4351 1146 4416 agitur,
1198 4364 1535 4418 consequens
1590 4359 1674 4403 est
1725 4367 1831 4404 non
1877 4365 2092 4422 propter

2270 4381 2287 4412 ι
2330 4380 2414 4424 τις
2467 4362 2576 4415 τῶν
2613 4363 2938 4432 ὀφειλόντων
2979 4367 3249 4433 καθελεῖν,
3281 4370 3529 4436 φαίνεταί
3573 4387 3668 4438 μοι
3703 4373 3777 4441 μὴ

609 4459 628 4489 ‹
667 4453 1014 4508 personarum
1041 4452 1232 4492 causas
1255 4439 1460 4505 aliquas
1481 4440 1607 4492 talia
1632 4441 1864 4494 decerni.
1890 4443 2088 4508 Quam-
2122 4434 2172 4490 D

2273 4470 2291 4502 ι
2335 4451 2493 4521 μόνον
2522 4455 2669 4520 τρεῖς
2695 4457 2947 4523 παρεῖναι
2972 4434 3301 4527 προσήκειν,
3326 4460 3442 4511 ἀλλ’
3467 4463 3516 4511 εἰ
3544 4434 3776 4515 δυνατὸν

608 4548 626 4581 ι
666 4531 872 4592 ubrcm,
907 4529 1043 4582 sicut
1069 4527 1443 4582 sanctissimus
1478 4530 1763 4596 episcopus
1795 4533 2093 4586 Arabianus

2270 4560 2287 4592 ι
2332 4541 2458 4602 τοὺς
2479 4541 2685 4605 πάντας
2714 4545 3087 4615 ἐπαρχιὼτας,
3122 4547 3212 4602 ῐνα
3279 4550 3344 4617 τῇ
3402 4548 3511 4601 τῶν
3560 4551 3775 4604 πολλῶν

609 4639 629 4670 ι
671 4620 920 4672 hortatus
959 4627 1062 4679 est,
1115 4616 1294 4670 futura
1350 4619 1593 4671 stabilire
1640 4622 1860 4694 volens;
1907 4635 2094 4674 conse-

2269 4651 2286 4682 ι
2326 4632 2492 4701 ψήφῳ
2509 4633 2876 4704 ἀκριϐεστέρα
2895 4638 2926 4705 ή
2947 4639 3270 4707 κατάκρισις
3287 4616 3381 4693 τοῦ
3397 4639 3551 4703 ἀξίου
3570 4641 3667 4711 τῆς
3687 4661 3774 4711 κα.

606 4730 630 4759 ‹
668 4719 894 4777 quenter
922 4717 973 4760 et
1006 4709 1236 4759 humane
1269 4708 1596 4761 sanctissimi
1633 4710 1867 4778 epiSCOpi
1917 4710 2094 4763 Theo-

2294 4741 2310 4773 ι
2348 4724 2645 4791 Θαιρέσεως
2662 4724 2978 4793 δεικνύηται
3008 4729 3272 4796 παρόντος
3300 4733 3395 4784 καὶ
3415 4708 3775 4805 κρινομένου.

609 4817 631 4848 ι
672 4799 797 4864 pliili
823 4798 1085 4848 sententia
1109 4797 1367 4860 decrevit,
1409 4814 1509 4850 non
1538 4798 1698 4853 licere
1719 4801 1768 4852 in
1792 4811 2089 4868 posterum,

2279 4834 2296 4863 ι
2340 4815 2646 4883 Νεκτὰριος
2747 4818 3048 4880 ἐπίσκοπος
3096 4854 3111 4860 -
3144 4821 3774 4892 Κωνσταντινουπόλεως

610 4908 630 4936 ι
670 4903 767 4939 nec
801 4901 827 4937 a
863 4886 1032 4939 tribus
1075 4887 1309 4952 quidem,
1355 4888 1550 4940 nedum
1594 4903 1621 4940 a
1669 4891 1893 4954 duobus,
1939 4908 2086 4958 eum,

2274 4923 2291 4954 ι
2333 4900 2491 4956 εἷπε·
2546 4904 2815 4972 Νομίμων
2897 4910 3239 4978 είσηγήσεων
3291 4916 3390 4966 καὶ
3459 4886 3775 4983 δογμάτων,

610 4998 631 5029 ι
667 4979 756 5045 qui
799 4991 921 5030 reus
950 4979 1308 5037 examinatur,
1349 4979 1538 5046 deponi
1575 4996 1588 5032 :
1628 4981 1717 5032 sed
1750 4983 1970 5049 majoris
2001 4999 2090 5053 sy-

2273 5013 2290 5045 ι
2326 4998 2838 5065 πρυτανευομένων,
2895 4999 3196 5053 ἀκόλουθον
3218 5001 3280 5054 οὐ
3309 5002 3399 5055 διὰ
3458 5004 3776 5072 προσώπων

611 5085 628 5115 ι
669 5067 792 5119 nodi
819 5076 868 5120 et
895 5066 1182 5133 provincia:
1215 5068 1590 5136 episcoporum
1626 5075 1913 5137 sententia,
1951 5076 2091 5129 sicut

2273 5103 2290 5134 ι
2330 5085 2482 5145 τινὰς
2510 5087 2689 5146 αἰτίας
2711 5087 2778 5138 τὰ
2804 5087 3028 5140 τοιαῦτα
3061 5066 3777 5165 δογματίζεσθατ.”ι“οιγαρο

612 5176 632 5207 ι
667 5159 944 5226 apostolici
992 5158 1247 5212 deliniere
1281 5174 1532 5214 canones.
1573 5159 1855 5218 Flavianus
1890 5169 2093 5235 cpisco-

2271 5194 2288 5226 ι
2326 5174 2442 5236 οῦν,
2499 5179 2756 5247 καθάπερ
2813 5179 2840 5229 ό
2883 5179 3188 5245 ἀγιώτατος
3237 5181 3542 5242 ἐπίσκοπος
3611 5158 3775 5252 Ἀρα-

611 5267 628 5298 ι
670 5264 767 5316 pus
796 5248 1091 5301 Aulim-hia;
1117 5249 1254 5300 dixit
1279 5265 1294 5303 :
1325 5250 1454 5314 Quae
1479 5267 1843 5319 exposuerunt
1869 5262 2093 5312 sanctis-

2275 5288 2291 5316 ι
2341 5266 2523 5328 διανδς
2552 5270 2903 5337 εἰσηγήσατο,
2955 5270 3022 5323 τὰ
3053 5272 3319 5340 μέλλοντα
3364 5248 3775 5343 ἀσφαλίσασθαι

611 5355 628 5387 ι
668 5341 832 5391 simus
876 5341 1158 5406 episcopus
1199 5339 1480 5395 Nectarius
1528 5354 1582 5396 et
1632 5347 2008 5403 sanctissimus
2038 5360 2092 5404 et

2279 5375 2295 5406 ι
2336 5355 2680 5425 βουλόμενος,
2710 5359 3017 5423 ἀκολούθως
3053 5363 3152 5415 καὶ
3181 5339 3582 5432 φιλανθρώπως
3614 5367 3646 5434 ἡ
3679 5367 3776 5418 τοῦ

612 5446 632 5480 ι
667 5429 1030 5496 pictitissinms
1052 5429 1380 5498 Theophilus
1402 5435 1706 5503 episcopus,
1733 5450 1913 5503 aperta
1943 5451 2086 5494 sunt.

2291 5467 2308 5496 ι
2353 5449 2657 5514 ἀγιωτάτου
2699 5452 3000 5505 ἐπισκόπου
3034 5429 3297 5523 Θεοφίλου
3345 5429 3525 5523 ψ-ἦφος
3587 5429 3778 5525 διωρί·

607 5538 626 5571 ι
666 5521 727 5572 Et
762 5535 948 5574 omnes
979 5523 1323 5577 ecclesiastici
1352 5523 1436 5578 his
1468 5527 1881 5590 acquiescimus.
1925 5549 1941 5580 ι
2046 5554 2050 5559 -

2285 5558 2300 5587 ι
2344 5555 2495 5601 σατο,
2532 5545 2607 5610 μή
2649 5543 2849 5609 χρῆναι
2885 5543 3022 5611 πρὸς
3077 5521 3319 5613 τὸήέξῆς,
3361 5521 3370 5523 ἡ
3415 5521 3552 5616 μηδέ
3619 5521 3774 5615 παρά

604 5632 621 5666 ί
660 5616 843 5710 τριίῖἣθι
936 5617 1008 5684 μή
1082 5617 1162 5668 τοί
1213 5634 1274 5682 γε
1336 5620 1489 5686 παρὰ
1557 5620 1666 5680 δύο,
1721 5622 1810 5672 τὸν
1869 5625 2164 5684 ὑπεύθυνον
2220 5635 2640 5701 δοκιμαζόμενον
2706 5636 3111 5706 καθαιρεῖσθαι,
3167 5641 3304 5692 ἀλλά
3361 5645 3468 5710 γάρ
3529 5643 3775 5705 πλείονος

605 5730 621 5758 ι
661 5708 877 5759 συνόδίλυ
937 5710 1102 5778 “Phil”?
1141 5714 1233 5762 “"-
1294 5713 1398 5764 τῶν
1433 5716 1524 5782 τῆς
1588 5717 1885 5786 ἐπαρχίας,
1948 5723 2126 5785 καθὼς
2169 5726 2260 5776 καὶ
2297 5728 2343 5776 οἱ
2397 5729 2745 5780 ἀποστολικοὶ
2803 5732 3029 5793 κανόνες
3063 5731 3408 5792 διωρίσαντο.
3471 5734 3776 5793 Φλαΰιανὸς
