4012 6432
207 338 317 405 453

1207 345 1290 406 IN
1331 344 1497 405 CAN.
1541 343 1797 408 CXXXV
1835 345 2043 409 CONC.
2082 344 2465 407 CARTHAG.

3370 334 3518 398 45"

284 471 308 506 e
355 452 663 516 ἐπίσκοπος
729 453 1058 526 Ἀντιοχείας
1166 449 1357 508 εἶπεν*
1421 441 1604 521 Ἀπερ
1657 454 1946 508 κατέθεντο
1989 457 2038 506 οἱ
2086 454 2235 524 περὶ-
2281 455 2374 507 τὸν
2416 453 2723 522 ἁγιώτατον
2791 455 3090 512 ἐπίσκοπον
3161 453 3473 524 Νεκτάριον

259 564 282 599 ε
326 546 424 599 καὶ
457 545 552 598 τὸν
575 543 880 611 ἁγιώτατον
911 545 1002 598 καὶ⁵
1035 543 1331 598 ὁσιώτατον
1350 543 1652 596 ἐπίσκοπον
1677 541 1956 611 Θεόφιλον,
1987 541 2144 609 δῆλα.
2181 544 2286 596 Καὶ
2321 543 2621 613 στέργομεν
2642 545 2842 610 πάντες
2866 549 2914 600 oi
2947 547 3409 617 ἐκκλησιαστικοί.
3447 562 3469 597 ι

256 635 463 691 ΒΔΛΣ.
500 634 609 690 Τοῦ
641 637 951 689 ἐπισκόπου
997 636 1250 705 Βόστρων
1287 633 1560 702 Βαγαδίου
1587 633 1775 686 καθαι-

1957 630 2164 687 BALS.
2224 635 2356 687 Cum
2410 634 2678 704 Bagadius
2733 635 3048 691 Bostrorum
3094 638 3386 707 episcopus
3440 652 3471 691 α

194 729 450 799 ρεθέντος
493 729 650 799 παρά
675 729 771 782 δύο
798 729 1123 782 ἐπισκόπων
1178 729 1275 780 καὶ
1329 725 1674 796 μονομερῶς,
1696 724 1783 777 λό-

189 838 286 888 γος
309 821 543 886 ἐγένετο
596 820 754 890 παρά
779 822 844 890 τῇ
876 822 934 872 ἐν
957 816 1499 872 Κωνστανινουπόλει
1557 816 1782 887 συνόδῳ,

189 914 318 982 πτρὶ
350 913 451 966 τοῦ
478 913 529 965 εί
570 912 756 974 καλῶς
821 913 1045 980 γέγονεν
1096 912 1130 979 ἡ
1184 909 1414 977 τοιαύτη
1438 907 1782 977 καθαίρεσις,

189 1004 651 1073 ἀντιποιουμένου
713 1001 810 1056 τοῦ
877 1001 1244 1072 ψηφισθέντος
1317 999 1584 1068 Ἀγαπίου
1638 999 1781 1069 ὑπὲρ

191 1095 293 1164 τῆς
328 1098 575 1164 κρίσεως
615 1112 632 1128 ο
674 1097 769 1148 καὶ
799 1093 1102 1163 διεγνώσθη
1136 1092 1495 1146 ἀκανόνιστον
1517 1087 1782 1157 εἶναιτὴν

193 1186 550 1254 καθαίρεσιν,
581 1185 658 1246 ὡς
692 1187 770 1256 μὴ
829 1184 1154 1253 ὀφειλόντων
1211 1182 1328 1246 δύο,
1375 1181 1512 1237 ἀλλά
1571 1180 1782 1233 πολλῶν

191 1279 386 1346 τηρεῖν
431 1278 502 1329 τὰ
539 1278 682 1330 κατά
710 1277 817 1328 τῶν
842 1275 1158 1329 ἐπισκόπων
1196 1273 1489 1342 λεγόμενα.
1573 1272 1645 1325 Σὺ
1722 1270 1782 1324 δέ

191 1366 434 1434 γίνωσκε
460 1369 545 1420 ὅτι
581 1369 617 1436 ἡ
661 1366 890 1436 τοιαύτη
923 1366 1216 1434 διάγνωσις
1247 1367 1348 1420 οὑκ
1377 1365 1495 1434 ἔχει
1542 1365 1602 1416 τὸ
1625 1366 1780 1432 ἐνερ-

192 1459 288 1525 γὸν
317 1461 587 1528 σήμερον.
632 1459 767 1511 Ἀπὸ
795 1457 906 1527 γὰρ
933 1456 1027 1510 τοῦ
1061 1455 1128 1526 ιβ’
1149 1457 1378 1519 κανόνος
1407 1455 1510 1526 τῆς
1541 1456 1599 1508 ἐν
1632 1455 1784 1523 Καρ-

192 1550 399 1621 θαγένῃ
442 1550 688 1614 συνόδου,
749 1549 1219 1619 μεταγενεστέρας
1247 1546 1415 1617 οὔσης
1451 1547 1592 1602 κατά
1621 1546 1778 1609 πολὺ,

192 1639 259 1692 τά
293 1643 439 1693 κατά
460 1641 571 1693 τῶν
611 1641 932 1695 ἐπισκόπων
998 1640 1390 1710 ἐγκληματικά
1444 1639 1780 1709 δικαστήρια

192 1730 345 1798 παρά
399 1730 615 1785 δώδεκα
672 1731 991 1784 ἐπισκόπων
1060 1730 1457 1799 γυμνάζονται.
1484 1731 1598 1784 Καὶ
1644 1730 1778 1783 ἀνά-

193 1822 364 1888 γνωθι
395 1825 489 1876 τὸν
513 1824 758 1877 τοιοῦτον
784 1824 1010 1877 κανόνα.
1043 1822 1284 1876 Γίνωσκε
1317 1823 1374 1875 δὲ
1439 1823 1521 1875 ὃτι
1590 1824 1624 1892 ἠ
1671 1822 1773 1890 μὲν

1892 725 2101 780 duobus
2132 728 2262 780 solis
2296 728 2567 797 episcopis
2602 731 2878 798 depositus
2907 736 3073 792 esset,
3107 731 3364 798 agitatum
3389 737 3475 782 est

1891 817 1947 872 in
1991 821 2199 888 synodo
2236 819 2869 889 Constantinopolitana,
2919 838 2987 875 an
3029 837 3093 876 ea
3136 831 3281 877 recte
3328 820 3470 876 facta

1890 915 2038 962 esset
2067 909 2351 976 depositio,
2385 911 2562 962 electo
2598 913 2807 981 Agapio
2841 912 3102 982 judicium
3154 921 3340 967 tuente
3374 928 3387 964 :
3419 921 3476 966 et

1891 1000 2300 1066 pronuntiatura
2327 1010 2413 1053 est
2457 999 2847 1068 depositionem
2896 1018 3001 1057 non
3039 1003 3212 1058 fuisse
3238 1003 3472 1058 canoni-

1889 1099 2030 1150 cam,
2058 1089 2246 1157 'utpote
2281 1104 2404 1142 cum
2453 1105 2562 1145 non
2606 1091 2732 1155 duo,
2770 1093 2862 1146 sed
2898 1096 3052 1147 multi
3087 1098 3350 1149 deberent
3380 1110 3466 1158 ea,

1891 1192 2010 1247 qua:
2061 1180 2319 1236 adversus
2365 1184 2651 1254 episcopos
2700 1187 2973 1252 dicuntur,
3021 1188 3337 1257 dijtt'dicare.
3387 1187 3467 1243 'l'u
3509 1217 3511 1220 ν

1889 1279 2071 1323 autem
2115 1273 2258 1326 scias
2301 1272 2444 1328 hanc
2477 1279 2912 1332 conetitutionem
2958 1282 3066 1333 vim
3103 1296 3259 1335 suam
3308 1283 3469 1337 hodie

1889 1374 1998 1413 non
2037 1361 2305 1418 obtinere.
2351 1365 2398 1417 Α
2429 1366 2748 1423 duodecimo
2799 1370 2942 1425 enim
2985 1387 3194 1427 canone
3237 1373 3469 1428 Cartha-

1891 1451 2154 1520 giniensis
2167 1457 2380 1524 synodi,
2404 1473 2522 1524 qua:
2540 1469 2625 1512 est
2649 1461 2818 1515 multo
2845 1465 3137 1532 posterior,
3162 1465 3466 1520 criminalia

1888 1541 2262 1610 episcOporum
2297 1546 2497 1614 judicia
2528 1562 2558 1601 a
2593 1551 2872 1604 duodecim
2903 1552 3171 1621 episcOpis
3205 1568 3468 1608 exercen-

1890 1640 2000 1687 tur.
2027 1630 2094 1685 Et
2124 1633 2242 1703 lege
2288 1648 2410 1689 eum
2455 1651 2742 1692 canonem.
2793 1638 2948 1694 Scias
2979 1655 3130 1705 vero,
3173 1644 3317 1710 quod
3354 1644 3469 1698 haec

1889 1728 2106 1797 quidem
2144 1732 2393 1801 synodus
2421 1733 2523 1788 sub
2549 1734 2787 1790 Arcadio
2817 1736 3142 1806 imperatore
3171 1738 3313 1793 facta
3344 1751 3428 1794 est
3455 1758 3469 1795 :

1881 1813 2354 1891 Carthaginiensis
2398 1840 2548 1890 vero,
2595 1837 2853 1896 regnante
2902 1827 3471 1898 Theodosiojuniore.

194 1911 415 1977 σύνοδος
445 1913 585 1984 αὕτη
649 1913 744 1967 ἐπὶ
787 1913 1077 1985 ’Δρκαδίου
1125 1912 1222 1966 τοῦ
1287 1903 1556 1983 βασιλέως
1621 1913 1870 1982 γέγονεν,
1959 1911 1994 1982 η
2024 1912 2083 1966 δὲ
2133 1913 2194 1966 ἐν
2216 1916 2550 1986 Καρχηδόνι,
2608 1917 2992 1988 βασιλεύοντος
3037 1920 3322 1975 Θεοδοσίου
3378 1923 3472 1977 τοῦ

200 2010 422 2080 μικροῦ.

260 2104 510 2160 ΖΩΝΛΡ.
553 2105 617 2158 Ἦ
642 2104 743 2175 μὲν
779 2103 1040 2168 ὑπόθεσις
1066 2103 1326 2176 ἐζητεῖτο
1352 2105 1484 2173 περὶ
1538 2103 1637 2172 τῆς
1675 2099 1775 2154 τῶν

1960 2095 2215 2154 ZONAR.
2264 2099 2340 2154 De
2390 2100 2668 2158 Bostrensi
2719 2102 3047 2175 Episcopatu
3101 2109 3470 2163 controversia

196 2201 454 2270 Βόστρων
527 2198 860 2265 ἐπισκοπῆς,
915 2198 1012 2252 δύο
1078 2199 1281 2270 ταύτης
1380 2196 1782 2266 ἀντεχομένων,

207 2291 476 2360 ’Δγαπίου
506 2297 601 2343 καὶ
632 2289 928 2356 Βαγαδίου.
961 2285 1074 2342 Ἦν
1131 2289 1234 2355 μὲν
1261 2291 1371 2360 γάρ
1414 2289 1607 2358 πρώην
1662 2287 1784 2340 ἐπί·

195 2399 401 2445 σκοπος
461 2384 520 2434 ἐν
558 2382 698 2450 αὐτῇ
729 2383 759 2434 ό
805 2380 1092 2449 Βαγάδιος,
1156 2382 1244 2434 διὰ
1287 2381 1345 2434 δέ
1401 2398 1552 2442 τινας
1602 2379 1782 2442 αἰτίας

195 2472 328 2542 παρ’
395 2470 716 2524 ἐπισκόπων
781 2469 876 2522 δύο
955 2471 1379 2541 καθαιρεθέντος
1441 2468 1629 2534 αὑτοῦ,
1686 2470 1782 2521 καὶ

191 2564 368 2618 ταῦτα
400 2564 664 2625 ἀπόντος,
700 2561 728 2614 ὁ
767 2562 1029 2631 ’Δγάπιος
1058 2563 1483 2632 κεχειροτόνητο
1549 2563 1631 2623 είς
1678 2560 1781 2628 τὴν

196 2656 460 2725 ῥηθεῖσαν
491 2656 840 2722 ἐπισκοπὴν·
896 2655 1088 2724 ᾐτιᾶτο
1134 2653 1190 2705 δέ
1243 2654 1340 2722 τὴν
1399 2652 1777 2723 καθαίρεσινδ

195 2742 489 2810 Βαγάδιος.
525 2743 896 2811 [Ιροτεθείσης
929 2738 1023 2794 οὖν
1075 2743 1161 2804 είς
1210 2742 1272 2794 τὸ
1315 2742 1484 2811 μέσον
1509 2741 1610 2811 τῆς
1648 2757 1778 2793 συνι-

193 2835 312 2887 ύδου
343 2834 443 2902 τῆς
495 2831 835 2895 ὑποθέσεως,
895 2831 1218 2902 Ἀρασιανδς
1283 2832 1560 2901 Ἀγκύρας
1621 2825 1778 2884 εἶπεν

194 2925 378 2977 ὅτιοᾶ
416 2923 505 2975 διὰ
545 2924 648 2992 τὴν
705 2921 990 2990 παροῦσαν
1042 2922 1302 2975 ὑπόθεσιν
1358 2922 1570 2992 ἐρωτῶ,
1641 2921 1778 2974 ἀλλὰ

195 3010 450 3072 δεδνικὼς
482 3011 614 3080 περὶ
643 3009 752 3061 τῶν
778 3007 930 3079 ἑξῆς,
964 3009 1052 3062 ἵνα
1088 3010 1165 3079 μὴ
1229 3011 1288 3063 ἐν
1337 3012 1492 3083 πασῃ
1549 3009 1777 3082 τοιαύτῃ

193 3102 460 3154 ὑποθέσει
489 3102 759 3171 κρατήσῃ,
791 3101 869 3166 ὡς
931 3099 1112 3155 κανὼν
1172 3101 1234 3154 τὺ
1307 3101 1627 3171 γενόμενον,
1680 3103 1776 3156 καὶ

191 3195 330 3259 ἀξιῶ
361 3198 464 3263 την
525 3193 756 3247 σύνοδον
829 3194 1026 3259 εἰπεῖν,
1081 3195 1132 3246 εί
1185 3195 1364 3261 ἔξεστι
1451 3192 1778 3264 καθαίρεσιν

192 3287 456 3354 γενέσθαι
511 3285 666 3354 παρὰ
729 3285 824 3339 δύο
874 3285 1216 3350 ἐπισκόπων,
1274 3288 1370 3338 καὶ
1446 3285 1546 3357 τὴν
1591 3285 1776 3354 ψῆφον

193 3379 464 3450 τοιαύτην
547 3377 668 3432 κατ’
702 3379 932 3442 ἀπόντος
984 3378 1228 3449 δοθῆναι.
1305 3376 1585 3447 Φοϐοῦμαι
1640 3378 1770 3445 γὰρ,

193 3475 349 3542 φησὶ.
407 3442 486 3541 id)
536 3487 684 3533 τινες
715 3457 890 3525 τάἐν
929 3474 996 3541 τῇ
1057 3442 1317 3524 ὑποθέσει
1379 3442 1555 3541 ταύτῃ
1613 3442 1766 3541 εύρί-
1798 3442 1843 3502 C

195 3579 416 3625 σκοντες
441 3562 814 3632 ὑπομνήματα
875 3561 1100 3615 τοιαῦτα
1150 3562 1418 3631 τολμῶσι.
1479 3563 1621 3631 Πρὸς
1677 3559 1770 3615 οὖν

196 3655 292 3724 τὴν
353 3655 625 3723 ἐρώτησιν
681 3653 885 3724 ταύτην
937 3655 965 3706 δ
1030 3653 1440 3721 Ἀλεξανδρείας
1507 3653 1769 3721 Θεόφιλος

195 3745 534 3817 ἀπεκρίνατο
561 3745 669 3808 ὅτι,
728 3746 883 3798 Ἐπεὶ
914 3747 966 3798 oi
1029 3745 1122 3799 τὸν
1181 3744 1448 3813 Βαγάδιον
1504 3745 1772 3815 καθαιρή-

193 3853 388 3899 σαντες
430 3835 526 3889 δύο
557 3837 854 3889 ἐπίσκοποι
877 3837 977 3906 ἤδη
1018 3835 1335 3906 τεθνήκασι,
1377 3837 1503 3889 κατ’
1543 3837 1771 3890 ἐκείνων

192 3925 550 3995 ψηφίζεσθαι,
589 3927 665 3988 ὡς
700 3927 774 3996 μὴ
802 3926 982 3989 καλῶς
1058 3927 1428 3996 ποιησάντων,
1485 3930 1547 3980 οὐ
1618 3931 1724 3998 χρή
1754 3949 1768 3961 ·

195 4018 280 4069 ἵνα
313 4018 388 4084 μὴ
413 4017 511 4068 καὶ
539 4016 701 4084 ἡμεῖς
729 4016 1089 4084 αἰτιαθῶμεν,
1122 4015 1197 4078 ὠς
1233 4015 1309 4086 μὴ
1355 4018 1630 4086 παρόντας
1667 4018 1770 4071 αύ-

188 4091 770 4178 τουίκατακρίναντες
800 4125 814 4138 ·
879 4111 1029 4170 ὅπως
1080 4108 1136 4160 δέ
1186 4109 1247 4160 τὸ
1281 4107 1476 4177 μέλλον
1533 4110 1770 4178 ἀσφαλι-

193 4200 433 4266 σώμεθα,
459 4198 602 4251 ὥστε
635 4200 833 4270 μηκέτι
871 4199 1102 4252 τοιαῦτα
1152 4201 1424 4267 γίνεσθαι,
1467 4201 1615 4254 δοκεῖ
1653 4219 1767 4272 μοι,

192 4276 572 4361 ἱρησῖνβτιού
604 4292 764 4363 μόνον
818 4297 968 4361 τρεῖς
1017 4292 1289 4360 ἐνδέχεται
1339 4297 1595 4363 παρεῖναι
1649 4295 1770 4346 ἐπι-

93 4423 96 4426 .
195 4385 426 4446 σκόπους
459 4383 553 4434 ἐπὶ
596 4382 919 4452 καθαιρέσει
943 4383 1271 4450 ἐπισκόπου,
1307 4384 1466 4450 ἀλλὰ,
1508 4386 1559 4437 εί
1612 4386 1773 4440 δυνα-

193 4478 302 4542 τὸν,
353 4477 452 4528 καὶ
503 4475 632 4537 τοὺς
707 4475 916 4538 πάντας
982 4475 1351 4544 ἐπαρχιώτας,
1432 4476 1601 4546 ἠγουν
1644 4478 1772 4540 τοὺς

194 4568 292 4637 τῆς
358 4567 631 4637 ἐπαρχίας
663 4567 879 4636 ἐκείνης
923 4568 1284 4632 ἐπισκόπους,
1323 4563 1436 4642 ἐνῇ
1475 4570 1571 4621 καὶ
1594 4571 1630 4637 η
1652 4570 1772 4622 ἐπι-

197 4660 373 4730 σκοπὴ
405 4659 500 4712 τοῦ
560 4658 996 4728 καθαιρουμένου
1061 4661 1354 4726 διάκειται,
1419 4662 1506 4714 ἵνα
1559 4659 1771 4714 πολλῶν

1888 2191 2220 2260 agitabatur,
2264 2207 2385 2247 cum
2420 2195 2528 2248 duo
2562 2195 2714 2248 illum
2767 2198 2893 2261 sibi,
2940 2199 3200 2253 nimirum
3233 2201 3472 2269 Agapius

1886 2290 1939 2334 et
1974 2279 2262 2349 Bagadius,
2308 2284 2666 2339 vindicarent.
2695 2286 2824 2342 Erat
2855 2291 2998 2342 enim
3028 2291 3185 2360 paulo
3219 2304 3344 2345 ante
3369 2290 3472 2344 Ba—

1885 2370 2075 2437 gatlius
2109 2371 2253 2425 illius
2287 2373 2438 2425 ttrbis
2466 2374 2772 2443 cpiscopus,
2804 2377 2895 2430 sed
2929 2393 3048 2431 cum
3081 2381 3368 2437 nonnullas
3394 2382 3465 2436 ob

1885 2477 2080 2517 causas
2115 2479 2143 2516 a
2193 2465 2408 2518 duobus
2453 2467 2721 2534 episcopis
2772 2479 2919 2523 esset
2958 2470 3261 2539 depositus,
3309 2476 3469 2542 idque

1883 2553 1975 2607 illo
2010 2555 2254 2616 absente,
2302 2555 2541 2623 Agapius
2596 2561 2883 2612 memorati
2932 2563 3277 2632 episcOpatus
3315 2567 3470 2619 ordi-

1882 2657 2045 2700 natus
2069 2654 2149 2699 est
2176 2649 2486 2714 episc0pns.
2521 2647 2693 2701 Porro
2727 2651 3118 2718 depositionem
3146 2671 3302 2708 suam
3340 2659 3470 2710 vitio

1882 2737 2082 2789 factam
2135 2751 2257 2790 esse
2305 2736 2581 2805 Bagadius
2621 2744 2999 2797 contendebat.
3046 2743 3180 2798 Cum
3218 2747 3383 2817 igitur
3418 2752 3468 2804 iu

1883 2829 2062 2882 medio
2109 2827 2346 2881 concilio
2383 2830 2660 2896 proposita
2707 2841 2854 2885 esset
2885 2838 3286 2904 controversia,
3326 2841 3467 2894 Ara-

1881 2919 2073 2972 bianus
2105 2921 2337 2988 Ancyra!
2369 2920 2507 2973 dixit
2547 2937 2561 2978 :
2593 2920 2710 2976 Non
2740 2932 2849 2976 tam
2879 2924 2949 2979 ob
2982 2940 3305 2994 praesentem
3333 2947 3468 2985 cau-

1877 3024 1994 3064 sam
2027 3010 2333 3079 interrogo,
2367 3028 2526 3079 quam
2559 3013 2698 3083 quod
2733 3015 2783 3069 in
2821 3027 3097 3085 posterum
3132 3032 3367 3076 metuam
3400 3039 3466 3079 ne

1878 3098 2020 3154 forte
2069 3101 2120 3153 in
2155 3101 2323 3154 simili
2374 3118 2538 3157 causa
2571 3106 2786 3173 quavis,
2825 3107 2876 3160 id
2932 3111 3076 3177 quod
3125 3123 3336 3181 gestum
3380 3124 3466 3170 est

1881 3195 2139 3257 tanquam
2209 3194 2395 3263 regula
2445 3194 2550 3246 vim
2606 3194 2885 3262 obtineat;
2939 3210 3103 3267 atque
3154 3217 3181 3254 a
3235 3203 3467 3258 concilio

1877 3289 2038 3349 peto‘,
2075 3290 2132 3335 ut
2163 3283 2421 3347 declaret,
2460 3301 2587 3338 uutn
2623 3303 2650 3339 a
2686 3286 2898 3343 duobus
2933 3291 3204 3359 episcopis
3235 3293 3463 3362 deposi-

1878 3375 2076 3428 tionem
2101 3374 2217 3429 fieri
2249 3377 2428 3440 liceat,
2464 3389 2518 3431 ct
2543 3379 2808 3447 ejusmodi
2838 3383 3166 3438 sententiam
3199 3386 3462 3441 adversus

1874 3466 2152 3518 absentem
2219 3467 2580 3534 pronuntiari.
2639 3465 2840 3522 Vereor
2901 3471 3066 3534 enim,
3123 3473 3329 3542 inquit,
3392 3491 3461 3529 ne

1873 3554 2015 3610 forte
2063 3556 2254 3625 aliqui,
2291 3573 2414 3611 cum
2451 3559 2503 3611 in
2558 3560 2716 3627 hujus
2751 3575 2931 3614 causa:
2983 3571 3099 3615 acta
3136 3564 3454 3628 inciderint,

1875 3648 1981 3699 alia
2010 3647 2266 3701 audeant.
2297 3650 2375 3702 Ad
2403 3649 2539 3704 hanc
2567 3649 2731 3720 igitur
2753 3650 3232 3721 interrogationem
3263 3654 3442 3709 Theo-

1873 3737 2052 3809 philus
2131 3739 2534 3793 Alexandrinus
2622 3742 2954 3808 respondit:
3001 3742 3450 3812 Quandoquidem

1872 3830 2109 3899 episcopi
2159 3831 2287 3895 duo,
2324 3844 2355 3881 a
2385 3832 2582 3899 quibus
2637 3831 2913 3898 depositus
2971 3842 3056 3888 est
3100 3834 3391 3903 Bagailius,
3419 3850 3450 3887 e

1873 3918 2012 3974 vivis
2038 3931 2412 3982 excesserunt,
2448 3921 2499 3973 in
2525 3921 2763 3994 eoslerri
2795 3924 3144 3984 sententiam,
3171 3926 3310 3992 quod
3345 3941 3450 3979 non

1873 4021 2020 4065 recte
2054 4013 2284 4078 egerint,
2317 4013 2543 4065 minime
2589 4013 2881 4078 convenit;
2924 4029 2992 4067 ne
3025 4017 3160 4069 forte
3193 4033 3289 4070 nos
3320 4034 3455 4086 quu-

1871 4116 1976 4172 que
2006 4102 2485 4171 reprehendamus,
2517 4104 2659 4173 quod
2689 4104 2940 4159 absentes
2969 4109 3089 4162 illos
3113 4108 3452 4164 damnaveri-

1873 4209 1993 4249 mus
2037 4211 2052 4248 :
2087 4205 2148 4248 ut
2181 4204 2363 4248 autem
2404 4195 2458 4249 in
2497 4193 2737 4250 futurum
2788 4197 3201 4266 provideamus,
3235 4216 3302 4255 ne
3333 4217 3449 4256 am-

1871 4287 2014 4356 plius
2039 4287 2166 4341 talia
2197 4289 2441 4356 quaedam
2474 4289 2627 4352 ﬂant,
2658 4291 2786 4342 mihi
2819 4290 3054 4356 videtur,
3091 4291 3303 4360 inquit,
3340 4309 3448 4348 non

1873 4390 1986 4435 tres
2017 4379 2302 4450 episc0pos
2349 4386 2560 4432 tantum
2594 4381 2787 4434 adesse
2835 4380 3032 4435 debere
3078 4384 3145 4435 ad
3183 4399 3346 4436 unum
3387 4388 3453 4438 de

1871 4472 2042 4542 gradu
2075 4471 2446 4540 dejiciendum
2479 4473 2797 4543 episcOpum
2827 4491 2842 4540 ;
2871 4475 2966 4528 sed
2994 4514 3008 4539 ,
3040 4479 3082 4528 si
3117 4475 3228 4530 fieri
3259 4480 3456 4545 possit,

1871 4561 2035 4615 etiam
2066 4575 2256 4615 omnes
2283 4561 2646 4629 provinciales
2680 4563 2795 4617 sive
2835 4545 3130 4630 provinciae
3158 4565 3301 4620 illius
3330 4569 3452 4634 epi-

1872 4667 2087 4723 scopos,
2119 4654 2172 4706 in
2212 4668 2316 4723 qua
2351 4653 2496 4706 illius
2539 4653 2892 4724 episcopatus
2937 4666 3018 4709 est
3049 4657 3208 4722 situs,
3243 4659 3336 4726 qui
3386 4661 3456 4713 de

195 4753 360 4805 ὄντων
391 4749 503 4803 τῶν
534 4749 850 4817 κρινόντων,
905 4752 1003 4802 καὶ
1039 4751 1524 4821 ἀποφαινομένων,
1566 4751 1766 4821 παρόνο

1878 4746 2041 4813 gradu
2074 4743 2369 4812 dejicitur;
2405 4754 2461 4797 ut
2505 4760 2628 4799 cum
2662 4745 2818 4799 multi
2868 4747 3191 4802 exstiterint
3213 4749 3446 4816 j_udices,

197 4857 283 4904 τος
322 4841 415 4893 καὶ
479 4837 647 4891 αὐτοῦ
708 4837 802 4890 τοῦ
880 4839 1230 4908 αἰτιωμένου,
1299 4841 1672 4910 ἀκριϐεστέρα
1731 4844 1764 4912 ὴ

198 4931 602 5002 κατακρίνουσα
631 4928 809 4999 ψῆφος
860 4929 951 4984 τὸν
1013 4930 1446 5002 καθαιρούμενον
1522 4933 1765 5004 γίνηται.

199 5025 273 5095 Τῇ
312 5024 442 5092 γοῦν
459 5021 655 5094 γνώμῃ
683 5023 852 5092 ταύτῃ
886 5023 978 5076 καὶ
1000 5023 1028 5075 ό
1053 5023 1378 5092 Νεκτάριος,
1436 5025 1532 5077 xxi
1574 5027 1604 5078 ό
1626 5027 1769 5078 Φλα-

200 5115 399 5179 ύιανὸς,
428 5116 525 5167 καὶ
556 5115 605 5166 oi
639 5113 816 5166 λοιποὶ
841 5117 938 5185 τῆς
982 5115 1204 5169 συνόδου
1271 5115 1608 5187 ηρέσθησαν.
1657 5118 1768 5171 Καὶ

202 5206 364 5260 ταῦτα
401 5207 502 5275 μὲν
529 5207 578 5259 οἱ
611 5205 853 5276 Πατέρες
871 5200 1042 5263 οὗτοι.
1087 5205 1144 5259 ’0
1167 5206 1225 5260 δέ
1255 5207 1555 5272 δωδέκατος
1584 5209 1764 5262 κανὼν

201 5292 293 5361 τῆς
333 5295 393 5344 ἐν
427 5290 759 5362 Καρθαγένῃ
797 5291 1039 5353 συνόδου,
1108 5295 1568 5362 μεταγενεστέρας
1597 5295 1765 5364 οὔσης

200 5385 342 5455 καρά
371 5385 582 5454 ταύτην
635 5385 734 5452 την
763 5383 858 5436 ἐπὶ
915 5384 1222 5456 Νεκταρίου
1284 5386 1764 5454 συναθροισθεῖσαν

199 5477 348 5548 (αὕτη
388 5475 490 5546 μὲν
531 5475 642 5543 γὰρ
703 5474 795 5528 ἐπὶ
860 5476 1143 5546 Ἀρκαδίου
1207 5478 1466 5547 συνέστη,
1546 5479 1579 5548 ἡ
1629 5477 1676 5530 δ’
1708 5479 1766 5531 ἐν

199 5568 525 5640 Καρθαγένῃ
587 5567 873 5620 Θεοδοσίου
917 5568 1009 5622 τοῦ
1081 5571 1282 5641 μικροῦ
1359 5568 1765 5640 βασιλεύοντος)

197 5662 523 5726 ἐπισκόπου,
589 5660 754 5730 φησιν
808 5663 868 5714 ἐν
931 5661 1236 5732 ἐγκλήματι
1281 5662 1763 5731 κατηγορουμένου

198 5751 392 5806 δώδεκα
450 5751 792 5812 ἐπισκόπους
859 5751 1127 5818 δικάζειν,
1171 5754 1220 5805 εί
1270 5752 1343 5822 μὴ
1413 5753 1500 5805 διὰ
1564 5751 1762 5805 πολλὴν

1873 4851 1938 4891 ac
1971 4834 2298 4890 sententiam
2340 4835 2564 4889 tulerint
2619 4836 2888 4904 praesente
2925 4838 3048 4901 illo,
3084 4841 3176 4909 qui
3225 4855 3456 4895 accusa-

1873 4936 1982 4992 tur,
2030 4928 2272 4982 exactior
2299 4927 2467 4998 680
2499 4943 2560 4982 ac
2609 4927 2816 4982 ﬂrmior
2849 4933 3118 4985 sententia
3168 4934 3452 4992 reddatur.

1869 5034 1978 5090 qua
2007 5020 2296 5074 da‘mnatnr
2324 5022 2371 5075 is
2399 5021 2490 5090 qui
2521 5022 2830 5090 deponitur.
2863 5022 3010 5078 Hanc
3040 5025 3202 5092 igitur
3235 5039 3453 5081 senti-n-

1869 5114 1998 5167 tiam
2033 5121 2088 5166 et
2133 5109 2422 5167 Nectarius
2469 5120 2523 5168 et
2555 5111 2848 5168 Flavianus
2894 5126 2945 5170 et
2998 5118 3174 5171 caeteri
3209 5135 3271 5171 ex
3307 5135 3440 5172 cou-

1866 5204 1993 5258 cilio
2026 5205 2419 5272 approbarunt.
2459 5208 2635 5276 Atque
2675 5205 2792 5260 haec
2840 5207 3056 5275 quidem
3104 5207 3191 5262 isti
3233 5207 3444 5264 Patres.

1867 5279 2227 5351 Duodecimus
2263 5306 2445 5350 autem
2480 5313 2654 5352 canon
2689 5298 2903 5352 concilii
2952 5299 3450 5369 Carthaginiensis,

1870 5389 2012 5458 quod
2051 5400 2292 5456 tempore
2343 5388 2614 5458 posterius
2655 5400 2740 5444 est
2787 5390 2891 5444 isto
2937 5388 3190 5445 Nectario
3229 5394 3455 5447 sedente

1872 5487 2202 5547 congregato
2246 5478 2481 5548 (quippe
2533 5495 2653 5534 cum
2706 5481 2809 5535 hoc
2859 5481 3164 5550 imperante
3209 5482 3453 5538 Arcadio

1869 5583 2116 5626 coactum
2137 5573 2206 5626 sit
2231 5587 2247 5637 ;
2272 5571 2723 5640 Carthaginiense
2757 5589 2888 5628 vero
2918 5573 3220 5629 Theodosio
3252 5578 3448 5629 minori

1873 5661 2208 5734 imperante)
2237 5663 2282 5717 si
2318 5663 2440 5734 quis
2474 5664 2785 5734 episc0pus,
2833 5667 3032 5736 inquit,
3067 5667 3298 5737 alicujus
3331 5669 3447 5721 cri-

1872 5753 2033 5811 minis
2065 5755 2237 5811 iactus
2271 5757 2343 5812 sit
2376 5770 2527 5823 rcus,
2559 5771 2589 5812 a
2620 5758 2902 5814 duodecim
2938 5759 3212 5831 episcopis
3236 5759 3452 5828 judice-
