4012 6446
522 368 625 431 459

1826 354 2108 419 THEOD.
2151 354 2548 419 BALSAHON

3683 348 3795 410 460

528 490 648 539 erat
676 492 855 537 autem
891 484 1100 551 species
1143 486 1260 552 ejus
1306 492 1361 535 ut
1399 480 1598 551 fulgur,
1636 492 1685 533 et
1718 481 2095 544 indumentum

2217 482 2379 535 Βάτων
2430 482 2496 551 τῇ
2548 473 2937 545 ἐπιφωσκούσῃ
2987 474 3067 535 εἰς
3120 471 3248 542 μίαν
3296 467 3613 532 Σαὸϐἀτων,
3653 462 3792 538 ἦλθε

530 577 650 645 eius
694 575 875 629 album
917 586 973 628 ut
1005 575 1115 627 uix.
1158 577 1202 626 Α
1236 574 1429 627 timore
1474 583 1656 626 autem
1696 573 1817 641 ejus
1850 574 2102 625 concussi

532 678 659 722 sunt
690 668 786 738 qui
808 668 1118 731 servabant,
1141 674 1196 719 et
1218 664 1346 719 iacti
1370 674 1497 720 sunt
1526 673 1585 719 ut
1610 664 1832 719 mortui.
1861 662 2101 732 Respon-

534 759 669 814 deus
699 770 879 814 autem
924 757 1169 827 angelus,
1211 757 1351 811 dixit
1400 756 1721 810 mulieribus
1759 753 1868 809 :Ne
1921 752 2105 808 timete

536 864 653 912 vos,
685 849 802 903 scio
836 848 981 909 enim
1033 848 1181 917 quod
1232 844 1417 901 Jesum
1466 846 1784 901 cruciﬁxum
1817 844 2100 913 quaeritis:

539 954 645 993 non
677 947 761 992 est
795 939 923 994 hic:
949 939 1253 993 resurrexit
1281 938 1449 1004 enim,
1478 938 1620 991 sicut
1649 936 1785 989 dixit
1828 937 1868 989 ¹.
1911 934 1979 987 Id
2003 951 2103 988 au-

538 1041 640 1083 tem
669 1029 807 1095 quod
832 1028 1032 1080 dictum
1066 1035 1165 1092 est,
1192 1040 1437 1093 vespere.
1469 1025 1567 1078 alii
1593 1025 1803 1094 quidem
1830 1026 2098 1078 existima-

538 1120 664 1174 bunt
694 1119 978 1173 secundum
1009 1120 1149 1172 uerbi
1198 1118 1625 1171 communitatem
1674 1118 1975 1186 signiﬁcare
2016 1133 2100 1169 ve—

540 1228 743 1279 sperum
778 1209 1035 1273 Sabbati;
1065 1209 1409 1279 sapientiores
1441 1218 1617 1261 autem
1658 1208 1713 1261 id
1746 1208 2105 1272 exaudientcs,

541 1319 643 1357 non
669 1303 789 1368 ltoc,
822 1301 911 1354 sed
945 1300 1263 1369 profundam
1314 1308 1513 1353 noctem
1557 1316 1669 1353 esse
1707 1300 1903 1360 dicent,
1938 1298 2109 1351 tardi-

541 1403 704 1447 tatem
724 1402 771 1446 et
796 1392 1010 1461 longum
1038 1400 1240 1459 tempus
1269 1407 1473 1459 vespere
1499 1390 1848 1459 signiﬁcante.
1885 1388 1951 1441 Et
1970 1387 2107 1458 quod

544 1491 745 1535 noctem
802 1481 932 1533 dicit
964 1490 1013 1533 ct
1048 1496 1149 1532 non
1190 1495 1474 1547 vesperam,
1521 1478 1829 1546 subjunan't:
1854 1475 1990 1530 Cum
2024 1477 2110 1529 lu-

544 1580 783 1630 cesceret
817 1572 871 1624 in
898 1571 1127 1638 primam
1160 1568 1518 1624 hebdomadis
1545 1568 1726 1631 diem;
1760 1577 1809 1619 et
1844 1576 2109 1630 uenerunt,

544 1662 797 1727 nondum,
837 1670 893 1714 ut
923 1661 1109 1729 reliqui
1136 1660 1339 1725 dicunt,
1375 1667 1614 1711 aromata
1654 1659 1894 1727 ferentes,
1918 1658 2007 1711 sed
2043 1657 2111 1709 ad

546 1752 884 1821 spectandum
925 1751 1258 1819 sepulcrum,
1311 1760 1360 1804 ct
1408 1751 1711 1801 invenerunt
1754 1750 1955 1816 factum
2002 1764 2112 1801 esse

2204 572 2395 641 Μαρια
2422 572 2455 640 ἡ
2480 565 2811 639 Μαγδαληνὴ
2841 566 2934 617 καὶ
2957 566 2990 634 ἡ
3025 563 3157 633 ἀλλὴ
3183 561 3372 632 Μαρία
3395 560 3670 631 θεωρῆσαι
3696 557 3796 611 τὸν

2204 663 2392 731 τάφον.
2421 662 2532 714 Καὶ
2566 659 2675 713 ἰδοὺ
2703 656 2924 726 σεισμὸς
2947 655 3162 723 ἐγένετο
3196 652 3370 723 μέγας
3388 667 3401 681 ο
3434 650 3665 719 ἄγγελος
3680 648 3798 720 γὰρ

2204 756 2410 825 Κυρίου
2453 751 2695 814 καταϐὰς
2742 749 2802 813 ἐξ
2841 745 3072 819 οὐρανοῦ
3110 743 3443 839 προσελθὼν,

2204 845 2296 896 τὸν
2334 842 2499 906 λίθον,
2547 842 2641 894 καὶ
2681 838 2915 908 ἐκάθητο
2949 835 3134 888 ἐπάνω
3171 832 3363 887 αὐτοῦ·
3394 827 3464 903 ἦν
3494 830 3551 884 δὲ
3593 831 3628 901 ἡ
3676 827 3797 883 ῑδέἆ

2206 935 2371 988 αὑτοῦ
2400 934 2475 996 ὡς
2507 930 2780 1005 ἀστραπὴ,
2806 929 2901 982 καὶ
2932 929 2991 979 τὸ
3020 926 3221 997 ἔνδυμα
3248 923 3411 977 αὑτοῦ
3440 922 3634 975 λευκὸν
3657 920 3801 975 ὡσεὶ

2208 1026 2354 1098 χιών.
2406 1026 2537 1078 ’Δπὺ
2582 1024 2639 1077 δὲ
2671 1021 2764 1074 τοῦ
2814 1022 2979 1091 φόὸου
3014 1019 3201 1085 αὐτοῦ,
3253 1018 3578 1088 ἐσείσθησαν
3618 1021 3667 1068 οἱ
3700 1031 3805 1088 τη-

2211 1118 2451 1191 ροῦντες,
2488 1116 2580 1169 καί
2609 1114 2861 1182 ἐγένοντο
2892 1112 3027 1164 ὡσεὶ
3056 1110 3257 1181 νεκροί.
3306 1105 3654 1178 ’Δποκριθεὶς
3683 1104 3745 1157 δὲ
3772 1104 3805 1158 5

2208 1211 2434 1279 ἄγγελος
2469 1207 2588 1262 εἷπε
2618 1209 2739 1270 ταῖς
2770 1204 3017 1274 γυναιξί·
3050 1203 3140 1275 Μὴ
3175 1200 3423 1272 φοσεῐσθε
3470 1201 3651 1269 ὑμεῖς,
3680 1193 3807 1251 οῖδα

2209 1302 2319 1371 γὰρ
2344 1301 2425 1352 ὅτι
2466 1297 2672 1368 Ἰησοῦν
2701 1296 2790 1349 τδν
2816 1294 3229 1365 ἐσταυρωμένον
3257 1291 3492 1361 ζητεῖτε,
3520 1290 3623 1341 οὐκ
3648 1288 3808 1341 ἔστιν

2208 1386 2338 1445 ὧδε·
2368 1390 2575 1462 ἠγέρθη
2601 1390 2709 1461 γὰρ
2743 1386 2925 1449 καθὼς
2968 1380 3107 1439 εἶπε.
3167 1384 3345 1439 Τοῦτο
3383 1381 3454 1435 δὲ
3484 1381 3549 1435 τὸ
3571 1378 3801 1450 λεχθὲν

2211 1482 2329 1551 ὀψὲ,
2366 1485 2417 1535 οἱ
2441 1480 2558 1550 μέν
2591 1496 2749 1545 τινες
2776 1478 3087 1545 οιήσονται
3129 1473 3279 1528 κατὰ
3322 1472 3438 1541 τὴν
3474 1472 3810 1537 κοινότητα

2211 1574 2317 1629 τοῦ
2336 1574 2603 1643 ῥήματος
2631 1572 2745 1641 τὴν
2770 1570 3034 1639 ἑσπέραν
3052 1568 3284 1636 δηλοῦν
3310 1566 3416 1619 τοῦ
3450 1562 3765 1618 Σασόἀτου
3784 1578 3804 1592 ο

2214 1671 2266 1721 οι
2294 1666 2360 1720 δὲ
2388 1666 2728 1735 σοφώτερον
2779 1663 3197 1727 ὲξακούοντες,
3250 1660 3319 1712 οὐ
3373 1657 3582 1711 τοῦτο’
3632 1653 3814 1710 ἀλλὰ

2213 1760 2402 1813 νύκτα
2456 1758 2711 1823 βαθεῖαν
2758 1755 3004 1824 ἐροῦσιν
3053 1754 3233 1807 εἶναι·
3298 1749 3649 1818 βραδύτητα
3698 1744 3811 1800 καὶ

546 1855 701 1897 terra
734 1851 957 1906 motum,
991 1851 1040 1895 et
1068 1842 1308 1911 angelum
1358 1856 1514 1907 super
1559 1840 1786 1907 lapidem
1828 1842 2110 1904 sedentem,

2217 1851 2439 1920 μακρὸν
2476 1851 2696 1919 χρόνον
2726 1847 2832 1902 τοῦ
2880 1847 2981 1917 ὀψὲ
3025 1844 3379 1912 δηλοῦντος.
3414 1841 3523 1895 Καὶ
3564 1839 3655 1892 ὅτι
3696 1838 3816 1891 νύ-

547 1941 594 1985 et
620 1930 902 1985 audierunt
929 1931 992 1983 ab
1024 1932 1137 1999 ipso
1163 1944 1180 1982 :
1203 1927 1317 1983 Non
1352 1939 1435 1983 est
1461 1929 1570 1993 hic,
1596 1929 1851 1983 surrexit.
1908 1928 2112 1983 Simili-

549 2034 625 2079 ter
648 2022 881 2077 Joannes
920 2021 1141 2075 :Prima
1181 2020 1538 2075 hebdomadis
1586 2020 1741 2085 feria,
1771 2022 1960 2091 inquit,
1998 2020 2110 2076 Ma-

549 2114 628 2168 ria
660 2113 971 2184 Magdalene
1002 2114 1149 2168 venit
1178 2129 1356 2178 mane,
1396 2129 1523 2168 cum
1550 2122 1734 2167 essent
1760 2114 1937 2168 adhuc
1964 2123 2111 2167 tene-

2216 1958 2325 1995 κτα
2354 1941 2516 2023 λέγει
2545 1942 2643 1995 καὶ
2678 1943 2788 2007 οὐχ
2818 1938 3106 2006 ἑσπέραν,
3150 1934 3547 2023 ἐξήγαγεντῇ
3586 1933 3816 2023 ὲττιφωῗ

2218 2019 2529 2102 σκούσῃέίς
2561 2031 2685 2099 μίαν
2718 2028 3039 2082 Σαὸὁάτων·
3075 2024 3170 2078 καὶ
3196 2020 3370 2094 ἧκον,
3400 2021 3585 2083 οὔπω,
3626 2019 3708 2084 ὡς
3748 2020 3817 2071 οἱ

2220 2122 2416 2174 λοιποί
2438 2138 2609 2190 φασι,
2642 2120 2713 2173 τὰ
2740 2119 3015 2188 ἀρώματα
3046 2118 3362 2187 φέρουσαι,
3394 2114 3556 2168 ἀλλὰ
3580 2108 3815 2179 θεωρῆ-

549 2208 679 2272 ιπίε,
708 2206 775 2261 ad
824 2216 1273 2271 monumentum;
1314 2214 1367 2259 et
1398 2204 1531 2260 vidit
1570 2207 1803 2275 lapidem
1836 2207 2108 2261 sublatum

2217 2228 2316 2265 σαι
2348 2212 2455 2265 τὸν
2492 2210 2702 2280 uigor,
2734 2211 2829 2263 καὶ
2862 2205 3040 2277 εὖρον
3067 2208 3174 2261 τὸν
3202 2205 3459 2275 σεισμὸν
3511 2201 3814 2272 γεγονότα

548 2312 579 2350 ι
606 2305 958 2353 monumento
996 2298 1016 2327 '
1042 2313 1056 2361 ;
1112 2296 1203 2349 sed
1223 2296 1384 2363 juxta
1406 2296 1541 2350 illud
1563 2313 1688 2352 cum
1719 2298 1895 2352 adhuc
1927 2308 2113 2352 essent

550 2387 803 2452 teucbm,
836 2396 1195 2457 precesserat.
1247 2385 1419 2442 Lucas
1452 2398 1628 2442 autem
1677 2389 1846 2441 dicit:
1876 2387 2113 2442 Sahhato

550 2478 769 2546 quidem
802 2479 1125 2548 quieverunt
1174 2482 1478 2537 secundum
1536 2489 1885 2549 praeceptum.
1929 2478 2110 2533 Prima

550 2576 731 2625 autem
779 2569 1135 2624 hebdomadis
1184 2569 1316 2625 feria
1368 2584 1584 2624 summo
1622 2584 1780 2622 mane
1803 2569 1869 2623 ad
1924 2584 2113 2623 monu-

551 2669 791 2713 mentum
811 2672 1101 2725 venerunt,
1122 2660 1358 2716 ferentes
1370 2675 1492 2729 qua:
1509 2668 1829 2729 paraverant
1844 2668 2110 2724 aromata,

552 2751 875 2805 invenerunt
925 2744 1105 2806 autem
1149 2753 1381 2822 lapidem
1423 2768 1453 2807 ει
1496 2761 1849 2806 monumento
1900 2752 2112 2806 devoluo

554 2850 665 2895 tum
708 2842 746 2896 ³.
786 2840 1059 2895 Summum
1095 2858 1248 2895 mane
1272 2847 1498 2911 fortasse
1526 2843 1843 2895 matutinum
1867 2842 2111 2911 splendo-

553 2949 681 2994 rem,
717 2932 808 3001 qui
847 2933 993 3000 prius
1034 2934 1368 3002 subapparet,
1402 2935 1663 3004 significat
1715 2936 1899 3002 prima:
1931 2934 2109 3001 ferias;

556 3032 605 3076 et
644 3025 893 3093 quoniam
925 3024 1040 3092 jam
1091 3028 1314 3093 perfecte
1342 3026 1608 3095 praterito
1637 3042 1755 3078 cum
1787 3033 1896 3077 tota
1936 3040 2114 3076 conse-

551 3122 735 3183 quente
770 3127 917 3168 nocte
954 3114 1210 3179 Sabbato,
1256 3126 1304 3168 et
1351 3118 1458 3170 alio
1501 3118 1583 3170 die
1620 3118 1920 3185 incipiente,
1968 3131 2115 3168 rene-

554 3215 673 3259 runt
704 3215 947 3259 aromata
977 3216 1024 3260 et
1050 3219 1315 3276 unguenta
1367 3208 1626 3276 ferentes;
1662 3210 1872 3277 quando
1894 3208 2012 3276 jam
2041 3208 2115 3261 vi-

552 3296 737 3350 delicet
767 3296 861 3349 diu
910 3308 1031 3350 ante
1060 3308 1385 3352 surrexerat.
1421 3296 1535 3351 Hoc
1574 3298 1785 3351 Marcus
1813 3315 2013 3368 quoque
2038 3315 2117 3352 se-

553 3387 753 3453 quitur,
779 3387 955 3440 dicens
974 3403 992 3440 :
1014 3386 1267 3441 Emerunt
1297 3398 1561 3451 aromata,
1595 3398 1652 3441 ut
1690 3390 1964 3443 venientes
1992 3404 2115 3443 eum

553 3484 839 3543 ungerent.
874 3474 937 3528 Et
967 3476 1119 3529 valde
1176 3492 1333 3531 mane
1388 3478 1575 3545 prima;
1618 3477 1763 3532 ferite
1796 3480 2017 3532 veniunt
2049 3479 2115 3532 ad

557 3574 972 3619 monumentum
1023 3574 1142 3619 orto
1182 3566 1293 3635 jam
1346 3568 1460 3621 sole
1496 3568 1536 3619 δ.
1575 3566 1737 3622 Valde
1779 3570 1918 3621 enim
1960 3585 2117 3624 mane

555 3656 638 3708 hic
669 3671 867 3723 quoque.
893 3656 1046 3717 dixit,
1072 3656 1209 3723 quod
1238 3658 1371 3709 idem
1397 3668 1472 3710 est
1500 3674 1560 3710 ac
1607 3673 1822 3712 summo
1854 3659 2112 3723 diluculo,

556 3756 605 3801 et
643 3746 913 3813 subjunxit
940 3760 956 3797 :
984 3744 1115 3799 Orto
1155 3747 1268 3815 jam
1310 3749 1441 3801 sole.
1492 3748 1757 3816 Profectio
1807 3750 2036 3816 quidem,
2064 3761 2113 3804 et

558 3838 655 3889 iter
684 3852 865 3889 earum
888 3852 1088 3888 summo
1115 3836 1346 3889 diluculo
1363 3848 1410 3891 et
1439 3840 1585 3891 valde
1611 3854 1759 3891 mane
1797 3838 2028 3905 incepit;
2060 3844 2112 3892 in

559 3929 747 3982 itinere
792 3940 969 3981 autem
1003 3938 1051 3981 et
1100 3934 1239 3983 circa
1270 3942 1680 3993 monumentum,
1709 3946 1907 3982 moram
1943 3940 2103 3983 traxe-

559 4028 679 4071 runt
710 4035 870 4088 usque
895 4020 961 4071 ad
1006 4029 1179 4072 ortum
1214 4022 1380 4084 solis;
1404 4030 1451 4073 et
1488 4022 1561 4073 eis
1586 4022 1807 4089 quidam
1839 4030 1959 4072 tunc
1988 4022 2117 4072 dicit

558 4109 854 4163 adolescens
885 4111 1236 4163 candidatus:
1262 4110 1600 4170 Resurrcxit,
1621 4126 1723 4162 non
1753 4122 1833 4162 cst
1857 4111 1963 4164 hic.
1996 4110 2119 4162 llwc

556 4210 728 4252 autem
757 4216 873 4251 cum
914 4201 988 4251 ita
1010 4216 1063 4252 se
1090 4200 1333 4264 habeant,
1360 4201 1452 4252 hoc
1478 4202 1543 4254 iis
1567 4201 1655 4269 qui
1680 4201 1977 4252 accuratius
2006 4201 2120 4252 sub-

558 4290 805 4359 tiliusque
842 4290 1197 4353 considerant,
1248 4292 1584 4344 cnuntiamus
1634 4301 1794 4359 quota
1855 4291 2005 4353 liora,
2044 4290 2120 4344 uel

555 4381 713 4433 etiam
746 4380 1064 4433 semihorula
1107 4381 1183 4432 vel
1229 4389 1418 4449 quarta
1465 4381 1627 4443 hora',
1658 4390 1857 4448 Oportet
1892 4382 2119 4449 incipere

2218 2301 2315 2353 καὶ
2360 2300 2697 2370 καθήμενον
2732 2298 2839 2352 τὸν
2867 2298 3125 2367 ἄγγελον
3174 2297 3273 2351 ἐπὶ
3302 2294 3409 2349 τοῦ
3451 2295 3651 2355 λίθου,
3698 2292 3815 2344 καὶ

2217 2395 2514 2460 ἀκηκόασι
2569 2392 2702 2460 παρ’
2753 2390 2971 2445 αὑτοῦ·
3019 2391 3132 2454 Οῷι
3186 2388 3332 2441 ἐστιν
3385 2374 3509 2448 ὧδέ,
3560 2382 3807 2453 ἠγέρθη.

2230 2484 2470 2553 Ὄμοίως
2526 2488 2558 2538 ό
2627 2483 2932 2562 Ἰωάννης”
3004 2484 3091 2535 Ἐν
3153 2483 3251 2552 μιᾷ
3301 2481 3411 2533 τῶν
3458 2476 3807 2555 Σαϐΰᾴτων.

2218 2573 2590 2645 φησὶ,Μαρία
2621 2576 2652 2645 ἡ
2680 2574 3009 2643 Μαγδαληνὴ
3035 2568 3164 2643 ἦλθε
3195 2568 3340 2641 πρωῒ
3371 2568 3588 2631 σκοτίας
3608 2565 3811 2619 ἐτιοῦ-

2222 2682 2320 2735 σης
2351 2666 2427 2727 εἰς
2455 2666 2518 2718 τὸ
2554 2662 2842 2735 μνημεῖον·
2892 2664 2987 2717 καὶ
3027 2662 3211 2733 βλέπει
3249 2661 3340 2713 τὸν
3384 2660 3528 2711 λίθον
3558 2657 3814 2729 ἠρμένον

2219 2756 2327 2808 ἀπὸ
2354 2756 2444 2808 τοῦ
2477 2756 2738 2826 μνημείου
2758 2771 2772 2786 ’
2807 2754 2988 2822 πλὴν
3018 2755 3179 2822 παρὰ
3216 2751 3414 2817 τοῦτο,
3447 2748 3667 2812 σκοτίας
3715 2748 3807 2802 ἔτι

2222 2845 2402 2916 οὔσης,
2432 2850 2842 2915 προεληλύθει.
2893 2848 2954 2899 '0
2980 2845 3047 2899 δὲ
3088 2843 3328 2909 Λουκᾶς
3368 2857 3549 2911 φησι’
3587 2840 3662 2892 Τδ
3700 2841 3810 2911 μιν

2221 2936 2490 2991 Σάϐὁατον
2518 2940 2791 3009 ἡσύχασαν
2821 2936 2961 2989 κατά
2987 2953 3083 3005 την
3111 2936 3330 3005 ὲντολὴν
3348 2951 3360 2963 ·
3388 2935 3453 3002 τῇ
3484 2932 3541 2983 δὲ
3566 2932 3668 3001 μιᾷ
3692 2930 3811 2984 τῶν

2218 3028 2545 3093 Σαδδάτων,
2589 3028 2783 3099 ὄρθρου
2818 3027 3005 3098 βαθέος
3038 3029 3129 3079 ὲπὶ
3169 3027 3229 3078 τὸ
3261 3025 3448 3095 μνῆμα
3474 3018 3660 3093 ἦλθον,
3709 3021 3813 3089 φέ-

2221 3136 2409 3189 ρουσαι
2457 3121 2492 3173 ἀ
2534 3120 2834 3190 ἡτοίμασαν
2886 3118 3182 3188 ἀρώματα·
3232 3112 3389 3187 εὖρον
3436 3116 3493 3168 δὲ
3523 3114 3616 3167 τὸν
3648 3111 3811 3165 λίθον

2218 3208 2710 3278 ἀποκεκυλισμένον
2744 3207 2851 3261 ἀπὸ
2882 3207 2976 3260 τοῦ
3028 3206 3313 3276 μνημείου.
3361 3208 3423 3259 '0
3457 3204 3658 3269 ,βαθὺς
3698 3200 3811 3268 69-

2218 3304 2355 3366 θρος
2387 3300 2532 3365 ῑσως
2561 3297 3156 3368 προῦποςςαινομένην
3179 3297 3372 3363 αὐτὴν
3408 3295 3663 3363 ἑωθινὴν
3687 3297 3809 3365 ἐμ-

2217 3386 2441 3456 φανίζει
2485 3388 2594 3455 τῆς
2619 3387 2759 3457 μιᾶς
2796 3386 2916 3439 τῶν
2956 3384 3289 3447 Σαόϐἀτων,
3325 3384 3423 3437 διὰ
3460 3384 3566 3437 τοῦ
3595 3400 3810 3453 παρῳ-

2217 3480 2475 3547 χηκότος
2522 3478 2637 3545 ἤδη
2682 3479 2919 3543 τελείως
2962 3477 3082 3530 σὺν
3123 3476 3199 3545 τῇ
3247 3477 3373 3544 μετ’
3416 3475 3561 3528 αὐτὸ
3621 3476 3811 3528 νυκτὶ

2218 3570 2385 3636 πάσῃ
2418 3568 2523 3623 τοῦ
2556 3568 2881 3631 Σαῦὄάτου,
2916 3568 3011 3621 καὶ
3045 3566 3251 3634 ἐτέρας
3282 3564 3619 3634 ἀρχομένης
3656 3565 3810 3633 ἠμέ-

2210 3676 2344 3726 ρας,
2386 3654 2577 3727 ἦλθον
2618 3660 2689 3713 τὰ
2728 3658 3001 3727 ἀρώματα
3029 3658 3126 3710 καὶ
3175 3657 3245 3709 τὰ
3282 3656 3443 3723 μῦρα
3472 3653 3771 3722 φέρουσαι
3792 3672 3805 3685 ·

2218 3750 2315 3803 ὅτε
2346 3748 2536 3814 δῆλον
2562 3751 2641 3815 ὠς
2668 3751 3006 3815 ἀνειστήκει
3032 3748 3143 3815 πρὸ
3174 3748 3427 3801 πολλοῦ.
3451 3749 3640 3809 Τούτῳ
3663 3764 3812 3801 κατ-

2217 3841 2535 3895 ακολουθεῖ
2563 3841 2659 3893 καὶ
2692 3844 2724 3893 ό
2755 3838 2996 3906 Μάρκος
3035 3838 3259 3905 λέγων·
3298 3837 3603 3906 Ἠγὸρασαν
3655 3838 3812 3908 ἀρώ-

2224 3948 2367 3999 ματα
2397 3931 2485 3983 ἴνα
2532 3929 2782 3983 ἐλθοῦσαι
2811 3928 3102 3996 ἀλείψωσιν
3136 3927 3313 3980 αὐτόν.
3358 3928 3469 3979 Καὶ
3507 3926 3626 3979 λίαν
3656 3928 3813 3997 πρωϊ

2219 4020 2318 4088 τῆς
2349 4022 2475 4088 μιᾶς
2504 4018 2795 4071 Σαϐϐάτων
2823 4018 3069 4087 ἔρχονται
3092 4016 3185 4068 ἐπὶ
3211 4017 3271 4067 τὸ
3303 4018 3561 4086 μνημεῖον
3589 4016 3811 4068 ἀνατεί-

2220 4110 2409 4171 λαντος
2440 4109 2529 4161 τοῦ
2562 4109 2731 4179 ἡλίου.
2768 4110 2901 4161 Δίαν
2926 4108 3042 4177 μὲν
3067 4108 3177 4176 γὰρ
3217 4107 3361 4178 πρωῒ
3387 4108 3482 4159 καὶ
3518 4103 3702 4172 οὗτος
3726 4105 3811 4160 εἷ·-

2222 4216 2377 4265 πεν,
2429 4202 2572 4268 ὅπερ
2606 4200 2824 4253 ταύτόν
2865 4200 2995 4251 ἐστι
3048 4197 3128 4263 τῷ
3180 4198 3370 4267 βαθέος
3424 4197 3654 4268 ὄρθρου,
3706 4200 3811 4251 καὶ

2222 4290 2553 4359 ἐπήγαγεν,
2601 4290 2977 4351 ἀνατείλαντος
3020 4287 3115 4340 τοῦ
3156 4288 3328 4357 ἡλίου.
3387 4287 3453 4339 Ἡ
3490 4286 3608 4354 μὲν
3637 4289 3800 4354 dmi};

2224 4381 2321 4433 καὶ
2343 4383 2379 4447 ή
2416 4381 2553 4445 όδὸς
2582 4379 2796 4442 αὐτῶν,
2826 4378 3019 4445 δῆλον
3055 4380 3136 4443 ὡς
3170 4378 3382 4445 ὄρθρου
3409 4377 3655 4441 βαθέος,
3704 4381 3812 4431 καὶ

556 4472 802 4524 Itetitiam
827 4470 889 4522 ob
920 4469 1133 4526 Domini
1163 4472 1331 4523 nostri
1356 4488 1385 4523 a
1420 4472 1636 4523 mortuis
1667 4472 2112 4523 resurrectionem.

2224 4473 2364 4523 λίαν
2394 4471 2541 4537 πρωῒ
2570 4469 2889 4536 κατήρχθη.
2926 4466 3380 4535 Παρέτειναν,δὲ
3410 4466 3558 4518 κατά
3598 4483 3659 4518 τε
3692 4467 3813 4533 τὴν

562 4559 661 4613 Eos
687 4560 892 4629 quidem
922 4562 1011 4629 qui
1057 4562 1277 4612 nimium
1306 4561 1577 4629 festinant,
1622 4569 1671 4613 et
1729 4570 1848 4613 ante
1890 4563 2116 4614 mediam

558 4661 760 4702 noctem
815 4659 1060 4718 surgunt,
1093 4659 1147 4701 ut
1199 4660 1573 4717 contemptores
1623 4660 1670 4702 et
1720 4652 2119 4719 intemperantes

560 4741 1003 4807 reprehendimus,
1051 4750 1106 4791 ut
1152 4741 1239 4807 qui
1285 4742 1656 4807 propemodum
1696 4754 1975 4809 antequam
2023 4760 2121 4809 par

556 4832 644 4891 sit,
678 4847 890 4886 cursum
938 4832 1261 4897 abruperint,
1292 4832 1493 4884 dicente
1542 4834 1653 4884 viro
1708 4835 1937 4901 sapiente
1960 4850 1977 4885 .·
2000 4833 2125 4895 Non

558 4936 746 4988 parum
782 4927 865 4973 cst
911 4919 963 4971 in
1021 4920 1150 4982 vim,
1191 4919 1334 4987 quod
1369 4935 1556 4987 parum
1583 4922 1751 4975 abest.
1808 4922 1911 4974 Eos
1944 4932 2119 4975 autem

555 5012 643 5079 qui
670 5010 944 5077 differunt,
975 5022 1025 5063 et
1049 5009 1334 5078 plurimum
1366 5012 1654 5079 perferunt,
1687 5024 1732 5064 et
1770 5014 1837 5064 ad
1869 5023 2115 5080 quartam

556 5118 725 5171 usque.
750 5101 986 5171 vigiliam
1019 5102 1226 5171 fortiter
1261 5102 1543 5165 abstinent,
1572 5104 1622 5156 in
1650 5120 1753 5172 qua
1781 5106 1943 5156 etiam
1971 5105 2117 5156 navi—

556 5194 799 5257 gantibus
837 5190 1086 5247 Servator
1106 5202 1282 5247 noster
1303 5194 1356 5246 in
1380 5195 1517 5245 mari
1547 5193 1823 5247 ambulans
1848 5197 2115 5262 apparuit,

557 5292 611 5333 ut
650 5296 931 5351 generosos
953 5292 1004 5336 et
1027 5282 1263 5333 laborum
1285 5280 1564 5334 tolerantes
1597 5284 1933 5349 suscipimus.
1969 5284 2019 5353 3
2048 5284 2120 5339 Iis

554 5383 724 5426 autem
766 5373 1106 5440 qui-interea
1135 5382 1187 5423 ut
1234 5371 1362 5423 moti
1386 5380 1533 5435 sunt,
1592 5370 1671 5425 vel
1699 5384 1753 5425 ut
1809 5383 2117 5443 potuerunt,

555 5466 848 5531 quiescunt,
893 5479 995 5515 non
1025 5462 1175 5515 ualde
1212 5462 1416 5517 molesti
1450 5463 1615 5517 simus
1645 5478 1663 5514 :
1694 5466 2117 5533 quandoquidem

557 5571 644 5607 nec
668 5554 1099 5621 sexjcjuniorum
1137 5555 1246 5606 dies
1276 5552 1569 5622 n‘qualiter,
1602 5570 1694 5605 nec
1724 5555 1970 5607 similiter
2005 5572 2117 5607 om-

656 5739 671 5768 ¹
698 5738 886 5793 Matth.
925 5757 1107 5795 xxvm.
1148 5740 1255 5793 l-G.
1356 5742 1374 5770 ’
1406 5739 1557 5791 Joan.
1601 5756 1689 5805 xx,
1727 5741 1774 5795 l.

1880 5742 1897 5771 ³
1926 5741 2055 5795 Luc.
2095 5743 2395 5810 “111,56;
2432 5759 2587 5809 xxiv,
2619 5743 2667 5807 Ι,
2694 5740 2748 5794 2.

2223 4563 2469 4630 πορείαν
2502 4560 2598 4611 καὶ
2648 4559 2777 4624 περὶ
2817 4559 2880 4610 τὸ
2914 4557 3209 4626 μνημεῖον
3244 4556 3654 4623 διατρίϐουσαι
3698 4558 3811 4625 μέ-

2223 4669 2355 4720 χρις
2386 4647 2686 4715 ἀνατολῆς
2706 4647 2913 4713 ήλίουο
2950 4647 3045 4699 καὶ
3074 4647 3234 4714 λέγει
3269 4646 3368 4698 καὶ
3396 4646 3527 4698 τότε
3555 4647 3811 4707 ταύταις

2224 4746 2255 4795 ό
2315 4739 2634 4801 νεανίσκος
2692 4739 2723 4789 ό
2782 4738 3141 4805 λευχείμων·
3212 4737 3469 4806 Ἠγέρθη,
3499 4736 3600 4787 οὐκ
3648 4736 3807 4788 ἐστιν

2224 4828 2344 4887 ὧδε.
2383 4832 2609 4885 Τούτων
2648 4828 2833 4893 οὕτως
2868 4828 3165 4895 ἐχόντων,
3203 4828 3376 4881 τοῦτο
3405 4827 3527 4892 τοῖς
3567 4828 3811 4894 ἀκριϐο-

2222 4921 2607 4991 λογὉυμένοις
2652 4919 3097 4986 ἀποφαινόμεθα
3139 4918 3290 4972 κατὰ
3339 4917 3517 4970 ποίαν
3564 4916 3727 4985 ὤραν
3764 4920 3807 4987 ἢ

2220 5014 2316 5069 καὶ
2361 5012 2533 5065 ποῖον
2576 5010 2855 5078 ήμιώριον
2907 5010 2946 5077 ἢ
2979 5009 3137 5077 ὥρας
3180 5009 3461 5077 τέταρτον
3509 5009 3808 5076 ἄρχεσθαι

2220 5102 2489 5173 προσῆκε
2514 5100 2623 5168 τῆς
2654 5100 2752 5153 ἐπὶ
2789 5098 2865 5167 τῇ
2895 5101 3001 5153 τοῦ
3029 5102 3250 5168 Κυρίου
3278 5100 3447 5169 ήμῶν
3472 5102 3542 5154 ἐκ
3567 5102 3805 5169 νεκρῶν

2218 5194 2549 5249 ἀναστάσει
2584 5189 2788 5260 χαρᾶς.
2837 5192 2981 5256 Τοὺς
3008 5190 3126 5259 μὲν
3152 5192 3292 5244 λίαν
3319 5193 3806 5259 ἐπιταχύναντας

2220 5287 2320 5339 καὶ
2347 5285 2457 5352 πρὸ
2485 5282 2704 5347 νυκτὸς
2731 5282 2909 5351 ἐγγὺς
2934 5282 3052 5349 ἤδη
3069 5284 3377 5350 μεσούσης
3398 5275 3700 5348 (truth-ac,
3721 5286 3803 5351 ὡς

2223 5376 2543 5443 ὀλιγώρους
2575 5372 2671 5425 καὶ
2690 5371 2982 5440 ἀκρατεῖς,
3008 5374 3373 5441 μεμφόμεθα,
3408 5374 3489 5440 ὡς
3517 5374 3653 5444 παρ’
3682 5377 3807 5429 όλι.

2224 5482 2331 5534 ⁸γιον
2374 5464 2900 5532 προκαταλύοντας
2932 5462 3039 5515 τὸν
3071 5462 3311 5531 δρόμον,
3353 5464 3639 5532 λέγοντος
3690 5466 3805 5519 ἀν-

2223 5556 2363 5625 δρὸς
2393 5558 2621 5625 σοφοῦ·
2679 5556 2753 5609 Οὐ
2810 5556 3001 5625 μικρὸν
3048 5557 3107 5607 ὲν
3156 5554 3253 5625 βίῳ
3282 5555 3343 5607 τὸ
3395 5556 3543 5626 παρά
3578 5556 3801 5627 μικρόν.

2846 5740 2867 5770 ⁸
2896 5738 3061 5794 Marc.
3096 5756 3181 5794 xv:
3204 5778 3219 5804 ,
3252 5742 3301 5801 i,
3333 5741 3385 5804 2,
3420 5741 3473 5795 6.
3509 5790 3513 5793 τ
