4012 6450
527 374 640 437 463

1831 381 1931 440 TIl
1945 382 2032 442 EO
2046 383 2105 445 D.
2156 383 2240 442 BA
2255 383 2386 443 LSA
2399 384 2554 444 ΜΘΝ

3703 389 3818 453 464

544 517 679 558 rare
711 518 816 556 non
853 504 1114 558 debemus
1144 519 1238 556 nec
1270 503 1529 571 jejunium
1567 504 1796 569 solvere,
1835 520 1899 559 Ize
1929 506 2112 559 Videa-

2233 507 2452 568 στεύειν,
2509 507 2644 560 ούδὲ
2680 508 3079 575 ἀπονηστίζειν,
3116 508 3199 560 ἵνα
3256 508 3329 579 μὴ
3367 507 3607 577 δόξωμεν
3645 508 3815 562 ἐναν-

547 612 672 649 mur
707 605 1011 664 repugnare
1043 597 1352 650 eanonibus
1387 595 1480 663 qui
1519 606 1768 650 statuunt
1799 612 1899 652 nos
1925 599 2115 652 diebus

548 687 846 741 Dominicis
878 703 983 741 non
1013 688 1212 740 debere
1246 687 1516 756 jejunare.
1549 687 1661 742 Etsi
1697 690 1840 742 enim
1869 690 1985 743 dies
2011 700 2117 742 ter-

547 780 655 830 tius
709 787 992 846 reputetur
1021 776 1358 842 Dominicus,
1398 779 1571 832 solum
1618 789 1794 832 tamen
1831 794 2115 849 propterea

547 872 689 935 quol
736 870 897 922 trium
938 869 1146 922 diermn
1189 870 1517 924 resurrectio
1546 885 1670 924 eam
1725 871 1972 938 attingat,
2008 874 2116 924 ter-‘

551 964 656 1012 tius
713 961 910 1013 dicitur
941 977 951 1009 :
980 969 1063 1013 est
1106 960 1249 1013 enim
1288 960 1515 1029 primus.
1558 959 1620 1013 Et
1653 960 1722 1014 89
1771 976 1892 1014 ean.
1918 979 2036 1030 syn.
2063 962 2115 1014 in

551 1049 736 1103 Trullo
763 1049 1164 1115 tonvenienter,
1192 1048 1310 1112 dic,
1337 1059 1460 1102 ante
1492 1050 1678 1102 horam
1705 1050 1987 1116 septimam
2022 1065 2118 1101 uo-

549 1143 725 1194 etnrni
762 1139 986 1194 Sabbati
1018 1140 1217 1194 debere
1243 1155 1341 1193 nos
1366 1139 1633 1208 jejunium
1663 1141 1871 1193 solvere
1906 1141 1955 1191 in
1981 1157 2116 1208 qua-

549 1246 762 1298 cunque
796 1232 928 1285 hora
960 1230 1191 1284 voluerit
1230 1230 1498 1298 quispiam
1537 1245 1599 1282 ex
1651 1246 1741 1283 sex
1788 1230 1976 1298 primis
2023 1229 2119 1280 ho-

550 1321 644 1382 ris.
681 1322 842 1389 idque
882 1321 1106 1373 omnino
1142 1334 1207 1373 ex
1261 1319 1432 1372 libera
1489 1319 1919 1387 uniuscujusque
1969 1329 2119 1388 pote-

550 1419 688 1464 state
716 1418 769 1464 et
795 1412 1040 1465 arbitrio.

630 1497 1055 1569 [‘ZouanJluic
1122 1499 1533 1567 interrogationi
1578 1499 1866 1568 respOndct
1927 1499 1970 1552 is
2030 1500 2118 1553 cui

548 1590 826 1658 proposita
895 1590 1245 1658 interrogatio
1305 1599 1387 1642 est
1446 1607 1460 1642 :
1515 1589 1808 1644 Postulasti
1877 1590 2118 1642 sedulam

551 1681 754 1747 imponi
804 1681 995 1749 legem,
1029 1681 1130 1734 hoc
1159 1689 1260 1745 cst,
1314 1681 1552 1749 regulam
1611 1676 1950 1747 formamque
1980 1695 2117 1748 pree-

552 1772 755 1833 scribi,
805 1787 868 1824 ac
908 1772 1145 1824 adhibita
1186 1772 1464 1841 diligentia
1510 1772 1640 1824 certi
1694 1770 1898 1839 aliquid
1954 1771 2116 1824 statui

553 1867 619 1919 dc
657 1866 787 1919 liora
823 1864 1114 1918 Dominicm
1149 1865 1596 1929 resurrectionis;
1631 1865 1774 1931 quod
1807 1863 2028 1931 quidem
2063 1871 2116 1915 et
2151 1843 2190 1896 Β

551 1958 764 2011 dillicilc
801 1967 882 2011 cst
936 1970 987 2010 et
1038 1957 1306 2010 lubricum
1338 1977 1348 2010 :
1380 1957 1846 2025 quandoquidem,
1882 1965 2003 2024 post
2025 1970 2118 2009 ex-

551 2051 772 2102 cEtatum
803 2065 831 2102 a
861 2049 1090 2101 mortuis
1122 2049 1410 2101 Dominum
1444 2049 1857 2102 resurrectionis
1885 2048 2106 2101 celebri-

552 2145 714 2190 tatem
775 2138 1020 2190 inchoari
1057 2147 1285 2205 oportet,
1323 2138 1603 2205 hucusque
1635 2138 1968 2206 jejunantes,
2001 2138 2118 2190 ani-

550 2227 734 2293 mique
763 2226 864 2279 hoc
905 2235 1060 2294 pacto
1087 2226 1469 2280 demissionem
1498 2238 1770 2280 curantes.
1804 2227 1858 2279 ln
1879 2243 1941 2281 ea
1968 2243 2119 2281 nam-

549 2331 655 2384 que
707 2332 826 2384 qum
879 2332 974 2384 per
1005 2317 1270 2385 jejunium
1316 2327 1396 2370 est
1450 2319 1693 2386 corporis
1751 2319 2115 2382 amictalione,

551 2407 720 2477 animi
750 2407 1008 2461 demissio
1033 2411 1328 2476 qureritur;
1365 2420 1422 2462 ut
1477 2409 1706 2477 proinde
1733 2410 1776 2463 si
1811 2411 2004 2464 elatior
2047 2411 2114 2464 sit

549 2499 842 2566 jejttnanlis
891 2499 1126 2561 animus,
1162 2502 1372 2552 irritum
1417 2514 1537 2553 esse
1578 2501 1844 2570 jejunium
1876 2503 2118 2556 omnium

553 2589 896 2643 confessione
937 2589 1233 2657 judicetur.
1273 2589 1504 2658 Suhjicit
1532 2591 1722 2645 deinde
1754 2611 1766 2646 :
1798 2591 2122 2662 Quicunque

554 2682 619 2732 ad
655 2681 964 2748 sepulcrum
1016 2692 1142 2734 sunt
1190 2681 1440 2749 profecti.
1469 2698 1562 2737 eos
1608 2683 1712 2742 iam
1763 2683 2056 2735 excitatum
2090 2698 2117 2735 a

554 2771 787 2823 mortuis
825 2770 1113 2823 Dominum
1167 2773 1489 2839 reperiisse;
1528 2788 1699 2840 neque
1730 2773 2014 2836 dissidere,
2048 2774 2123 2825 in-

553 2862 690 2927 quit,
731 2877 792 2914 ae
825 2862 924 2914 sihi
959 2863 1184 2916 invicem
1231 2864 1506 2917 adversari
1558 2865 1920 2932 evangelistas
1971 2865 2120 2917 arbi-

557 2965 781 3015 tremur,
832 2953 974 3021 quod
1029 2970 1152 3007 cum
1206 2956 1392 3008 eadem
1447 2963 1603 3007 nocte
1660 2955 1944 3008 Dominum
2003 2971 2123 3009 sur~

557 3042 762 3094 rexisse
799 3043 1072 3094 communi
1121 3057 1390 3095 consensu
1437 3042 1671 3104 tradant,
1701 3060 1936 3111 quanam
1989 3047 2121 3097 hora

558 3133 816 3194 surrexit,
853 3133 1034 3185 minus
1080 3133 1358 3200 explorate
1415 3135 1677 3188 indicant.
1718 3133 1853 3185 Tum
1894 3135 2122 3201 ipsamet
2151 3166 2191 3221 ρ

557 3224 740 3287 verba,
779 3224 860 3278 vel
894 3225 1072 3291 potius
1111 3225 1260 3277 locos
1316 3224 1609 3293 Scriptum
1642 3224 1868 3293 profert,
1912 3225 1962 3275 in
2000 3224 2117 3292 qui-

558 3317 660 3368 bus
684 3315 1134 3382 cvangelistarum
1170 3315 1396 3383 quilibet
1424 3316 1489 3368 de
1520 3315 1920 3368 resitrrectione
1942 3314 2121 3374 Domi-

558 3407 678 3459 nica
702 3407 975 3473 loquitur,
1012 3422 1073 3460 ac
1103 3422 1220 3459 eam
1255 3423 1375 3475 qua:
1421 3408 1558 3460 inter
1587 3407 1733 3474 ipsos
1769 3405 1981 3458 videtur
2008 3419 2125 3458 esse

558 3498 978 3566 discrepantiam
1026 3501 1325 3566 componit.
1370 3498 1544 3566 Atque
1594 3498 1657 3551 ad
1696 3498 1809 3551 hazc
1839 3515 1848 3549 :
1876 3496 1975 3560 Qui
2005 3496 2126 3565 qui-

557 3587 678 3640 dem
726 3598 849 3641 ante
893 3589 1070 3642 noctis
1093 3589 1328 3642 medium
1383 3589 1603 3642 solvunt
1634 3589 1926 3656 jejunium,
1960 3587 2124 3640 veluti

561 3689 963 3748 contemptores
1035 3681 1566 3749 intemperantesque
1639 3680 2124 3748 reprehendimus,

561 3771 759 3840 quippe
809 3773 1062 3841 exiguum
1098 3773 1161 3826 ad
1194 3783 1405 3842 tempus
1454 3771 1649 3841 jejunii
1683 3785 1904 3824 cursum
1932 3770 2128 3823 dissol~

561 3871 728 3926 runt;
759 3863 847 3930 qui
871 3879 996 3915 vero
1017 3864 1080 3915 ad
1107 3873 1356 3932 quartam
1384 3878 1556 3931 usque
1591 3863 1852 3931 vigiliam,
1891 3863 1991 3914 hoc
2025 3871 2128 3925 est,

561 3954 890 4006 matutinum
941 3961 1152 4022 tempus
1192 3953 1403 4008 fortiter
1463 3955 1757 4015 abstinent,
1792 3969 1886 4006 eos
1933 3953 2132 4019 proha-

562 4060 684 4098 mus
711 4063 721 4097 :
746 4046 787 4099 si
823 4046 912 4110 qni
948 4063 1076 4097 vero
1111 4057 1229 4114 post
1265 4046 1496 4098 mediam
1535 4055 1748 4098 noctem
1787 4047 2128 4110 quieverunt,

563 4138 666 4190 hoc
692 4145 773 4190 cst
802 4137 1139 4190 amictioncm
1165 4153 1224 4190 ex
1259 4137 1467 4205 jejunio
1498 4134 1792 4204 profectam
1824 4143 1880 4188 ut
1913 4145 2135 4202 potuere

564 4230 908 4295 sedavcrnnt,
933 4230 1017 4292 iis,
1042 4230 1234 4297 inquit,
1266 4228 1400 4281 nihil
1425 4228 1636 4281 molesti
1665 4228 1868 4292 simus;
1902 4228 2134 4290 hocesl,

565 4321 698 4374 nihil
738 4330 819 4375 est
860 4309 1003 4389 quod
1038 4335 1153 4385 cos,
1189 4320 1317 4387 quia
1355 4333 1460 4371 non
1499 4319 1563 4370 ad
1605 4319 1928 4371 matutinum
1966 4331 2138 4385 usque

566 4421 778 4478 tempus
802 4411 1234 4479 perduraverint,
1262 4424 1610 4463 accusemus:
1641 4409 1766 4476 quia
1799 4423 1891 4460 sex
1923 4421 2138 4476 quoque.

2220 597 2464 650 τιοῦσθαι
2500 601 2609 660 τοῖς
2635 599 2820 650 κανόσι
2855 602 2965 660 τοῖς
2996 600 3384 670 διοριζομένοις
3419 591 3559 652 κατά
3591 599 3690 661 τάς
3713 617 3813 652 κυι-

2224 689 2524 757 ριωνύμους
2551 690 2621 758 μὴ
2654 688 2934 756 νηστεύειν
2957 691 3122 759 ἡμᾶς.
3157 690 3274 742 Κᾶν
3302 691 3409 761 γὰρ
3433 691 3590 759 τρίτη
3620 689 3814 758 ἡμέρα

2219 780 2553 850 λογίζηταιή
2598 780 2958 850 κυριώνυμος,
2994 780 3105 834 ἀλλ’
3140 783 3219 844 εἰς
3256 783 3414 851 μόνον
3455 782 3518 834 τὸ
3563 781 3816 851 ἅψασθαι

2217 868 2420 937 ταύτης
2469 869 2565 937 τὴν
2597 870 2892 938 τριήμερον
2942 870 3258 932 ἀνάστασιν,
3295 869 3571 937 λογίζεται
3620 869 3812 940 τρίτηο

2222 959 2408 1030 πρώτη
2439 962 2545 1030 γάρ
2594 962 2742 1011 ἐστι’
2775 962 2866 1013 καὶ
2897 960 3206 1023 ἀκολούθως
3243 961 3321 1029 τῷ
3357 960 3442 1013 πθ¹
3477 961 3665 1014 κανόνι
3707 960 3816 1028 τῆς

2221 1053 2276 1101 ἐν
2308 1050 2380 1119 τῷ
2414 1051 2666 1121 Τρούλλῳ
2698 1051 2934 1111 συνόδου,
2969 1050 3091 1118 λέγε
3125 1052 3230 1122 πρὸ
3263 1052 3359 1120 τῆς
3395 1051 3632 1122 ἑϐδόμης
3655 1049 3817 1120 ὧρας

2218 1142 2310 1193 τοῦ
2341 1141 2651 1210 νυκτερινοῦ
2685 1141 2961 1194 Σαϐὀάτου
2989 1143 3222 1210 ὀφείλειν
3265 1143 3411 1211 ἡμᾶς
3443 1141 3816 1212 ἀπονηστίζε-

2223 1231 2342 1282 σθαι
2375 1233 2430 1282 ἐν
2466 1233 2553 1301 οἵᾳ
2583 1231 2702 1302 ὥρα
2733 1231 2947 1302 θελήσει
2987 1250 3070 1295 τις
3104 1234 3212 1285 τῶν
3248 1232 3306 1298 ἓξ
3349 1233 3584 1302 πρώτων
3622 1231 3818 1301 ὡρῶν,

2223 1322 2436 1384 πάντως
2475 1323 2614 1375 κατά
2643 1323 2738 1391 τὴν
2771 1324 2978 1375 οἰκείαν
3013 1323 3238 1393 δύναμιν
3274 1325 3368 1376 καὶ
3405 1323 3755 1394 προαίρεσιν.

2291 1502 2531 1552 ΖΩΝΑΡ.
2577 1502 2718 1572 Πρὸς
2751 1502 2809 1555 τὸ
2845 1500 3104 1572 ἐρώτημα
3133 1503 3289 1554 τοῦτο
3332 1503 3498 1572 φησὶν
3541 1505 3568 1555 ὀ
3599 1504 3824 1571 ἐρωτη-

2221 1592 2352 1654 οέιςν
2522 1590 2818 1660 Ἑξῄτησας
2841 1591 3044 1662 ἀκριϐῆ
3079 1592 3205 1661 δρον
3250 1591 3588 1659 ὲπιτεοῆνσιι,
3634 1591 3820 1660 ἤγουν

2224 1685 2422 1738 κανόνα
2448 1686 2540 1737 καὶ
2571 1684 2738 1735 τύπον
2759 1684 3063 1754 ὁρισθῆναι,
3100 1685 3193 1736 καὶ
3221 1682 3627 1752 σαφηνισθῆναι
3651 1685 3828 1752 ἀκρι-

2222 1773 2330 1838 ϐὦς
2365 1774 2461 1844 τὴν
2519 1773 2666 1845 ὤραν
2709 1775 2805 1843 τῆς
2849 1775 3198 1838 ἀναστάσεως
3245 1774 3337 1826 τοῦ
3389 1774 3621 1843 Κυρίου,
3674 1775 3828 1844 ὅπερ

2220 1865 2312 1916 καὶ
2338 1863 2590 1915 δύσκολον
2630 1863 2722 1915 καὶ
2767 1862 3032 1931 σφαλερόν
3066 1865 3211 1914 ἐστιν
3233 1875 3244 1892 ⁵
3282 1863 3362 1914 ὅτι
3402 1863 3502 1932 μὲν
3533 1864 3641 1933 γὰρ
3674 1864 3830 1933 μετὰ

2220 1954 2278 2006 τὸ
2302 1955 2598 2022 ἀναστῆναι
2631 1955 2722 2005 τὸν
2755 1953 2957 2024 Κύριον
2988 1954 3084 2022 τῆς
3107 1954 3300 2022 ἑορτῆς
3329 1953 3429 2022 τῆς
3456 1954 3827 2014 ἀναστάσεως

2219 2044 2482 2116 ἄρχεσθαι
2515 2045 2613 2105 δεῖ,
2651 2045 2754 2106 ἓως
2789 2043 2978 2096 τούτου
3024 2043 3405 2112 νηστεύοντας,
3447 2045 3542 2095 καὶ
3586 2043 3683 2107 τάς
3715 2043 3832 2112 ψυ-

2220 2137 2318 2207 χάς
2350 2138 2520 2199 οὕτως
2558 2137 2942 2200 ταπεινοῦντας
3013 2137 3075 2186 'll
3123 2138 3231 2206 γὰρ
3275 2135 3358 2188 διὰ
3412 2136 3509 2204 τῆς
3555 2136 3833 2204 νηστείας

2219 2227 2544 2290 ταπείνωσις
2576 2228 2666 2280 τοῦ
2705 2227 2976 2296 σώματος,
3008 2227 3094 2278 διά
3125 2227 3221 2296 τὴν
3258 2228 3356 2296 τῆς
3395 2227 3574 2296 ψυχῆς
3615 2229 3828 2296 ἐπιτη-

2219 2319 2429 2373 δεύεται
2464 2320 2821 2372 ταπείνωσιν·
2871 2319 2945 2381 ὼς
2976 2320 3086 2386 εἴτε
3127 2319 3417 2388 ἐπηρμένη
3465 2320 3550 2387 εἴη
3586 2318 3682 2380 τοῦ
3717 2335 3827 2390 νη-

2223 2411 2500 2475 στεύοντος
2553 2413 2584 2480 ἡ
2627 2411 2796 2481 ψυχὴ,
2851 2411 3055 2480 ματαία
3108 2412 3139 2478 ἡ
3193 2412 3415 2480 νηστεία
3470 2411 3612 2472 ἐστὶ,
3653 2408 3832 2462 τοῦτο

2221 2501 2666 2571 ὁμολογούμενον.
2730 2501 2954 2566 Ἐπάγει
3001 2499 3055 2550 δὲ
3091 2500 3173 2551 ὅτι
3221 2499 3333 2550 ὅσοι
3385 2498 3525 2568 πρὸς
3569 2499 3631 2550 τὸ
3677 2515 3832 2569 μνη-

2227 2597 2373 2665 μεῖον
2404 2591 2663 2662 ἀπῆλθον,
2694 2592 3003 2644 ἀναστάντα
3033 2590 3129 2660 ἤδη
3158 2585 3316 2661 εὖρον
3343 2589 3434 2641 τὸν
3469 2590 3673 2659 Κύριον
3697 2607 3710 2619 ·
3743 2589 3830 2661 μὴ

2221 2686 2526 2752 διαφωνεῖν,
2561 2684 2713 2751 φησι,
2747 2683 2840 2734 καὶ
2873 2681 3249 2735 ἐναντιοῦσθαι
3284 2680 3536 2750 ἀλλήλοις
3571 2680 3832 2750 δόξωμεν

2221 2777 2346 2836 τοὺς
2381 2773 2787 2840 εύαγγελιστάς,
2824 2774 2906 2824 ὅτι
2939 2771 3356 2840 συμφωνοῦντες
3400 2772 3528 2842 περὶ
3555 2773 3652 2841 τῆς
3683 2772 3834 2826 ἁνα-

2226 2865 2464 2925 στάσεως
2498 2865 2570 2925 ὼς
2596 2864 2650 2914 ἐν
2683 2864 2863 2933 ἐκείνῃ
2895 2866 2960 2932 τῇ
2991 2864 3146 2914 νυκτὶ
3177 2861 3268 2912 τοῦ
3299 2863 3512 2931 Κυρίου
3545 2863 3834 2916 ἀναστάν-

2226 2974 2333 3019 τος,
2381 2956 2476 3025 τὴν
2516 2954 2662 3025 ὥραν
2706 2954 2825 3005 καθ’
2861 2955 2926 3023 ἣν
2961 2953 3159 3021 ἀνέστη
3201 2951 3389 3017 σαφῶς
3433 2952 3492 3002 ού
3540 2952 3830 3019 λέγουσιν,

2227 3045 2359 3102 Εἶτα
2404 3047 2495 3100 καὶ
2527 3047 2664 3098 αύτά
2693 3045 2759 3097 τά
2806 3047 3026 3114 ῥήματα
3060 3044 3090 3108 ἦ
3147 3043 3343 3112 μᾶλλον
3385 3042 3452 3094 τὰ
3493 3044 3672 3114 χωρία
3722 3043 3833 3113 τῆς

2228 3140 2446 3210 Ppulo-qq
2476 3137 2687 3206 τίθησιν
2709 3175 2721 3191 ,
2752 3137 2851 3188 ὅσα
2889 3136 3118 3196 ’ἕκαστος
3161 3134 3266 3186 τῶν
3296 3133 3699 3200 εύαγγελιστῶν
3730 3133 3833 3187 λέ-

2226 3252 2309 3302 γει
2337 3233 2462 3302 περὶ
2487 3233 2581 3299 τῆς
2610 3228 2960 3289 ἀναστάσεως
2983 3227 3076 3280 τοῦ
3105 3227 3331 3296 Κυρίου,
3362 3227 3454 3278 καὶ
3485 3224 3832 3296 συμϐιϐἀζει

2227 3323 2320 3392 τὴν
2373 3320 2630 3372 δοκοῦσαν
2687 3319 2981 3384 διαφωνίαν
3039 3317 3236 3368 αύτῷν.
3295 3317 3404 3367 Καὶ
3455 3317 3547 3367 ἐπὶ
3607 3316 3836 3378 τούτοις

2225 3415 2350 3473 τοὺς
2384 3411 2478 3480 μὲν
2519 3410 2622 3478 πρὸ
2649 3407 2740 3459 τοῦ
2776 3405 3128 3476 μεσονυκτίου
3164 3405 3389 3466 λύοντας
3421 3403 3517 3472 τὴν
3540 3407 3835 3474 νηστείαν,

2227 3504 2299 3565 ὡς
2325 3501 2617 3569 ὀλιγώρους
2647 3501 2738 3551 καὶ
2766 3499 3041 3569 ἀκρατεῖς,
3075 3498 3226 3566 φησὶ,
3256 3495 3608 3566 μεμφόμεθα,
3644 3496 3723 3558 ὼς
3757 3496 3838 3550 δι’

2229 3593 2410 3660 όλίγην
2440 3591 2586 3660 ὥραν
2633 3589 2721 3641 τὸν
2753 3589 2949 3657 δρόμον
2989 3586 3088 3653 τῆς
3127 3585 3378 3654 νηστείας
3414 3582 3833 3646 καταλύονταςο

2230 3682 2352 3745 τοὺς
2383 3681 2436 3732 δὲ
2479 3680 2634 3750 μέχρι
2662 3678 2924 3748 τετάρτης
2947 3675 3213 3744 φυλακῆς,
3243 3675 3360 3743 ἦτοι
3393 3673 3593 3743 όρθρου
3620 3675 3840 3743 ἐγκαρ-

2230 3773 2521 3844 τεροῦντος
2557 3769 2951 3839 ἀποδεχόμεθα.
2998 3770 3060 3820 Ei
3101 3768 3156 3819 δέ
3189 3783 3332 3828 τινες
3385 3765 3524 3835 μετά
3563 3766 3622 3817 τὸ
3661 3783 3839 3836 μεσο-

2233 3867 2446 3918 νύκτιον
2495 3862 2894 3921 ἀνεπαύσαντο,
2947 3861 3112 3929 ἤγουν
3156 3858 3253 3927 τὴν
3312 3855 3688 3908 κακοπάθειαν
3726 3855 3834 3926 τὴν

2235 3960 2297 4008 ὲκ
2345 3957 2440 4025 τῆς
2484 3954 2738 4024 νηστείας
2784 3952 3026 4003 ἔπαυσαν
3073 3949 3146 4011 ὡς
3188 3947 3554 4016 ἠδυνήθησαν,
3590 3945 3836 4010 τούτοις,

2237 4044 2391 4114 φησὶ,
2427 4045 2498 4112 μὴ
2529 4041 2832 4110 ἐνοχλῶμεν
2867 4041 3009 4104 (ἀντὶ
3033 4038 3149 4099 τοῦ,
3186 4037 3259 4105 μὴ
3288 4039 3368 4088 ὅτι
3405 4037 3509 4097 ἕως
3547 4033 3692 4103 ττρωῖ
3730 4036 3841 4087 οὐκ

2237 4135 2610 4206 ἐκαρτέρησαν
2640 4130 2939 4198 αἰτιώμεθα
2967 4130 3205 4193 αὐτοὺς),
3231 4129 3309 4180 ὅτι
3337 4127 3452 4179 οὐδὲ
3481 4125 3578 4188 τὰς
3607 4125 3664 4190 ἓξ
3694 4126 3842 4194 ἡμέ-

2240 4243 2338 4296 ρας
2384 4224 2480 4292 τῆς
2513 4222 2606 4273 τοῦ
2659 4220 2862 4282 πάθους
2906 4218 2999 4270 τοῦ
3040 4218 3246 4287 Κυρίου
3291 4214 3582 4284 ἑϐδομάδος
3627 4213 3840 4276 πάντες

2237 4315 2436 4386 ὁμοίως
2470 4312 2750 4366 ἀνύουσιν·
2798 4312 2846 4361 οἱ
2886 4309 2982 4378 μὲν
3026 4308 3132 4378 γὰρ
3180 4307 3278 4369 τας
3313 4307 3494 4367 πάσας
3538 4304 3846 4374 νηστεύου-

2241 4424 2342 4469 σιν,
2379 4406 2427 4457 οἱ
2455 4404 2511 4455 δὲ
2539 4403 2630 4455 δύο
2663 4401 2693 4469 ἢ
2727 4403 2896 4470 τρεῖς,
2939 4400 2987 4451 οί
3024 4399 3079 4451 δὲ
3114 4397 3352 4458 πλείους,
3386 4398 3433 4447 oi
3459 4396 3516 4447 δὲ
3549 4394 3842 4464 οὐδεμίαν.

567 4500 683 4554 dies
711 4500 827 4568 ejus
867 4500 1218 4553 hebdomade
1247 4514 1352 4568 qua
1383 4514 1577 4568 passus
1607 4508 1688 4552 est
1714 4497 1996 4562 Dominus,
2028 4511 2129 4549 non

2243 4495 2366 4556 Τοῖς
2403 4489 2493 4545 οὗν
2523 4493 2615 4543 ἐπὶ
2649 4489 2861 4550 πλείους
2899 4487 3111 4559 ἡμέρας
3147 4486 3474 4556 νηστεύσασι
3510 4487 3605 4538 καὶ
3638 4486 3846 4538 κοπιά-

569 4607 760 4658 omnes
804 4593 996 4645 eodem
1041 4593 1203 4644 modo
1259 4591 1585 4660 transigunt.
1619 4589 1752 4642 Nam
1798 4590 1884 4642 alii
1919 4589 2136 4657 quidem

569 4699 761 4736 omnes
798 4683 1067 4751 jejuuant,
1123 4682 1214 4735 alii
1272 4697 1401 4735 vero
1435 4682 1592 4747 duos,
1636 4692 1834 4743 tresve,
1871 4681 1958 4733 alii
2014 4695 2141 4734 vero

571 4774 776 4844 plures,
804 4774 892 4826 alii
924 4790 1085 4840 porro
1113 4789 1176 4827 ne
1227 4788 1392 4826 unum
1421 4771 1660 4840 quidem.
1695 4769 1764 4823 lis
1795 4785 1922 4838 ergo
1951 4768 2044 4838 qui
2077 4769 2142 4822 ad

572 4865 757 4933 plures
785 4865 899 4917 dies
931 4865 1338 4932 jejunavcrunt,
1365 4862 1709 4931 ampliusque
1739 4861 2142 4924 laboraverunt,

573 4955 621 5008 si
675 4955 834 5008 citius
878 4957 1052 5007 cibum
1109 4955 1482 5023 degustarint,
1523 4951 1878 5022 ignoscimus.
1940 4949 1995 5002 Si
2053 4950 2145 5018 qui

574 5059 706 5098 vero
729 5059 833 5097 non
863 5045 1021 5097 modo
1048 5043 1164 5097 dies
1220 5045 1424 5114 aliquot
1458 5044 1601 5098 haud
1634 5043 1975 5112 jejunarunt,
2013 5042 2143 5111 quin

575 5136 758 5204 potius
796 5136 916 5188 aliis
962 5145 1194 5202 quatuor
1235 5134 1588 5188 hebdomade
1636 5134 1829 5187 diebus
1863 5133 2147 5186 luxuriose

578 5228 852 5291 vixerunt,
889 5228 939 5278 in
977 5224 1274 5278 Parasceve
1315 5235 1492 5278 autem
1542 5233 1596 5278 et
1657 5224 1891 5276 Sabhato
1937 5238 1963 5274 a
2025 5222 2148 5275 cibo

577 5318 982 5381 abstinuerunt,
1027 5332 1088 5370 ac
1117 5331 1372 5386 magnum
1400 5316 1657 5384 quiddam
1698 5314 1876 5367 facere
1919 5329 1976 5367 se
2004 5313 2150 5366 arbi-

584 5421 792 5462 trantur
847 5412 890 5463 si
941 5424 1114 5477 usque
1168 5409 1232 5459 ad
1297 5408 1617 5460 matutinam
1662 5407 1850 5458 horam
1893 5405 1998 5457 diei
2059 5405 2148 5471 qui

583 5501 986 5555 resurrectione
1046 5516 1198 5553 sacer
1253 5509 1356 5562 est,
1403 5498 1574 5567 jejuni
1630 5504 1995 5566 perseverent,
2044 5509 2150 5548 non

586 5595 786 5654 simile,
828 5594 1024 5661 inquit,
1071 5603 1346 5646 certamen
1397 5590 1850 5660 perﬁciuntzhoc
1901 5598 2014 5649 est,.
2047 5602 2152 5639 non

593 5685 796 5752 pariter
824 5685 1164 5744 laborarunt,
1194 5683 1258 5736 iis
1289 5682 1380 5750 qui
1416 5697 1473 5734 se.
1521 5681 1770 5749 pluribus
1799 5677 2155 5746 diebusjeju-

2246 4600 2369 4636 σασι
2411 4580 2606 4650 μᾶλλον
2641 4581 2687 4630 εί
2716 4577 3009 4648 ταχύτερον
3044 4576 3326 4644 γεύσονται
3356 4576 3565 4645 τροφῆς
3593 4574 3844 4641 συγγνῶ-

2250 4690 2364 4741 μεν.
2396 4673 2455 4722 El
2500 4669 2554 4720 δέ
2589 4685 2731 4729 τινες
2764 4668 2822 4718 ού
2851 4667 3008 4734 μόνον
3043 4667 3128 4732 ἐφ’
3150 4665 3362 4734 ἡμέρας
3391 4664 3542 4726 τινὰς
3580 4664 3682 4715 οὐκ
3712 4664 3846 4733 ἐνή-

2249 4781 2498 4825 στευσαν,
2545 4760 2678 4814 ἀλλά
2733 4759 2826 4811 καὶ
2868 4757 3183 4827 ἐτρύφησαν
3237 4756 3337 4818 τὰς
3387 4756 3586 4825 ἑτέρας
3635 4756 3848 4808 τέσσαο

2253 4872 2346 4925 ρας
2396 4855 2494 4922 τῆς
2558 4849 2843 4920 ἑϐδομάδος
2917 4849 3170 4918 ἡμέρας,
3234 4847 3378 4899 κατά
3439 4847 3494 4897 δὲ
3559 4847 3658 4916 τὴν
3725 4849 3847 4901 Πα-

2254 4945 2521 5016 ρασκευὴν
2583 4942 2674 4994 καὶ
2730 4941 2787 4992 τὸ
2838 4939 3113 4992 Σάϐϐατον
3161 4939 3467 5007 ἀπέσχοντο
3536 4937 3804 5008 βρώσεως
3831 4979 3849 5006 ,

2254 5038 2346 5090 καὶ
2381 5036 2521 5106 μέγα
2550 5052 2599 5085 τι
2633 5035 2805 5085 ποιεῖν
2845 5031 3176 5099 νομίζουσιν,
3209 5032 3255 5102 εί
3290 5030 3450 5100 μέχρι
3487 5031 3702 5100 πρωῖας
3739 5032 3851 5102 τῆς

2254 5127 2623 5195 ἀναστασίμου
2655 5125 2864 5194 ἡμέρας
2890 5124 3393 5192 ὲγκαρτερήσουσιν
3423 5123 3620 5183 ἄσιτοι,
3656 5123 3719 5174 ού
3747 5123 3852 5195 τὴν

2254 5222 2442 5292 ὁμοίαν
2472 5217 2695 5286 ἄθλησιν
2724 5214 3029 5264 ποιοῦνται·
3060 5213 3359 5275 τουτέστιν,
3394 5213 3491 5281 οὐχ
3521 5213 3727 5282 ὁμοίως
3751 5232 3846 5268 κε.

2259 5311 2554 5364 κοπιάκασι
2607 5311 2719 5367 τοῖς
2761 5303 3013 5364 πλειόνας
3054 5303 3274 5372 ἡμέρας
3315 5303 3614 5372 ἀσκήσασι.
3666 5305 3784 5356 Καὶ
3823 5307 3853 5358 ό

2261 5401 2346 5454 πθ¹
2402 5399 2578 5452 κανὼν
2610 5397 2708 5464 τῆς
2753 5396 2806 5459 ς’
2844 5396 3093 5455 συνόδου,
3141 5394 3269 5463 περὶ
3308 5393 3478 5461 μέσας
3515 5393 3718 5454 νύκτας
3752 5394 3850 5446 τοῦ

2267 5492 2498 5562 μεγάλου
2547 5485 2822 5540 Σαὸὁάτου
2872 5486 3004 5554 φησὶ
3051 5485 3162 5535 δεῖν
3211 5482 3694 5553 ἀπονηστίζεσθαι,
3750 5489 3853 5550 τὰς

2265 5583 2426 5645 ἄλλας
2454 5580 2664 5650 ἡμέρας
2707 5576 2804 5645 τῆς
2837 5574 3129 5644 ἑϐδομάδος
3159 5573 3252 5625 τοῦ
3289 5573 3494 5635 πάθους
3530 5577 3586 5626 έν
3625 5577 3854 5648 νηστείᾳ

2268 5674 2361 5726 καὶ
2397 5671 2668 5742 προσευχῇ
2701 5668 2793 5718 καὶ
2827 5664 3115 5729 κατανύξει
3145 5663 3450 5730 διάγοντας.

594 5795 685 5832 mo
715 5787 1096 5832 “Neutrum.
1131 5775 1318 5829 Nm":
1339 5790 1563 5843 quoque
1592 5790 1752 5842 supra
1779 5772 2165 5842 οριοερδῑηιιιηι
2206 5777 2367 5821 serue
2415 5764 2602 5826 synodi
2659 5776 2855 5825 (anon,
2893 5757 3104 5811 circiter
3134 5755 3368 5808 mediam
3403 5755 3588 5823 magni
3624 5754 3852 5810 Sabbati
