4012 6470
561 362 653 426 467

1819 359 2091 424 TUEUD.
2141 361 2546 426 BALSAMON

3704 361 3816 425 468

552 493 828 534 sacrarum
854 493 1073 546 precum
1096 486 1350 549 mysteria
1378 490 1669 551 peragant;
1697 482 1782 536 vel
1813 482 1974 537 etiam
1995 499 2107 538 cum

2226 486 2364 555 μετὰ
2395 487 2755 557 ἐπισκοπικῆς
2784 486 3085 557 ἐπιτροπῆς
3127 487 3252 550 τοὺς
3302 483 3573 547 τοιούτους
3607 486 3813 547 τόπους

552 570 844 640 episc0pali
876 570 1237 638 permissione
1270 570 1536 638 ejusmodi
1581 573 1696 626 loca
1737 588 2022 641 separare,
2063 587 2122 628 ut

551 662 844 717 immundae
873 663 1127 716 mulieres
1155 663 1208 715 in
1235 663 1314 716 eis
1345 663 1467 716 sine
1487 663 1798 731 praeiudicio
1821 676 1966 718 stare
1998 680 2122 733 pos-

549 755 680 808 sint.
727 752 836 822 Ego
868 762 1048 807 autem
1085 753 1198 806 vidi
1225 753 1388 806 etiam
1432 753 1700 820 ejusmodi
1744 755 2023 808 mulierem
2066 757 2118 808 in

551 845 816 899 vestibulo
857 852 1088 899 stantem
1107 885 1122 909 ,
1150 852 1204 896 et
1240 843 1416 897 arrhre
1445 843 1748 896 orationem
1778 844 1848 897 ab
1876 843 2122 904 antistite

547 937 902 1004 accipientem
948 935 1132 1004 :quod
1186 935 1402 1003 quidem
1447 950 1566 989 sum
1611 935 1932 988 admiratus.
1979 934 2119 990 Olim

546 1036 747 1090 autem,
783 1036 841 1079 ut
894 1035 975 1080 est
1019 1025 1332 1088 verisimile,
1365 1025 1619 1079 mulieres
1659 1025 1726 1078 ad
1759 1025 1927 1080 altare
1963 1041 2120 1080 acce-

545 1121 776 1184 debant,
821 1129 873 1172 et
915 1119 982 1172 de
1029 1126 1216 1172 sancta
1268 1131 1456 1170 mensa
1515 1116 1931 1185 participabant.
1987 1115 2121 1170 Pro-

547 1222 727 1278 pterea
760 1211 902 1263 enin:
951 1210 1139 1261 altaris
1166 1223 1382 1276 quoque
1431 1222 1607 1261 canon
1661 1207 1928 1260 meminit.
1982 1205 2122 1276 Lege

545 1301 612 1354 ιι
644 1315 908 1355 canoncm
964 1299 1156 1368 synodi
1217 1296 1566 1361 Laodicenze,
1599 1310 1653 1356 et
1699 1297 1766 1351 69
1808 1313 1859 1350 vt
1904 1296 2116 1366 synodi.

547 1392 808 1445 Similiter
859 1391 974 1458 lege
1020 1398 1072 1442 et
1100 1389 1164 1442 l7
1194 1390 1460 1443 novellam
1511 1389 1657 1458 regis
1690 1388 1896 1442 domini
1922 1385 2118 1440 Leonis

546 1483 819 1552 Sapientis
865 1484 979 1536 hzee
1021 1483 1071 1534 in
1111 1490 1262 1550 parte
1312 1489 1630 1534 tractantem
1663 1495 1676 1530 :
1715 1475 2014 1532 Statuimus‘
2053 1478 2119 1532 de

544 1575 864 1630 mulieribus
906 1589 1026 1642 qua:
1057 1582 1400 1641 pepererunt,
1430 1581 1482 1625 et
1521 1571 1589 1624 de
1623 1571 1691 1625 iis
1724 1584 1844 1639 qua:
1885 1569 2115 1622 naturali

545 1666 865 1735 purgatione
891 1665 1220 1728 detinentur,
1249 1662 1516 1731 siquidem
1549 1676 1734 1715 earum
1762 1661 1870 1713 vita
1907 1676 1938 1713 a
1967 1659 2116 1713 nulla

544 1758 648 1810 alia
692 1755 943 1810 morbosa
995 1754 1280 1808 aﬂ'eetione
1327 1751 1696 1821 perturbatur,
1734 1760 1792 1804 ut
1837 1764 1957 1819 qua:
2005 1763 2111 1802 non

2223 577 2597 647 ἀφορίζεσθαι,
2627 578 2764 631 ὥστε
2808 578 3286 649 ἀποκριματίστως
3313 576 3567 630 ἵστασθαι
3598 578 3653 628 ὲν
3707 578 3812 630 σὺν

2223 670 2332 730 τοῖς
2359 668 2456 730 τὰς
2489 669 2828 737 ἀκαθάρτους
2883 673 3163 737 γυναῖκας.
3222 668 3366 735 Ἐγὼ
3423 667 3482 720 δὲ
3537 664 3676 719 εἶδον
3712 672 3810 723 καὶ

2221 757 2476 828 τοιαύτην
2502 762 2737 826 γυναῖκα
2790 749 2883 813 ἐπὶ
2928 760 3164 830 προνάου
3209 757 3479 820 ἑστῶσαν,
3515 758 3610 809 καὶ
3636 757 3811 826 εὐχὴν

2223 847 2539 918 assuetam
2585 850 2736 920 παρὰ
2781 850 3080 921 ἀρχιερέως
3145 849 3464 918 δεξαμένην
3515 849 3652 918 ὅπερ
3711 849 3810 901 καὶ

2223 938 2527 1008 ἐθαύμασα.
2601 940 2687 1004 Ὠς
2716 942 2858 993 ἔοικε
2885 941 2963 1006 δὲ,
2997 940 3057 992 τὸ
3096 940 3325 992 παλαιὸν
3354 941 3678 1009 εἰσήρχοντο
3711 955 3808 1008 γυ-

2222 1031 2403 1091 ναῖκες
2431 1031 2510 1092 είς
2530 1030 2592 1082 τὸ
2639 1031 3041 1101 θυσιαστήριον,
3092 1032 3186 1084 καὶ
3219 1031 3326 1083 ἀπὸ
3355 1031 3451 1100 τῆς
3479 1030 3638 1098 ἁγίας
3672 1048 3808 1100 τρα-

2223 1116 2392 1186 πέζης
2427 1118 2848 1188 μετελάμϐανον.
2883 1119 2979 1172 Διὰ
3025 1119 3182 1172 τοῦτο
3209 1119 3316 1190 γὰρ
3349 1119 3441 1172 καὶ
3488 1118 3583 1171 τοῦ
3612 1119 3809 1173 θυσια-

2224 1201 2442 1271 στηρίου
2475 1204 2743 1275 μέμνηται
2776 1208 2804 1258 ὁ
2850 1205 3047 1259 κανών.
3102 1207 3212 1260 Καὶ
3270 1207 3543 1274 ἀνάγνωθι
3577 1208 3670 1259 τὸν
3721 1207 3810 1278 μδ⁸

2222 1292 2418 1343 κανόνα
2443 1293 2542 1361 τῆς
2594 1297 2651 1346 ἐν
2679 1295 2963 1365 Λαοδικείᾳ
2999 1297 3236 1359 συνόδου,
3282 1297 3376 1349 καὶ
3427 1298 3517 1348 τὸν
3571 1296 3645 1359 EO’
3705 1295 3812 1366 τῆς

2223 1387 2275 1443 ς·¹
2327 1383 2562 1435 συνόδου.
2612 1385 2884 1448 Ὡσαύτως
2919 1387 3188 1454 ἀνάγνωθι
3217 1388 3308 1439 καὶ
3361 1386 3459 1457 τὴν
3487 1386 3548 1451 ιξ¹
3599 1390 3812 1457 νεαρὰν

2221 1469 2314 1522 τοῦ
2333 1471 2597 1540 βασιλέως
2628 1475 2819 1544 κυρίου
2850 1475 3075 1538 Λέοντος
3093 1475 3185 1528 τοῦ
3212 1476 3527 1543 Φιλοσόφου,
3560 1479 3618 1529 ἐν
3643 1477 3812 1548 μέρει

2219 1560 2388 1614 ταῦτα
2420 1562 2903 1635 διαλαμῦάνουσαν·
2925 1569 3206 1638 Ὀρίζομεν
3232 1568 3359 1639 περὶ
3391 1569 3672 1621 τεκουσῶν
3703 1587 3811 1638 γυο

2218 1653 2418 1706 ναικῶν
2441 1658 2532 1708 καὶ
2562 1659 2687 1728 περὶ
2719 1657 2827 1710 τῶν
2874 1660 2993 1711 ὅσαι
3023 1663 3088 1730 τῇ
3143 1661 3347 1730 φυσικῇ
3403 1659 3671 1731 καθάρσει
3705 1678 3816 1714 κα-

2217 1742 2668 1815 ταλαμϐάνονται,
2716 1749 3065 1821 άνενοχλήτου
3104 1751 3201 1820 μὲν
3234 1749 3293 1813 ἐξ
3317 1749 3483 1819 ἄλλης
3518 1749 3666 1814 τινὸς
3689 1751 3813 1804 δια-

545 1858 671 1903 sunt
696 1849 912 1918 quidem
949 1847 1191 1908 initiatre,
1226 1859 1334 1898 non
1364 1843 1472 1897 sint
1499 1841 1911 1895 illuminationis
1941 1840 2107 1910 parti-

2220 1811 2419 1897 θέσεως
2453 1840 2677 1908 νοσερᾶς
2708 1839 2803 1908 τῆς
2835 1811 2982 1909 ςῷῆξ
3015 1811 3191 1893 αὐτῶν
3231 1811 3609 1910 συντελούσης,
3635 1811 3816 1910 άμετ-

542 1940 722 2008 cipes;
764 1954 884 2007 qua:
929 1947 1108 1991 autem
1150 1944 1278 1989 sunt
1314 1935 1367 1987 in
1411 1934 1608 1988 divinis
1647 1932 1965 2012 ministeriis
2008 1931 2112 1983 ini-

544 2029 709 2093 tiatur,
752 2029 1029 2098 impolluta
1083 2027 1334 2096 mysteria
1384 2040 1491 2078 non
1541 2015 2115 2093 participent,"usque

543 2117 607 2170 ad
638 2119 992 2187 quadraginta
1026 2117 1236 2170 dierum
1267 2113 1582 2168 terminum.
1627 2111 1784 2176 Quod
1816 2110 1861 2164 si
1890 2110 2114 2163 morbus

541 2209 820 2269 invaserit,
854 2222 906 2261 et
937 2223 993 2262 se
1027 2209 1190 2261 vitam
1223 2208 1581 2273 abrupturum
1616 2203 1877 2264 minetur,
1909 2211 1968 2254 ut
1999 2202 2111 2254 sint

541 2299 766 2351 omnino
819 2298 1142 2352 sacramenti
1202 2297 1511 2366 participes.
1572 2291 1635 2346 Et
1678 2300 1801 2361 post
1830 2291 2109 2354 nonnulla,

542 2387 656 2452 ipsa
690 2403 880 2442 rursus
919 2388 1073 2455 jubet
1112 2388 1177 2441 de
1209 2386 1508 2440 infantibus
1551 2383 1781 2456 novella,
1831 2390 1889 2434 ut
1922 2383 2111 2437 morbo

540 2479 757 2548 quidem
802 2495 910 2532 non
947 2488 1170 2547 urgente
1219 2479 1253 2530 ii
1293 2486 1417 2546 post
1452 2461 1714 2530 octavum"
1743 2472 1889 2526 diem
1936 2472 2113 2542 bapti-

539 2580 730 2626 zentur
778 2588 791 2624 :
838 2572 984 2640 quod
1033 2571 1078 2625 si
1130 2584 1276 2623 mors
1325 2567 1642 2631 immineat,
1697 2565 1733 2618 ii
1776 2565 1936 2618 etiam
1989 2572 2112 2617 ante

539 2671 786 2716 octavum
835 2663 1194 2731 baptizcntur.
1256 2657 1360 2711 Sed
1413 2657 1538 2725 quia
1585 2653 1767 2709 audivi
1820 2655 2109 2724 quemdam

536 2754 803 2806 dicentem
836 2766 944 2804 non
989 2751 1185 2804 debere
1216 2756 1526 2816 segregatos
1573 2746 1742 2799 laieos
1770 2753 1922 2798 extra
1949 2743 2114 2798 vesti-

538 2840 723 2894 bulum
753 2850 958 2893 stantes
985 2839 1194 2893 divinas
1221 2836 1553 2906 psalmodias
1576 2835 1782 2898 audire,
1817 2834 1908 2891 sed
1935 2848 2112 2902 neque

538 2931 798 3000 psallere;
827 2931 874 2983 ei
913 2929 1235 2998 respondeo,
1263 2928 1406 2996 quod
1442 2945 1454 2978 :
1485 2924 1614 2990 Quae
1644 2927 1700 2978 in
1739 2924 1990 2993 praesenti
2021 2938 2111 2978 ca-

537 3037 679 3075 none
722 3023 921 3089 scripta
963 3030 1107 3085 sunt,
1139 3019 1257 3084 tibi,
1297 3033 1330 3071 o
1361 3019 1523 3071 homo
1585 3016 1676 3085 qui
1708 3016 1820 3069 haec
1849 3013 2010 3081 dicis,
2046 3029 2108 3069 os

534 3114 848 3168 occludunt.
899 3109 1371 3176 Quemadmodum
1421 3108 1564 3161 enim
1610 3120 1731 3174 qua:
1779 3106 1833 3158 in
1877 3103 2105 3158 ecclesia
2135 3140 2179 3204 ο

534 3203 741 3257 versari
777 3217 884 3256 non
913 3204 1166 3256 sinuntur
1199 3199 1472 3260 mulieres,
1499 3211 1789 3250 orarenon
1823 3205 2102 3260 vetantur;

532 3295 611 3350 ita
651 3309 749 3346 nec
787 3293 881 3360 qui
922 3301 1050 3345 sunt
1098 3290 1386 3360 segregati,
1419 3304 1515 3356 per
1556 3302 1614 3340 se
1658 3301 1815 3339 orare
1851 3286 2103 3355 prohibe-

533 3383 771 3447 buntur;
832 3382 924 3435 sed
967 3389 1022 3433 et
1064 3389 1214 3433 extra
1261 3378 1507 3432 ecclesia:
1556 3374 1884 3430 vestibulum
1937 3383 2101 3435 stare,

532 3479 586 3526 et
625 3471 836 3525 divinas
885 3469 1210 3535 psalmodias
1264 3468 1483 3531 audire;
1525 3476 1579 3520 et
1623 3466 1727 3519 hoe
1767 3465 1909 3519 enim
1951 3464 2010 3516 ﬁt
2038 3464 2103 3516 ad

532 3560 795 3628 majorem
826 3575 1012 3613 eorum
1039 3559 1504 3613 exercitationem.

2215 1922 2371 1990 όχους
2417 1921 2551 1981 εἶναι
2578 1944 2591 1957 '
2623 1929 2720 1990 τὰς
2749 1929 2846 1999 μέν
2877 1928 3210 1993 ἀτελέστους,
3246 1928 3338 1982 τοῦ
3368 1930 3674 2000 φωτισμοῦ·
3703 1931 3816 1998 τὰς

2213 2019 2267 2070 δὲ
2304 2019 2907 2088 μεμυσταγωγημένας,
2963 2018 3070 2071 τῶν
3130 2019 3416 2089 ἀχράντων
3480 2021 3817 2092 μυστηρίων

2213 2109 2312 2177 τῆς
2350 2108 2721 2178 μεταλήψεως,
2779 2109 2941 2180 μέχρι
2973 2109 3074 2178 τῆς
3125 2110 3235 2163 τῶν
3289 2117 3341 2181 μ’
3394 2111 3616 2183 ήμερῶν
3673 2126 3816 2183 προ-

2215 2197 2474 2268 θεσμίας·
2522 2199 2824 2268 νοσήματος
2874 2199 2930 2251 δέ
2980 2216 3125 2264 τινος
3181 2201 3544 2271 κατασχόντος
3578 2203 3676 2255 καὶ
3702 2203 3815 2274 τὴν

2211 2289 2475 2359 διακοπήν
2506 2288 2606 2358 τῆς
2639 2287 2781 2360 ζωῆς
2807 2288 3175 2354 ἀπειλοῦντος,
3228 2292 3389 2344 παντὶ
3413 2292 3599 2363 τρόπῳ
3630 2310 3814 2363 μετα-

2213 2376 2509 2446 λαμϐάνειν
2535 2377 2702 2441 αὑτὰς
2723 2379 2816 2431 τοῦ
2853 2379 3207 2449 ἁγιάσματος.
3243 2382 3352 2433 Καὶ
3378 2383 3516 2452 μετά
3537 2400 3659 2435 τινα
3689 2385 3814 2436 πά·-

2213 2469 2292 2521 λιν
2325 2469 2753 2542 παρακελεύεται
2787 2471 2978 2542 ήαὺτὴ
3002 2473 3169 2542 νεαρὰ
3200 2474 3330 2543 περὶ
3357 2457 3596 2543 βρεςξῶν,
3630 2476 3806 2545 νοσή-

2216 2575 2382 2626 ματος
2420 2559 2515 2628 μὲν
2542 2559 2614 2628 μὴ
2652 2559 3088 2626 κατεπείγοντος,
3119 2557 3257 2628 μετὰ
3282 2559 3382 2628 τὴν
3433 2559 3625 2629 ὀγδόην
3650 2560 3803 2630 ὴμέ-

2218 2664 2315 2717 ραν
2345 2648 2518 2702 ταῦτα
2549 2647 2923 2718 βαπτίζεσθαισ
2962 2650 3188 2703 Θανάτου
3218 2649 3274 2703 δὲ
3292 2651 3684 2720 ἐφισταμένου,
3706 2650 3811 2705 καὶ

2212 2739 2310 2807 τῆς
2341 2739 2532 2809 ὀγδόης
2565 2739 2779 2809 ἡμέρας
2821 2740 2969 2803 ἐντὸς
3017 2740 3156 2792 αὐτὰ
3205 2739 3580 2810 βαπτίζεσθαι.
3641 2742 3810 2795 Ἐπεὶ

2211 2829 2267 2882 δὲ
2307 2830 2513 2897 ’ήκουσά
2547 2847 2688 2891 τινος
2716 2830 2961 2897 λέγοντος
2993 2831 3068 2892 ὡς
3110 2832 3209 2883 οὐκ
3242 2832 3546 2900 ὀφείλουσιν
3568 2832 3618 2885 οἱ
3643 2833 3808 2901 ἀφω-

2215 2919 2456 2991 ρισμένοι
2485 2919 2660 2971 λαῖκοὶ
2693 2920 2724 2990 ἢ
2756 2919 3061 2989 ἀκροᾶσθαι
3117 2921 3276 2973 θείων
3308 2920 3808 2992 ψαλμωδημάτων,

2212 3010 2409 3075 ἔξωθεν
2455 3009 2547 3061 τοῦ
2579 3009 2812 3080 προνάου
2865 3011 3171 3078 ἱστάμενοι,
3222 3011 3334 3063 ἀλλ’
3380 3011 3499 3067 οὐδὲ
3540 3012 3805 3081 ψάλλεινο

2212 3100 2582 3172 ἀπολογοῦμαι
2617 3101 2752 3172 πρὸς
2794 3101 2955 3155 αὑτὸν
2985 3102 3086 3153 ὃτι·
3119 3101 3201 3154 Τὰ
3233 3105 3290 3155 ἐν
3328 3103 3406 3172 τῷ
3433 3104 3666 3174 παρόντι
3697 3122 3808 3158 κα-

2209 3193 2319 3245 νόνι
2346 3192 2702 3262 γεγραμμένα
2755 3193 3164 3263 ἐπιστομίζουσί
3207 3211 3286 3257 σε,
3338 3194 3617 3264 ἄνθρωπε,
3679 3212 3807 3249 τοι·

2209 3281 2350 3334 αῦτα
2401 3281 2645 3349 λέγοντα.
2681 3284 2890 3354 Ὥσπερ
2922 3282 3030 3354 γὰρ
3063 3286 3118 3335 αἱ
3152 3284 3224 3354 μὴ
3289 3283 3805 3355 παραχωρούμεναι

2207 3372 2588 3441 ἐκκλησιάζειν
2616 3377 2868 3440 γυναῖκες
2902 3374 3296 3444 προσεύχεσθαι
3349 3376 3409 3426 οὑ
3466 3375 3804 3443 κωλύονται,

2207 3461 2378 3523 οὕτως
2407 3462 2527 3512 οὐδὲ
2567 3463 2616 3512 οἱ
2644 3463 3016 3532 ἀφωρισμένοι
3067 3462 3470 3534 κωλυθήσονται
3512 3464 3632 3517 καθ’
3663 3467 3804 3517 ἐαυ-

2205 3552 2330 3613 τοὺς
2366 3550 2643 3619 εῦχεσθαιο
2680 3552 2930 3605 ἵστασθαι
2958 3553 3013 3606 δὲ
3053 3554 3144 3606 καὶ
3193 3553 3389 3617 ἔξωθεν
3419 3552 3512 3606 τοῦ
3547 3557 3803 3624 προνάου

530 3651 626 3722 τῆς
668 3652 980 3723 ἐκκλησίας,
1030 3651 1125 3706 καὶ
1159 3650 1459 3722 ἀκροᾶσθαι
1504 3649 1611 3703 τῶν
1667 3650 1826 3703 θείων
1877 3647 2346 3718 ψαλμωδημάτων.
2412 3646 2554 3698 Διότι
2603 3646 2762 3700 τοῦτο
2806 3649 2942 3719 πρὸς
2987 3648 3206 3703 πλείονα
3265 3648 3556 3719 συντριϐὴν
3601 3651 3802 3705 αὐτῶν

531 3747 701 3798 ἐστίν.

600 3863 801 3918 Ζοιι-Αιι.
875 3864 1226 3921 Hebraeorum
1306 3867 1562 3922 mulieres
1625 3881 1749 3921 cum
1819 3865 2101 3936 sanguinis

529 3952 790 4004 menstrui
816 3951 993 4006 ﬂuxus
1026 3953 1158 4020 ipsis
1182 3955 1466 4024 contingit,
1497 3953 1550 4008 in
1581 3955 1828 4009 solitario
1855 3955 2101 4008 sedentes

527 4039 673 4104 loco,
712 4043 982 4096 nominent
1025 4045 1130 4098 nisi
1173 4055 1291 4112 post
1327 4053 1532 4113 septem
1574 4045 1787 4113 elapsos
1822 4046 1937 4099 dies
1967 4045 2097 4098 allo-

524 4142 770 4197 quuntur
808 4151 820 4184 :
862 4133 1003 4186 unde
1039 4134 1260 4187 verbum
1305 4134 1460 4198 illud,
1499 4135 1552 4186 in
1583 4135 1848 4198 abscessu,
1880 4135 2098 4188 desum-

524 4229 675 4288 ptum
716 4230 819 4285 est,
853 4222 1100 4276 indicans
1128 4238 1221 4276 eas
1254 4223 1322 4276 ab
1354 4224 1588 4276 aliarum
1629 4239 1914 4288 consessu,
1951 4225 2094 4278 velut

526 4314 769 4382 impuras
803 4314 972 4369 fuisse
1003 4325 1331 4383 segregatas.
1367 4313 1610 4384 Rogatus
1634 4331 1795 4384 porro
1823 4318 1909 4369 hic
1935 4315 2093 4370 Pater

523 4404 591 4458 de
626 4405 874 4459 lidelibus
918 4405 1275 4471 mulieribus,
1312 4421 1440 4458 num
1481 4421 1574 4459 eas
1614 4422 1735 4459 eum
1780 4417 2091 4461 menstruo--

2274 3862 2517 3916 ΖΩΝΑΡ.
2580 3862 2858 3933 Ἐσραῖδες
2891 3867 3146 3932 γυναῖκες
3193 3866 3284 3917 ὅτε
3334 3864 3562 3935 γένηται
3591 3867 3798 3930 αὐταῖς

2200 3954 2233 4023 ἡ
2268 3952 2374 4003 τῶν
2403 3953 2664 4022 ἐμμήνων
2697 3953 2872 4023 ῥῦσις,
2923 3957 2980 4006 ἐν
3027 3955 3176 4024 τόπῳ
3212 3956 3582 4026 μεμονωμένῳ
3612 3956 3798 4028 καθή-

2202 4059 2380 4111 μεναι,
2409 4043 2794 4112 ἡσυχάζουσιν,
2824 4043 2928 4107 ’ἐως
2961 4045 3024 4097 ἂν
3073 4045 3212 4098 ἑπτὰ
3241 4045 3443 4115 ἡμέραι
3494 4045 3795 4116 παρέλθω-

2200 4150 2302 4186 σιν’
2339 4133 2458 4186 ὅθεν
2485 4132 2734 4203 εἴληπται
2769 4135 2830 4186 τὸ
2857 4136 2926 4188 ἐν
2957 4134 3212 4204 ἀφέδρῳ,
3272 4136 3464 4206 δηλοῦν
3499 4135 3560 4188 τὸ
3604 4153 3790 4208 κεχω-

2204 4223 2383 4294 ρίσθαι
2417 4224 2588 4286 αὑτὰς
2631 4226 2737 4278 ἀπὸ
2796 4225 2896 4294 τῆς
2947 4227 3052 4278 τῶν
3102 4226 3300 4279 λοιπῶν
3329 4227 3490 4298 ἓδρας
3522 4229 3599 4291 ὼς
3639 4230 3792 4283 ἀκα-

2201 4314 2446 4384 θάρτους.
2494 4313 2817 4385 Ἐρωτηθεὶς
2867 4316 2924 4368 δὲ
2958 4318 2986 4368 ό
3037 4317 3227 4388 Πατὴρ
3280 4311 3434 4381 οὗτος
3489 4319 3618 4389 περὶ⁵
3671 4320 3791 4372 τῶν

2199 4406 2403 4459 πιστῶν
2432 4407 2722 4474 γυναικῶν,
2759 4409 2806 4458 εἰ
2830 4406 2932 4478 χρὴ
2965 4409 3165 4472 ταύτας
3195 4411 3342 4483 ὅτειή
3369 4409 3478 4462 τῶν
3511 4413 3791 4482 ἐμμήνων

523 4509 643 4545 rum
675 4492 822 4547 ﬂuxu
853 4495 1198 4560 divexantur,
1245 4495 1300 4548 in
1343 4496 1626 4549 ecclesiam
1676 4495 1883 4565 ingredi
1929 4510 2090 4565 opor-

2211 4495 2348 4560 iﬁatg
2383 4498 2572 4559 αὑταῖς
2605 4497 2827 4566 ἐνοχλεῖ,
2880 4499 3101 4552 εἰσιέναι
3158 4503 3238 4564 είς
3282 4477 3602 4572 ἐκκλησίαν,
3640 4477 3789 4556 άπε-

524 4593 653 4648 teat,
697 4585 838 4638 haud
875 4593 1128 4653 oportere
1163 4586 1459 4652 respondit,
1503 4584 1812 4653 profertque
1860 4585 2090 4653 exempli

522 4674 643 4728 loco
692 4674 837 4727 illam
884 4689 950 4727 ex
992 4673 1282 4743 Evangelio
1334 4675 1617 4730 mulierem
1650 4692 1769 4745 qua:
1809 4676 2090 4745 sanguinis

519 4764 726 4818 ﬂuxum
771 4766 1096 4834 patiebatur,
1154 4781 1274 4834 quae
1311 4765 1600 4819 Dominum
1659 4767 1834 4834 ipsum
1887 4781 2090 4835 nequae

519 4869 682 4923 quam
725 4871 857 4909 ausa
889 4867 972 4910 est
1003 4857 1332 4926 contingere,
1373 4857 1464 4911 sed
1492 4857 1659 4911 vestis
1696 4857 1811 4925 ejus
1848 4864 2086 4909 tantum-

518 4951 682 5003 modo
729 4951 976 5005 limbum.
1042 4950 1258 5006 Precari
1307 4966 1470 5021 porro
1523 4966 1586 5006 ac
1627 4949 1842 5003 Domini
1892 4949 2087 5001 memi-

517 5039 684 5103 uisse,
715 5041 910 5109 inquit,
943 5057 1284 5111 nequaquam
1313 5056 1379 5095 eo
1409 5053 1649 5109 tempore
1695 5039 2082 5108 prohibentur;

516 5144 705 5183 verum
757 5131 811 5182 in
863 5132 1120 5199 templum
1167 5130 1262 5185 Dei
1297 5132 1445 5199 ipsas
1495 5131 1726 5198 ingredi,
1776 5138 1867 5183 aut
1915 5129 2085 5182 sacris

516 5221 789 5291 mysteriis
818 5222 1248 5286 communicare,
1282 5221 1425 5274 haud
1462 5221 1606 5274 licet.

1069 5341 1370 5412 GCANON
1413 5350 1499 5404 ιιι.

583 5483 750 5535 Porro
791 5483 882 5552 qui
918 5483 1050 5535 satis
1094 5481 1163 5534 ad
1201 5481 1255 5533 id
1289 5481 1538 5533 instructi
1565 5492 1682 5533 sunt
1723 5491 1770 5533 et
1802 5496 2080 5532 consenue-

512 5571 872 5635 runt,'debent
907 5588 1017 5625 esse
1048 5573 1130 5624 sui
1157 5571 1390 5640 judices.
1427 5571 1579 5634 Quod
1619 5573 1754 5625 enim
1796 5589 1825 5624 α
1860 5588 1911 5623 se
1942 5573 2076 5624 invi-

513 5679 618 5719 tent
655 5679 722 5719 ea:
757 5681 1010 5721 consensu
1047 5667 1307 5720 abstinere
1341 5667 1634 5723 conveniat.
1675 5676 1732 5717 ut
1772 5666 1840 5717 ad
1876 5675 2076 5732 tempus

2195 4585 2355 4656 κρίθη
2412 4586 2485 4657 μὴ
2512 4587 2640 4649 δεῖν,
2666 4590 2760 4640 καὶ
2782 4588 2879 4659 τὴν
2908 4591 2967 4642 ἐν
2994 4589 3072 4659 τῷ
3105 4590 3422 4661 Εὑαγγελίῳ
3451 4593 3791 4664 αἱμορροοῦ-

2195 4691 2292 4726 σαν
2325 4677 2643 4748 παρήγαγεν
2665 4679 2742 4739 εἰς
2764 4679 3134 4749 παράδειγμα,
3160 4679 3233 4750 μὴ
3255 4680 3606 4750 τολμήσασαν
3627 4681 3784 4746 θὶξαι

2190 4764 2285 4815 τοῦ
2321 4765 2544 4836 Κυρίου,
2577 4765 2689 4817 ἀλλ’
2726 4766 2757 4835 ἢ
2795 4768 2956 4836 μόνου
2979 4769 3072 4822 τοῦ
3098 4769 3407 4840 κρασπέδου
3437 4769 3626 4822 αὑτοῦ.
3665 4771 3785 4824 Εὖ-

2191 4855 2381 4922 χεσθαι
2411 4855 2508 4924 μὲν
2537 4855 2645 4927 γὰρ
2697 4859 2907 4911 καὶτοῦ
2949 4861 3152 4931 Κυρίου
3204 4860 3535 4931 μεμνῆσθαι,
3582 4863 3778 4933 φησὶν,

2190 4949 2295 5008 οὐδ’
2325 4949 2380 5000 ἐν
2406 4948 2484 5018 τῷ
2516 4950 2740 5019 τοιούτῳ
2772 4950 2950 5021 καιρῷ
2973 4951 3402 5021 κωλυθήσονταιο
3439 4953 3521 5014 είς
3555 4953 3688 5005 ναὸν
3715 4955 3780 5007 δὲ

2189 5038 2321 5090 θεοῦ
2357 5040 2599 5105 εἰσιέναι,
2625 5039 2658 5109 ἢ
2692 5041 3122 5112 μεταλαμϐάνειν
3155 5042 3325 5107 αὑτὰς
3355 5042 3468 5098 τῶν
3494 5045 3782 5114 ἁγιασμάο

2185 5147 2292 5183 των
2325 5131 2382 5182 οὐ
2409 5131 2506 5183 δεῖ.

2797 5356 3034 5408 ΚΑΝΩΝ
3068 5357 3138 5409 Γ’.

2253 5487 2575 5555 Αὐτάρκεις
2605 5488 2673 5541 δὲ
2702 5489 2800 5542 καὶ
2833 5495 2885 5546 οἱ
2911 5494 3325 5561 γεγηρακότες,
3348 5493 3589 5552 ἑαυτῶν
3610 5501 3771 5571 ὀφει-

2179 5580 2397 5630 λουσιν
2415 5575 2565 5632 εἶναι
2595 5583 2786 5647 κριταί
2791 5623 2804 5635 .
2841 5584 2956 5635 Ὅτι
2990 5585 3097 5652 γὰρ
3117 5585 3446 5652 ἀπέχεσθαι
3466 5590 3766 5658 ἀλλήλων

2180 5669 2493 5737 προσῆκον
2525 5671 2592 5724 ἐκ
2622 5675 2989 5740 συμφωνίας,
3027 5677 3126 5728 ἵνα
3159 5677 3307 5745 πρὸς
3353 5682 3569 5751 καιρὸν
3612 5701 3763 5753 σχο-
