  <div class='ocr_page' id='page_1' title='image "/cluster/home/n/w/nwhite01/storage/ocr_20150623/138/ien.35556001660133/246.png"; bbox 0 0 4012 6448; ppageno 0'>
   <div class='ocr_carea' id='block_1_1' title="bbox 206 354 309 416">
    <p class='ocr_par' dir='ltr' id='par_1_1' title="bbox 206 354 309 416">
     <span class='ocr_line' id='line_1_1' title="bbox 206 354 309 416; baseline -0.01 -1"><span class='ocrx_word' id='word_1_1' title='bbox 206 354 309 416; x_wconf 70' lang='grc'><strong>469</strong></span> 
     </span>
    </p>
   </div>
   <div class='ocr_carea' id='block_1_2' title="bbox 1257 359 2374 424">
    <p class='ocr_par' dir='ltr' id='par_1_2' title="bbox 1257 359 2374 424">
     <span class='ocr_line' id='line_1_2' title="bbox 1257 359 2374 424; baseline 0.004 -5"><span class='ocrx_word' id='word_1_2' title='bbox 1257 359 1340 422; x_wconf 88' lang='lat' dir='ltr'><strong>IN</strong></span> <span class='ocrx_word' id='word_1_3' title='bbox 1373 360 1612 424; x_wconf 79' lang='lat' dir='ltr'><strong>EPIST.</strong></span> <span class='ocrx_word' id='word_1_4' title='bbox 1657 361 1720 423; x_wconf 89' lang='lat' dir='ltr'><strong>S.</strong></span> <span class='ocrx_word' id='word_1_5' title='bbox 1765 359 2108 421; x_wconf 78' lang='lat' dir='ltr'><strong>DlONYSlI</strong></span> <span class='ocrx_word' id='word_1_6' title='bbox 2151 363 2374 424; x_wconf 80' lang='lat' dir='ltr'><strong>ALEX.</strong></span> 
     </span>
    </p>
   </div>
   <div class='ocr_carea' id='block_1_3' title="bbox 3333 369 3435 432">
    <p class='ocr_par' dir='ltr' id='par_1_3' title="bbox 3333 369 3435 432">
     <span class='ocr_line' id='line_1_3' title="bbox 3333 369 3435 432; baseline 0.039 -4"><span class='ocrx_word' id='word_1_7' title='bbox 3333 369 3435 432; x_wconf 72' lang='lat'><strong>470</strong></span> 
     </span>
    </p>
   </div>
   <div class='ocr_carea' id='block_1_4' title="bbox 143 473 1780 550">
    <p class='ocr_par' dir='ltr' id='par_1_4' title="bbox 143 473 1778 550">
     <span class='ocr_line' id='line_1_4' title="bbox 143 473 1778 550; baseline 0.006 -27"><span class='ocrx_word' id='word_1_8' title='bbox 143 545 154 550; x_wconf 79' lang='lat'><strong><em>_</em></strong></span> <span class='ocrx_word' id='word_1_9' title='bbox 207 484 442 525; x_wconf 74' lang='grc' dir='ltr'><strong>,ιασωσι</strong></span> <span class='ocrx_word' id='word_1_10' title='bbox 494 473 570 542; x_wconf 70' lang='grc' dir='ltr'><strong>τῇ</strong></span> <span class='ocrx_word' id='word_1_11' title='bbox 625 475 957 543; x_wconf 74' lang='grc' dir='ltr'><strong>προσευχῇ,</strong></span> <span class='ocrx_word' id='word_1_12' title='bbox 991 478 1084 530; x_wconf 80' lang='grc' dir='ltr'><strong>καὶ</strong></span> <span class='ocrx_word' id='word_1_13' title='bbox 1143 480 1328 533; x_wconf 73' lang='grc' dir='ltr'><strong>πάλιν</strong></span> <span class='ocrx_word' id='word_1_14' title='bbox 1371 482 1467 533; x_wconf 73' lang='grc' dir='ltr'><strong>ἐπὶ</strong></span> <span class='ocrx_word' id='word_1_15' title='bbox 1521 480 1584 533; x_wconf 84' lang='grc' dir='ltr'><strong>τὸ</strong></span> <span class='ocrx_word' id='word_1_16' title='bbox 1637 480 1778 533; x_wconf 76' lang='grc' dir='ltr'><strong>αὐτὸ</strong></span> 
     </span>
    </p>
   </div>
   <div class='ocr_carea' id='block_1_5' title="bbox 1878 473 3439 550">
    <p class='ocr_par' dir='ltr' id='par_1_5' title="bbox 1884 479 3439 548">
     <span class='ocr_line' id='line_1_5' title="bbox 1884 479 3439 548; baseline 0.003 -16"><span class='ocrx_word' id='word_1_17' title='bbox 1884 489 2062 532; x_wconf 81' lang='lat' dir='ltr'><strong>uacent</strong></span> <span class='ocrx_word' id='word_1_18' title='bbox 2097 481 2345 540; x_wconf 77' lang='lat' dir='ltr'><strong>orationi,</strong></span> <span class='ocrx_word' id='word_1_19' title='bbox 2372 491 2421 530; x_wconf 70' lang='lat' dir='ltr'><strong>et</strong></span> <span class='ocrx_word' id='word_1_20' title='bbox 2451 494 2632 532; x_wconf 76' lang='lat' dir='ltr'><strong>rursus</strong></span> <span class='ocrx_word' id='word_1_21' title='bbox 2661 480 2989 548; x_wconf 71' lang='lat' dir='ltr'><strong>conveniant,</strong></span> <span class='ocrx_word' id='word_1_22' title='bbox 3019 479 3245 535; x_wconf 75' lang='lat' dir='ltr'><strong>Paulum</strong></span> <span class='ocrx_word' id='word_1_23' title='bbox 3269 482 3439 536; x_wconf 70' lang='lat' dir='ltr'><strong>dicm-</strong></span> 
     </span>
    </p>
   </div>
   <div class='ocr_carea' id='block_1_6' title="bbox 205 560 1354 638">
    <p class='ocr_par' dir='ltr' id='par_1_6' title="bbox 205 560 1354 638">
     <span class='ocr_line' id='line_1_6' title="bbox 205 560 1354 638; baseline 0.003 -18"><span class='ocrx_word' id='word_1_24' title='bbox 205 560 381 628; x_wconf 73' lang='grc' dir='ltr'><strong>ὦσιν,</strong></span> <span class='ocrx_word' id='word_1_25' title='bbox 415 567 711 634; x_wconf 79' lang='grc' dir='ltr'><strong>ἀκηκόασι</strong></span> <span class='ocrx_word' id='word_1_26' title='bbox 737 568 982 621; x_wconf 65' lang='grc' dir='ltr'><strong>Παύλου</strong></span> <span class='ocrx_word' id='word_1_27' title='bbox 1012 568 1354 638; x_wconf 68' lang='grc' dir='ltr'><strong>γράφοντος.</strong></span> 
     </span>
    </p>
   </div>
   <div class='ocr_carea' id='block_1_7' title="bbox 281 656 1775 732">
    <p class='ocr_par' dir='ltr' id='par_1_7' title="bbox 281 656 1775 732">
     <span class='ocr_line' id='line_1_7' title="bbox 281 656 1775 732; baseline 0.002 -22"><span class='ocrx_word' id='word_1_28' title='bbox 281 658 476 710; x_wconf 71' lang='grc' dir='ltr'><strong>ΒΑᾹΣ.</strong></span> <span class='ocrx_word' id='word_1_29' title='bbox 519 658 602 720; x_wconf 80' lang='grc' dir='ltr'><strong>ὀς</strong></span> <span class='ocrx_word' id='word_1_30' title='bbox 648 656 841 722; x_wconf 74' lang='grc' dir='ltr'><strong>ἱοικεν,</strong></span> <span class='ocrx_word' id='word_1_31' title='bbox 875 658 1128 730; x_wconf 68' lang='grc' dir='ltr'><strong>ἠρωτήθη</strong></span> <span class='ocrx_word' id='word_1_32' title='bbox 1163 663 1190 710; x_wconf 99' lang='lat'><strong>6</strong></span> <span class='ocrx_word' id='word_1_33' title='bbox 1225 659 1376 727; x_wconf 70' lang='grc' dir='ltr'><strong>ἅγιος</strong></span> <span class='ocrx_word' id='word_1_34' title='bbox 1421 661 1512 713; x_wconf 72' lang='grc' dir='ltr'><strong>ἐὰν</strong></span> <span class='ocrx_word' id='word_1_35' title='bbox 1561 661 1775 732; x_wconf 81' lang='grc' dir='ltr'><strong>ἐνδέχη-</strong></span> 
     </span>
    </p>
   </div>
   <div class='ocr_carea' id='block_1_8' title="bbox 206 747 1778 822">
    <p class='ocr_par' dir='ltr' id='par_1_8' title="bbox 206 747 1778 822">
     <span class='ocr_line' id='line_1_8' title="bbox 206 747 1778 822; baseline 0.004 -23"><span class='ocrx_word' id='word_1_36' title='bbox 206 763 302 800; x_wconf 80' lang='grc' dir='ltr'><strong>ται</strong></span> <span class='ocrx_word' id='word_1_37' title='bbox 323 750 451 811; x_wconf 75' lang='grc' dir='ltr'><strong>τοὺς</strong></span> <span class='ocrx_word' id='word_1_38' title='bbox 505 747 770 816; x_wconf 79' lang='grc' dir='ltr'><strong>συζύγους</strong></span> <span class='ocrx_word' id='word_1_39' title='bbox 821 750 1218 820; x_wconf 83' lang='grc' dir='ltr'><strong>γεγηρακότας,</strong></span> <span class='ocrx_word' id='word_1_40' title='bbox 1262 751 1380 818; x_wconf 72' lang='grc' dir='ltr'><strong>καθ’</strong></span> <span class='ocrx_word' id='word_1_41' title='bbox 1407 752 1500 815; x_wconf 81' lang='grc' dir='ltr'><strong>οὓς</strong></span> <span class='ocrx_word' id='word_1_42' title='bbox 1554 755 1778 822; x_wconf 81' lang='grc' dir='ltr'><strong>καιροὺς</strong></span> 
     </span>
    </p>
   </div>
   <div class='ocr_carea' id='block_1_9' title="bbox 207 839 1771 912">
    <p class='ocr_par' dir='ltr' id='par_1_9' title="bbox 207 839 1771 912">
     <span class='ocr_line' id='line_1_9' title="bbox 207 839 1771 912; baseline 0.005 -24"><span class='ocrx_word' id='word_1_43' title='bbox 207 839 490 906; x_wconf 68' lang='grc' dir='ltr'><strong>ιφείλουσι</strong></span> <span class='ocrx_word' id='word_1_44' title='bbox 522 839 940 909; x_wconf 77' lang='grc' dir='ltr'><strong>προσεύχεσθαι,</strong></span> <span class='ocrx_word' id='word_1_45' title='bbox 991 841 1089 910; x_wconf 76' lang='grc' dir='ltr'><strong>τῆς</strong></span> <span class='ocrx_word' id='word_1_46' title='bbox 1135 842 1412 910; x_wconf 65' lang='grc' dir='ltr'><strong>ἐπιμιξίας</strong></span> <span class='ocrx_word' id='word_1_47' title='bbox 1458 844 1771 912; x_wconf 83' lang='grc' dir='ltr'><strong>ἀπέχεσθαι·</strong></span> 
     </span>
    </p>
   </div>
   <div class='ocr_carea' id='block_1_10' title="bbox 208 929 1778 1002">
    <p class='ocr_par' dir='ltr' id='par_1_10' title="bbox 208 929 1778 1002">
     <span class='ocr_line' id='line_1_10' title="bbox 208 929 1778 1002; baseline 0.004 -20"><span class='ocrx_word' id='word_1_48' title='bbox 208 932 309 983; x_wconf 63' lang='grc' dir='ltr'><strong>καί</strong></span> <span class='ocrx_word' id='word_1_49' title='bbox 337 947 502 1001; x_wconf 77' lang='grc' dir='ltr'><strong>φησιν</strong></span> <span class='ocrx_word' id='word_1_50' title='bbox 531 930 607 992; x_wconf 82' lang='grc' dir='ltr'><strong>ὡς</strong></span> <span class='ocrx_word' id='word_1_51' title='bbox 662 933 711 983; x_wconf 78' lang='lat' dir='ltr'><strong>oi</strong></span> <span class='ocrx_word' id='word_1_52' title='bbox 743 929 994 997; x_wconf 77' lang='grc' dir='ltr'><strong>τοιοῦτοι,</strong></span> <span class='ocrx_word' id='word_1_53' title='bbox 1043 931 1246 986; x_wconf 81' lang='grc' dir='ltr'><strong>ἑαυτῶν</strong></span> <span class='ocrx_word' id='word_1_54' title='bbox 1299 935 1479 1002; x_wconf 79' lang='grc' dir='ltr'><strong>κριταὶ</strong></span> <span class='ocrx_word' id='word_1_55' title='bbox 1527 935 1778 1001; x_wconf 85' lang='grc' dir='ltr'><strong>γινέσθω-</strong></span> 
     </span>
    </p>
   </div>
   <div class='ocr_carea' id='block_1_11' title="bbox 209 1021 1775 1095">
    <p class='ocr_par' dir='ltr' id='par_1_11' title="bbox 209 1021 1775 1095">
     <span class='ocr_line' id='line_1_11' title="bbox 209 1021 1775 1095; baseline 0.003 -21"><span class='ocrx_word' id='word_1_56' title='bbox 209 1039 333 1075; x_wconf 86' lang='grc' dir='ltr'><strong>σαν·</strong></span> <span class='ocrx_word' id='word_1_57' title='bbox 365 1022 458 1075; x_wconf 82' lang='grc' dir='ltr'><strong>καί</strong></span> <span class='ocrx_word' id='word_1_58' title='bbox 493 1039 620 1074; x_wconf 89' lang='grc' dir='ltr'><strong>ποτε</strong></span> <span class='ocrx_word' id='word_1_59' title='bbox 651 1021 893 1092; x_wconf 86' lang='grc' dir='ltr'><strong>ἀλλήλων</strong></span> <span class='ocrx_word' id='word_1_60' title='bbox 914 1025 978 1075; x_wconf 72' lang='grc' dir='ltr'><strong>ἐκ</strong></span> <span class='ocrx_word' id='word_1_61' title='bbox 1008 1025 1294 1093; x_wconf 78' lang='grc' dir='ltr'><strong>συμφώνου</strong></span> <span class='ocrx_word' id='word_1_62' title='bbox 1324 1026 1488 1095; x_wconf 74' lang='grc' dir='ltr'><strong>ήγουν</strong></span> <span class='ocrx_word' id='word_1_63' title='bbox 1515 1028 1576 1078; x_wconf 78' lang='grc' dir='ltr'><strong>ὲκ</strong></span> <span class='ocrx_word' id='word_1_64' title='bbox 1598 1027 1775 1079; x_wconf 85' lang='grc' dir='ltr'><strong>κοινοῦ</strong></span> 
     </span>
    </p>
   </div>
   <div class='ocr_carea' id='block_1_12' title="bbox 208 1111 1778 1184">
    <p class='ocr_par' dir='ltr' id='par_1_12' title="bbox 208 1111 1778 1184">
     <span class='ocr_line' id='line_1_12' title="bbox 208 1111 1778 1184; baseline 0.001 -20"><span class='ocrx_word' id='word_1_65' title='bbox 208 1111 533 1182; x_wconf 78' lang='grc' dir='ltr'><strong>θελήματος,</strong></span> <span class='ocrx_word' id='word_1_66' title='bbox 582 1111 955 1181; x_wconf 81' lang='grc' dir='ltr'><strong>ἀπεχέτωσαν,</strong></span> <span class='ocrx_word' id='word_1_67' title='bbox 979 1113 1146 1180; x_wconf 79' lang='grc' dir='ltr'><strong>ήγουν</strong></span> <span class='ocrx_word' id='word_1_68' title='bbox 1191 1113 1329 1166; x_wconf 84' lang='grc' dir='ltr'><strong>κατά</strong></span> <span class='ocrx_word' id='word_1_69' title='bbox 1387 1115 1513 1176; x_wconf 81' lang='grc' dir='ltr'><strong>τοὺς</strong></span> <span class='ocrx_word' id='word_1_70' title='bbox 1555 1115 1778 1184; x_wconf 79' lang='grc' dir='ltr'><strong>καιροὺς</strong></span> 
     </span>
    </p>
   </div>
   <div class='ocr_carea' id='block_1_13' title="bbox 208 1202 1777 1273">
    <p class='ocr_par' dir='ltr' id='par_1_13' title="bbox 208 1202 1777 1273">
     <span class='ocr_line' id='line_1_13' title="bbox 208 1202 1777 1273; baseline 0 -17"><span class='ocrx_word' id='word_1_71' title='bbox 208 1202 335 1256; x_wconf 75' lang='grc' dir='ltr'><strong>καθ’</strong></span> <span class='ocrx_word' id='word_1_72' title='bbox 389 1203 485 1266; x_wconf 76' lang='grc' dir='ltr'><strong>οὓς</strong></span> <span class='ocrx_word' id='word_1_73' title='bbox 538 1202 902 1272; x_wconf 65' lang='grc' dir='ltr'><strong>ἑπτάλθησαν</strong></span> <span class='ocrx_word' id='word_1_74' title='bbox 958 1204 1388 1273; x_wconf 79' lang='grc' dir='ltr'><strong>προσεύχεσθαι,</strong></span> <span class='ocrx_word' id='word_1_75' title='bbox 1447 1205 1777 1272; x_wconf 88' lang='grc' dir='ltr'><strong>διαγέτωσαν</strong></span> 
     </span>
    </p>
   </div>
   <div class='ocr_carea' id='block_1_14' title="bbox 211 1292 1778 1364">
    <p class='ocr_par' dir='ltr' id='par_1_14' title="bbox 211 1292 1778 1364">
     <span class='ocr_line' id='line_1_14' title="bbox 211 1292 1778 1364; baseline 0.001 -19"><span class='ocrx_word' id='word_1_76' title='bbox 211 1292 354 1361; x_wconf 76' lang='grc' dir='ltr'><strong>μετὰ</strong></span> <span class='ocrx_word' id='word_1_77' title='bbox 388 1293 572 1362; x_wconf 80' lang='grc' dir='ltr'><strong>πάσης</strong></span> <span class='ocrx_word' id='word_1_78' title='bbox 627 1293 994 1364; x_wconf 79' lang='grc' dir='ltr'><strong>σωφροσύνης,</strong></span> <span class='ocrx_word' id='word_1_79' title='bbox 1043 1294 1136 1346; x_wconf 74' lang='grc' dir='ltr'><strong>καὶ</strong></span> <span class='ocrx_word' id='word_1_80' title='bbox 1189 1294 1346 1346; x_wconf 73' lang='grc' dir='ltr'><strong>πάλιν</strong></span> <span class='ocrx_word' id='word_1_81' title='bbox 1404 1295 1493 1346; x_wconf 78' lang='grc' dir='ltr'><strong>ἐπὶ</strong></span> <span class='ocrx_word' id='word_1_82' title='bbox 1537 1293 1596 1345; x_wconf 81' lang='grc' dir='ltr'><strong>τὸ</strong></span> <span class='ocrx_word' id='word_1_83' title='bbox 1650 1295 1778 1346; x_wconf 79' lang='grc' dir='ltr'><strong>αὐτὸ</strong></span> 
     </span>
    </p>
   </div>
   <div class='ocr_carea' id='block_1_15' title="bbox 207 1381 1774 1454">
    <p class='ocr_par' dir='ltr' id='par_1_15' title="bbox 207 1381 1774 1454">
     <span class='ocr_line' id='line_1_15' title="bbox 207 1381 1774 1454; baseline -0.001 -18"><span class='ocrx_word' id='word_1_84' title='bbox 207 1385 474 1440; x_wconf 74' lang='grc' dir='ltr'><strong>ἔστωσαν.</strong></span> <span class='ocrx_word' id='word_1_85' title='bbox 516 1381 636 1438; x_wconf 84' lang='grc' dir='ltr'><strong>’Ότι</strong></span> <span class='ocrx_word' id='word_1_86' title='bbox 668 1386 760 1437; x_wconf 73' lang='grc' dir='ltr'><strong>καὶ</strong></span> <span class='ocrx_word' id='word_1_87' title='bbox 805 1387 834 1437; x_wconf 95' lang='lat'><strong>6</strong></span> <span class='ocrx_word' id='word_1_88' title='bbox 864 1383 1033 1454; x_wconf 85' lang='grc' dir='ltr'><strong>μέγας</strong></span> <span class='ocrx_word' id='word_1_89' title='bbox 1061 1385 1266 1446; x_wconf 81' lang='grc' dir='ltr'><strong>Παῦλος</strong></span> <span class='ocrx_word' id='word_1_90' title='bbox 1295 1384 1450 1437; x_wconf 86' lang='grc' dir='ltr'><strong>τοῦτο</strong></span> <span class='ocrx_word' id='word_1_91' title='bbox 1482 1384 1774 1449; x_wconf 80' lang='grc' dir='ltr'><strong>διετάξατο.</strong></span> 
     </span>
    </p>
   </div>
   <div class='ocr_carea' id='block_1_16' title="bbox 209 1473 1778 1544">
    <p class='ocr_par' dir='ltr' id='par_1_16' title="bbox 209 1473 1778 1544">
     <span class='ocr_line' id='line_1_16' title="bbox 209 1473 1778 1544; baseline 0.001 -20"><span class='ocrx_word' id='word_1_92' title='bbox 209 1473 323 1526; x_wconf 78' lang='grc' dir='ltr'><strong>Καὶ</strong></span> <span class='ocrx_word' id='word_1_93' title='bbox 352 1476 382 1526; x_wconf 91' lang='lat'><strong>6</strong></span> <span class='ocrx_word' id='word_1_94' title='bbox 416 1475 513 1542; x_wconf 79' lang='grc' dir='ltr'><strong>μὲν</strong></span> <span class='ocrx_word' id='word_1_95' title='bbox 545 1473 723 1526; x_wconf 86' lang='grc' dir='ltr'><strong>κανὼν</strong></span> <span class='ocrx_word' id='word_1_96' title='bbox 747 1474 874 1544; x_wconf 75' lang='grc' dir='ltr'><strong>περὶ</strong></span> <span class='ocrx_word' id='word_1_97' title='bbox 905 1474 1286 1544; x_wconf 71' lang='grc' dir='ltr'><strong>γεγηρακότων</strong></span> <span class='ocrx_word' id='word_1_98' title='bbox 1310 1474 1487 1544; x_wconf 85' lang='grc' dir='ltr'><strong>φησίν·</strong></span> <span class='ocrx_word' id='word_1_99' title='bbox 1531 1474 1778 1538; x_wconf 80' lang='grc' dir='ltr'><strong>Ἐξακου-</strong></span> 
     </span>
    </p>
   </div>
   <div class='ocr_carea' id='block_1_17' title="bbox 212 1561 1774 1634">
    <p class='ocr_par' dir='ltr' id='par_1_17' title="bbox 212 1561 1774 1634">
     <span class='ocr_line' id='line_1_17' title="bbox 212 1561 1774 1634; baseline 0.003 -20"><span class='ocrx_word' id='word_1_100' title='bbox 212 1561 369 1614; x_wconf 87' lang='grc' dir='ltr'><strong>στέον</strong></span> <span class='ocrx_word' id='word_1_101' title='bbox 399 1563 453 1614; x_wconf 72' lang='grc' dir='ltr'><strong>δὲ</strong></span> <span class='ocrx_word' id='word_1_102' title='bbox 487 1563 556 1615; x_wconf 84' lang='grc' dir='ltr'><strong>τὰ</strong></span> <span class='ocrx_word' id='word_1_103' title='bbox 573 1564 632 1615; x_wconf 67' lang='grc' dir='ltr'><strong>ἐν</strong></span> <span class='ocrx_word' id='word_1_104' title='bbox 656 1563 804 1632; x_wconf 82' lang='grc' dir='ltr'><strong>αῦτῷ</strong></span> <span class='ocrx_word' id='word_1_105' title='bbox 825 1564 917 1617; x_wconf 80' lang='grc' dir='ltr'><strong>καὶ</strong></span> <span class='ocrx_word' id='word_1_106' title='bbox 948 1565 1025 1628; x_wconf 84' lang='grc' dir='ltr'><strong>είς</strong></span> <span class='ocrx_word' id='word_1_107' title='bbox 1071 1563 1274 1626; x_wconf 82' lang='grc' dir='ltr'><strong>πάντας</strong></span> <span class='ocrx_word' id='word_1_108' title='bbox 1304 1567 1428 1628; x_wconf 76' lang='grc' dir='ltr'><strong>τοὺς</strong></span> <span class='ocrx_word' id='word_1_109' title='bbox 1458 1564 1774 1634; x_wconf 79' lang='grc' dir='ltr'><strong>ὀμοζύγους.</strong></span> 
     </span>
    </p>
   </div>
   <div class='ocr_carea' id='block_1_18' title="bbox 211 1648 1779 1724">
    <p class='ocr_par' dir='ltr' id='par_1_18' title="bbox 211 1648 1779 1724">
     <span class='ocr_line' id='line_1_18' title="bbox 211 1648 1779 1724; baseline 0.001 -18"><span class='ocrx_word' id='word_1_110' title='bbox 211 1654 410 1715; x_wconf 79' lang='grc' dir='ltr'><strong>Καλῶς</strong></span> <span class='ocrx_word' id='word_1_111' title='bbox 435 1654 490 1706; x_wconf 83' lang='grc' dir='ltr'><strong>δὲ</strong></span> <span class='ocrx_word' id='word_1_112' title='bbox 517 1650 636 1706; x_wconf 74' lang='grc' dir='ltr'><strong>εἷπε</strong></span> <span class='ocrx_word' id='word_1_113' title='bbox 672 1654 733 1706; x_wconf 80' lang='grc' dir='ltr'><strong>τὸ</strong></span> <span class='ocrx_word' id='word_1_114' title='bbox 760 1655 826 1707; x_wconf 79' lang='grc' dir='ltr'><strong>ἐκ</strong></span> <span class='ocrx_word' id='word_1_115' title='bbox 851 1648 1193 1724; x_wconf 68' lang='grc' dir='ltr'><strong>συμφώνου.</strong></span> <span class='ocrx_word' id='word_1_116' title='bbox 1252 1656 1398 1708; x_wconf 79' lang='grc' dir='ltr'><strong>Οὔτε</strong></span> <span class='ocrx_word' id='word_1_117' title='bbox 1425 1655 1533 1724; x_wconf 54' lang='lat' dir='ltr'><strong>pip</strong></span> <span class='ocrx_word' id='word_1_118' title='bbox 1565 1658 1598 1708; x_wconf 83' lang='grc' dir='ltr'><em>ό</em></span> <span class='ocrx_word' id='word_1_119' title='bbox 1627 1655 1779 1723; x_wconf 69' lang='grc' dir='ltr'><strong>ἀνὴρ</strong></span> 
     </span>
    </p>
   </div>
   <div class='ocr_carea' id='block_1_19' title="bbox 207 1742 1806 1813">
    <p class='ocr_par' dir='ltr' id='par_1_19' title="bbox 207 1742 1806 1813">
     <span class='ocr_line' id='line_1_19' title="bbox 207 1742 1806 1813; baseline 0.001 -16"><span class='ocrx_word' id='word_1_120' title='bbox 207 1742 542 1808; x_wconf 79' lang='grc' dir='ltr'><strong>ἐξουσιάζει</strong></span> <span class='ocrx_word' id='word_1_121' title='bbox 569 1744 676 1797; x_wconf 81' lang='grc' dir='ltr'><strong>τοῦ</strong></span> <span class='ocrx_word' id='word_1_122' title='bbox 719 1744 871 1798; x_wconf 71' lang='grc' dir='ltr'><strong>ἰδίου</strong></span> <span class='ocrx_word' id='word_1_123' title='bbox 902 1744 1190 1813; x_wconf 81' lang='grc' dir='ltr'><strong>σώματος·</strong></span> <span class='ocrx_word' id='word_1_124' title='bbox 1219 1747 1354 1800; x_wconf 85' lang='grc' dir='ltr'><strong>οὔτε</strong></span> <span class='ocrx_word' id='word_1_125' title='bbox 1382 1747 1421 1812; x_wconf 77' lang='grc' dir='ltr'>ἡ</span> <span class='ocrx_word' id='word_1_126' title='bbox 1448 1745 1622 1813; x_wconf 74' lang='grc' dir='ltr'><strong>γυνὴ,</strong></span> <span class='ocrx_word' id='word_1_127' title='bbox 1641 1747 1806 1810; x_wconf 58' lang='grc' dir='ltr'><strong>κατὰ,</strong></span> 
     </span>
    </p>
   </div>
   <div class='ocr_carea' id='block_1_20' title="bbox 210 1833 1781 1906">
    <p class='ocr_par' dir='ltr' id='par_1_20' title="bbox 210 1833 1781 1906">
     <span class='ocr_line' id='line_1_20' title="bbox 210 1833 1781 1906; baseline 0.002 -20"><span class='ocrx_word' id='word_1_128' title='bbox 210 1835 304 1886; x_wconf 60' lang='grc' dir='ltr'><strong>τὴν</strong></span> <span class='ocrx_word' id='word_1_129' title='bbox 333 1835 507 1904; x_wconf 88' lang='grc' dir='ltr'><strong>μέγαν</strong></span> <span class='ocrx_word' id='word_1_130' title='bbox 540 1835 878 1891; x_wconf 74' lang='grc' dir='ltr'><strong>Ἀπόστολον.</strong></span> <span class='ocrx_word' id='word_1_131' title='bbox 932 1835 1028 1888; x_wconf 83' lang='grc' dir='ltr'><strong>Διά</strong></span> <span class='ocrx_word' id='word_1_132' title='bbox 1072 1837 1228 1889; x_wconf 87' lang='grc' dir='ltr'><strong>τοῦτο</strong></span> <span class='ocrx_word' id='word_1_133' title='bbox 1280 1833 1372 1890; x_wconf 80' lang='grc' dir='ltr'><strong>οὖν</strong></span> <span class='ocrx_word' id='word_1_134' title='bbox 1414 1835 1669 1906; x_wconf 83' lang='grc' dir='ltr'><strong>ἀλλήλους</strong></span> <span class='ocrx_word' id='word_1_135' title='bbox 1701 1837 1781 1889; x_wconf 86' lang='grc' dir='ltr'><strong>δεῖ</strong></span> 
     </span>
    </p>
   </div>
   <div class='ocr_carea' id='block_1_21' title="bbox 214 1926 1775 1999">
    <p class='ocr_par' dir='ltr' id='par_1_21' title="bbox 214 1926 1775 1999">
     <span class='ocr_line' id='line_1_21' title="bbox 214 1926 1775 1999; baseline 0.004 -23"><span class='ocrx_word' id='word_1_136' title='bbox 214 1928 527 1994; x_wconf 70' lang='grc' dir='ltr'><strong>συμφωνεῖν</strong></span> <span class='ocrx_word' id='word_1_137' title='bbox 561 1927 687 1994; x_wconf 76' lang='grc' dir='ltr'><strong>περὶ</strong></span> <span class='ocrx_word' id='word_1_138' title='bbox 715 1926 945 1996; x_wconf 82' lang='grc' dir='ltr'><strong>ἀποχῆς,</strong></span> <span class='ocrx_word' id='word_1_139' title='bbox 968 1928 1053 1980; x_wconf 81' lang='grc' dir='ltr'><strong>ἵνα</strong></span> <span class='ocrx_word' id='word_1_140' title='bbox 1091 1927 1386 1996; x_wconf 84' lang='grc' dir='ltr'><strong>σχολάσωσι</strong></span> <span class='ocrx_word' id='word_1_141' title='bbox 1413 1930 1479 1998; x_wconf 78' lang='grc' dir='ltr'><strong>τῇ</strong></span> <span class='ocrx_word' id='word_1_142' title='bbox 1505 1931 1775 1999; x_wconf 80' lang='grc' dir='ltr'><strong>προσευχῇ</strong></span> 
     </span>
    </p>
   </div>
   <div class='ocr_carea' id='block_1_22' title="bbox 212 2016 1777 2091">
    <p class='ocr_par' dir='ltr' id='par_1_22' title="bbox 212 2016 1777 2091">
     <span class='ocr_line' id='line_1_22' title="bbox 212 2016 1777 2091; baseline 0.003 -23"><span class='ocrx_word' id='word_1_143' title='bbox 212 2017 310 2068; x_wconf 77' lang='grc' dir='ltr'><strong>καὶ</strong></span> <span class='ocrx_word' id='word_1_144' title='bbox 341 2019 408 2086; x_wconf 77' lang='grc' dir='ltr'><strong>τῇ</strong></span> <span class='ocrx_word' id='word_1_145' title='bbox 442 2016 681 2086; x_wconf 77' lang='grc' dir='ltr'><strong>νηστείᾳ.</strong></span> <span class='ocrx_word' id='word_1_146' title='bbox 717 2018 778 2070; x_wconf 82' lang='lat' dir='ltr'><strong>Et</strong></span> <span class='ocrx_word' id='word_1_147' title='bbox 822 2017 929 2088; x_wconf 84' lang='grc' dir='ltr'><strong>γάρ</strong></span> <span class='ocrx_word' id='word_1_148' title='bbox 955 2017 1028 2087; x_wconf 85' lang='grc' dir='ltr'><strong>μὴ</strong></span> <span class='ocrx_word' id='word_1_149' title='bbox 1060 2020 1123 2070; x_wconf 77' lang='grc' dir='ltr'><strong>ἐκ</strong></span> <span class='ocrx_word' id='word_1_150' title='bbox 1168 2020 1480 2088; x_wconf 69' lang='grc' dir='ltr'><strong>συμφωνίας</strong></span> <span class='ocrx_word' id='word_1_151' title='bbox 1524 2020 1777 2091; x_wconf 84' lang='grc' dir='ltr'><strong>γίνοιτοή</strong></span> 
     </span>
    </p>
   </div>
   <div class='ocr_carea' id='block_1_23' title="bbox 213 2099 1780 2180">
    <p class='ocr_par' dir='ltr' id='par_1_23' title="bbox 213 2099 1780 2180">
     <span class='ocr_line' id='line_1_23' title="bbox 213 2099 1780 2180; baseline 0.001 -21"><span class='ocrx_word' id='word_1_152' title='bbox 213 2099 723 2176; x_wconf 78' lang='grc' dir='ltr'><strong>ἀποχὴ.ἀποστερε¹ί</strong></span> <span class='ocrx_word' id='word_1_153' title='bbox 749 2106 963 2170; x_wconf 76' lang='grc' dir='ltr'><strong>πάντως</strong></span> <span class='ocrx_word' id='word_1_154' title='bbox 985 2108 1044 2160; x_wconf 81' lang='grc' dir='ltr'><strong>τὺ</strong></span> <span class='ocrx_word' id='word_1_155' title='bbox 1085 2109 1157 2177; x_wconf 86' lang='grc' dir='ltr'><strong>μὴ</strong></span> <span class='ocrx_word' id='word_1_156' title='bbox 1189 2107 1505 2179; x_wconf 80' lang='grc' dir='ltr'><strong>βουλόμενον</strong></span> <span class='ocrx_word' id='word_1_157' title='bbox 1537 2111 1633 2180; x_wconf 82' lang='grc' dir='ltr'><strong>τὴν</strong></span> <span class='ocrx_word' id='word_1_158' title='bbox 1666 2127 1780 2163; x_wconf 92' lang='grc' dir='ltr'><strong>συν-</strong></span> 
     </span>
    </p>
   </div>
   <div class='ocr_carea' id='block_1_24' title="bbox 211 2195 1777 2268">
    <p class='ocr_par' dir='ltr' id='par_1_24' title="bbox 211 2195 1777 2268">
     <span class='ocr_line' id='line_1_24' title="bbox 211 2195 1777 2268; baseline 0.004 -22"><span class='ocrx_word' id='word_1_159' title='bbox 211 2197 404 2248; x_wconf 82' lang='grc' dir='ltr'><strong>ουσίαν</strong></span> <span class='ocrx_word' id='word_1_160' title='bbox 462 2195 644 2267; x_wconf 81' lang='grc' dir='ltr'><strong>μέρος,</strong></span> <span class='ocrx_word' id='word_1_161' title='bbox 701 2198 760 2250; x_wconf 84' lang='grc' dir='ltr'><strong>τὸ</strong></span> <span class='ocrx_word' id='word_1_162' title='bbox 800 2196 1002 2268; x_wconf 86' lang='grc' dir='ltr'><strong>ταύτην</strong></span> <span class='ocrx_word' id='word_1_163' title='bbox 1054 2197 1363 2267; x_wconf 81' lang='grc' dir='ltr'><strong>ὲπιζητοῦν.</strong></span> <span class='ocrx_word' id='word_1_164' title='bbox 1413 2200 1520 2252; x_wconf 78' lang='grc' dir='ltr'><strong>Καὶ</strong></span> <span class='ocrx_word' id='word_1_165' title='bbox 1571 2200 1777 2266; x_wconf 50' lang='grc' dir='ltr'><strong>πῶςοᾶν</strong></span> 
     </span>
    </p>
   </div>
   <div class='ocr_carea' id='block_1_25' title="bbox 213 2285 1814 2360">
    <p class='ocr_par' dir='ltr' id='par_1_25' title="bbox 213 2285 1814 2360">
     <span class='ocr_line' id='line_1_25' title="bbox 213 2285 1814 2360; baseline 0.003 -23"><span class='ocrx_word' id='word_1_166' title='bbox 213 2285 418 2351; x_wconf 78' lang='grc' dir='ltr'><strong>δόξειεν</strong></span> <span class='ocrx_word' id='word_1_167' title='bbox 447 2285 779 2350; x_wconf 76' lang='grc' dir='ltr'><strong>έξουσιέιζειν</strong></span> <span class='ocrx_word' id='word_1_168' title='bbox 801 2286 892 2338; x_wconf 90' lang='grc' dir='ltr'><strong>τοῦ</strong></span> <span class='ocrx_word' id='word_1_169' title='bbox 941 2285 1186 2356; x_wconf 81' lang='grc' dir='ltr'><strong>σώματος</strong></span> <span class='ocrx_word' id='word_1_170' title='bbox 1211 2288 1300 2340; x_wconf 87' lang='grc' dir='ltr'><strong>τοῦ</strong></span> <span class='ocrx_word' id='word_1_171' title='bbox 1332 2289 1405 2359; x_wconf 80' lang='grc' dir='ltr'><strong>μή</strong></span> <span class='ocrx_word' id='word_1_172' title='bbox 1439 2289 1776 2360; x_wconf 80' lang='grc' dir='ltr'><strong>συγχωροῦν·</strong></span> <span class='ocrx_word' id='word_1_173' title='bbox 1810 2321 1814 2324; x_wconf 93' lang='lat'><strong><em>-</em></strong></span> 
     </span>
    </p>
   </div>
   <div class='ocr_carea' id='block_1_26' title="bbox 213 2375 1751 2450">
    <p class='ocr_par' dir='ltr' id='par_1_26' title="bbox 213 2375 1751 2450">
     <span class='ocr_line' id='line_1_26' title="bbox 213 2375 1751 2450; baseline 0.001 -22"><span class='ocrx_word' id='word_1_174' title='bbox 213 2392 307 2439; x_wconf 82' lang='grc' dir='ltr'><strong>τος</strong></span> <span class='ocrx_word' id='word_1_175' title='bbox 357 2376 557 2446; x_wconf 78' lang='grc' dir='ltr'><strong>μέρους</strong></span> <span class='ocrx_word' id='word_1_176' title='bbox 585 2377 646 2429; x_wconf 81' lang='grc' dir='ltr'><strong>τὸ</strong></span> <span class='ocrx_word' id='word_1_177' title='bbox 669 2377 767 2448; x_wconf 78' lang='grc' dir='ltr'><strong>τὴν</strong></span> <span class='ocrx_word' id='word_1_178' title='bbox 802 2377 1089 2445; x_wconf 75' lang='grc' dir='ltr'><strong>συνάφειαν</strong></span> <span class='ocrx_word' id='word_1_179' title='bbox 1117 2375 1309 2446; x_wconf 77' lang='grc' dir='ltr'><strong>ζητοῦν</strong></span> <span class='ocrx_word' id='word_1_180' title='bbox 1342 2379 1435 2432; x_wconf 68' lang='grc' dir='ltr'><strong>καὶ</strong></span> <span class='ocrx_word' id='word_1_181' title='bbox 1469 2380 1540 2450; x_wconf 82' lang='grc' dir='ltr'><strong>μή</strong></span> <span class='ocrx_word' id='word_1_182' title='bbox 1569 2397 1751 2450; x_wconf 69' lang='grc' dir='ltr'><strong>συγχηι</strong></span> 
     </span>
    </p>
   </div>
   <div class='ocr_carea' id='block_1_27' title="bbox 219 2465 1779 2539">
    <p class='ocr_par' dir='ltr' id='par_1_27' title="bbox 219 2465 1779 2539">
     <span class='ocr_line' id='line_1_27' title="bbox 219 2465 1779 2539; baseline 0.003 -22"><span class='ocrx_word' id='word_1_183' title='bbox 219 2465 512 2535; x_wconf 84' lang='grc' dir='ltr'><strong>ρούμενον;</strong></span> <span class='ocrx_word' id='word_1_184' title='bbox 551 2466 840 2535; x_wconf 72' lang='grc' dir='ltr'><strong>Συμϐαίνει</strong></span> <span class='ocrx_word' id='word_1_185' title='bbox 866 2466 921 2518; x_wconf 85' lang='grc' dir='ltr'><strong>δὲ</strong></span> <span class='ocrx_word' id='word_1_186' title='bbox 965 2467 1057 2519; x_wconf 72' lang='grc' dir='ltr'><strong>καὶ</strong></span> <span class='ocrx_word' id='word_1_187' title='bbox 1080 2465 1177 2536; x_wconf 80' lang='grc' dir='ltr'><strong>τήν</strong></span> <span class='ocrx_word' id='word_1_188' title='bbox 1205 2467 1300 2520; x_wconf 87' lang='grc' dir='ltr'><strong>τοῦ</strong></span> <span class='ocrx_word' id='word_1_189' title='bbox 1335 2469 1559 2537; x_wconf 83' lang='grc' dir='ltr'><strong>θατέρου</strong></span> <span class='ocrx_word' id='word_1_190' title='bbox 1587 2470 1779 2539; x_wconf 81' lang='grc' dir='ltr'><strong>ἐγκρά-</strong></span> 
     </span>
    </p>
   </div>
   <div class='ocr_carea' id='block_1_28' title="bbox 217 2555 1777 2628">
    <p class='ocr_par' dir='ltr' id='par_1_28' title="bbox 217 2555 1777 2628">
     <span class='ocr_line' id='line_1_28' title="bbox 217 2555 1777 2628; baseline 0.002 -21"><span class='ocrx_word' id='word_1_191' title='bbox 217 2572 367 2614; x_wconf 78' lang='grc' dir='ltr'><strong>τειαν</strong></span> <span class='ocrx_word' id='word_1_192' title='bbox 393 2558 472 2618; x_wconf 84' lang='grc' dir='ltr'><strong>είς</strong></span> <span class='ocrx_word' id='word_1_193' title='bbox 501 2556 702 2626; x_wconf 70' lang='grc' dir='ltr'><strong>βλάϐην</strong></span> <span class='ocrx_word' id='word_1_194' title='bbox 747 2557 875 2619; x_wconf 72' lang='grc' dir='ltr'><strong>ἴσως</strong></span> <span class='ocrx_word' id='word_1_195' title='bbox 919 2555 1230 2610; x_wconf 75' lang='grc' dir='ltr'><strong>ἀποϐαίνειν</strong></span> <span class='ocrx_word' id='word_1_196' title='bbox 1277 2558 1518 2625; x_wconf 88' lang='grc' dir='ltr'><strong>θατέρου.</strong></span> <span class='ocrx_word' id='word_1_197' title='bbox 1566 2559 1628 2611; x_wconf 83' lang='lat' dir='ltr'><strong>Et</strong></span> <span class='ocrx_word' id='word_1_198' title='bbox 1670 2558 1777 2628; x_wconf 82' lang='grc' dir='ltr'><strong>γὰρ</strong></span> 
     </span>
    </p>
   </div>
   <div class='ocr_carea' id='block_1_29' title="bbox 219 2640 1778 2716">
    <p class='ocr_par' dir='ltr' id='par_1_29' title="bbox 219 2640 1778 2716">
     <span class='ocr_line' id='line_1_29' title="bbox 219 2640 1778 2716; baseline -0.002 -14"><span class='ocrx_word' id='word_1_199' title='bbox 219 2649 435 2701; x_wconf 77' lang='grc' dir='ltr'><strong>νικᾶται</strong></span> <span class='ocrx_word' id='word_1_200' title='bbox 461 2647 565 2698; x_wconf 81' lang='grc' dir='ltr'><strong>ὑπὸ</strong></span> <span class='ocrx_word' id='word_1_201' title='bbox 586 2640 684 2716; x_wconf 70' lang='grc' dir='ltr'><strong>τῆς</strong></span> <span class='ocrx_word' id='word_1_202' title='bbox 707 2645 998 2716; x_wconf 70' lang='grc' dir='ltr'><strong>ἐπιθυμίας</strong></span> <span class='ocrx_word' id='word_1_203' title='bbox 1018 2649 1112 2699; x_wconf 76' lang='grc' dir='ltr'><strong>καὶ</strong></span> <span class='ocrx_word' id='word_1_204' title='bbox 1136 2647 1193 2699; x_wconf 83' lang='grc' dir='ltr'><strong>οὐ</strong></span> <span class='ocrx_word' id='word_1_205' title='bbox 1219 2649 1643 2716; x_wconf 85' lang='grc' dir='ltr'><strong>παραχωρεϊται,</strong></span> <span class='ocrx_word' id='word_1_206' title='bbox 1691 2665 1778 2699; x_wconf 85' lang='grc' dir='ltr'><strong>πε-</strong></span> 
     </span>
    </p>
   </div>
   <div class='ocr_carea' id='block_1_30' title="bbox 219 2735 1778 2809">
    <p class='ocr_par' dir='ltr' id='par_1_30' title="bbox 219 2735 1778 2809">
     <span class='ocr_line' id='line_1_30' title="bbox 219 2735 1778 2809; baseline 0 -19"><span class='ocrx_word' id='word_1_207' title='bbox 219 2739 528 2809; x_wconf 79' lang='grc' dir='ltr'><strong>ριπεσεῖται</strong></span> <span class='ocrx_word' id='word_1_208' title='bbox 553 2735 696 2806; x_wconf 81' lang='grc' dir='ltr'><strong>μίξει</strong></span> <span class='ocrx_word' id='word_1_209' title='bbox 722 2735 962 2806; x_wconf 86' lang='grc' dir='ltr'><strong>ἀθέσμῳ.</strong></span> <span class='ocrx_word' id='word_1_210' title='bbox 1015 2738 1159 2808; x_wconf 85' lang='grc' dir='ltr'><strong>Ἔρεῐ</strong></span> <span class='ocrx_word' id='word_1_211' title='bbox 1182 2737 1235 2789; x_wconf 89' lang='grc' dir='ltr'><strong>δέ</strong></span> <span class='ocrx_word' id='word_1_212' title='bbox 1263 2755 1363 2801; x_wconf 86' lang='grc' dir='ltr'><strong>τις,</strong></span> <span class='ocrx_word' id='word_1_213' title='bbox 1388 2739 1460 2800; x_wconf 79' lang='grc' dir='ltr'><strong>ὡς</strong></span> <span class='ocrx_word' id='word_1_214' title='bbox 1489 2739 1608 2790; x_wconf 70' lang='grc' dir='ltr'><strong>ἐπεὶ</strong></span> <span class='ocrx_word' id='word_1_215' title='bbox 1627 2741 1655 2790; x_wconf 91' lang='lat'><strong>6</strong></span> <span class='ocrx_word' id='word_1_216' title='bbox 1682 2757 1778 2790; x_wconf 86' lang='grc' dir='ltr'><strong>κα-</strong></span> 
     </span>
    </p>
   </div>
   <div class='ocr_carea' id='block_1_31' title="bbox 217 2826 1775 2898">
    <p class='ocr_par' dir='ltr' id='par_1_31' title="bbox 217 2826 1775 2898">
     <span class='ocr_line' id='line_1_31' title="bbox 217 2826 1775 2898; baseline 0.001 -20"><span class='ocrx_word' id='word_1_217' title='bbox 217 2828 327 2880; x_wconf 85' lang='grc' dir='ltr'><strong>νών</strong></span> <span class='ocrx_word' id='word_1_218' title='bbox 357 2844 520 2897; x_wconf 79' lang='grc' dir='ltr'><strong>φησιν</strong></span> <span class='ocrx_word' id='word_1_219' title='bbox 543 2826 948 2880; x_wconf 79' lang='grc' dir='ltr'><strong>ἀποδιῖστασθαι</strong></span> <span class='ocrx_word' id='word_1_220' title='bbox 973 2828 1096 2890; x_wconf 81' lang='grc' dir='ltr'><strong>τοὺς</strong></span> <span class='ocrx_word' id='word_1_221' title='bbox 1139 2828 1434 2898; x_wconf 82' lang='grc' dir='ltr'><strong>ὀμοζύγους</strong></span> <span class='ocrx_word' id='word_1_222' title='bbox 1474 2828 1558 2880; x_wconf 85' lang='grc' dir='ltr'><strong>ῐνα</strong></span> <span class='ocrx_word' id='word_1_223' title='bbox 1585 2827 1775 2898; x_wconf 80' lang='grc' dir='ltr'><strong>σχολά-</strong></span> 
     </span>
    </p>
   </div>
   <div class='ocr_carea' id='block_1_32' title="bbox 221 2917 1779 2987">
    <p class='ocr_par' dir='ltr' id='par_1_32' title="bbox 221 2917 1779 2987">
     <span class='ocr_line' id='line_1_32' title="bbox 221 2917 1779 2987; baseline 0 -17"><span class='ocrx_word' id='word_1_224' title='bbox 221 2933 355 2971; x_wconf 77' lang='grc' dir='ltr'><strong>σωσι</strong></span> <span class='ocrx_word' id='word_1_225' title='bbox 379 2919 445 2986; x_wconf 78' lang='grc' dir='ltr'><strong>τῇ</strong></span> <span class='ocrx_word' id='word_1_226' title='bbox 474 2918 769 2986; x_wconf 80' lang='grc' dir='ltr'><strong>προσευχῇ,</strong></span> <span class='ocrx_word' id='word_1_227' title='bbox 797 2917 825 2967; x_wconf 95' lang='lat'><strong>6</strong></span> <span class='ocrx_word' id='word_1_228' title='bbox 891 2917 1203 2978; x_wconf 82' lang='grc' dir='ltr'><strong>Ἀπόστολος</strong></span> <span class='ocrx_word' id='word_1_229' title='bbox 1234 2917 1290 2969; x_wconf 86' lang='grc' dir='ltr'><strong>δὲ</strong></span> <span class='ocrx_word' id='word_1_230' title='bbox 1316 2917 1601 2987; x_wconf 77' lang='grc' dir='ltr'><strong>διορίζεται</strong></span> <span class='ocrx_word' id='word_1_231' title='bbox 1631 2918 1779 2970; x_wconf 81' lang='grc' dir='ltr'><strong>ἀδια-</strong></span> 
     </span>
    </p>
   </div>
   <div class='ocr_carea' id='block_1_33' title="bbox 220 3006 1777 3077">
    <p class='ocr_par' dir='ltr' id='par_1_33' title="bbox 220 3006 1777 3077">
     <span class='ocr_line' id='line_1_33' title="bbox 220 3006 1777 3077; baseline 0.002 -19"><span class='ocrx_word' id='word_1_232' title='bbox 220 3006 453 3068; x_wconf 83' lang='grc' dir='ltr'><strong>λείπτως</strong></span> <span class='ocrx_word' id='word_1_233' title='bbox 475 3007 623 3075; x_wconf 77' lang='grc' dir='ltr'><strong>ἡμᾶς</strong></span> <span class='ocrx_word' id='word_1_234' title='bbox 649 3007 1059 3076; x_wconf 80' lang='grc' dir='ltr'><strong>προσεύχεσθαι,</strong></span> <span class='ocrx_word' id='word_1_235' title='bbox 1087 3007 1172 3059; x_wconf 75' lang='grc' dir='ltr'><strong>ἀεὶ</strong></span> <span class='ocrx_word' id='word_1_236' title='bbox 1193 3007 1297 3077; x_wconf 78' lang='grc' dir='ltr'><strong>χρὴ</strong></span> <span class='ocrx_word' id='word_1_237' title='bbox 1323 3009 1414 3060; x_wconf 77' lang='grc' dir='ltr'><strong>καὶ</strong></span> <span class='ocrx_word' id='word_1_238' title='bbox 1458 3010 1579 3071; x_wconf 81' lang='grc' dir='ltr'><strong>τοὺς</strong></span> <span class='ocrx_word' id='word_1_239' title='bbox 1607 3026 1777 3062; x_wconf 80' lang='grc' dir='ltr'><strong>συνοι-</strong></span> 
     </span>
    </p>
   </div>
   <div class='ocr_carea' id='block_1_34' title="bbox 222 3093 1848 3174">
    <p class='ocr_par' dir='ltr' id='par_1_34' title="bbox 222 3093 1848 3174">
     <span class='ocr_line' id='line_1_34' title="bbox 222 3093 1848 3174; baseline 0.017 -26"><span class='ocrx_word' id='word_1_240' title='bbox 222 3093 450 3158; x_wconf 84' lang='grc' dir='ltr'><strong>κοῦντας</strong></span> <span class='ocrx_word' id='word_1_241' title='bbox 495 3095 738 3164; x_wconf 84' lang='grc' dir='ltr'><strong>ἀλλήλων</strong></span> <span class='ocrx_word' id='word_1_242' title='bbox 780 3094 1112 3164; x_wconf 85' lang='grc' dir='ltr'><strong>ἀπέχεσθαι;</strong></span> <span class='ocrx_word' id='word_1_243' title='bbox 1176 3097 1312 3148; x_wconf 79' lang='grc' dir='ltr'><strong>Ἀλλ’</strong></span> <span class='ocrx_word' id='word_1_244' title='bbox 1339 3099 1398 3150; x_wconf 84' lang='grc' dir='ltr'><strong>οὐ</strong></span> <span class='ocrx_word' id='word_1_245' title='bbox 1455 3099 1576 3170; x_wconf 73' lang='grc' dir='ltr'><strong>περὶ</strong></span> <span class='ocrx_word' id='word_1_246' title='bbox 1599 3100 1776 3169; x_wconf 67' lang='grc' dir='ltr'><strong>πάσηῖ</strong></span> <span class='ocrx_word' id='word_1_247' title='bbox 1803 3113 1848 3174; x_wconf 85' lang='lat' dir='ltr'><strong><em>C</em></strong></span> 
     </span>
    </p>
   </div>
   <div class='ocr_carea' id='block_1_35' title="bbox 219 3184 1781 3259">
    <p class='ocr_par' dir='ltr' id='par_1_35' title="bbox 219 3184 1781 3259">
     <span class='ocr_line' id='line_1_35' title="bbox 219 3184 1781 3259; baseline 0.003 -22"><span class='ocrx_word' id='word_1_248' title='bbox 219 3185 537 3256; x_wconf 76' lang='grc' dir='ltr'><strong>προσευχῆς</strong></span> <span class='ocrx_word' id='word_1_249' title='bbox 558 3187 587 3237; x_wconf 95' lang='lat'><strong>6</strong></span> <span class='ocrx_word' id='word_1_250' title='bbox 609 3184 764 3253; x_wconf 83' lang='grc' dir='ltr'><strong>λόγος</strong></span> <span class='ocrx_word' id='word_1_251' title='bbox 796 3185 930 3237; x_wconf 80' lang='grc' dir='ltr'><strong>ὲστί·</strong></span> <span class='ocrx_word' id='word_1_252' title='bbox 984 3187 1108 3258; x_wconf 71' lang='grc' dir='ltr'><strong>περὶ</strong></span> <span class='ocrx_word' id='word_1_253' title='bbox 1143 3187 1200 3240; x_wconf 83' lang='grc' dir='ltr'><strong>δὲ</strong></span> <span class='ocrx_word' id='word_1_254' title='bbox 1241 3188 1338 3257; x_wconf 83' lang='grc' dir='ltr'><strong>τῆς</strong></span> <span class='ocrx_word' id='word_1_255' title='bbox 1365 3189 1781 3259; x_wconf 81' lang='grc' dir='ltr'><strong>σπουδαιοτέρας</strong></span> 
     </span>
    </p>
   </div>
   <div class='ocr_carea' id='block_1_36' title="bbox 221 3273 1780 3344">
    <p class='ocr_par' dir='ltr' id='par_1_36' title="bbox 221 3273 1780 3344">
     <span class='ocr_line' id='line_1_36' title="bbox 221 3273 1780 3344; baseline 0.001 -17"><span class='ocrx_word' id='word_1_256' title='bbox 221 3276 390 3343; x_wconf 78' lang='grc' dir='ltr'><strong>ήγουν</strong></span> <span class='ocrx_word' id='word_1_257' title='bbox 410 3275 510 3344; x_wconf 85' lang='grc' dir='ltr'><strong>τῆς</strong></span> <span class='ocrx_word' id='word_1_258' title='bbox 535 3273 642 3325; x_wconf 86' lang='grc' dir='ltr'><strong>τῶν</strong></span> <span class='ocrx_word' id='word_1_259' title='bbox 674 3273 842 3340; x_wconf 81' lang='grc' dir='ltr'><strong>ἁγίων</strong></span> <span class='ocrx_word' id='word_1_260' title='bbox 889 3275 1167 3344; x_wconf 82' lang='grc' dir='ltr'><strong>νηστειῶν,</strong></span> <span class='ocrx_word' id='word_1_261' title='bbox 1196 3275 1275 3328; x_wconf 84' lang='grc' dir='ltr'><strong>ὅτι</strong></span> <span class='ocrx_word' id='word_1_262' title='bbox 1312 3277 1402 3328; x_wconf 73' lang='grc' dir='ltr'><strong>καὶ</strong></span> <span class='ocrx_word' id='word_1_263' title='bbox 1427 3277 1511 3329; x_wconf 77' lang='grc' dir='ltr'><strong>διὰ</strong></span> <span class='ocrx_word' id='word_1_264' title='bbox 1543 3277 1632 3329; x_wconf 83' lang='grc' dir='ltr'><strong>τοῦ</strong></span> <span class='ocrx_word' id='word_1_265' title='bbox 1656 3279 1780 3330; x_wconf 85' lang='grc' dir='ltr'><strong>Μω-</strong></span> 
     </span>
    </p>
   </div>
   <div class='ocr_carea' id='block_1_37' title="bbox 224 3364 1779 3435">
    <p class='ocr_par' dir='ltr' id='par_1_37' title="bbox 224 3364 1779 3435">
     <span class='ocr_line' id='line_1_37' title="bbox 224 3364 1779 3435; baseline 0.003 -19"><span class='ocrx_word' id='word_1_266' title='bbox 224 3365 360 3428; x_wconf 84' lang='grc' dir='ltr'><strong>σέως</strong></span> <span class='ocrx_word' id='word_1_267' title='bbox 379 3367 408 3417; x_wconf 92' lang='lat'><strong>6</strong></span> <span class='ocrx_word' id='word_1_268' title='bbox 446 3364 580 3427; x_wconf 79' lang='grc' dir='ltr'><strong>Θεὸς</strong></span> <span class='ocrx_word' id='word_1_269' title='bbox 603 3365 1028 3435; x_wconf 85' lang='grc' dir='ltr'><strong>παρηγγυήσατο</strong></span> <span class='ocrx_word' id='word_1_270' title='bbox 1047 3367 1159 3428; x_wconf 80' lang='grc' dir='ltr'><strong>τοῖς</strong></span> <span class='ocrx_word' id='word_1_271' title='bbox 1197 3365 1464 3428; x_wconf 84' lang='grc' dir='ltr'><strong>Ἰουδαίοις</strong></span> <span class='ocrx_word' id='word_1_272' title='bbox 1505 3367 1779 3435; x_wconf 83' lang='grc' dir='ltr'><strong>μέλλουσιν</strong></span> 
     </span>
    </p>
   </div>
   <div class='ocr_carea' id='block_1_38' title="bbox 221 3445 1780 3524">
    <p class='ocr_par' dir='ltr' id='par_1_38' title="bbox 221 3445 1780 3524">
     <span class='ocr_line' id='line_1_38' title="bbox 221 3445 1780 3524; baseline 0.001 -18"><span class='ocrx_word' id='word_1_273' title='bbox 221 3455 451 3507; x_wconf 70' lang='grc' dir='ltr'><strong>ἀκοῦσαι</strong></span> <span class='ocrx_word' id='word_1_274' title='bbox 475 3453 582 3507; x_wconf 89' lang='grc' dir='ltr'><strong>τῶν</strong></span> <span class='ocrx_word' id='word_1_275' title='bbox 605 3454 662 3507; x_wconf 80' lang='grc' dir='ltr'><strong>έν</strong></span> <span class='ocrx_word' id='word_1_276' title='bbox 685 3454 764 3522; x_wconf 85' lang='grc' dir='ltr'><strong>τῷ</strong></span> <span class='ocrx_word' id='word_1_277' title='bbox 787 3445 899 3523; x_wconf 76' lang='grc' dir='ltr'><strong>ὄρει</strong></span> <span class='ocrx_word' id='word_1_278' title='bbox 922 3453 1080 3505; x_wconf 87' lang='grc' dir='ltr'><strong>θείων</strong></span> <span class='ocrx_word' id='word_1_279' title='bbox 1102 3454 1310 3520; x_wconf 83' lang='grc' dir='ltr'><strong>φωνῶν,</strong></span> <span class='ocrx_word' id='word_1_280' title='bbox 1341 3455 1637 3524; x_wconf 84' lang='grc' dir='ltr'><strong>ἀπέχεσθαι</strong></span> <span class='ocrx_word' id='word_1_281' title='bbox 1674 3456 1780 3508; x_wconf 86' lang='grc' dir='ltr'><strong>τῶν</strong></span> 
     </span>
    </p>
   </div>
   <div class='ocr_carea' id='block_1_39' title="bbox 223 3542 1778 3613">
    <p class='ocr_par' dir='ltr' id='par_1_39' title="bbox 223 3542 1778 3613">
     <span class='ocr_line' id='line_1_39' title="bbox 223 3542 1778 3613; baseline 0.001 -17"><span class='ocrx_word' id='word_1_282' title='bbox 223 3545 434 3597; x_wconf 69' lang='lat' dir='ltr'><strong>eiuin</strong></span> <span class='ocrx_word' id='word_1_283' title='bbox 463 3542 736 3613; x_wconf 77' lang='grc' dir='ltr'><strong>γαμετῶν.</strong></span> <span class='ocrx_word' id='word_1_284' title='bbox 764 3543 872 3596; x_wconf 79' lang='grc' dir='ltr'><strong>Καὶ</strong></span> <span class='ocrx_word' id='word_1_285' title='bbox 896 3545 924 3595; x_wconf 94' lang='lat'><strong>6</strong></span> <span class='ocrx_word' id='word_1_286' title='bbox 948 3543 1226 3612; x_wconf 81' lang='grc' dir='ltr'><strong>προφήτης</strong></span> <span class='ocrx_word' id='word_1_287' title='bbox 1251 3543 1422 3613; x_wconf 68' lang='grc' dir='ltr'><strong>Ἰωήλ*</strong></span> <span class='ocrx_word' id='word_1_288' title='bbox 1461 3543 1778 3613; x_wconf 78' lang='grc' dir='ltr'><strong>Ἁγιάσατε,</strong></span> 
     </span>
    </p>
   </div>
   <div class='ocr_carea' id='block_1_40' title="bbox 225 3629 1781 3702">
    <p class='ocr_par' dir='ltr' id='par_1_40' title="bbox 225 3629 1781 3702">
     <span class='ocr_line' id='line_1_40' title="bbox 225 3629 1781 3702; baseline 0.002 -18"><span class='ocrx_word' id='word_1_289' title='bbox 225 3635 375 3702; x_wconf 77' lang='grc' dir='ltr'><strong>σησὶ,</strong></span> <span class='ocrx_word' id='word_1_290' title='bbox 426 3632 734 3698; x_wconf 73' lang='grc' dir='ltr'><strong>νηστείαν,</strong></span> <span class='ocrx_word' id='word_1_291' title='bbox 791 3630 887 3683; x_wconf 72' lang='grc' dir='ltr'><strong>καὶ</strong></span> <span class='ocrx_word' id='word_1_292' title='bbox 941 3629 1225 3693; x_wconf 79' lang='grc' dir='ltr'><strong>ἐξελθέτω</strong></span> <span class='ocrx_word' id='word_1_293' title='bbox 1282 3633 1536 3698; x_wconf 70' lang='grc' dir='ltr'><strong>νυμφίος</strong></span> <span class='ocrx_word' id='word_1_294' title='bbox 1579 3633 1645 3686; x_wconf 83' lang='grc' dir='ltr'><strong>ἐκ</strong></span> <span class='ocrx_word' id='word_1_295' title='bbox 1677 3634 1781 3687; x_wconf 87' lang='grc' dir='ltr'><strong>τοῦ</strong></span> 
     </span>
    </p>
   </div>
   <div class='ocr_carea' id='block_1_41' title="bbox 226 3721 1782 3789">
    <p class='ocr_par' dir='ltr' id='par_1_41' title="bbox 226 3721 1782 3789">
     <span class='ocr_line' id='line_1_41' title="bbox 226 3721 1782 3789; baseline 0.001 -15"><span class='ocrx_word' id='word_1_296' title='bbox 226 3723 507 3787; x_wconf 77' lang='grc' dir='ltr'><strong>κοιτῶνος</strong></span> <span class='ocrx_word' id='word_1_297' title='bbox 531 3722 738 3784; x_wconf 85' lang='grc' dir='ltr'><strong>αὑτοῦ,</strong></span> <span class='ocrx_word' id='word_1_298' title='bbox 767 3722 866 3775; x_wconf 78' lang='grc' dir='ltr'><strong>καὶ</strong></span> <span class='ocrx_word' id='word_1_299' title='bbox 896 3723 1095 3789; x_wconf 71' lang='grc' dir='ltr'><strong>νύμφη</strong></span> <span class='ocrx_word' id='word_1_300' title='bbox 1147 3721 1214 3773; x_wconf 85' lang='grc' dir='ltr'><strong>ἐκ</strong></span> <span class='ocrx_word' id='word_1_301' title='bbox 1263 3721 1367 3774; x_wconf 84' lang='grc' dir='ltr'><strong>τοῦ</strong></span> <span class='ocrx_word' id='word_1_302' title='bbox 1392 3724 1623 3776; x_wconf 82' lang='grc' dir='ltr'><strong>παστοῦ</strong></span> <span class='ocrx_word' id='word_1_303' title='bbox 1678 3725 1782 3775; x_wconf 63' lang='grc' dir='ltr'><strong>οὐκ</strong></span> 
     </span>
    </p>
   </div>
   <div class='ocr_carea' id='block_1_42' title="bbox 225 3811 1781 3883">
    <p class='ocr_par' dir='ltr' id='par_1_42' title="bbox 225 3811 1781 3883">
     <span class='ocr_line' id='line_1_42' title="bbox 225 3811 1781 3883; baseline 0.001 -19"><span class='ocrx_word' id='word_1_304' title='bbox 225 3811 346 3878; x_wconf 84' lang='grc' dir='ltr'><strong>τῆς.</strong></span> <span class='ocrx_word' id='word_1_305' title='bbox 381 3812 599 3865; x_wconf 82' lang='grc' dir='ltr'><strong>Τούτων</strong></span> <span class='ocrx_word' id='word_1_306' title='bbox 645 3813 700 3864; x_wconf 85' lang='grc' dir='ltr'><strong>δὲ</strong></span> <span class='ocrx_word' id='word_1_307' title='bbox 752 3812 921 3874; x_wconf 77' lang='grc' dir='ltr'><strong>οὕτως</strong></span> <span class='ocrx_word' id='word_1_308' title='bbox 968 3813 1217 3882; x_wconf 79' lang='grc' dir='ltr'><strong>ἑχόντων,</strong></span> <span class='ocrx_word' id='word_1_309' title='bbox 1268 3813 1325 3864; x_wconf 82' lang='grc' dir='ltr'><strong>οὐ</strong></span> <span class='ocrx_word' id='word_1_310' title='bbox 1373 3812 1576 3883; x_wconf 83' lang='grc' dir='ltr'><strong>συνορῷ</strong></span> <span class='ocrx_word' id='word_1_311' title='bbox 1612 3814 1781 3876; x_wconf 86' lang='grc' dir='ltr'><strong>ποίοις</strong></span> 
     </span>
    </p>
   </div>
   <div class='ocr_carea' id='block_1_43' title="bbox 225 3901 1782 3972">
    <p class='ocr_par' dir='ltr' id='par_1_43' title="bbox 225 3901 1782 3972">
     <span class='ocr_line' id='line_1_43' title="bbox 225 3901 1782 3972; baseline -0.001 -18"><span class='ocrx_word' id='word_1_312' title='bbox 225 3902 517 3972; x_wconf 77' lang='grc' dir='ltr'><strong>ἐπιτιμίοις</strong></span> <span class='ocrx_word' id='word_1_313' title='bbox 543 3902 1110 3969; x_wconf 77' lang='grc' dir='ltr'><strong>καθυποόληθήσονται</strong></span> <span class='ocrx_word' id='word_1_314' title='bbox 1158 3903 1204 3953; x_wconf 77' lang='lat' dir='ltr'><strong>oi</strong></span> <span class='ocrx_word' id='word_1_315' title='bbox 1243 3901 1412 3954; x_wconf 89' lang='grc' dir='ltr'><strong>ταῦτα</strong></span> <span class='ocrx_word' id='word_1_316' title='bbox 1464 3903 1539 3972; x_wconf 79' lang='grc' dir='ltr'><strong>μὴ</strong></span> <span class='ocrx_word' id='word_1_317' title='bbox 1586 3901 1782 3970; x_wconf 83' lang='grc' dir='ltr'><strong>φυλάτ-</strong></span> 
     </span>
    </p>
   </div>
   <div class='ocr_carea' id='block_1_44' title="bbox 225 3989 1780 4062">
    <p class='ocr_par' dir='ltr' id='par_1_44' title="bbox 225 3989 1780 4062">
     <span class='ocr_line' id='line_1_44' title="bbox 225 3989 1780 4062; baseline -0.002 -17"><span class='ocrx_word' id='word_1_318' title='bbox 225 4010 422 4054; x_wconf 75' lang='grc' dir='ltr'><strong>τοντες.</strong></span> <span class='ocrx_word' id='word_1_319' title='bbox 454 3991 678 4062; x_wconf 77' lang='grc' dir='ltr'><strong>Νομίζω</strong></span> <span class='ocrx_word' id='word_1_320' title='bbox 718 3991 774 4044; x_wconf 83' lang='grc' dir='ltr'><strong>δὲ</strong></span> <span class='ocrx_word' id='word_1_321' title='bbox 817 3991 897 4043; x_wconf 83' lang='grc' dir='ltr'><strong>ὅτι</strong></span> <span class='ocrx_word' id='word_1_322' title='bbox 939 3990 1078 4044; x_wconf 84' lang='grc' dir='ltr'><strong>κατά</strong></span> <span class='ocrx_word' id='word_1_323' title='bbox 1118 3990 1214 4060; x_wconf 79' lang='grc' dir='ltr'><strong>τὴν</strong></span> <span class='ocrx_word' id='word_1_324' title='bbox 1256 3991 1523 4060; x_wconf 82' lang='grc' dir='ltr'><strong>διάκρισιν</strong></span> <span class='ocrx_word' id='word_1_325' title='bbox 1550 3989 1639 4043; x_wconf 83' lang='grc' dir='ltr'><strong>τοῦ</strong></span> <span class='ocrx_word' id='word_1_326' title='bbox 1685 3991 1780 4060; x_wconf 80' lang='grc' dir='ltr'><strong>τήν</strong></span> 
     </span>
    </p>
   </div>
   <div class='ocr_carea' id='block_1_45' title="bbox 228 4080 1782 4155">
    <p class='ocr_par' dir='ltr' id='par_1_45' title="bbox 228 4080 1782 4155">
     <span class='ocr_line' id='line_1_45' title="bbox 228 4080 1782 4155; baseline -0.001 -20"><span class='ocrx_word' id='word_1_327' title='bbox 228 4083 540 4155; x_wconf 80' lang='grc' dir='ltr'><strong>ὲξαγορείαν</strong></span> <span class='ocrx_word' id='word_1_328' title='bbox 564 4082 853 4152; x_wconf 84' lang='grc' dir='ltr'><strong>δεχομένου</strong></span> <span class='ocrx_word' id='word_1_329' title='bbox 878 4083 910 4151; x_wconf 87' lang='grc' dir='ltr'><strong>ή</strong></span> <span class='ocrx_word' id='word_1_330' title='bbox 936 4080 1196 4150; x_wconf 86' lang='grc' dir='ltr'><strong>θεραπεία</strong></span> <span class='ocrx_word' id='word_1_331' title='bbox 1237 4083 1521 4151; x_wconf 86' lang='grc' dir='ltr'><strong>γενήσεται</strong></span> <span class='ocrx_word' id='word_1_332' title='bbox 1547 4081 1679 4152; x_wconf 78' lang='grc' dir='ltr'><strong>πρὸς</strong></span> <span class='ocrx_word' id='word_1_333' title='bbox 1715 4081 1782 4134; x_wconf 78' lang='grc' dir='ltr'><strong>τὰ</strong></span> 
     </span>
    </p>
   </div>
   <div class='ocr_carea' id='block_1_46' title="bbox 229 4170 1779 4244">
    <p class='ocr_par' dir='ltr' id='par_1_46' title="bbox 229 4170 1779 4244">
     <span class='ocr_line' id='line_1_46' title="bbox 229 4170 1779 4244; baseline -0.001 -20"><span class='ocrx_word' id='word_1_334' title='bbox 229 4175 488 4244; x_wconf 79' lang='grc' dir='ltr'><strong>πρόσωπα</strong></span> <span class='ocrx_word' id='word_1_335' title='bbox 511 4173 603 4226; x_wconf 72' lang='grc' dir='ltr'><strong>καὶ</strong></span> <span class='ocrx_word' id='word_1_336' title='bbox 627 4173 724 4240; x_wconf 86' lang='grc' dir='ltr'><strong>τὴν</strong></span> <span class='ocrx_word' id='word_1_337' title='bbox 747 4173 985 4241; x_wconf 80' lang='grc' dir='ltr'><strong>ἀνάγκην</strong></span> <span class='ocrx_word' id='word_1_338' title='bbox 1006 4171 1100 4240; x_wconf 81' lang='grc' dir='ltr'><strong>τῆς</strong></span> <span class='ocrx_word' id='word_1_339' title='bbox 1124 4170 1352 4239; x_wconf 81' lang='grc' dir='ltr'><strong>φύσεως.</strong></span> <span class='ocrx_word' id='word_1_340' title='bbox 1372 4171 1490 4222; x_wconf 72' lang='grc' dir='ltr'><strong>Καὶ</strong></span> <span class='ocrx_word' id='word_1_341' title='bbox 1515 4170 1779 4238; x_wconf 85' lang='grc' dir='ltr'><strong>ἀνάγνωθι</strong></span> 
     </span>
    </p>
   </div>
   <div class='ocr_carea' id='block_1_47' title="bbox 227 4259 1501 4334">
    <p class='ocr_par' dir='ltr' id='par_1_47' title="bbox 227 4259 1501 4334">
     <span class='ocr_line' id='line_1_47' title="bbox 227 4259 1501 4334; baseline -0.002 -20"><span class='ocrx_word' id='word_1_342' title='bbox 227 4264 312 4315; x_wconf 77' lang='grc' dir='ltr'><strong>τὸν</strong></span> <span class='ocrx_word' id='word_1_343' title='bbox 341 4265 416 4334; x_wconf 79' lang='grc' dir='ltr'><strong>ρβ¹</strong></span> <span class='ocrx_word' id='word_1_344' title='bbox 475 4262 672 4314; x_wconf 74' lang='grc' dir='ltr'><strong>κανόνα</strong></span> <span class='ocrx_word' id='word_1_345' title='bbox 693 4261 792 4331; x_wconf 82' lang='grc' dir='ltr'><strong>τῆς</strong></span> <span class='ocrx_word' id='word_1_346' title='bbox 814 4263 870 4312; x_wconf 84' lang='grc' dir='ltr'><strong>ὲν</strong></span> <span class='ocrx_word' id='word_1_347' title='bbox 891 4259 966 4330; x_wconf 80' lang='grc' dir='ltr'><strong>τῷ</strong></span> <span class='ocrx_word' id='word_1_348' title='bbox 988 4259 1238 4329; x_wconf 83' lang='grc' dir='ltr'><strong>Τρούλλῳ</strong></span> <span class='ocrx_word' id='word_1_349' title='bbox 1271 4260 1501 4312; x_wconf 79' lang='grc' dir='ltr'><strong>συνόδου.</strong></span> 
     </span>
    </p>
   </div>
   <div class='ocr_carea' id='block_1_48' title="bbox 293 4350 1782 4421">
    <p class='ocr_par' dir='ltr' id='par_1_48' title="bbox 293 4350 1782 4421">
     <span class='ocr_line' id='line_1_48' title="bbox 293 4350 1782 4421; baseline -0.002 -17"><span class='ocrx_word' id='word_1_350' title='bbox 293 4352 534 4404; x_wconf 81' lang='grc' dir='ltr'><strong>ΖΩΝΑΡ.</strong></span> <span class='ocrx_word' id='word_1_351' title='bbox 578 4353 712 4421; x_wconf 83' lang='grc' dir='ltr'><strong>Περὶ</strong></span> <span class='ocrx_word' id='word_1_352' title='bbox 737 4350 842 4403; x_wconf 85' lang='grc' dir='ltr'><strong>τῶν</strong></span> <span class='ocrx_word' id='word_1_353' title='bbox 866 4352 922 4402; x_wconf 76' lang='grc' dir='ltr'><strong>ὲν</strong></span> <span class='ocrx_word' id='word_1_354' title='bbox 948 4351 1107 4420; x_wconf 80' lang='grc' dir='ltr'><strong>γάμῳ</strong></span> <span class='ocrx_word' id='word_1_355' title='bbox 1127 4351 1340 4420; x_wconf 87' lang='grc' dir='ltr'><strong>νομίμῳ</strong></span> <span class='ocrx_word' id='word_1_356' title='bbox 1371 4350 1621 4419; x_wconf 84' lang='grc' dir='ltr'><strong>βιούντων</strong></span> <span class='ocrx_word' id='word_1_357' title='bbox 1648 4352 1782 4420; x_wconf 76' lang='grc' dir='ltr'><strong>ὲρωο</strong></span> 
     </span>
    </p>
   </div>
   <div class='ocr_carea' id='block_1_49' title="bbox 1881 572 2407 623">
    <p class='ocr_par' dir='ltr' id='par_1_49' title="bbox 1881 572 2407 623">
     <span class='ocr_line' id='line_1_49' title="bbox 1881 572 2407 623; baseline 0 0"><span class='ocrx_word' id='word_1_358' title='bbox 1881 583 1979 623; x_wconf 82' lang='lat' dir='ltr'><strong>tem</strong></span> <span class='ocrx_word' id='word_1_359' title='bbox 2011 573 2319 623; x_wconf 75' lang='lat' dir='ltr'><strong>audiverunt</strong></span> <span class='ocrx_word' id='word_1_360' title='bbox 2370 572 2407 623; x_wconf 76' lang='grc' dir='ltr'><strong>ί.</strong></span> 
     </span>
    </p>
   </div>
   <div class='ocr_carea' id='block_1_50' title="bbox 1949 657 3439 723">
    <p class='ocr_par' dir='ltr' id='par_1_50' title="bbox 1949 657 3439 723">
     <span class='ocr_line' id='line_1_50' title="bbox 1949 657 3439 723; baseline 0 -10"><span class='ocrx_word' id='word_1_361' title='bbox 1949 661 2102 713; x_wconf 67' lang='grc' dir='ltr'><strong>ΒΑιε.</strong></span> <span class='ocrx_word' id='word_1_362' title='bbox 2144 657 2211 712; x_wconf 91' lang='lat' dir='ltr'><strong>Ut</strong></span> <span class='ocrx_word' id='word_1_363' title='bbox 2252 669 2334 712; x_wconf 89' lang='lat' dir='ltr'><strong>est</strong></span> <span class='ocrx_word' id='word_1_364' title='bbox 2369 658 2683 723; x_wconf 84' lang='lat' dir='ltr'><strong>verisimile,</strong></span> <span class='ocrx_word' id='word_1_365' title='bbox 2719 658 2894 715; x_wconf 81' lang='lat' dir='ltr'><strong>fuerat</strong></span> <span class='ocrx_word' id='word_1_366' title='bbox 2942 673 3162 717; x_wconf 82' lang='lat' dir='ltr'><strong>sanctus</strong></span> <span class='ocrx_word' id='word_1_367' title='bbox 3211 664 3439 716; x_wconf 69' lang='lat' dir='ltr'><strong>interru-</strong></span> 
     </span>
    </p>
   </div>
   <div class='ocr_carea' id='block_1_51' title="bbox 1877 750 3433 820">
    <p class='ocr_par' dir='ltr' id='par_1_51' title="bbox 1877 750 3433 820">
     <span class='ocr_line' id='line_1_51' title="bbox 1877 750 3433 820; baseline 0.004 -18"><span class='ocrx_word' id='word_1_368' title='bbox 1877 760 2065 815; x_wconf 72' lang='lat' dir='ltr'><strong>gatus,</strong></span> <span class='ocrx_word' id='word_1_369' title='bbox 2112 766 2179 804; x_wconf 90' lang='lat' dir='ltr'><strong>an</strong></span> <span class='ocrx_word' id='word_1_370' title='bbox 2230 750 2499 814; x_wconf 89' lang='lat' dir='ltr'><strong>admittat,</strong></span> <span class='ocrx_word' id='word_1_371' title='bbox 2557 751 2818 819; x_wconf 77' lang='lat' dir='ltr'><strong>conjuges</strong></span> <span class='ocrx_word' id='word_1_372' title='bbox 2868 752 2960 820; x_wconf 85' lang='lat' dir='ltr'><strong>qui</strong></span> <span class='ocrx_word' id='word_1_373' title='bbox 3016 755 3433 817; x_wconf 70' lang='lat' dir='ltr'><strong>consenui-runt,</strong></span> 
     </span>
    </p>
   </div>
   <div class='ocr_carea' id='block_1_52' title="bbox 1878 841 3438 911">
    <p class='ocr_par' dir='ltr' id='par_1_52' title="bbox 1878 841 3438 911">
     <span class='ocr_line' id='line_1_52' title="bbox 1878 841 3438 911; baseline 0.004 -19"><span class='ocrx_word' id='word_1_374' title='bbox 1878 847 1986 908; x_wconf 70' lang='lat' dir='ltr'><strong>quo</strong></span> <span class='ocrx_word' id='word_1_375' title='bbox 2027 849 2266 909; x_wconf 85' lang='lat' dir='ltr'><strong>tempore</strong></span> <span class='ocrx_word' id='word_1_376' title='bbox 2306 841 2502 895; x_wconf 85' lang='lat' dir='ltr'><strong>debent</strong></span> <span class='ocrx_word' id='word_1_377' title='bbox 2550 855 2728 906; x_wconf 88' lang='lat' dir='ltr'><strong>orare,</strong></span> <span class='ocrx_word' id='word_1_378' title='bbox 2779 857 2810 895; x_wconf 91' lang='lat' dir='ltr'><strong>a</strong></span> <span class='ocrx_word' id='word_1_379' title='bbox 2847 843 3224 911; x_wconf 80' lang='lat' dir='ltr'><strong>conjunctione</strong></span> <span class='ocrx_word' id='word_1_380' title='bbox 3270 846 3438 900; x_wconf 59' lang='lat' dir='ltr'><strong>abstio</strong></span> 
     </span>
    </p>
   </div>
   <div class='ocr_carea' id='block_1_53' title="bbox 1876 931 3438 1000">
    <p class='ocr_par' dir='ltr' id='par_1_53' title="bbox 1876 931 3438 1000">
     <span class='ocr_line' id='line_1_53' title="bbox 1876 931 3438 1000; baseline 0.005 -19"><span class='ocrx_word' id='word_1_381' title='bbox 1876 944 2047 983; x_wconf 80' lang='lat' dir='ltr'><strong>nere;</strong></span> <span class='ocrx_word' id='word_1_382' title='bbox 2087 939 2142 984; x_wconf 90' lang='lat' dir='ltr'><strong>et</strong></span> <span class='ocrx_word' id='word_1_383' title='bbox 2180 931 2330 995; x_wconf 89' lang='lat' dir='ltr'><strong>dicit,</strong></span> <span class='ocrx_word' id='word_1_384' title='bbox 2375 931 2522 1000; x_wconf 90' lang='lat' dir='ltr'><strong>quod</strong></span> <span class='ocrx_word' id='word_1_385' title='bbox 2565 947 2658 1000; x_wconf 82' lang='lat' dir='ltr'><strong>qui</strong></span> <span class='ocrx_word' id='word_1_386' title='bbox 2707 932 2839 986; x_wconf 80' lang='lat' dir='ltr'><strong>tales</strong></span> <span class='ocrx_word' id='word_1_387' title='bbox 2887 943 3031 999; x_wconf 89' lang='lat' dir='ltr'><strong>sunt,</strong></span> <span class='ocrx_word' id='word_1_388' title='bbox 3076 934 3270 987; x_wconf 84' lang='lat' dir='ltr'><strong>debent</strong></span> <span class='ocrx_word' id='word_1_389' title='bbox 3318 950 3438 989; x_wconf 88' lang='lat' dir='ltr'><strong>esse</strong></span> 
     </span>
    </p>
   </div>
   <div class='ocr_carea' id='block_1_54' title="bbox 1877 1019 3438 1095">
    <p class='ocr_par' dir='ltr' id='par_1_54' title="bbox 1877 1019 3438 1095">
     <span class='ocr_line' id='line_1_54' title="bbox 1877 1019 3438 1095; baseline 0.006 -24"><span class='ocrx_word' id='word_1_390' title='bbox 1877 1020 1960 1072; x_wconf 90' lang='lat' dir='ltr'><strong>sui</strong></span> <span class='ocrx_word' id='word_1_391' title='bbox 1984 1019 2224 1088; x_wconf 85' lang='lat' dir='ltr'><strong>judices,</strong></span> <span class='ocrx_word' id='word_1_392' title='bbox 2253 1029 2306 1074; x_wconf 90' lang='lat' dir='ltr'><strong>et</strong></span> <span class='ocrx_word' id='word_1_393' title='bbox 2331 1021 2680 1095; x_wconf 40' lang='lat' dir='ltr'><strong>aliquando‘a</strong></span> <span class='ocrx_word' id='word_1_394' title='bbox 2709 1036 2768 1076; x_wconf 90' lang='lat' dir='ltr'><strong>se</strong></span> <span class='ocrx_word' id='word_1_395' title='bbox 2797 1022 3024 1076; x_wconf 79' lang='lat' dir='ltr'><strong>invicem</strong></span> <span class='ocrx_word' id='word_1_396' title='bbox 3050 1040 3115 1078; x_wconf 78' lang='lat' dir='ltr'><strong>ex</strong></span> <span class='ocrx_word' id='word_1_397' title='bbox 3142 1041 3438 1092; x_wconf 84' lang='lat' dir='ltr'><strong>consensu,</strong></span> 
     </span>
    </p>
   </div>
   <div class='ocr_carea' id='block_1_55' title="bbox 1878 1112 3438 1187">
    <p class='ocr_par' dir='ltr' id='par_1_55' title="bbox 1878 1112 3438 1187">
     <span class='ocr_line' id='line_1_55' title="bbox 1878 1112 3438 1187; baseline 0.004 -23"><span class='ocrx_word' id='word_1_398' title='bbox 1878 1125 1973 1164; x_wconf 90' lang='lat' dir='ltr'><strong>seu</strong></span> <span class='ocrx_word' id='word_1_399' title='bbox 2015 1125 2080 1164; x_wconf 82' lang='lat' dir='ltr'><strong>ex</strong></span> <span class='ocrx_word' id='word_1_400' title='bbox 2130 1113 2404 1164; x_wconf 87' lang='lat' dir='ltr'><strong>communi</strong></span> <span class='ocrx_word' id='word_1_401' title='bbox 2447 1112 2742 1176; x_wconf 83' lang='lat' dir='ltr'><strong>voluntate,</strong></span> <span class='ocrx_word' id='word_1_402' title='bbox 2778 1113 3090 1182; x_wconf 77' lang='lat' dir='ltr'><strong>abstinere;</strong></span> <span class='ocrx_word' id='word_1_403' title='bbox 3131 1117 3203 1170; x_wconf 90' lang='lat' dir='ltr'><strong>ita</strong></span> <span class='ocrx_word' id='word_1_404' title='bbox 3240 1128 3297 1170; x_wconf 91' lang='lat' dir='ltr'><strong>ut</strong></span> <span class='ocrx_word' id='word_1_405' title='bbox 3327 1131 3438 1187; x_wconf 87' lang='lat' dir='ltr'><strong>quo</strong></span> 
     </span>
    </p>
   </div>
   <div class='ocr_carea' id='block_1_56' title="bbox 1880 1205 3435 1267">
    <p class='ocr_par' dir='ltr' id='par_1_56' title="bbox 1880 1205 3435 1267">
     <span class='ocr_line' id='line_1_56' title="bbox 1880 1205 3435 1267; baseline 0.006 -15"><span class='ocrx_word' id='word_1_406' title='bbox 1880 1207 2120 1267; x_wconf 88' lang='lat' dir='ltr'><strong>tempore</strong></span> <span class='ocrx_word' id='word_1_407' title='bbox 2164 1215 2338 1254; x_wconf 87' lang='lat' dir='ltr'><strong>orare-</strong></span> <span class='ocrx_word' id='word_1_408' title='bbox 2373 1209 2700 1263; x_wconf 81' lang='lat' dir='ltr'><strong>statuerunt,</strong></span> <span class='ocrx_word' id='word_1_409' title='bbox 2748 1218 2869 1256; x_wconf 90' lang='lat' dir='ltr'><strong>cum</strong></span> <span class='ocrx_word' id='word_1_410' title='bbox 2908 1205 3054 1258; x_wconf 92' lang='lat' dir='ltr'><strong>omni</strong></span> <span class='ocrx_word' id='word_1_411' title='bbox 3102 1210 3435 1262; x_wconf 80' lang='lat' dir='ltr'><strong>continentia</strong></span> 
     </span>
    </p>
   </div>
   <div class='ocr_carea' id='block_1_57' title="bbox 1877 1293 3436 1353">
    <p class='ocr_par' dir='ltr' id='par_1_57' title="bbox 1877 1293 3436 1353">
     <span class='ocr_line' id='line_1_57' title="bbox 1877 1293 3436 1353; baseline 0.008 -14"><span class='ocrx_word' id='word_1_412' title='bbox 1877 1298 2157 1342; x_wconf 86' lang='lat' dir='ltr'><strong>versentur</strong></span> <span class='ocrx_word' id='word_1_413' title='bbox 2185 1332 2198 1353; x_wconf 84' lang='lat'><strong>,</strong></span> <span class='ocrx_word' id='word_1_414' title='bbox 2261 1300 2312 1343; x_wconf 86' lang='lat' dir='ltr'><strong>ct</strong></span> <span class='ocrx_word' id='word_1_415' title='bbox 2359 1307 2550 1346; x_wconf 89' lang='lat' dir='ltr'><strong>rursus</strong></span> <span class='ocrx_word' id='word_1_416' title='bbox 2596 1293 2756 1345; x_wconf 82' lang='lat' dir='ltr'><strong>simul</strong></span> <span class='ocrx_word' id='word_1_417' title='bbox 2805 1295 3148 1347; x_wconf 74' lang='lat' dir='ltr'><strong>conveniant.</strong></span> <span class='ocrx_word' id='word_1_418' title='bbox 3203 1296 3336 1350; x_wconf 84' lang='lat' dir='ltr'><strong>Nam</strong></span> <span class='ocrx_word' id='word_1_419' title='bbox 3383 1306 3436 1352; x_wconf 90' lang='lat' dir='ltr'><strong>et</strong></span> 
     </span>
    </p>
   </div>
   <div class='ocr_carea' id='block_1_58' title="bbox 1879 1380 3434 1453">
    <p class='ocr_par' dir='ltr' id='par_1_58' title="bbox 1879 1380 3434 1453">
     <span class='ocr_line' id='line_1_58' title="bbox 1879 1380 3434 1453; baseline 0.005 -20"><span class='ocrx_word' id='word_1_420' title='bbox 1879 1395 2107 1450; x_wconf 81' lang='lat' dir='ltr'><strong>magnus</strong></span> <span class='ocrx_word' id='word_1_421' title='bbox 2141 1380 2342 1435; x_wconf 88' lang='lat' dir='ltr'><strong>Paulus</strong></span> <span class='ocrx_word' id='word_1_422' title='bbox 2376 1382 2478 1436; x_wconf 89' lang='lat' dir='ltr'><strong>hoc</strong></span> <span class='ocrx_word' id='word_1_423' title='bbox 2514 1382 2720 1435; x_wconf 83' lang='lat' dir='ltr'><strong>statuit.</strong></span> <span class='ocrx_word' id='word_1_424' title='bbox 2752 1381 2816 1435; x_wconf 89' lang='lat' dir='ltr'><strong>Et</strong></span> <span class='ocrx_word' id='word_1_425' title='bbox 2851 1399 3020 1438; x_wconf 83' lang='lat' dir='ltr'><strong>canon</strong></span> <span class='ocrx_word' id='word_1_426' title='bbox 3051 1387 3266 1453; x_wconf 86' lang='lat' dir='ltr'><strong>quidem</strong></span> <span class='ocrx_word' id='word_1_427' title='bbox 3304 1388 3434 1441; x_wconf 91' lang='lat' dir='ltr'><strong>dicit</strong></span> 
     </span>
    </p>
   </div>
   <div class='ocr_carea' id='block_1_59' title="bbox 1878 1469 3436 1536">
    <p class='ocr_par' dir='ltr' id='par_1_59' title="bbox 1878 1469 3436 1536">
     <span class='ocr_line' id='line_1_59' title="bbox 1878 1469 3436 1536; baseline 0.006 -15"><span class='ocrx_word' id='word_1_428' title='bbox 1878 1469 1945 1522; x_wconf 88' lang='lat' dir='ltr'><strong>de</strong></span> <span class='ocrx_word' id='word_1_429' title='bbox 1982 1469 2049 1521; x_wconf 88' lang='lat' dir='ltr'><strong>iis</strong></span> <span class='ocrx_word' id='word_1_430' title='bbox 2076 1469 2167 1536; x_wconf 85' lang='lat' dir='ltr'><strong>qui</strong></span> <span class='ocrx_word' id='word_1_431' title='bbox 2214 1471 2595 1524; x_wconf 67' lang='lat' dir='ltr'><strong>consenuerint</strong></span> <span class='ocrx_word' id='word_1_432' title='bbox 2631 1487 2643 1521; x_wconf 87' lang='lat'><strong>:</strong></span> <span class='ocrx_word' id='word_1_433' title='bbox 2688 1483 2770 1525; x_wconf 89' lang='lat' dir='ltr'><strong>est</strong></span> <span class='ocrx_word' id='word_1_434' title='bbox 2811 1483 2990 1525; x_wconf 84' lang='lat' dir='ltr'><strong>autem</strong></span> <span class='ocrx_word' id='word_1_435' title='bbox 3030 1474 3191 1530; x_wconf 88' lang='lat' dir='ltr'><strong>etiam</strong></span> <span class='ocrx_word' id='word_1_436' title='bbox 3239 1477 3436 1531; x_wconf 80' lang='lat' dir='ltr'><strong>intelli-</strong></span> 
     </span>
    </p>
   </div>
   <div class='ocr_carea' id='block_1_60' title="bbox 1883 1558 3436 1631">
    <p class='ocr_par' dir='ltr' id='par_1_60' title="bbox 1883 1558 3436 1631">
     <span class='ocr_line' id='line_1_60' title="bbox 1883 1558 3436 1631; baseline 0.008 -21"><span class='ocrx_word' id='word_1_437' title='bbox 1883 1559 2088 1626; x_wconf 80' lang='lat' dir='ltr'><strong>gendus</strong></span> <span class='ocrx_word' id='word_1_438' title='bbox 2113 1558 2178 1612; x_wconf 86' lang='lat' dir='ltr'><strong>de</strong></span> <span class='ocrx_word' id='word_1_439' title='bbox 2209 1561 2460 1614; x_wconf 86' lang='lat' dir='ltr'><strong>omnibus</strong></span> <span class='ocrx_word' id='word_1_440' title='bbox 2507 1561 2850 1631; x_wconf 79' lang='lat' dir='ltr'><strong>conjugibus.</strong></span> <span class='ocrx_word' id='word_1_441' title='bbox 2883 1562 3045 1618; x_wconf 78' lang='lat' dir='ltr'><strong>Recte</strong></span> <span class='ocrx_word' id='word_1_442' title='bbox 3087 1577 3268 1621; x_wconf 88' lang='lat' dir='ltr'><strong>autem</strong></span> <span class='ocrx_word' id='word_1_443' title='bbox 3299 1569 3436 1623; x_wconf 79' lang='lat' dir='ltr'><strong>dixit</strong></span> 
     </span>
    </p>
   </div>
   <div class='ocr_carea' id='block_1_61' title="bbox 1879 1647 3433 1720">
    <p class='ocr_par' dir='ltr' id='par_1_61' title="bbox 1879 1647 3433 1720">
     <span class='ocr_line' id='line_1_61' title="bbox 1879 1647 3433 1720; baseline 0.008 -20"><span class='ocrx_word' id='word_1_444' title='bbox 1879 1647 2039 1710; x_wconf 86' lang='lat' dir='ltr'><strong>illud,</strong></span> <span class='ocrx_word' id='word_1_445' title='bbox 2082 1664 2146 1701; x_wconf 73' lang='lat' dir='ltr'><strong>ex</strong></span> <span class='ocrx_word' id='word_1_446' title='bbox 2175 1665 2423 1704; x_wconf 80' lang='lat' dir='ltr'><strong>consensu</strong></span> <span class='ocrx_word' id='word_1_447' title='bbox 2460 1667 2476 1704; x_wconf 93' lang='lat'><strong><em>:</em></strong></span> <span class='ocrx_word' id='word_1_448' title='bbox 2517 1650 2696 1720; x_wconf 82' lang='lat' dir='ltr'><strong>Neque</strong></span> <span class='ocrx_word' id='word_1_449' title='bbox 2716 1654 2852 1704; x_wconf 79' lang='lat' dir='ltr'><strong>enim</strong></span> <span class='ocrx_word' id='word_1_450' title='bbox 2893 1655 2970 1706; x_wconf 75' lang='lat' dir='ltr'><strong>uir</strong></span> <span class='ocrx_word' id='word_1_451' title='bbox 3001 1657 3151 1710; x_wconf 76' lang='lat' dir='ltr'><strong>habet</strong></span> <span class='ocrx_word' id='word_1_452' title='bbox 3197 1661 3279 1711; x_wconf 76' lang='lat' dir='ltr'><strong>sui</strong></span> <span class='ocrx_word' id='word_1_453' title='bbox 3317 1676 3433 1712; x_wconf 81' lang='lat' dir='ltr'><strong>cor-</strong></span> 
     </span>
    </p>
   </div>
   <div class='ocr_carea' id='block_1_62' title="bbox 1882 1740 3431 1818">
    <p class='ocr_par' dir='ltr' id='par_1_62' title="bbox 1882 1740 3431 1818">
     <span class='ocr_line' id='line_1_62' title="bbox 1882 1740 3431 1818; baseline 0.01 -29"><span class='ocrx_word' id='word_1_454' title='bbox 1882 1740 2023 1804; x_wconf 80' lang='lat' dir='ltr'><strong>poris</strong></span> <span class='ocrx_word' id='word_1_455' title='bbox 2048 1748 2353 1806; x_wconf 70' lang='lat' dir='ltr'><strong>poteuatem</strong></span> <span class='ocrx_word' id='word_1_456' title='bbox 2376 1783 2390 1805; x_wconf 89' lang='lat'><strong>,</strong></span> <span class='ocrx_word' id='word_1_457' title='bbox 2427 1757 2515 1792; x_wconf 84' lang='lat' dir='ltr'><strong>nec</strong></span> <span class='ocrx_word' id='word_1_458' title='bbox 2544 1743 2728 1794; x_wconf 76' lang='lat' dir='ltr'><strong>uudier</strong></span> <span class='ocrx_word' id='word_1_459' title='bbox 2768 1741 2816 1807; x_wconf 84' lang='lat'><strong>&#39;,</strong></span> <span class='ocrx_word' id='word_1_460' title='bbox 2845 1747 3140 1799; x_wconf 88' lang='lat' dir='ltr'><strong>secundum</strong></span> <span class='ocrx_word' id='word_1_461' title='bbox 3178 1763 3431 1818; x_wconf 77' lang='lat' dir='ltr'><strong>magnum</strong></span> 
     </span>
    </p>
   </div>
   <div class='ocr_carea' id='block_1_63' title="bbox 1880 1829 3432 1911">
    <p class='ocr_par' dir='ltr' id='par_1_63' title="bbox 1880 1829 3432 1911">
     <span class='ocr_line' id='line_1_63' title="bbox 1880 1829 3432 1911; baseline 0.008 -30"><span class='ocrx_word' id='word_1_462' title='bbox 1880 1831 2215 1911; x_wconf 61' lang='lat' dir='ltr'><strong>Apostolqm.</strong></span> <span class='ocrx_word' id='word_1_463' title='bbox 2259 1829 2543 1899; x_wconf 83' lang='lat' dir='ltr'><strong>Propterea</strong></span> <span class='ocrx_word' id='word_1_464' title='bbox 2578 1847 2706 1900; x_wconf 79' lang='lat' dir='ltr'><strong>ergo</strong></span> <span class='ocrx_word' id='word_1_465' title='bbox 2737 1847 2830 1887; x_wconf 89' lang='lat' dir='ltr'><strong>eos</strong></span> <span class='ocrx_word' id='word_1_466' title='bbox 2859 1846 3068 1902; x_wconf 87' lang='lat' dir='ltr'><strong>oportet</strong></span> <span class='ocrx_word' id='word_1_467' title='bbox 3110 1839 3246 1890; x_wconf 89' lang='lat' dir='ltr'><strong>inter</strong></span> <span class='ocrx_word' id='word_1_468' title='bbox 3277 1855 3335 1894; x_wconf 89' lang='lat' dir='ltr'><strong>sc</strong></span> <span class='ocrx_word' id='word_1_469' title='bbox 3365 1840 3432 1894; x_wconf 90' lang='lat' dir='ltr'><strong>de</strong></span> 
     </span>
    </p>
   </div>
   <div class='ocr_carea' id='block_1_64' title="bbox 1877 1920 3436 1998">
    <p class='ocr_par' dir='ltr' id='par_1_64' title="bbox 1877 1920 3436 1998">
     <span class='ocr_line' id='line_1_64' title="bbox 1877 1920 3436 1998; baseline 0.008 -27"><span class='ocrx_word' id='word_1_470' title='bbox 1877 1920 2203 1972; x_wconf 84' lang='lat' dir='ltr'><strong>continendo</strong></span> <span class='ocrx_word' id='word_1_471' title='bbox 2244 1922 2577 1985; x_wconf 82' lang='lat' dir='ltr'><strong>consentire,</strong></span> <span class='ocrx_word' id='word_1_472' title='bbox 2619 1931 2676 1974; x_wconf 92' lang='lat' dir='ltr'><strong>ut</strong></span> <span class='ocrx_word' id='word_1_473' title='bbox 2712 1932 2900 1977; x_wconf 87' lang='lat' dir='ltr'><strong>vacent</strong></span> <span class='ocrx_word' id='word_1_474' title='bbox 2947 1926 3176 1979; x_wconf 88' lang='lat' dir='ltr'><strong>orationi</strong></span> <span class='ocrx_word' id='word_1_475' title='bbox 3211 1939 3262 1981; x_wconf 89' lang='lat' dir='ltr'><strong>et</strong></span> <span class='ocrx_word' id='word_1_476' title='bbox 3293 1928 3436 1998; x_wconf 85' lang='lat' dir='ltr'><strong>jeju-</strong></span> 
     </span>
    </p>
   </div>
   <div class='ocr_carea' id='block_1_65' title="bbox 1877 2005 3435 2084">
    <p class='ocr_par' dir='ltr' id='par_1_65' title="bbox 1877 2005 3435 2084">
     <span class='ocr_line' id='line_1_65' title="bbox 1877 2005 3435 2084; baseline 0.008 -25"><span class='ocrx_word' id='word_1_477' title='bbox 1877 2006 1988 2059; x_wconf 89' lang='lat' dir='ltr'><strong>nio.</strong></span> <span class='ocrx_word' id='word_1_478' title='bbox 2043 2005 2156 2061; x_wconf 85' lang='lat' dir='ltr'><strong>Nisi</strong></span> <span class='ocrx_word' id='word_1_479' title='bbox 2201 2008 2342 2060; x_wconf 85' lang='lat' dir='ltr'><strong>enim</strong></span> <span class='ocrx_word' id='word_1_480' title='bbox 2387 2023 2450 2060; x_wconf 80' lang='lat' dir='ltr'><strong>ex</strong></span> <span class='ocrx_word' id='word_1_481' title='bbox 2495 2023 2758 2064; x_wconf 85' lang='lat' dir='ltr'><strong>consensu</strong></span> <span class='ocrx_word' id='word_1_482' title='bbox 2797 2011 3130 2076; x_wconf 82' lang='lat' dir='ltr'><strong>abstineant,</strong></span> <span class='ocrx_word' id='word_1_483' title='bbox 3161 2030 3284 2084; x_wconf 90' lang='lat' dir='ltr'><strong>pars</strong></span> <span class='ocrx_word' id='word_1_484' title='bbox 3311 2032 3435 2082; x_wconf 74' lang='lat' dir='ltr'><strong>quae</strong></span> 
     </span>
    </p>
   </div>
   <div class='ocr_carea' id='block_1_66' title="bbox 1878 2096 3428 2167">
    <p class='ocr_par' dir='ltr' id='par_1_66' title="bbox 1878 2096 3428 2167">
     <span class='ocr_line' id='line_1_66' title="bbox 1878 2096 3428 2167; baseline 0.008 -19"><span class='ocrx_word' id='word_1_485' title='bbox 1878 2110 1982 2148; x_wconf 89' lang='lat' dir='ltr'><strong>non</strong></span> <span class='ocrx_word' id='word_1_486' title='bbox 2019 2097 2136 2148; x_wconf 84' lang='lat' dir='ltr'><strong>vult</strong></span> <span class='ocrx_word' id='word_1_487' title='bbox 2186 2096 2408 2148; x_wconf 91' lang='lat' dir='ltr'><strong>omnino</strong></span> <span class='ocrx_word' id='word_1_488' title='bbox 2455 2099 2927 2167; x_wconf 87' lang='lat' dir='ltr'><strong>conjunctiouem,</strong></span> <span class='ocrx_word' id='word_1_489' title='bbox 2977 2102 3270 2159; x_wconf 78' lang='lat' dir='ltr'><strong>frustratur</strong></span> <span class='ocrx_word' id='word_1_490' title='bbox 3310 2121 3428 2160; x_wconf 81' lang='lat' dir='ltr'><strong>eam</strong></span> 
     </span>
    </p>
   </div>
   <div class='ocr_carea' id='block_1_67' title="bbox 1877 2186 3432 2264">
    <p class='ocr_par' dir='ltr' id='par_1_67' title="bbox 1877 2186 3432 2264">
     <span class='ocr_line' id='line_1_67' title="bbox 1877 2186 3432 2264; baseline 0.008 -27"><span class='ocrx_word' id='word_1_491' title='bbox 1877 2200 1996 2254; x_wconf 79' lang='lat' dir='ltr'><strong>qua:</strong></span> <span class='ocrx_word' id='word_1_492' title='bbox 2026 2186 2257 2253; x_wconf 74' lang='lat' dir='ltr'><strong>postulat</strong></span> <span class='ocrx_word' id='word_1_493' title='bbox 2288 2204 2300 2238; x_wconf 93' lang='lat'>:</span> <span class='ocrx_word' id='word_1_494' title='bbox 2331 2194 2382 2238; x_wconf 90' lang='lat' dir='ltr'><strong>et</strong></span> <span class='ocrx_word' id='word_1_495' title='bbox 2414 2189 2686 2255; x_wconf 79' lang='lat' dir='ltr'><strong>quomodo</strong></span> <span class='ocrx_word' id='word_1_496' title='bbox 2719 2205 2780 2244; x_wconf 87' lang='lat' dir='ltr'><strong>ea</strong></span> <span class='ocrx_word' id='word_1_497' title='bbox 2812 2207 2933 2260; x_wconf 73' lang='lat' dir='ltr'><strong>pars</strong></span> <span class='ocrx_word' id='word_1_498' title='bbox 2960 2209 3078 2262; x_wconf 64' lang='lat' dir='ltr'><strong>qum</strong></span> <span class='ocrx_word' id='word_1_499' title='bbox 3102 2196 3432 2264; x_wconf 76' lang='lat' dir='ltr'><strong>conjunctio-</strong></span> 
     </span>
    </p>
   </div>
   <div class='ocr_carea' id='block_1_68' title="bbox 1877 2276 3432 2355">
    <p class='ocr_par' dir='ltr' id='par_1_68' title="bbox 1877 2276 3432 2355">
     <span class='ocr_line' id='line_1_68' title="bbox 1877 2276 3432 2355; baseline 0.01 -29"><span class='ocrx_word' id='word_1_500' title='bbox 1877 2289 1998 2327; x_wconf 89' lang='lat' dir='ltr'><strong>nem</strong></span> <span class='ocrx_word' id='word_1_501' title='bbox 2033 2276 2223 2343; x_wconf 62' lang='lat' dir='ltr'><strong>quierit</strong></span> <span class='ocrx_word' id='word_1_502' title='bbox 2262 2287 2446 2328; x_wconf 88' lang='lat' dir='ltr'><strong>etnon</strong></span> <span class='ocrx_word' id='word_1_503' title='bbox 2479 2279 2818 2344; x_wconf 88' lang='lat' dir='ltr'><strong>permittitur,</strong></span> <span class='ocrx_word' id='word_1_504' title='bbox 2860 2282 2976 2348; x_wconf 86' lang='lat' dir='ltr'><strong>ejus</strong></span> <span class='ocrx_word' id='word_1_505' title='bbox 3017 2300 3135 2351; x_wconf 73' lang='lat' dir='ltr'><strong>qua:</strong></span> <span class='ocrx_word' id='word_1_506' title='bbox 3174 2299 3279 2339; x_wconf 80' lang='lat' dir='ltr'><strong>non</strong></span> <span class='ocrx_word' id='word_1_507' title='bbox 3310 2301 3432 2355; x_wconf 87' lang='lat' dir='ltr'><strong>per-</strong></span> 
     </span>
    </p>
   </div>
   <div class='ocr_carea' id='block_1_69' title="bbox 1878 2363 3428 2430">
    <p class='ocr_par' dir='ltr' id='par_1_69' title="bbox 1878 2363 3428 2430">
     <span class='ocr_line' id='line_1_69' title="bbox 1878 2363 3428 2430; baseline 0.008 -15"><span class='ocrx_word' id='word_1_508' title='bbox 1878 2363 2038 2416; x_wconf 77' lang='lat' dir='ltr'><strong>mittit</strong></span> <span class='ocrx_word' id='word_1_509' title='bbox 2083 2371 2397 2430; x_wconf 84' lang='lat' dir='ltr'><strong>potestatem</strong></span> <span class='ocrx_word' id='word_1_510' title='bbox 2433 2365 2631 2419; x_wconf 75' lang='lat' dir='ltr'><strong>habere</strong></span> <span class='ocrx_word' id='word_1_511' title='bbox 2674 2369 2953 2422; x_wconf 82' lang='lat' dir='ltr'><strong>videatur?</strong></span> <span class='ocrx_word' id='word_1_512' title='bbox 2994 2370 3200 2425; x_wconf 86' lang='lat' dir='ltr'><strong>Accidit</strong></span> <span class='ocrx_word' id='word_1_513' title='bbox 3249 2381 3428 2428; x_wconf 79' lang='lat' dir='ltr'><strong>autem</strong></span> 
     </span>
    </p>
   </div>
   <div class='ocr_carea' id='block_1_70' title="bbox 1877 2452 3428 2527">
    <p class='ocr_par' dir='ltr' id='par_1_70' title="bbox 1877 2452 3428 2527">
     <span class='ocr_line' id='line_1_70' title="bbox 1877 2452 3428 2527; baseline 0.009 -22"><span class='ocrx_word' id='word_1_514' title='bbox 1877 2460 1937 2505; x_wconf 88' lang='lat' dir='ltr'><strong>ut</strong></span> <span class='ocrx_word' id='word_1_515' title='bbox 1961 2452 2121 2504; x_wconf 89' lang='lat' dir='ltr'><strong>etiam</strong></span> <span class='ocrx_word' id='word_1_516' title='bbox 2162 2453 2383 2506; x_wconf 87' lang='lat' dir='ltr'><strong>alterius</strong></span> <span class='ocrx_word' id='word_1_517' title='bbox 2427 2456 2755 2506; x_wconf 83' lang='lat' dir='ltr'><strong>continentia</strong></span> <span class='ocrx_word' id='word_1_518' title='bbox 2794 2457 3014 2510; x_wconf 88' lang='lat' dir='ltr'><strong>alterius</strong></span> <span class='ocrx_word' id='word_1_519' title='bbox 3039 2463 3205 2527; x_wconf 87' lang='lat' dir='ltr'><strong>partis</strong></span> <span class='ocrx_word' id='word_1_520' title='bbox 3231 2463 3428 2518; x_wconf 78' lang='lat' dir='ltr'><strong>damno</strong></span> 
     </span>
    </p>
   </div>
   <div class='ocr_carea' id='block_1_71' title="bbox 1877 2539 3428 2614">
    <p class='ocr_par' dir='ltr' id='par_1_71' title="bbox 1877 2539 3428 2614">
     <span class='ocr_line' id='line_1_71' title="bbox 1877 2539 3428 2614; baseline 0.01 -20"><span class='ocrx_word' id='word_1_521' title='bbox 1877 2542 2049 2594; x_wconf 82' lang='lat' dir='ltr'><strong>cedat.</strong></span> <span class='ocrx_word' id='word_1_522' title='bbox 2103 2539 2158 2594; x_wconf 88' lang='lat' dir='ltr'><strong>Si</strong></span> <span class='ocrx_word' id='word_1_523' title='bbox 2207 2546 2350 2595; x_wconf 85' lang='lat' dir='ltr'><strong>enim</strong></span> <span class='ocrx_word' id='word_1_524' title='bbox 2407 2559 2436 2596; x_wconf 89' lang='lat' dir='ltr'><strong>a</strong></span> <span class='ocrx_word' id='word_1_525' title='bbox 2485 2545 2778 2613; x_wconf 82' lang='lat' dir='ltr'><strong>cupiditate</strong></span> <span class='ocrx_word' id='word_1_526' title='bbox 2825 2547 3074 2614; x_wconf 79' lang='lat' dir='ltr'><strong>vincitur,</strong></span> <span class='ocrx_word' id='word_1_527' title='bbox 3131 2560 3182 2606; x_wconf 85' lang='lat' dir='ltr'><strong>et</strong></span> <span class='ocrx_word' id='word_1_528' title='bbox 3229 2570 3335 2607; x_wconf 87' lang='lat' dir='ltr'><strong>non</strong></span> <span class='ocrx_word' id='word_1_529' title='bbox 3372 2557 3428 2611; x_wconf 79' lang='lat' dir='ltr'><strong>lit</strong></span> 
     </span>
    </p>
   </div>
   <div class='ocr_carea' id='block_1_72' title="bbox 1875 2631 3430 2703">
    <p class='ocr_par' dir='ltr' id='par_1_72' title="bbox 1875 2631 3430 2703">
     <span class='ocr_line' id='line_1_72' title="bbox 1875 2631 3430 2703; baseline 0.012 -21"><span class='ocrx_word' id='word_1_530' title='bbox 1875 2631 1923 2683; x_wconf 84' lang='lat' dir='ltr'><strong>ei</strong></span> <span class='ocrx_word' id='word_1_531' title='bbox 1972 2642 2226 2699; x_wconf 77' lang='lat' dir='ltr'><strong>potestas,</strong></span> <span class='ocrx_word' id='word_1_532' title='bbox 2279 2633 2330 2685; x_wconf 93' lang='lat' dir='ltr'><strong>in</strong></span> <span class='ocrx_word' id='word_1_533' title='bbox 2378 2636 2578 2686; x_wconf 86' lang='lat' dir='ltr'><strong>coitum</strong></span> <span class='ocrx_word' id='word_1_534' title='bbox 2631 2635 2963 2703; x_wconf 78' lang='lat' dir='ltr'><strong>illegitimqu</strong></span> <span class='ocrx_word' id='word_1_535' title='bbox 3026 2640 3245 2696; x_wconf 83' lang='lat' dir='ltr'><strong>incidet.</strong></span> <span class='ocrx_word' id='word_1_536' title='bbox 3291 2643 3430 2700; x_wconf 86' lang='lat' dir='ltr'><strong>Dicit</strong></span> 
     </span>
    </p>
   </div>
   <div class='ocr_carea' id='block_1_73' title="bbox 1876 2723 3427 2800">
    <p class='ocr_par' dir='ltr' id='par_1_73' title="bbox 1876 2723 3427 2800">
     <span class='ocr_line' id='line_1_73' title="bbox 1876 2723 3427 2800; baseline 0.012 -28"><span class='ocrx_word' id='word_1_537' title='bbox 1876 2731 2054 2774; x_wconf 87' lang='lat' dir='ltr'><strong>autem</strong></span> <span class='ocrx_word' id='word_1_538' title='bbox 2108 2723 2371 2789; x_wconf 87' lang='lat' dir='ltr'><strong>quispiam</strong></span> <span class='ocrx_word' id='word_1_539' title='bbox 2423 2742 2434 2776; x_wconf 92' lang='lat'>:</span> <span class='ocrx_word' id='word_1_540' title='bbox 2487 2723 2621 2776; x_wconf 80' lang='lat' dir='ltr'><strong>Cum</strong></span> <span class='ocrx_word' id='word_1_541' title='bbox 2665 2740 2839 2778; x_wconf 85' lang='lat' dir='ltr'><strong>canon</strong></span> <span class='ocrx_word' id='word_1_542' title='bbox 2901 2727 3042 2800; x_wconf 76' lang='lat' dir='ltr'><strong>dicat</strong></span> <span class='ocrx_word' id='word_1_543' title='bbox 3098 2734 3427 2797; x_wconf 79' lang='lat' dir='ltr'><strong>separandos</strong></span> 
     </span>
    </p>
   </div>
   <div class='ocr_carea' id='block_1_74' title="bbox 1876 2811 3426 2879">
    <p class='ocr_par' dir='ltr' id='par_1_74' title="bbox 1876 2811 3426 2879">
     <span class='ocr_line' id='line_1_74' title="bbox 1876 2811 3426 2879; baseline 0.01 -19"><span class='ocrx_word' id='word_1_544' title='bbox 1876 2821 1994 2862; x_wconf 88' lang='lat' dir='ltr'><strong>esse</strong></span> <span class='ocrx_word' id='word_1_545' title='bbox 2041 2811 2298 2878; x_wconf 79' lang='lat' dir='ltr'><strong>conjuges</strong></span> <span class='ocrx_word' id='word_1_546' title='bbox 2353 2822 2412 2865; x_wconf 91' lang='lat' dir='ltr'><strong>ut</strong></span> <span class='ocrx_word' id='word_1_547' title='bbox 2468 2813 2696 2865; x_wconf 83' lang='lat' dir='ltr'><strong>orationi</strong></span> <span class='ocrx_word' id='word_1_548' title='bbox 2749 2824 2959 2879; x_wconf 80' lang='lat' dir='ltr'><strong>vacent,</strong></span> <span class='ocrx_word' id='word_1_549' title='bbox 3010 2817 3196 2870; x_wconf 78' lang='lat' dir='ltr'><strong>deﬁnit</strong></span> <span class='ocrx_word' id='word_1_550' title='bbox 3248 2829 3426 2877; x_wconf 87' lang='lat' dir='ltr'><strong>autem</strong></span> 
     </span>
    </p>
   </div>
   <div class='ocr_carea' id='block_1_75' title="bbox 1876 2898 3426 2967">
    <p class='ocr_par' dir='ltr' id='par_1_75' title="bbox 1876 2898 3426 2967">
     <span class='ocr_line' id='line_1_75' title="bbox 1876 2898 3426 2967; baseline 0.01 -18"><span class='ocrx_word' id='word_1_551' title='bbox 1876 2898 2165 2966; x_wconf 79' lang='lat' dir='ltr'><strong>Apostolus</strong></span> <span class='ocrx_word' id='word_1_552' title='bbox 2216 2915 2313 2954; x_wconf 91' lang='lat' dir='ltr'><strong>nos</strong></span> <span class='ocrx_word' id='word_1_553' title='bbox 2350 2902 2544 2967; x_wconf 86' lang='lat' dir='ltr'><strong>debere</strong></span> <span class='ocrx_word' id='word_1_554' title='bbox 2584 2904 2700 2956; x_wconf 83' lang='lat' dir='ltr'><strong>sine</strong></span> <span class='ocrx_word' id='word_1_555' title='bbox 2732 2903 3136 2961; x_wconf 81' lang='lat' dir='ltr'><strong>intermissione</strong></span> <span class='ocrx_word' id='word_1_556' title='bbox 3173 2923 3331 2963; x_wconf 87' lang='lat' dir='ltr'><strong>orare</strong></span> <span class='ocrx_word' id='word_1_557' title='bbox 3362 2918 3382 2949; x_wconf 83' lang='grc'><strong><em>³</em></strong></span> <span class='ocrx_word' id='word_1_558' title='bbox 3413 2924 3426 2965; x_wconf 88' lang='lat'><strong>:</strong></span> 
     </span>
    </p>
   </div>
   <div class='ocr_carea' id='block_1_76' title="bbox 1878 2994 3428 3061">
    <p class='ocr_par' dir='ltr' id='par_1_76' title="bbox 1878 2994 3428 3061">
     <span class='ocr_line' id='line_1_76' title="bbox 1878 2994 3428 3061; baseline 0.006 -18"><span class='ocrx_word' id='word_1_559' title='bbox 1878 3004 2157 3060; x_wconf 64' lang='lat' dir='ltr'><strong>Semperne</strong></span> <span class='ocrx_word' id='word_1_560' title='bbox 2221 3001 2430 3058; x_wconf 77' lang='lat' dir='ltr'><strong>Oportet</strong></span> <span class='ocrx_word' id='word_1_561' title='bbox 2456 3007 2550 3046; x_wconf 86' lang='lat' dir='ltr'><strong>eos</strong></span> <span class='ocrx_word' id='word_1_562' title='bbox 2575 2995 2667 3061; x_wconf 92' lang='lat' dir='ltr'><strong>qui</strong></span> <span class='ocrx_word' id='word_1_563' title='bbox 2697 2994 3025 3060; x_wconf 86' lang='lat' dir='ltr'><strong>cohabitant,</strong></span> <span class='ocrx_word' id='word_1_564' title='bbox 3060 3012 3087 3050; x_wconf 92' lang='lat' dir='ltr'><strong>a</strong></span> <span class='ocrx_word' id='word_1_565' title='bbox 3118 3014 3175 3052; x_wconf 89' lang='lat' dir='ltr'><strong>se</strong></span> <span class='ocrx_word' id='word_1_566' title='bbox 3201 2998 3428 3052; x_wconf 79' lang='lat' dir='ltr'><strong>invicem</strong></span> 
     </span>
    </p>
   </div>
   <div class='ocr_carea' id='block_1_77' title="bbox 1877 3078 3426 3156">
    <p class='ocr_par' dir='ltr' id='par_1_77' title="bbox 1877 3078 3426 3156">
     <span class='ocr_line' id='line_1_77' title="bbox 1877 3078 3426 3156; baseline 0.01 -27"><span class='ocrx_word' id='word_1_567' title='bbox 1877 3078 2186 3132; x_wconf 82' lang='lat' dir='ltr'><strong>abstinere?</strong></span> <span class='ocrx_word' id='word_1_568' title='bbox 2222 3082 2312 3132; x_wconf 89' lang='lat' dir='ltr'><strong>sed</strong></span> <span class='ocrx_word' id='word_1_569' title='bbox 2355 3096 2458 3133; x_wconf 92' lang='lat' dir='ltr'><strong>non</strong></span> <span class='ocrx_word' id='word_1_570' title='bbox 2491 3082 2555 3135; x_wconf 91' lang='lat' dir='ltr'><strong>dc</strong></span> <span class='ocrx_word' id='word_1_571' title='bbox 2582 3084 2773 3150; x_wconf 89' lang='lat' dir='ltr'><strong>quavis</strong></span> <span class='ocrx_word' id='word_1_572' title='bbox 2815 3087 3057 3140; x_wconf 88' lang='lat' dir='ltr'><strong>oratione</strong></span> <span class='ocrx_word' id='word_1_573' title='bbox 3100 3088 3293 3156; x_wconf 77' lang='lat' dir='ltr'><strong>agitur,</strong></span> <span class='ocrx_word' id='word_1_574' title='bbox 3337 3091 3426 3144; x_wconf 78' lang='lat' dir='ltr'><strong>sed</strong></span> 
     </span>
    </p>
   </div>
   <div class='ocr_carea' id='block_1_78' title="bbox 1879 3167 3427 3244">
    <p class='ocr_par' dir='ltr' id='par_1_78' title="bbox 1879 3167 3427 3244">
     <span class='ocr_line' id='line_1_78' title="bbox 1879 3167 3427 3244; baseline 0.009 -26"><span class='ocrx_word' id='word_1_575' title='bbox 1879 3167 1944 3219; x_wconf 85' lang='lat' dir='ltr'><strong>de</strong></span> <span class='ocrx_word' id='word_1_576' title='bbox 1989 3170 2400 3235; x_wconf 81' lang='lat' dir='ltr'><strong>praestantiore,</strong></span> <span class='ocrx_word' id='word_1_577' title='bbox 2450 3182 2758 3225; x_wconf 86' lang='lat' dir='ltr'><strong>sanctorum</strong></span> <span class='ocrx_word' id='word_1_578' title='bbox 2818 3174 3026 3227; x_wconf 76' lang='lat' dir='ltr'><strong>scilicet</strong></span> <span class='ocrx_word' id='word_1_579' title='bbox 3074 3175 3427 3244; x_wconf 81' lang='lat' dir='ltr'><strong>jejuniorum.</strong></span> 
     </span>
    </p>
   </div>
   <div class='ocr_carea' id='block_1_79' title="bbox 1879 3256 3426 3328">
    <p class='ocr_par' dir='ltr' id='par_1_79' title="bbox 1879 3256 3426 3328">
     <span class='ocr_line' id='line_1_79' title="bbox 1879 3256 3426 3328; baseline 0.009 -19"><span class='ocrx_word' id='word_1_580' title='bbox 1879 3256 2010 3309; x_wconf 77' lang='lat' dir='ltr'><strong>Nam</strong></span> <span class='ocrx_word' id='word_1_581' title='bbox 2042 3267 2095 3311; x_wconf 91' lang='lat' dir='ltr'><strong>ct</strong></span> <span class='ocrx_word' id='word_1_582' title='bbox 2126 3273 2218 3326; x_wconf 84' lang='lat' dir='ltr'><strong>per</strong></span> <span class='ocrx_word' id='word_1_583' title='bbox 2244 3257 2480 3328; x_wconf 73' lang='lat' dir='ltr'><strong>Moysem</strong></span> <span class='ocrx_word' id='word_1_584' title='bbox 2516 3259 2657 3315; x_wconf 85' lang='lat' dir='ltr'><strong>Deus</strong></span> <span class='ocrx_word' id='word_1_585' title='bbox 2687 3260 2887 3317; x_wconf 58' lang='lat' dir='ltr'><strong>ludatis</strong></span> <span class='ocrx_word' id='word_1_586' title='bbox 2909 3264 3120 3319; x_wconf 89' lang='lat' dir='ltr'><strong>divinas</strong></span> <span class='ocrx_word' id='word_1_587' title='bbox 3161 3280 3321 3322; x_wconf 89' lang='lat' dir='ltr'><strong>voces</strong></span> <span class='ocrx_word' id='word_1_588' title='bbox 3371 3269 3426 3321; x_wconf 88' lang='lat' dir='ltr'><strong>in</strong></span> 
     </span>
    </p>
   </div>
   <div class='ocr_carea' id='block_1_80' title="bbox 1880 3350 3428 3425">
    <p class='ocr_par' dir='ltr' id='par_1_80' title="bbox 1880 3350 3428 3425">
     <span class='ocr_line' id='line_1_80' title="bbox 1880 3350 3428 3425; baseline 0.011 -26"><span class='ocrx_word' id='word_1_589' title='bbox 1880 3357 2061 3402; x_wconf 79' lang='lat' dir='ltr'><strong>monte</strong></span> <span class='ocrx_word' id='word_1_590' title='bbox 2117 3350 2384 3405; x_wconf 83' lang='lat' dir='ltr'><strong>audituris</strong></span> <span class='ocrx_word' id='word_1_591' title='bbox 2431 3353 2684 3420; x_wconf 74' lang='lat' dir='ltr'><strong>prmccpit</strong></span> <span class='ocrx_word' id='word_1_592' title='bbox 2727 3363 2784 3406; x_wconf 91' lang='lat' dir='ltr'><strong>ut</strong></span> <span class='ocrx_word' id='word_1_593' title='bbox 2833 3358 3137 3425; x_wconf 69' lang='lat' dir='ltr'><strong>a‘propriis</strong></span> <span class='ocrx_word' id='word_1_594' title='bbox 3168 3360 3428 3416; x_wconf 84' lang='lat' dir='ltr'><strong>uxoribus</strong></span> 
     </span>
    </p>
   </div>
   <div class='ocr_carea' id='block_1_81' title="bbox 1881 3439 3424 3516">
    <p class='ocr_par' dir='ltr' id='par_1_81' title="bbox 1881 3439 3424 3516">
     <span class='ocr_line' id='line_1_81' title="bbox 1881 3439 3424 3516; baseline 0.007 -23"><span class='ocrx_word' id='word_1_595' title='bbox 1881 3440 2211 3493; x_wconf 80' lang='lat' dir='ltr'><strong>abstinerent</strong></span> <span class='ocrx_word' id='word_1_596' title='bbox 2263 3441 2308 3492; x_wconf 67' lang='grc'><strong>⁸.</strong></span> <span class='ocrx_word' id='word_1_597' title='bbox 2353 3439 2418 3494; x_wconf 83' lang='lat' dir='ltr'><strong>Et</strong></span> <span class='ocrx_word' id='word_1_598' title='bbox 2449 3444 2707 3511; x_wconf 85' lang='lat' dir='ltr'><strong>propheta</strong></span> <span class='ocrx_word' id='word_1_599' title='bbox 2743 3443 2860 3499; x_wconf 83' lang='lat' dir='ltr'><strong>JOeI</strong></span> <span class='ocrx_word' id='word_1_600' title='bbox 2891 3465 2903 3499; x_wconf 90' lang='lat'><strong>:</strong></span> <span class='ocrx_word' id='word_1_601' title='bbox 2937 3445 3296 3516; x_wconf 77' lang='lat' dir='ltr'><strong>Sanctiﬁcate,</strong></span> <span class='ocrx_word' id='word_1_602' title='bbox 3341 3453 3424 3504; x_wconf 89' lang='lat' dir='ltr'><strong>iu-</strong></span> 
     </span>
    </p>
   </div>
   <div class='ocr_carea' id='block_1_82' title="bbox 1880 3531 3430 3616">
    <p class='ocr_par' dir='ltr' id='par_1_82' title="bbox 1880 3531 3430 3616">
     <span class='ocr_line' id='line_1_82' title="bbox 1880 3531 3430 3616; baseline 0.008 -34"><span class='ocrx_word' id='word_1_603' title='bbox 1880 3533 2026 3599; x_wconf 88' lang='lat' dir='ltr'><strong>quit,</strong></span> <span class='ocrx_word' id='word_1_604' title='bbox 2060 3531 2345 3599; x_wconf 73' lang='lat' dir='ltr'><strong>jejunium,</strong></span> <span class='ocrx_word' id='word_1_605' title='bbox 2380 3541 2427 3584; x_wconf 87' lang='lat' dir='ltr'><strong>et</strong></span> <span class='ocrx_word' id='word_1_606' title='bbox 2467 3543 2614 3587; x_wconf 75' lang='lat' dir='ltr'><strong>exeat</strong></span> <span class='ocrx_word' id='word_1_607' title='bbox 2653 3552 2871 3603; x_wconf 75' lang='lat' dir='ltr'><strong>sponsus</strong></span> <span class='ocrx_word' id='word_1_608' title='bbox 2907 3553 2972 3590; x_wconf 77' lang='lat' dir='ltr'><strong>ea:</strong></span> <span class='ocrx_word' id='word_1_609' title='bbox 3014 3540 3337 3616; x_wconf 39' lang='lat' dir='ltr'><strong>cubiliguo,</strong></span> <span class='ocrx_word' id='word_1_610' title='bbox 3376 3551 3430 3594; x_wconf 76' lang='lat' dir='ltr'><strong>et</strong></span> 
     </span>
    </p>
   </div>
   <div class='ocr_carea' id='block_1_83' title="bbox 1882 3625 3430 3691">
    <p class='ocr_par' dir='ltr' id='par_1_83' title="bbox 1882 3625 3430 3691">
     <span class='ocr_line' id='line_1_83' title="bbox 1882 3625 3430 3691; baseline 0.008 -16"><span class='ocrx_word' id='word_1_611' title='bbox 1882 3639 2069 3691; x_wconf 77' lang='lat' dir='ltr'><strong>sponsa</strong></span> <span class='ocrx_word' id='word_1_612' title='bbox 2103 3639 2167 3676; x_wconf 71' lang='lat' dir='ltr'><strong>ea;</strong></span> <span class='ocrx_word' id='word_1_613' title='bbox 2199 3639 2291 3676; x_wconf 78' lang='lat' dir='ltr'><strong>suo</strong></span> <span class='ocrx_word' id='word_1_614' title='bbox 2327 3625 2556 3677; x_wconf 79' lang='lat' dir='ltr'><strong>thalamo</strong></span> <span class='ocrx_word' id='word_1_615' title='bbox 2609 3629 2653 3680; x_wconf 84' lang='lat'><strong>&#39;.</strong></span> <span class='ocrx_word' id='word_1_616' title='bbox 2702 3625 2838 3680; x_wconf 87' lang='lat' dir='ltr'><strong>Cum</strong></span> <span class='ocrx_word' id='word_1_617' title='bbox 2884 3629 2996 3682; x_wconf 69' lang='lat' dir='ltr'><strong>btec</strong></span> <span class='ocrx_word' id='word_1_618' title='bbox 3039 3640 3216 3684; x_wconf 81' lang='lat' dir='ltr'><strong>autem</strong></span> <span class='ocrx_word' id='word_1_619' title='bbox 3259 3633 3330 3686; x_wconf 82' lang='lat' dir='ltr'><strong>ita</strong></span> <span class='ocrx_word' id='word_1_620' title='bbox 3371 3647 3430 3688; x_wconf 74' lang='lat' dir='ltr'><strong>se</strong></span> 
     </span>
    </p>
   </div>
   <div class='ocr_carea' id='block_1_84' title="bbox 1883 3714 3430 3791">
    <p class='ocr_par' dir='ltr' id='par_1_84' title="bbox 1883 3714 3430 3791">
     <span class='ocr_line' id='line_1_84' title="bbox 1883 3714 3430 3791; baseline 0.006 -24"><span class='ocrx_word' id='word_1_621' title='bbox 1883 3715 2133 3776; x_wconf 82' lang='lat' dir='ltr'><strong>habeant,</strong></span> <span class='ocrx_word' id='word_1_622' title='bbox 2164 3730 2270 3768; x_wconf 91' lang='lat' dir='ltr'><strong>nou</strong></span> <span class='ocrx_word' id='word_1_623' title='bbox 2313 3714 2472 3768; x_wconf 86' lang='lat' dir='ltr'><strong>video</strong></span> <span class='ocrx_word' id='word_1_624' title='bbox 2503 3716 2825 3779; x_wconf 77' lang='lat' dir='ltr'><strong>quibusnam</strong></span> <span class='ocrx_word' id='word_1_625' title='bbox 2861 3720 3032 3785; x_wconf 74' lang='lat' dir='ltr'><strong>ptenis</strong></span> <span class='ocrx_word' id='word_1_626' title='bbox 3075 3721 3430 3791; x_wconf 83' lang='lat' dir='ltr'><strong>subjicieutur</strong></span> 
     </span>
    </p>
   </div>
   <div class='ocr_carea' id='block_1_85' title="bbox 1881 3801 3430 3878">
    <p class='ocr_par' dir='ltr' id='par_1_85' title="bbox 1881 3801 3430 3878">
     <span class='ocr_line' id='line_1_85' title="bbox 1881 3801 3430 3878; baseline 0.007 -26"><span class='ocrx_word' id='word_1_627' title='bbox 1881 3803 1974 3869; x_wconf 89' lang='lat' dir='ltr'><strong>qui</strong></span> <span class='ocrx_word' id='word_1_628' title='bbox 2025 3801 2135 3854; x_wconf 75' lang='lat' dir='ltr'><strong>hmc</strong></span> <span class='ocrx_word' id='word_1_629' title='bbox 2183 3816 2289 3853; x_wconf 91' lang='lat' dir='ltr'><strong>non</strong></span> <span class='ocrx_word' id='word_1_630' title='bbox 2344 3811 2580 3855; x_wconf 84' lang='lat' dir='ltr'><strong>servant.</strong></span> <span class='ocrx_word' id='word_1_631' title='bbox 2639 3804 2901 3858; x_wconf 78' lang='lat' dir='ltr'><strong>Existimo</strong></span> <span class='ocrx_word' id='word_1_632' title='bbox 2936 3817 3112 3859; x_wconf 84' lang='lat' dir='ltr'><strong>autem</strong></span> <span class='ocrx_word' id='word_1_633' title='bbox 3158 3810 3297 3876; x_wconf 89' lang='lat' dir='ltr'><strong>quod</strong></span> <span class='ocrx_word' id='word_1_634' title='bbox 3334 3824 3430 3878; x_wconf 88' lang='lat' dir='ltr'><strong>pro</strong></span> 
     </span>
    </p>
   </div>
   <div class='ocr_carea' id='block_1_86' title="bbox 1879 3891 3428 3961">
    <p class='ocr_par' dir='ltr' id='par_1_86' title="bbox 1879 3891 3428 3961">
     <span class='ocr_line' id='line_1_86' title="bbox 1879 3891 3428 3961; baseline 0.005 -18"><span class='ocrx_word' id='word_1_635' title='bbox 1879 3892 2084 3961; x_wconf 87' lang='lat' dir='ltr'><strong>judicio</strong></span> <span class='ocrx_word' id='word_1_636' title='bbox 2118 3892 2235 3958; x_wconf 85' lang='lat' dir='ltr'><strong>ejus</strong></span> <span class='ocrx_word' id='word_1_637' title='bbox 2264 3892 2353 3959; x_wconf 91' lang='lat' dir='ltr'><strong>qui</strong></span> <span class='ocrx_word' id='word_1_638' title='bbox 2398 3893 2546 3946; x_wconf 85' lang='lat' dir='ltr'><strong>audit</strong></span> <span class='ocrx_word' id='word_1_639' title='bbox 2583 3891 3000 3960; x_wconf 79' lang='lat' dir='ltr'><strong>confessi-ouem,</strong></span> <span class='ocrx_word' id='word_1_640' title='bbox 3030 3898 3296 3950; x_wconf 82' lang='lat' dir='ltr'><strong>medicina</strong></span> <span class='ocrx_word' id='word_1_641' title='bbox 3336 3899 3428 3950; x_wconf 86' lang='lat' dir='ltr'><strong>ad-</strong></span> 
     </span>
    </p>
   </div>
   <div class='ocr_carea' id='block_1_87' title="bbox 1883 3981 3432 4057">
    <p class='ocr_par' dir='ltr' id='par_1_87' title="bbox 1883 3981 3432 4057">
     <span class='ocr_line' id='line_1_87' title="bbox 1883 3981 3432 4057; baseline 0.005 -24"><span class='ocrx_word' id='word_1_642' title='bbox 1883 3981 2094 4034; x_wconf 82' lang='lat' dir='ltr'><strong>hibetur</strong></span> <span class='ocrx_word' id='word_1_643' title='bbox 2127 3982 2393 4050; x_wconf 88' lang='lat' dir='ltr'><strong>personis.</strong></span> <span class='ocrx_word' id='word_1_644' title='bbox 2441 3989 2494 4035; x_wconf 90' lang='lat' dir='ltr'><strong>ct</strong></span> <span class='ocrx_word' id='word_1_645' title='bbox 2542 3985 2845 4037; x_wconf 85' lang='lat' dir='ltr'><strong>necessitati</strong></span> <span class='ocrx_word' id='word_1_646' title='bbox 2894 3997 3117 4039; x_wconf 47' lang='lat' dir='ltr'><strong>naturai.</strong></span> <span class='ocrx_word' id='word_1_647' title='bbox 3172 3987 3307 4057; x_wconf 71' lang='lat' dir='ltr'><strong>Lege</strong></span> <span class='ocrx_word' id='word_1_648' title='bbox 3335 3988 3432 4040; x_wconf 70' lang='grc'><strong>102</strong></span> 
     </span>
    </p>
   </div>
   <div class='ocr_carea' id='block_1_88' title="bbox 1882 4069 2461 4140">
    <p class='ocr_par' dir='ltr' id='par_1_88' title="bbox 1882 4069 2461 4140">
     <span class='ocr_line' id='line_1_88' title="bbox 1882 4069 2461 4140; baseline 0.005 -18"><span class='ocrx_word' id='word_1_649' title='bbox 1882 4086 2003 4125; x_wconf 82' lang='lat' dir='ltr'><strong>can.</strong></span> <span class='ocrx_word' id='word_1_650' title='bbox 2029 4086 2144 4140; x_wconf 82' lang='lat' dir='ltr'><strong>syn.</strong></span> <span class='ocrx_word' id='word_1_651' title='bbox 2179 4071 2230 4122; x_wconf 91' lang='lat' dir='ltr'><strong>in</strong></span> <span class='ocrx_word' id='word_1_652' title='bbox 2259 4069 2461 4125; x_wconf 81' lang='lat' dir='ltr'><strong>Trullo.</strong></span> 
     </span>
    </p>
   </div>
   <div class='ocr_carea' id='block_1_89' title="bbox 1955 4339 3432 4410">
    <p class='ocr_par' dir='ltr' id='par_1_89' title="bbox 1955 4339 3432 4410">
     <span class='ocr_line' id='line_1_89' title="bbox 1955 4339 3432 4410; baseline 0.003 -19"><span class='ocrx_word' id='word_1_653' title='bbox 1955 4339 2148 4394; x_wconf 76' lang='lat' dir='ltr'><strong>lorum.</strong></span> <span class='ocrx_word' id='word_1_654' title='bbox 2192 4340 2262 4393; x_wconf 90' lang='lat' dir='ltr'><strong>De</strong></span> <span class='ocrx_word' id='word_1_655' title='bbox 2306 4340 2372 4394; x_wconf 86' lang='lat' dir='ltr'><strong>iis</strong></span> <span class='ocrx_word' id='word_1_656' title='bbox 2409 4343 2505 4410; x_wconf 88' lang='lat' dir='ltr'><strong>qui</strong></span> <span class='ocrx_word' id='word_1_657' title='bbox 2546 4342 2782 4410; x_wconf 79' lang='lat' dir='ltr'><strong>legitimo</strong></span> <span class='ocrx_word' id='word_1_658' title='bbox 2821 4342 2958 4396; x_wconf 89' lang='lat' dir='ltr'><strong>inter</strong></span> <span class='ocrx_word' id='word_1_659' title='bbox 2993 4358 3051 4397; x_wconf 89' lang='lat' dir='ltr'><strong>se</strong></span> <span class='ocrx_word' id='word_1_660' title='bbox 3089 4343 3432 4396; x_wconf 83' lang='lat' dir='ltr'><strong>matrimonio</strong></span> 
     </span>
    </p>
   </div>
   <div class='ocr_carea' id='block_1_90' title="bbox 230 4416 1780 4514">
    <p class='ocr_par' dir='ltr' id='par_1_90' title="bbox 230 4416 1775 4514">
     <span class='ocr_line' id='line_1_90' title="bbox 230 4416 1775 4514; baseline -0.003 -19"><span class='ocrx_word' id='word_1_661' title='bbox 230 4442 404 4514; x_wconf 72' lang='grc' dir='ltr'><strong>τηθεὶς</strong></span> <span class='ocrx_word' id='word_1_662' title='bbox 435 4444 487 4494; x_wconf 85' lang='grc' dir='ltr'><strong>εί</strong></span> <span class='ocrx_word' id='word_1_663' title='bbox 519 4443 622 4512; x_wconf 72' lang='grc' dir='ltr'><strong>χρὴ</strong></span> <span class='ocrx_word' id='word_1_664' title='bbox 653 4416 1234 4512; x_wconf 70' lang='grc' dir='ltr'><strong>ἀπέχεσθαιάλλήλων,</strong></span> <span class='ocrx_word' id='word_1_665' title='bbox 1257 4416 1466 4510; x_wconf 23' lang='grc' dir='ltr'><strong>*ἔερηνσεν</strong></span> <span class='ocrx_word' id='word_1_666' title='bbox 1516 4440 1590 4503; x_wconf 83' lang='grc' dir='ltr'><strong>ὡς</strong></span> <span class='ocrx_word' id='word_1_667' title='bbox 1632 4416 1775 4508; x_wconf 39' lang='lat'><strong>63-95(-</strong></span> 
     </span>
    </p>
   </div>
   <div class='ocr_carea' id='block_1_91' title="bbox 1878 4416 3432 4514">
    <p class='ocr_par' dir='ltr' id='par_1_91' title="bbox 1886 4430 3432 4500">
     <span class='ocr_line' id='line_1_91' title="bbox 1886 4430 3432 4500; baseline 0.003 -18"><span class='ocrx_word' id='word_1_668' title='bbox 1886 4430 2119 4497; x_wconf 87' lang='lat' dir='ltr'><strong>copulati</strong></span> <span class='ocrx_word' id='word_1_669' title='bbox 2152 4439 2296 4493; x_wconf 86' lang='lat' dir='ltr'><strong>sunt,</strong></span> <span class='ocrx_word' id='word_1_670' title='bbox 2341 4439 2562 4500; x_wconf 81' lang='lat' dir='ltr'><strong>rogatus</strong></span> <span class='ocrx_word' id='word_1_671' title='bbox 2601 4447 2730 4485; x_wconf 91' lang='lat' dir='ltr'><strong>num</strong></span> <span class='ocrx_word' id='word_1_672' title='bbox 2774 4433 3043 4486; x_wconf 87' lang='lat' dir='ltr'><strong>abstinere</strong></span> <span class='ocrx_word' id='word_1_673' title='bbox 3082 4433 3306 4485; x_wconf 89' lang='lat' dir='ltr'><strong>invicem</strong></span> <span class='ocrx_word' id='word_1_674' title='bbox 3338 4433 3432 4486; x_wconf 86' lang='lat' dir='ltr'><strong>de-</strong></span> 
     </span>
    </p>
   </div>
   <div class='ocr_carea' id='block_1_92' title="bbox 230 4518 1780 4600">
    <p class='ocr_par' dir='ltr' id='par_1_92' title="bbox 230 4527 1778 4600">
     <span class='ocr_line' id='line_1_92' title="bbox 230 4527 1778 4600; baseline -0.001 -17"><span class='ocrx_word' id='word_1_675' title='bbox 230 4531 400 4586; x_wconf 77' lang='grc' dir='ltr'><strong>λουσιν</strong></span> <span class='ocrx_word' id='word_1_676' title='bbox 450 4534 500 4584; x_wconf 83' lang='lat' dir='ltr'><strong>ot</strong></span> <span class='ocrx_word' id='word_1_677' title='bbox 551 4533 778 4586; x_wconf 85' lang='grc' dir='ltr'><strong>τοιοῦτοι</strong></span> <span class='ocrx_word' id='word_1_678' title='bbox 820 4532 970 4584; x_wconf 76' lang='grc' dir='ltr'><strong>αὐτοὶ</strong></span> <span class='ocrx_word' id='word_1_679' title='bbox 1017 4531 1218 4584; x_wconf 79' lang='grc' dir='ltr'><strong>ἑαυτῶν</strong></span> <span class='ocrx_word' id='word_1_680' title='bbox 1272 4527 1406 4584; x_wconf 77' lang='grc' dir='ltr'><strong>εἶναι</strong></span> <span class='ocrx_word' id='word_1_681' title='bbox 1439 4533 1639 4600; x_wconf 74' lang='grc' dir='ltr'><strong>κριταὶ,</strong></span> <span class='ocrx_word' id='word_1_682' title='bbox 1688 4531 1778 4583; x_wconf 85' lang='grc' dir='ltr'><strong>καί</strong></span> 
     </span>
    </p>
   </div>
   <div class='ocr_carea' id='block_1_93' title="bbox 1878 4518 3431 4600">
    <p class='ocr_par' dir='ltr' id='par_1_93' title="bbox 1885 4518 3431 4588">
     <span class='ocr_line' id='line_1_93' title="bbox 1885 4518 3431 4588; baseline 0 -17"><span class='ocrx_word' id='word_1_683' title='bbox 1885 4518 2064 4580; x_wconf 86' lang='lat' dir='ltr'><strong>beant,</strong></span> <span class='ocrx_word' id='word_1_684' title='bbox 2083 4519 2641 4587; x_wconf 88' lang='lat' dir='ltr'><strong>rcspondit,oportere</strong></span> <span class='ocrx_word' id='word_1_685' title='bbox 2660 4520 2923 4588; x_wconf 83' lang='lat' dir='ltr'><strong>ipsosmet</strong></span> <span class='ocrx_word' id='word_1_686' title='bbox 2951 4521 3036 4574; x_wconf 89' lang='lat' dir='ltr'><strong>sui</strong></span> <span class='ocrx_word' id='word_1_687' title='bbox 3061 4535 3178 4575; x_wconf 77' lang='lat' dir='ltr'><strong>esse</strong></span> <span class='ocrx_word' id='word_1_688' title='bbox 3201 4521 3431 4588; x_wconf 72' lang='lat' dir='ltr'><strong>judices,</strong></span> 
     </span>
    </p>
   </div>
   <div class='ocr_carea' id='block_1_94' title="bbox 233 4609 1780 4688">
    <p class='ocr_par' dir='ltr' id='par_1_94' title="bbox 233 4617 1775 4688">
     <span class='ocr_line' id='line_1_94' title="bbox 233 4617 1775 4688; baseline -0.003 -16"><span class='ocrx_word' id='word_1_689' title='bbox 233 4637 352 4672; x_wconf 69' lang='grc' dir='ltr'><strong>ποτε</strong></span> <span class='ocrx_word' id='word_1_690' title='bbox 403 4619 647 4688; x_wconf 87' lang='grc' dir='ltr'><strong>ἀλλήλων</strong></span> <span class='ocrx_word' id='word_1_691' title='bbox 692 4618 985 4687; x_wconf 85' lang='grc' dir='ltr'><strong>ἀπέχεσθαι</strong></span> <span class='ocrx_word' id='word_1_692' title='bbox 1039 4621 1104 4670; x_wconf 81' lang='grc' dir='ltr'><strong>ὲκ</strong></span> <span class='ocrx_word' id='word_1_693' title='bbox 1153 4617 1460 4686; x_wconf 81' lang='grc' dir='ltr'><strong>συμφώνου,</strong></span> <span class='ocrx_word' id='word_1_694' title='bbox 1499 4617 1662 4687; x_wconf 79' lang='grc' dir='ltr'><strong>ήγουν</strong></span> <span class='ocrx_word' id='word_1_695' title='bbox 1716 4619 1775 4668; x_wconf 80' lang='grc' dir='ltr'><strong>ἐκ</strong></span> 
     </span>
    </p>
   </div>
   <div class='ocr_carea' id='block_1_95' title="bbox 1878 4609 3434 4688">
    <p class='ocr_par' dir='ltr' id='par_1_95' title="bbox 1883 4609 3434 4675">
     <span class='ocr_line' id='line_1_95' title="bbox 1883 4609 3434 4675; baseline 0.003 -14"><span class='ocrx_word' id='word_1_696' title='bbox 1883 4617 1936 4661; x_wconf 90' lang='lat' dir='ltr'><strong>ct</strong></span> <span class='ocrx_word' id='word_1_697' title='bbox 1973 4609 2264 4675; x_wconf 85' lang='lat' dir='ltr'><strong>aliquando</strong></span> <span class='ocrx_word' id='word_1_698' title='bbox 2305 4610 2575 4663; x_wconf 87' lang='lat' dir='ltr'><strong>abstinere</strong></span> <span class='ocrx_word' id='word_1_699' title='bbox 2615 4610 2878 4672; x_wconf 87' lang='lat' dir='ltr'><strong>invicem,</strong></span> <span class='ocrx_word' id='word_1_700' title='bbox 2917 4627 2980 4663; x_wconf 81' lang='lat' dir='ltr'><strong>ex</strong></span> <span class='ocrx_word' id='word_1_701' title='bbox 3012 4627 3298 4675; x_wconf 86' lang='lat' dir='ltr'><strong>consensu,</strong></span> <span class='ocrx_word' id='word_1_702' title='bbox 3332 4611 3434 4665; x_wconf 90' lang='lat' dir='ltr'><strong>hoc</strong></span> 
     </span>
    </p>
   </div>
   <div class='ocr_carea' id='block_1_96' title="bbox 233 4699 1780 4777">
    <p class='ocr_par' dir='ltr' id='par_1_96' title="bbox 233 4705 1776 4777">
     <span class='ocr_line' id='line_1_96' title="bbox 233 4705 1776 4777; baseline -0.001 -20"><span class='ocrx_word' id='word_1_703' title='bbox 233 4707 400 4759; x_wconf 81' lang='grc' dir='ltr'><strong>κοινοῦ</strong></span> <span class='ocrx_word' id='word_1_704' title='bbox 432 4707 752 4776; x_wconf 83' lang='grc' dir='ltr'><strong>θελήματος.</strong></span> <span class='ocrx_word' id='word_1_705' title='bbox 789 4705 921 4758; x_wconf 79' lang='grc' dir='ltr'><strong>Οὔτε</strong></span> <span class='ocrx_word' id='word_1_706' title='bbox 953 4707 1057 4777; x_wconf 87' lang='grc' dir='ltr'><strong>γὰρ</strong></span> <span class='ocrx_word' id='word_1_707' title='bbox 1089 4709 1118 4758; x_wconf 89' lang='lat'><strong>6</strong></span> <span class='ocrx_word' id='word_1_708' title='bbox 1161 4705 1296 4776; x_wconf 80' lang='grc' dir='ltr'><strong>ἀνὴρ</strong></span> <span class='ocrx_word' id='word_1_709' title='bbox 1346 4707 1639 4771; x_wconf 73' lang='grc' dir='ltr'><strong>ἐξουσιάζει</strong></span> <span class='ocrx_word' id='word_1_710' title='bbox 1685 4705 1776 4756; x_wconf 90' lang='grc' dir='ltr'><strong>τοῦ</strong></span> 
     </span>
    </p>
   </div>
   <div class='ocr_carea' id='block_1_97' title="bbox 1878 4699 3435 4777">
    <p class='ocr_par' dir='ltr' id='par_1_97' title="bbox 1884 4699 3435 4770">
     <span class='ocr_line' id='line_1_97' title="bbox 1884 4699 3435 4770; baseline 0.001 -20"><span class='ocrx_word' id='word_1_711' title='bbox 1884 4707 1963 4752; x_wconf 88' lang='lat' dir='ltr'><strong>est</strong></span> <span class='ocrx_word' id='word_1_712' title='bbox 1992 4699 2264 4751; x_wconf 86' lang='lat' dir='ltr'><strong>communi</strong></span> <span class='ocrx_word' id='word_1_713' title='bbox 2289 4699 2592 4766; x_wconf 80' lang='lat' dir='ltr'><strong>&#39;utriusque</strong></span> <span class='ocrx_word' id='word_1_714' title='bbox 2618 4699 2943 4754; x_wconf 52' lang='lat' dir='ltr'><strong>voluntate»</strong></span> <span class='ocrx_word' id='word_1_715' title='bbox 2966 4701 3148 4770; x_wconf 85' lang='lat' dir='ltr'><strong>Neque</strong></span> <span class='ocrx_word' id='word_1_716' title='bbox 3179 4703 3320 4755; x_wconf 90' lang='lat' dir='ltr'><strong>enim</strong></span> <span class='ocrx_word' id='word_1_717' title='bbox 3352 4703 3435 4753; x_wconf 84' lang='lat' dir='ltr'><strong>vir</strong></span> 
     </span>
    </p>
   </div>
   <div class='ocr_carea' id='block_1_98' title="bbox 237 4789 1780 4863">
    <p class='ocr_par' dir='ltr' id='par_1_98' title="bbox 237 4791 1772 4863">
     <span class='ocr_line' id='line_1_98' title="bbox 237 4791 1772 4863; baseline 0.002 -21"><span class='ocrx_word' id='word_1_718' title='bbox 237 4793 354 4845; x_wconf 83' lang='grc' dir='ltr'><strong>ίδίου</strong></span> <span class='ocrx_word' id='word_1_719' title='bbox 385 4792 647 4861; x_wconf 75' lang='grc' dir='ltr'><strong>σώματος,</strong></span> <span class='ocrx_word' id='word_1_720' title='bbox 685 4791 808 4844; x_wconf 75' lang='grc' dir='ltr'><strong>οὗτε</strong></span> <span class='ocrx_word' id='word_1_721' title='bbox 849 4796 880 4862; x_wconf 92' lang='grc' dir='ltr'><strong>ή</strong></span> <span class='ocrx_word' id='word_1_722' title='bbox 931 4792 1084 4863; x_wconf 80' lang='grc' dir='ltr'><strong>γυνὴ,</strong></span> <span class='ocrx_word' id='word_1_723' title='bbox 1118 4792 1263 4846; x_wconf 72' lang='grc' dir='ltr'><strong>κατὰ</strong></span> <span class='ocrx_word' id='word_1_724' title='bbox 1283 4793 1374 4845; x_wconf 84' lang='grc' dir='ltr'><strong>τὸν</strong></span> <span class='ocrx_word' id='word_1_725' title='bbox 1410 4795 1578 4861; x_wconf 87' lang='grc' dir='ltr'><strong>μέγαν</strong></span> <span class='ocrx_word' id='word_1_726' title='bbox 1622 4794 1772 4845; x_wconf 82' lang='grc' dir='ltr'>’Λπό-</span> 
     </span>
    </p>
   </div>
   <div class='ocr_carea' id='block_1_99' title="bbox 1878 4789 3434 4863">
    <p class='ocr_par' dir='ltr' id='par_1_99' title="bbox 1888 4789 3434 4860">
     <span class='ocr_line' id='line_1_99' title="bbox 1888 4789 3434 4860; baseline 0.002 -19"><span class='ocrx_word' id='word_1_727' title='bbox 1888 4797 2200 4857; x_wconf 84' lang='lat' dir='ltr'><strong>potestatem</strong></span> <span class='ocrx_word' id='word_1_728' title='bbox 2248 4789 2407 4842; x_wconf 88' lang='lat' dir='ltr'><strong>habet</strong></span> <span class='ocrx_word' id='word_1_729' title='bbox 2459 4790 2542 4843; x_wconf 89' lang='lat' dir='ltr'><strong>sui</strong></span> <span class='ocrx_word' id='word_1_730' title='bbox 2597 4791 2860 4857; x_wconf 89' lang='lat' dir='ltr'><strong>corporis,</strong></span> <span class='ocrx_word' id='word_1_731' title='bbox 2912 4807 3084 4860; x_wconf 90' lang='lat' dir='ltr'><strong>neque</strong></span> <span class='ocrx_word' id='word_1_732' title='bbox 3132 4793 3343 4854; x_wconf 88' lang='lat' dir='ltr'><strong>mulier,</strong></span> <span class='ocrx_word' id='word_1_733' title='bbox 3376 4799 3434 4844; x_wconf 89' lang='lat' dir='ltr'><strong>ut</strong></span> 
     </span>
    </p>
   </div>
   <div class='ocr_carea' id='block_1_100' title="bbox 237 4877 1780 4952">
    <p class='ocr_par' dir='ltr' id='par_1_100' title="bbox 237 4877 1780 4952">
     <span class='ocr_line' id='line_1_100' title="bbox 237 4877 1780 4952; baseline -0.001 -19"><span class='ocrx_word' id='word_1_734' title='bbox 237 4883 426 4934; x_wconf 68' lang='grc' dir='ltr'><strong>στῦλον.</strong></span> <span class='ocrx_word' id='word_1_735' title='bbox 457 4883 553 4934; x_wconf 85' lang='grc' dir='ltr'><strong>Διά</strong></span> <span class='ocrx_word' id='word_1_736' title='bbox 586 4881 742 4934; x_wconf 88' lang='grc' dir='ltr'><strong>τοῦτο</strong></span> <span class='ocrx_word' id='word_1_737' title='bbox 794 4877 882 4934; x_wconf 80' lang='grc' dir='ltr'><strong>οὖν</strong></span> <span class='ocrx_word' id='word_1_738' title='bbox 934 4884 1238 4951; x_wconf 84' lang='grc' dir='ltr'><strong>συμφωνεῖν</strong></span> <span class='ocrx_word' id='word_1_739' title='bbox 1269 4881 1522 4951; x_wconf 79' lang='grc' dir='ltr'><strong>ἀλλήλους</strong></span> <span class='ocrx_word' id='word_1_740' title='bbox 1549 4882 1627 4933; x_wconf 80' lang='grc' dir='ltr'><strong>δεῖ</strong></span> <span class='ocrx_word' id='word_1_741' title='bbox 1658 4884 1780 4952; x_wconf 67' lang='grc' dir='ltr'><strong>περὶ</strong></span> 
     </span>
    </p>
   </div>
   <div class='ocr_carea' id='block_1_101' title="bbox 1878 4877 3436 4952">
    <p class='ocr_par' dir='ltr' id='par_1_101' title="bbox 1888 4878 3436 4951">
     <span class='ocr_line' id='line_1_101' title="bbox 1888 4878 3436 4951; baseline 0.003 -21"><span class='ocrx_word' id='word_1_742' title='bbox 1888 4894 2114 4948; x_wconf 70' lang='lat' dir='ltr'><strong>magnus</strong></span> <span class='ocrx_word' id='word_1_743' title='bbox 2144 4879 2434 4946; x_wconf 81' lang='lat' dir='ltr'><strong>Apostolus</strong></span> <span class='ocrx_word' id='word_1_744' title='bbox 2469 4879 2560 4931; x_wconf 89' lang='lat' dir='ltr'><strong>ait.</strong></span> <span class='ocrx_word' id='word_1_745' title='bbox 2601 4878 2830 4932; x_wconf 86' lang='lat' dir='ltr'><strong>Proinde</strong></span> <span class='ocrx_word' id='word_1_746' title='bbox 2868 4895 2996 4951; x_wconf 83' lang='lat' dir='ltr'><strong>ergo</strong></span> <span class='ocrx_word' id='word_1_747' title='bbox 3029 4882 3316 4936; x_wconf 89' lang='lat' dir='ltr'><strong>convenire</strong></span> <span class='ocrx_word' id='word_1_748' title='bbox 3355 4883 3436 4935; x_wconf 88' lang='lat' dir='ltr'><strong>in-</strong></span> 
     </span>
    </p>
   </div>
   <div class='ocr_carea' id='block_1_102' title="bbox 239 4969 1780 5043">
    <p class='ocr_par' dir='ltr' id='par_1_102' title="bbox 239 4971 1777 5043">
     <span class='ocr_line' id='line_1_102' title="bbox 239 4971 1777 5043; baseline 0.002 -23"><span class='ocrx_word' id='word_1_749' title='bbox 239 4971 434 5041; x_wconf 81' lang='grc' dir='ltr'><strong>ἀποχῆς</strong></span> <span class='ocrx_word' id='word_1_750' title='bbox 467 4972 551 5024; x_wconf 83' lang='grc' dir='ltr'><strong>ἴνα</strong></span> <span class='ocrx_word' id='word_1_751' title='bbox 580 4972 876 5040; x_wconf 80' lang='grc' dir='ltr'><strong>σχολάσωσι</strong></span> <span class='ocrx_word' id='word_1_752' title='bbox 910 4975 973 5043; x_wconf 80' lang='grc' dir='ltr'><strong>τῇ</strong></span> <span class='ocrx_word' id='word_1_753' title='bbox 1009 4974 1299 5041; x_wconf 75' lang='grc' dir='ltr'><strong>προσευχῇ,</strong></span> <span class='ocrx_word' id='word_1_754' title='bbox 1324 4972 1416 5023; x_wconf 78' lang='grc' dir='ltr'><strong>καὶ</strong></span> <span class='ocrx_word' id='word_1_755' title='bbox 1449 4975 1512 5042; x_wconf 80' lang='grc' dir='ltr'><strong>τῇ</strong></span> <span class='ocrx_word' id='word_1_756' title='bbox 1541 4973 1777 5042; x_wconf 80' lang='grc' dir='ltr'><strong>νηστείᾳ.</strong></span> 
     </span>
    </p>
   </div>
   <div class='ocr_carea' id='block_1_103' title="bbox 1878 4969 3434 5043">
    <p class='ocr_par' dir='ltr' id='par_1_103' title="bbox 1890 4969 3434 5040">
     <span class='ocr_line' id='line_1_103' title="bbox 1890 4969 3434 5040; baseline 0.003 -19"><span class='ocrx_word' id='word_1_757' title='bbox 1890 4979 1966 5023; x_wconf 90' lang='lat' dir='ltr'><strong>ter</strong></span> <span class='ocrx_word' id='word_1_758' title='bbox 1993 4986 2050 5022; x_wconf 85' lang='lat' dir='ltr'><strong>se</strong></span> <span class='ocrx_word' id='word_1_759' title='bbox 2082 4969 2305 5021; x_wconf 88' lang='lat' dir='ltr'><strong>invicem</strong></span> <span class='ocrx_word' id='word_1_760' title='bbox 2335 4979 2544 5037; x_wconf 84' lang='lat' dir='ltr'><strong>oportet</strong></span> <span class='ocrx_word' id='word_1_761' title='bbox 2573 4971 2636 5023; x_wconf 90' lang='lat' dir='ltr'><strong>de</strong></span> <span class='ocrx_word' id='word_1_762' title='bbox 2662 4970 3004 5033; x_wconf 85' lang='lat' dir='ltr'><strong>abstinentia,</strong></span> <span class='ocrx_word' id='word_1_763' title='bbox 3037 4981 3098 5024; x_wconf 88' lang='lat' dir='ltr'><strong>ut</strong></span> <span class='ocrx_word' id='word_1_764' title='bbox 3139 4972 3434 5040; x_wconf 86' lang='lat' dir='ltr'><strong>precationi</strong></span> 
     </span>
    </p>
   </div>
   <div class='ocr_carea' id='block_1_104' title="bbox 241 5059 1780 5135">
    <p class='ocr_par' dir='ltr' id='par_1_104' title="bbox 241 5060 1780 5135">
     <span class='ocr_line' id='line_1_104' title="bbox 241 5060 1780 5135; baseline 0.003 -24"><span class='ocrx_word' id='word_1_765' title='bbox 241 5060 296 5112; x_wconf 80' lang='grc' dir='ltr'><strong>Εἰ</strong></span> <span class='ocrx_word' id='word_1_766' title='bbox 328 5064 398 5131; x_wconf 75' lang='grc' dir='ltr'><strong>μὴ</strong></span> <span class='ocrx_word' id='word_1_767' title='bbox 429 5062 536 5130; x_wconf 78' lang='grc' dir='ltr'><strong>γὰρ</strong></span> <span class='ocrx_word' id='word_1_768' title='bbox 569 5063 631 5112; x_wconf 74' lang='grc' dir='ltr'><strong>ὲκ</strong></span> <span class='ocrx_word' id='word_1_769' title='bbox 664 5061 947 5130; x_wconf 77' lang='grc' dir='ltr'><strong>συμφώνου</strong></span> <span class='ocrx_word' id='word_1_770' title='bbox 979 5061 1177 5129; x_wconf 82' lang='grc' dir='ltr'><strong>γίνοιτο</strong></span> <span class='ocrx_word' id='word_1_771' title='bbox 1205 5065 1235 5131; x_wconf 90' lang='grc' dir='ltr'><strong>ή</strong></span> <span class='ocrx_word' id='word_1_772' title='bbox 1266 5063 1461 5132; x_wconf 81' lang='grc' dir='ltr'><strong>ἀποχὴ,</strong></span> <span class='ocrx_word' id='word_1_773' title='bbox 1497 5065 1780 5135; x_wconf 85' lang='grc' dir='ltr'><strong>ἀποστερεί</strong></span> 
     </span>
    </p>
   </div>
   <div class='ocr_carea' id='block_1_105' title="bbox 1878 5059 3436 5135">
    <p class='ocr_par' dir='ltr' id='par_1_105' title="bbox 1878 5059 3436 5130">
     <span class='ocr_line' id='line_1_105' title="bbox 1878 5059 3436 5130; baseline 0.003 -18"><span class='ocrx_word' id='word_1_774' title='bbox 1878 5075 1951 5114; x_wconf 68' lang='lat' dir='ltr'><strong>&#39;ac</strong></span> <span class='ocrx_word' id='word_1_775' title='bbox 1986 5060 2190 5130; x_wconf 73' lang='lat' dir='ltr'><strong>jejunio</strong></span> <span class='ocrx_word' id='word_1_776' title='bbox 2214 5071 2417 5112; x_wconf 87' lang='lat' dir='ltr'><strong>vacent.</strong></span> <span class='ocrx_word' id='word_1_777' title='bbox 2454 5059 2658 5113; x_wconf 86' lang='lat' dir='ltr'><strong>Etenim</strong></span> <span class='ocrx_word' id='word_1_778' title='bbox 2700 5061 2744 5113; x_wconf 91' lang='lat' dir='ltr'><strong>si</strong></span> <span class='ocrx_word' id='word_1_779' title='bbox 2780 5076 2883 5115; x_wconf 91' lang='lat' dir='ltr'><strong>non</strong></span> <span class='ocrx_word' id='word_1_780' title='bbox 2919 5077 2981 5115; x_wconf 82' lang='lat' dir='ltr'><strong>ex</strong></span> <span class='ocrx_word' id='word_1_781' title='bbox 3013 5077 3280 5117; x_wconf 92' lang='lat' dir='ltr'><strong>consensu</strong></span> <span class='ocrx_word' id='word_1_782' title='bbox 3311 5064 3436 5116; x_wconf 87' lang='lat' dir='ltr'><strong>ahs-</strong></span> 
     </span>
    </p>
   </div>
   <div class='ocr_carea' id='block_1_106' title="bbox 245 5147 1780 5223">
    <p class='ocr_par' dir='ltr' id='par_1_106' title="bbox 245 5150 1780 5223">
     <span class='ocr_line' id='line_1_106' title="bbox 245 5150 1780 5223; baseline 0.001 -21"><span class='ocrx_word' id='word_1_783' title='bbox 245 5152 440 5213; x_wconf 78' lang='grc' dir='ltr'><strong>πάντως</strong></span> <span class='ocrx_word' id='word_1_784' title='bbox 478 5153 536 5202; x_wconf 84' lang='grc' dir='ltr'><strong>τὸ</strong></span> <span class='ocrx_word' id='word_1_785' title='bbox 585 5151 657 5221; x_wconf 77' lang='grc' dir='ltr'><strong>μή</strong></span> <span class='ocrx_word' id='word_1_786' title='bbox 693 5150 1009 5220; x_wconf 82' lang='grc' dir='ltr'><strong>βουλόμενον</strong></span> <span class='ocrx_word' id='word_1_787' title='bbox 1045 5153 1143 5222; x_wconf 82' lang='grc' dir='ltr'><strong>τὴν</strong></span> <span class='ocrx_word' id='word_1_788' title='bbox 1178 5153 1457 5204; x_wconf 85' lang='grc' dir='ltr'><strong>συνουσίαν</strong></span> <span class='ocrx_word' id='word_1_789' title='bbox 1505 5153 1685 5223; x_wconf 84' lang='grc' dir='ltr'><strong>μέρος,</strong></span> <span class='ocrx_word' id='word_1_790' title='bbox 1721 5153 1780 5204; x_wconf 87' lang='grc' dir='ltr'><strong>τὸ</strong></span> 
     </span>
    </p>
   </div>
   <div class='ocr_carea' id='block_1_107' title="bbox 1878 5147 3437 5223">
    <p class='ocr_par' dir='ltr' id='par_1_107' title="bbox 1887 5147 3437 5222">
     <span class='ocr_line' id='line_1_107' title="bbox 1887 5147 3437 5222; baseline 0.003 -20"><span class='ocrx_word' id='word_1_791' title='bbox 1887 5151 2109 5213; x_wconf 90' lang='lat' dir='ltr'><strong>tineaut,</strong></span> <span class='ocrx_word' id='word_1_792' title='bbox 2164 5147 2433 5201; x_wconf 82' lang='lat' dir='ltr'><strong>fraudabit</strong></span> <span class='ocrx_word' id='word_1_793' title='bbox 2495 5150 2649 5218; x_wconf 87' lang='lat' dir='ltr'><strong>plane</strong></span> <span class='ocrx_word' id='word_1_794' title='bbox 2684 5166 2746 5204; x_wconf 91' lang='lat' dir='ltr'><strong>ea</strong></span> <span class='ocrx_word' id='word_1_795' title='bbox 2783 5167 2905 5220; x_wconf 89' lang='lat' dir='ltr'><strong>pars</strong></span> <span class='ocrx_word' id='word_1_796' title='bbox 2935 5169 3055 5221; x_wconf 63' lang='lat' dir='ltr'><strong>qua</strong></span> <span class='ocrx_word' id='word_1_797' title='bbox 3086 5168 3437 5222; x_wconf 80' lang='lat' dir='ltr'><strong>congressum</strong></span> 
     </span>
    </p>
   </div>
   <div class='ocr_carea' id='block_1_108' title="bbox 244 5240 1780 5314">
    <p class='ocr_par' dir='ltr' id='par_1_108' title="bbox 244 5240 1780 5314">
     <span class='ocr_line' id='line_1_108' title="bbox 244 5240 1780 5314; baseline 0.003 -24"><span class='ocrx_word' id='word_1_798' title='bbox 244 5240 427 5310; x_wconf 85' lang='grc' dir='ltr'><strong>ταύτην</strong></span> <span class='ocrx_word' id='word_1_799' title='bbox 460 5241 768 5311; x_wconf 75' lang='grc' dir='ltr'><strong>ὲτιτζητοῦν.</strong></span> <span class='ocrx_word' id='word_1_800' title='bbox 800 5243 906 5294; x_wconf 73' lang='grc' dir='ltr'><strong>Καὶ</strong></span> <span class='ocrx_word' id='word_1_801' title='bbox 934 5242 1049 5304; x_wconf 82' lang='grc' dir='ltr'><strong>πῶς</strong></span> <span class='ocrx_word' id='word_1_802' title='bbox 1089 5242 1152 5295; x_wconf 82' lang='grc' dir='ltr'><strong>ἂν</strong></span> <span class='ocrx_word' id='word_1_803' title='bbox 1185 5243 1310 5314; x_wconf 81' lang='grc' dir='ltr'><strong>δόξῃ</strong></span> <span class='ocrx_word' id='word_1_804' title='bbox 1338 5243 1607 5307; x_wconf 79' lang='grc' dir='ltr'><strong>ὲξουσιάζε</strong></span> <span class='ocrx_word' id='word_1_805' title='bbox 1619 5262 1663 5295; x_wconf 91' lang='grc' dir='ltr'><strong>ιν</strong></span> <span class='ocrx_word' id='word_1_806' title='bbox 1692 5243 1780 5294; x_wconf 82' lang='grc' dir='ltr'><strong>τοῦ</strong></span> 
     </span>
    </p>
   </div>
   <div class='ocr_carea' id='block_1_109' title="bbox 1878 5240 3435 5314">
    <p class='ocr_par' dir='ltr' id='par_1_109' title="bbox 1885 5240 3435 5313">
     <span class='ocr_line' id='line_1_109' title="bbox 1885 5240 3435 5313; baseline 0.003 -21"><span class='ocrx_word' id='word_1_807' title='bbox 1885 5241 2081 5305; x_wconf 85' lang='lat' dir='ltr'><strong>renuit,</strong></span> <span class='ocrx_word' id='word_1_808' title='bbox 2112 5240 2336 5292; x_wconf 83' lang='lat' dir='ltr'><strong>alteram</strong></span> <span class='ocrx_word' id='word_1_809' title='bbox 2377 5255 2498 5308; x_wconf 69' lang='lat' dir='ltr'><strong>qua:</strong></span> <span class='ocrx_word' id='word_1_810' title='bbox 2536 5243 2678 5296; x_wconf 89' lang='lat' dir='ltr'><strong>hunc</strong></span> <span class='ocrx_word' id='word_1_811' title='bbox 2715 5245 2972 5311; x_wconf 84' lang='lat' dir='ltr'><strong>deposcit.</strong></span> <span class='ocrx_word' id='word_1_812' title='bbox 3010 5244 3170 5313; x_wconf 82' lang='lat' dir='ltr'><strong>Atqui</strong></span> <span class='ocrx_word' id='word_1_813' title='bbox 3200 5259 3435 5312; x_wconf 85' lang='lat' dir='ltr'><strong>quonam</strong></span> 
     </span>
    </p>
   </div>
   <div class='ocr_carea' id='block_1_110' title="bbox 250 5329 1780 5404">
    <p class='ocr_par' dir='ltr' id='par_1_110' title="bbox 250 5329 1780 5403">
     <span class='ocr_line' id='line_1_110' title="bbox 250 5329 1780 5403; baseline 0.003 -21"><span class='ocrx_word' id='word_1_814' title='bbox 250 5329 476 5400; x_wconf 66' lang='grc' dir='ltr'><strong>σώματος</strong></span> <span class='ocrx_word' id='word_1_815' title='bbox 503 5331 597 5384; x_wconf 92' lang='grc' dir='ltr'><strong>τοῦ</strong></span> <span class='ocrx_word' id='word_1_816' title='bbox 631 5331 704 5400; x_wconf 82' lang='grc' dir='ltr'><strong>μὴ</strong></span> <span class='ocrx_word' id='word_1_817' title='bbox 741 5331 1140 5402; x_wconf 86' lang='grc' dir='ltr'><strong>συγχωροῦντος</strong></span> <span class='ocrx_word' id='word_1_818' title='bbox 1171 5333 1384 5403; x_wconf 85' lang='grc' dir='ltr'><strong>μέρους,</strong></span> <span class='ocrx_word' id='word_1_819' title='bbox 1414 5334 1472 5385; x_wconf 83' lang='grc' dir='ltr'><strong>τὸ</strong></span> <span class='ocrx_word' id='word_1_820' title='bbox 1498 5335 1592 5403; x_wconf 85' lang='grc' dir='ltr'><strong>τὴν</strong></span> <span class='ocrx_word' id='word_1_821' title='bbox 1629 5335 1780 5387; x_wconf 85' lang='grc' dir='ltr'><strong>συνά-</strong></span> 
     </span>
    </p>
   </div>
   <div class='ocr_carea' id='block_1_111' title="bbox 1878 5329 3438 5404">
    <p class='ocr_par' dir='ltr' id='par_1_111' title="bbox 1888 5331 3438 5404">
     <span class='ocr_line' id='line_1_111' title="bbox 1888 5331 3438 5404; baseline 0 -18"><span class='ocrx_word' id='word_1_822' title='bbox 1888 5333 2044 5386; x_wconf 79' lang='lat' dir='ltr'><strong>modo</strong></span> <span class='ocrx_word' id='word_1_823' title='bbox 2107 5331 2256 5384; x_wconf 83' lang='lat' dir='ltr'><strong>dicas</strong></span> <span class='ocrx_word' id='word_1_824' title='bbox 2313 5339 2628 5400; x_wconf 84' lang='lat' dir='ltr'><strong>potestatem</strong></span> <span class='ocrx_word' id='word_1_825' title='bbox 2691 5333 2884 5386; x_wconf 88' lang='lat' dir='ltr'><strong>habere</strong></span> <span class='ocrx_word' id='word_1_826' title='bbox 2950 5335 3002 5387; x_wconf 92' lang='lat' dir='ltr'><strong>in</strong></span> <span class='ocrx_word' id='word_1_827' title='bbox 3062 5349 3258 5404; x_wconf 89' lang='lat' dir='ltr'><strong>corpus</strong></span> <span class='ocrx_word' id='word_1_828' title='bbox 3319 5335 3438 5402; x_wconf 80' lang='lat' dir='ltr'><strong>ejus</strong></span> 
     </span>
    </p>
   </div>
   <div class='ocr_carea' id='block_1_112' title="bbox 250 5418 1780 5492">
    <p class='ocr_par' dir='ltr' id='par_1_112' title="bbox 250 5418 1777 5492">
     <span class='ocr_line' id='line_1_112' title="bbox 250 5418 1777 5492; baseline 0.001 -20"><span class='ocrx_word' id='word_1_829' title='bbox 250 5437 389 5485; x_wconf 70' lang='grc' dir='ltr'><strong>οιιαν</strong></span> <span class='ocrx_word' id='word_1_830' title='bbox 418 5421 610 5491; x_wconf 79' lang='grc' dir='ltr'><strong>ζητοῦν</strong></span> <span class='ocrx_word' id='word_1_831' title='bbox 642 5422 731 5474; x_wconf 76' lang='grc' dir='ltr'><strong>καὶ</strong></span> <span class='ocrx_word' id='word_1_832' title='bbox 777 5418 846 5489; x_wconf 82' lang='grc' dir='ltr'><strong>μὴ</strong></span> <span class='ocrx_word' id='word_1_833' title='bbox 891 5423 1362 5491; x_wconf 84' lang='grc' dir='ltr'><strong>συγχωρούμενον;</strong></span> <span class='ocrx_word' id='word_1_834' title='bbox 1410 5425 1700 5492; x_wconf 79' lang='grc' dir='ltr'><strong>Συμσαίνει</strong></span> <span class='ocrx_word' id='word_1_835' title='bbox 1730 5425 1777 5476; x_wconf 84' lang='grc' dir='ltr'><strong>δὲ</strong></span> 
     </span>
    </p>
   </div>
   <div class='ocr_carea' id='block_1_113' title="bbox 1878 5418 3439 5492">
    <p class='ocr_par' dir='ltr' id='par_1_113' title="bbox 1888 5423 3439 5492">
     <span class='ocr_line' id='line_1_113' title="bbox 1888 5423 3439 5492; baseline 0.002 -17"><span class='ocrx_word' id='word_1_836' title='bbox 1888 5424 2052 5490; x_wconf 85' lang='lat' dir='ltr'><strong>partis</strong></span> <span class='ocrx_word' id='word_1_837' title='bbox 2079 5437 2197 5490; x_wconf 73' lang='lat' dir='ltr'><strong>qua:</strong></span> <span class='ocrx_word' id='word_1_838' title='bbox 2231 5437 2578 5490; x_wconf 80' lang='lat' dir='ltr'><strong>congressum</strong></span> <span class='ocrx_word' id='word_1_839' title='bbox 2629 5423 2836 5488; x_wconf 86' lang='lat' dir='ltr'><strong>abnuit,</strong></span> <span class='ocrx_word' id='word_1_840' title='bbox 2875 5425 3095 5478; x_wconf 89' lang='lat' dir='ltr'><strong>alteram</strong></span> <span class='ocrx_word' id='word_1_841' title='bbox 3150 5425 3234 5478; x_wconf 91' lang='lat' dir='ltr'><strong>cui</strong></span> <span class='ocrx_word' id='word_1_842' title='bbox 3275 5425 3439 5492; x_wconf 47' lang='lat' dir='ltr'><strong>dopo&#39;</strong></span> 
     </span>
    </p>
   </div>
   <div class='ocr_carea' id='block_1_114' title="bbox 253 5510 1780 5582">
    <p class='ocr_par' dir='ltr' id='par_1_114' title="bbox 253 5510 1780 5582">
     <span class='ocr_line' id='line_1_114' title="bbox 253 5510 1780 5582; baseline 0.003 -22"><span class='ocrx_word' id='word_1_843' title='bbox 253 5510 336 5560; x_wconf 75' lang='lat' dir='ltr'><strong>ml</strong></span> <span class='ocrx_word' id='word_1_844' title='bbox 373 5510 464 5581; x_wconf 72' lang='grc' dir='ltr'><strong>τὴν</strong></span> <span class='ocrx_word' id='word_1_845' title='bbox 508 5511 734 5576; x_wconf 79' lang='grc' dir='ltr'><strong>θατέρου</strong></span> <span class='ocrx_word' id='word_1_846' title='bbox 778 5511 1116 5579; x_wconf 75' lang='grc' dir='ltr'><strong>ἐγκράτειαν,</strong></span> <span class='ocrx_word' id='word_1_847' title='bbox 1154 5513 1232 5573; x_wconf 89' lang='grc' dir='ltr'><strong>εἰς</strong></span> <span class='ocrx_word' id='word_1_848' title='bbox 1263 5511 1462 5582; x_wconf 73' lang='grc' dir='ltr'><strong>βλάϐην</strong></span> <span class='ocrx_word' id='word_1_849' title='bbox 1496 5515 1623 5575; x_wconf 83' lang='grc' dir='ltr'><strong>ίσως</strong></span> <span class='ocrx_word' id='word_1_850' title='bbox 1652 5515 1780 5566; x_wconf 76' lang='grc' dir='ltr'><strong>ἀπο⁴</strong></span> 
     </span>
    </p>
   </div>
   <div class='ocr_carea' id='block_1_115' title="bbox 1878 5510 3438 5582">
    <p class='ocr_par' dir='ltr' id='par_1_115' title="bbox 1889 5511 3438 5582">
     <span class='ocr_line' id='line_1_115' title="bbox 1889 5511 3438 5582; baseline 0.001 -16"><span class='ocrx_word' id='word_1_851' title='bbox 1889 5512 2055 5566; x_wconf 84' lang='lat' dir='ltr'><strong>sccnti</strong></span> <span class='ocrx_word' id='word_1_852' title='bbox 2115 5512 2200 5562; x_wconf 89' lang='lat' dir='ltr'><strong>ille</strong></span> <span class='ocrx_word' id='word_1_853' title='bbox 2252 5511 2667 5580; x_wconf 81' lang='lat' dir='ltr'><strong>haudquaquam</strong></span> <span class='ocrx_word' id='word_1_854' title='bbox 2736 5515 3102 5580; x_wconf 79' lang='lat' dir='ltr'><strong>permittitur?</strong></span> <span class='ocrx_word' id='word_1_855' title='bbox 3162 5513 3438 5582; x_wconf 70' lang='lat' dir='ltr'><strong>Coutingit</strong></span> 
     </span>
    </p>
   </div>
   <div class='ocr_carea' id='block_1_116' title="bbox 861 5688 2326 5760">
    <p class='ocr_par' dir='ltr' id='par_1_116' title="bbox 861 5688 2326 5760">
     <span class='ocr_line' id='line_1_116' title="bbox 861 5688 2326 5760; baseline 0.002 -15"><span class='ocrx_word' id='word_1_856' title='bbox 861 5688 878 5708; x_wconf 79' lang='grc'><em>’</em></span> <span class='ocrx_word' id='word_1_857' title='bbox 926 5694 1050 5746; x_wconf 62' lang='lat' dir='ltr'><strong>Ibid.</strong></span> <span class='ocrx_word' id='word_1_858' title='bbox 1097 5696 1135 5746; x_wconf 79' lang='grc' dir='ltr'><strong>ι.</strong></span> <span class='ocrx_word' id='word_1_859' title='bbox 1237 5691 1252 5719; x_wconf 80' lang='grc'>³</span> <span class='ocrx_word' id='word_1_860' title='bbox 1296 5697 1312 5748; x_wconf 83' lang='lat' dir='ltr'><strong>i</strong></span> <span class='ocrx_word' id='word_1_861' title='bbox 1348 5697 1534 5750; x_wconf 65' lang='lat' dir='ltr'><strong>Thess.</strong></span> <span class='ocrx_word' id='word_1_862' title='bbox 1571 5715 1616 5760; x_wconf 77' lang='grc' dir='ltr'><strong>ν,</strong></span> <span class='ocrx_word' id='word_1_863' title='bbox 1659 5699 1736 5752; x_wconf 73' lang='grc' dir='ltr'><strong>ιτ.</strong></span> <span class='ocrx_word' id='word_1_864' title='bbox 1841 5688 1854 5714; x_wconf 74' lang='grc'><strong><em>⁵</em></strong></span> <span class='ocrx_word' id='word_1_865' title='bbox 1900 5697 2061 5748; x_wconf 64' lang='lat' dir='ltr'><strong>limi.</strong></span> <span class='ocrx_word' id='word_1_866' title='bbox 2105 5715 2210 5754; x_wconf 64' lang='lat' dir='ltr'><strong>xiv.</strong></span> <span class='ocrx_word' id='word_1_867' title='bbox 2247 5699 2326 5748; x_wconf 69' lang='lat' dir='ltr'><strong>lii.</strong></span> 
     </span>
    </p>
   </div>
   <div class='ocr_carea' id='block_1_117' title="bbox 337 5692 1780 5762">
    <p class='ocr_par' dir='ltr' id='par_1_117' title="bbox 337 5692 1736 5760">
     <span class='ocr_line' id='line_1_117' title="bbox 337 5692 1736 5760; baseline 0.003 -12"><span class='ocrx_word' id='word_1_868' title='bbox 337 5692 348 5719; x_wconf 80' lang='grc'><strong><em>³</em></strong></span> <span class='ocrx_word' id='word_1_869' title='bbox 383 5695 395 5744; x_wconf 83' lang='grc' dir='ltr'><strong>Ι</strong></span> <span class='ocrx_word' id='word_1_870' title='bbox 425 5696 543 5750; x_wconf 63' lang='grc' dir='ltr'><strong>Ωον.</strong></span> <span class='ocrx_word' id='word_1_871' title='bbox 586 5713 677 5755; x_wconf 80' lang='lat' dir='ltr'><strong>\‘tt,</strong></span> <span class='ocrx_word' id='word_1_872' title='bbox 715 5696 765 5745; x_wconf 71' lang='grc' dir='ltr'><strong>ἲὶ.</strong></span> <span class='ocrx_word' id='word_1_873' title='bbox 861 5692 878 5708; x_wconf 82' lang='grc'><em>’</em></span> <span class='ocrx_word' id='word_1_874' title='bbox 926 5694 1050 5746; x_wconf 64' lang='lat' dir='ltr'><strong>Ibid.</strong></span> <span class='ocrx_word' id='word_1_875' title='bbox 1097 5696 1135 5746; x_wconf 79' lang='grc' dir='ltr'><strong>ι.</strong></span> <span class='ocrx_word' id='word_1_876' title='bbox 1237 5692 1252 5719; x_wconf 78' lang='grc'>³</span> <span class='ocrx_word' id='word_1_877' title='bbox 1296 5697 1312 5748; x_wconf 83' lang='lat' dir='ltr'><strong>i</strong></span> <span class='ocrx_word' id='word_1_878' title='bbox 1348 5697 1534 5750; x_wconf 66' lang='lat' dir='ltr'><strong>Thess.</strong></span> <span class='ocrx_word' id='word_1_879' title='bbox 1571 5715 1616 5760; x_wconf 77' lang='grc' dir='ltr'><strong>ν,</strong></span> <span class='ocrx_word' id='word_1_880' title='bbox 1659 5699 1736 5752; x_wconf 73' lang='grc' dir='ltr'><strong>ιτ.</strong></span> 
     </span>
    </p>
   </div>
   <div class='ocr_carea' id='block_1_118' title="bbox 1878 5692 2939 5762">
    <p class='ocr_par' dir='ltr' id='par_1_118' title="bbox 1900 5697 2939 5762">
     <span class='ocr_line' id='line_1_118' title="bbox 1900 5697 2939 5762; baseline 0.004 -14"><span class='ocrx_word' id='word_1_881' title='bbox 1900 5697 2061 5748; x_wconf 64' lang='lat' dir='ltr'><strong>limi.</strong></span> <span class='ocrx_word' id='word_1_882' title='bbox 2105 5715 2210 5754; x_wconf 64' lang='lat' dir='ltr'><strong>xiv.</strong></span> <span class='ocrx_word' id='word_1_883' title='bbox 2247 5699 2326 5748; x_wconf 69' lang='lat' dir='ltr'><strong>lii.</strong></span> <span class='ocrx_word' id='word_1_884' title='bbox 2427 5697 2438 5720; x_wconf 73' lang='lat'><strong>&quot;&#39;</strong></span> <span class='ocrx_word' id='word_1_885' title='bbox 2481 5697 2611 5750; x_wconf 77' lang='lat' dir='ltr'><strong>.iucl.</strong></span> <span class='ocrx_word' id='word_1_886' title='bbox 2645 5717 2697 5762; x_wconf 79' lang='grc' dir='ltr'><strong>η,</strong></span> <span class='ocrx_word' id='word_1_887' title='bbox 2739 5700 2820 5756; x_wconf 74' lang='lat' dir='ltr'><strong>l5.</strong></span> <span class='ocrx_word' id='word_1_888' title='bbox 2861 5701 2939 5752; x_wconf 64' lang='lat' dir='ltr'><strong>H7.</strong></span> 
     </span>
    </p>
   </div>
  </div>
