4012 6440
186 354 295 418 473

1268 346 1351 409 ΙΝ
1388 347 1627 408 ΕΙἾδΤ.
1668 344 1730 406 S.
1769 340 2110 405 DlONYoll
2156 336 2369 401 ALEX.

3299 326 3403 393 474

190 482 338 533 δαῖον
370 474 605 540 συνειδὸς
628 474 817 547 κριτὴν
844 472 1110 543 ἐχέτωσαν
1133 485 1147 501 ο
1181 469 1321 523 ὥστε
1354 469 1402 522 εί
1439 466 1537 538 μὲν
1567 468 1637 538 μή
1670 482 1745 519 τι-

1847 462 2077 533 judicem
2128 461 2361 516 habeant
2420 458 2690 529 propriam
2746 452 3184 547 conscie‘ntiamr
3233 458 3292 504 ut
3342 449 3389 547 si

190 582 282 629 νος
313 564 613 635 ἑμπαθείας
642 560 1125 635 προῦποκειμένης,
1146 557 1341 627 συνέϐη
1366 558 1544 619 αὐτοῖς
1565 556 1740 621 τοῦτο,

187 652 510 725 αὗτομάτως
557 653 654 723 τῆς
693 651 903 721 φύσεως
952 649 1271 719 ὲκκρινάσης
1311 647 1384 710 ὡς
1430 647 1741 716 περίττωμα

189 744 290 816 τὴν
339 744 554 813 ἑκροὴν,
585 743 684 793 οὐκ
731 739 1206 810 ὲμποδισθήσονται
1247 734 1355 787 τῶν
1393 734 1742 801 ἁγιασμάτων

192 832 534 902 μεταλαϐεῖν.
571 830 633 881 Εἰ
662 830 719 881 δέ
749 846 858 881 τισι
890 826 1230 896 προϋπῆρξεν
1270 824 1327 889 ἐξ
1356 822 1627 893 ὲμπαθοῢς
1657 823 1744 875 λο-

188 917 391 986 γισμοῦ
423 916 703 985 ἐπιθυμία,
729 914 1014 985 καὶταύτῃ
1045 912 1470 984 ἐπηκολούθησεν
1501 911 1683 982 ὲκροὴ,
1708 911 1741 981 ἢ

192 1006 251 1071 ὶξ
280 1006 865 1077 ἀκρασίαξβρωμάτων
900 1006 993 1058 καὶ
1026 1007 1231 1067 πόσεως
1267 1003 1456 1073 συνέϐη
1499 1003 1674 1065 τοῦτο,
1696 1004 1743 1056 οί

194 1094 423 1148 τοιοῦτοι
443 1097 540 1147 οὐκ
562 1096 665 1147 εἰσὶ
684 1094 908 1164 καθαροί
929 1110 941 1122 ·
972 1094 1032 1145 οὑ
1060 1093 1145 1145 διὰ
1167 1094 1261 1161 τὴν
1288 1092 1439 1161 ῥύσιν
1461 1091 1552 1144 τοῦ
1580 1092 1745 1162 σπὲρο

194 1202 365 1255 ματος
398 1184 493 1253 (οὗ
527 1184 631 1254 γὰρ
660 1183 961 1253 ἀκάθαρτον
1006 1180 1178 1244 τοῦτο,
1212 1180 1332 1231 ἐπεὶ
1378 1180 1508 1249 μηδὲ
1540 1181 1571 1247 ὴ
1612 1178 1745 1248 σὰρξ

189 1273 253 1338 ἐξ
274 1267 343 1342 ἦς
370 1274 541 1325 ἐκεῖνο
563 1272 940 1342 περίττωμα),
974 1270 1107 1323 ἀλλὰ
1136 1269 1220 1321 διὰ
1248 1269 1308 1320 τὸ
1339 1268 1566 1337 πονηρὸν
1595 1266 1745 1318 ἐνθύ-

191 1379 318 1431 μιον
347 1364 482 1433 ὅπερ
510 1362 725 1430 ὲμόλυνε
750 1363 847 1431 τὴν
871 1360 1121 1413 διάνοιαν.
1139 1359 1195 1411 '0
1222 1357 1350 1424 γοῦν
1380 1357 1631 1419 τοιοῦτος,
1647 1357 1745 1406 οὐκ

188 1452 581 1521 εὐσυνείδητος,
616 1450 903 1503 κάντεῦθεν
933 1449 1035 1502 οὐδ’
1068 1448 1528 1518 εὐπαρῤησίαστος
1566 1448 1643 1507 είς
1685 1446 1745 1497 τὸ

190 1539 510 1609 προσελθεῖν
529 1539 606 1608 τῷ
625 1539 760 1608 Θεῷ.
779 1539 997 1605 Ἑπάγει
1020 1538 1074 1590 δὲ
1099 1538 1190 1589 καὶ
1216 1537 1313 1605 τὴν
1343 1536 1534 1607 χρῆσιν
1562 1537 1626 1586 ὲκ
1651 1535 1743 1587 τοῦ

193 1628 434 1698 μεγάλου
467 1627 676 1680 Παύλου
709 1627 1013 1698 γράψαντος
1055 1627 1179 1695 περὶ
1219 1624 1326 1676 τῶν
1361 1625 1743 1687 εἰδωλοθύτων,

190 1720 274 1772 δτι
306 1722 339 1773 ὀ
371 1718 829 1786 διακρινόμενος,
859 1718 966 1770 ἐὰν
985 1715 1163 1783 φάγῃ,
1194 1713 1614 1781 κατακέκριται.
1641 1715 1746 1765 Πε-

1847 524 1992 606 nulla
2018 552 2354 621 praecedente
2386 524 2553 603 animi
2586 524 2985 617 perturbatione
3013 543 3115 596 hoc
3138 541 3217 595 eis
3247 541 3391 593 ace!-

1846 642 2015 705 dcrit,
2050 649 2242 693 natura
2274 654 2373 693 sua
2405 646 2593 707 sponte
2630 636 2768 688 hanc
2800 633 3093 686 ﬂuxionem
3134 638 3389 696 tanquam

1846 738 2244 787 excrementum
2300 736 2658 783 excernente.
2718 738 2825 777 non
2871 720 3226 798 impedientur
3274 731 3394 769 esse

1848 828 2303 874 sacramentorum
2359 815 2669 885 participes.
2722 809 2778 864 Si
2834 810 3031 877 quibus
3094 818 3271 860 autem
3326 821 3389 857 ex

1848 908 2076 962 rationis
2125 907 2524 975 perturbatione
2566 902 2879 971 praaexstitit
2920 900 3204 967 cupiditas,
3254 911 3390 949 eam.

1848 1013 1953 1065 que
1986 998 2201 1051 eﬂlusio
2230 1003 2518 1050 consecuta
2549 993 2639 1056 sit,
2669 993 2749 1045 vel
2774 1006 2839 1044 ex
2868 990 3107 1046 ciborum
3134 999 3397 1056 potusque

1850 1086 2258 1153 intemperantia
2291 1086 2392 1139 hoc
2428 1082 2685 1144 evenerit,
2740 1080 2773 1132 ii
2805 1081 2919 1147 puri
2954 1093 3058 1131 non
3093 1088 3253 1141 sunt;
3287 1092 3394 1129 nun

1855 1185 2067 1242 propter
2099 1175 2301 1228 ﬂuxum
2335 1173 2555 1228 seminis
2586 1173 2713 1239 (non
2744 1179 2826 1224 est
2856 1169 2995 1222 enim
3030 1167 3131 1221 hoc
3163 1168 3397 1219 immun~

1848 1264 1998 1326 dum,
2029 1265 2164 1317 sicut
2203 1278 2301 1317 nec
2327 1279 2484 1322 caro.
2517 1262 2673 1329 cujus
2714 1268 2797 1313 est
2822 1256 3268 1315 excrementum),
3301 1255 3395 1308 sed

1850 1362 2064 1419 propter
2094 1352 2286 1404 malam
2329 1352 2728 1420 cogitationem,
2753 1364 2874 1415 qua:
2910 1356 3139 1399 mentem
3183 1346 3391 1412 polluit.

1848 1437 1951 1503 Qui
2000 1440 2162 1508 igitur
2210 1448 2291 1494 est
2329 1441 2615 1507 ejusmodi,
2660 1453 2767 1491 non
2810 1437 2969 1490 habet
3018 1437 3212 1488 bonam
3260 1450 3395 1487 eou-

1850 1527 2155 1591 scientiam,
2205 1536 2258 1581 et
2296 1543 2400 1579 non
2441 1526 2601 1578 habet
2644 1524 2763 1578 ideo
2789 1530 3103 1591 potestatem
3136 1519 3200 1573 ad
3227 1518 3391 1571 Deum

1849 1618 2156 1671 accedendi.
2212 1617 2499 1684 Subjungit
2545 1624 2723 1668 autem
2775 1623 2828 1666 et
2875 1628 2939 1665 ex
2990 1624 3185 1679 magno
3227 1608 3396 1661 Paulo

1853 1708 2192 1772 sententiam,
2237 1707 2329 1776 qui
2381 1706 2594 1775 scripsit
2639 1705 2705 1759 de
2749 1703 3075 1771 idolothytis,
3121 1700 3265 1769 quod
3310 1699 3400 1768 qui

185 1806 249 1875 ρὶ
275 1805 330 1857 δὲ
364 1805 462 1874 τῆς
485 1804 575 1857 τοῦ
608 1805 918 1874 σπέρματος
943 1803 1197 1874 ρεύσεως,
1230 1802 1380 1871 ζήτει
1409 1802 1499 1854 καὶ
1528 1801 1623 1853 τοῦ
1661 1819 1745 1870 με·

1848 1796 2087 1858 dubital,
2132 1795 2177 1848 si
2221 1795 2537 1858 comederit,
2578 1794 2947 1844 condemnatus
2992 1800 3088 1841 est.
3135 1785 3209 1842 De
3250 1786 3398 1841 ﬂuxu

190 1895 357 1966 γάλου
402 1893 713 1946 ’Δθανασίου
767 1892 1047 1963 ἐπιστολὴν
1101 1892 1235 1962 πρὸς
1285 1891 1521 1961 ’Δμμοῦν
1580 1891 1744 1961 μονά-

194 1983 375 2046 ζοντα.

261 2072 503 2124 ΖΩΝΔΡ.
543 2071 650 2123 Καὶ
674 2071 845 2124 ταῦτα
881 2070 1015 2141 πρὸς
1047 2068 1309 2139 ἐρώτησιν
1336 2070 1364 2120 ὀ
1397 2069 1581 2140 Πατὴρ
1615 2069 1747 2121 ἀπο-

193 2160 454 2231 κρίνεται.
473 2158 793 2230 Ἐρωτηθεὶς
823 2158 930 2228 γὰρ
956 2160 1002 2210 εί
1028 2157 1106 2211 δεῖ
1132 2159 1256 2220 τοὺς
1296 2159 1351 2209 ὲν
1392 2157 1541 2228 ῥύσει
1585 2157 1747 2227 σπέρ-

194 2265 362 2317 ματος
388 2248 707 2316 γενομένους
721 2248 1110 2318 ἀπροαιρέτως,
1127 2246 1232 2299 τῶν
1246 2247 1592 2315 ἀγιασμάτων
1619 2263 1745 2316 μετ-

194 2339 356 2406 έχειν,
390 2338 491 2407 ἔφη
523 2338 624 2399 ὅτι,
653 2338 714 2390 Ol
744 2336 901 2390 τοῦτο
932 2336 1210 2399 παθόντες,
1266 2336 1342 2407 τῷ
1366 2337 1549 2406 οἰκείῳ
1577 2352 1747 2388 συνει-

190 2428 298 2479 an
333 2425 890 2479 κατακολουθείτωσαν
918 2444 930 2455 ·
965 2426 1128 2495 ἤγουν
1170 2426 1230 2478 τὸ
1272 2426 1503 2489 συνειδὸς
1552 2425 1747 2494 ἐχέτω-

194 2532 293 2568 σαν
342 2515 435 2568 τοῦ
490 2516 804 2589 πράγματος
838 2516 1112 2586 δικαστὴν,
1141 2516 1238 2587 τὴν
1269 2515 1470 2569 οἰκείαν
1509 2515 1745 2587 δηλονότι

191 2604 612 2658 διάνοιαν.Ὢστε
644 2606 691 2656 εί
725 2605 797 2675 μή
832 2622 975 2667 τινος
1015 2605 1312 2675 ὲμπαθείας
1352 2607 1747 2676 προϋποκειμέ-

192 2710 291 2763 νης
318 2693 657 2763 συμϐέϐηκεν
688 2695 1002 2763 αὐτομάτως
1043 2696 1075 2764 ἡ
1118 2696 1214 2765 τῆς
1244 2695 1405 2764 γονῆς
1433 2695 1616 2766 ὲκροὴ,
1648 2694 1745 2765 τῆς

193 2777 404 2843 causam;
424 2777 589 2846 αὐτὴν
621 2779 694 2839 ὡς
728 2778 1042 2848 περίττωμα
1072 2780 1396 2852 ὲκκρινάσης
1418 2798 1430 2811 ·
1453 2782 1485 2852 ἢ
1508 2784 1554 2834 εί
1580 2782 1652 2852 μὴ
1681 2782 1746 2836 ὲκ

196 2862 474 2934 παροινίας
498 2866 589 2917 καὶ
618 2864 676 2929 ἐξ
701 2865 1034 2935 ἀδδηφαγίας
1054 2870 1283 2936 ἐγένετο,
1306 2872 1402 2923 οὐκ
1425 2870 1747 2942 ὲμποδισθή-

197 2965 339 3004 σεται
440 2952 594 3005 τοῦτο
624 2952 809 3007 παθὼν
838 2955 912 3025 τῷ
936 2956 1074 3024 ἁγίῳ
1109 2959 1421 3028 προσελθεῖν
1453 2960 1743 3032 θυσιαστη-

196 3037 326 3109 ρίῳ·
379 3041 427 3092 ει
479 3040 535 3095 δέ
582 3058 665 3104 τις
697 3043 1042 3113 προϋπῆρξεν
1069 3047 1314 3116 ἐμπαθὴς
1344 3047 1616 3117 λογισμὸς,
1651 3048 1746 3102 καὶ

194 3120 346 3190 οὗτος
396 3130 841 3200 ἐμφιλοχωρήσας
882 3135 947 3201 τῇ
987 3133 1189 3203 διανοίᾳ
1234 3135 1416 3198 αὐτοῦ,
1454 3138 1748 3204 φαντασίαν

195 3218 461 3288 ἐπήνεγκε
483 3222 817 3290 νυκτερινὴν,
835 3222 926 3274 καὶ
953 3223 1119 3293 ταύτῃ
1144 3226 1573 3296 ἐπηκολούθησεν
1593 3229 1626 3296 ἡ
1652 3229 1749 3298 τῆς

194 3307 354 3375 γονῆς
386 3307 570 3378 ἐκροὴ,
604 3310 698 3361 καὶ
721 3308 781 3372 ἐξ
810 3310 1074 3379 ἀκρασίας
1107 3312 1402 3382 βρωμάτων
1432 3316 1522 3368 καὶ
1544 3316 1749 3378 πόσεως

199 3394 388 3464 συνέϐη
408 3411 422 3424 ’
458 3396 487 3447 ὁ
518 3396 751 3459 τοιοῦτος
781 3397 839 3448 οὐ
873 3398 1106 3465 καθαρός
1140 3401 1305 3461 ἐστιν,
1339 3402 1396 3453 ού
1430 3402 1515 3453 διὰ
1541 3402 1635 3471 τὴν
1663 3403 1751 3473 ῥῦ-

200 3499 279 3535 σιν
326 3484 421 3536 τοῦ
474 3486 782 3555 σπέρματος
828 3488 924 3556 (οὐ
958 3488 1063 3557 γὰρ
1093 3489 1394 3559 ἀκάθαρτον
1421 3491 1595 3553 τοῦτο,
1627 3494 1748 3543 ἐπεὶ

204 3576 295 3645 μὲν
327 3576 448 3628 οὐδὲ
480 3578 512 3645 ὴ
538 3577 673 3648 σὰρξ
702 3575 768 3650 ἦς
799 3579 970 3632 ἐκεῖνο
1003 3580 1376 3650 περίττωμα),
1413 3582 1544 3635 ἀλλὰ
1571 3583 1656 3636 διὰ
1688 3585 1749 3637 τὺ

198 3666 427 3735 πονηρὸν
460 3666 727 3737 ἐνθύμιον,
753 3669 886 3740 ὅπερ
917 3668 1138 3738 ὲμόλυνε
1155 3670 1251 3739 τὴν
1266 3671 1515 3724 διάνοιαν.
1536 3673 1591 3725 '0
1622 3672 1748 3740 γοῦν

197 3754 427 3818 τοιοῦτος
458 3757 555 3808 οὐκ
593 3758 974 3829 εὐσυνείδητος,
1010 3759 1298 3813 κάντεῦθεν
1333 3762 1437 3814 οὐδ’
1470 3764 1748 3833 εὖτ-ξαρρψ

200 3844 407 3908 σίαστος
437 3846 524 3899 διὰ
554 3846 615 3898 τὸ
648 3846 778 3899 ἴδιον
804 3847 1067 3916 ἐνθύμιον.
1101 3849 1225 3911 Πῶς
1262 3846 1353 3902 οὖν
1396 3852 1748 3921 προσελεύσε-

199 3950 281 3988 sat
303 3933 379 4004 τῷ
405 3933 525 4003 Θεῷ
555 3933 982 4005 διακρινόμενος;
1022 3938 1239 4002 Ἐπάγει
1263 3938 1319 3992 δὲ
1348 3940 1441 3992 καὶ
1469 3942 1660 4011 χρῆσιν
1686 3944 1750 3996 ὲκ

198 4022 285 4074 τοῦ
329 4024 565 4092 μεγάλου
597 4023 809 4078 Παύλου
846 4025 1147 4094 γράψαντος
1179 4030 1304 4096 περὶ
1332 4028 1440 4081 τῶν
1475 4030 1750 4085 εἰδωλοθύ-

198 4128 318 4173 των,
345 4112 424 4164 ὅτι
472 4111 915 4181 διακρινόμενος
957 4114 1064 4168 ἐὰν
1103 4114 1283 4185 φάγῃ,
1318 4119 1745 4188 κατακέκριται.

198 4200 325 4268 Περὶ
370 4201 427 4254 δὲ
474 4201 576 4271 τῆς
619 4202 713 4253 τοῦ
761 4204 1063 4274 σπέρματος
1093 4205 1326 4274 ρεύσεως
1362 4210 1455 4261 καὶ
1496 4211 1525 4263 ὁ
1576 4210 1748 4279 μέγας

210 4288 511 4353 Ἀθανάσιος
562 4289 813 4355 πλατέως
850 4292 1081 4362 ἔγραψεν
1131 4295 1265 4365 προς
1308 4297 1546 4367 Ἀμμοῦν
1585 4300 1748 4369 μονά-

1850 1893 2029 1937 autem
2079 1883 2342 1946 seminis,
2395 1896 2575 1949 qurere
2627 1879 2815 1947 magni
2856 1891 3074 1946 quoque
3116 1875 3399 1931 Athanasii

1849 1970 2131 2039 epistolam
2168 1971 2233 2023 ad
2264 1971 2514 2023 Ammum
2548 1972 2895 2022 monachum.

1925 2062 2123 2115 Zousn.
2166 2060 2262 2114 llic
2296 2074 2513 2129 quoque
2541 2056 2835 2126 praeposita:
2879 2055 3284 2124 interrogationi
3316 2072 3402 2111 rc-

1852 2151 2079 2221 spondet
2108 2150 2283 2202 Pater.
2332 2148 2571 2216 Rogatus
2603 2160 2836 2213 namque
2868 2160 2935 2198 an
2971 2145 3128 2199 liceat
3174 2147 3241 2200 iis
3279 2148 3403 2216 qui-

1852 2241 1954 2293 bus
1998 2240 2220 2294 scminis
2273 2239 2449 2291 tluxus
2498 2251 2605 2290 non
2651 2245 2842 2303 sponte
2885 2237 3182 2305 contingit,
3232 2239 3402 2293 sacris

1850 2329 2251 2383 communicare
2279 2326 2581 2396 mysteriis,
2628 2324 2905 2392 respondit
2947 2340 2962 2376 :
3004 2324 3108 2389 Qui
3158 2325 3259 2379 hoc
3308 2341 3402 2395 pa-

1851 2419 2089 2482 tiuntur,
2147 2417 2419 2485 propriam
2469 2422 2765 2482 sequantur
2815 2413 3229 2480 conscientiam,
3297 2415 3402 2469 hoc

1848 2517 1953 2571 est,
2002 2506 2126 2560 facti
2176 2507 2411 2575 judicent
2464 2511 2703 2557 statuant
2754 2503 3178 2567 conscientiam,
3239 2520 3398 2558 suum

1849 2598 2095 2651 videlicet
2147 2596 2385 2649 animum
2447 2608 2509 2647 ac
2568 2601 2838 2657 mentem;
2874 2596 2967 2647 -ita
3005 2603 3064 2647 ut
3107 2595 3151 2648 si
3185 2596 3400 2663 quidem

1851 2687 1997 2741 nulla
2042 2685 2325 2739 aﬂ'ectione
2365 2683 2767 2751 prargrediente,
2802 2683 2943 2736 ultro
2975 2683 3196 2737 seminis
3223 2683 3400 2739 ﬂuxos

1851 2776 2050 2837 evenit,
2100 2774 2261 2827 veluti
2312 2769 2642 2840 superﬂuum
2690 2773 2816 2840 quid
2868 2773 3043 2839 ipsum
3082 2786 3404 2829 cxcernente

1851 2875 2046 2920 natura
2072 2903 2087 2927 ,
2146 2878 2319 2932 neque
2356 2864 2428 2916 illi
2464 2878 2679 2917 causam
2707 2863 2997 2917 vinolentia
3033 2863 3113 2917 vel
3143 2865 3403 2932 gulositas

1850 2954 2100 3024 praebuit,
2128 2955 2194 3007 ad
2223 2961 2468 3040 sanctum
2506 2952 2674 3005 altare
2721 2952 2975 3005 accedere
3001 2953 3090 3020 qui
3125 2952 3172 3004 id
3206 2968 3403 3021 passus

1850 3052 1951 3107 est,
1986 3037 2405 3110 haudquaquam
2448 3040 2749 3103 vetabitur;
2801 3039 2846 3091 si
2890 3052 3018 3091 vero
3054 3039 3264 3091 mollior
3300 3037 3399 3091 ali-

1776 3109 1818 3165 δ
1853 3146 1959 3201 qua
1997 3109 2252 3199 cogitatio
2297 3128 2603 3196 prteccssit,
2643 3142 2814 3195 eaque
2858 3126 3019 3179 menti
3056 3127 3259 3181 diutius
3304 3126 3404 3180 ob-

1850 3231 2062 3276 versata
2113 3229 2430 3274 nocturnam
2482 3218 2712 3287 spccicm
2761 3219 2991 3282 induxit,
3024 3234 3185 3288 quam
3216 3229 3401 3287 postea

1849 3316 2074 3371 seminis
2113 3314 2291 3369 ﬂuxus
2334 3322 2417 3368 est
2449 3322 2794 3376 consecutus,
2842 3320 3003 3379 atque
3053 3326 3120 3365 ex
3171 3310 3405 3364 inconti-

1849 3407 2031 3462 nentia
2080 3406 2324 3459 ciborum
2366 3414 2418 3458 et
2447 3405 2678 3473 potionis
2728 3404 2924 3467 evenit,
2968 3404 3105 3456 haud
3151 3403 3402 3471 estcjus-

1848 3496 1989 3550 modi
2026 3496 2186 3549 homo
2226 3511 2393 3564 purus
2419 3536 2433 3559 ,
2473 3511 2579 3547 non
2625 3494 2695 3547 0b
2724 3493 2993 3546 deﬂuxum
3035 3494 3254 3547 seminis
3289 3495 3404 3562 (nc-

1847 3599 1951 3653 qne
1977 3584 2119 3636 enim
2151 3583 2253 3638 hoc
2282 3583 2573 3650 impurum,
2600 3581 3034 3650 quandoquidem
3061 3597 3160 3635 nec
3192 3583 3402 3649 impura

1848 3688 1995 3736 caro,
2029 3675 2185 3741 cujus
2214 3673 2315 3727 hoc
2336 3671 2782 3739 excrementum),
2811 3670 2902 3725 sed
2926 3671 2994 3723 ob
3020 3670 3416 3739 cogitationem-

1848 3777 2091 3831 pravam,
2132 3760 2252 3830 «ιιιαὲ
2295 3761 2533 3814 animum
2585 3760 2908 3829 inquinavit.
2964 3757 3079 3813 Non
3113 3768 3196 3812 est
3223 3761 3405 3827 itaque

1849 3851 1940 3904 hic
1986 3851 2188 3904 nullius
2242 3849 2344 3903 sibi
2392 3849 2646 3902 conscius
2696 3848 2866 3910 labis,
2919 3848 3252 3915 proiudeque
3306 3862 3407 3902 nec

1846 3941 2002 4009 plena
2060 3940 2137 3993 illi
2185 3940 2397 4003 ﬁducia,
2449 3938 2521 3992 ob
2553 3954 2703 3992 suam
2750 3938 3117 4005 cupiditatem.
3164 3936 3278 4001 Qua
3313 3952 3407 3990 ra-

1848 4030 1994 4084 tione
2032 4029 2194 4099 igitur
2223 4028 2333 4081 Deo
2365 4027 2817 4096 apprOpinquabit
2850 4027 3142 4080 dubitans?
3173 4026 3406 4095 Subjicit

1849 4134 2066 4190 quoque
2120 4119 2301 4188 magni
2356 4117 2510 4172 Pauli
2563 4119 2923 4182 sententiam,
2970 4116 3038 4171 de
3095 4117 3405 4186 idolothytis

1838 4195 2154 4272 'scribentis,
2191 4208 2334 4276 quod
2369 4210 2418 4260 si
2445 4209 2690 4261 dubitans
2730 4206 2985 4269 comedat,
3030 4211 3404 4258 condemnatus

1846 4309 1944 4351 est.
1993 4299 2160 4353 Porro
2205 4300 2271 4352 de
2313 4299 2537 4352 seminis
2587 4296 2854 4361 ﬂuxione,
2908 4310 3136 4365 magnus
3187 4306 3407 4361 quoque

1846 4386 2175 4441 Athanasius
2221 4387 2407 4440 multis
2453 4385 2632 4439 verbis
2673 4386 2736 4439 ad
2770 4386 3023 4437 Ammum
3075 4380 3402 4437 monachum
