4012 6442
223 344 326 406 477

1370 352 1449 413 ΙΝ
1484 355 1719 415 EPIST.
1755 363 1769 414 ἔ

1873 357 2083 419 PETRI
2141 362 2181 418 A
2194 361 2356 427 LEX.
3331 360 3433 424 478

224 476 417 549 μένους
462 473 694 543 διάφορά
725 489 848 527 τινα
873 475 965 527 καὶ
986 474 1273 541 ἀναγκαῖα,
1297 474 1454 543 χάριν
1487 474 1593 526 τῶν
1618 475 1769 545 ἀρνη-

1891 475 2081 529 finiunt
2105 477 2160 528 in
2190 477 2414 544 gratiam
2440 490 2625 528 eorum
2661 475 2751 544 qui
2801 473 2969 528 Deum
2999 476 3349 543 ahnegarunt,
3370 487 3424 532 ct

221 567 416 619 σιθέων
443 564 745 634 ζητούντων
791 564 1098 633 μετάνοιαν,
1133 563 1225 616 καὶ
1265 565 1390 632 περὶ
1420 563 1523 616 τῶν
1554 565 1780 633 αὐτομο-

220 655 502 723 ὶησάντων
547 656 626 716 εἰς
680 653 741 705 τὸ
776 653 1069 726 μαρτύριον
1096 654 1189 706 καὶ
1221 654 1664 716 ἐκπεπτωκότων,
1691 656 1782 706 καὶ

218 743 380 798 πάλιν
430 742 874 813 ὁμολογησάντων
931 742 1028 812 τὴν
1077 742 1274 804 πίστιν,
1315 744 1406 794 καὶ
1443 744 1569 812 περὶ
1611 743 1780 796 ἄλλων

216 831 381 881 τινῶν
440 829 718 881 τοιούτων.
770 830 927 895 Ζήτει
960 829 1270 895 ἀναγκαίως
1296 831 1386 881 καὶ
1419 833 1541 892 τοὺς
1572 829 1781 891 πλείους

217 922 448 982 κανόνας
475 920 576 987 τῆς
600 923 656 972 ὲν
702 917 942 989 ’Δγκύρᾳ
971 919 1208 972 συνόδου.

289 1011 531 1064 ΖΩΝΑΡ.
581 1010 879 1079 Διαιρέσεις
920 1012 1150 1061 ποιεῖται
1177 1011 1203 1060 ό
1242 1010 1392 1075 ἅγιος
1428 1003 1578 1070 οὗτος
1599 1009 1782 1079 Πατὴρ

213 1101 324 1154 τῶν
357 1102 415 1154 ὲν
471 1101 726 1170 διωγμοῖς
773 1101 1164 1169 ἀρνησαμένων
1214 1100 1310 1168 τὴν
1367 1101 1540 1150 πίστιν
1571 1103 1665 1167 τὴν
1705 1101 1781 1150 οἰ·-

215 1191 393 1252 κεῐαν,
427 1189 519 1242 καί
565 1206 746 1258 φησιν,
776 1191 856 1241 ὅτι
899 1194 1008 1250 τοῖς
1042 1188 1249 1258 ἀχθείσι
1290 1189 1421 1257 πρὸς
1445 1191 1564 1250 τοὺς
1588 1184 1779 1258 τυράν-

215 1299 359 1345 νους,
390 1283 485 1333 καὶ
507 1283 585 1343 είς
609 1280 853 1349 φυλακὴν
885 1279 1214 1349 ὲμϐληθείσι,
1237 1279 1494 1348 βασάνους
1518 1297 1572 1332 τε
1595 1279 1782 1348 ἀνηκέ-

213 1388 373 1433 στους
394 1369 854 1439 ὑπομεμενηκόσι,
881 1369 974 1420 καὶ
1004 1369 1337 1438 ἀφρονήτους
1361 1369 1422 1436 (Ῑ.
1459 1369 1780 1438 ἀφορήτους)

215 1460 509 1529 μάστιγας,
526 1458 617 1509 καὶ
642 1457 819 1526 σχεδὸν
840 1457 1084 1518 ἀνιάτους
1109 1459 1200 1509 καὶ
1216 1457 1611 1533 Magnanimo;
1634 1459 1779 1524 (ἄκος

214 1549 323 1617 γὰρ
352 1548 384 1616 ἡ
409 1547 668 1616 θεραπεία
695 1547 828 1606 ἐστὶ,
855 1547 947 1599 καὶ
973 1547 1263 1614 ἀνήκεστον
1284 1547 1342 1598 τὸ
1373 1545 1776 1616 ἀθεράπευτον),

214 1640 309 1690 καὶ
326 1638 491 1698 ἄλλας
512 1636 767 1704 ἀνάγκας,
784 1637 879 1689 καὶ
904 1636 1040 1706 μετὰ
1066 1637 1230 1689 ταῦτα
1261 1636 1565 1704 ύποκύψασι
1586 1636 1676 1689 καὶ
1697 1635 1782 1687 θύη-

215 1743 392 1787 σασιν,
419 1727 495 1788 ὡς
529 1726 631 1778 ὑπὸ
662 1726 758 1796 τῆς
785 1725 1062 1788 ἀσθενείας
1086 1726 1182 1794 τῆς
1212 1726 1409 1795 σαρκὸς
1454 1727 1774 1798 προδοθεῖσι,

1881 567 2248 631 paenitentiam
2271 565 2478 633 petunt,
2509 574 2562 618 et
2584 567 2650 619 de
2681 568 2746 620 iis
2778 568 2869 635 qui
2898 566 2966 618 ad
2998 569 3308 636 martyrium
3345 567 3423 621 ul-

1882 665 1963 709 tro
1996 656 2338 721 advolarunt,
2372 667 2423 711 et
2456 659 2590 725 lapsi
2629 666 2776 722 sunt,
2809 667 2860 712 et
2893 674 3082 712 rursus
3111 659 3266 713 (idem
3297 669 3424 714 sunt

1881 744 2212 806 co:il'cssi,ct
2245 744 2312 800 de
2362 747 2483 797 aliis
2533 747 2850 815 quibusdam
2897 747 3184 813 ejusmodi.
3238 749 3426 812 Quaere

1881 836 2040 890 etiam
2071 851 2178 889 non
2221 836 2422 904 absque
2454 835 2630 888 fructu
2662 837 2923 906 plurimos
2956 852 3190 892 canones
3233 839 3426 908 synodi

1880 923 2200 992 Ancyranm.

1952 1013 2148 1066 Ζοιιὶιιι.
2187 1014 2331 1068 Inter
2354 1029 2445 1068 eos
2463 1017 2554 1082 qui
2583 1015 2907 1069 turbulentis
2936 1017 3264 1085 temporibus
3301 1032 3428 1086 pro—

1882 1104 2051 1171 priam
2087 1103 2238 1155 iidem
2270 1105 2622 1170 abnegarunt,
2642 1103 2931 1157 discrimen
2957 1113 3175 1158 sanctus
3203 1107 3289 1158 hic
3325 1105 3426 1159 Pa-

1882 1204 1962 1246 ter
2003 1192 2211 1251 statuit,
2256 1193 2456 1260 aitque,
2489 1193 2580 1260 qui
2614 1193 2678 1245 ad
2710 1203 2968 1263 tyrannos
3010 1196 3086 1248 rei
3130 1195 3235 1247 acti
3278 1205 3422 1260 sunt,

1881 1298 1940 1334 ac
1969 1282 2265 1336 in—rincula
2301 1283 2552 1350 conjecti,
2591 1289 2963 1351 tormentaque
2995 1285 3310 1352 gravissima
3333 1286 3426 1339 lla-

1881 1373 2123 1442 gellaque
2161 1373 2301 1424 haud
2333 1373 2656 1434 tolerabilia,
2689 1388 2913 1441 quicque
2949 1376 3094 1426 nulla
3139 1391 3423 1445 propemo-

1879 1459 2006 1512 dum
2037 1473 2187 1520 cura,
2222 1468 2313 1511 aut
2341 1458 2604 1512 medicina
2639 1459 2816 1511 sanari
2852 1468 3071 1526 possent
3101 1459 3249 1529 (ἄκος
3277 1476 3431 1514 nam-

1878 1564 1982 1618 que
2025 1550 2344 1600 curationem
2385 1547 2686 1616 signiﬁcat,
2733 1555 2921 1616 estque
2958 1530 3250 1617 ἀνήκεστον
3287 1551 3426 1603 idem

1879 1637 2020 1706 quod
2043 1635 2466 1700 immedicabile),
2497 1638 2738 1704 aliasque
2769 1626 3122 1692 necessitates
3155 1640 3429 1693 sustinue-

1882 1735 2043 1790 runt;
2081 1738 2141 1778 ac
2171 1730 2356 1792 postea
2385 1724 2800 1777 succumbentes
2836 1725 3203 1787 immolarunt,
3239 1727 3428 1779 velut:

217 1818 293 1886 μὴ
343 1816 660 1885 δυνηθείσης
705 1816 864 1886 μέχρι
907 1815 1089 1878 τέλους
1118 1817 1514 1888 ἐγκαρτερῆσαι
1541 1822 1648 1881 τοῖς
1681 1818 1769 1870 ἁλ-

1878 1816 2056 1870 carnis
2097 1814 2463 1867 imbecillitate
2507 1814 2726 1882 proditi,
2773 1829 2890 1883 quae
2930 1814 2994 1868 ad
3052 1813 3209 1868 linem
3259 1831 3429 1884 usque

213 1907 428 1972 γεινοίς,
463 1905 666 1976 ἁρκεῖό
698 1905 976 1972 παρελθὼν
1007 1906 1193 1976 χρόνος
1216 1909 1292 1968 εἰς
1318 1907 1652 1977 ἐπιτίμησιν.
1679 1909 1778 1958 Τέ-

211 2010 410 2063 ταρτον
437 1994 545 2064 γάρ
568 2010 726 2062 φησιν
757 1993 857 2061 ἥδη
905 1994 1091 2062 Πάσχα
1121 1996 1569 2065 ὲπικατείληθρεν,
1593 1999 1770 2062 ὲξότου

215 2083 533 2136 πεπτώκασι
577 2083 671 2153 τὴν
725 2084 982 2153 μεγίστην
1033 2084 1254 2138 πτῶσιν.
1295 2087 1399 2138 Καὶ
1427 2089 1473 2139 εί
1516 2088 1654 2156 τάχα
1685 2090 1776 2140 καὶ

215 2170 276 2234 ἐξ
295 2171 492 2242 ἀρχῆς,
524 2171 610 2222 ὅτε
639 2169 935 2239 προσῆλθον
967 2170 1408 2240 μεταμελόμενοι,
1430 2173 1528 2224 οὐκ
1554 2173 1775 2242 ἐδέχθη-

217 2277 343 2321 σαν,
372 2263 522 2330 ὅμως
558 2264 638 2314 δτι
667 2262 724 2314 ού
761 2263 898 2314 κατὰ
957 2263 1269 2333 προαίρεσιν
1292 2257 1454 2331 ἦλθον
1489 2264 1566 2324 εἰς
1593 2263 1652 2314 τὸ
1685 2262 1775 2314 θῦ-

219 2365 328 2411 σαι,
363 2349 456 2400 καὶ
486 2349 816 2415 ἀντέστησαν
841 2350 1090 2412 ἐπιπολὺ,
1121 2350 1214 2402 καὶ
1248 2350 1518 2418 στίγματα
1550 2349 1639 2402 τοῦ
1676 2352 1776 2420 Ἰη-

218 2435 332 2499 σοῦ,
359 2438 526 2507 ἤγουν
564 2436 830 2506 μώλωπας
857 2438 963 2490 τῶν
986 2439 1332 2508 τραυμάτων,
1367 2433 1441 2491 ὧν
1469 2439 1774 2508 ὑπέστησαν

216 2528 354 2598 ὖπὲρ
381 2528 476 2581 τοῦ
503 2529 756 2599 Χριστοῦ,
788 2529 988 2598 ἔχουσι,
1027 2532 1118 2582 καὶ
1151 2531 1248 2600 ἤδη
1276 2531 1456 2602 τρίτον
1487 2532 1602 2594 ἔτος
1633 2552 1772 2604 παρα

214 2616 378 2684 ἦλθεν
405 2617 741 2671 πενθούντων
775 2619 948 2670 αὐτῶν
981 2620 1065 2672 διὰ
1091 2621 1184 2690 τὴν
1215 2621 1438 2683 πτῶσιν,
1459 2638 1771 2691 προσεπιτι-

221 2705 453 2775 μηθῆναι
500 2707 714 2776 ὥρισεν,
751 2707 869 2759 ἀντὶ
894 2707 1008 2766 τοῦ.
1055 2710 1145 2762 ἐπὶ
1184 2710 1340 2762 πλέον
1368 2711 1769 2780 ὲπιτιμηθῆναι,

215 2796 378 2857 ἄλλας
449 2795 854 2865 τεσσαράκοντα
923 2797 1133 2868 ἡμέρας
1220 2798 1400 2861 ὲξότου
1473 2800 1772 2868 προσῆλθον

216 2882 504 2952 ζητοῦντες
559 2882 846 2953 δεχθῆναι·
888 2887 946 2936 ὲν
990 2881 1077 2949 αἷς
1135 2888 1224 2939 ἐπὶ
1273 2888 1431 2942 πλέον
1472 2890 1771 2957 γυμνασίαν

217 2973 596 3038 ίπιδείξαντες,
621 2977 712 3026 καὶ
737 2975 1090 3046 εὐτονώτερον
1110 2977 1392 3046 νήψαντες,
1417 2979 1580 3045 ἤγουν
1611 2996 1771 3030 σπου-

215 3062 488 3133 δαιότερον
540 3064 864 3133 προσχόντες
924 3067 1153 3127 ἑαυτοῖς,
1210 3068 1642 3136 γρηγορήσουσιν
1690 3071 1768 3129 είς

1878 1904 2144 1958 obdurare
2188 1904 2242 1954 in
2290 1902 2570 1955 doloribus
2624 1902 2764 1954 haud
2814 1904 3072 1971 potuerit,
3106 1905 3172 1958 iis
3214 1905 3427 1958 mulcta

1877 1994 2095 2047 nomine
2141 1993 2429 2046 decursum
2478 1993 2591 2060 jam
2625 1999 2838 2060 tempus
2873 1991 3134 2047 sullicere.
3163 1991 3426 2057 Quartum

1877 2085 2164 2153 siquidem,
2203 2085 2396 2152 inquit,
2433 2083 2638 2135 Pascha
2669 2083 2778 2148 jam
2809 2090 3059 2136 exactum
3105 2093 3207 2146 est,
3230 2098 3296 2136 ex
3319 2098 3428 2152 quo

1877 2176 1930 2228 in
1957 2176 2333 2244 gravissimum
2371 2175 2512 2226 hunc
2565 2173 2802 2226 incidere
2855 2187 3063 2226 casum.
3105 2173 3179 2225 Ac
3215 2174 3427 2228 etiamsi

1877 2263 2014 2318 forte
2047 2264 2200 2316 initio
2234 2278 2355 2316 cum
2389 2262 2707 2331 pwnitentia
2737 2260 2882 2314 ducti
2919 2270 3286 2324 accesserunt,
3318 2276 3428 2315 non

1875 2363 2001 2408 sunt
2031 2353 2289 2422 suscepti,
2327 2360 2506 2405 tamen
2541 2351 2667 2420 quia
2717 2366 2822 2402 non
2876 2357 3068 2418 sponte
3113 2365 3428 2418 processere

1875 2441 1939 2494 ad
1987 2442 2372 2495 immolandum
2403 2441 2605 2509 diuque
2650 2448 3032 2507 repugnarunt,
3078 2454 3141 2492 ac
3173 2439 3423 2508 stigmata

1873 2534 2020 2594 Jesu,
2050 2534 2332 2586 vulnerum
2358 2547 2548 2600 nempe
2588 2547 2706 2598 qua:
2737 2545 2833 2600 pro
2867 2530 3081 2583 Christo
3114 2531 3424 2586 sustinuere

1871 2622 2152 2674 cicatrices
2182 2630 2410 2688 gerunt:
2447 2620 2744 2686 tertiusque
2769 2618 2878 2686 jam
2912 2618 3112 2671 ellluxit
3145 2633 3317 2673 annus
3355 2636 3422 2673 et

1870 2727 1978 2780 quo
2006 2711 2188 2780 lugent
2220 2711 2430 2777 lapsum
2461 2709 2631 2768 illum,
2653 2709 2873 2775 insuper
2897 2709 3167 2770 mulctari,
3196 2709 3295 2762 hoc
3320 2722 3420 2771 est,

1872 2799 2006 2852 alios
2026 2800 2199 2851 adhuc
2225 2796 2580 2866 quadraginta
2614 2796 2727 2849 dies
2761 2811 2823 2848 ex
2853 2811 2958 2863 quo
2989 2796 3054 2848 ad
3087 2797 3424 2850 communio-

1872 2903 1991 2941 nem
2029 2887 2235 2940 admitti
2284 2887 2621 2953 postulantes
2665 2892 3042 2945 accessermtt,
3076 2885 3289 2937 mulctaz
3318 2900 3420 2937 no-

1872 2977 2014 3030 mine
2046 2975 2404 3044 injungendos
2427 2990 2545 3028 esse
2567 2974 2827 3026 decernit.
2855 2973 2909 3026 In
2941 2973 3136 3041 quibus
3160 2974 3419 3041 majorem

1872 3066 2046 3117 adhuc
2089 3063 2436 3117 ostendentes
2485 3061 2806 3129 poenitentizc
2846 3061 3308 3126 orereitationem,
3365 3067 3420 3114 et

215 3132 517 3221 προσεύχᾶς
543 3193 557 3215 ,
589 3132 1109 3224 νκαταμελετῶντες,
1175 3132 1340 3223 ἤγουν
1392 3132 1654 3224 συνεχῶς
1711 3159 1765 3208 ὲν

1873 3153 2149 3210 intentius,
2187 3152 2287 3204 hoc
2331 3159 2431 3208 est,
2472 3150 2757 3203 attentiore
2799 3164 2929 3202 cura
2976 3150 3306 3217 jejunantes,
3333 3159 3416 3203 at‘

215 3241 449 3308 φροντίδι
498 3241 826 3310 ποιούμενοι,
858 3243 951 3293 καὶ
993 3242 1254 3307 λέγοντες,
1281 3243 1315 3296 ἃ
1341 3246 1368 3295 ό
1402 3243 1599 3315 Κύριος
1634 3246 1765 3314 πρὸς

213 3327 299 3379 ut:
323 3329 647 3401 πειράζοντα
684 3325 851 3382 εἶπεν·
886 3331 1098 3399 Ὕπαγε
1121 3333 1308 3386 ὀπίσω
1331 3351 1466 3401 μου,
1498 3334 1761 3388 Σατανᾶ·

215 3413 527 3484 γέγραπται
554 3415 696 3484 γάρ’
734 3419 948 3484 Κύριον
975 3420 1079 3472 τὸν
1110 3422 1255 3472 Θεόν
1285 3436 1398 3474 σου
1436 3423 1766 3490 προσκυνή-

215 3520 362 3570 σεις,
393 3505 488 3557 καὶ
517 3503 673 3569 αὐτῷ
697 3506 861 3573 μόνῳ
889 3509 1250 3575 λατρεύσεις.

814 3687 1050 3740 ΚΑΝΩΝ
1078 3688 1151 3739 B'.

288 3790 309 3823 ι
350 3773 476 3837 Tol;
497 3775 554 3827 δὲ
583 3774 718 3844 μετὰ
747 3775 806 3827 τὸ
840 3777 1226 3846 φυπλακισθῆναι
1272 3780 1428 3843 μόνον
1463 3781 1482 3810 ³
1507 3781 1596 3833 καὶ
1631 3782 1760 3833 ὑπο-

223 3878 241 3910 ι
271 3864 631 3933 μεμενηκέναι
672 3863 770 3927 τὰς
795 3866 852 3918 ὲν
883 3866 958 3935 τῷ
992 3867 1360 3938 δεσμωτηρίῳ,
1395 3871 1468 3932 ὼς
1493 3869 1556 3921 ἂν
1586 3874 1641 3922 ἐν
1668 3890 1762 3923 πο-

222 3965 241 3999 ι
272 3949 504 4021 λιορκίᾳ,
575 3950 778 4020 θλίψεις
834 3970 891 4006 τε
945 3955 1036 4007 καὶ
1091 3956 1374 4020 δυσωδίας,
1435 3958 1654 4029 ὕστερον
1706 3962 1761 4014 δὲ

220 4055 239 4088 ι
275 4040 440 4108 χωρὶς
463 4041 695 4110 πολέμου
723 4042 968 4111 βασάνων
984 4047 1289 4115 γενομένοις
1312 4050 1352 4079 ³’
1379 4051 1758 4119 αἰχμαλώτοις,

222 4145 239 4177 ι
271 4129 410 4182 κατὰ
462 4131 656 4200 πολλὴν
711 4134 976 4202 πτωχείαν
1013 4136 1306 4205 δυνάμεως,
1339 4140 1429 4191 καὶ
1467 4141 1605 4193 κατά
1647 4161 1762 4195 τινα

221 4233 239 4265 ι
273 4217 576 4287 τυφλότητα
649 4220 1097 4291 τεθραυσμένοις,
1165 4227 1452 4296 ἐπαρκέσει
1522 4232 1761 4295 ἐνιαυτὸς

219 4323 236 4352 ι
273 4306 405 4374 πρὸς
453 4305 529 4376 τῷ
571 4309 740 4379 ἑτέρῳ
771 4311 971 4380 χρόνῳ·
1017 4313 1134 4364 ἐπεὶ
1172 4314 1303 4376 ὅλως
1342 4317 1433 4368 καὶ
1463 4318 1610 4370 αὐτοὶ
1642 4320 1760 4371 ἐπι-

1872 3243 2149 3294 tcndcntcs
2181 3239 2553 3307 sibimetipsis,
2574 3239 2794 3307 vigileut
2830 3238 2882 3290 in
2915 3238 3270 3302 orationibus,
3307 3252 3420 3290 me-

1868 3335 2122 3395 ditantes,
2157 3332 2256 3384 hoc
2307 3339 2389 3385 est
2423 3329 2603 3382 animo
2641 3338 2896 3397 perpetuo
2931 3339 3226 3390 versantes,
3259 3343 3418 3384 voce-

1868 3440 1970 3492 quc
1998 3431 2321 3490 usurpantes
2355 3435 2474 3489 qua:
2508 3419 2767 3471 Dominus
2798 3417 2863 3470 ad
2896 3426 3213 3472 tentatorcm
3240 3420 3370 3472 dixit
3397 3437 3413 3474 :

1867 3516 1964 3566 Abi
1995 3529 2121 3580 pone
2153 3529 2250 3572 nte,
2295 3511 2539 3572 Salano;
2577 3511 2822 3574 scriptum
2847 3519 2922 3560 est
2953 3511 3118 3562 cnim:
3140 3509 3418 3563 Dominum

1867 3605 2030 3657 Deum
2063 3614 2204 3655 tuum
2229 3601 2497 3663 adorabis,
2527 3610 2573 3652 et
2600 3600 2680 3652 illi
2707 3600 2805 3652 soli
2836 3599 3043 3652 servies.

2402 3681 2694 3748 9CAN0N
2739 3687 2799 3742 ιι.

1940 3799 1959 3831 ι
2001 3779 2070 3834 lis
2098 3791 2274 3833 autem
2320 3782 2410 3848 qui
2458 3790 2741 3848 postquam
2791 3779 2845 3832 in
2885 3779 3184 3832 custodiam
3237 3777 3416 3831 traditi

1870 3889 1888 3920 ‹
1938 3873 2084 3937 sunt,
2113 3879 2164 3925 et
2199 3872 2252 3924 in
2286 3886 2522 3930 carcere,
2574 3879 2827 3939 tanquam
2882 3872 2934 3922 in
2987 3871 3288 3931 obsidione,
3334 3871 3416 3921 af-

1872 3978 1889 4010 ι
1937 3960 2202 4012 llictioues
2233 3973 2532 4026 gravesque
2574 3958 2769 4011 fetores
2819 3959 2964 4026 passi
3022 3967 3175 4023 sunt;
3228 3966 3416 4025 postea

1870 4067 1886 4098 ι
1935 4056 2116 4100 atitcm
2151 4049 2266 4100 sine
2300 4047 2438 4100 bello
2465 4055 2856 4100 tormentorum
2889 4048 3087 4114 captivi
3114 4047 3240 4100 facti
3263 4055 3412 4109 sunt,

1871 4157 1888 4190 ι
1936 4138 2096 4191 nimia
2122 4138 2314 4190 virium
2338 4140 2515 4206 inopia
2537 4147 2587 4190 et
2613 4137 2842 4206 quadam
2866 4140 3107 4191 caecitate
3126 4138 3411 4204 confracti,

1869 4247 1886 4279 ι
1933 4243 2108 4281 annus
2137 4228 2202 4280 ad
2246 4228 2389 4282 aliud
2433 4235 2645 4295 tempus
2677 4228 2952 4296 injunrtus
2987 4229 3212 4282 suﬂiciet
3245 4248 3258 4282 :
3288 4245 3411 4281 nam

1871 4337 1886 4368 ι
1937 4319 2038 4386 ipsi
2062 4333 2275 4387 quoque
2304 4334 2362 4372 se
2398 4320 2620 4373 omnino
2649 4334 2745 4387 pro
2778 4319 2995 4372 nomine
3048 4319 3248 4371 Christi
3278 4318 3413 4370 allii-

220 4413 238 4444 ι
268 4393 557 4450 δεδώκασιν
610 4400 835 4462 ἑαυτοὺς
883 4402 1021 4472 ὑπὲρ
1047 4402 1138 4454 τοῦ
1195 4404 1455 4474 ὀνόματος
1491 4407 1583 4460 τοῦ
1623 4411 1758 4479 Χρι-

1873 4424 1886 4455 ι
1929 4405 2129 4475 gendos
2168 4405 2406 4459 dedere:
2452 4408 2497 4459 si
2529 4408 2692 4460 etiam
2723 4421 2753 4458 a
2801 4406 3057 4460 fratribus
3100 4407 3153 4459 in
3195 4422 3412 4461 carcere

220 4503 239 4534 ι
273 4487 444 4538 στοῦ⁶³
469 4486 740 4556 θλιδῆναι·
789 4492 836 4542 εί
877 4492 970 4544 καὶ
1007 4492 1312 4546 ἀπέλαυσαν
1364 4495 1420 4545 ἐν
1459 4496 1535 4565 τῷ
1556 4497 1761 4567 δεσμω-

221 4591 238 4623 ι
269 4576 434 4646 τηρίῳ
473 4579 570 4646 τῆς
619 4580 767 4648 παρὰ
823 4581 929 4634 τῶν
980 4582 1218 4650 ἀδελφῶν
1274 4584 1474 4653 πολλῆς
1521 4587 1762 4642 ἀναπαύ-

222 4681 241 4714 ι
275 4680 422 4728 σσως.
451 4668 625 4738 ’Δπερ
659 4669 1088 4743 πολλαπλασίονα
1131 4674 1498 4742 ἀποδώσουσι,
1540 4679 1762 4732 ποθοῦν-

227 4770 245 4802 ι
277 4769 362 4817 τις
411 4756 745 4826 λυτρωθῆναι
794 4759 898 4812 ἀπὸ
949 4762 1047 4830 τῆς
1100 4765 1430 4835 πικροτάτης
1485 4769 1758 4836 αἰχμαλω-

225 4859 243 4892 ι
277 4844 392 4908 σίας
414 4846 507 4898 τοῦ
533 4846 796 4910 διαϐόλου,
839 4854 1164 4922 μεμνημένοι
1202 4856 1432 4925 μάλιστα
1458 4858 1548 4910 τοῦ
1572 4861 1754 4927 λέγον-

223 4948 242 4984 t
274 4949 378 4998 τος·
398 4937 641 5005 Πνεῦμα
670 4938 776 4992 τοῦ
799 4939 841 4968 δ’
868 4943 1086 5008 Κυρίου
1108 4946 1197 4996 ἐπ’
1223 4948 1345 5014 ἐμὲ,
1373 4944 1444 5002 οὗ
1469 4949 1670 5002 ἕνεκεν
1691 4956 1758 4982 ν’

227 5037 244 5069 ι
277 5021 474 5091 ἓχρισέ
488 5041 564 5092 με
587 5042 601 5054 ·
629 5027 1124 5094 εὐαγγελίσασθαι
1141 5037 1393 5103 πτωχοῖς
1419 5037 1757 5091 ἀπέσταλκά

227 5124 246 5156 ι
273 5126 362 5175 με,
391 5113 639 5179 κηρύξαι
679 5115 1070 5184 αίῃιαλώτοις
1110 5119 1344 5188 ἄφεσιν,
1381 5125 1477 5178 καί
1510 5128 1756 5194 τυφλοῖς

226 5209 247 5244 ι
279 5195 618 5265 ἀνάϐλεψιν,
645 5201 989 5258 ἀποστεῖλαι
1018 5209 1492 5277 τεθραυσμένους
1520 5213 1587 5264 ἐν
1614 5214 1754 5282 ἀφέ-

1867 4514 1885 4547 ι
1934 4496 2152 4555 multam
2176 4496 2599 4549 consolationem
2645 4496 2878 4548 assecuti
2930 4504 3073 4549 sunt.
3129 4495 3257 4560 Quae
3291 4498 3410 4564 qui-

1869 4605 1884 4635 ι
1934 4587 2054 4639 dem
2087 4586 2440 4653 multiplicata
2481 4586 2736 4648 reddent,
2773 4587 2988 4639 liberari
3037 4589 3314 4655 cupientes
3342 4587 3410 4641 ab

1867 4695 1883 4727 ι
1932 4676 2281 4730 acerbissima
2305 4677 2615 4745 captivitate
2644 4678 2864 4738 diaboli,
2901 4678 3018 4745 ejus
3061 4680 3289 4730 maxime
3325 4693 3407 4730 re-

1868 4785 1884 4816 ι
1932 4767 2218 4820 cordantes
2250 4770 2340 4834 qui
2375 4767 2506 4820 dicit
2541 4785 2552 4817 :
2592 4765 2821 4833 Spiritus
2868 4765 3078 4818 Domini
3120 4782 3271 4832 super
3305 4782 3405 4828 me,

1863 4872 1880 4904 ι
1929 4871 2083 4922 quam
2129 4854 2189 4907 ob
2222 4871 2435 4906 causam
2469 4861 2617 4905 unxit
2664 4871 2740 4906 me
2771 4870 2788 4905 :
2818 4864 2873 4906 ut
2905 4854 3217 4922 pauperibus
3246 4872 3405 4907 evan-

1864 4962 1881 4994 ι
1927 4945 2204 5012 gelizarem
2234 4943 2373 4993 misit
2409 4959 2505 5006 mc,
2541 4953 2587 4994 et
2627 4945 2991 4996 aununtiarem
3030 4944 3244 5010 captivis
3279 4943 3406 4996 liba-

1863 5054 1879 5084 (
1931 5037 2203 5096 rationem,
2238 5043 2284 5085 et
2317 5034 2463 5086 arcis
2495 5036 2631 5087 risus
2671 5036 3128 5100 recuperationem,
3163 5043 3208 5085 et
3235 5035 3406 5086 mitte-

1865 5144 1881 5173 ι
1926 5140 2031 5177 rem
2086 5125 2280 5191 fractos
2339 5124 2391 5175 in
2445 5124 2820 5184 remissionem,
2875 5124 3157 5187 pra’dicare
3209 5139 3412 5175 artuum

1865 5234 1882 5264 ι
1931 5214 2140 5266 Domini
2175 5214 2561 5281 accrptabile‘m,
2586 5223 2632 5268 et
2657 5214 2790 5267 diem
2827 5216 3177 5269 retributionis
3204 5232 3249 5269 α.
3284 5234 3304 5267 '1

229 5298 246 5331 ι
277 5299 380 5350 σει,
411 5290 662 5356 κηρύξαι
687 5292 959 5349 ἐνιαυτὸν
984 5300 1202 5366 Κυρίου
1231 5301 1461 5368 δεκτόν,
1495 5307 1589 5358 καὶ
1619 5307 1843 5375 ἡμέραν
1861 5309 2329 5372 ιὶνταποδόσεως.
2359 5327 2376 5358 ›

286 5446 306 5474 ⁸
335 5435 441 5494 ha.
473 5457 586 5507 ut,
623 5444 673 5511 l,
696 5445 760 5510 2;
787 5443 911 5502 Luc.
945 5464 1017 5513 tv,
1056 5451 1145 5515 l8,
1179 5453 1262 5507 19.

1433 5564 1658 5618 νΛΙΠᾸί
1698 5563 2090 5619 LECTIONES.

312 5686 328 5716 ³
351 5690 500 5744 μόνον
524 5707 630 5746 om.
707 5695 746 5724 ³⁸
781 5699 1096 5751 γενομένων.
1179 5704 1196 5732 ⁸
1226 5704 1315 5756 τοῦ
1350 5704 1578 5762 Χριστοῦ
1610 5719 1714 5756 om.

1796 5704 1830 5733 “
1868 5704 1956 5755 ’τιῦ
1991 5719 2094 5756 cm.

2175 5696 2234 5725 "'
2261 5707 2483 5758 εἵνεκεν.
