4012 6494
594 364 697 427 479

1869 370 2143 428 TllEUD.
2192 366 2583 427 BALSAMON

3684 365 3793 428 180

667 486 823 537 Rus.
851 482 949 536 llic
975 498 1148 536 canon
1177 483 1365 535 statuit
1396 490 1451 534 ut
1482 466 1571 549 qui
1599 481 1653 533 in
1685 479 1927 533 custodia
1960 481 2114 533 solun

2306 479 2427 529 ΒΑΛ
2439 480 2492 529 Σ.
2526 471 2690 539 Οὗτος
2718 479 2744 529 ὁ
2766 476 2940 529 κανὼν
2965 476 3314 545 διαλαμεέινει
3347 478 3472 539 τοὺς
3509 477 3664 547 μόνον
3685 496 3785 531 κα-
3823 487 3835 497 ’

593 577 729 627 n‘iale
758 572 929 627 alTecti
964 580 1110 634 sunt,
1145 582 1194 625 et
1217 573 1335 625 sine
1358 572 1640 625 tormentis
1667 570 1800 637 lapsi
1832 578 1975 633 sunt,
2012 581 2133 639 post

592 662 877 713 triennium
916 658 1052 711 alius
1084 672 1296 725 quoque
1335 657 1458 709 anni
1515 668 1669 723 poena
1733 657 2041 722 puniantur.
2075 654 2131 707 Si

594 748 728 798 forte
757 746 921 801 enim.
941 745 1132 811 inquit,
1160 743 1578 795 consolationem
1611 743 1845 795 assecuti
1877 751 2023 804 sunt,
2046 751 2131 814 ut;

594 840 713 897 pote
743 830 1014 898 aliquibus
1051 830 1289 883 ﬁdelibus
1320 830 1438 881 vita:
1462 830 1703 882 subsidia
1746 830 2131 895 suppeditanti-

593 924 710 980 bus,
742 920 774 972 ii
808 935 1019 986 quoque
1055 919 1248 971 debent
1283 920 1486 971 veniam
1519 918 1776 979 obtinere,
1814 926 1866 967 ut
1893 920 1977 985 qui
2010 934 2131 987 gra-

591 1010 671 1059 via
698 1024 795 1076 pro
829 1008 928 1061 [ille
958 1010 1098 1076 passi
1135 1016 1278 1061 suut.

660 1204 859 1258 Zonan.
904 1203 959 1256 lu
997 1203 1234 1256 secundo
1268 1204 1457 1255 ordine
1490 1218 1581 1255 eos
1606 1203 1744 1254 locat
1772 1203 1858 1270 qui
1895 1212 2128 1254 tantum-

590 1294 748 1346 modo
780 1295 835 1345 in
867 1295 1078 1345 vincula
1114 1293 1539 1359 conjecti,atque
1569 1293 1620 1343 in
1647 1307 1863 1344 carcere
1888 1293 2023 1344 male
2057 1292 2130 1343 ai-

590 1379 714 1432 fecti
753 1388 897 1442 sunt,
932 1390 1041 1431 tum
1078 1381 1240 1431 nullis
1267 1381 1444 1431 vexati
1486 1380 1811 1432 cruciatibus
1867 1394 2123 1446 peccave-

592 1478 748 1521 runt:
778 1470 975 1537 quibus
1017 1477 1207 1537 praeter
1236 1467 1524 1521 decursum
1560 1475 1791 1533 tempus,
1836 1468 2124 1520 triennium

589 1557 839 1610 videlicet
884 1556 949 1611 de
989 1572 1093 1625 quo
1144 1572 1305 1624 supra
1355 1557 1554 1609 dictum
1606 1565 1708 1619 est,
1748 1558 1873 1609 anni
1914 1571 2126 1624 quoque

590 1653 846 1715 praeterea
877 1646 1034 1698 unius
1066 1646 1316 1697 mulctam
1354 1646 1578 1713 irrogari
1604 1647 1796 1714 placet.
1861 1644 2122 1709 Quoniam

589 1743 642 1787 ct
673 1736 793 1802 ipsi,
829 1733 1035 1799 inquit,"
1054 1749 1147 1800 pro
1180 1734 1376 1786 Christi
1424 1736 1638 1787 nomine
1682 1734 1913 1787 dircxati
1964 1741 2121 1797 sunt;

2233 566 2640 634 κοπαθήσαντας
2672 567 2726 615 ἐν
2759 566 2820 632 τῇ
2859 562 3067 633 φυλακῇ
3096 565 3187 614 καὶ
3205 566 3373 632 χωρὶς
3400 564 3656 632 βασάνων
3681 583 3787 617 παι

2234 651 2670 721 ραπεπτωκὸτας,
2718 648 3065 716 ἐπιτιμᾶσθαι
3099 649 3233 717 μετά
3259 648 3349 699 τὸν
3384 649 3568 718 τριετῆ
3595 650 3787 719 χρόνον

2230 741 2319 792 καὶ
2350 740 2439 790 ἐπὶ
2462 740 2643 807 ἓτερον
2663 736 2921 789 ἐνιαυτόν.
2957 738 3019 788 Εἰ
3053 738 3189 805 τάχα
3210 738 3499 808 γάρ,φησ“ι,
3539 739 3633 790 καὶ
3682 741 3789 791 ἀπ-

2229 829 2455 881 έλαυσαν
2501 828 2889 898 παρακλήσεως
2913 866 2927 889 ,
2960 827 3034 889 ῶς
3060 844 3217 880 τινων
3252 829 3456 881 πιστῶν
3484 828 3783 900 χορηγούν-

2227 934 2333 967 των
2365 918 2541 978 αὐτοῖς
2584 919 2649 970 τά
2685 918 2817 986 πρὸς
2844 917 3127 988 διοίκησιν,
3174 918 3306 971 ἀλλὰ
3343 920 3434 970 καὶ
3461 913 3607 971 οὗτοι
3632 920 3787 986 ὀφεί-

2227 1006 2372 1057 λουσι
2406 1004 2726 1075 συγγνώμης
2758 1006 3032 1071 ἀξιοῦσθαι
3059 1008 3133 1069 ὡς
3157 1007 3292 1078 ὑπὲρ
3316 1008 3412 1074 τῆς
3428 1007 3663 1071 πίστεως
3685 1025 3788 1059 κα⁴

2228 1109 2288 1142 κο
2297 1092 2645 1161 παοήσαντες.

2296 1183 2530 1233 ΖΩΝΑΡ.
2573 1183 2658 1233 Ἐν
2696 1181 2922 1251 δευτέρᾳ
2966 1181 3115 1245 τάξει
3148 1181 3325 1249 τίθησι
3346 1182 3471 1242 τοὺς
3498 1181 3791 1251 μόνονιφυ-

2225 1269 2588 1332 λακισθέντας,
2619 1271 2710 1322 καὶ
2755 1270 3234 1339 κακοπαθήσαντας
3256 1272 3311 1321 ἐν
3334 1273 3397 1340 τῇ
3423 1271 3661 1339 φυλακῇ,
3692 1271 3789 1324 καὶ

2224 1362 2387 1429 χωρὶς
2416 1360 2657 1427 βασάνων
2690 1359 3202 1427 παραπεπτωκότας·
3225 1354 3304 1421 οἷς
3324 1360 3566 1411 ἐνιαυτὸν
3586 1360 3788 1423 ἔταξαν

2225 1448 2284 1515 (ι’.
2317 1448 2518 1517 ἔταξεν)
2538 1450 2615 1510 είς
2642 1449 2907 1517 ἐπιτίμιον
2937 1448 3071 1517 μετά
3099 1450 3186 1500 τὸν
3210 1447 3543 1515 παρελθόντα
3565 1450 3786 1519 χρόνον,

2223 1538 2383 1606 ἦγουν
2415 1538 2509 1606 τὴν
2544 1538 2780 1606 τριετίαν
2804 1539 2868 1605 ῆν
2897 1538 3112 1607 εἴρηκεν
3142 1539 3266 1590 ἄνω.
3298 1539 3439 1590 Διότι
3468 1538 3562 1590 καὶ
3599 1539 3785 1602 αὐτοὶ,

2224 1627 2400 1693 φησιν,
2416 1626 2553 1697 ὑπὲρ
2568 1627 2657 1678 τοῦ
2675 1629 2925 1695 ὀνόματος
2941 1625 3122 1696 ἐθλίὸη
3131 1644 3225 1679 σαν
3242 1627 3330 1679 τοῦ
3346 1628 3600 1697 Χριστοῦ,
3618 1631 3666 1680 εἱ
3685 1631 3788 1682 παὶ

2222 1716 2357 1782 τάχα
2383 1714 2685 1766 ἀπέλαυσαν
2722 1715 2779 1767 ἐν
2806 1715 2881 1783 τῷ
2916 1716 3265 1784 δεσμωτηρίῳ
3294 1717 3687 1785 παρακλήσεως
3716 1719 3788 1771 ἐκ

588 1800 794 1876 etiamsi
824 1821 961 1875 forte
990 1820 1165 1873 solatii
1194 1822 1464 1889 quidpiam
1498 1824 1549 1873 iu
1571 1838 1785 1876 carcere
1813 1838 1842 1874 a
1868 1822 2114 1874 fratribus

2224 1804 2327 1856 τῶν
2358 1805 2613 1871 ἀδελφῶν.
2649 1806 2732 1867 Ὠς
2757 1805 2893 1856 ἔοικε
2927 1806 3051 1874 γὰρ,
3086 1807 3135 1856 οἱ
3166 1808 3361 1867 πιστοὶ,
3397 1808 3507 1858 ὅσοι
3548 1809 3609 1858 οὐ
3645 1825 3785 1861 συν-

587 1919 860 1964 consecuti
892 1918 1034 1964 sunt.
1072 1909 1353 1964 Probabile
1389 1912 1530 1964 enim
1554 1923 1633 1964 est
1665 1912 1866 1977 ﬁdeles,
1890 1914 2119 1980 quicun-

588 2015 692 2068 que
724 2000 871 2051 nulla
893 1998 1135 2052 custodia
1173 1999 1569 2061 detinebantur,
1604 2002 1654 2053 in
1699 2001 1910 2055 vincula
1940 2003 2124 2068 conje-

586 2088 689 2140 ctis
712 2088 836 2140 vitae
869 2086 1107 2138 subsidia
1153 2087 1518 2151 ministrasse,
1558 2089 1728 2157 iisque
1778 2090 1996 2157 proinde
2047 2090 2121 2142 le-

588 2176 818 2229 vationis
844 2175 1039 2241 aliquid
1067 2176 1330 2229 attulisse.
1357 2176 1483 2239 Qum
1510 2176 1723 2244 quidem
1768 2177 2119 2244 multiplicata

588 2264 833 2323 reddent.
873 2278 969 2331 pro
996 2264 1063 2316 iis
1097 2264 1349 2315 nimirum
1387 2266 1583 2332 quibus
1616 2265 1669 2317 in
1698 2265 1941 2318 custodia
1975 2265 2121 2317 oble-

586 2354 715 2405 ctati
740 2361 884 2410 sunt,
914 2352 1281 2420 pmnitentiam
1317 2362 1532 2421 agentes
1565 2354 1835 2407 vexabunt
1862 2369 1918 2407 se
1952 2354 2117 2421 ipsos,

589 2454 652 2493 ac
704 2441 887 2493 multis
922 2441 1094 2494 modis
1121 2440 1474 2506 aﬂlictabunt;
1512 2443 1556 2495 si
1588 2458 1651 2495 ex
1683 2457 1746 2495 eo
1775 2443 1917 2509 quod
1960 2444 2119 2495 Chri-

588 2540 726 2583 stum
758 2530 1088 2598 abuegarunt
1109 2569 1121 2589 ,
1154 2545 1180 2581 a
1212 2529 1406 2582 diaboli
1438 2531 1743 2599 captivitate
1781 2532 1995 2584 liberari
2031 2548 2119 2584 ve-

589 2618 705 2677 lint,
740 2617 883 2670 illius
912 2617 1105 2684 captivi
1147 2626 1199 2670 et
1234 2619 1372 2670 servi
1412 2618 1557 2671 facti.
1597 2618 1826 2685 Sulijicit
1852 2634 1971 2671 mox
1996 2634 2119 2686 pro-

587 2705 757 2773 phetae
786 2706 966 2765 verba,
999 2722 1114 2773 qua:
1145 2716 1342 2762 suntex
1373 2707 1508 2759 lsaia
1541 2708 1870 2777 deprompta,
1893 2723 2117 2776 quorum

586 2792 895 2845 meminisse
923 2802 1169 2861 Oportere
1191 2796 1335 2861 ipsos
1370 2794 1615 2849 afﬁrmat.

1182 2882 1404 2935 CANON
1446 2884 1531 2935 111.

659 2987 676 3017 ι
723 2968 793 3023 lis
833 2976 1008 3023 autem
1051 2971 1140 3038 qui
1189 2971 1318 3023 nilnil
1350 2972 1612 3038 ejusmodi
1660 2976 1802 3041 passi
1843 2984 1988 3041 sunt,
2020 2993 2118 3031 nec

589 3075 610 3105 ι
654 3056 769 3109 ﬁdei
815 3050 1045 3111 fructum
1092 3061 1473 3123 ostenderunt,
1505 3063 1596 3115 sed
1629 3064 1692 3115 ad
1735 3065 1921 3117 vitium
1956 3069 2116 3119 'ultro
2143 3098 2185 3156 ς

581 3160 609 3197 α
653 3144 1076 3213 transfugerunt,
1111 3160 1139 3196 a
1166 3156 1303 3198 metu
1335 3157 1386 3199 et
1409 3148 1692 3202 timiditate
1723 3152 1913 3218 proditi
1936 3171 1948 3219 ;
1971 3170 2111 3208 nunc

588 3253 606 3283 ι
656 3241 831 3287 autem
867 3235 1086 3288 veniunt
1130 3234 1193 3286 ad
1233 3236 1623 3302 pmnitentiam,
1658 3254 1878 3293 necesse
1932 3250 2010 3294 est
2061 3250 2113 3296 et

586 3343 604 3374 ‹
650 3324 971 3377 conveniens
1002 3324 1325 3391 infrugil‘erze
1376 3324 1508 3380 ﬁcus
1556 3318 1862 3394 parabolam
1912 3347 2110 3400 propo-

588 3433 604 3461 ι
651 3428 797 3475 nere,
853 3420 910 3464 ut
960 3413 1214 3465 Dominus
1265 3413 1393 3465 dicit
1445 3433 1456 3466 :
1518 3415 1747 3469 Habebat
1803 3421 1914 3485 quis
1956 3420 2110 3483 ﬁcum

586 3520 601 3550 ο
650 3502 941 3567 plantatam
968 3502 1021 3551 in
1051 3517 1143 3553 suo
1175 3502 1340 3553 vincto
1370 3520 1387 3555 :
1420 3512 1467 3556 et
1509 3507 1639 3557 venit
1680 3524 1912 3574 quwrens
1961 3510 2011 3561 in
2052 3527 2113 3562 ea

586 3611 603 3641 ι
648 3591 895 3658 fructum.
942 3598 989 3642 et
1032 3606 1132 3642 non
1184 3593 1395 3647 invenit.
1442 3594 1585 3646 Dixit
1640 3607 1808 3648 autem
1853 3599 2108 3652 vinitori:

587 3698 603 3727 ι
650 3678 779 3731 Ecce
803 3689 903 3731 tres
935 3696 1116 3739 annos,
1163 3695 1225 3732 ea:
1263 3698 1359 3749 quo
1412 3700 1500 3751 ego
1558 3686 1700 3738 venio
1734 3702 1962 3752 qumrem
1994 3690 2108 3755 fru-

583 3786 603 3817 r.
649 3777 789 3819 ctum
821 3769 871 3819 in
899 3768 993 3819 hac
1035 3769 1156 3835 ﬁcu,
1198 3778 1244 3821 et
1277 3787 1375 3824 non
1416 3774 1647 3835 invenio;
1677 3776 1913 3829 exscinde
1947 3794 2058 3830 eam
2090 3794 2107 3829 :

585 3880 601 3905 ι
650 3873 739 3909 cur
773 3867 961 3909 terram
985 3859 1487 3927 inaniter-occupat?
1518 3862 1616 3915 Ille
1647 3881 1757 3916 vero
1799 3868 2105 3932 respondens

585 3969 601 3997 ι
642 3947 765 3999 dicit
790 3949 909 4001 illi:
950 3948 1179 4012 Domine,
1206 3950 1405 4005 dimitte
1430 3952 1576 4004 illam
1605 3954 1697 4006 hoc
1720 3972 1917 4023 quoque
1948 3974 2102 4023 anno,

583 4054 600 4085 ι
643 4037 801 4090 donec
836 4039 977 4091 circa
1021 4056 1135 4091 eam
1164 4039 1360 4107 fodero,
1404 4051 1453 4093 et
1493 4043 1727 4096 lal'tameu
1772 4044 2028 4111 injecero;
2061 4051 2108 4101 si

583 4145 599 4174 ι
645 4126 848 4194 quidem
876 4127 1103 4194 fructum
1138 4130 1349 4196 fecerit;
1388 4132 1469 4184 sin
1514 4134 1703 4195 minus,
1738 4151 1850 4187 eam
1884 4137 1937 4189 in
1961 4137 2106 4203 futu-

581 4234 599 4265 ι
646 4232 759 4267 rum
788 4218 1050 4271 exscinde:
1082 4232 1107 4259 ι
1134 4239 1144 4272 :
1177 4236 1281 4287 qua
1314 4228 1437 4273 ante
1457 4223 1643 4275 oculos
1669 4234 1906 4293 accepta,
1933 4234 1984 4280 et
2012 4242 2101 4281 os-

580 4323 599 4353 (
645 4313 798 4358 tenso
824 4306 983 4375 digno
1011 4306 1189 4385 fructu
1217 4310 1561 4376 ptenitentiae,
1588 4311 1643 4363 in
1681 4320 1828 4367 tanto
1850 4317 2101 4383 temporis

579 4412 595 4442 ι
644 4394 923 4449 intervallo
951 4396 1119 4464 magis
1139 4397 1483 4464 juvabuutur.
1530 4416 1549 4450 ›

641 4637 797 4691 Βιιε.
841 4640 945 4692 Eos
972 4641 1061 4706 qui
1087 4650 1305 4709 propter
1333 4643 1505 4695 solum
1536 4652 1734 4697 metum
1764 4653 1815 4697 et
1845 4647 2102 4700 timidita—

573 4742 677 4780 tem
705 4726 1128 4796 transfugerunt,
1148 4731 1227 4783 ad
1257 4732 1622 4799 paenitentiam
1653 4743 1827 4789 autem
1853 4752 2098 4804 respexe-

574 4824 715 4879 runt,
743 4817 973 4869 triennio
1003 4819 1155 4884 punit
1184 4832 1355 4873 canon
1380 4822 1671 4875 secundum
1703 4824 2008 4891 parabolam
2043 4825 2101 4876 ii-

574 4919 666 4957 cus
691 4919 808 4972 qum
842 4913 925 4959 est
958 4906 1012 4957 in
1046 4904 1371 4974 Evangeliis.
1400 4909 1655 4964 Dominus
1701 4912 1842 4964 enim
1873 4913 2046 4981 inquit
2080 4933 2091 4966 :

574 4996 686 5049 tam
709 4999 865 5049 tribus
897 5000 1049 5049 annis
1072 4998 1173 5065 lo
1195 4998 1262 5049 ad
1287 4996 1421 5049 hanc
1439 4998 1580 5050 venio
1597 5014 1832 5066 quwrens
1861 4999 2111 5067 fructum,

574 5094 611 5138 ιι
645 5103 746 5137 non
771 5089 993 5141 invenio.
1022 5088 1234 5141 Vinitor
1255 5098 1455 5153 autem,
1486 5087 1696 5141 Dimitte
1714 5090 1885 5153 illam,
1913 5093 2110 5160 inquit,

573 5182 613 5227 tt
639 5162 909 5227 Iwc‘anno.
1705 5160 1710 5165 ”

638 5252 839 5305 Zona.
879 5252 1192 5322 Quicunque
1235 5271 1381 5319 vero,
1435 5258 1628 5327 inquit,
1680 5263 1806 5314 nihil
1857 5267 2092 5332 perpessi

568 5340 839 5403 acerbum,
867 5340 936 5394 ob
957 5349 1155 5394 metum
1194 5344 1362 5396 solum
1390 5359 1451 5398 ac
1484 5348 1818 5402 timiditatem
1854 5352 2090 5405 transfu-

569 5436 900 5495 gerunt,pro
930 5443 995 5482 eo
1021 5430 1161 5496 quod
1214 5431 1312 5497 ipsi
1368 5442 1559 5499 Sponte
1610 5440 1917 5503 pravitatem
1966 5451 2088 5494 sunt

568 5517 890 5580 Consectati;
918 5532 1036 5567 mox
1058 5519 1290 5569 animum
1322 5520 1385 5571 ad
1428 5525 1789 5587 pmuitentiam
1822 5528 2077 5593 adjvcere.

635 5630 671 5683 II
710 5646 809 5697 Luc
859 5664 951 5699 xm
991 5648 1114 5698 .5-9.

2132 4422 2179 4478 D

2221 1894 2532 1962 εσχέθησαν,
2559 1895 2668 1954 τοῖς
2699 1894 3100 1962 κατειργμένοις
3132 1896 3425 1964 ἐχορήγουν
3449 1895 3516 1947 τὰ
3548 1898 3627 1958 είς
3647 1896 3789 1948 διοί-

2222 1997 2396 2048 κησιν,
2437 1979 2526 2031 καὶ
2564 1980 2830 2030 ἀνέπαυον
2880 1979 3090 2040 αὐτούς.
3128 1980 3302 2048 Ἃπερ
3342 1978 3784 2032 πολλαπλασίονα

2222 2071 2599 2133 ἀποδώσουσιν,
2629 2070 2745 2121 ἀντὶ
2765 2070 2877 2131 τοῦ,
2900 2068 3011 2120 ἀνθ’
3034 2063 3106 2119 ὧν
3142 2068 3454 2136 ἀπήλαυσαν
3487 2071 3544 2120 ἐν
3573 2071 3639 2137 τῇ
3677 2087 3786 2137 φυ-

2220 2156 2353 2226 λακῇ
2409 2157 2784 2226 μετανοοῦντες
2835 2157 3102 2223 θλίψουσιν
3163 2157 3385 2217 ἑαυτοὺς
3440 2157 3532 2209 καὶ⁴
3588 2156 3785 2209 κακώι-

2221 2261 2369 2296 σουσι
2394 2245 2814 2307 πολλαπλασίως,
2851 2246 2896 2295 εί
2937 2244 3143 2295 θέλουσι
3166 2245 3501 2314 λυτρωθῆναι
3538 2245 3649 2297 ἀπὸ
3673 2245 3783 2315 τῆς

2219 2334 2582 2402 αἰχμαλωσίας
2630 2333 2721 2385 τοῦ
2768 2334 3031 2397 διαόόλου,
3087 2335 3414 2403 αἰχμάλωτοι
3456 2334 3551 2387 καὶ
3596 2332 3783 2385 δοῦλοι

2218 2424 2493 2490 γεγονότες
2526 2423 2671 2491 αὑτῷ
2720 2423 2806 2475 διά
2846 2424 2941 2492 τὴν
2971 2425 3192 2492 ἄρνησιν
3221 2424 3310 2475 τοῦ
3352 2422 3607 2491 Χριστοῦ.
3639 2417 3785 2475 Εἶτα.

2218 2515 2407 2581 ἐπάγει
2433 2515 2498 2566 τὰ
2534 2512 2838 2583 προφητικά
2888 2513 3121 2581 ῥήματα,
3160 2514 3298 2580 ἆπερ
3328 2513 3389 2563 ἐκ
3421 2510 3516 2563 τοῦ
3550 2508 3782 2563 Ἡσαΐου

2219 2604 2342 2666 εἰσὶ,
2374 2602 2539 2668 λέγων
2566 2602 2673 2653 δεῖν
2695 2600 2993 2670 μεμνῆσθαι
3029 2599 3239 2662 αὐτούς.

2814 2863 3047 2916 ΚΑΝΩΝ
3076 2864 3125 2913 Γ¹

2291 2973 2308 3001 ι
2348 2952 2469 3012 Τοῖς
2508 2951 2563 3002 δὲ
2607 2951 2724 3019 μηδ’
2757 2952 2889 3012 ὅλως
2923 2950 3083 3020 μηδέν
3106 2968 3155 3001 τι
3192 2950 3424 3002 τοιοῦτον
3454 2951 3780 3023 πεπονθόσι,

2224 3061 2239 3091 ι
2285 3042 2412 3109 μηδὲ
2450 3039 2837 3108 ἐνδειξαμένοις
2876 3038 3078 3107 καρπὸν
3110 3038 3359 3100 πίστεως,
3394 3039 3505 3091 ἀλλ’
3536 3042 3781 3111 αὐτομο-

2221 3150 2237 3180 ι
2276 3132 2467 3199 λήσασι
2510 3130 2643 3198 πρὸς
2683 3130 2778 3199 τὴν
2830 3128 3042 3193 κακίαν,
3099 3127 3498 3200 προδεδομένοις
3534 3130 3640 3182 ὑπὸ
3672 3131 3785 3184 δει-

2218 3240 2235 3270 ι
2272 3220 2387 3281 λίας
2406 3219 2497 3270 καὶ
2512 3220 2692 3286 φόὄου,
2712 3218 2804 3270 νῦν
2820 3218 2875 3269 δὲ
2891 3220 2969 3279 είς
2988 3218 3266 3286 μετάνοιαν
3288 3218 3617 3288 ἐρχομένοις,
3637 3221 3777 3273 ἁνα-

2216 3329 2234 3360 ι
2276 3310 2458 3378 γκαῖὀν
2475 3312 2585 3361 ἐστι
2602 3310 2691 3360 καὶ
2706 3307 2936 3377 ἁρμόζον
2969 3308 3066 3377 τὴν
3091 3308 3185 3377 τῆς
3201 3307 3442 3377 ἀκάρπου
3473 3310 3643 3378 συκῆς
3660 3326 3775 3362 πα-

2217 3418 2234 3449 ι
2276 3400 2499 3469 ραόολὴν
2540 3398 2895 3469 παραθέσθαι,
2936 3398 3007 3459 ὼς
3036 3400 3063 3450 ὁ
3091 3397 3289 3467 Κύριος
3326 3399 3499 3464 λέγει’
3556 3384 3776 3466 Συκῆν

2217 3506 2232 3537 ι
2269 3485 2391 3554 εἶχέ
2418 3506 2502 3553 τις
2544 3485 2989 3554 πεφυτευμένην
3019 3486 3086 3538 ἐν
3117 3486 3195 3549 τῷ
3227 3488 3525 3554 ἀμπελῶνι
3548 3490 3767 3542 αὐτοῦ’

2217 3595 2233 3625 ι
2278 3576 2370 3626 καὶ
2408 3573 2551 3644 ἦλθε
2565 3574 2747 3640 ζητῶν
2774 3574 3003 3643 καρπὸν
3029 3574 3285 3640 ὲναὺτῇ,
3310 3576 3404 3627 καὶ
3429 3578 3540 3643 οὐχ
3556 3573 3765 3643 εὗρεν.

2216 3683 2231 3713 ι
2270 3664 2412 3716 Eine
2422 3663 2487 3714 δὲ
2503 3664 2647 3728 πρὸς
2664 3663 2768 3715 τὸν
2781 3663 3206 3730 ἀμπελουργόν·
3234 3662 3374 3716 Ἰδοὺ
3392 3665 3521 3730 τρία
3537 3664 3641 3730 ἐτη
3659 3666 3768 3732 ἀφ’

2213 3773 2229 3803 ι
2265 3749 2332 3807 οὗ
2361 3753 2597 3819 ἔρχομαι
2618 3750 2797 3818 (uth
2815 3751 3041 3818 καρπὸν
3060 3752 3127 3803 ὲν
3156 3750 3227 3819 τῇ
3247 3751 3406 3819 συκῇ
3428 3755 3633 3821 ταύτῃ,
3656 3756 3763 3809 καὶ

2213 3862 2229 3892 ι
2270 3844 2379 3909 οὐχ
2411 3842 2695 3908 εὑρίσκωο
2751 3842 3011 3907 ἔκκοψον
3048 3841 3267 3905 αὐτὴν
3318 3844 3473 3894 ἱνατι
3508 3843 3604 3896 καὶ
3644 3845 3768 3910 τὴν

2212 3952 2228 3982 ι
2263 3933 2375 3999 γῆν
2416 3931 2719 3998 καταργεῒ;
2755 3932 2804 3981 ’0
2851 3929 2917 3981 δὲ
2964 3930 3300 3995 ἀποκριθεὶς
3357 3931 3518 4000 λέγει
3557 3933 3723 3998 αὐτῷ
3746 3953 3761 3965 ·

2211 4040 2228 4072 ι
2267 4023 2458 4087 Κύριε,
2480 4022 2624 4088 ἄφες
2648 4019 2837 4086 αὐτὴν
2874 4018 2971 4070 καὶ
3004 4018 3176 4070 τοῦτο
3203 4018 3266 4069 τὸ
3293 4019 3445 4084 ἔτος,
3467 4020 3577 4085 ἕως
3614 4022 3766 4077 ὅτου

2210 4129 2227 4161 ι
2270 4110 2479 4175 σκάψω
2528 4109 2599 4160 τὰ
2635 4108 2763 4174 περὶ
2793 4106 3001 4172 αὐτὴν,
3032 4105 3129 4157 καὶ
3165 4105 3334 4168 ,βάλω
3359 4109 3602 4175 κόπριιν
3640 4110 3769 4163 κᾶν

2210 4216 2226 4248 ι
2261 4198 2373 4265 μὲν
2401 4195 2620 4261 ποιήσῃ
2651 4197 2879 4261 καρπόν
2899 4210 2910 4222 ·
2935 4196 2985 4245 εὶ
3018 4189 3082 4244 δὲ
3105 4193 3188 4261 μή
3211 4212 3299 4261 τε,
3326 4196 3412 4258 εὶς
3441 4196 3505 4247 τὸ
3518 4195 3764 4263 gelidai

2208 4308 2225 4340 ι
2264 4289 2533 4353 ἐκκόψεις
2560 4285 2746 4349 αὐτὴν
2767 4301 2780 4313 ·
2815 4285 2879 4353 ἣν
2908 4284 3011 4353 πρὸ
3046 4284 3334 4353 ὀφθαλμῶν
3373 4285 3648 4348 λαϐόντες,
3673 4288 3758 4339 ἐν-

2210 4394 2226 4426 (
2261 4351 2552 4445 δειξαμένοί
2584 4391 2641 4426 τε
2694 4351 2897 4443 καρπον
2930 4351 3074 4435 ἀξιον
3113 4351 3556 4442 τῆς-μετανοίας,
3593 4376 3654 4426 ἐν
3679 4376 3763 4448 τῷ

2212 4486 2229 4516 ι
2266 4466 2580 4535 διαστήματι
2632 4464 2724 4515 τοῦ
2765 4463 3014 4515 τοσούτου
3055 4463 3239 4533 χρόνου
3282 4463 3499 4531 μᾶλλον»
3534 4466 3758 4538 ὠφελη-

2210 4573 2227 4605 ι
2265 4555 2527 4623 θήσονται.
2563 4573 2580 4604 ι

2270 4644 2457 4696 ΒΑΛΣ.
2481 4644 2615 4705 Τοὺς
2644 4643 2820 4711 μέντοι
2845 4641 2930 4694 διὰ
2954 4641 3111 4710 φόϐον
3134 4642 3291 4711 μόνον
3312 4643 3402 4695 καὶ
3425 4642 3625 4695 δειλίαν
3653 4644 3757 4698 αὑ-

2200 4734 2612 4802 τομολήσαντας,
2668 4728 2783 4783 εἶτα
2829 4734 2905 4793 είς
2960 4728 3238 4801 μετάνοιαν
3292 4732 3600 4794 ἀπιδόντας,
3660 4734 3754 4786 διὰ

2200 4825 2433 4894 τριετίας
2471 4824 2694 4891 ἐπιτιμᾷ
2724 4824 2751 4874 ὁ
2788 4821 2985 4885 κανὼν,
3017 4829 3153 4873 κατά
3179 4823 3274 4890 τὴν
3304 4822 3359 4871 ἐν
3394 4821 3759 4887 Εὐαγγελίοιςη

2201 4913 2502 4982 παραϐολὴν
2523 4913 2617 4980 τῆς
2636 4911 2819 4979 συκῆς.
2839 4910 2894 4961 '0
2923 4910 3027 4979 γὰρ
3050 4909 3268 4977 Κύριος,
3305 4910 3440 4976 Τρία
3453 4910 3582 4975 ἔτη,
3610 4911 3749 4981 ἔφη-

2193 5017 2303 5061 σεν,
2353 5001 2589 5067 ἔρχομαι
2622 4998 2767 5065 πρὸς
2791 4997 2983 5063 αὐτὴν
3013 4996 3193 5063 ζητῶν
3223 4998 3472 5063 καρπὸν,
3499 4999 3596 5050 καὶ
3632 5001 3743 5064 οὐχ

2188 5090 2468 5154 εὑρίσκω·
2513 5088 2542 5139 ὀ
2575 5088 2629 5139 δὲ
2657 5086 3045 5156 ἀμπελουργὸς,
3096 5089 3285 5153 Ἄφες,
3318 5082 3491 5146 εἶπεν,
3526 5088 3743 5155 αὐτὴν,

2189 5180 2391 5243 Κύριε,.
2410 5178 2505 5230 καὶ
2541 5177 2711 5230 τοῦτο
2737 5179 2800 5229 τὸ
2828 5179 2979 5241 ἔτος.

2258 5268 2489 5318 ΖΩΝΑΡ,
2546 5268 2716 5329 Ὅσοι,
2758 5267 2833 5329 δὲ,
2890 5246 3040 5333 ξρησὶ,
3081 5265 3151 5333 μή
3189 5280 3241 5313 τι
3280 5264 3611 5326 ὑποστάντες
3650 5265 3745 5316 ἁλ-

2188 5354 2380 5420 γεινδν,
2440 5354 2523 5405 διὰ
2574 5352 2732 5419 φόϐον
2778 5352 2930 5420 μόνον
2977 5352 3073 5403 καὶ·
3108 5349 3305 5402 δειλίαν
3336 5350 3737 5420 ηὐτομόλησαν,

2186 5441 2303 5491 ἀντὶ
2348 5441 2458 5500 τοῦ,
2490 5438 2639 5491 αὐτοὶ
2690 5438 2899 5499 ἑκόντες
2940 5436 3234 5505 προσῆλθον
3280 5439 3341 5505 τῇ
3384 5437 3574 5507 κακία,
3620 5433 3742 5490 εἶτα

2186 5530 2261 5587 είς
2312 5530 2587 5595 μετάνοιαν
2645 5526 2877 5588 ἁπείδον,
2927 5521 3035 5587 τοῖς
3074 5524 3386 5593 τοιούτοιςή
3429 5527 3528 5595 τῆς
3569 5528 3740 5595 συκῆς
