4012 6452
222 388 324 452 481

1364 375 1446 436 1N
1494 373 1740 435 EPIST.
1775 373 1840 435 S.
1872 371 2102 431 PETRI
2130 369 2355 431 ALEX.

3342 363 3448 427 (82

227 506 462 577 ἁρμόσει
514 501 792 573 παραϐολὴ
848 500 985 553 κατὰ
1022 497 1080 548 τὸ
1112 494 1465 562 Εὐαγγέλιοψ
1498 494 1563 561 ῆν
1604 491 1788 544 λαϐόν-

1894 486 1947 540 ἰη
1974 500 2069 540 eos
2099 484 2351 554 parabola
2390 480 2697 549 evangelica
2739 478 2871 532 licus
2913 476 3197 548 quadrabit
3225 492 3241 530 :
3274 492 3432 545 quam

228 612 324 657 τες
386 594 491 663 πρὸ
526 588 834 659 ὀφθαλμῶν,
870 587 1032 639 κόπον
1063 585 1207 646 ἄξιον
1248 582 1530 652 μετανοίας
1563 581 1652 632 ἐπὶ
1702 596 1790 630 το·-

231 681 426 749 σοῦτον
454 684 640 752 χρόνον
698 679 875 739 δόντες
903 674 1360 745 ὠφεληθήσονται,
1389 673 1554 741 ἤγουν
1587 670 1677 722 ἐπὶ
1701 685 1791 720 τε-

1891 588 2001 642 prze
2031 573 2205 626 oculis
2237 571 2517 633 habentes,
2550 568 2770 636 dignum
2824 566 3151 636 pmn'itentize
3199 564 3435 618 laborem

1888 655 2080 723 aequali
2113 663 2350 721 tempore
2388 651 2724 712 exhibentes,
2749 650 3101 719 juvabuutur,
3133 649 3236 704 hoc
3264 655 3346 703 est
3368 652 3435 701 ad

230 738 508 843 rpite-ria;
556 769 614 823 Ὀ
638 767 760 839 γὰρ’
775 738 1000 838 Κύριος,
1057 738 1188 830 Τρία
1220 764 1342 828 ἐτη.
1385 738 1600 831 ἔξρησεν,
1634 761 1788 827 ἕρχα

1893 756 2135 814 quartum
2154 758 2340 812 usque
2368 756 2590 795 annum.
2621 741 2877 793 Dominus
2904 754 3156 807 namque,
3186 738 3310 792 Tres
3341 754 3437 790 an-

228 879 339 930 μαι
373 862 520 926 ,πρὸς
543 854 943 924 αὺτὴν,ζητῶν
961 852 1219 919 καρπὸν,
1248 850 1344 902 καὶ
1371 852 1482 916 οὐχ
1517 849 1787 915 ερρίσκω·

1888 850 2005 897 nos,
2048 833 2242 901 inquit,
2288 832 2431 884 venio
2462 831 2528 882 ad
2560 832 2748 897 ipsam,
2792 845 3023 896 qmerens
3055 829 3313 895 fructum,
3344 844 3438 882 nec

229 916 346 1005 δδὲ
379 916 775 1019 ἀμπελουργὸς,
808 916 984 1013 Ἄφες
1024 916 1235 1009 αὐτὴν,
1268 936 1438 1000 εἶπεν,
1472 940 1661 1004 Κύριε,
1693 935 1788 988 καὶ

1893 922 2108 976 invenio.
2137 920 2386 989 Agricola
2414 934 2561 982 vero,
2596 919 2832 981 Dimitte,
2866 918 2958 977 ait,
3005 918 3175 979 illam,
3204 916 3434 981 domine,

234 1040 414 1090 τοῦτο
445 1037 507 1089 τὸ
544 1036 699 1099 ἔτος.

834 1117 1069 1173 ΚΔΝΩΝ
1099 1119 1170 1169 Δ’.

314 1231 333 1261 ι
372 1213 495 1273 Τοῖς
511 1210 619 1280 γὰρ
640 1208 975 1261 παντάπασιν
996 1202 1426 1271 ἀπεγνωσμένοις
1444 1198 1537 1251 καὶ
1553 1199 1573 1229 ⁸
1590 1198 1790 1261 ἀμετα-

238 1320 261 1353 q
304 1302 532 1370 νοήτοις,
555 1299 727 1367 δέρμα
758 1313 816 1347 τε
851 1293 1095 1354 Αἰθίοπος
1120 1289 1486 1360 ἀμετάϐλητον
1520 1286 1788 1355 κεκτημέ-

240 1408 262 1441 ‹
300 1407 432 1453 νοις,
454 1390 545 1440 καὶ⁵
570 1387 896 1454 ποικίλματα
921 1382 1249 1451 παρδάλεως,
1280 1378 1590 1447 λεχθήσεται
1616 1376 1675 1427 τὸ
1693 1377 1788 1444 τῆς

242 1496 263 1525 ‹
297 1478 487 1547 ἑτέρας
551 1475 747 1542 συκῆςο
798 1470 1017 1536 Μηκέτι
1059 1469 1125 1520 ἐκ
1159 1465 1274 1519 σοῦ
1308 1464 1531 1531 καρπὸς
1554 1463 1789 1530 γένηται

242 1587 263 1617 ι
299 1570 391 1630 εις
436 1564 540 1617 τὸν
592 1561 803 1614 αἰῶνα·
841 1559 920 1611 διὸ
960 1558 1052 1609 καὶ
1078 1554 1411 1624 παραχρῆμα
1457 1552 1784 1622 ξηραίνεται.

241 1671 263 1704 ι
314 1652 745 1722 ’Δποπληροῦται
800 1650 927 1717 γοῦν
966 1648 1049 1701 ἐπ’
1076 1647 1254 1705 αὐτοῖς
1299 1644 1389 1695 καὶ
1436 1643 1491 1693 τὶ
1544 1641 1645 1693 ὑπὸ
1697 1638 1786 1693 τοῦ

242 1757 265 1790 ι
310 1737 729 1807 Ἐκκλησιασωῦ
761 1736 1070 1806 εἰρημένον⁸
1102 1730 1569 1799 Διεστραμμένον
1597 1731 1666 1781 οὺ
1695 1728 1790 1781 δύο

1887 1022 1935 1064 et
1964 1014 2057 1063 hoc
2088 1027 2243 1062 anno.

2481 1094 2705 1150 CANON
2744 1094 2835 1148 IV.

1963 1226 1981 1259 ι
2031 1208 2101 1262 lis
2132 1207 2277 1261 enim
2304 1206 2395 1276 qui
2437 1216 2563 1261 sunt
2606 1206 2826 1259 omnino
2854 1205 3144 1273 desperati,
3175 1213 3228 1259 ct
3259 1204 3434 1273 pumi-

1894 1316 1909 1347 ι
1959 1296 2179 1349 tentiam
2214 1311 2320 1348 non
2347 1303 2530 1363 agunt,
2560 1302 2608 1347 et
2642 1295 2833 1361 pellem
2880 1292 3147 1361 Ethiopis
3184 1294 3436 1347 immuta-

1895 1405 1911 1436 ι
1958 1387 2115 1439 bilem
2155 1386 2431 1454 possident
2456 1394 2507 1438 et
2533 1385 2680 1452 pardi
2708 1384 3019 1447 varietates,
3043 1384 3273 1447 dicetur,
3291 1383 3434 1452 quod

1893 1493 1910 1524 ι
1958 1475 2046 1526 alii
2078 1477 2201 1527 [icui
2235 1475 2435 1528 dictum
2467 1483 2595 1528 est:
2644 1473 2986 1544 Nequaquam
3035 1490 3099 1526 ea;
3146 1484 3193 1526 te
3234 1475 3436 1541 fructus

1894 1581 1911 1612 ι
1957 1564 2052 1630 ﬁat
2088 1565 2138 1614 in
2170 1573 2419 1616 teternum
2446 1574 2496 1621 δ,
2526 1570 2581 1615 et
2608 1562 2727 1616 ideo
2772 1561 2955 1614 statim
2988 1576 3201 1628 quoque
3249 1574 3439 1613 exare-

1894 1670 1911 1699 ι
1962 1651 2083 1705 scit.
2131 1649 2187 1703 In
2240 1652 2305 1705 iis
2359 1652 2502 1704 enim
2559 1653 2809 1720 impletur
2835 1652 2977 1719 quod
3009 1652 3077 1705 ab
3111 1650 3438 1705 Ecclesiaste

1896 1757 1913 1789 ι
1959 1740 2159 1792 dictum
2196 1748 2277 1793 est
2312 1759 2324 1792 :
2356 1739 2504 1804 Quod
2531 1755 2819 1806 perversum
2846 1751 2944 1801 est,
2978 1756 3093 1791 .non
3122 1740 3311 1805 poterit
3345 1754 3431 1792 ea:-

241 1847 262 1879 s
300 1844 470 1879 ναται
499 1803 1028 1892 “excaecant/iditum,
1055 1824 1149 1878 καὶ
1189 1821 1492 1887 ὑστέρημα
1524 1822 1593 1873 οὐ
1617 1818 1788 1883 δυνή-

1898 1846 1914 1875 ι
1963 1830 2163 1892 ornari,
2210 1838 2257 1880 et
2311 1828 2538 1895 defectus
2566 1829 2831 1880 numerari
2883 1844 2984 1880 non
3018 1827 3203 1895 poterit
3238 1829 3286 1879 ι’.
3320 1825 3435 1880 Nisi

241 1931 265 1967 ‹
308 1930 478 1967 σεται
517 1913 922 1980 ἀριθμηθῆναι.
958 1912 1019 1963 Εἰ
1068 1910 1139 1979 μὴ
1182 1910 1287 1979 γὰρ
1326 1909 1586 1979 πρότερον
1626 1906 1684 1957 τὸ
1715 1905 1791 1957 δι-

241 2019 263 2052 ‹
300 2000 671 2070 εστραμμένον
697 2000 978 2070 διοροωθῇ,
1006 1997 1255 2050 ἀδύνατόν
1289 1998 1405 2048 ἐστι
1446 1996 1575 2047 αὐτὸ
1606 1998 1789 2047 ἐπικο-

243 2105 263 2137 σ
301 2088 606 2157 σμηοῆναιθ
650 2090 742 2140 καὶ
769 2091 815 2139 εί
853 2088 925 2157 μὴ
975 2087 1233 2156 πρότερον
1265 2086 1323 2137 τὸ
1356 2085 1632 2155 ὑστέρημα
1662 2087 1791 2138 ἀνα-

245 2193 265 2223 (
304 2176 584 2246 πληρωθῇ,
608 2176 863 2229 ἀδύνατόν
889 2178 1031 2227 ἐστιν
1063 2175 1189 2227 αὐτὸ
1223 2174 1603 2245 ἀριθμηθῆναι.
1632 2174 1787 2226 Ὅθεν

244 2282 265 2312 ι
299 2264 395 2317 καὶ
422 2267 512 2316 ἐπὶ
554 2265 736 2326 τέλους
783 2264 1114 2333 συμϐήσεται
1163 2264 1341 2323 αὐτοῖς
1369 2262 1428 2313 τὸ
1458 2262 1740 2331 λεγόμενον
1767 2263 1787 2293 ⁷

246 2371 267 2405 ι
303 2353 407 2404 ὑπὸ
438 2349 527 2406 τοῦ
581 2354 850 2423 προφήτου
908 2353 1153 2404 Ἠσαῖουο
1202 2352 1310 2404 Καὶ
1347 2351 1589 2417 ὄψονται
1612 2348 1719 2411 γὰρ
1744 2353 1784 2413 ³,

245 2459 266 2491 ι
305 2443 457 2509 φησι,
481 2443 548 2493 τὰ
582 2440 741 2494 κῶλα
782 2440 896 2493 τῶν
926 2442 1245 2508 ἀνθρώπαν
1267 2438 1382 2493 τῶν
1400 2438 1789 2507 παραϐεϐηκό-

245 2548 265 2579 ι
299 2548 415 2582 των
434 2532 503 2583 ὲν
526 2532 653 2598 ἐμοί
677 2548 688 2561 ⁸
729 2535 761 2584 ὁ
791 2529 897 2599 γὰρ
919 2531 1162 2595 σκώληξ
1184 2528 1377 2582 αὐτῶν
1402 2534 1471 2584 οὐ
1516 2531 1788 2597 τελευτή-

248 2637 266 2668 ι
305 2636 421 2681 σει,
462 2619 557 2671 καὶ
599 2620 661 2671 τὸ
707 2620 823 2686 πῦρ
874 2618 1069 2673 αὐτῶν
1112 2620 1181 2671 οὐ
1226 2620 1637 2683 σϐεσθήσεται,
1692 2621 1788 2673 καὶ

245 2724 268 2756 ς
306 2706 546 2759 ἔσονται
584 2708 669 2770 εις
708 2686 915 2772 ὄράσιν
955 2704 1117 2771 πάσῃ
1164 2706 1375 2771 σαρκί·
1429 2707 1546 2756 ἐπεὶ
1586 2708 1675 2758 καὶ
1716 2706 1789 2768 ὡς

247 2813 269 2845 ι
297 2793 645 2862 προλὲλεκται
677 2796 764 2846 ὑπ’
790 2794 972 2849 αὐτοῦ·
994 2798 1056 2849 Oi
1080 2795 1146 2847 δὲ
1175 2795 1381 2856 ἄδικοι,
1410 2796 1487 2857 ὼς
1515 2795 1791 2847 θάλασσα

1899 1934 1916 1964 ι
1957 1915 2102 1969 enim
2134 1916 2272 1983 quod
2304 1931 2614 1984 perversum
2667 1924 2750 1969 est
2801 1916 2949 1983 prius
2998 1924 3203 1969 rectum
3255 1915 3435 1976 fuerit,

1900 2021 1917 2053 ι
1966 2002 2077 2056 ﬁeri
2109 2018 2213 2055 non
2240 2011 2415 2071 potest
2448 2010 2505 2054 ut
2537 2003 2589 2055 id
2608 2012 2933 2068 exornetur;
2968 2010 3021 2056 et
3045 2004 3146 2056 nisi
3174 2003 3320 2071 prior
3342 2001 3439 2056 de-

1900 2108 1917 2140 ι
1965 2090 2138 2144 fectus
2168 2092 2411 2158 expletus
2446 2091 2620 2153 fuerit,
2676 2092 2789 2144 ﬁeri
2830 2107 2935 2144 non
2974 2101 3148 2160 potest
3172 2101 3230 2144 ut
3259 2094 3305 2146 is
3336 2108 3438 2145 nu-

1898 2195 1916 2227 ι
1961 2188 2216 2232 meretur.
2245 2177 2396 2232 Unde
2425 2189 2477 2232 et
2517 2179 2570 2232 in
2609 2180 2711 2233 line
2738 2180 2818 2233 eis
2842 2181 3049 2235 eveniet
3076 2182 3218 2249 quod
3247 2196 3278 2233 a
3307 2196 3435 2251 pro-

1897 2285 1915 2316 ι
1957 2267 2112 2334 pheta
2146 2269 2277 2321 Isaia
2308 2268 2504 2322 dicitur
2538 2291 2549 2321 :
2585 2267 2649 2319 Et
2691 2267 3019 2333 videbuntur,
3053 2270 3244 2336 inquit,
3278 2286 3437 2321 mem-

1898 2372 1915 2402 ι
1962 2353 2054 2403 bra
2096 2369 2273 2405 eorum
2317 2355 2404 2421 qui
2445 2360 2763 2422 transgressi
2809 2362 2928 2406 sunt
2979 2354 3031 2405 in
3082 2370 3180 2407 me.
3237 2347 3435 2406 Yet-mis

1900 2458 1917 2489 ι
1966 2441 2098 2492 enim
2146 2442 2377 2507 ipsorum
2426 2458 2525 2494 non
2574 2444 2844 2504 morietur,
2877 2450 2926 2493 et
2956 2443 3090 2510 ignis
3121 2458 3297 2493 eorum
3334 2458 3436 2493 non

1901 2549 1918 2581 ι
1962 2532 2314 2599 exstinguetur
2340 2548 2356 2583 :
2384 2541 2429 2583 et
2456 2540 2603 2583 erunt
2622 2532 2672 2582 in
2697 2540 2955 2597 aspectum
2987 2531 3154 2582 omnis
3186 2532 3359 2583 carnis
3385 2540 3434 2584 ι’.

1899 2636 1915 2667 ι
1962 2617 2423 2686 Quandoquidem,
2480 2624 2538 2670 ut
2588 2625 2640 2669 et
2676 2617 2743 2669 ab
2785 2617 2901 2684 ipso
2937 2616 3245 2683 praedictum
3294 2622 3376 2668 est
3420 2632 3433 2667 :

1900 2727 1917 2757 ι
1967 2706 2163 2775 Injusti
2191 2718 2358 2760 autem
2381 2708 2457 2759 sic
2487 2706 2835 2773 ﬂuctuabant,
2896 2715 2942 2757 et
2992 2706 3303 2773 requiescere
3336 2719 3437 2756 non

1901 2814 1918 2845 ι
1965 2805 2223 2865 poterunt.
2254 2795 2375 2849 Non
2403 2806 2477 2849 est
2511 2796 2732 2865 gaudere
2762 2796 2956 2862 impiis,
2987 2795 3115 2846 dicit
3150 2794 3284 2847 Deus
3312 2793 3362 2847 ἀ.
3412 2810 3431 2843 ι

246 2904 272 2938 ο
306 2886 786 2954 ἀναϐε6ριισμένη
822 2887 888 2950 ⁸⁵,
917 2888 1068 2939 οὕτω
1092 2885 1693 2950 κλυδωνισθήσονται,
1722 2888 1816 2940 καὶ
1851 2890 2305 2943 ἀναπαύσασθαι
2327 2892 2397 2942 οὺ
2426 2889 2510 2957 μὴ
2543 2887 2903 2953 δυνήσονται
2931 2890 2949 2920 ⁹
2974 2887 3035 2956 (f.
3064 2885 3433 2957 δυνήσωνται).

254 2997 270 3031 ι
296 2981 415 3032 οὐκ
441 2979 572 3032 ἔστι
601 2980 825 3055 χαίρειν
846 2978 965 3043 τοῖς
990 2980 1288 3042 ἀσεϐέσιν,
1320 2975 1487 3031 εἶπεν
1510 2983 1543 3032 ό
1570 2983 1727 3046 Θεός.
1764 3003 1781 3034 ι

311 3069 504 3121 ΒΑΛΣ.
543 3071 607 3119 ’Δ
634 3070 729 3138 μὲν
759 3069 1075 3140 προείρηται
1108 3071 1233 3140 περὶ
1277 3071 1382 3123 τῶν
1411 3073 1788 3136 πεπτωκότων,

1965 3079 2118 3133 Βιις.
2160 3079 2289 3143 Quae
2320 3082 2469 3148 prius
2500 3078 2716 3148 quidem
2747 3076 2888 3130 dicta
2923 3082 3047 3129 sunt
3072 3075 3137 3128 de
3162 3074 3348 3143 lapsis,
3369 3074 3437 3129 de

245 3154 457 3224 εἴρηται
486 3153 581 3204 καὶ
614 3154 739 3223 περὶ
768 3154 1241 3224 μεταμελομένωνο
1279 3153 1419 3210 κατά
1445 3159 1499 3210 δὲ
1527 3160 1631 3210 τῶν
1665 3161 1792 3229 ἀμε-

246 3242 513 3310 τανοήτων
554 3241 650 3308 τὴν
705 3243 944 3312 κατάραν
989 3245 1088 3313 τῆς
1130 3247 1319 3314 ἑτέρας
1354 3249 1521 3317 συκῆς
1579 3249 1787 3316 ἐπάγει,

253 3331 379 3401 πρὸς
399 3330 467 3398 ἡν
500 3332 529 3382 ὀ
580 3330 780 3398 Κύριος
808 3330 910 3398 ἔφη
940 3331 1025 3384 διὰ
1071 3333 1129 3384 τὸ
1164 3334 1406 3404 ἄκαρπον
1430 3331 1455 3365 ·’
1481 3337 1695 3402 Μηκέτι
1723 3340 1790 3391 ἐκ

246 3420 357 3473 σοῦ
384 3409 613 3486 uapide
636 3420 893 3489 γένηται.

312 3588 551 3642 ΖΩΝΔΡ.
577 3590 641 3640 ’Δ
659 3590 755 3658 μὲν
770 3592 1082 3665 προείρηται
1102 3597 1225 3663 περὶ
1246 3594 1350 3647 τῶν
1367 3602 1791 3666 παραπεπτωκός

246 3692 369 3735 των,
390 3676 601 3746 εἴρηται
628 3680 719 3730 καὶ
740 3680 865 3748 [add
879 3720 892 3732 .
912 3681 1057 3750 περὶ]
1078 3683 1537 3753 μεταμελομένων.
1562 3689 1715 3741 Κατὰ
1736 3691 1791 3742 δὲ

247 3763 351 3814 τῶν
370 3767 750 3835 ἀμετανοήτων
779 3767 836 3830 ὲξ
856 3768 1207 3835 ἀπογνώσεως
1230 3771 1261 3839 ἢ
1294 3774 1531 3841 πονηρᾶς
1552 3776 1789 3846 γνώμης,

249 3854 337 3905 καὶ
352 3855 410 3906 τὸ
440 3852 499 3917 ἐξ
530 3854 799 3923 ἁμαρτίας
825 3856 1114 3926 μελάνωμα
1133 3858 1499 3929 ἀμετάϐλητον
1526 3864 1617 3915 καὶ
1644 3865 1794 3919 ἀνέκ-

252 3943 438 3994 πλυτον
468 3943 717 4011 ἐχόντων,
756 3945 829 4006 ὡς
871 3946 918 3997 oi
950 3947 1199 4009 Αἰθίοπες
1230 3948 1290 4000 τὸ
1320 3950 1541 4018 ζοφερὸν
1580 3952 1671 4004 τοῦ
1709 3954 1792 4005 δέ·

242 4044 470 4096 -ρματος,
497 4031 589 4081 καὶ
620 4032 653 4100 ἡ
685 4031 941 4099 πάρδαλις
970 4034 1036 4085 τά
1062 4035 1405 4103 ποικίλματα,
1434 4040 1530 4108 τὴν
1551 4042 1789 4111 κατάραν

248 4118 345 4185 τῆς
396 4117 586 4187 ἑτέρας
634 4119 800 4188 συκῆς
849 4121 1069 4188 ἐπάγει·
1107 4123 1240 4192 πρὸς
1289 4126 1353 4193 ἢν
1394 4126 1422 4177 ὁ
1464 4127 1662 4198 Κύριος
1691 4131 1791 4201 ἔφη

251 4207 334 4260 διά
363 4210 422 4260 τὸ
448 4210 692 4278 ἀκαρπον
712 4227 724 4239 ·
757 4211 976 4277 Μηκέτι
1008 4213 1075 4264 ἐκ
1107 4213 1221 4266 σοῦ
1253 4217 1478 4282 καρπὸς
1516 4219 1750 4286 γένηται
1777 4239 1788 4250 ·

252 4292 339 4346 καὶ
367 4294 696 4364 πληροῦσθαί
734 4311 896 4363 φησιν
926 4296 1011 4347 ἐπ’
1040 4297 1219 4358 αὐτοῖς
1240 4299 1307 4351 τὰ
1351 4299 1443 4351 τοῦ
1476 4301 1790 4373 Ἐκκλησια-

1892 3167 2336 3236 resipisccntibus
2362 3167 2522 3220 etiam
2555 3168 2697 3219 dicta
2737 3174 2882 3218 sunt.
2911 3164 3182 3217 Adversus
3207 3177 3299 3217 eos
3332 3174 3434 3215 au-

1890 3264 1995 3307 tem
2027 3255 2117 3323 qui
2150 3257 2294 3308 nulla
2332 3255 2643 3323 paenitentia
2698 3254 2990 3313 ducuntur,
3044 3252 3266 3306 alterius
3301 3250 3432 3306 licus

1889 3345 2313 3397 exsecrationem
2369 3343 2594 3403 inducit,
2658 3341 2721 3393 ad
2771 3356 2932 3408 quam
2996 3339 3254 3392 Dominus
3305 3340 3436 3392 dicit

1892 3442 2107 3499 propter
2138 3429 2523 3484 infertilitatem
2556 3447 2568 3482 :
2634 3427 2862 3479 Fructus
2896 3428 3120 3493 amplius
3159 3441 3222 3478 ex
3250 3434 3295 3478 te
3334 3442 3435 3479 non

1891 3520 2002 3580 ﬁat.

1960 3607 2159 3659 Zetum.
2194 3607 2324 3670 Quae
2370 3607 2517 3675 prius
2547 3607 2759 3675 quidem
2808 3605 2872 3658 de
2923 3604 3088 3673 lapsis
3113 3603 3254 3657 dicta
3287 3610 3434 3663 sunt,

1891 3696 2035 3748 dicta
2067 3702 2193 3749 sunt
2231 3696 2393 3747 etiam
2445 3694 2511 3748 de
2552 3693 3015 3760 rcsipiscentibus.
3064 3689 3264 3743 Contra
3315 3689 3435 3741 illos

1891 3801 2015 3839 vero
2064 3786 2152 3854 qui
2196 3800 2259 3839 ex
2309 3783 2683 3852 desperatione
2732 3782 2811 3835 vel
2856 3782 3141 3848 depravata
3185 3779 3438 3847 opinione

1892 3872 2262 3941 pmnitentiam
2307 3886 2412 3923 non
2446 3878 2632 3939 agunt,
2666 3883 2727 3921 ac
2775 3874 3035 3935 perpetuo
3086 3865 3436 3919 inhazrentem

1892 3976 1954 4014 ac
1984 3961 2317 4014 indelebilem
2349 3959 2553 4027 peccati
2583 3957 2852 4023 nigroretn
2881 3963 3115 4022 gestant,
3133 3961 3192 4007 ut
3225 3952 3438 4007 Ethio-

1892 4064 1985 4118 pes
2011 4049 2215 4103 fuscam
2246 4049 2460 4116 pellem.
2500 4046 2807 4114 pardusque
2837 4044 3157 4106 varietates;
3210 4043 3436 4097 alterius

1893 4138 2027 4192 ﬁcus
2057 4138 2479 4191 exsecrationem
2510 4135 2738 4190 inducit.
2788 4132 2866 4183 Ad
2890 4145 3049 4199 quam
3081 4130 3339 4183 Dominus
3366 4130 3438 4184 ob

1892 4227 2249 4286 sterilitatem,
2294 4216 2372 4277 Ne
2403 4224 2624 4291 fructus,
2657 4223 2851 4289 inquit,
2900 4221 3125 4287 amplius
3168 4234 3229 4272 ea:
3260 4227 3308 4271 te
3343 4236 3438 4271 na-

1893 4324 2090 4367 scatur.
2124 4314 2563 4382 lmplendumque
2596 4314 2669 4365 ait
2714 4313 2766 4363 in
2812 4312 2946 4379 ipsis
2984 4309 3113 4361 illud
3164 4307 3436 4360 Ecclesia-

255 4397 372 4433 στου
403 4383 464 4444 ’⁸,
493 4382 768 4449 λέγοντος’
818 4384 1283 4451 Διεστραμμένον
1348 4390 1418 4440 οὐ
1471 4389 1787 4455 δυνήσεται

1893 4411 2020 4465 διες,
2072 4402 2298 4455 dicentis
2332 4419 2345 4453 :
2384 4402 2531 4465 Quod
2556 4415 2844 4466 perversum
2864 4410 3052 4451 estnon
3081 4398 3264 4464 poterit
3283 4410 3435 4447 exor-

254 4467 735 4536 ἐπικοσμηθῆναι,
769 4469 863 4520 καὶ
904 4469 1202 4536 ὑστέρημα
1221 4473 1291 4523 οὐ
1323 4470 1643 4538 δυνήσεται
1664 4478 1787 4543 ἀρι-

257 4554 533 4621 θμηθῆναι
560 4573 573 4585 ·
605 4552 719 4608 εἶτα
765 4557 1060 4625 σαφηνίσας
1086 4558 1153 4610 τὰ
1186 4559 1323 4627 ῥητὰ
1357 4561 1545 4626 ταῦτα,
1578 4566 1792 4633 προστί-

258 4636 373 4708 θησι
398 4640 487 4691 καὶ
515 4640 582 4692 τὰ
608 4636 699 4693 τοῦ
742 4641 980 4700 ἨσαῙου.

841 4730 1075 4783 ΚΑΝΩΝ
1104 4732 1179 4786 E’.

326 4833 343 4865 ι
378 4815 583 4879 Τοῖξδὲ
614 4817 1155 4888 καθυποκριναμένοις
1188 4822 1325 4875 κατά
1354 4823 1441 4874 τὸν
1473 4824 1789 4893 ὲπιληπτευ-

268 4920 284 4951 ι
316 4904 533 4971 σάμενον
554 4906 735 4969 Δαόὶδ,
764 4906 848 4958 ἴνα
893 4907 966 4976 μὴ
1017 4908 1277 4981 ἀποθάνῃ,
1306 4912 1403 4963 οὐκ
1431 4912 1558 4964 ὄντα
1602 4914 1789 4983 ἐπίλη-

270 5008 286 5039 ι
318 5008 465 5045 πτον·
501 4994 593 5046 καὶ
649 4996 720 5063 μὴ
774 4994 991 5062 γυμνῶς
1034 4996 1505 5067 ἀπογραψαμένοις
1541 4999 1610 5051 τὰ
1653 5001 1789 5069 πρὸς

270 5095 285 5125 ι
316 5077 550 5148 ἄρνησιν,
598 5080 731 5133 ἀλλά
761 5080 1066 5145 διαπαίξασι
1109 5085 1243 5137 κατά
1295 5085 1489 5154 πολλὴν
1534 5104 1789 5155 στενοχω-

269 5182 286 5212 ι
323 5166 453 5235 ρίαν,
480 5167 555 5228 ὡς
582 5166 647 5218 ἂν
671 5169 852 5221 παιδία
880 5169 1191 5238 βουλευτικὰ
1222 5172 1462 5244 ἔμφρονα
1487 5177 1542 5226 ὲν
1566 5176 1789 5238 παιδίοις

269 5267 285 5297 ι
317 5250 523 5321 ἀφροσι,
552 5252 649 5314 τὰς
694 5254 796 5307 τῶν
844 5255 1046 5324 ἐχθρῶν
1078 5255 1380 5322 ἐπιϐουλὰς,
1428 5260 1541 5329 ἦτοι
1566 5262 1639 5322 ὡς
1660 5262 1792 5313 διελ-

326 5378 347 5405 ι
373 5366 551 5419 Ha’tth.
582 5383 696 5434 ιιι,
730 5368 808 5421 l9.
879 5372 907 5410 ιι
935 5370 1266 5436 Eccle.t,15.
1343 5385 1364 5413 ε
1395 5374 1504 5428 lsa.
1534 5392 1677 5441 urt,
1708 5379 1788 5432 94.

1893 5409 1895 5415 ι
1934 5378 2041 5434 Isa.
2076 5394 2206 5443 ιιίι,
2235 5380 2325 5443 ‘20,
2352 5378 2441 5431 21.

1893 4491 2037 4549 nari,
2062 4501 2110 4543 et
2135 4489 2362 4555 defectus
2394 4489 2658 4540 numerari
2694 4504 2792 4539 non
2813 4488 2999 4553 poterit
3033 4501 3049 4537 :
3085 4486 3280 4553 quibus
3312 4498 3435 4536 mox

1892 4578 2192 4647 explicatis,
2218 4576 2371 4631 Isaiae
2401 4593 2613 4645 quoque
2646 4577 2803 4629 verba
2830 4576 3119 4644 subjungit.

2387 4717 2720 4785 IICANON
2761 4728 2823 4783 γ.

1968 4836 1985 4869 ι
2033 4817 2100 4872 lis
2124 4826 2299 4872 autem
2334 4819 2425 4887 qui
2455 4819 2776 4871 simularunt
2808 4827 2943 4870 SlClll
2976 4826 3027 4871 et
3059 4817 3226 4871 David
3258 4828 3309 4883 ο,
3340 4819 3433 4888 qui

1902 4925 1919 4957 ι
1965 4922 2022 4959 se
2055 4907 2395 4975 epilepticum
2434 4906 2686 4973 tingebat,
2720 4920 2787 4958 ne
2818 4914 3137 4967 moreretur,
3189 4907 3435 4975 quamvis

1900 5013 1917 5043 ι
1961 5010 2018 5048 re
2045 5010 2167 5048 vera
2189 4995 2506 5063 epilepticus
2529 5008 2635 5047 non
2658 5002 2834 5060 esset;
2864 5003 2918 5047 et
2957 5010 3062 5048 non
3092 4994 3233 5049 nude
3268 5010 3433 5065 nega-

1900 5104 1916 5135 ι
1965 5085 2158 5138 tionem
2188 5085 2596 5153 inscripserunt,
2625 5086 2716 5138 sed
2738 5085 2789 5137 in
2813 5085 2992 5138 multis
3014 5085 3295 5153 angustiis,
3323 5094 3433 5139 tan-

1845 5244 1849 5249 '
1900 5189 1918 5221 ι
1963 5187 2122 5240 quam
2153 5173 2303 5239 pueri
2338 5172 2565 5226 consilio
2609 5178 2662 5224 et
2708 5170 2989 5238 prudentia
3036 5171 3242 5239 praediti
3294 5172 3433 5225 inter

1901 5280 1917 5310 ι
1965 5276 2161 5329 pueros
2192 5262 2523 5330 insipientes,
2556 5261 2894 5314 inimicorum
2921 5260 3146 5314 insidias
3174 5260 3427 5315 ludiﬁcati

2522 5388 2545 5415 θ
2579 5376 2604 5429 I
2634 5376 2755 5446 Reg.
2803 5392 2911 5437 ut,
2971 5376 3049 5427 l5.

1476 5488 1703 5542 VARIA'J
1763 5490 2151 5545 LECTlONES.

328 5568 605 5640 '_3ta£om._
668 5570 687 5600 ⁸
720 5569 1082 5640 δυνηθήσεται.

270 5632 303 5662 ’⁸
339 5632 820 5703 Ἐκκλησιᾶστικοῦ.

1168 5574 1187 5604 "
1220 5575 1554 5643 λελεγμένον.
1618 5580 1638 5611 ⁸
1671 5579 1816 5634 deest
1848 5583 1971 5650 γάρ.
2041 5583 2081 5614 ³⁸
2112 5581 2186 5644 ὡς
2216 5582 2451 5635 θάλασσα
2492 5577 2930 5648 ἀναϐεερασμένη
2965 5591 3069 5629 om.
3144 5575 3163 5604 '
3188 5570 3425 5638 utadd.
