4012 6438
176 355 274 418 485

1303 354 1383 415 1N
1417 353 1654 413 EI’lST.
1700 352 1763 414 S.
1804 346 2033 411 PETRI
2076 349 2295 411 ALEX.

3279 350 3388 416 486

178 484 237 534 οὐ
278 482 495 551 γυμνῶς
544 483 601 534 δὲ
637 483 695 534 ιὰ
717 481 851 551 πρὸς
890 481 1115 552 ἄρνησιν
1153 479 1415 551 ἔγραψαν,
1467 479 1589 532 ἀντὶ
1639 479 1731 530 τοῦ

1844 496 1953 550 qua:
1976 480 2043 533 ad
2082 480 2492 551 abnegationem
2540 488 2787 551 spectant
2816 495 2924 535 non
2956 480 3098 537 node
3150 478 3388 550 scripse-

178 570 276 624 οὒκ
318 568 829 640 ἀπαρακαλύπτως,
866 569 925 623 ού
977 571 1241 641 φανερῶς,
1291 570 1425 622 ἀλλὰ
1466 570 1554 622 διά
1599 579 1742 625 τινος

182 654 402 724 μεθόδου
428 654 704 719 διέπαιξαν
734 658 860 718 τοὺς
903 655 1181 724 βιάζοντας
1211 657 1422 720 αὐτοὺς,
1461 656 1534 718 ὡς
1572 659 1599 708 ό
1634 658 1739 707 Δα-

182 741 267 793 δὶδ
305 742 396 795 ὅτι
421 743 509 795 τὸν
533 743 827 813 ἐπίληπτον
873 742 1133 813 ύπεκρίθη
1188 743 1401 810 φεύγων
1430 743 1520 794 τὸν
1552 743 1737 804 Σαοὺλ,

181 832 274 883 καὶ
305 832 440 901 πρὸς
477 833 602 894 τοὺς
652 832 979 900 ἀλλοφύλους
1007 832 1312 901 γενόμενος,
1347 832 1439 883 καὶ
1480 830 1620 883 οὕτω
1650 832 1740 884 τὸν

181 919 409 977 θάνατον
457 922 814 990 διαπέφευγε·
872 922 1152 986 διέπαιξαν
1204 921 1281 985 δὲ,
1318 922 1470 991 φησὶ,
1505 922 1599 983 τὰς
1634 922 1739 975 τῶν

181 1009 390 1080 ἐχθρῶν
432 1010 740 1073 επιϐουλὰς,
782 1013 856 1075 ὡς
884 1012 1067 1065 παιδία
1106 1010 1441 1080 βουλευτικὰ,
1476 1010 1735 1079 ἔμφρονα,

182 1099 438 1169 φρόνιμα,
460 1100 549 1152 καὶ
574 1100 807 1161 συνετῶς
823 1100 1020 1170 δηλαδὴ
1044 1100 1417 1170 βουλευόμενα,
1442 1097 1741 1162 διαπαίζου-

182 1204 269 1241 σιν
284 1190 341 1240 ὲν
355 1188 548 1258 ἄφροσι
565 1188 813 1250 παιδίοις.
825 1191 1093 1259 Ἐμφροσι
1104 1190 1159 1241 δὲ
1175 1189 1457 1252 ἀπεικάζει
1472 1190 1595 1251 τοὺς
1607 1182 1742 1240 ἀπὶ-

181 1280 451 1346 τήσαντας
467 1280 590 1341 τοὺς
606 1280 838 1343 ἀσεϐεῖς,
863 1281 953 1332 καὶ
968 1280 1220 1345 δόξαντας
1241 1282 1336 1349 μὲν
1357 1279 1523 1341 θύειν,
1552 1279 1623 1347 μὴ
1650 1278 1740 1331 θύα

184 1384 380 1429 σαντας
397 1367 474 1419 δέ·
506 1369 776 1437 ἔμφρονας
795 1370 890 1438 μὲν
904 1370 977 1432 ὡς
997 1368 1092 1439 τὴν
1112 1370 1296 1421 ου’σίαν
1313 1368 1446 1429 τέως
1467 1368 1741 1419 ἑκκλίναν-

180 1472 280 1517 τας
296 1456 357 1486 ’³⁸
382 1472 395 1484 ·
423 1456 690 1519 παιδείους
707 1457 783 1518 δὲ,
804 1459 879 1520 ὡς
900 1458 972 1528 μὴ
990 1459 1187 1510 τέλειον
1205 1460 1294 1511 καὶ
1304 1458 1563 1528 ἀνδρῶδες
1576 1459 1738 1515 ἐνδει-

186 1543 446 1613 ξαμένους
463 1546 732 1614 φρόνημα,
756 1548 848 1598 καὶ
862 1548 1118 1613 γενναίως
1132 1548 1617 1610 ἀντικαταστάντας
1630 1552 1741 1610 τοῖς

186 1635 613 1704 εἰδωλολάτραις,
649 1636 760 1687 ἀλλ’
786 1637 931 1705 ὅμως
976 1637 1329 1705 συνθεμένους
1361 1638 1540 1701 θῦσαι,
1575 1640 1620 1689 εί
1649 1638 1740 1691 καί

183 1740 326 1787 τινες
352 1726 439 1755 ⁸⁵⁶’
471 1724 586 1777 ἀνθ’
613 1726 820 1779 ἑαυτῶν
842 1726 1102 1778 ὑπέϐαλον
1130 1727 1390 1790 ὲθνικοὺς,
1422 1729 1584 1797 ἤγουν
1612 1728 1738 1780 ἀπί-

1845 577 1991 627 runt,
2019 570 2120 623 hoc
2151 576 2234 624 est
2258 585 2365 624 non
2387 570 2693 634 manifeste,
2720 586 2829 625 non
2852 580 3065 641 aperte;
3098 570 3193 625 sed
3219 569 3389 623 artiﬁ-

1842 658 1928 711 cio
1955 656 2190 726 quodam
2217 672 2311 711 eos
2339 659 2432 726 qui
2460 658 2564 711 vim
2599 658 2904 713 inferebant
2934 657 3193 713 ludiﬁcati
3214 663 3342 712 sunt
3367 672 3386 710 :

1841 759 1900 804 ut
1929 749 2116 813 David,
2150 749 2241 817 qui
2269 750 2393 803 dum
2424 748 2640 804 Saulem
2669 749 2894 820 fugeret,
2930 764 2994 802 ac
3036 748 3103 803 ad
3144 748 3389 818 alienige-

1840 856 1939 895 nas
1968 839 2295 901 devenisset,
2346 854 2404 893 se
2454 841 2796 909 epileptieum
2826 839 3003 903 ﬁnxit,
3032 853 3202 908 eoque
3232 845 3389 909 pacto

1840 937 2066 984 mortem
2095 929 2334 982 evitavit.
2362 926 2646 982 Lnditicati
2676 944 2834 998 porro
2864 939 3011 991 sunt,
3046 930 3241 997 inquit,
3278 928 3386 981 ini-

1839 1017 2102 1070 micorum
2135 1016 2397 1081 insidias;
2425 1018 2591 1070 veluti
2624 1032 2773 1084 pueri
2809 1016 3123 1085 prudentes,
3156 1016 3387 1070 consilio

1840 1101 2093 1154 nimirum
2125 1116 2187 1155 ac
2212 1103 2494 1172 prudentia
2530 1102 2763 1171 praediti,
2799 1104 2999 1171 quique
3047 1104 3254 1157 scilicet
3299 1119 3390 1159 so-

1838 1190 2003 1244 lerter
2033 1194 2320 1247 consilium
2353 1195 2651 1261 capientes,
2688 1193 3003 1260 insipientes
3029 1209 3225 1261 pueros
3264 1194 3390 1246 illu-

1838 1280 1995 1333 clunt.
2027 1280 2389 1337 Prudentibus
2436 1289 2613 1334 autem
2661 1289 2937 1349 comparat
2971 1297 3066 1336 eos
3115 1296 3143 1333 a
3191 1282 3389 1351 quibus

1839 1370 2045 1438 decepti
2083 1379 2206 1424 sunt
2229 1372 2401 1439 impii,
2426 1374 2627 1441 quique
2651 1388 2772 1426 cum
2802 1389 2907 1427 non
2938 1371 3386 1433 sacriﬁcaverint.

1841 1458 2151 1511 sacriﬁcare
2180 1458 2534 1512 nihilominus
2562 1461 2662 1513 visi
2710 1468 2872 1523 sunt;
2929 1459 3222 1528 prudentes
3268 1458 3390 1526 qui-

1840 1547 1985 1607 dem,
2020 1547 2185 1612 utqui
2219 1544 2547 1599 sacriﬁcium
2582 1561 2821 1613 eousque
2860 1546 3174 1597 evitaverint
3210 1563 3223 1597 :
3258 1560 3389 1613 puca

1840 1650 1930 1690 ros
1964 1645 2162 1696 autem,
2198 1635 2341 1701 quod
2376 1635 2672 1704 perfectum
2702 1650 2765 1688 ac
2800 1636 3007 1688 virilem
3037 1648 3254 1688 sensum
3291 1636 3390 1687 mi-

1840 1725 1984 1776 nime
2011 1722 2300 1784 induerint,
2343 1740 2441 1776 nec
2472 1737 2730 1793 generose
2776 1723 3039 1776 idolorum
3086 1723 3390 1778 cultoribus

188 1829 377 1875 στους,
430 1814 524 1864 καὶ
587 1813 806 1866 ἑκείνων
873 1815 1143 1867 θυσάντων
1194 1817 1547 1884 ἐνομίσθησαν
1595 1818 1743 1868 αὐτοὶ

1846 1814 2230 1880 ropugnarint;
2267 1827 2449 1865 verum
2500 1827 2557 1865 se
2593 1812 2995 1865 sacriﬁcaturus
3048 1818 3175 1863 sunt
3224 1812 3387 1879 pacti,

185 1903 487 1955 τεθυκέναι.
552 1904 677 1964 Τοῖς
708 1905 981 1967 τοιούτοις,
1042 1908 1221 1973 φησὶν,
1253 1906 1517 1975 ἑξάμηνος
1556 1906 1741 1975 καιρὸς

189 1991 469 2061 ἰξαρκέσει
502 1993 581 2052 είς
635 1993 935 2060 μετάνοιαν.
980 1994 1096 2045 Κᾶν
1123 1995 1230 2064 γὰρ
1266 1996 1365 2047 οὐκ
1389 1994 1601 2057 ἔθυσαν,
1627 1994 1739 2047 ἀλλ’

185 2082 266 2133 ὅτι
315 2081 596 2133 συνέθεντο
646 2082 823 2145 θῦσαι,
868 2084 900 2153 ἢ
962 2086 1042 2137 ὅτι
1079 2086 1293 2155 ἑτέρους
1342 2084 1623 2147 ὑπέϐαλον,
1650 2084 1741 2136 καὶ

186 2167 370 2233 ῑδοξαν
402 2168 556 2220 αὐτοὶ
590 2167 768 2233 θῦσαι,
806 2170 1155 2240 ἐλογίσθησαν
1191 2172 1395 2239 δεῖσθαι
1439 2173 1739 2241 μετανοίας,

188 2256 238 2306 εἰ
264 2254 355 2307 καί
382 2271 522 2306 τισιν
560 2255 738 2308 αὐτῶν
769 2257 1142 2327 συνεχώρησάν
1168 2275 1309 2321 τινες
1344 2258 1449 2310 τῶν
1482 2259 1741 2330 ὁμολογη-

192 2341 418 2395 σάντων.
450 2343 606 2405 Τινὲς
630 2343 735 2414 γὰρ
752 2346 857 2398 τῶν
884 2349 1337 2417 μαρτυρησάντων
1358 2348 1450 2400 καὶ
1472 2347 1742 2402 παθόντων

191 2430 332 2500 ὑπὲρ
359 2432 457 2497 τῆς
509 2432 743 2496 πίστεως
783 2434 1159 2505 συνεχώρησαν
1200 2440 1311 2500 τοῖς
1351 2436 1438 2490 διὰ
1488 2437 1740 2507 μεθόδων,

189 2518 265 2581 ὡς
309 2519 541 2589 εἴρηται,
592 2521 666 2591 μὴ
698 2521 907 2585 θύσασι,
946 2525 1039 2577 καὶ
1072 2524 1311 2590 ἐδέξαντο
1358 2527 1549 2589 αὐτοὺς
1609 2526 1744 2596 μετὰ

191 2607 297 2661 τῶν
350 2609 575 2674 πιστῶν,
625 2611 707 2663 ὅτι
745 2611 1001 2681 ἐξέφυγον
1033 2614 1377 2685 πολυτρόπως
1405 2616 1464 2668 τὸ
1496 2616 1744 2670 θυσιάσαι

192 2696 302 2758 τοῖς
328 2694 565 2765 δαίμοσι.
594 2696 689 2748 Διὰ
716 2697 772 2748 δὲ
791 2697 887 2766 τὴν
926 2698 1189 2768 ἑξάμηνον
1227 2700 1558 2770 προθεσμίαν
1580 2701 1747 2770 ἑμνή-

196 2782 296 2853 σθη
346 2785 439 2837 τοῦ
502 2785 588 2837 διὰ
635 2786 871 2856 Γαϐριὴλ
916 2789 1241 2857 μηνύματος,
1282 2789 1373 2841 τοῦ
1408 2792 1465 2841 ἑν
1490 2789 1564 2858 τῷ
1605 2791 1746 2859 ἕκτῳ

200 2876 327 2944 μηνὶ
382 2876 483 2944 τῆς
537 2875 841 2945 συλλήψεως
886 2877 978 2929 τοῦ
1022 2878 1362 2947 Προδρόμου,
1429 2880 1486 2931 ἑν
1533 2874 1575 2945 ᾧ
1622 2896 1745 2932 συν-

196 2964 399 3033 ελήφθη
455 2968 484 3018 ό
533 2964 752 3036 Κύριος.
813 2966 1087 3036 Ἐπιφὲρει
1132 2967 1186 3018 δὲ
1229 2967 1320 3020 καὶ
1360 2968 1581 3038 ῥήματα
1608 2968 1744 3020 ἁπο-

200 3053 432 3105 στολικά·

1840 1901 2061 1955 etiamsi
2081 1900 2338 1969 quosdam
2377 1914 2471 1968 pro
2514 1914 2572 1954 se
2602 1899 2972 1965 submiserint,
2997 1901 3265 1959 ethnicos,
3287 1900 3388 1952 hoc

1832 1994 1934 2044 est,
1963 1984 2222 2042 inﬁdeles.
2246 1984 2419 2050 iisque
2455 1983 2910 2048 sacriﬁcantibus,
2949 1985 3049 2054 ipsi
3084 1986 3185 2053 12
3216 1988 3382 2040 sacri-

1837 2074 2024 2128 ﬁcasse
2040 2074 2335 2126 existimati
2356 2084 2503 2127 sunt.
2531 2073 2828 2138 Ejusmodi,
2856 2074 3053 2142 inquit,
3077 2074 3394 2129 hominibus

1837 2171 2101 2219 semestre
2122 2171 2332 2230 tempus
2359 2164 2422 2214 ad
2462 2165 2834 2230 prenitentiam
2864 2163 3116 2217 suﬁiciet.
3135 2164 3269 2218 Nam
3290 2164 3391 2218 etsi

1840 2252 2064 2305 minime
2098 2249 2481 2314 immolarunt;
2526 2258 2707 2303 tamen
2762 2249 2890 2317 quia
2921 2263 2981 2304 se
3016 2250 3393 2305 immolaturos

1840 2346 1967 2395 sunt
1995 2338 2159 2408 pacti,
2193 2338 2272 2394 vel
2320 2337 2464 2409 quod
2521 2339 2656 2392 alios
2706 2338 3025 2401 submisere,
3058 2338 3269 2406 ipsique
3297 2337 3393 2388 im-

1842 2428 2075 2482 molasse
2128 2437 2255 2481 sunt
2315 2426 2438 2488 visi,
2495 2425 2811 2496 pcenitentia
2862 2424 3102 2493 indigere
3162 2421 3391 2491 judicati

1843 2524 1969 2571 sunt
2007 2535 2020 2570 :
2056 2517 2160 2570 etsi
2192 2518 2515 2586 quibusdam
2549 2533 2613 2570 ex
2658 2517 2790 2586 ipsis
2840 2514 3084 2568 nonnulli
3111 2512 3392 2567 confesso.

1842 2622 1961 2661 rum
1990 2609 2264 2677 ignovere.
2295 2606 2495 2661 Eorum
2527 2621 2715 2675 nempe
2755 2605 2974 2674 quidam
3022 2606 3116 2672 qui
3166 2593 3224 2657 s‘e
3267 2599 3391 2654 ﬁdei

1842 2707 2009 2753 testes
2042 2699 2401 2752 exhibuerunt
2449 2711 2510 2751 ac
2544 2712 2642 2765 pro
2677 2697 2779 2749 ﬁde
2821 2702 2950 2751 sunt
2982 2695 3149 2761 passi,
3202 2693 3268 2746 iis
3296 2690 3388 2761 qui

1845 2787 2075 2841 artiﬁcio
2106 2787 2363 2855 quodam,
2388 2794 2447 2840 ut
2482 2786 2685 2839 dictum
2715 2791 2817 2846 est,
2848 2798 2956 2836 non
2987 2780 3389 2842 sacriﬁcarunt,

1843 2876 2125 2943 ignovere,
2157 2888 2218 2929 ac
2248 2874 2369 2927 illos
2402 2887 2525 2926 cum
2578 2872 2824 2925 ﬁdelibus
2854 2871 2918 2923 ad
2953 2868 3391 2922 communionem

1846 2964 2133 3023 admisere,
2192 2961 2334 3028 quod
2386 2976 2473 3043 ιιι)⁸
2505 2960 2836 3013 daemonibus
2891 2956 3228 3010 immolarent
3276 2962 3393 3007 stu-

1847 3054 1999 3109 diose
2021 3054 2345 3107 vitaverunt.
2376 3049 2543 3102 Porro
2566 3048 2727 3115 hujus
2758 3047 3032 3100 semestris
3062 3043 3393 3098 terminis»-

198 3142 436 3204 casione,
475 3142 915 3198 Annuntiationis
949 3156 1044 3213 per
1070 3144 1370 3199 Gabrielem
1430 3144 1583 3199 factae
1627 3145 1888 3209 meminit,
1927 3149 2081 3197 sexto
2113 3155 2295 3195 mense
2323 3137 2694 3206 conccptionis
2725 3133 3103 3194 Praecursoris,
3133 3144 3239 3199 quo
3257 3144 3391 3183 con-

198 3240 383 3302 ceptus
410 3244 494 3288 est
518 3233 794 3289 Dominus.
828 3234 964 3287 Tum
1000 3236 1293 3302 apostolica
1319 3237 1479 3290 verba
1502 3236 1812 3306 subiungit:

794 3324 1027 3376 mors
1066 3325 1156 3389 ς’.

273 3428 293 3460 ι
326 3410 451 3472 Τοῖς
495 3409 551 3461 δὲ
578 3410 793 3473 δούλους
835 3412 1186 3483 Χριστιανοὺς
1224 3411 1335 3464 ἀνθ’
1373 3412 1577 3468 ἑαυτῶν
1623 3413 1751 3465 ὑπο-

207 3516 228 3549 ‹
258 3498 593 3566 δεθληκόσιν,
630 3500 681 3552 οί
717 3500 812 3568 μὲν
832 3499 1022 3561 δοῦλοι,
1057 3501 1132 3563 ὡς
1154 3501 1220 3553 ἂν
1243 3501 1541 3570 ὑποχείριοι
1573 3500 1743 3564 ὄντες,

210 3606 227 3639 ι
261 3591 351 3641 καὶ
368 3590 566 3659 τρόπον
580 3588 701 3641 τινὰ
717 3591 807 3642 καὶ
827 3591 977 3643 αὐτοὶ
991 3591 1406 3659 φυλακισθὲντες
1428 3593 1529 3644 ὑπὸ
1545 3592 1649 3645 τῶν
1670 3593 1749 3645 δε-

210 3699 225 3727 (
254 3678 480 3741 σποτῶν,
494 3679 975 3749 καταπειληθὲντες
989 3682 1253 3732 τε¹⁸⁴⁵⁸ύπ“
1268 3680 1442 3732 αὐτῶν
1458 3683 1549 3733 καὶ
1560 3682 1647 3734 διὰ
1661 3683 1749 3735 τὸν

210 3785 228 3817 ι
263 3768 421 3835 φόόον
443 3768 619 3820 αὐτῶν
639 3770 719 3829 είς
737 3767 891 3819 τοῦτο
914 3767 1220 3837 ἐληλυθότες
1244 3770 1337 3819 καὶ
1354 3768 1747 3839 ὀλισθήσαντες,

209 3874 225 3903 ι
258 3856 315 3907 ἑν
349 3856 480 3886 ""“
510 3854 739 3923 ἑνιαυτῷ
764 3854 832 3906 τὰ
865 3854 961 3923 τῆς
1010 3856 1289 3925 μετανοίας
1321 3855 1457 3927 ἔργα
1500 3856 1749 3918 δείξουσι,

209 3959 228 3991 ι
267 3944 619 4010 μανθάνοντες
638 3942 733 3995 τοῦ
748 3942 952 4006 λοιποῦ,
971 3944 1042 4006 ὡς
1064 3944 1235 3996 δοῦλοι
1251 3943 1484 4014 Χριστοῦ
1506 3949 1671 3998 ποιεῖν
1690 3947 1749 3998 τὸ

211 4052 228 4083 ι
266 4033 473 4108 θέλημα
506 4030 600 4085 τοῦ
633 4031 865 4101 Χριστοῦ
898 4031 1073 4097 "‘““,
1109 4036 1199 4085 καὶ
1245 4033 1520 4101 φοϐεῖσθαι
1555 4034 1745 4087 αὐτόν·

210 4137 227 4169 ι
261 4120 541 4182 ἀκούοντες
576 4119 826 4188 μάλιστα,
857 4120 933 4171 ὅτι
966 4118 1218 4184 ἕκαστος
1242 4118 1349 4172 ἐάν
1396 4118 1457 4189 [1.
1502 4120 1529 4171 ὃ
1562 4120 1649 4190 ἄν]
1697 4136 1751 4171 τι

209 4226 228 4259 ι
259 4209 480 4275 ποιήσῃ
511 4206 753 4275 ἀγαθὸν,
789 4207 1283 4275 τοῦτακομίσεται
1317 4207 1473 4274 παρὰ
1511 4210 1746 4275 Κυρίου,

210 4314 227 4345 ε
261 4297 377 4349 εἶτε
408 4294 626 4360 δοῦλος
650 4294 769 4347 sits
798 4295 1106 4362 ἐλεύθερός
1128 4297 1259 4348 ἐστι
1302 4298 1364 4348 ³ο.
1403 4315 1421 4347 ι

266 4385 459 4439 ΒΔΛΣ.
487 4384 626 4446 Τοὺς
667 4383 807 4437 κατὰ
836 4385 1077 4438 κέλευσιν
1124 4388 1214 4438 καὶ
1254 4386 1480 4456 ἀπειλὴν
1521 4388 1626 4440 τῶν
1666 4388 1750 4440 δε-

205 4473 409 4526 σποτῶν
454 4472 718 4535 θύσαντας
759 4473 973 4537 δούλους
1020 4476 1109 4527 ἐπὶ
1160 4475 1399 4527 ἐνιαυτὸν
1451 4476 1674 4546 ἐπιτιμᾷ
1722 4477 1751 4528 ὁ

206 4562 381 4632 [ἰατὴρ
415 4557 602 4625 οὗτος·
637 4562 712 4625 ὡς
752 4563 848 4631 μὲν
874 4564 980 4634 γὰρ
1012 4564 1272 4617 πεισθεῖσι
1319 4568 1431 4627 τοῖς
1469 4565 1750 4629 δεσπόταις

2446 3314 2673 3371 Ε.ῺέοΝ
2703 3314 2790 3368 Vl.

1927 3428 1944 3461 ι
1983 3409 2020 3464 li
2044 3417 2220 3463 autem
2255 3408 2345 3477 qui
2392 3423 2578 3463 servos
2606 3405 2941 3460 Christianos
2992 3402 3090 3470 pro
3112 3416 3171 3455 se
3197 3399 3396 3455 submi-

1856 3520 1874 3553 ι
1908 3508 2114 3563 serunt,
2147 3500 2285 3552 servi
2339 3497 2579 3563 quidem,
2638 3504 2697 3548 ut
2726 3493 2817 3563 qui
2843 3493 2943 3561 ipsi
2983 3492 3084 3545 sub
3115 3504 3274 3543 manu
3306 3504 3397 3544 es-

1856 3613 1874 3642 ι
1906 3598 2044 3648 sent,
2075 3596 2128 3641 et
2157 3584 2551 3655 quodammodo
2574 3583 2675 3652 ipsi
2710 3587 2927 3649 quoque
2957 3581 3009 3632 in
3053 3578 3395 3632 dominorum

1856 3697 1873 3729 ι
1913 3676 2159 3731 custodia
2181 3681 2382 3735 essent,
2415 3661 2681 3740 minisque
2712 3671 2784 3723 ab
2818 3670 2951 3737 ipsis
2974 3668 3165 3725 territi,
3189 3674 3240 3720 et
3271 3679 3397 3732 pro-

1857 3784 1874 3814 ι
1910 3776 2025 3832 pter
2052 3776 2241 3816 eorum
2293 3767 2493 3813 metum
2546 3773 2609 3812 eo
2653 3756 2916 3825 compulsi
2951 3762 3004 3808 et
3058 3755 3212 3822 lapsi,
3252 3767 3397 3805 anno

1856 3872 1875 3905 ‹
1909 3866 2068 3921 opera
2102 3850 2429 3918 poenitentia:
2472 3847 2774 3909 ostendent,
2804 3854 2856 3898 et
2898 3845 3152 3913 deinceps
3170 3843 3397 3897 .discen-

1856 3961 1875 3994 ι
1907 3952 2006 4006 tes,
2032 3946 2090 3993 ut
2122 3938 2259 3993 servi
2284 3924 2511 3995 Christi,
2545 3935 2719 3988 facere
2748 3934 2950 3987 Christi
2988 3923 3395 3987 voluntatem'ct

1856 4050 1875 4081 ι
1909 4045 2030 4084 cum
2068 4027 2255 4079 timere
2288 4043 2300 4077 :
2333 4024 2612 4077 audientes
2668 4022 2919 4083 maxime,
2942 4021 3083 4089 quod
3120 4020 3399 4086 unusquis-

1856 4136 1873 4168 ι
1914 4133 2031 4187 que,
2072 4114 2273 4184 siquid
2322 4112 2441 4165 boni
2474 4112 2674 4178 fecerit,
2725 4109 2820 4163 hoc
2874 4109 3001 4177 feret
3049 4125 3083 4160 a
3148 4106 3394 4169 Domina,

1856 4224 1873 4256 ι
1909 4205 2013 4257 sive
2033 4218 2208 4255 servus
2233 4201 2339 4254 sive
2369 4199 2498 4252 liber
2531 4200 2598 4252 sit
2626 4211 2673 4253 ι.
2708 4217 2727 4250 ι

1919 4377 2079 4430 Βλιε.
2108 4373 2303 4429 Servos
2325 4373 2415 4443 qui
2450 4372 2785 4427 dominorum
2818 4371 2974 4439 jussu
3004 4383 3066 4422 ac
3119 4369 3279 4424 minis
3304 4384 3397 4424 sa-

1851 4469 2183 4529 criﬁcarunt,
2209 4480 2349 4518 anno
2374 4462 2528 4533 punit
2556 4463 2643 4515 hic
2672 4459 2831 4513 Pater
2866 4477 2879 4512 :
2918 4465 2974 4510 ut
3011 4457 3100 4526 qui
3125 4458 3268 4511 enim
3294 4457 3397 4510 do-

1852 4556 1998 4610 mino
2028 4553 2325 4624 paruerint,
2359 4551 2609 4620 ignoscit.
2657 4559 2708 4604 et
2753 4564 2914 4618 grave
2937 4548 3258 4617 supplicium
3290 4562 3399 4601 non

205 4654 585 4721 συγγνωμονεῖ,
608 4652 702 4703 καὶ
732 4651 946 4722 βαρεῖαν
981 4654 1081 4705 οὐκ
1102 4653 1292 4719 ἐπάγει
1317 4653 1529 4705 κόλασιν
1549 4671 1561 4683 ·
1593 4654 1667 4716 ὡς
1693 4654 1744 4705 δὲ

1853 4644 2042 4713 inﬂigit
2074 4662 2087 4697 :
2122 4650 2180 4696 ut
2214 4644 2301 4708 qui
2334 4649 2511 4694 autem
2558 4640 2667 4695 sint
2689 4643 2859 4706 magis
2892 4636 3095 4689 Christi
3150 4634 3312 4696 servi,
3344 4644 3400 4688 et

202 4737 393 4802 δσύλοις
410 4739 642 4811 Χριστοῦ
662 4740 857 4809 μᾶλλον
876 4737 1010 4804 οὖσι,
1030 4743 1273 4794 κάκεῖνον
1294 4742 1452 4794 πλέον
1472 4741 1743 4810 φοϐεῖσθαι

205 4827 482 4896 ὀφείλουσι,
496 4831 730 4899 μετρίως
745 4831 986 4901 ἐπιτιμᾷ.
1004 4832 1290 4896 Ἕκαστος
1307 4832 1436 4899 γὰρ,
1456 4831 1584 4901 φησι
1606 4832 1744 4885 κατὰ

207 4916 287 4969 τὸν
308 4920 474 4988 μέγαν
499 4920 730 4982 Παῦλον,
765 4920 795 4973 δ
821 4920 927 4973 ἐὰν
950 4920 1172 4989 ποιήσῃ
1197 4922 1436 4984 ἀῖαθέν,
1468 4921 1747 4988 κομιεῖται

208 5006 368 5061 τοῦτο
394 5014 550 5077 παρό
582 5010 821 5076 Κυρίου,
848 5010 965 5063 alte
998 5010 1215 5074 δοῦλος
1250 5010 1369 5063 εἴτε
1415 5010 1743 5076 ἐλεύθερος.

272 5096 502 5152 ΖΩΝΑΡ.
543 5100 697 5162 Τινὲς
726 5100 941 5163 δούλους
972 5101 1201 5163 οἰκείους
1239 5099 1589 5168 Χριστιανοὺς
1632 5098 1746 5151 ἀνθ’

214 5183 397 5239 ἑαυτῶν
420 5191 518 5241 καὶ
540 5189 779 5243 ἀκόντων
796 5190 859 5262 If.
875 5190 1122 5261 ἄκοντας]
1137 5190 1401 5243 ὑπέϐαλον
1427 5188 1589 5243 θύειν.
1614 5189 1747 5251 Τοὺς

273 5346 299 5375 ι
323 5334 504 5407 Epim.
527 5355 605 5403 v1,
635 5339 688 5395 8.

1851 4752 1972 4791 eum
1997 4734 2193 4789 debent
2220 4732 2390 4801 magis
2417 4740 2679 4792 metuere,
2705 4728 3025 4783 mediocrem
3057 4740 3268 4794 pmnam
3304 4724 3401 4776 im-

1844 4826 2012 4895 ponit.
2050 4821 2406 4890 Uuusquisque
2420 4820 2578 4879 enim,
2604 4817 2799 4887 inquit,
2829 4816 3123 4871 secundum
3148 4828 3398 4882 magnum

1847 4914 2094 4973 Paulum,
2123 4911 2256 4980 quod
2282 4911 2454 4979 fecerit
2484 4908 2672 4961 bonum
2700 4924 2733 4960 a
2764 4906 2985 4958 Domino
3037 4904 3264 4971 recipiet,
3295 4906 3401 4956 sive

1852 5022 2023 5060 servus
2041 5005 2143 5056 sive
2170 5001 2316 5055 liber.

1920 5093 2125 5147 Zama.
2150 5089 2404 5145 Nonnulli
2440 5103 2627 5143 servos
2660 5101 2789 5141 suos
2828 5083 3191 5143 Christianos,
3224 5094 3320 5148 pro
3344 5093 3404 5134 sc

1852 5186 2020 5255 ipsis,
2075 5183 2235 5238 etiam
2283 5180 2480 5235 invitos
2526 5177 2593 5231 ad
2653 5174 3034 5229 immolandum
3081 5171 3401 5228 submisere.

1515 5467 1744 5523 VARUS
1798 5463 2197 5523 LECTlONES.

308 5632 365 5662 "'
397 5633 754 5698 ἑκκλίνοντας.

834 5636 919 5666 ’δ”
948 5635 981 5701 ἢ
1011 5635 1101 5686 καὶ
1133 5635 1184 5686 εἰ
1204 5649 1361 5695 τινες.
1437 5631 1545 5664 ¹³“·’
1571 5649 1626 5685 τε
1656 5647 1763 5687 οηι.

1867 5632 1996 5663 ¹⁶⁸·⁶’
2026 5630 2084 5682 ἐν
2116 5643 2221 5684 οηι.
2304 5608 2450 5660 ’νίν
2487 5628 2639 5680 Θεοῦ.
2717 5629 2759 5657 ¹⁶
2791 5626 2938 5681 deest
2967 5619 3101 5676 ἐστί.
