4012 6476
569 368 672 434 437
1833 358 2108 420 TilEOD.
2159 359 2388 417 ιιι-ιω
2403 358 2561 420 ΜοΝ
3703 344 3814 405 488

563 493 736 548 Hocce
763 489 928 560 igitur
965 503 1171 551 servos,
1202 486 1450 554 quamvis
1505 486 1846 539 dmuinorum
1876 485 2126 554 jussroue

2231 480 2466 542 δούλους,
2506 482 2554 532 εί
2582 480 2675 534 καλ¹
2706 477 2952 532 κελεύσει
2987 474 3094 527 τῶν
3123 471 3392 524 δεσποτῶν
3436 469 3654 530 ἔθυσαν,
3686 469 3815 536 βιαι-

559 582 759 645 coacti,
792 597 894 634 non
935 578 1112 632 autem
1173 590 1271 630 sua
1315 576 1613 635 voluntate,
1677 576 2123 638 sacriﬁcaverint,

2230 568 2478 630 σθέντες,
2525 568 2637 620 ἀλλ’
2680 570 2779 619 οὑκ
2821 565 2880 629 ἐξ
2921 563 3120 616 οἰκείου
3169 560 3504 628 θελήματος,
3558 555 3812 608 ἐνιαυτὸν

561 643 760 727 annum
789 672 844 724 in
878 668 1191 740 paenitentia
1233 666 1426 734 degere
1461 665 1546 718 hic
1593 663 1751 718 Pater
1776 665 1926 732 jubet
1961 682 1973 716 :
2011 679 2122 716 me-

2233 659 2284 708 ὲν
2308 654 2560 724 μετανοίᾳ
2586 655 2830 720 διάγεινό
2847 651 3034 721 Πατὴρ
3061 644 3212 708 οὗτος
3241 645 3550 714 διορίζεται,
3580 643 3677 695 καὶ.
3703 659 3817 711 μα-

563 736 894 827 minisseque
929 773 987 810 se
1022 772 1143 809 cum
1171 755 1278 808 sint
1307 753 1508 814 ﬁdeles,
1534 766 1652 805 esse
1683 751 1887 804 Christi
1917 765 2124 812 servos,

2234 746 2358 808 θεῖν,
2387 747 2486 807 ὅτι,
2522 746 2702 797 πιστοὶ
2730 744 2900 805 ὄντες,
2931 739 3164 811 Χριστοῦ
3189 736 3362 789 δοῦλοί
3397 737 3526 798 εἰσι,
3555 736 3818 787 κάκεῖνον

564 825 1007 912 eumque‘magis
1033 845 1223 894 timere
1245 847 1495 907 oportere
1536 855 1548 890 :
1603 853 1664 889 ac
1696 853 2124 905 unumquemque,

2232 835 2430 904 μᾶλλον
2462 833 2740 903 φοϐεῖσθαι
2776 831 3074 899 όφείλουσγ
3106 828 3199 880 καὶ
3239 827 3319 877 ὅτι
3359 825 3636 887 ἕκαστος,
3669 825 3815 874 κατὰ

564 941 623 986 ιιι
655 949 880 1002 magnus
911 933 985 983 ait
1018 931 1330 999 Apostolus,
1368 932 1470 983 sive
1495 943 1721 992 servum,
1751 928 1854 979 sive
1886 923 2124 990 tiberum,

2229 923 2316 973 τὸν
2342 923 2510 991 μέγαν
2553 916 2890 981 Ἀπόστολον,
2911 919 2940 971 ὃ
2969 919 3076 971 ἐὰν
3100 915 3323 982 ποιήσῃ
3351 913 3659 981 κομιεῖται,
3690 914 3747 964 εἴ
3749 929 3813 964 τε

562 1039 678 1088 qua:
712 1023 885 1091 fecerit
915 1030 1324 1088 reportaturum.

2229 1013 2447 1077 δοῦλος
2481 1013 2600 1066 εἴτε
2631 1013 2960 1078 ἐλεύθερος.

1163 1107 1392 1163 CANON
1421 1108 1532 1163 Vll.

2836 1099 3072 1152 ΚΑΝΩΝ
3114 1100 3183 1150 Ζ’.

644 1219 662 1250 ι
705 1199 884 1252 Liberi
921 1208 1102 1252 autem
1148 1200 1321 1252 tribus
1354 1199 1517 1252 annis
1567 1197 1621 1249 in
1671 1198 1985 1267 paenitentia
2010 1213 2131 1251 exa-

2307 1209 2324 1242 ι
2363 1191 2423 1242 0t
2463 1190 2518 1242 δὲ
2550 1189 2819 1258 ἐλεύθεροι
2857 1189 2912 1238 ὲν
2938 1186 3112 1256 τρισὶν
3145 1185 3319 1237 ἔτεσιν
3353 1179 3817 1248 ὲξετασθήσονται

575 1305 593 1337 ι
639 1288 991 1339 minabuntur
1024 1328 1038 1350 ,
1095 1295 1206 1338 tum
1272 1285 1418 1354 quod
1465 1285 1961 1344 dissiinulavcrint,
2017 1293 2130 1339 tum

2237 1298 2254 1329 ι
2296 1282 2353 1330 ὲν
2381 1281 2652 1349 μετανοίᾳ,
2677 1281 2770 1332 καὶ
2792 1279 2864 1340 ὡς
2886 1277 3309 1345 ὑποκρινάμενοι
3329 1275 3415 1335 ⁵⁸⁵,
3436 1272 3531 1324 καὶ
3545 1271 3622 1331 ὼς
3643 1286 3820 1320 κατα-

574 1393 594 1427 ι
633 1376 774 1444 quod
806 1375 1081 1430 eil‘ecerint
1116 1383 1173 1428 ut
1208 1370 1456 1428 conservi
1521 1376 1909 1435 sacriﬁcarent,
1955 1384 2010 1426 ut
2040 1375 2131 1442 qui

2237 1386 2254 1417 ι
2291 1369 2657 1434 ναγκάσαντες
2683 1369 2807 1428 τοὺς
2836 1364 3155 1434 ὁμοδούλους
3178 1362 3354 1423 θῦσαι,
3383 1362 3478 1412 ᾰτε
3505 1360 3594 1389 ¹⁶²¹
3619 1358 3686 1426 δὴ
3713 1373 3821 1408 παρ-

575 1483 594 1515 ι
631 1466 888 1533 Apostolo
921 1481 1028 1517 non
1068 1466 1395 1526 obcdierint,
1429 1465 1521 1532 qui
1562 1465 1673 1517 vult
1705 1476 1729 1502 ι
1772 1464 2009 1516 dominos
2042 1480 2133 1516 ea-

2237 1477 2254 1507 ι
2289 1458 2658 1532 ρακούσαντες
2702 1457 2795 1509 τοῦ
2853 1454 3169 1506 ’Λποστὸλου
3227 1452 3296 1504 τὰ
3354 1453 3506 1503 αὐτὰ
3558 1447 3821 1505 θέλοντος

577 1575 597 1605 c
638 1555 752 1607 dem
782 1556 948 1620 facere
973 1573 1086 1624 qua:
1108 1558 1260 1618 servi,
1303 1559 1617 1609 remittentes
1646 1558 1834 1608 minas.
1877 1555 2128 1618 Scientes,

2239 1569 2255 1599 ι
2293 1549 2482 1600 ποιεῖν
2527 1546 2665 1610 τοὺς
2710 1545 3007 1607 δεσπότας
3058 1541 3180 1604 τοῖς
3222 1539 3481 1601 δούλοις,
3529 1537 3823 1598 ἀνιέντας

578 1665 596 1695 ι
641 1647 833 1714 inquit,
864 1646 1000 1713 quod
1027 1656 1200 1698 noster
1225 1663 1424 1714 quoque
1450 1655 1498 1697 et
1519 1648 1746 1712 ipsorum
1777 1645 2029 1697 Dominus
2054 1653 2133 1698 est

2241 1658 2256 1690 ι
2296 1640 2407 1704 τὴν
2439 1635 2728 1700 ἀπειλήν·
2778 1634 3002 1697 ειδότες
3042 1632 3103 1693 ¹⁷,
3149 1630 3331 1698 φησὶν,
3377 1627 3466 1679 ὅτι
3505 1627 3618 1714 καί

575 1750 596 1781 ι
636 1733 691 1783 in
726 1733 889 1793 cwlis,
923 1742 1098 1784 etnon
1130 1741 1206 1785 est
1244 1732 1380 1800 apud
1440 1749 1554 1785 eum
1590 1749 1930 1799 personarum
1981 1749 2131 1785 acce-

2241 1745 2256 1774 ι
2301 1725 2394 1777 καὶ
2427 1723 2620 1776 αὐτῶν
2653 1723 2715 1752 ¹⁷’
2738 1724 2769 1774 ὀ
2793 1721 3004 1791 Κύριός
3029 1720 3198 1770 ἐστιν
3222 1716 3263 1746 ⁸⁸
3288 1716 3356 1766 ὲν
3381 1713 3683 1780 οὐρανοῖς,
3714 1712 3825 1763 καὶ

580 1837 599 1870 ι
636 1822 763 1887 ptio.
796 1820 850 1873 Si
878 1837 1042 1874 unum
1069 1832 1249 1876 autem
1308 1837 1497 1876 omnes
1525 1824 1786 1875 habemus
1819 1823 2128 1885 Dominum,

2244 1835 2257 1865 ι
2297 1814 2775 1881 προσωπλοληψία
2808 1809 2941 1876 παρ’
2974 1805 3131 1870 αὐτῷ
3159 1809 3269 1859 οὐκ
3301 1807 3490 1858 ἐστιν.
3530 1805 3592 1855 Et
3632 1803 3689 1855 δὲ
3717 1803 3828 1853 ἕνα

579 1926 602 1959 ι
638 1909 773 1975 apud
823 1927 971 1978 quem
1003 1928 1101 1962 non
1155 1920 1230 1963 est
1269 1927 1610 1978 personarum
1643 1912 1872 1977 acceptio
1907 1912 1965 1976 b;
1999 1926 2133 1979 quo-

2243 1927 2259 1958 ι
2286 1907 2499 1976 Κύριον
2550 1906 2758 1974 ἔχωμεν
2790 1903 2831 1933 ¹⁹
2862 1902 2910 1953 οἱ
2946 1901 3163 1960 πάντες,
3209 1897 3785 1962 ἁπροσωπόληπτον
3807 1931 3827 1957 ,

581 2013 601 2047 t
640 1999 786 2051 niam
808 2011 854 2051 et
887 2002 1083 2061 omnia,
1118 2011 1166 2053 et
1197 2003 1247 2054 in
1274 2001 1509 2057 omnibus
1536 2010 1611 2052 est
1636 2001 1896 2064 Christus,
1923 2002 1974 2053 in
2007 2002 2135 2053 Bar-

2242 2017 2260 2048 ι
2301 1998 2418 2048 ἐπεὶ
2450 1996 2541 2048 καὶ
2578 1993 2773 2045 πάντα
2812 1992 2909 2044 καὶ
2963 1990 3033 2041 ἐν
3058 1987 3247 2040 πᾶσιν
3273 1986 3442 2037 ἐστιν
3467 1987 3498 2036 ό
3534 1982 3825 2050 Χριστὸς,

583 2104 602 2136 ι
646 2087 788 2141 baris
826 2099 875 2142 et
905 2066 1134 2158 Seuthis,
1168 2091 1327 2145 servis
1362 2102 1408 2143 et
1441 2091 1613 2143 liberis
1654 2102 1674 2128 ο
1714 2111 1725 2143 :
1777 2091 1973 2145 debent
2001 2107 2134 2145 con-

2243 2106 2259 2136 ι
2297 2087 2368 2138 ἐν
2421 2103 2482 2138 τε
2525 2082 2850 2150 βαρϐάροις
2903 2080 2999 2133 καὶ
3059 2079 3348 2139 Σκύθαις,
3404 2074 3650 2137 δούλοις
3715 2074 3827 2124 amt

586 2195 604 2226 ι
648 2178 890 2232 siderare
945 2182 1087 2247 quod
1119 2180 1386 2241 fecerunt,
1417 2181 1656 2234 volentes
1710 2197 1862 2233 suam
1892 2182 2131 2250 ipsorum

2245 2194 2259 2226 ι
2299 2174 2662 2241 ἐλευθέροις,
2705 2174 2924 2225 σκοπεῖν
2975 2167 3277 2236 ὀφείλουσιν
3307 2165 3334 2216 δ
3382 2164 3829 2233 κατειργάσαντο

585 2285 603 2317 ι
644 2271 879 2322 animam
933 2283 1183 2337 servare;
1219 2273 1310 2340 qui
1368 2288 1659 2326 conservos
1699 2281 1916 2327 nostros
1955 2281 2135 2328 traxe~

2243 2285 2260 2316 ι
2299 2265 2617 2333 θελήσαντες
2650 2262 2746 2331 τὴν
2773 2260 2947 2328 ψυχὴν
2977 2257 3180 2310 ἑαυτῶν
3212 2256 3381 2307 σῶσαι
3403 2253 3472 2314 '°,
3497 2256 3622 2316 τοὺς
3666 2253 3726 2304 δὲ
3747 2254 3826 2286 ὀ·

584 2373 609 2407 ι
638 2367 765 2411 runt
788 2360 853 2412 ad
887 2361 1262 2425 idololatriam,
1281 2362 1372 2428 qui
1399 2370 1645 2430 poterant
1668 2373 1720 2416 et
1744 2363 1844 2431 ipsi
1876 2363 2130 2432 eﬂugere,

2243 2375 2259 2405 ι
2299 2354 2609 2414 συνδούλους
2627 2350 2831 2405 ἑαυτῶν
2845 2351 2884 2380 ¹¹
2900 2349 3221 2408 ἑλκύσαντες
3237 2345 3329 2398 ἐπὶ
3346 2341 3826 2410 είδωλολατρείαν,

585 2463 606 2494 ι
637 2447 682 2499 si
709 2447 799 2513 jus
830 2455 881 2500 et
908 2449 1266 2516 aequalitatem
1292 2449 1423 2516 ipsis
1447 2448 1801 2515 praebuissent
1845 2454 1903 2501 ut
1942 2462 2133 2503 rursus

2245 2462 2260 2493 ι
2300 2444 2629 2511 δυναμένους
2658 2440 2749 2491 xal.
2777 2438 2968 2498 αὐτοὺς
2998 2437 3277 2503 ἐκφυγεῖν,
3309 2435 3356 2485 εἱ
3390 2433 3448 2484 τὸ
3474 2432 3683 2484 δίκαιον
3719 2432 3827 2481 καὶ

584 2552 604 2583 ‹
641 2535 769 2587 dicit
793 2536 1102 2603 Apostolus.
1140 2555 1158 2586 ι

2255 2550 2262 2581 ι
2305 2530 2400 2600 τὴν
2439 2531 2654 2596 ἰσότητα
2685 2524 2824 2596 ἦσαν
2873 2526 3051 2587 αὐτοῖς
3087 2521 3458 2594 παρασχόντες
3484 2559 3497 2582 ,
3541 2520 3616 2581 ὡς
3654 2517 3839 2570 πάλιν

2244 2640 2262 2672 ι
2301 2624 2329 2674 ό
2364 2619 2678 2680 ’Δπόστολος
2709 2618 2875 2685 λέγει.
2911 2637 2927 2667 ι

650 2706 809 2759 Βιιε.
859 2705 1070 2763 Liberis
1102 2715 1282 2762 autem
1317 2724 1412 2762 seu
1455 2709 1688 2769 dominis
1728 2727 2010 2766 servorum
2042 2727 2132 2766 sa-

2308 2712 2500 2763 ΒΔΛΣ.
2535 2712 2656 2770 Τοῖς
2687 2709 2742 2760 δὲ
2773 2709 3095 2777 ἐλευθέροις,
3115 2706 3231 2774 ἦτοι
3253 2707 3362 2765 τοῖς
3390 2702 3680 2760 δεσπόταις
3709 2698 3851 2750 τῶν·

579 2795 828 2848 criticare
853 2806 1187 2861 coactorum,
1222 2800 1442 2852 triennii
1467 2815 1680 2867 pcenam
1710 2801 1963 2869 injungit,
1990 2801 2134 2868 quod

2243 2803 2567 2871 βιασθέντων
2596 2800 2753 2852 θῦσαι
2781 2799 2998 2859 δούλων,
3033 2798 3124 2848 ὲτέί
3157 2795 3395 2865 τριετίαν
3435 2792 3664 2860 ἐπιτιμᾷ
3686 2806 3697 2817 ·
3735 2789 3827 2842 ὅτι

580 2891 636 2938 et
666 2885 972 2940 sacriﬁcare
1023 2888 1368 2953 simularunt,
1425 2900 1475 2944 et
1513 2892 1733 2942 omnino
1767 2905 2006 2943 annuere
2035 2891 2136 2942 visi

2243 2907 2299 2942 τε
2334 2889 2702 2958 ὑπεκρίθησαν
2733 2885 2913 2947 θῦσαι,
2949 2885 3042 2938 καὶ
3070 2884 3204 2944 ὅλως
3238 2881 3419 2946 ἔδοξαν
3455 2879 3827 2940 κατανεῦσαι,

583 2982 732 3036 sunt,
769 2985 822 3028 et
871 2979 1013 3044 quod
1049 2995 1339 3032 conservos
1372 2979 1679 3056 sacrificare
1726 2988 2039 3047 coegerunt,
2083 2989 2138 3034 et

2243 2980 2335 3032 καὶ⁵
2363 2982 2444 3032 ὅτι
2477 2982 2598 3040 τοὺς
2647 2977 2962 3038 συνδούλους
3014 2974 3327 3044 ἠνάγκασαν
3359 2970 3551 3031 θῦσαι,
3590 2969 3685 3020 καὶ
3735 2969 3827 3019 ὅτι

583 3064 731 3131 quod
761 3064 1020 3132 Apostolo
1047 3083 1152 3121 non
1201 3078 1495 3137 paruerunt
1519 3068 1732 3135 jubeuti
1776 3071 1935 3122 servis
1968 3073 2135 3124 minas

2247 3070 2594 3139 παρήκουσαν
2622 3071 2713 3120 τοῦ
2749 3067 3066 3120 Ἀποστόλου
3096 3062 3405 3123 κελεύοντος
3429 3059 3661 3113 ἀνιέναι
3694 3058 3831 3121 τοῖς

582 3155 876 3216 remittere;
909 3166 1094 3225 utpote
1127 3174 1249 3212 cum
1283 3160 1384 3227 ipsi
1415 3174 1629 3227 quoque
1659 3159 1863 3211 domini
1905 3159 1994 3212 Dei
2020 3177 2140 3233 ser-

2250 3127 2484 3222 δούλοις
2515 3158 2624 3224 τὴν
2658 3159 2933 3223 ἀπειλὴν,
2985 3157 3059 3217 ὼς
3105 3155 3196 3206 καὶ
3242 3153 3348 3204 τῶν
3385 3151 3660 3203 δεσποτῶν
3698 3151 3834 3203 δού-

586 3240 637 3293 vi
661 3243 790 3302 sint,
826 3253 878 3295 et
913 3243 1234 3299 famulorum
1271 3246 1539 3300 conservi.
1576 3245 1749 3313 Atque
1780 3247 1880 3313 ipsi
1925 3246 2141 3314 quidem

2245 3247 2351 3298 λων
2397 3245 2563 3298 όντων
2597 3247 2672 3314 τῷ
2705 3247 2912 3314 Κυρίῳ,
2952 3245 3044 3296 καὶ
3075 3246 3187 3304 τοῖς
3215 3243 3450 3303 οἰκέταις
3492 3241 3826 3295 συνδούλων.

579 3327 910 3385 festinarunt
941 3347 1092 3386 suam
1116 3351 1331 3390 servare
1365 3336 1618 3396 animam,
1648 3350 1939 3388 conservos
1961 3343 2141 3387 autem

2246 3338 2354 3389 Kal.
2395 3338 2547 3389 αὐτοὶ
2586 3338 2682 3406 μὲν
2724 3336 2990 3387 ἔσπευσαν
3018 3333 3117 3402 τὴν
3154 3330 3357 3382 οἰκείαν
3392 3330 3564 3382 σῶσαι
3598 3330 3789 3399 ψυχὴν
3813 3372 3829 3393 ,

585 3439 715 3480 suos
746 3423 813 3476 ad
833 3424 1190 3479 idololatriam
1205 3429 1602 3495 compulerunt,
1618 3427 1710 3495 qui
1742 3435 1989 3495 poterant
2011 3427 2146 3481 elIu-

2247 3427 2370 3489 τοὺς
2401 3428 2455 3480 δὲ
2491 3426 2802 3486 συνδούλους
2846 3425 2936 3476 ἐπὶ
2971 3421 3409 3491 εἰδωλολατρείαν
3458 3421 3831 3489 κατήπειγον,

582 3528 726 3582 gero.

2246 3515 2570 3584 δυναμένους
2599 3515 2870 3580 ἐκφυγεῖν.

662 3603 761 3669 13
786 3603 988 3658 ΖοκΑιι.
1015 3607 1226 3662 Liberis
1244 3620 1444 3675 autem,
1470 3615 1569 3666 hoc
1598 3624 1676 3667 est
1708 3612 1940 3666 dominis
1958 3626 2142 3664 servo-

2316 3592 2553 3656 ΖΩΝΛΡ.
2607 3605 2728 3665 Τοῖς
2769 3604 2822 3654 δὲ
2868 3602 3187 3670 ἐλευθέροις,
3237 3601 3352 3670 ἦτοι
3382 3598 3492 3662 τοῖς
3531 3599 3834 3664 δεσπόταις

589 3688 710 3742 τιὴη
737 3694 828 3760 qui
855 3697 1167 3751 sacrificare
1190 3713 1314 3754 sunt
1340 3704 1534 3767 coacti,
1554 3705 1773 3757 triennii
1797 3718 2018 3771 poenam
2062 3701 2146 3753 in-

2246 3694 2352 3746 τῶν
2374 3694 2696 3762 βιασθέντων
2719 3691 2876 3743 θῦσαι
2907 3691 3126 3751 δούλων,
3161 3691 3253 3741 ἐπὶ
3279 3690 3517 3758 τριετίαν
3547 3691 3790 3759 ἐπι-τιμᾷ
3815 3709 3830 3722 ·

586 3782 767 3849 jungit
804 3802 816 3836 :
851 3795 964 3839 tum
996 3787 1121 3854 quia
1150 3789 1458 3844 sacriﬁcare
1477 3808 1533 3844 se
1553 3795 1899 3851 simularunt.
1927 3807 1991 3844 ac
2017 3809 2143 3847 suc-

2246 3786 2325 3836 ὃτι
2353 3802 2410 3836 τε
2433 3783 2798 3853 ὑπεκρίθησαν
2821 3781 2999 3843 θῦσαι,
3029 3782 3123 3834 καὶ
3147 3780 3289 3842 ὅλως.
3305 3782 3486 3845 ἔδοξαν
3519 3782 3830 3849 ὑποκύψαι,

585 3867 844 3921 cumbere
894 3867 1118 3921 omnino
1150 3868 1248 3922 visi
1296 3876 1424 3921 sunt
1459 3877 1619 3922 stum
1680 3864 1806 3939 quia
1853 3887 2144 3935 conservos

2252 3879 2343 3930 καὶ
2376 3877 2455 3927 ὅτι
2495 3875 2585 3926 καὶ
2632 3875 2756 3934 τοὺς
2803 3871 3113 3932 συνδούλους
3160 3870 3474 3938 ἠνάγκασαν
3508 3870 3692 3929 θῦσαι,
3730 3872 3836 3921 καὶ

586 3963 878 4022 coegerunt
903 3963 959 4008 ut
989 3957 1356 4023 immolarent;
1385 3974 1483 4012 nec
1543 3959 1979 4027 obtemperarunt
2009 3963 2148 4030 Apo-

2253 3969 2328 4018 ὄτι
2358 3966 2707 4033 παρήκουσαν
2735 3961 2828 4012 τοῦ
2876 3960 3195 4012 ’Λποστὸλου
3237 3959 3548 4020 κελεύοντος
3589 3959 3837 4012 ἀνιέναι

588 4043 958 4110 Stoloju-bcnti
990 4048 1154 4099 servis
1204 4048 1372 4100 minas
1397 4049 1688 4110 remittere;
1722 4064 1844 4101 cum
1881 4051 1980 4118 ipsi
2015 4067 2148 4119 quo—

2252 4055 2369 4118 τοῖς
2407 4054 2644 4116 δούλοις
2675 4051 2787 4116 τὴν
2836 4048 3121 4113 ἀπειλὴν,
3159 4049 3233 4109 ὡς
3272 4048 3366 4099 καὶ
3405 4047 3511 4098 τῶν
3545 4046 3836 4098 δεσποτῶν

591 4147 697 4197 que
717 4133 920 4187 domini
976 4138 1085 4189 sint
1113 4137 1202 4190 Dei
1229 4139 1389 4200 servi,
1426 4147 1478 4192 et
1509 4137 1831 4192 famulorum
1873 4144 2143 4194 conservi.

2250 4145 2448 4197 δούλων
2489 4143 2654 4194 ὄντων
2695 4140 2904 4210 Κυρίῳ,
2942 4140 3172 4199 καὶτοῖς
3220 4138 3459 4199 οἰκέταις
3498 4137 3833 4188 συνδούλων.

587 4219 669 4272 Ac
695 4221 793 4288 ipsi
828 4225 1044 4291 quidem
1085 4227 1411 4280 festinarunt
1460 4243 1613 4280 suam
1647 4243 1864 4281 servare
1887 4230 2142 4293 animam,

2250 4231 2359 4282 Καὶ
2385 4228 2536 4280 αὐτοὶ
2579 4228 2673 4294 μὲν
2715 4227 2981 4277 ἔσπευσαν
3030 4227 3127 4295 τὴν
3162 4225 3364 4278 οἰκείαν
3399 4225 3570 4277 σῶσαι
3618 4225 3833 4294 ψυχὴν,

589 4321 879 4363 conservos
905 4325 1103 4376 autem,
1152 4316 1242 4383 qui
1267 4314 1500 4384 elTugere
1524 4324 1769 4384 poterant
1818 4316 1883 4370 ad
1919 4317 2144 4370 idolola-

2251 4320 2373 4379 τοὺς
2420 4318 2475 4368 δὲ
2509 4317 2818 4377 συνδούλους
2850 4317 2940 4367 ἐπὶ
2990 4315 3426 4383 εἰδωλολατρείαν
3469 4313 3835 4378 κατέπειξαν,

589 4398 746 4448 triam
783 4402 1181 4468 compulerunt.

2179 4435 2221 4486 ι)
2250 4408 2577 4476 δυναμένους
2600 4405 2873 4474 ἐκφυγεῖν.

1177 4491 1399 4546 CANON
1439 4492 1572 4547 Vlll.

2842 4495 3079 4547 ΚΛΝΩΝ
3132 4495 3213 4546 II'.

668 4596 684 4626 ι
726 4579 794 4629 lis
819 4588 995 4630 autem
1024 4579 1114 4646 qui
1139 4580 1334 4648 proditi
1366 4591 1510 4645 sunt,
1543 4593 1594 4636 et
1617 4584 1951 4647 exciderunt,
1981 4588 2070 4654 qui
2098 4585 2151 4641 ét

2322 4607 2339 4638 ¢
2379 4589 2500 4649 Τοῖς
2520 4586 2575 4637 δὲ
2609 4586 3056 4654 παραδεδομένας
3087 4588 3178 4636 καὶ
3200 4587 3242 4615 “
3269 4586 3678 4650 ἐκπεπτωκόσι,
3712 4589 3834 4653 τοῖς

593 4687 612 4716 ι
648 4669 746 4738 ipsi
774 4670 838 4721 ad
882 4680 1152 4723 certamen
1185 4683 1550 4735 accesserunt,
1583 4690 1639 4726 se
1671 4690 1790 4727 esse
1815 4675 2150 4732 Christianos

2255 4694 2268 4724 ι
2304 4692 2362 4726 τε
2388 4675 2564 4734 αὐτοῖς,
2587 4674 2630 4704 ’³
2655 4673 3105 4742 προσεληλυθόσιν
3135 4676 3214 4735 είς
3240 4676 3330 4724 τὸν
3361 4674 3547 4740 ἀγῶνα
3571 4678 3667 4727 καὶ
3697 4680 3839 4747 ὀμο-

594 4774 613 4805 ‹
650 4760 984 4820 conﬁtentes,
1005 4770 1058 4813 et
1081 4761 1132 4812 in
1159 4763 1453 4815 custodiam
1481 4777 1601 4815 cum
1626 4765 1906 4818 tormentis
1922 4767 2147 4834 conjecti

2251 4781 2267 4810 ι
2308 4759 2554 4826 λογοῦσιν
2579 4754 2715 4810 εἶναι
2742 4759 3106 4826 ’Χριστιανοῖς,
3136 4757 3559 4825 ὲμϐεϐλημένοις
3585 4775 3646 4809 τε
3675 4761 3734 4809 ὲν
3763 4764 3832 4830 τῇ

596 4865 613 4896 ι
645 4858 803 4901 sunt:
848 4865 1059 4916 aequum
1101 4859 1182 4904 cst
1223 4853 1273 4904 in
1306 4854 1662 4907 exsultatione
1693 4856 1873 4909 cordis
1898 4858 2036 4911 vires
2072 4861 2146 4911 si-

2251 4870 2268 4899 ι
2313 4850 2519 4916 φυλακῇ
2549 4847 2682 4915 μετὰ
2716 4848 2981 4916 βασάνων,
3011 4847 3226 4912 εῦλογόν
3250 4849 3394 4897 ἐστιν
3421 4849 3479 4897 ὲν
3502 4846 3835 4912 ἀγαλλιάσει

593 4956 614 4988 ι
645 4940 754 4991 mul
783 4941 994 5002 addere,
1025 4951 1076 4995 et
1100 4943 1177 4996 eis
1203 4944 1254 4996 in
1283 4946 1536 4999 omnibus
1563 4949 1975 5011 communicare,
2011 4960 2062 5002 et
2095 4953 2162 5003 in.

2251 4960 2268 4988 ι
2312 4939 2529 5008 καρδίας
2559 4937 2930 5006 συνεπισχύειν
2963 4942 3056 4990 καὶ
3085 4940 3356 4990 κοινωνεῖν
3387 4939 3442 4988 ὲν
3470 4939 3654 4999 πᾶσιν,
3684 4938 3743 4988 ἐν
3770 4954 3833 4990 τε

597 5042 615 5074 ι
647 5027 1004 5091 orationibus,
1041 5041 1093 5081 et
1142 5030 1193 5082 in
1228 5033 1631 5099 participatione
1669 5037 1910 5101 corporis
1945 5046 1996 5089 et
2025 5054 2150 5089 san--

2251 5049 2267 5079 ι
2309 5036 2422 5091 ταῖς
2451 5033 2776 5099 προσευχαῖς
2805 5029 2899 5080 καὶ
2928 5031 2991 5097 τῇ
3023 5026 3315 5097 μεταλήψει
3334 5026 3427 5078 τοῦ
3453 5025 3706 5094 σώματος
3729 5027 3834 5099 καὶ

598 5115 825 5182 «guinis
877 5115 1116 5177 Christi,
1171 5128 1220 5170 et
1277 5121 1540 5172 sermonis
1592 5122 1961 5176 adhortatione
2022 5141 2032 5172 :
2092 5135 2148 5177 ut

2250 5138 2266 5167 ι
2310 5119 2402 5169 τοῦ
2427 5121 2648 5188 αἵματος
2678 5118 2772 5169 τοῦ
2810 5120 3041 5188 Χριστοῦ
3068 5118 3132 5180 ’⁸,
3155 5119 3248 5168 καὶ
3272 5119 3335 5185 τῇ
3360 5114 3706 5184 παρακλήσει
3735 5114 3830 5169 τοῦ

665 5261 690 5288 ι
725 5249 909 5318 Eplies.
947 5272 1018 5317 vr,
1056 5258 1107 5310 9.
1185 5261 1211 5298 ι)
1237 5259 1385 5312 Rom.
1413 5278 1472 5325 ιι,
1513 5264 1595 5316 il.
1676 5275 1695 5302 ε
1724 5264 1927 5318 Coloss.
1961 5282 2042 5330 ιιι,
2080 5268 2161 5318 ll.

1821 5416 2051 5471 VARIE
2089 5417 2486 5478 LEQTLONES.

648 5560 1187 5644 ,’ἶ’,ὖποκρινὸξλ-ῗ“-ὀξι
1284 5568 1366 5594 ’⁸³⁸
1396 5569 1494 5644 δῖι·
1610 5571 1648 5600 ¹’
1680 5571 1904 5632 εἰδότας.
2023 5574 2086 5603 ’⁷⁵
2118 5575 2268 5641 ὑμῶν
2299 5574 2496 5626 αὐτῶν.
2612 5575 2653 5604 ’⁸
2677 5572 2825 5627 tlcr-s‘.
2849 5575 3035 5636 ἐστιν.
3142 5576 3181 5605 "
3215 5573 3426 5642 ἔχομεν.
3515 5571 3561 5602 ⁸³
3593 5567 3721 5624 add.
3766 5577 3831 5625 εί.

595 5627 656 5656 ⁸⁸³
687 5629 740 5680 δέ
771 5649 877 5682 om.
906 5627 917 5631 ’
990 5627 1030 5662 ¹¹’
1057 5636 1225 5693 ἡμῖν.
1303 5640 1343 5664 τί
1373 5638 1459 5686 καί
1490 5655 1596 5690 om.
1677 5640 1719 5667 ⁸³
1751 5627 1978 5702 ἑαυτοῖς.
2046 5643 2088 5672 ’⁵
2118 5627 2206 5693 τδύ
2245 5644 2478 5708 Χριστοῦ
2512 5658 2618 5694 om.
2849 5629 2858 5636 ’
3247 5627 3271 5638 τ’
