4012 6452
204 352 303 416 489
1302 362 1383 425 ΙΝ
1420 365 1659 427 EPIST.
1700 370 1741 426 S

1808 367 2033 429 PETRI
2084 369 2304 433 ALEX.
2372 414 2373 419 η

3300 371 3406 437 490

198 504 218 539 ι
255 486 435 554 λόγουσ
461 490 547 540 ἴνα
570 486 922 559 εὐτονώτερον
948 495 1358 563 ἀγωνισάμενοι,
1383 494 1730 558 καταξιωθῶσ

1861 511 1880 545 ι
1922 494 2015 563 qui
2043 496 2382 551 constantius
2422 494 2840 558 deccrtaverint,
2872 496 2972 565 ipSI
3000 511 3215 566 quoque
3235 512 3409 563 super-

195 594 217 629 ί
253 592 348 631 και
385 578 538 630 αὐτοὶ
573 579 676 633 τοῦ
701 580 984 646 ,ϐραϐεῖον
1019 581 1126 648 τῆς
1153 583 1272 636 ἅνω
1312 585 1605 651 κλήσεως.
1643 588 1750 639 Καὶ

196 685 215 719 t
250 668 363 739 γὰρ
394 668 655 728 ἑπτάκις.
691 670 840 739 φησὶ,
875 672 1137 725 πεσεῖται
1166 678 1199 727 ό
1225 674 1449 741 δίκαιος
1475 676 1572 728 καί
1608 676 1750 729 ἁνα-

194 775 215 809 t
252 761 573 822 στήσεται·
620 760 755 829 ὅπερ
793 761 840 811 εί
874 760 968 813 κα)⁵
1009 761 1205 825 πάντες
1247 764 1296 814 οἱ
1339 766 1751 829 ἐκπεπτωκότες

193 867 214 901 ι
254 851 641 917 πεποιήκεσαν,
671 850 1011 920 τελειότάτην
1043 851 1188 921 [add
1218 851 1306 923 ἂν]
1330 854 1421 905 καὶ⁵
1445 853 1750 925 όλοκάρδιον

191 957 212 991 t
255 941 540 1005 μετάνοιαν
570 940 918 1005 ἐνεδείξαντο.
957 960 972 992 ι

257 1030 453 1081 ΒΑΛΣ.
496 1032 645 1094 Τινὲς
702 1030 1176 1100 προσηγγέλθησαν
1234 1033 1326 1084 καὶ
1384 1035 1749 1105 παρεδόθησαν

267 1134 296 1178 ς
325 1120 620 1189 τυράννοις.
652 1119 685 1189 ἢ
720 1120 811 1172 καὶ
837 1120 1095 1182 ἑκουσίως
1125 1122 1305 1183 αὐτοῖς
1345 1123 1567 1186 ἐαυτοὺς
1616 1141 1749 1195 παρ-

187 1206 415 1268 έδωκαν,
443 1208 760 1277 ἡττηθέντες
790 1209 845 1260 δὲ
870 1209 971 1260 ὑπὸ
1002 1210 1109 1261 τῶν
1137 1210 1426 1273 κολάσεων,
1462 1215 1747 1266 ἐκπεπτώ-

184 1313 312 1348 κασι
342 1297 440 1365 τῆς
472 1297 800 1367 μαρτυρίας·
846 1294 963 1350 εἶτα
1008 1300 1466 1369 μεταμεληθέντες
1499 1303 1591 1354 καὶ
1631 1304 1747 1356 ἐπι-

183 1385 405 1452 γνόντες
440 1386 497 1437 τὸ
540 1388 773 1453 ἀγαθὸν,
817 1388 1166 1457 ὡμολόγησαν
1213 1385 1350 1441 εἶναι
1400 1392 1742 1461 Χριστιανοὶ,

183 1474 325 1525 ὥστε
359 1476 452 1525 καὶ
472 1477 549 1536 είς
578 1473 819 1543 φυλακάς
847 1474 1175 1544 ἐμϐληθῆναι
1204 1477 1294 1527 καὶ
1327 1475 1585 1544 βασάνους
1617 1480 1745 1531 ὑπο-

184 1566 398 1633 στῆναι.
434 1565 569 1626 Τοὺς
605 1564 876 1634 τοιούτους
915 1562 1005 1617 οὖν
1045 1565 1261 1633 εὕλογον
1306 1568 1480 1637 κρίνει
1530 1570 1557 1619 ὁ
1592 1569 1744 1636 ἅγιος

186 1654 323 1721 μετά
357 1654 618 1723 θυμηδίας
651 1654 898 1722 δέχεσθαι
929 1656 1021 1707 καὶ
1060 1656 1444 1726 ἐπιρῤωννύειν
1482 1659 1617 1725 πρὸς
1645 1658 1741 1729 τὴν

182 1735 459 1814 όρθόδοξον
491 1748 687 1812 πίστιν,
721 1749 812 1800 καὶ
854 1753 1121 1801 κοινωνεῖν
1162 1750 1341 1811 αὐτοῖς
1384 1749 1440 1801 ἐν
1476 1766 1534 1801 τε
1576 1767 1741 1821 προσ-

1867 601 1886 635 ι
1922 599 2003 636 me
2062 585 2347 639 vocationis
2402 584 2585 637 brabio
2656 597 2682 624 ιι
2736 585 3041 652 dignentur.
3102 583 3309 639 Etenim
3333 603 3408 640 sc-

1858 690 1875 723 ι
1912 675 2064 740 pties,
2099 675 2292 742 inquit,
2319 674 2469 727 cadet
2487 675 2667 742 justus
2683 683 2730 727 et
2762 684 2991 742 resurget
3026 674 3081 740 ις
3118 674 3263 743 quod
3290 692 3408 745 qm-

1856 779 1872 811 ι
1914 764 2035 816 dem
2066 764 2113 817 si
2135 778 2323 817 omnes
2355 778 2569 832 quoque
2603 763 2740 831 lapsi
2768 761 3044 823 fecissent,
3076 764 3405 830 perfectissi-

1855 870 1873 899 ι
1906 866 2044 903 mam
2072 861 2123 905 et
2152 860 2263 905 toto
2292 851 2455 906 corde
2477 860 2785 920 susceptam
2812 854 3183 921 pmnitentiazn
3214 863 3401 909 osten-

1854 958 1871 989 ι
1914 941 2142 995 dissent.
2183 960 2202 991 ι

1920 1031 2075 1083 ltus.
2108 1029 2336 1094 Quidam
2360 1030 2607 1099 tyrannis
2637 1030 2801 1085 delati
2850 1040 2902 1084 et
2933 1032 3132 1100 proditi
3166 1031 3399 1097 fucrant,

1847 1121 1930 1173 vel
1985 1122 2147 1174 etiam
2193 1120 2294 1188 ipsi
2327 1121 2561 1189 seipsos
2621 1122 2729 1175 illis
2780 1130 2972 1190 Sponte
3021 1124 3402 1178 tradiderant:

1847 1209 1971 1261 victi
1996 1216 2170 1260 autem
2199 1208 2484 1261 tormentis
2503 1209 2818 1263 testimonio
2846 1209 3162 1263 exciderunt
3195 1228 3207 1263 :
3251 1210 3405 1265 dein-

1848 1306 1911 1350 de
1942 1312 2065 1349 cum
2124 1296 2440 1365 pmnitentia
2475 1298 2621 1352 ducti
2664 1306 2865 1357 essent,
2922 1308 2975 1351 et
3027 1297 3169 1368 quod
3202 1300 3399 1353 bonum

1844 1398 1947 1449 est,
1977 1388 2342 1455 agnovissent,
2371 1403 2428 1440 se
2449 1402 2569 1441 esse
2598 1387 2942 1443 Christianos
2964 1389 3203 1444 confessi
3234 1398 3395 1455 sunt;

1845 1476 1979 1529 adeo
2007 1484 2065 1528 ut
2118 1476 2171 1529 in
2202 1476 2506 1529 custodiam
2564 1478 2822 1545 conjecti,
2887 1487 3150 1533 tormenta
3185 1496 3400 1549 quoque

1845 1562 2222 1619 sustinuerint.
2248 1563 2354 1618 Eos
2389 1580 2518 1633 ergo
2554 1580 2768 1634 mquam
2813 1576 2997 1621 censet
3038 1578 3260 1621 sanctus
3302 1570 3393 1622 la:-

1843 1652 1981 1706 tanti
2014 1653 2193 1707 animo
2244 1653 2541 1721 suscipere,
2600 1664 2654 1708 et
2715 1655 2781 1707 ad
2834 1654 2989 1709 fidem
3040 1657 3395 1711 orthodoxam

1842 1741 2183 1804 confirmare,
2219 1749 2271 1795 et
2304 1744 2384 1796 eis
2446 1744 2849 1797 communicare
2880 1752 2934 1797 ct
2977 1744 3030 1797 in
3057 1747 3396 1800 orationibus

183 1838 366 1903 τυχαῖς
400 1836 492 1887 καὶ
531 1838 597 1903 τῇ
630 1836 925 1904 μεταλήψει
970 1836 1074 1888 τῶν
1106 1836 1475 1904 ἁγιασμάτων,
1512 1838 1603 1889 καὶ
1651 1836 1730 1889 διὰ

1845 1839 1897 1881 et
1928 1839 2391 1884 sacramentorum
2418 1830 2849 1899 participatione,
2891 1831 3175 1899 verbisque
3204 1831 3395 1885 aduor-

182 1923 337 1990 λόγου
373 1926 734 1992 παρακαλεῖν,
768 1926 851 1976 ἵνα
896 1927 1026 1995 πρὸς
1060 1926 1148 1977 τὸν
1180 1925 1361 1992 ἀγῶνα
1395 1926 1735 1997 εὐτονώτεροι

184 2014 483 2076 γένωνται,
529 2014 621 2065 καὶ
664 2013 1032 2077 καταξιωθῶσι
1076 2016 1173 2082 τῆς
1222 2015 1539 2083 ἐπουρανίου
1584 2015 1736 2083 βασι-

182 2102 347 2163 λείας.
382 2104 498 2156 Ἵνα
524 2103 580 2155 δὲ
611 2102 705 2173 μὴ,
734 2103 864 2154 διότι
892 2103 1227 2165 πεπτώκασι,
1254 2104 1574 2174 νομίζωνταί
1600 2122 1737 2157 τισιν

182 2192 413 2253 άόεκτοι,
450 2191 642 2257 ἐπάγει
672 2191 763 2242 καὶ
805 2190 1103 2259 μαρτυρίαν
1130 2192 1234 2243 ἀπὸ
1261 2193 1359 2260 τῆς
1394 2192 1629 2262 Γραφῆς,
1655 2193 1733 2243 τό*

192 2277 487 2342 Ἑπτάχις,
515 2279 633 2329 ἀντὶ
670 2279 785 2337 τοῦ,
821 2278 1093 2341 πολλάκις,
1127 2281 1387 2333 πεσεῖται
1421 2284 1454 2334 ό
1490 2280 1732 2345 δίκαιος,

184 2368 283 2418 καὶ
319 2366 743 2428 ἀναστήσεται.
772 2367 940 2418 Τοῦτο
970 2366 1055 2427 δὲ,
1103 2369 1293 2436 φησιν,
1325 2372 1372 2421 εί
1421 2370 1512 2421 καὶ
1547 2370 1737 2432 πάντες

180 2456 232 2505 οἱ
260 2457 356 2523 τῆς
383 2456 668 2524 ὁμολογίας
700 2457 1108 2521 ἐκπεπτωκότες
1134 2460 1411 2527 ἐποίησαν,
1440 2460 1499 2510 τὸ
1528 2461 1735 2511 ἀναπα-

180 2542 362 2597 λαῖσαι
386 2548 484 2613 τὴν
515 2544 738 2607 πτῶσιν,
771 2546 861 2597 καὶ
889 2541 1112 2598 ἐνώπιον
1154 2547 1261 2597 τῶν
1303 2548 1575 2618 τυράννων
1606 2550 1737 2618 Χριο

182 2635 426 2696 criminis;
456 2634 783 2702 ὁμολογῆσαι
817 2634 1056 2698 ἑαυτοὺς,
1098 2634 1420 2699 ἐνεδείξαντο
1447 2634 1511 2687 ἂν
1533 2636 1734 2688 τελειο-

177 2723 348 2792 τάτην
377 2724 680 2791 μετάνοιαν.
714 2725 950 2794 Διαφορὰ
978 2723 1106 2791 γοῦν
1131 2726 1242 2775 ἐστι
1273 2725 1378 2776 τῶν
1402 2726 1459 2775 ἐν
1485 2724 1561 2793 τῷ
1594 2743 1733 2796 παρ-

177 2814 291 2865 όντι
341 2814 528 2866 κανόνι
585 2814 973 2883 διειλημμένων
1026 2815 1116 2866 καὶ
1162 2815 1268 2865 τῶν
1311 2817 1366 2867 ἐν
1409 2814 1483 2883 τῷ
1537 2815 1733 2886 πρώτῳ

178 2906 362 2957 κανόνι
395 2905 797 2975 περιεχομένων
839 2904 973 2974 αὕτη
996 2946 1009 2967 ,
1052 2906 1129 2956 δτι
1162 2906 1275 2956 ἐκεῖ
1301 2905 1393 2973 μὲν
1432 2907 1478 2956 οἱ
1519 2904 1605 2957 διά
1635 2906 1733 2968 τὰς

180 2992 444 3060 βασάνους
490 2991 899 3053 ἐκπεπτωκότες
944 2992 1002 3042 οὺ
1040 2993 1481 3059 μετεστράφησαν
1508 2991 1733 3045 ἐνώπιον

175 3081 288 3135 τῶν
320 3083 596 3151 τυράννων
641 3084 720 3143 εἰς
755 3082 849 3151 τὴν
882 3081 1163 3149 ὁμολογίαν
1213 3081 1312 3149 τῆς
1343 3082 1606 3143 πίστεως·
1645 3084 1730 3135 ἐν·
1758 3120 1800 3177 C

176 3171 349 3224 ταῦθα
380 3172 437 3224 δέ
476 3174 523 3223 οί
572 3170 978 3232 ἐκπεπτωκότες
1017 3170 1103 3222 διὰ
1133 3170 1411 3237 βασάνους,
1442 3172 1501 3235 ἐξ
1527 3172 1727 3236 ἀγαθοῦ

180 3261 484 3331 μεταμέλου
529 3262 623 3311 ἐπὶ
652 3260 758 3312 τῶν
791 3261 1059 3329 τυράννων
1100 3261 1190 3311 τὸν
1222 3259 1421 3329 Κύριον
1457 3262 1716 3332 ὡμολόγηο

179 3366 295 3411 σαν,
324 3350 417 3402 καὶ
448 3348 536 3401 διὰ
563 3349 717 3401 τοῦτο
750 3349 868 3400 οὐδὲ
904 3347 1203 3431 λογίζονται
1233 3351 1504 3402 ἐκπεσεῖν.

247 3461 485 3512 ΖΩΝΑΡ.
527 3460 594 3512 Εἴ
630 3476 771 3521 τινες
801 3460 875 3523 δέ,
917 3460 1067 3528 φησι,
1114 3459 1590 3529 προσηγγέλθησαν
1639 3459 1728 3510 καὶ

174 3548 545 3619 παρεδόθησαν
570 3551 682 3610 τοῖς
716 3544 1082 3617 τυραννοῦσιν,
1107 3543 1138 3616 ἢ
1167 3548 1316 3598 αὐτοὶ
1345 3547 1566 3608 ἑαυτοὺς
1589 3563 1727 3616 παρ-

173 3635 375 3691 έδωκαν
394 3677 409 3699 ,
467 3638 561 3689 καὶ
588 3634 969 3689 ἐκπεπτώκασι
998 3637 1093 3705 τῆς
1126 3636 1442 3707 μαρτυρίας,
1474 3635 1728 3705 ἡττηθέν-

168 3741 259 3791 τες
294 3728 401 3781 τῶν
462 3727 769 3789 κολάσεων,
826 3728 917 3778 καὶ⁵
968 3726 1040 3796 μὴ
1068 3726 1319 3797 φέροντες
1365 3726 1463 3789 τὰς
1506 3725 1562 3777 ἐν
1611 3722 1728 3789 ταῖς

170 3817 435 3885 φυλακαῖς
478 3817 771 3884 κακουχίας
810 3817 902 3867 καὶ
941 3815 1039 3877 τὰς
1070 3815 1350 3884 βασάνους,
1378 3811 1495 3866 εἶτα
1525 3814 1725 3868 ἀνεπά-

154 3906 357 3963 .λαισαν
381 3907 484 3977 τὴν
518 3905 743 3968 πτῶσιν,
780 3905 872 3957 καὶ
911 3904 1264 3973 ὡμολόγησαν
1308 3900 1443 3956 εἶναι
1473 3905 1726 3973 Χριστια-

166 3997 265 4062 νοὶ,
306 3994 449 4050 ὥστε
482 3996 576 4048 καὶ
602 3997 681 4057 είς
710 3992 952 4061 φυλακὰς
981 3992 1311 4062 ἐμϐληθῆναι
1340 3993 1432 4046 καὶ
1467 3992 1724 4062 βασάνους

165 4085 491 4150 ὑποστῆναι’
542 4083 667 4147 τοὺς
722 4082 989 4146 τοιούτους
1037 4081 1253 4150 εὔλογον
1304 4083 1474 4153 κρίνει
1505 4086 1533 4136 ό
1574 4085 1722 4150 ἅγιος

167 4172 304 4240 μετὰ
343 4171 611 4243 θυμηδίας
652 4170 930 4239 δέχεσθαι,
980 4170 1071 4222 καὶ
1104 4166 1408 4237 ἐπισχύειν,
1459 4171 1576 4223 ἀντὶ
1604 4170 1719 4236 τοῦ,

160 4261 573 4333 ἐπιρρωννύειν,
608 4258 932 4329 ἐνδυοθαμοῦν
979 4260 1070 4311 καὶ
1116 4260 1549 4332 παραθαρρύνειν
1589 4265 1722 4333 πρὸς

160 4350 257 4420 τὴν
281 4350 571 4421 ὁμολογίαν
590 4366 603 4379 ·
644 4350 737 4401 καὶ
767 4350 1036 4401 κοινωνεῖν
1075 4350 1254 4410 αὐτοῖς
1279 4350 1334 4402 ἐν
1366 4352 1545 4416 πᾶσιν,
1578 4352 1633 4405 ἐν
1660 4371 1718 4405 τε

1846 1920 1945 1972 tari
1980 1929 2038 1973 ut
2068 1921 2177 1975 sint
2219 1922 2286 1975 ad
2319 1930 2591 1975 certamen
2635 1924 3051 1987 constantiores,
3103 1929 3153 1974 et
3185 1921 3391 1975 cwlcsti

1843 2024 2007 2077 regno
2065 2009 2212 2079 digni
2257 2011 2581 2066 habeantur.
2641 2009 2717 2063 Ne
2773 2019 2950 2064 autem
2983 2026 3048 2064 eo
3079 2010 3220 2078 quod
3256 2012 3392 2077 lapsi

1842 2106 2001 2161 sunt,
2049 2100 2270 2154 minime
2300 2102 2636 2171 suscipiendi
2681 2100 2984 2162 videantur,
3027 2101 3389 2153 testimonium

1840 2204 2056 2257 quoque
2087 2205 2153 2243 ex
2187 2188 2464 2259 Scriptura
2493 2192 2722 2253 inducit,
2754 2191 2899 2259 quod
2941 2199 3040 2254 est,
3075 2188 3294 2256 Septies,
3335 2189 3388 2242 id

1839 2284 1920 2328 est
1953 2291 2112 2345 saepe,
2153 2278 2301 2330 cadet
2331 2278 2503 2338 iustus
2541 2288 2590 2332 et
2641 2290 2891 2348 resurget.
2949 2277 3061 2332 Hoc
3117 2288 3317 2343 autem,
3342 2277 3389 2330 si

1837 2366 2038 2430 etiam,
2058 2366 2253 2434 inquit.
2285 2383 2474 2422 omnes
2500 2368 2591 2436 qui
2622 2384 2650 2421 a
2676 2366 3016 2422 confessione
3042 2366 3381 2425 exciderunt,

1840 2454 2113 2515 fecissent,
2144 2463 2202 2507 ut
2225 2457 2432 2509 scilicet
2488 2456 2622 2525 lapsi
2664 2458 3080 2519 reluctarentur,
3116 2464 3170 2509 et
3200 2470 3260 2509 se
3288 2469 3382 2509 co-

1837 2555 1951 2593 ram
2000 2544 2247 2610 tyrannis
2298 2544 2636 2598 Cbristianos
2676 2546 2994 2606 faterentur,
3050 2543 3387 2612 perfectissi-

1836 2646 1977 2683 mam
2004 2634 2372 2699 pmnitentiam
2399 2635 2784 2688 ostendissent.
2811 2633 3075 2687 Diﬂcrunt
3115 2649 3242 2705 ergo
3266 2651 3386 2705 qua:

1834 2716 1889 2769 in
1941 2716 2042 2770 hoc
2094 2732 2300 2772 canone
2341 2721 2731 2789 comprehensa
2787 2728 2934 2782 sunt,
2987 2724 3053 2775 ab
3090 2724 3159 2776 iis
3186 2740 3302 2793 qua-
3326 2726 3384 2780 in

1836 2805 2005 2873 primo
2059 2820 2267 2861 canone
2295 2808 2660 2872 continentur,
2705 2811 2848 2878 quod
2892 2811 3001 2863 illic
3026 2814 3240 2880 quidem
3290 2817 3383 2883 qui

1832 2900 2045 2959 propter
2074 2902 2334 2947 tormenta
2370 2896 2503 2964 lapsi
2536 2908 2680 2962 sunt,
2720 2898 2786 2951 ad
2815 2900 3168 2952 confitendam
3199 2916 3383 2955 coram

1832 2982 2075 3048 tyrannis
2119 2983 2274 3036 fidem
2306 2998 2644 3053 nequaquam
2674 2989 2920 3041 conversi
2971 2996 3134 3043 sunt:
3171 2990 3255 3043 hic
3283 3006 3383 3043 au-

1832 3077 1937 3123 tem
1965 3072 2056 3139 qui
2084 3080 2299 3140 propter
2356 3080 2624 3128 tormenta
2670 3075 2805 3145 lapsi
2840 3088 2985 3140 sunt,
3011 3094 3077 3131 ex
3104 3079 3240 3131 bona
3265 3093 3382 3147 pas-

1830 3159 2057 3211 nitentia
2081 3162 2181 3213 sub
2211 3163 2453 3230 tyrannis
2480 3162 2762 3217 Dominum
2787 3164 3020 3218 confessi
3048 3176 3211 3231 sunt;
3249 3181 3375 3234 pre-

1832 3256 2010 3317 pterea
2038 3264 2212 3319 neque
2265 3253 2527 3308 cecidisse
2551 3254 2881 3321 judicanlur.

1898 3447 2098 3501 Zama.
2133 3449 2189 3502 Si
2222 3451 2314 3518 qui
2347 3465 2494 3515 vero,
2553 3453 2746 3521 inquit,
2796 3455 2859 3507 ad
2920 3464 3177 3526 tyrannos
3212 3456 3375 3510 delati

1827 3551 1889 3589 ac
1914 3539 2109 3605 proditi
2141 3549 2287 3602 sunt,
2321 3542 2402 3594 vel
2431 3542 2532 3609 ipsi
2564 3558 2682 3596 sese
2718 3546 2850 3612 ipsis
2913 3546 3254 3610 dediderunt,
3280 3562 3375 3600 ex-

1827 3626 2180 3696 cideruntque
2213 3644 2242 3681 a
2272 3629 2583 3685 testimonio
2609 3633 2661 3685 vi
2692 3642 3085 3689 tormentorum
3111 3640 3373 3706 superati,

1824 3730 1924 3769 nec
1953 3732 2221 3772 aerumnas
2245 3720 2443 3787 quibus
2481 3719 2538 3773 in
2586 3735 2804 3776 carcere
2829 3723 3220 3779 aﬂlictabantur
3252 3741 3373 3780 cru-

1824 3808 2105 3876 ciatusque
2133 3809 2499 3878 perferentes;
2540 3828 2665 3867 mox
2712 3826 2961 3869 revocato
2990 3817 3283 3870 certamine
3312 3831 3375 3870 se

1822 3897 2157 3953 Christianos
2187 3914 2309 3953 esse
2343 3900 2581 3955 confessi
2610 3910 2758 3962 sunt,
2776 3919 2839 3956 ex
2868 3919 2974 3971 quo
2997 3912 3050 3956 et
3075 3904 3129 3955 in
3158 3904 3369 3956 vincula

1823 3988 2075 4057 coniecti,
2108 3996 2160 4041 et
2192 3991 2527 4045 cruciatibus
2559 4000 2688 4046 sunt
2714 3992 2888 4045 aﬂecti
2920 4010 2934 4043 :
2969 3992 3233 4059 ejusmodi
3269 3993 3369 4045 ho-

1823 4079 1995 4132 mines
2018 4092 2141 4131 cum
2200 4081 2560 4135 exsultatione
2600 4082 2772 4149 excipi
2818 4090 3039 4136 sanctus
3063 4081 3150 4134 hic
3174 4082 3370 4135 rationi

1821 4175 2244 4221 consentaneum
2262 4168 2473 4237 iudicat
2497 4188 2511 4223 :
2536 4178 2649 4225 tum
2676 4171 2933 4225 roborare
2956 4172 3122 4239 ipsus,
3145 4172 3243 4223 hoc
3261 4180 3365 4231 cst.

1824 4256 1988 4319 vires,
2016 4258 2245 4321 animos,
2273 4257 2627 4327 ﬁduciamque
2648 4261 2845 4313 addere
2858 4276 2964 4328 quo
2994 4260 3372 4328 profiterentur

1820 4343 2012 4408 ﬁdem;
2042 4358 2103 4395 ac
2120 4344 2325 4398 eisdem
2355 4347 2409 4399 in
2432 4346 2684 4401 omnibus
2709 4347 3129 4407 communicare,
3167 4350 3278 4397 tum
3314 4345 3369 4397 in

160 4444 487 4513 προσευχαῖς
517 4440 609 4492 καὶ
643 4442 709 4508 τῇ
754 4437 1046 4507 μεταλήψει
1073 4437 1179 4490 τῶν
1213 4439 1579 4509 άγιασμάτων,
1627 4442 1717 4494 καὶ

1833 4433 2245 4500 precationibus,
2264 4444 2378 4489 tum
2404 4436 2458 4490 in
2489 4438 2834 4507 perceptione
2868 4445 3326 4491 sacramentorum
3349 4476 3365 4500 ,

158 4530 247 4584 δια
296 4529 457 4595 λόγου
511 4525 877 4597 παρακαλεῖν,
919 4526 1034 4593 ἦτοι
1084 4525 1362 4597 διεγείρειν
1400 4528 1593 4591 αὐτοὺς
1640 4531 1717 4591 είς

156 4620 254 4691 τὴν
297 4608 640 4690 μαρτυρίαν,
693 4616 779 4667 ἵνα
831 4616 965 4684 πρὸς
1008 4614 1097 4666 τὸν
1145 4614 1328 4682 ἀγῶνα
1376 4617 1715 4688 εὐτονώτεροι

156 4708 441 4775 γένωνται,
476 4704 571 4757 καὶ
611 4704 711 4771 τῆς
738 4701 1059 4771 ἐπουρανίου
1095 4700 1365 4769 βασιλείας
1393 4702 1706 4765 ἁξιωθῶσιν.

159 4799 275 4852 Ἵνα
308 4796 364 4849 δέ
404 4793 499 4865 μὴ,
531 4793 662 4847 διότι
710 4790 1025 4843 πεπτώκασι
1075 4787 1331 4851 θύσαντες
1351 4830 1363 4852 ,
1392 4792 1711 4861 νομίζων-ταί

155 4905 293 4941 τισιν
321 4888 553 4945 άδεκτοι,
584 4882 777 4950 ἐπάγει
803 4883 895 4934 καὶ
912 4881 1227 4952 μαρτυρίαν
1257 4884 1319 4933 ἐκ
1345 4882 1442 4950 τῆς
1470 4882 1708 4952 Γραφῇ,

157 4976 234 5029 τό·
260 4973 551 5038 Έπεὰκις,
572 4973 690 5024 ἀντὶ
715 4970 1119 5033 τοῦ,πολλάκις,
1138 4970 1399 5022 πεσεῖται
1420 4974 1451 5023 ό
1464 4970 1708 5038 δίκαιος,

156 5066 252 5119 καὶ
288 5062 712 5126 ἀναστήσεται.
744 5059 912 5113 Τοῦτο
949 5060 1026 5121 δὲ,
1068 5058 1257 5129 φησιν,
1292 5062 1339 5110 εί
1388 5060 1480 5111 καὶ
1512 5060 1708 5123 πάντες

152 5158 200 5206 οι
234 5154 333 5222 τῆς
358 5152 641 5222 ὁμολογίας
668 5150 1076 5212 ἐκπεπτωκότες
1103 5149 1380 5217 ἐποίησαν,
1412 5149 1471 5201 τὸ
1502 5152 1695 5203 άναπα⁸

153 5245 335 5297 λαῖσαι
366 5241 463 5311 τὴν
497 5240 721 5302 πτῶσιν,
760 5239 851 5291 καὶ
874 5238 1101 5291 ἐνώπιον
1129 5237 1234 5289 τῶν
1260 5238 1533 5306 τυράννων
1572 5241 1705 5311 Χρι-

157 5331 399 5391 στιανοὺς
438 5328 764 5397 ὁμολογῆσαι
797 5328 1040 5387 ἑαυτοὺς,
1076 5324 1409 5387 ἀνεδειξαντο
1445 5326 1509 5397 [Ῑ.
1542 5327 1705 5400 ἐνεὸ-]

152 5422 219 5474 ἂν
243 5418 581 5486 τελειοτάτην
618 5416 922 5486 μετάνοιαν.

255 5649 280 5676 ⁸
309 5649 527 5714 Philipp.
559 5663 641 5713 ιιι.
680 5649 762 5705 ιι.
839 5648 866 5691 δ
903 5643 1054 5706 Prov.
1089 5669 1229 5712 utr.
1266 5655 1349 5711 16.

438 5749 704 5806 ιἈτιιοι..
748 5752 861 5810 (in:
912 5752 1010 5811 CX
1029 5752 1073 5809 Χ
1095 5750 1142 5808 Χ
1162 5750 1322 5812 Vill.

1824 4522 2113 4590 verbisque
2142 4523 2437 4589 adhortari,
2470 4525 2573 4579 hoc
2601 4532 2704 4587 est,
2747 4526 2894 4595 ipsos
2918 4527 2983 4579 ad
3004 4525 3364 4580 exhibendum

1822 4610 1944 4665 ﬁdei
1973 4612 2341 4666 testimonium
2371 4616 2627 4678 excitare,
2658 4621 2715 4668 ut
2749 4619 3146 4671 constantiores
3170 4617 3281 4670 sint
3309 4616 3365 4669 in

1817 4703 2131 4769 certamine,
2163 4717 2227 4757 ac
2247 4703 2458 4757 caelesti
2487 4718 2653 4773 regno
2683 4706 2828 4775 digni
2843 4702 3362 4758 habeantur.Verum

1816 4806 1885 4844 ne
1914 4806 1978 4844 ex
2018 4805 2082 4846 eo
2114 4792 2257 4860 quod
2281 4792 2417 4861 lapsi
2440 4801 2566 4848 sunt
2604 4795 2994 4854 sacriﬁcantes.
3027 4796 3174 4848 nullo
3206 4796 3365 4849 modo

1817 4880 2128 4936 admittendi
2153 4883 2220 4937 ab
2253 4884 2524 4953 aliquibus
2555 4885 2949 4949 existimentur,
2994 4886 3364 4939 testimonium

1817 4987 2032 5041 quoque
2060 4973 2190 5027 illud
2215 4988 2279 5028 ex
2309 4974 2481 5029 sacris
2511 4974 2705 5030 litteris
2734 4974 2937 5045 profert
2963 4993 2977 5029 :
3005 4974 3223 5041 Septies,
3259 4976 3361 5027 hoc

1817 5068 1897 5115 est
1933 5064 2150 5131 saepius,
2182 5064 2329 5116 cadet
2349 5063 2546 5131 justus,
2581 5080 2643 5117 ac
2678 5075 2925 5134 resurget.
2953 5064 3061 5118 Hoc
3088 5080 3235 5124 vero,
3281 5064 3360 5117 in-

1816 5150 1953 5217 quit,
2009 5152 2055 5206 si
2112 5150 2201 5205 alii
2250 5166 2439 5208 omnes
2486 5154 2642 5223 quia
2672 5152 3014 5209 confessione
3044 5154 3364 5208 exciderunt

1815 5238 2090 5302 fecissent.
2129 5250 2187 5293 ut
2217 5250 2337 5309 post
2388 5242 2594 5311 lapsum
2630 5251 2905 5297 certamen
2948 5251 3268 5312 repeterent,
3299 5256 3363 5296 ac

1815 5345 1873 5384 se
1905 5330 2051 5398 ipsos
2080 5346 2258 5385 coram
2286 5332 2528 5403 tyrannis
2580 5334 2915 5389 Christianos
2962 5332 3359 5403 profiterentur,

1815 5421 2116 5475 absolutam
2154 5423 2525 5491 penitentiam
2558 5424 2966 5479 iudicavissent.

2974 5762 3046 5820 16
