4012 6470
670 327 772 397 431

1147 452 1250 523 Ῑᾶ.
1265 458 1490 516 CANON
1531 461 1616 516 IX.

740 562 762 599 ι
801 542 875 604 lis
899 563 1113 617 quoque
1136 551 1230 619 qui
1265 561 1520 622 tanquam
1555 569 1617 607 ex
1646 566 1837 607 somno
1870 555 1966 622 ipsi
2001 555 2063 606 ad
2096 570 2212 608 cer-

668 656 692 690 ι
733 644 914 692 tamen
945 642 1274 709 parturiens,
1293 650 1346 696 et
1369 643 1578 697 trahere
1607 643 1886 704 differens.
1911 645 2212 712 prosiliunt,

669 745 690 782 ι
736 729 839 785 sibi
867 739 1041 784 autem
1074 748 1264 801 pugnae
1308 734 1624 796 maritima,
1669 741 1722 786 et
1753 735 1935 788 multa:
1970 734 2212 787 lluxuum

667 835 689 872 ι
735 820 1100 876 inundationis
1153 825 1505 877 tentationem
1559 825 1872 887 attrahunt,
1911 828 1992 879 vel
2036 826 2214 895 potius

671 926 691 957 ο
739 907 995 962 fratribus
1025 919 1365 978 peccatorum
1394 915 1682 967 carbonem
1729 915 2049 976 accendunt,
2083 916 2213 983 ipsis

670 1017 688 1047 ι
739 1013 953 1067 quoque
1000 1001 1503 1055 communicandum
1537 1011 1640 1066 est,
1686 1011 1745 1056 ut
1777 1006 1950 1072 quiin
1999 1007 2212 1058 nomine

672 1119 688 1136 ι
739 1087 939 1140 Christi
980 1089 1045 1140 ad
1086 1087 1133 1141 id
1170 1090 1387 1143 veniant
1417 1109 1430 1144 :
1465 1093 1566 1146 etsi
1596 1094 1757 1145 verba
1789 1095 1907 1161 ejus
1939 1110 2039 1146 non
2094 1098 2212 1147 ani-

666 1192 686 1225 ‹
733 1176 1075 1229 madvertant
1109 1214 1123 1239 ,
1157 1177 1248 1244 qui
1280 1177 1438 1230 docet
1492 1195 1643 1230 orare
1669 1195 1729 1231 ne
1777 1181 2129 1248 ingrediantur
2160 1183 2210 1232 in

664 1285 682 1314 ε
732 1269 1061 1322 tentationem
1093 1279 1117 1307 ι
1157 1306 1170 1328 ,
1221 1275 1273 1321 et
1311 1282 1432 1321 eum
1464 1283 1653 1322 rursus
1687 1271 1739 1321 in
1767 1271 2008 1323 oratione
2066 1271 2209 1322 Patri

665 1373 682 1404 I
728 1356 928 1418 dicere,
951 1356 1016 1408 Et
1036 1374 1095 1409 ne
1122 1374 1213 1410 nos
1245 1358 1461 1412 inducas
1491 1361 1540 1410 in
1571 1360 2021 1420 tentationem,scd
2051 1361 2211 1412 libera

665 1465 684 1491 α
730 1463 822 1499 nos
845 1464 875 1498 a
905 1449 1044 1499 malo
1072 1447 1120 1500 δ,
1148 1444 1305 1500 Forte
1325 1458 1501 1501 autem
1521 1449 1680 1501 etiam
1710 1451 1953 1518 ignorant
1978 1460 2210 1518 patrem-

665 1556 682 1586 ε
733 1535 959 1602 familias
983 1545 1036 1589 et
1069 1536 1349 1589 Dominum
1388 1545 1652 1599 nostrmn,
1710 1555 1849 1608 saepe.
1896 1541 1963 1591 ab
2011 1541 2074 1593 iis
2117 1542 2207 1607 qui

665 1644 681 1674 ι
728 1627 802 1677 illi
829 1626 1067 1678 insidiari
1100 1626 1368 1687 volebant,
1401 1627 1780 1683 secessissc.ct
1802 1628 1943 1695 quod
1967 1631 2204 1695 quantin-

662 1736 674 1762 I
727 1729 829 1780 que
865 1715 1022 1766 etiam
1056 1715 1218 1767 libere
1241 1714 1378 1781 apud
1398 1730 1490 1768 eos
1528 1731 1632 1767 non
1662 1715 1962 1776 incedebat,
1989 1724 2038 1767 et
2065 1717 2204 1782 quod

1903 343 2002 402 ΤΗ
2012 343 2172 408 EOD.
2221 349 2618 411 BALSAMON

3783 363 3889 430 492

2930 471 3163 525 ΚΛΝΩΝ
3202 474 3276 530 Θί.

2394 571 2411 603 ι
2452 555 2559 607 Καὶ
2581 559 2691 619 τοῖς
2723 557 2778 609 δὲ
2806 557 2953 612 ὡσάν
2991 562 3049 625 ἐξ
3087 563 3251 617 ὕπνου
3292 567 3517 630 ἑαυτοὺς
3542 569 3586 600 ⁸⁸
3625 586 3891 642 παραπη-

2321 658 2340 689 ι
2375 642 2538 695 δῶσιν
2563 646 2638 706 είς
2666 647 2755 698 τὸν
2782 649 2967 716 ἀγῶνα
3007 651 3259 706 ὠδίνοντα
3295 657 3388 708 καὶ
3417 657 3682 726 μέλλοντα
3723 661 3890 715 ἑλκῦ-

2320 749 2336 780 t
2379 749 2486 795 σαι,
2523 735 2733 799 ἑαυτοῖς
2755 737 2812 789 δὲ
2845 742 3144 809 πειρασμὸν
3184 745 3652 815 ὲπισπασαμένοις
3685 750 3890 803 θαλατ-

2320 839 2338 871 ι
2377 823 2640 890 τομαχίας
2670 826 2762 876 καὶ
2792 826 2988 896 πολλῆς
3028 831 3411 898 κυματώσεως,
3443 835 3642 902 μᾶλλον
3681 837 3739 890 δὲ
3790 838 3889 892 καὶ

2319 926 2337 957 ι
2373 913 2484 972 τοῖς
2513 911 2760 979 ἀδελφοῖς
2807 918 3257 983 προσεκκαίουσιν
3273 919 3518 989 ἄνθρακα
3542 924 3588 954 ’⁸
3620 926 3888 995 ἀμαρτω-

2318 1011 2336 1043 ι
2377 995 2482 1048 λῶν
2501 1013 2514 1025 ·
2544 997 2637 1048 καὶ
2661 999 2840 1062 αὐτοῖς
2871 1004 3237 1072 κοινωνητέον,
3270 1007 3363 1058 ἆτε
3391 1007 3452 1077 δὴ
3477 1010 3544 1039 ⁸⁸*
3574 1011 3630 1062 ἐν
3656 1013 3887 1081 ὀνόματι

2317 1098 2334 1129 ι
2372 1083 2605 1150 Χριστοῦ
2627 1088 3049 1156 παρερχομένοις
3067 1091 3396 1156 sino-310,5!
3428 1099 3520 1148 καὶ
3547 1097 3623 1167 μὴ
3637 1100 3730 1129 ’⁸⁸⁸
3757 1117 3890 1168 προ-

2319 1185 2336 1217 ι
2375 1171 2618 1238 σέχουσιν
2640 1173 2801 1254 αὑτοῦ
2825 1177 2934 1237 τοῖς
2967 1176 3158 1247 λόγοις,
3181 1179 3518 1246 διδάσκοντος
3549 1190 3888 1255 προσεύχε-

2310 1259 2334 1307 ’t
2376 1263 2510 1311 σθαι
2539 1261 2618 1328 μὴ
2643 1265 2935 1316 εἰσελθεῖν
2956 1269 3042 1331 είς
3067 1272 3394 1338 ,πειρασμὸν
3421 1274 3556 1340 ³⁶⁹“⁹,
3587 1277 3684 1328 καὶ
3717 1278 3886 1330 πάλιν

2316 1369 2332 1399 ι
2375 1353 2431 1402 ὲν
2456 1354 2584 1421 εὐχῇ
2604 1353 2776 1420 λέγειν
2803 1356 2879 1425 τῷ
2897 1356 3086 1426 Πατρίο
3117 1360 3222 1411 Καὶ
3240 1360 3325 1426 μὴ
3351 1363 3701 1432 εἰσενέγκῃς
3723 1365 3889 1433 ἡμᾶς

2315 1458 2333 1488 ι
2369 1443 2454 1504 εὶς
2475 1444 2821 1511 πειρασμὸν,
2848 1446 3006 1498 ἀλλὰ
3023 1447 3206 1512 ῥῦσαι
3236 1448 3390 1515 ἡμᾶς
3418 1452 3532 1503 ἀπὸ
3566 1453 3674 1506 τοῦ
3699 1471 3890 1521 πονη-

2315 1547 2332 1577 t
2365 1529 2500 1594 ροῦ.
2535 1531 2691 1592 Ἴσως
2723 1531 2777 1582 δὲ
2802 1534 2893 1583 καὶ
2925 1533 3172 1599 ἀγνοοῦσι
3209 1535 3307 1597 τὰς
3341 1536 3598 1599 πολλάκις
3653 1540 3884 1608 γινομέ-

2315 1632 2332 1665 t
2371 1633 2464 1677 νας
2478 1619 2611 1648 ¹⁶⁶⁶⁹⁶
2629 1619 2690 1669 ἀν
2703 1625 3000 1690 αχωρήσεις
3018 1620 3107 1672 τοῦ
3125 1623 3495 1675 οἰκοδεσπότου
3514 1627 3604 1676 καὶ
3619 1625 3885 1679 διδασκά-

2314 1724 2331 1754 ι
2372 1706 2460 1756 λου
2487 1708 2641 1774 ἡμῶν
2680 1709 2784 1760 ἀπὸ
2811 1710 2916 1760 τῶν
2945 1710 3200 1763 θελόντων
3229 1713 3616 1778 ἐπιϐουλεύειν,
3646 1717 3742 1768 καὶ
3793 1718 3884 1770 ὅτι

663 1823 676 1853 ι
723 1804 883 1857 etiam
933 1803 1146 1870 quando
1189 1805 1456 1871 passionis
1490 1811 1700 1873 tempus
1738 1807 2196 1875 appropinquavit,

2311 1814 2327 1844 ι
2368 1795 2474 1846 ἔσθ’
2505 1798 2592 1848 ὅτε
2617 1799 2732 1849 ουδὲ
2767 1800 2806 1828 ’⁷
2854 1801 3128 1869 παῤῥνησίᾳ
3175 1805 3491 1870 περιεπάτει
3533 1805 3600 1856 δι’
3647 1807 3886 1869 αὐτοὺς.

662 1913 678 1941 ε
729 1909 834 1946 non
871 1909 925 1946 se
965 1895 1138 1961 ipsum
1176 1893 1411 1954 tradidit,
1437 1893 1528 1946 sed
1567 1896 1893 1961 eXSpectavit
1934 1896 2102 1947 donec
2140 1894 2204 1946 ad

663 2004 677 2033 ι
728 1999 847 2038 eum
878 1985 1121 2037 venirent
1149 1999 1268 2036 cum
1295 1984 1485 2051 gladiis
1536 1993 1589 2037 et
1630 1984 1879 2038 fustibus.
1909 1983 2046 2036 Dicit
2075 2001 2203 2053 ergo

661 2094 678 2119 ι
727 2074 842 2125 eis:
878 2071 1145 2139 Tanquam
1183 2071 1250 2122 ad
1275 2071 1530 2124 latronem
1551 2073 1753 2124 ea‘iistis
1782 2088 1895 2122 cum
1929 2073 2118 2140 gladiis
2155 2082 2203 2124 et

661 2182 678 2211 ι
722 2161 943 2228 fustibus
1000 2160 1066 2210 ad
1111 2175 1190 2212 me
1232 2158 1760 2226 comprehendendum
1799 2170 1844 2212 ε.
1897 2159 1997 2222 Qui
2043 2165 2200 2211 etiam

661 2271 677 2298 ι
728 2248 1050 2301 tradiderunt
1082 2249 1269 2315 ipsum,
1304 2248 1497 2314 inquit,
1522 2245 1697 2298 Pilato
1731 2245 1778 2299 θ.
1821 2245 1898 2298 Ad
1927 2248 2044 2313 ejus
2062 2259 2196 2312 quo-

661 2357 678 2387 ι
725 2354 828 2406 que
855 2338 1254 2390 similitudinem
1288 2339 1353 2392 iis
1387 2339 1603 2396 accidit,
1653 2335 1745 2405 qui
1801 2335 1920 2403 ejus
1977 2349 2196 2402 scopum

659 2445 678 2474 ι
725 2426 826 2479 sibi
858 2434 1211 2494 praponcntes
1262 2427 1539 2488 incedunt,
1577 2426 1880 2478 divinorum
1933 2424 2052 2491 ejus
2077 2439 2199 2477 ver-

659 2534 678 2566 ι
722 2516 910 2569 borum
943 2515 1230 2580 recordati,
1267 2517 1461 2585 quibus
1495 2530 1594 2569 nos
1623 2513 1970 2569 confirmans.
2002 2513 2068 2565 de
2084 2527 2198 2579 pcr-

659 2621 680 2653 ι
725 2604 1086 2658 secutionibus
1126 2603 1303 2658 dicit:
1364 2604 1626 2656 Attendite
1654 2603 1792 2656 vobis
1835 2603 2013 2669 ipsis:
2087 2610 2197 2651 tra-

657 2708 681 2740 ο
722 2689 845 2743 dent
867 2693 1000 2743 enim
1025 2710 1111 2746 vos
1140 2693 1192 2744 in
1214 2693 1453 2754 concilia,
1478 2703 1525 2744 et
1567 2692 1620 2744 in
1661 2693 1766 2745 suis
1807 2690 2080 2759 synagogis
2107 2705 2193 2741 vos

659 2797 680 2829 σ
723 2780 1057 2847 ﬂagellabant
1095 2791 1140 2834 ο.
1179 2781 1404 2833 Tradent
1445 2789 1659 2842 autem,
1719 2780 1874 2840 dixit,
1922 2796 2047 2842 non,
2096 2794 2195 2833 vos

658 2886 678 2917 ι
726 2867 869 2934 ipsos
900 2867 1161 2920 tradetis:
1196 2877 1242 2920 et
1270 2867 1336 2918 ad
1383 2870 1634 2933 principes
1678 2875 1725 2918 et
1771 2882 1909 2933 reges
1935 2866 2192 2917 ducemini

660 2977 677 3008 ι
722 2970 927 3026 propter
955 2974 1137 3010 nomen
1166 2974 1332 3010 meum
1370 2957 1413 3016 ἲ,
1448 2973 1573 3017 non,
1625 2972 1718 3008 vos
1767 2957 1911 3022 ipsos
1960 2955 2187 3007 ducetis.

662 3065 678 3098 ι
721 3046 852 3099 Nam
881 3061 976 3100 nos
1013 3061 1225 3115 quoque
1259 3047 1418 3097 vulta
1451 3046 1566 3096 loco
1599 3047 1650 3095 in
1687 3045 1860 3096 locum
1897 3043 2186 3102 transilire,

2312 1904 2329 1933 ι
2369 1886 2458 1936 καὶ
2482 1886 2561 1936 ὅτι
2594 1887 2685 1938 καὶ
2701 1888 2753 1961 ξ’
2782 1890 2868 1939 ὅτε
2890 1892 2917 1939 ό
2949 1891 3136 1958 καιρὸς
3160 1892 3250 1942 τοῦ
3281 1893 3481 1956 πάθους
3506 1897 3669 1949 αὑτοῦ
3697 1915 3885 1967 προσ-

2310 1992 2326 2022 ι
2368 1975 2610 2042 ήγγισεν,
2641 1977 2737 2044 οὐχ
2780 1976 2968 2027 ἑαυτὸν
3008 1979 3338 2048 παρέδωκεν,
3365 1983 3477 2033 ἀλλ’
3513 1985 3729 2048 ἐδέξατο
3764 1988 3882 2050 ἓως

2310 2081 2327 2112 ι
2365 2059 2524 2131 ἦλθον
2557 2065 2641 2115 ἐπ’
2673 2066 2832 2117 αὐτὸν
2868 2068 3002 2134 μετά
3041 2071 3320 2141 μαχαιρῶν
3345 2072 3436 2123 καὶ
3464 2072 3656 2137 ξύλων.
3700 2077 3881 2142 Λέγει

2307 2167 2324 2198 ι
2363 2149 2488 2215 γοῦν
2515 2151 2581 2181 ’⁸⁸
2615 2152 2748 2221 πρὸς
2773 2154 2995 2216 αὐτούς·
3049 2153 3139 2220 Ὦς
3169 2159 3264 2210 ἐπὶ
3303 2161 3542 2226 λῃστὴν
3575 2160 3884 2224 ἐξήλθετε

2304 2257 2322 2287 ι
2357 2241 2504 2304 μετά
2530 2240 2834 2307 μαχαιρῶν
2861 2243 2957 2294 καί
2987 2244 3185 2307 ξύλων
3215 2248 3544 2300 συλλαϐεῖν
3564 2250 3744 2317 με.οἶ
3772 2251 3880 2302 καὶ

2304 2345 2321 2374 ι
2362 2328 2705 2393 παρέδωκαν
2737 2331 2953 2394 αὐτὸν,
2989 2335 3141 2402 φησὶ,
3183 2336 3435 2402 Πιλάτῳ.
3487 2339 3624 2391 Καθ’
3679 2339 3879 2410 ὁμοιό-

2303 2432 2319 2463 ι
2355 2431 2492 2485 τητα
2509 2416 2636 2483 γοῦν
2657 2418 2840 2480 αὑτοῦ,
2856 2421 2946 2471 καὶ
2964 2423 3012 2471 al
3031 2422 3168 2473 κατά
3191 2426 3386 2476 σκοπὸν
3404 2426 3565 2478 αὑτοῦ
3586 2427 3876 2495 βαίνοντες

2302 2523 2318 2554 ι
2357 2505 2670 2570 πεπόνθασι,
2709 2510 3035 2578 μεμνημένοι
3081 2511 3190 2564 τῶν
3236 2512 3394 2566 θείων
3438 2516 3600 2568 αὑτοῦ
3641 2518 3827 2586 λόγων
3853 2560 3870 2580 ,

2301 2611 2317 2642 ι
2358 2593 2422 2646 δι’
2453 2588 2524 2647 ὧν
2554 2597 2910 2666 ἐπιστηρίζων
2930 2600 3074 2667 ἡμᾶς
3103 2603 3231 2671 περὶ
3258 2603 3364 2655 τῶν
3393 2605 3644 2674 διωγμῶν
3673 2607 3830 2674 λέγει
3849 2626 3870 2640 ο

2299 2701 2316 2732 ι
2359 2684 2688 2750 Προσέχετε
2723 2687 2766 2716 ⁸⁸
2806 2687 3037 2753 ἑαυτοῖς
3058 2706 3070 2718 ·
3106 2692 3524 2758 παραδώσουσι
3559 2696 3670 2762 γὰρ
3701 2698 3871 2764 ὑμᾶς

2298 2791 2315 2822 ι
2353 2776 2437 2837 είς
2455 2775 2756 2842 συνέδρια,
2781 2777 2876 2829 καὶ
2901 2778 2971 2830 ἐν
2999 2779 3124 2843 ταῖς
3144 2782 3513 2849 συναγωγαῖς
3531 2784 3732 2838 αὐτῶν
3745 2805 3873 2854 μα-

2299 2881 2317 2912 ⁶
2353 2863 2691 2931 στινώσουσ
2695 2881 2752 2916 ιν
2788 2866 2961 2934 ὑμᾶς.
2986 2869 3411 2934 Παραδὼσουσι
3434 2872 3508 2933 δὲ,
3541 2869 3714 2938 εἶπεν,
3740 2877 3866 2929 ἀλλ’

2298 2969 2314 3000 ι
2356 2951 2474 3018 οὐχὶ
2499 2952 2564 2980 ’θ’
2593 2953 2815 3014 ἑαυτοὺς
2844 2954 3208 3022 παραδώσετεο
3233 2958 3328 3008 καὶ
3351 2958 3446 3010 ἐπὶ
3471 2961 3776 3028 ἡγεμόνας
3793 2965 3867 3015 δὲ

2297 3061 2314 3090 ‹
2358 3044 2449 3093 καὶ
2473 3042 2750 3108 βασιλεῖς
2770 3045 3106 3111 ἀχθήσεσθε
3145 3048 3241 3102 διὰ
3270 3051 3331 3101 τὸ
3363 3051 3547 3119 ὄνομά
3567 3072 3706 3121 μου,
3737 3057 3861 3110 ἀλλ’

662 3155 676 3186 ι
718 3139 844 3190 dum
890 3146 1013 3189 sunt
1048 3138 1136 3204 qui
1187 3152 1283 3189 nos
1323 3144 1717 3204 persequuntur
1745 3140 1960 3200 propter
1993 3146 2186 3183 nomen

2302 3149 2310 3178 ι
2352 3129 2469 3197 οὐχὶ
2494 3131 2603 3193 ¹¹⁹⁹⁶,
2630 3132 2850 3194 ἑαυτοὺς
2876 3134 3028 3198 ἄξετε
3049 3152 3062 3164 ο
3100 3137 3219 3188 ἐπεὶ
3251 3138 3340 3189 καὶ
3365 3143 3676 3211 μεταπηὸᾄν
3703 3146 3866 3214 ἡμᾶς

659 3240 675 3273 ι
721 3223 854 3290 ejus.
894 3221 1044 3274 Sicut
1096 3237 1284 3275 rursus
1313 3238 1433 3274 eum
1465 3223 1726 3275 dicentem
1769 3221 2054 3272 audimus:
2121 3217 2188 3270 Et

654 3331 676 3363 ι
714 3312 916 3380 quando
945 3328 1029 3364 vos
1062 3312 1123 3363 ab
1156 3311 1249 3363 hac
1272 3313 1478 3363 civitate
1507 3311 1759 3370 persecuti
1782 3310 1996 3376 fuerint,
2025 3309 2189 3375 fugite

655 3421 675 3451 ι
721 3405 775 3453 in
808 3402 967 3453 aliam
1003 3403 1047 3453 ⁸.
1077 3399 1190 3453 Non
1219 3401 1327 3454 vult
1352 3401 1494 3453 enim
1533 3415 1630 3451 nos
1679 3397 1744 3449 ad
1783 3397 1983 3450 diaboli
2020 3399 2187 3464 stipa-

658 3499 862 3542 t~tores
913 3491 1272 3558 satellitesque
1322 3490 1604 3556 confugere
1629 3528 1642 3550 ,
1716 3502 1781 3540 ne
1809 3485 1942 3554 ipsis
1972 3499 2186 3552 quoque

656 3598 676 3630 σ
725 3579 1025 3639 multifaria:
1055 3578 1244 3630 mortis
1277 3591 1440 3630 causa
1475 3577 1664 3634 simus,
1698 3583 1755 3627 ut
1779 3576 1867 3642 qui
1930 3574 2103 3642 ipsos,
2135 3584 2188 3627 et

657 3688 677 3720 ι
723 3670 1021 3738 asperiores
1049 3682 1167 3721 esse
1197 3681 1478 3735 cogamus,
1509 3673 1562 3718 ct
1592 3679 1748 3732 opera
1769 3662 2036 3715 mortifera
2068 3677 2188 3729 per-

659 3778 676 3809 ι
724 3771 879 3827 agere
911 3775 922 3810 :
978 3757 1066 3809 sed
1117 3764 1450 3823 exspectare,
1487 3763 1538 3806 et
1571 3754 1724 3806 nobis
1757 3767 1966 3815 cavere,
2004 3753 2187 3820 vigila-

657 3865 676 3896 ι
726 3861 875 3913 reque
902 3854 948 3896 et
981 3861 1150 3905 orare,
1199 3860 1260 3896 ne
1313 3844 1558 3895 intremus
1589 3843 1639 3892 in
1668 3842 2000 3893 tentationem
2028 3837 2075 3892 δ.
2113 3835 2186 3891 Ιιὶι

657 3956 676 3987 ι
726 3936 1028 4004 Stephanus
1053 3934 1277 4003 primus,
1309 3933 1426 4000 ejus
1456 3932 1697 4000 vestigiis
1727 3933 2005 3991 insistens,
2044 3944 2187 3981 mar-

657 4043 675 4077 ι
715 4025 914 4094 tyrium
943 4038 1154 4093 passus,
1171 4021 1551 4090 Hierosolymis
1575 4021 1640 4072 ab
1667 4020 1860 4088 iniquis
1885 4027 2182 4087 correptus,

659 4135 678 4168 ι
725 4127 777 4170 et
809 4117 862 4168 in
887 4115 1172 4168 concilium
1201 4111 1413 4172 ductus,
1449 4111 1714 4181 lapidibus
1740 4112 1985 4169 obrutus,
2013 4110 2066 4162 in
2098 4123 2187 4162 no-

656 4219 676 4250 ι
721 4199 863 4252 mine
901 4198 1099 4251 Christi
1129 4198 1456 4265 glorificatus
1477 4205 1579 4260 est,
1626 4212 1841 4265 rogans,
1875 4205 1926 4249 ct
1951 4195 2134 4249 dicens
2168 4213 2181 4246 :

653 4307 675 4339 ι
723 4289 954 4350 Domine,
979 4304 1039 4340 ne
1061 4297 1262 4339 statuas
1293 4286 1396 4338 illis
1426 4286 1516 4339 hoc
1549 4297 1811 4353 peccatum
1856 4288 1897 4337 ί.
1935 4284 2009 4336 ita
2035 4282 2187 4336 Jaco-

655 4401 674 4432 ς
722 4383 822 4434 bus
849 4379 1116 4434 secundus
1171 4379 1237 4430 ab
1267 4377 1477 4430 Ilerode
1510 4377 1950 4443 comprehensus,
2008 4372 2184 4441 gladio

2297 3236 2315 3267 ι
2355 3219 2595 3287 βούλεται
2639 3223 2743 3276 ἀπὸ
2784 3223 2943 3274 τόπου
2983 3226 3062 3285 είς
3103 3225 3262 3277 τόπον
3285 3226 3326 3257 ³ο
3368 3227 3728 3298 διωκομένους
3765 3233 3863 3287 διὰ

2295 3327 2310 3358 ι
2349 3309 2407 3360 τὸ
2435 3310 2601 3379 ὄνομα
2629 3312 2789 3363 αὑτοῦ
2815 3330 2826 3342 ο
2856 3313 2929 3375 ὡς
2972 3314 3128 3368 πάλιν
3157 3314 3422 3385 ἀκούομεν
3455 3318 3617 3370 αὐτοῦ
3663 3321 3864 3389 λόγον-

2294 3416 2310 3446 ι
2349 3414 2437 3458 τος
2456 3413 2469 3426 ·
2507 3399 2616 3455 Καὶ
2644 3398 2780 3452 ὅθεν
2810 3400 2882 3469 (‘2)
2904 3400 3188 3455 διώκωσιν
3209 3403 3358 3471 ὑμᾶς
3388 3405 3454 3457 ἐκ
3485 3404 3593 3473 τῆς
3611 3410 3860 3478 πόλεως

2293 3505 2310 3536 ι
2351 3489 2563 3552 ταύτης
2585 3490 2648 3549 ³⁸,
2684 3491 2926 3558 φεύγετε
2951 3493 3036 3555 εὶς
3063 3491 3175 3558 τὴν
3194 3492 3400 3558 ἑτέραν
3418 3511 3431 3524 ·
3467 3497 3527 3548 οὐ
3561 3497 3673 3568 γάρ
3706 3499 3866 3553 θέλει

2294 3593 2311 3624 ι
2349 3576 2659 3645 αὐτομολεῖν
2696 3579 2838 3646 ἡμᾶς
2869 3579 3005 3648 πρὸς
3057 3583 3179 3642 τοὺς
3206 3581 3301 3632 τοῦ
3332 3583 3572 3636 διαϐόλου
3606 3588 3864 3642 ὑπασπι-

2295 3681 2310 3711 t
2355 3662 2479 3724 στὰς
2508 3664 2597 3715 καὶ
2625 3665 2968 3734 δορυφόρους,
2999 3667 3144 3728 ὅπως
3179 3667 3250 3737 μὴ
3281 3669 3374 3720 καὶ
3396 3671 3656 3725 πλειόνων
3684 3675 3862 3735 θανά-

2293 3772 2308 3801 ι
2352 3770 2455 3804 των
2488 3754 2645 3806 αἴτιοι
2671 3756 2851 3816 αὐτοῖς
2879 3755 3149 3824 γινώμεθα
3181 3758 3268 3820 ³⁸⁵,
3298 3759 3370 3822 ὡς
3400 3760 3466 3812 ἀν
3498 3768 3864 3832 καταναγκάρ

2292 3860 2308 3890 ι
2349 3841 2525 3904 ζοντες
2549 3844 2743 3905 αὐτοὺς
2781 3844 2975 3913 μᾶλλον
3017 3847 3517 3916 κατατραχύνεσθαι
3555 3851 3652 3903 καὶ⁵
3696 3854 3858 3906 τελε-

2291 3948 2307 3979 ι
2352 3935 2619 3998 σιουργεῖν
2662 3932 2729 3984 τά
2769 3932 3110 4005 θανατηφόρα
3154 3934 3320 4005 ἔργα·
3371 3936 3486 3989 ἀλλ’
3531 3940 3858 4008 ἐκδέχεσθαι

2292 4038 2308 4069 ι
2350 4021 2442 4071 καὶ
2471 4021 2750 4091 προσέχειν
2789 4023 3027 4085 ἑαυτοῖς,
3060 4026 3362 4090 γρηγορεῐν
3399 4042 3478 4080 τε-
3511 4027 3604 4078 καὶ
3655 4041 3846 4095 προσ-

2291 4128 2308 4158 (
2348 4111 2644 4177 εὐχεσθαι,
2676 4111 2775 4163 ἵνα
2813 4110 2897 4177 μὴ
2941 4111 3295 4178 εἰσέλθωμεν
3339 4115 3423 4176 είς
3484 4118 3852 4183 πειρασμόν.

2290 4216 2308 4248 ι
2349 4197 2501 4251 Οὕτω
2518 4196 2777 4266 Στέφανος
2799 4201 3027 4268 πρῶτος,
3047 4201 3162 4251 κατ’
3192 4201 3334 4269 [χνος
3357 4202 3518 4255 αὑτοῦ
3543 4205 3855 4274 μαρτύριον

2291 4304 2308 4336 ι
2350 4287 2751 4356 ἀναδεξάμενος,
2780 4289 2835 4338 ἐν
2884 4288 3265 4358 Ἱεροσολύμοις
3304 4293 3701 4360 συναρπασθεὶς
3737 4295 3854 4347 ὑπὸ

2291 4395 2308 4426 ι
2347 4376 2449 4428 τῶν
2479 4378 2832 4446 παρανόμων,
2864 4379 2957 4429 καὶ
2996 4378 3177 4447 ἀχθεὶς
3205 4380 3262 4430 ἐν
3293 4380 3368 4448 τῷ
3389 4381 3669 4450 συνεδρίῳ,
3697 4381 3855 4434 λιθο-

653 4491 672 4523 ‹
721 4471 892 4538 capite
922 4477 1204 4521 truncatus
1229 4475 1324 4520 est.
1361 4468 1436 4519 Ita
1468 4465 1658 4518 Petrus
1681 4465 2043 4532 apostolorum
2069 4463 2178 4530 pri-

2302 4482 2307 4514 l
2346 4444 2658 4534 δολούμενος
2698 4468 2752 4516 ὲν
2782 4466 3000 4534 ὀνόματι
3032 4444 3274 4535 ⁷Χριστοῦ
3322 4444 3632 4538 ἐδοξάσθηί
3656 4487 3850 4541 παρα-

655 4579 674 4609 ι
720 4574 856 4618 mus.
895 4572 1032 4626 saape
1072 4557 1521 4624 comprehensus,
1567 4561 1617 4606 et
1642 4553 1901 4605 custodite
1929 4552 2175 4612 traditus,

652 4665 670 4695 ι
714 4646 1111 4715 ignominiaque
1166 4645 1405 4704 affectus,
1438 4651 1710 4710 postremo
1739 4640 1918 4692 Romae
1964 4637 2178 4692 cruciﬁ-

652 4759 670 4788 ι
721 4755 819 4792 xus
846 4747 948 4792 est.
984 4738 1240 4790 Similiter
1275 4746 1328 4790 et
1373 4737 1605 4804 inclytus
1639 4734 1859 4796 Paulus,
1891 4748 2028 4801 saepe
2070 4743 2180 4785 tra-

663 4849 682 4879 ι
730 4830 894 4890 ditus,
927 4835 978 4880 et
1007 4828 1071 4879 ad
1109 4835 1332 4879 mortem
1355 4839 1525 4892 usque
1585 4825 1636 4876 in
1677 4823 1975 4889 periculum
2011 4821 2177 4872 addu-

650 4940 668 4971 ι
715 4927 854 4980 ctus,
874 4919 1039 4971 multa
1069 4919 1206 4970 mala
1231 4931 1535 4984 perpessus.
1559 4923 1611 4968 et
1633 4915 1683 4966 in
1712 4913 1893 4966 multis
1929 4927 2178 4981 persecu-

2289 4572 2307 4604 ι
2348 4555 2522 4608 καλῶν
2571 4556 2663 4610 καὶ
2708 4555 2906 4622 λέγων·
2961 4558 3128 4621 Κύριε
3152 4595 3166 4616 .
3210 4559 3294 4625 μὴ
3352 4559 3585 4626 στήσῃς
3635 4562 3853 4627 αὐτοῖς

2290 4660 2306 4691 ι
2345 4643 2564 4707 ταύτην
2594 4641 2682 4671 ³¹“
2710 4640 2822 4706 τὴν
2842 4641 3146 4708 ἁμαρτίαν.
3167 4641 3349 4704 Οὕτως
3376 4643 3626 4706 Ἰάκωὸος
3658 4644 3715 4696 δε
3736 4645 3853 4697 its-

2288 4751 2306 4781 ι
2351 4748 2437 4801 ρος
2462 4729 2774 4798 συλληφθεὶς
2796 4731 2898 4783 ὑπὸ
2927 4731 3179 4800 Ἡρώδου,
3212 4733 3452 4803 μαχαίρᾳ
3474 4733 3570 4802 τὴν
3595 4734 3850 4805 κεφαλὴν

2289 4839 2306 4870 ι
2348 4820 2650 4889 ἀπετμήθη.
2679 4820 2860 4880 Οὕτως
2884 4823 2911 4872 ὁ
2940 4822 3224 4892 πρόκριτος
3250 4823 3357 4875 τῶν
3390 4823 3702 4877 ἀποστόλων
3733 4825 3850 4877 Πέ-

2290 4928 2308 4958 t
2348 4925 2470 4978 τρος
2495 4947 2510 4971 ,
2556 4909 2806 4971 πολλάκις
2839 4910 3154 4982 συλληφθεὶς
3208 4912 3301 4964 καὶ
3343 4912 3690 4980 φυλακισθεὶς
3741 4915 3850 4968 καὶ

713 5046 738 5073 ι
764 5033 954 5086 Matth.
988 5045 1133 5095 xxvi,
1159 5030 1242 5083 Η.
1319 5030 1346 5069 ι)
1379 5028 1567 5082 Matth.
1603 5044 1677 5085 vr.
1713 5028 1793 5080 l5.
1839 5039 1860 5066 ε
1897 5026 2086 5079 Matth.
2123 5042 2194 5095 xxi

2307 5024 2392 5077 55.
2459 5024 2484 5062 ἀ
2517 5023 2706 5078 ll'atth.
2737 5039 2907 5091 xxvn,
2928 5024 2984 5079 2.
3027 5037 3050 5065 ο
3075 5025 3265 5079 Matth.
3289 5042 3344 5088 ι,
3373 5027 3462 5080 17.
3521 5028 3540 5066 ί
3573 5026 3706 5082 ibid.
3745 5030 3840 5086 18.

643 5111 669 5150 ς
701 5101 890 5155 Matth.
919 5117 972 5164 ι,
1001 5100 1090 5155 9.3.
1121 5093 1126 5095 ’
1168 5101 1194 5139 δ
1228 5097 1418 5152 Matth.
1465 5113 1610 5158 tum,
1639 5096 1723 5148 Π.
1805 5097 1820 5131 ί
1856 5095 1970 5146 Act.
2033 5110 2122 5154 vn,
2169 5093 2256 5146 59.

1946 5209 2171 5264 VARlx‘E
2217 5208 2607 5263 LECTIONES.

709 5330 754 5360 “
790 5329 1014 5388 ἑαυτοῖς.
1090 5329 1135 5357 ⁸⁸
1164 5326 1605 5394 προσεκκαίοντες
1645 5324 1934 5391 ἄνθρακας.

647 5397 900 5448 εἰσελθεῖν
930 5400 1007 5456 είς
1031 5393 1328 5464 πειρασμόν
1350 5393 1508 5464 deest.

647 5466 709 5497 »ο-
746 5465 860 5530 οὺχ,
938 5467 1025 5496 ﬂ“
1054 5461 1169 5531 οὐχ,
1242 5463 1284 5493 ³ο
1311 5463 1484 5513 τόπων
1516 5463 1592 5522 εἰς
1624 5461 1837 5519 τόπους.

713 5577 789 5645 l2)
820 5574 921 5630 Kal
964 5577 1117 5629 ὅθεν.
1171 5575 1228 5628 1η
1257 5575 1515 5645 ms.__cod_.
1567 5570 2185 5645 bombvqitto_ainplissi-

641 5647 713 5699 mi
752 5638 1015 5699 senatoris
1060 5643 1318 5696 Bel-nardi
1367 5641 1522 5698 Nani.
1580 5640 1669 5694 fol.
1707 5638 1828 5700 “308,
1858 5639 1944 5691 ubi
1974 5645 2189 5690 exstant

1645 5324 1934 5391 ἄνθρακας.
2022 5323 2089 5352 ¹⁶⁹
2126 5320 2200 5400 δέ.
2299 5320 2384 5349 ⁸⁸⁸·
2423 5322 2493 5388 μή
2524 5320 2696 5375 deest.
2799 5321 2908 5351 "‘“
2935 5321 3277 5408 διδάσκοντος
3311 5321 3706 5391 προσεύχεσθαι
3757 5325 3840 5398 μὴ

1605 5394 1736 5422 ¹⁶··“
1766 5391 2058 5460 γενομένας
2075 5388 2353 5460 πολλάκιςἒ
2421 5390 2471 5460 "_
2490 5388 2662 5460 obte._
2706 5389 2749 5424 "
2772 5388 2918 5460 deest
2951 5391 3061 5460 xui.
3129 5390 3194 5460 ’δ’
3219 5407 3329 5460 ουν.
3408 5391 3451 5420 ¹⁹
3483 5391 3840 5460 προσέχεται.

1911 5459 1950 5487 ³¹
1985 5459 2173 5508 ὅταν...
2211 5458 2266 5507 ὲν
2296 5457 2358 5524 τῇ
2390 5456 2536 5507 πόλει
2562 5456 2753 5526 ταῦτῃ.
2831 5456 2896 5486 ³⁸·
2928 5457 3226 5525 γενώμεθα.
3301 5459 3388 5488 ³¹“’
3413 5458 3511 5510 ταύ

2421 5322 2493 5398 et
2523 5320 2748 5398 siccata-
2787 5321 3277 5398 .""'_5‘54“91’f'°i
3311 5321 3706 5398 πρεῑτξεΰκεσεέαι
3757 5325 3844 5398 μὴ

2831 5455 2896 5486 ³⁸·
2928 5457 3226 5525 γενώμεθα.

2292 5585 2524 5642 canones
2572 5569 2886 5642 9.10.712.
2921 5569 3009 5642 [33
3043 5571 3128 5626 M.
3176 5571 3265 5624 hic
3315 5571 3509 5640 legitur
3555 5573 3648 5625 καὶ
3673 5573 3838 5642 his,

2294 5645 2347 5687 ut
2379 5639 2430 5690 in
2463 5646 2609 5690 testu
2645 5637 2828 5690 Matth.
2861 5655 2914 5698 ι,
2938 5638 3026 5691 23.

3301 5459 3388 5488 ³¹“’
3413 5459 3619 5528 ταύτην
3646 5459 3760 5513 om.
