4012 6444
208 395 298 460 133
1291 397 1371 466 ιΝ
1411 398 1649 469 EPIST.
1679 411 1731 471 S.

1836 412 2010 470 ltTliI
2038 409 2256 474 ALEX.
3301 412 3406 480 494

212 555 232 588 ι
267 538 604 605 ἀτιμασθεὶς,
630 537 851 609 ὕστερον
880 539 937 590 ὲν
962 536 1144 608 Ῥώμῃ
1160 539 1470 610 ἐσταυρώθη
1492 539 1731 608 (5)."Ka

1867 558 1883 589 ι
1933 542 2171 598 tionibus
2221 542 2710 613 af'ilictionibuSque
2767 541 3043 612 gloriatus,
3105 541 3156 594 in
3211 539 3396 595 eadem

212 643 234 680 t
261 626 291 679 δ
333 626 653 698 περιϐόητος
684 629 927 693 Παῦλος,
973 628 1253 697 πλεονάκις
1296 629 1610 699 παραδοθεὶς
1659 635 1731 681 κα

1864 649 1881 681 ι
1932 633 2062 686 urbe
2091 634 2206 700 ipse
2235 649 2448 702 quoque
2475 633 2656 702 gladio
2690 634 2865 702 capite
2890 632 3145 685 multatus
3165 639 3247 685 est
3278 631 3397 699 :qui

214 735 237 772 τ
268 715 373 781 ῑως
418 719 644 773 θανάεου
671 720 1041 782 κινδυνεύσας,
1072 722 1240 775 πολλά
1279 739 1334 773 τε
1377 723 1611 792 ἀθλήσας
1659 723 1731 774 κα¹

1861 739 1880 770 ι
1930 723 1982 774 in
2017 723 2212 790 quibus
2266 724 2526 792 gloriatus
2559 732 2662 787 est,
2698 725 2811 793 ipse
2854 726 2905 777 in
2941 724 3006 776 iis
3031 722 3191 774 vitam
3226 724 3395 785 finiit;

211 823 235 858 tt
267 807 678 876 καυχησάμενος
718 810 773 860 ὲν
814 807 1021 869 πολλοῖς
1063 809 1317 877 διωγμοῖς
1361 808 1452 860 καὶ
1485 807 1717 874 θλίψεσιν

1859 828 1878 861 ι
1923 818 1977 863 et
2008 811 2149 879 quod
2180 810 2418 866 Damasci
2451 815 2502 864 in
2533 822 2715 881 sporta
2752 822 2913 865 noctu
2943 827 3036 880 per
3064 826 3274 863 murmn
3304 811 3397 864 de-

212 913 232 948 t
269 897 326 949 ἐν
353 901 419 969 τῇ
454 899 585 966 αὐτῇ
627 898 776 950 πόλει
811 898 903 949 καὶ
939 897 1096 959 αὐτὸς
1128 898 1366 967 μαχαίρᾳ
1392 896 1484 965 τὴν
1513 897 1731 966 κεφαλὴπ

1858 917 1876 950 ι
1926 901 2123 954 missus
2145 909 2245 962 est,
2279 910 2328 955 et
2362 901 2545 972 effugit
2575 902 2693 970 ejus
2723 918 2914 956 manus
2945 904 3034 971 qui
3077 917 3197 954 eum
3230 917 3362 954 conn

213 998 234 1030 ιι
269 983 572 1052 ἀπετμήθη·
602 983 659 1045 ὃς
683 984 739 1034 ὲν
778 978 855 1044 οἷς
881 984 1237 1052 ἐκαυχήσατο,
1271 983 1525 1052 κατέληεε
1554 983 1639 1015 ³⁸⁸·
1668 984 1725 1034 ὅτ

1858 1007 1876 1042 ι
1925 990 2083 1045 batur
2113 995 2431 1061 opprimere.
2467 995 2586 1046 Erat
2617 992 2758 1047 enim
2786 993 2868 1047 eis
2905 992 2956 1043 in
2987 993 3176 1058 primis
3201 1007 3394 1060 prepo-

209 1087 232 1121 ‹
271 1072 363 1122 καὶ
391 1073 478 1103 ³⁵³⁸⁸
504 1075 559 1124 ὲν
580 1073 849 1141 Δαμασκῷ
872 1075 1084 1143 σπυρίδι
1105 1074 1371 1142 ὲχαλάσθη
1412 1074 1497 1126 διὰ
1520 1073 1611 1126 τοῦ
1644 1073 1731 1128 rei

1855 1098 1876 1130 ς
1925 1081 2086 1134 situm
2118 1080 2507 1148 evangelizare,
2539 1089 2592 1133 et
2643 1080 2864 1133 verbum
2909 1078 3002 1132 Dei
3053 1081 3289 1130 docere:
3339 1079 3392 1129 in

211 1177 230 1210 ι
265 1177 388 1228 χους
410 1161 617 1222 νυκτὸς,
651 1163 743 1212 καὶ
769 1161 989 1240 εξέφυγε
1018 1162 1114 1224 τὰς
1148 1165 1332 1232 χεῖρας
1350 1161 1441 1215 τοῦ
1465 1162 1731 1234 ζητοῦντος

1863 1187 1880 1220 ι
1929 1170 2128 1238 quibus
2159 1170 2352 1234 fratres
2369 1170 2734 1237 conﬁrmaules
2765 1179 2820 1221 ut
2843 1179 3102 1222 manerent
3132 1170 3184 1220 in
3209 1167 3311 1234 [ide
3343 1179 3392 1228 ι,

209 1265 230 1301 ι
265 1248 424 1302 αὐτὸν
478 1253 684 1303 πιάσαι.
721 1253 792 1304 Τὸ
840 1253 944 1324 γὰρ
983 1254 1334 1322 προκείμενον
1358 1253 1422 1325 ἦν
1455 1256 1652 1316 αὐτοῖς,
1688 1258 1744 1310 ὲν

207 1354 228 1388 ε
263 1338 493 1408 πρώτοις
518 1341 951 1409 εὐαγγελίζεσθαι
975 1343 1068 1394 καὶ
1095 1344 1358 1400 διδάσκειν
1379 1348 1450 1417 (ι)
1478 1347 1566 1399 τὸν
1592 1347 1743 1414 λόγον

206 1445 226 1479 ι
263 1429 358 1481 τοῦ
387 1430 541 1499 Θεοῦ,
567 1433 626 1487 ὲν
661 1427 742 1496 οἷς
768 1429 1236 1502 ἑωστηρίζοντες
1273 1433 1410 1500 τοὺς
1446 1433 1743 1503 ἀδελφοὺς

1855 1278 1873 1308 ι
1918 1259 2264 1330 hoc-quoque
2296 1261 2565 1321 dicebant,
2621 1261 2754 1327 quod
2783 1276 2874 1326 per
2902 1260 3092 1312 multas
3149 1259 3394 1325 afﬂictio-

1854 1368 1870 1398 ι
1925 1367 2010 1402 nes
2029 1360 2225 1418 oportet
2250 1351 2301 1402 in
2327 1365 2535 1418 regnum
2559 1349 2650 1400 Dei
2673 1349 2890 1416 ingredi.
2911 1347 3231 1412 Quaerebam
3250 1348 3392 1402 enim

1852 1458 1869 1489 ‹
1920 1455 2024 1494 non
2052 1440 2198 1507 quod
2231 1440 2331 1494 sibi
2359 1446 2473 1492 erat
2499 1438 2647 1498 utile,
2674 1437 2768 1490 sed
2801 1439 2942 1505 quod
2979 1436 3255 1494 nmltis.ut
3286 1451 3393 1488 ser-

210 1540 230 1572 ι
263 1521 535 1590 ἐμμένειν
563 1527 630 1577 ἐν
661 1525 733 1592 τῇ
767 1527 982 1584 πίστει.
1004 1525 1094 1577 καὶ
1119 1524 1275 1577 τοῦτο
1301 1524 1500 1592 ἔλεγον,
1533 1521 1622 1576 ὅτι
1647 1522 1731 1576 διὰ

1852 1547 1868 1578 ι
1917 1537 2191 1591 varentur,
2219 1540 2271 1583 et
2300 1529 2466 1581 multa
2502 1527 2634 1595 ipsis
2682 1527 2863 1580 liceret
2898 1526 2961 1577 ad
2995 1525 3108 1576 haec
3141 1524 3388 1576 facientia

210 1628 230 1661 ι
265 1611 506 1665 πολλῶν
548 1615 804 1680 θλίψεων
831 1613 925 1666 δεῖ
957 1613 1243 1667 εἰσελθεῖν
1289 1616 1372 1676 εἰς
1418 1609 1530 1679 τὴν
1561 1614 1731 1674 βασι-

1851 1633 1867 1664 (
1914 1615 2126 1675 dicere,
2189 1622 2248 1667 ut
2305 1613 2470 1668 verbo
2526 1613 2616 1666 Dei
2675 1613 3054 1666 convenienter
3109 1610 3384 1663 facerent:

185 1716 229 1752 οι
263 1704 436 1754 λείαν
467 1703 567 1756 τοῦ
597 1704 758 1756 Θεοῦ.
798 1701 1041 1770 Ἐζήτουν
1067 1703 1173 1771 γὰρ
1200 1704 1258 1753 οὐ
1286 1703 1346 1754 τὸ
1380 1702 1579 1754 ἑαυτῶν
1607 1719 1731 1772 συμ-

1849 1721 1867 1754 ι
1921 1703 2133 1764 Νἱσί,ιιι
2169 1704 2299 1757 dicit
2319 1704 2623 1771 Apostolus,
2654 1719 2746 1756 nos
2775 1713 2970 1769 tempus
3013 1710 3284 1754 narrantes
3301 1704 3392 1754 dc-

207 1807 229 1843 t
264 1792 446 1860 φέρον,
475 1792 607 1844 ἀλλὰ
635 1793 694 1845 τὸ
736 1793 840 1845 τῶν
884 1792 1115 1856 πολλῶν,
1149 1793 1234 1844 ἵνα
1269 1793 1510 1855 σωθῶσι,
1541 1781 1637 1845 καῖ
1672 1791 1754 1863 ἦν·
1848 1813 1864 1844 t
1910 1795 2146 1862 ﬁceretb.
2171 1812 2188 1843 ι

197 1888 228 1934 ἰ
267 1884 432 1936 πολλά
458 1885 630 1950 λέγειν
654 1886 833 1947 αὐτοῖς
857 1888 934 1946 εἰς
961 1885 1131 1938 ταῦτα
1158 1885 1290 1954 πρὸς
1328 1883 1387 1937 τὸ
1431 1885 1568 1938 κατὰ
1595 1885 1748 1954 λόγον
1785 1891 2065 1958 πράσσειν,
2089 1891 2134 1942 εἰ
2153 1885 2262 1953 μὴ,
2279 1886 2351 1949 ὡς
2373 1885 2515 1952 λέγει
2542 1888 2568 1938 ὁ
2597 1886 2930 1948 ’Λπόστολος,
2948 1885 3208 1938 ἐπιλίποι
3227 1883 3273 1915 ³³
3333 1882 3385 1934 δ’

207 1990 225 2024 t
261 1972 336 2026 ἂν
362 1974 512 2042 ἡμᾶς
545 1975 965 2043 διηγουμένους
993 1979 1025 2028 ὁ
1052 1972 1285 2043 χρόνος.
1314 1995 1332 2026 ι

268 2086 462 2138 ΒΑΛΣ.
495 2087 558 2139 οι
587 2087 709 2158 ἄρτι
731 2086 824 2140 τοῦ
860 2087 1021 2139 ὕπνου
1051 2088 1466 2156 ἐξανιστάμενοι,
1492 2089 1582 2142 καὶ
1613 2090 1731 2158 μᾶλ-

1915 2087 2069 2141 Βδιε.
2109 2085 2206 2150 Qui
2232 2103 2262 2139 e
2287 2102 2477 2141 somno
2533 2087 2689 2139 modo
2721 2094 3036 2153 exsurgunt,
3072 2095 3118 2137 et
3152 2085 3380 2139 maxime

201 2171 284 2226 λον
321 2178 369 2228 εἰ
402 2177 674 2244 ὼμόῡπνοι
707 2173 831 2237 εἷεν,
863 2176 922 2227 οὐ
959 2176 1324 2243 καθεστηκότα
1364 2178 1451 2231 τὸν
1487 2178 1731 2248 λογισμὸν

1839 2177 1882 2229 si
1911 2176 2076 2228 crudo
2107 2175 2479 2243 profundoque
2506 2189 2696 2228 somno
2719 2176 3123 2243 premebantur,
3154 2191 3259 2227 non
3285 2177 3379 2226 hn-

203 2264 428 2331 έχουσιν,
463 2264 592 2316 ἀλλά
641 2267 1031 2335 τεταραγμένον
1073 2267 1166 2317 καὶ
1203 2267 1596 2320 ἀκατάστατον
1631 2286 1731 2321 τοι·

1836 2265 1962 2317 bent
1997 2271 2332 2316 constantem
2363 2265 2646 2326 rationem,
2692 2263 2784 2317 sed
2817 2265 3177 2332 perturbatmu
3207 2275 3256 2318 et
3288 2264 3371 2316 in-

201 2352 370 2415 οὑτοις
419 2354 743 2422 παρεζκασεν
769 2356 797 2406 δ
844 2355 1163 2425 ἱερομὰρτυς
1203 2349 1353 2418 οὗτος
1397 2359 1514 2420 τοὺς
1561 2371 1731 2428 παρα-

1832 2347 2094 2402 itabilem:
2122 2347 2322 2401 talibus
2360 2348 2618 2400 assimilat
2648 2357 3028 2401 sacrosanctus
3051 2348 3136 2399 hic
3170 2360 3371 2417 martyr

202 2443 476 2511 πηδῶντας
503 2445 581 2504 εἰς
625 2441 713 2495 τὸν
755 2444 963 2510 ἀγῶνα,
991 2445 1152 2514 ήγουν
1195 2446 1319 2507 τοὺς
1365 2447 1436 2516 μὴ
1468 2447 1731 2511 εὐτάκτως

1832 2453 1908 2491 eos
1937 2440 2030 2506 qui
2073 2437 2173 2505 15
2198 2454 2304 2492 non
2335 2439 2604 2500 ordinate,
2641 2439 2733 2493 sed
2779 2439 3068 2496 temerarie
3096 2449 3150 2490 et
3180 2438 3369 2490 ineun-

202 2533 327 2584 ἀλλὰ
348 2531 590 2601 θρασέως
611 2534 700 2585 καὶ
722 2535 1126 2604 ἀπερισκέπτως
1147 2534 1494 2596 εἰσωθοῦντας
1519 2537 1731 2600 ἑαυτοὺς

1832 2528 2057 2604 tiderate
2080 2543 2137 2582 se
2169 2532 2221 2582 in
2258 2537 2528 2584 certamen
2560 2529 2883 2595 intrudunt;
2943 2529 3268 2597 parturiens.
3317 2538 3371 2580 et

199 2624 273 2684 εις
297 2623 386 2674 τον
413 2621 628 2690 ἀγῶνα,
658 2623 906 2674 ὠδίνοντα
934 2625 1025 2675 καὶ
1061 2623 1313 2692 μέλλοντα
1345 2625 1584 2687 ἑλκῦσαι,
1619 2626 1736 2678 ἀντὶ

198 2711 310 2772 τοῦ,
337 2714 500 2780 μήπω
513 2714 592 2772 εἰς
622 2712 845 2780 φανερὸν
873 2712 1186 2781 ἐκραγῆναι,
1210 2713 1342 2764 ἀλλὰ
1371 2713 1734 2783 μελετώμενον

198 2799 286 2848 καὶ
311 2797 586 2866 μέλλοντα,
613 2798 725 2865 ήτοι
763 2797 1079 2867 βραδύνοντα
1121 2798 1338 2853 ελκῦσαι
1371 2804 1492 2863 τοὺς
1537 2801 1734 2866 ἀγωνι-

197 2883 466 2952 ζομένους,
527 2886 717 2947 οἵτινες
758 2886 961 2948 ἑαυτοῖς
1017 2889 1312 2956 πειρασμὸν
1363 2872 1694 2942 ἐπισπῶνται
1717 2926 1732 2951 ,

197 2973 355 3038 ἦγουν
381 2973 460 3035 εἰς
491 2973 713 3034 ἑαυτοὺς
737 2973 947 3026 ἕλκουσι
981 2976 1296 3044 πειρασμόν.
1326 2977 1537 3030 Μᾶλλον
1563 2978 1618 3031 δὲ
1641 2979 1732 3030 καὶ¹

196 3063 367 3125 ἄλλοις
395 3066 601 3126 πιστοῖς
629 3063 947 3116 ἀνάπτουσιν
970 3064 1238 3134 ἄνθρακας
1264 3066 1612 3137 ἁμαρτωλῶν,
1637 3069 1733 3131 τὰς

196 3153 256 3204 ὲκ
304 3152 410 3205 τῶν
458 3153 731 3221 τυράννων
780 3152 1009 3221 δηλονότι
1066 3150 1328 3218 κολάσεις.
1367 3156 1503 3207 Ἀλλ’
1554 3159 1600 3209 εἰ
1641 3160 1732 3210 καὶ

197 3241 428 3292 αἰτιᾶται
459 3242 580 3302 τοὺς
612 3240 752 3292 οὕτω
777 3241 1072 3304 ποιοῦντας,
1101 3245 1368 3296 κοινωνεῖν
1394 3245 1527 3307 τέως
1557 3247 1732 3308 αὐτοῖς

196 3330 316 3390 τούς
337 3330 556 3390 πιστοὺς
581 3329 933 3393 διατάττεται,
966 3331 1046 3383 ὅτι
1077 3331 1160 3384 διὰ
1192 3333 1278 3383 τὸν
1295 3331 1523 3401 Χριστὸν
1550 3335 1733 3386 ὑπεισ-

1836 2601 2058 2670 trabere
2077 2617 2347 2679 differens,
2381 2633 2475 2686 pro
2509 2633 2571 2670 eo
2603 2618 2742 2685 quod
2774 2618 3011 2672 nondum
3048 2620 3097 2670 in
3133 2627 3372 2686 apertum

1834 2708 2028 2773 erupit,
2075 2705 2167 2758 sed
2202 2707 2490 2758 meditatur
2523 2713 2574 2758 et
2599 2705 2794 2767 diﬂert,
2832 2722 2924 2759 seu
2972 2715 3256 2758 eunetatnr
3279 2706 3373 2759 de-

1835 2805 2100 2854 certantes
2127 2795 2359 2854 trahere,
2380 2795 2698 2863 quisibimet
2729 2796 3077 2849 tentationem
3107 2797 3368 2854 alliciunt.

1834 2884 1945 2938 sive
1980 2885 2031 2937 in
2060 2900 2116 2937 se
2154 2885 2298 2952 ipsos
2349 2887 2698 2948 tentationem
2748 2887 2985 2937 trahunt.
3019 2885 3244 2938 Maxime
3277 2901 3361 2937 au-

1833 2981 1958 3032 tem,
1990 2981 2040 3025 et
2065 2972 2183 3025 aliis
2211 2971 2453 3026 fidelibus
2500 2979 2837 3042 peccatorum
2869 2973 3128 3026 carbones
3183 2989 3372 3026 occari-

1833 3061 1986 3123 dunt,
2019 3075 2047 3113 a
2079 3063 2315 3132 tyrannis
2369 3063 2572 3116 scilicet
2622 3063 2948 3131 punitiones.
2997 3061 3099 3115 Sed
3142 3064 3242 3117 etsi
3276 3079 3367 3117 eos

1832 3151 1921 3218 qui
1951 3152 2029 3204 sic
2059 3149 2280 3213 faciunt,
2334 3151 2674 3219 reprehendit
2704 3169 2718 3215 ;
2754 3151 2907 3217 jubet
2959 3159 3134 3204 tamen
3189 3151 3368 3204 fideles

1831 3239 1910 3291 eis
1944 3239 2110 3292 nihilo
2138 3239 2312 3292 secius
2351 3240 2778 3300 communicare,
2809 3239 2934 3306 quia
2970 3249 3185 3307 propter
3207 3240 3360 3292 Clu-6-

1835 3334 1975 3378 stum
2000 3334 2268 3379 certamen
2291 3327 2591 3388 subierunt,
2621 3328 2866 3395 quamvis
2898 3328 3042 3379 illius
3066 3330 3364 3381 docti-iusin

198 3409 352 3485 ἦλθον
396 3417 482 3471 τὸν
515 3419 699 3484 ἀγῶνα
719 3456 732 3480 ,
784 3417 882 3471 κᾶν
928 3419 1195 3488 ἠγνόησαν
1231 3420 1328 3489 τὴν
1355 3421 1558 3472 ἐκείνου
1594 3422 1731 3473 διδα-

1834 3417 2145 3483 ignorarunt
2177 3431 2189 3467 :
2224 3415 2315 3484 qui
2350 3415 2504 3469 docet
2532 3425 2708 3483 petere
2738 3432 2806 3471 ne
2829 3425 3116 3478 tentemur,
3143 3428 3193 3472 et
3223 3421 3366 3487 quod

199 3508 437 3568 σκαλιαν,
466 3506 802 3568 διδάσκοντος
830 3509 996 3559 αἰτεῖν
1027 3508 1098 3577 μὴ
1129 3509 1502 3579 πειρασθῆναι,
1524 3513 1624 3562 ’καὶ
1650 3512 1730 3564 ὅτι

1832 3520 1896 3557 ne
1923 3519 1979 3558 se
2011 3506 2182 3572 ipsum
2216 3505 2428 3574 quidem
2480 3506 2721 3569 tradidit,
2754 3507 2846 3561 sed
2882 3509 3112 3562 traditus
3158 3517 3277 3573 est;
3312 3519 3365 3564 et

196 3594 306 3648 οὐδὲ
356 3595 543 3647 ἑαυτὸν
594 3595 900 3664 παρέδωκεν
922 3635 936 3658 ,
986 3596 1117 3648 ἀλλὰ
1165 3597 1459 3666 παρεδόθη·
1505 3599 1603 3650 καὶ
1655 3598 1728 3669 μή

1832 3608 1934 3646 non
1965 3609 2084 3647 esse
2132 3594 2197 3647 ad
2256 3605 2484 3650 tortores
2534 3596 2982 3666 confugiendum,
3017 3615 3083 3653 ne
3118 3600 3360 3668 pluribus

196 3677 500 3751 αὐτομολεῖν
528 3682 661 3752 πρὸς
687 3685 811 3745 τοὺς
847 3683 1124 3746 κολαστὰς,
1155 3686 1239 3737 ἵνα
1270 3686 1340 3756 μὴ
1370 3687 1525 3739 αῐτιοι
1550 3687 1727 3750 αὐτοῖς

1832 3697 1885 3735 se
1935 3683 2169 3736 caedibus
2215 3685 2618 3738 contaminandi
2682 3686 2816 3754 ipsis
2877 3701 3054 3740 causa:
3109 3688 3255 3753 sint;
3303 3696 3360 3741 ut

197 3771 415 3837 γίνοιντο
446 3771 701 3824 πλειόνων
737 3771 907 3839 φόνων
929 3811 944 3835 ,
977 3771 1162 3842 ὥσπερ
1200 3774 1598 3844 παραθήγοντες
1630 3777 1727 3827 αὐ-

1832 3772 1915 3839 ςυὶ
1967 3785 2059 3824 eos
2110 3772 2332 3826 incltent
2394 3771 2458 3828 ad
2517 3775 2775 3828 sumenda
2823 3775 2887 3830 de
2925 3776 3024 3844 piis
3076 3775 3355 3845 supplicia.

195 3863 310 3924 τοὺς
334 3865 414 3924 εις
440 3864 538 3925 τὰς
584 3862 724 3916 κατά
759 3862 864 3914 τῶν
905 3863 1139 3915 εὐσεϐῶν
1176 3863 1455 3935 τιμωρίας.
1508 3866 1727 3933 Ἐπάγει

1832 3857 1989 3912 lnfert
2018 3869 2193 3914 autem
2224 3868 2276 3915 et
2317 3862 2527 3916 diversa
2557 3877 2725 3918 saera
2777 3863 3069 3932 Scriptum
3117 3865 3358 3934 exempla

195 3947 227 4003 εί
278 3953 368 4004 καὶ
398 3952 626 4021 διάφορα
656 3950 1062 4021 παραδείγματα
1092 3953 1339 4022 Γραφικά
1365 3956 1394 4006 ὀ
1421 3949 1620 4006 κανών.
1823 3961 2020 4001 canon.

261 4042 497 4095 ΖΩΝΑΡ.
546 4041 608 4094 Ol
657 4041 777 4110 ἄρτι
821 4041 912 4093 τοῦ
955 4041 1118 4094 ὕπνου
1165 4042 1592 4112 ἐξανιστάμενοι,
1636 4045 1727 4097 καὶ

1895 4035 2092 4090 Zoun.
2142 4035 2243 4102 Qui
2289 4052 2319 4091 a
2355 4053 2544 4092 somno
2573 4046 2816 4094 recentes
2849 4047 3166 4108 exsurgunt,
3223 4054 3361 4110 pra:-

1823 4125 2005 4179 sertim
2040 4125 2085 4178 si
2131 4126 2374 4194 graviore
2408 4141 2597 4181 somno
2654 4128 3114 4195 opprimebantur,
3151 4132 3362 4184 ratione

1821 4214 2233 4283 haudquaquam
2253 4216 2456 4276 sedata,
2473 4217 2562 4270 sed
2583 4217 2893 4285 perturbata
2924 4218 3357 4287 inconstantique

1820 4310 2063 4356 utuntur.
2101 4302 2376 4371 Ejusmodi
2423 4304 2730 4360 hominibus
2782 4316 3004 4362 sanctus
3037 4308 3122 4360 hic
3155 4318 3356 4378 martyr

1821 4395 2020 4447 similes
2043 4409 2137 4449 eos
2175 4394 2372 4448 asserit
2405 4396 2496 4463 qui
2547 4394 2602 4448 in
2635 4402 2903 4450 certamen
2934 4406 3220 4464 proruunt,
3256 4397 3355 4450 hoc

1818 4489 1920 4543 est,
1978 4497 2082 4535 non
2113 4482 2357 4536 ordinate
2385 4484 2478 4537 sed
2506 4485 2694 4537 audaci
2747 4499 2809 4536 ac
2837 4487 3122 4537 temerario
3155 4487 3351 4553 impetu

191 4573 407 4637 uomit;
433 4576 510 4636 εις
540 4575 629 4626 τὸν
647 4574 848 4641 ἀγῶνα,
881 4575 1128 4627 ὠδίνοντα
1159 4577 1249 4628 καὶ
1282 4577 1537 4646 μέλλοντα
1570 4577 1722 4629 έλκῦ-

1832 4587 1875 4625 ie
1905 4572 2051 4640 ipsos
2084 4572 2367 4626 intrudunt
2395 4575 2448 4626 in
2470 4582 2740 4627 certamen
2769 4589 2783 4638 ;
2808 4575 3132 4641 parturiens,
3168 4589 3229 4628 ac
3251 4583 3357 4626 ttat—

191 4675 292 4724 σαι,
333 4663 452 4715 ἀντὶ
496 4661 588 4714 τοῦ
638 4664 799 4733 μήπω
841 4663 918 4726 εἰς
967 4665 1191 4734 φανερὸν
1231 4666 1551 4735 ἐκραγέντα,
1587 4665 1717 4718 ἀλλά

1835 4675 1943 4714 iere
1973 4660 2248 4718 differens.
2297 4678 2394 4732 pro
2441 4677 2506 4716 eo
2545 4662 2685 4729 quod
2742 4663 2980 4716 nondum
3015 4665 3067 4716 in
3110 4672 3350 4733 apertum

191 4747 549 4817 μελετώμενον
591 4750 683 4801 καὶ
713 4750 982 4817 μέλλοντα,
1008 4751 1121 4820 ήτοι
1152 4751 1472 4820 βραδύνοντα
1501 4752 1716 4805 έλκῦσαι

1832 4751 2012 4820 erupit,
2049 4752 2142 4805 sed
2172 4753 2476 4816 meditatur,
2507 4760 2558 4806 et
2584 4753 2759 4806 differt
2788 4755 2900 4808 sive
2946 4765 3232 4809 cunctatur
3261 4755 3354 4808 de-

187 4834 304 4897 τούς
325 4836 749 4904 ἀγωνιζομένους
771 4852 784 4866 ⁸
815 4837 1002 4900 οἵτινες
1041 4829 1336 4908 πειρασμὸν
1364 4840 1713 4902 ἐπισπῶνται,

1832 4849 2088 4894 :ertantes
2122 4841 2370 4895 trahere:
2416 4843 2506 4911 qui
2541 4842 2751 4910 quidem
2793 4845 3140 4898 tentationem
3172 4859 3354 4897 accer-

186 4923 342 4990 ἧγουν
373 4925 452 4987 εἰς
483 4925 703 4985 ἑαυτοὺς
735 4923 944 4976 ἕλκουσι
976 4928 1289 4994 πειρασμὸν,
1317 4928 1508 4995 μᾶλλον
1533 4929 1586 4980 δὲ
1625 4930 1717 4980 καὶ

1832 4939 1967 4993 sunt,
1993 4931 2094 4984 hoc
2126 4938 2227 4991 est,
2261 4932 2323 4984 ad
2375 4941 2432 4986 8e
2479 4933 2621 5000 ipsos
2674 4933 3018 4986 tentationem
3057 4932 3353 5000 pelliciunt,

1821 5018 1948 5087 quin
1980 5021 2156 5086 potius
2179 5020 2299 5073 aliis
2331 5020 2575 5074 fidelibus
2613 5021 2913 5084 ascendunt
2943 5021 3204 5075 carbones
3231 5035 3352 5089 pec-

199 4129 383 4195 μᾶλλον
430 4131 476 4182 el
517 4129 789 4197 ὠμόῦπνοι
834 4120 968 4193 εἶεν,
1015 4128 1074 4182 οὐ
1107 4129 1470 4199 καθεστηκότα
1507 4132 1595 4184 τὸν
1638 4132 1726 4185 λο-

194 4216 378 4285 γισμδν
414 4216 641 4284 ἔχουσιν,
674 4216 806 4272 ἀλλά
845 4218 1258 4288 τεταραγμένον,
1291 4221 1381 4272 καὶ
1422 4221 1725 4274 ἀκατάστα-

193 4319 294 4358 τον.
329 4306 598 4368 Τοιούτοις
639 4307 962 4375 παρείκασεν
989 4308 1017 4359 ὁ
1055 4310 1372 4378 ῑερομάρτυς
1411 4305 1559 4373 οὗτος
1602 4313 1724 4374 τοὺς

192 4395 614 4464 ¹καρατι-ηδῶντας
658 4398 735 4456 εἰς
763 4397 886 4457 τούς
915 4396 1146 4461 ἀγῶνας,
1176 4397 1338 4466 ήγουν
1362 4400 1500 4460 τοὺς,
1525 4399 1599 4468 μὴ
1633 4401 1722 4452 εὐ-

188 4484 392 4547 τάκτως
421 4485 552 4537 ἀλλὰ
577 4487 816 4556 θρασέως
835 4489 925 4539 καὶ
947 4488 1355 4557 ἀπερισκέπτως
1370 4489 1722 4552 εἰσωθοῦντας

185 5011 353 5076 ἄλλοις
403 5017 610 5076 πιστοῖς
661 5014 980 5066 ἀνάπτουσιν
1034 5015 1299 5085 ἄνθρακας
1351 5018 1677 5086 ἁμαρτωλῶν
1700 5056 1713 5077 ,

284 5171 311 5202 ι
335 5161 447 5216 Act.
473 5176 583 5224 ιιν,
611 5161 700 5214 οι.
774 5161 802 5201 δ
837 5162 1081 5226 llebr.xt,
1105 5163 1190 5215 32.

1407 5297 1441 5351 V
1453 5296 1634 5352 ARLE
1677 5296 2076 5354 LECTIONES.

249 5436 293 5473 ³³
323 5439 517 5510 ὁμοίως
544 5441 666 5495 add.
744 5442 808 5474 ³¹⁶
836 5439 1132 5505 κατέλεξεν.
1206 5442 1293 5474 ⁸²⁶⁹
1331 5442 1421 5493 καὶ
1451 5443 1548 5494 ὅτι.
1641 5441 1684 5472 ³³
1715 5441 1979 5515 ιπιλείψῃ.

1810 5581 2062 5654 ξμμένειν
2087 5585 2150 5651 τῇ
2187 5583 2384 5654 «tinet,
2421 5584 2620 5639 omissa
2672 5587 3062 5654 prepositione.
3115 5585 3229 5641 Mhi:
3262 5585 3338 5641 δεῖ

250 5571 324 5640 (3)
354 5579 624 5644 Ἐσταυρ.
664 5580 790 5632 Καὶ.
823 5577 896 5631 Id.
945 5581 1111 5633 codex
1163 5577 1324 5640 Nan.,
1372 5581 1701 5650 ἐσταυρώθη,
1810 5581 2062 5650 ἐμμένειν
2087 5585 2150 5651 τῇ
2187 5583 2384 5642 πίστει,
2421 5584 2620 5639 omissa
2672 5601 2778 5654 pra'
2817 5600 2833 5634 ‹

253 5645 408 5715 potu»;
435 5647 548 5715 καῖ.
581 5647 696 5699 Μαι
726 5648 974 5715 πολλάκις
996 5663 1092 5715 pro
1121 5649 1417 5710 πλεονάκις.
1809 5650 1952 5715 ἡμᾶς
1981 5652 2106 5712 sim,
2138 5662 2195 5705 ut
2233 5651 2284 5704 iu
2319 5660 2464 5705 textu
2492 5656 2606 5706 Act.
2640 5670 2745 5715 xiv,
2777 5601 2833 5707 gl

1829 5685 1949 5716 ,μή
1981 5685 2106 5712 suda,
2141 5685 2195 5705 ιιι
2234 5685 2284 5704 ιιι
2321 5685 2464 5705 ιῐ-Αιυ
2492 5685 2606 5706 ιλιι.
2641 5685 2745 5719 λιν,
2782 5685 2861 5707 ιιι

196 5640 408 5716 ὀμοίως
434 5640 696 5716 καε.ἰίοι
726 5648 974 5716 πολλάκις
996 5663 1092 5716 pro
1121 5649 1417 5710 πλεονάκις.

250 5714 323 5775 ιι)
359 5713 690 5768 Διδάσκειι·.
729 5713 805 5768 Id.
841 5713 1010 5776 cod,
1035 5717 1334 5778 φυλάττειν.
1379 5717 1543 5769 Paulo
1588 5716 1702 5778 post
