4012 6460
610 356 714 421 495
1822 372 2096 432 'rnsoo.
2131 373 2160 430 ι

2264 374 2359 432 .SA
2371 367 2524 435 MON
3717 378 3830 442 496

614 502 880 556 calorum,
905 503 1170 551 tormenta
1191 497 1442 552 nimirum
1466 516 1583 569 qua:
1609 516 1636 552 a
1654 504 1894 570 tyrannis
1925 502 2160 556 inferun-

2264 504 2352 566 τάς
2384 506 2445 557 ὲκ
2471 504 2576 558 τῶν
2597 508 2864 575 τυράννων
2899 506 3135 575 δηλονότι
3166 505 3429 566 κολάσεις.
3471 503 3608 554 Ἀλλ’
3643 506 3694 556 εἰ
3724 503 3828 555 καὶ

615 596 720 640 tur.
756 586 856 639 Sed
881 589 1128 656 quamvis
1155 602 1373 643 accuset
1406 606 1498 645 eos
1531 593 1621 659 qui
1659 594 1756 644 hoc
1791 593 1947 644 modo
1978 609 2034 645 se
2067 607 2157 661 ge-

616 684 759 735 runt,
795 676 926 744 ipsis
949 684 1128 731 tamen
1152 693 1181 731 a
1214 679 1460 734 fidelibus
1494 681 2002 734 communicandum
2037 697 2157 734 esse

612 765 870 828 decernit,
904 767 1045 835 quod
1080 769 1133 820 in
1167 769 1383 823 nomine
1414 769 1610 822 Christi
1633 771 1696 822 ad
1723 771 1823 822 hoc
1850 770 2152 838 prodeunt:

612 853 834 907 ﬁdentes
866 855 1109 908 videlicet
1147 855 1384 920 Christo,
1422 866 1513 910 aut
1550 859 1601 910 in
1634 858 1751 924 ejus
1798 857 2015 910 nomine
2054 857 2154 911 sibi

611 951 879 997 certamen
910 946 1263 1014 deposcentes
1297 965 1311 1012 ;
1361 946 1571 1001 etiamsi
1606 946 1741 999 forte
1782 947 1922 998 illius
1955 961 2154 1012 praece-

609 1034 780 1102 ptioni
803 1035 982 1089 minus
1017 1037 1402 1104 obtemperent,
1427 1037 1671 1090 docentis
1691 1044 1866 1103 petere
1898 1051 1963 1088 ne
1985 1043 2156 1086 tente-

606 1137 746 1186 mur,
788 1125 867 1177 vel
898 1126 1057 1176 etiam
1083 1126 1329 1194 ignorent
1355 1126 1638 1178 Dominum
1671 1125 1962 1178 secessisse
1984 1125 2050 1176 ab
2075 1125 2155 1175 in-

605 1215 954 1269 sidiatoribus
978 1217 1111 1280 suis,
1147 1219 1471 1284 solitumque
1523 1217 1812 1284 aliquando
1844 1231 1948 1267 non
1980 1215 2154 1282 palam

604 1304 970 1371 deambulare,
1005 1321 1100 1360 nec
1141 1323 1197 1360 se
1238 1308 1409 1374 ipsum
1434 1306 1737 1374 prodidisse
1776 1315 1830 1358 ut
1863 1313 2154 1372 pateretur,

604 1410 786 1448 verum
815 1397 881 1450 ab
906 1397 1026 1450 aliis
1053 1399 1324 1465 proditum
1353 1415 1366 1461 ;
1403 1398 1828 1465 prmcepisseque
1856 1395 2150 1463 discipulis,

605 1492 662 1537 ut
690 1501 797 1553 quo
831 1493 1071 1554 tempore
1128 1487 1248 1538 illos
1296 1485 1499 1537 inimici
1552 1485 1973 1544 insectarentur,
2009 1483 2156 1550 fuge-

605 1583 721 1626 rent
750 1589 777 1626 e
805 1573 1027 1627 civitate
1063 1574 1113 1624 in
1140 1573 1549 1634 civitatem,nec
1568 1587 1624 1626 se
1653 1573 1798 1639 ipsos
1827 1573 1965 1623 ultro
1987 1578 2156 1622 torto-

2261 594 2495 646 αἰτιᾶται
2517 596 2638 657 τοὺς
2660 595 2828 656 οὕτως
2854 595 3146 656 ποιοῦντας,
3169 597 3436 646 κοινωνεῖν
3463 594 3596 656 τέως
3627 595 3826 654 αὐτοῖς

2259 685 2382 745 τοὺς
2410 687 2627 746 πιστοὺς
2655 685 3005 744 διατάττεται,
3031 687 3110 737 ὅτι
3139 687 3192 736 ὲν
3216 685 3433 752 ὀνόματι
3452 682 3544 734 τοῦ
3576 684 3827 750 Χριστοῦ

2261 774 2616 842 παρέρχονται
2652 777 2728 835 είς
2759 777 2915 828 τοῦτο
2935 813 2947 835 ,
2979 775 3300 843 θαρροῦντες
3329 772 3527 840 δηλαδὴ
3563 772 3644 838 τῷ
3683 773 3832 839 Χριυ

2262 861 2386 930 στῷ,
2420 863 2450 931 ἦ
2482 863 2614 930 ὑπὲρ
2655 861 2745 914 τοῦ
2789 863 3044 930 ὀνόματος
3082 861 3172 912 τοῦ
3223 860 3453 930 Χριστοῦ
3499 859 3830 926 αἱρούμενοι

2257 951 2348 1001 τὸν
2380 951 2593 1015 ἀγῶνα,
2625 954 2670 1001 εί
2699 952 2836 1018 τάχα
2864 951 2955 1002 καὶ
2983 951 3041 1002 οῦ
3067 950 3204 1001 κατά
3236 949 3329 1018 τὴν
3352 950 3562 1000 ἐκείνου
3596 949 3827 1000 ποιοῦσι

2256 1041 2614 1101 διδασκαλίαν,
2662 1041 2996 1100 διδάσκοντος
3043 1041 3208 1091 αἰτεῖν
3251 1041 3322 1108 μὴ
3366 1039 3753 1107 πειρασθῆναι,
3787 1038 3824 1108 ἢ

2259 1129 2347 1178 καὶ
2380 1128 2680 1194 ἀγνοοῦσιν,
2711 1130 2788 1179 ὅτι
2810 1132 2836 1180 ὁ
2857 1128 3053 1196 Κύριος
3086 1129 3351 1196 ὑπεχώρει
3392 1128 3498 1178 ἀπὸ
3546 1128 3658 1177 τῶν
3692 1129 3826 1176 ἐπι-

2257 1218 2610 1270 ϐουλευόντων
2646 1216 2826 1283 αὐτῷ,
2874 1218 2966 1268 καὶ
3010 1217 3153 1268 ἔστιν
3190 1219 3276 1267 ὅτε
3320 1218 3411 1266 καὶ
3446 1217 3504 1266 οὐ
3561 1214 3829 1282 φανερῶς

2257 1309 2590 1378 περιεπάτει,
2634 1309 2725 1357 καὶ
2761 1309 2839 1358 ὅτι
2877 1307 2994 1358 οῦδὲ
3041 1307 3226 1359 ἑαυτὸν
3274 1307 3553 1375 παρέδωκε
3593 1305 3827 1365 παθεῖν,

2256 1399 2386 1450 ἀλλὰ
2418 1396 2679 1466 παρεδόθη
2701 1413 2712 1425 ·
2753 1398 2840 1448 καὶ
2884 1399 2938 1448 ὲν
2971 1397 3046 1465 τῷ
3078 1396 3365 1448 διώκεσθαι
3406 1398 3532 1456 τοῦς
3565 1394 3832 1463 μαθητὰς

2255 1487 2436 1548 αὑτοῦ,
2471 1487 2744 1550 διετάξατο
2794 1486 3009 1552 φεύγειν
3056 1487 3132 1548 εἰς
3183 1485 3332 1536 πόλιν
3361 1489 3422 1537 ὲκ
3463 1486 3697 1546 πόλεως,
3729 1484 3833 1535 καὶ

2259 1579 2331 1648 μὴ
2362 1577 2672 1645 αὐτομολεῖν
2717 1575 2849 1644 πρὸς
2894 1577 3017 1636 τοῦς
3058 1575 3340 1636 κολαστὰς,
3391 1575 3476 1624 ἵνα
3529 1573 3603 1641 μὴ
3653 1573 3832 1624 αἴτιοι

605 1661 753 1713 ribus
796 1660 1090 1720 traderent,
1149 1675 1216 1712 ne
1267 1659 1512 1726 pluribus
1545 1673 1600 1711 se
1629 1657 1865 1710 cazdibus
1895 1655 2156 1708 contami-

2264 1670 2431 1729 αὐτοῖς
2479 1668 2708 1732 γίνοιντο
2762 1665 3015 1715 πλειόνων
3069 1664 3275 1730 φόνων,
3319 1663 3502 1733 ὥσπερ
3559 1661 3830 1730 παραθή-

604 1751 764 1802 r.andi
795 1765 1012 1803 causam
1042 1749 1175 1818 ipsis
1236 1749 1556 1817 prmberent,
1589 1763 1682 1801 eos
1707 1749 1851 1823 velut
1881 1747 2153 1799 irritantes

2264 1775 2433 1826 γοντες
2463 1758 2654 1817 αὐτοὺς
2685 1757 2762 1816 είς
2798 1754 2893 1816 τάς
2941 1752 3078 1805 κατά
3105 1743 3208 1803 τῶν
3251 1751 3486 1802 εὐσεϐῶν
3520 1749 3831 1818 τιμωρίας.

606 1839 669 1890 ad
703 1839 964 1907 supplicia
996 1839 1100 1906 piis
1153 1837 1464 1890 hominibus
1523 1836 1829 1904 irroganda.
1883 1833 2154 1902 Adet-tque

2264 1851 2361 1902 Καὶ
2390 1850 2510 1908 τοὺς
2554 1845 2877 1905 ἀποστόλους
2929 1843 3161 1911 παράγει
3213 1843 3288 1902 εἰς
3344 1839 3648 1906 ὑπόδειγμα
3674 1878 3686 1895 ,
3730 1836 3832 1886 τὸν

605 1931 970 1997 apostolorum
1029 1931 1354 1997 exemplum,
1391 1927 1667 1996 Stephani,
1709 1924 1916 1989 Jacobi,
1965 1939 2028 1977 ac
2059 1940 2152 1976 su—

2264 1941 2554 2005 Στέφανον,
2601 1936 2688 1987 τὸν
2730 1933 3012 1995 Ἰάκωϐον,
3049 1934 3140 1985 καὶ
3182 1934 3305 1991 τοὺς
3355 1927 3832 1998 κορυφαιοτάτους

607 2035 908 2088 preniorum
937 2020 1142 2072 ordinis
1175 2020 1255 2071 sui
1291 2033 1573 2085 procerum
1603 2016 1746 2070 Petri
1776 2023 1829 2068 et
1849 2013 2019 2066 Pauli.

2264 2029 2455 2098 [Ιέτρον
2484 2028 2575 2078 καὶ
2601 2024 2825 2076 Παῦλον.

1215 2106 1438 2160 CANON
1481 2106 1545 2158 Χ.

682 2219 697 2244 ι
744 2196 892 2250 Unde
927 2213 1030 2251 non
1077 2205 1157 2250 est
1215 2211 1460 2264 aequum,
1503 2204 1558 2248 ut
1595 2197 1674 2249 vel
1721 2195 1897 2248 clerici
1929 2194 2017 2261 qui
2055 2207 2152 2245 sua

683 2298 872 2355 sponte
895 2288 1237 2355 aufugerunt,
1274 2286 1407 2354 lapsi
1435 2294 1607 2337 autem
1643 2294 1694 2338 et
1732 2285 1975 2336 relucta‘ti
2006 2292 2150 2345 sunt,

681 2379 910 2446 amplius
934 2378 984 2428 in
1018 2391 1172 2430 sacro
1213 2376 1508 2427 ministerio
1543 2381 1813 2436 maneant,
1853 2380 1900 2424 ut
1931 2374 2020 2438 qui
2051 2371 2154 2423 Do-

685 2469 818 2520 mini
871 2483 1080 2537 gregem
1115 2466 1448 2534 reliquerint,
1475 2473 1525 2516 et
1551 2479 1607 2517 se
1634 2464 1778 2530 ipsos
1820 2463 2154 2528 vituperave-

682 2561 820 2613 rint:
850 2560 990 2627 quod
1019 2559 1200 2610 nullus
1229 2557 1351 2609 fecit
1383 2571 1446 2608 ex
1479 2555 1758 2623 apostolis.
1801 2553 2008 2604 Etenim
2031 2564 2150 2603 cum

683 2653 876 2703 inuitas
928 2649 1327 2716 persecutiones
1383 2647 1625 2706 obiisset,
1661 2654 1711 2698 et
1755 2645 1925 2696 multa
1981 2649 2154 2694 certa-

682 2739 883 2793 minum
911 2737 1125 2805 praemia
1147 2737 1475 2790 ostendisset
1505 2736 1692 2788 beatus
1721 2734 1994 2801 apostolus
2014 2731 2154 2785 Pau-

686 2829 786 2887 lus,
821 2828 996 2880 sciens
1031 2841 1149 2879 esse
1173 2827 1325 2894 longe
1347 2826 1536 2878 melius
1590 2824 1800 2876 dissolvi
1830 2833 1877 2875 et
1902 2839 2011 2875 esse
2039 2838 2152 2873 cum

2864 2113 3098 2164 ΚΛΝΩΝ
3138 2115 3168 2164 I'
3179 2150 3193 2162 .

2327 2227 2344 2259 ι
2383 2207 2537 2260 ’Ὀθεν
2563 2207 2635 2274 (5)
2664 2207 2760 2258 οὐκ
2784 2205 2924 2255 ἔστιν
2955 2202 3166 2267 εῦλογον
3197 2202 3314 2252 οὐδὲ
3337 2202 3460 2260 τοὺς
3481 2197 3588 2250 ἀπὸ
3612 2198 3716 2263 κλὴ
3728 2213 3830 2265 pou

614 2309 630 2338 ι
683 2298 872 2355 sponte
895 2288 1237 2355 aufugerunt,
1274 2286 1407 2354 lapsi
1435 2294 1607 2337 autem
1643 2294 1694 2338 et
1732 2286 1975 2336 relucta‘ti
2006 2292 2150 2345 sunt,
2259 2315 2275 2346 ι
2314 2296 2797 2365 αὐτομολήσαντας,
2845 2292 3260 2358 ἐκπεπτωκςπας
3292 2306 3347 2339 τε
3389 2290 3480 2339 καὶ
3515 2286 3833 2338 ἀναπαλαε-

615 2398 633 2427 ι
681 2379 910 2446 amplius
934 2378 984 2428 in
1018 2391 1172 2430 sacro
1213 2376 1508 2427 ministerio
1543 2381 1813 2436 maneant,
1853 2380 1900 2424 ut
1931 2375 2020 2438 qui
2051 2375 2154 2423 Do-
2257 2405 2275 2437 ε
2319 2403 2533 2447 σαντας,
2563 2386 2640 2436 ἔτι
2678 2387 2733 2435 έν
2767 2385 2829 2451 τῇ
2876 2381 3180 2450 λειτουργίᾳ
3217 2375 3382 2439 εἶναι,
3421 2380 3512 2429 ἅτε
3548 2376 3612 2443 δὴ
3649 2392 3832 2426 κατα-

617 2487 636 2517 ι
685 2469 818 2520 mini
871 2483 1080 2537 gregem
1115 2466 1448 2534 reliquerint,
1475 2473 1525 2516 et
1551 2479 1607 2517 se
1634 2466 1778 2530 ipsos
1820 2466 2154 2528 vituperave-
2259 2494 2276 2525 ε
2315 2475 2602 2542 λείψαντας
2634 2474 2692 2524 τδ
2721 2471 2966 2540 ποίμνιον
3001 2469 3203 2538 κυρίου
3240 2469 3331 2518 καὶ
3379 2466 3833 2535 μωμησαμένους

617 2579 635 2611 ι
682 2561 820 2613 rint:
850 2560 990 2627 quod
1019 2559 1200 2610 nullus
1229 2557 1351 2609 fecit
1383 2571 1446 2608 ex
1479 2555 1758 2623 apostolis.
1801 2554 2008 2604 Etenim
2031 2564 2150 2603 cum
2261 2583 2276 2615 ε
2316 2566 2531 2624 ἑαυτούς
2552 2580 2564 2592 .
2591 2566 2722 2632 ὅπερ
2742 2562 2910 2623 οὐδεὶς
2933 2560 3037 2610 τῶν
3061 2557 3365 2610 ἀποστόλων
3396 2555 3685 2623 πεποίηκε,
3714 2554 3834 2604 Καὶ

616 2667 637 2702 ε
683 2653 876 2703 inuitas
928 2649 1327 2716 persecutiones
1383 2647 1625 2706 obiisset,
1661 2654 1711 2698 et
1755 2645 1925 2696 multa
1981 2649 2154 2694 ccrta-
2262 2671 2279 2702 ι
2320 2652 2426 2720 γὰρ
2457 2654 2482 2702 ο
2514 2650 2734 2710 mmo-3;
2775 2647 3043 2716 διωγμοὺς
3082 2646 3341 2710 ἐξανύσας
3385 2644 3480 2711 (6),
3536 2641 3709 2693 tam
3769 2657 3830 2690 τε

617 2757 637 2790 ι
682 2739 883 2793 minum
911 2737 1125 2805 praemia
1147 2737 1475 2790 ostendisset
1505 2736 1692 2788 beatus
1721 2734 1994 2801 apostolus
2014 2732 2154 2785 Pau-
2261 2759 2279 2791 ς
2320 2737 2453 2792 ἆθλα
2479 2740 2865 2808 ἀγωνισμάτων
2897 2736 3281 2805 ἐνδειξάμενος,
3320 2738 3346 2786 ὁ
3379 2734 3648 2802 μακάριος
3684 2732 3835 2782 ἁπό-

617 2846 636 2879 σ
686 2829 786 2887 Ιιιε.
821 2828 996 2880 sciens
1031 2841 1149 2879 esse
1173 2827 1325 2894 longe
1347 2826 1536 2878 melius
1590 2824 1800 2876 dissolvi
1830 2833 1877 2875 et
1902 2839 2011 2875 esse
2039 2838 2152 2873 cum
2260 2853 2278 2885 ε
2317 2831 2562 2894 στολοςιι
2602 2831 2840 2894 Παῦλος,
2887 2827 3136 2897 ἐγνωκώς
3169 2845 3224 2878 τε
3272 2827 3350 2876 δτι
3401 2823 3615 2874 κάλλιόν
3673 2823 3836 2870 ἐστιν

615 2937 636 2970 ι
685 2918 893 2974 Christo
944 2931 992 2980 ι,
1025 2918 1185 2971 infert
1221 2925 1271 2970 et
1314 2917 1483 2968 dicit:
1526 2915 1588 2968 In
1616 2932 1770 2968 carne
1823 2924 1995 2966 autem
2041 2930 2154 2966 ma-

2264 2941 2280 2974 ι
2317 2921 2610 2975 ἀναλῦσαι
2656 2920 2748 2970 καὶ
2787 2918 2906 2970 σὺν
2950 2916 3175 2984 Χριστῷ
3209 2911 3381 2974 εἶναι,
3426 2910 3677 2976 ἐπιφέρει
3729 2907 3835 2958 καὶ

615 3027 636 3060 ι
683 3026 818 3072 nere,
855 3010 1018 3077 magis
1049 3009 1391 3061 necessarium
1413 3018 1621 3074 propter
1643 3023 1749 3060 vos.
1789 3006 2154 3062 Considerans

2264 3033 2279 3065 ι
2316 3014 2485 3080 λέγει·
2521 3011 2587 3064 Τὸ
2616 3011 2679 3061 δὲ
2708 3005 2994 3078 ἐπιμεῖναι
3035 3007 3104 3074 τῇ
3129 3005 3325 3072 σαρκὶ,
3355 2998 3837 3068 ἁναγκαιότὲρον

619 3113 636 3146 ι
679 3101 818 3151 enim
849 3113 952 3150 non
983 3113 1155 3159 suam,
1194 3097 1283 3150 sed
1311 3097 1597 3149 multorum
1630 3098 1936 3159 utilitatem,
1965 3105 2021 3150 ut
2043 3114 2155 3151 ser-

2264 3124 2279 3154 ι
2319 3105 2389 3155 δι’
2424 3103 2591 3171 ὑμᾶς.
2645 3100 2864 3151 Σκοπῶν
2896 3099 3002 3170 γὰρ
3053 3099 3110 3150 οῦ
3164 3096 3223 3147 τὺ
3269 3092 3458 3147 ἑαυτοῦ
3501 3089 3835 3157 συμφέρον,

616 3202 636 3235 ο
679 3193 891 3247 ventur,
926 3187 1095 3254 magis
1125 3201 1284 3254 quam
1311 3200 1462 3238 suam
1495 3187 1749 3253 quietem,
1782 3193 2152 3239 necessarium

2264 3211 2280 3243 ι
2321 3191 2452 3243 ἀλλά
2487 3191 2546 3242 τὸ
2576 3190 2679 3240 τῶν
2720 3188 2926 3238 πολλῶν
2973 3188 3058 3254 ἱίνα
3091 3184 3329 3236 σωθῶσιν
3351 3222 3363 3243 ,
3396 3178 3836 3244 ἀναγκαιότερον

618 3293 637 3325 ι
684 3276 1029 3337 existimavit,
1063 3276 1199 3342 apud
1230 3274 1424 3329 fratres
1483 3291 1716 3333 manere,
1760 3285 1810 3327 et
1846 3290 2030 3328 eorum
2061 3293 2156 3329 cu-

2264 3298 2280 3330 i
2319 3281 2413 3347 τῆς
2463 3277 2649 3330 ἑαυτοῦ
2702 3252 3055 3334 ἀναπαύσεως
3102 3274 3341 3341 ἡγήσατο
3379 3270 3438 3320 τὸ
3486 3265 3838 3336 παραμένειν

618 3383 636 3415 ι
683 3381 793 3419 rain
825 3381 1027 3435 gerere.
1056 3365 1154 3430 Qui
1195 3367 1352 3418 etiam
1383 3367 1494 3418 vult
1544 3356 1663 3418 e'um
1695 3368 1786 3433 qui
1809 3365 1984 3429 docet,
2037 3380 2158 3420 esse

2264 3388 2280 3418 ι
2321 3371 2432 3429 τοῖς
2459 3367 2700 3434 ἀδελφοῖς
2728 3366 2819 3417 καὶ
2853 3362 3220 3433 ἐπιμελεῖσθαι
3247 3358 3442 3411 αὐτῶν.
3487 3359 3581 3417 Ὃς
3615 3356 3710 3406 καὶ
3736 3354 3836 3405 τὸν

622 3473 637 3506 ι
687 3458 740 3507 in
773 3457 1011 3509 doctrina
1058 3456 1344 3522 exemplum
1380 3456 1406 3493 δ
1442 3456 1704 3508 fidelibus.
1756 3453 1906 3507 Unde
1959 3460 2050 3522 qui
2103 3455 2156 3507 in

2264 3478 2280 3509 ι
2317 3459 2626 3510 διδάσκοντα
2673 3456 2810 3508 θέλει
2845 3452 2978 3508 εἶναι
3026 3456 3092 3506 ἐν
3132 3453 3203 3519 τῇ
3237 3451 3596 3513 διδασκαλίᾳ
3633 3450 3838 3499 τύπον

623 3564 638 3596 ι
687 3561 903 3599 carcere
929 3545 1333 3607 contendentes,
1360 3561 1388 3596 a
1417 3546 1717 3598 ministerio
1741 3545 2075 3604 exciderunt,
2106 3552 2158 3597 et

2264 3569 2280 3598 ι
2318 3550 2594 3617 γινόμενον
2622 3548 2726 3599 τῶν
2758 3547 2976 3598 πιστῶν.
3007 3545 3166 3597 Ὅθεν
3204 3545 3250 3594 oi
3287 3543 3344 3593 ὲν
3375 3545 3440 3609 τῇ
3483 3543 3674 3608 εἱρκτῇ
3708 3541 3839 3588 ὲπι-

621 3657 636 3689 ι
681 3641 918 3692 reluctati
953 3649 1095 3704 sunt,
1128 3654 1319 3692 sensus
1352 3638 1506 3705 plane
1542 3645 1664 3689 sunt
1715 3645 1982 3705 expertes.
2015 3635 2158 3700 Quo-

2264 3659 2279 3690 ι
2321 3638 2654 3706 δικαζόμενοι
2703 3637 2801 3704 τῆς
2849 3635 3184 3704 λειτουργίας
3235 3631 3681 3690 ἐκπεπτωκότες,
3738 3629 3840 3678 καὶ

619 3744 638 3777 ι
686 3727 841 3779 modo
865 3726 1006 3778 enim
1043 3733 1226 3792 petunt
1280 3724 1420 3792 quod
1468 3725 1817 3792 reliquerunt,
1859 3739 1978 3776 cum
2015 3727 2066 3776 in
2097 3739 2156 3776 ea

2265 3750 2282 3780 ι
2325 3729 2822 3789 ἀναπαλαίσαντες,
2881 3726 3018 3777 πάνυ
3079 3721 3477 3792 ἀναισθητοῦσι.
3543 3719 3669 3779 Πῶς
3720 3720 3838 3784 γὰρ

620 3835 637 3867 ι
688 3822 1000 3884 tempestate
1048 3829 1166 3867 esse
1218 3821 1435 3880 possent
1484 3812 1740 3865 fratribus
1796 3812 1906 3866 suis
1951 3813 2160 3866 utiles?

2265 3841 2282 3872 ι
2320 3821 2552 3874 αἰτοῦσιν
2597 3819 2625 3871 ὃ
2677 3817 3031 3883 κατέλειψαν,
3080 3816 3361 3882 δυνάμενοι
3405 3814 3516 3872 τοῖς
3577 3809 3836 3877 ἀδελφοῖς

620 3920 638 3951 ι
685 3900 931 3968 Quandiu
961 3901 1141 3967 itaque
1166 3900 1301 3951 firmi
1338 3900 1665 3966 stabilesque
1694 3898 2160 3962 manserunt,ejus

2265 3929 2282 3961 ι
2322 3911 2601 3979 εῦχρηστοι
2637 3905 2770 3960 εἶναι
2823 3910 2878 3958 ὲν
2923 3906 3097 3974 καιρῷ
3135 3905 3385 3971 τοιούτῳ;
3425 3903 3564 3960 Ἕως
3602 3899 3702 3965 μὲν
3737 3894 3837 3950 οὖν

622 4013 639 4042 ι
689 3993 830 4060 quod
857 4002 1048 4060 praeter
1073 3991 1335 4041 rationem
1369 3990 1627 4046 fecerant.
1649 3991 1725 4042 eis
1740 3991 1891 4041 venia
1914 3990 2159 4041 dabatur.

2267 4016 2284 4047 ι
2324 3997 2605 4048 άπταιστοι
2631 3991 2796 4062 ἦσαν,
2846 3992 3168 4058 συγγνώμην
3211 3986 3350 4057 εἷχον
3397 3988 3488 4037 ἐπὶ
3537 3989 3602 4054 τῇ
3649 4002 3838 4054 παρα.-

623 4103 638 4128 ς
689 4081 914 4147 Quando
961 4089 1140 4133 autem
1192 4080 1324 4146 lapsi
1366 4090 1510 4138 sunt.
1551 4089 1605 4130 ut
1635 4081 1724 4146 qui
1779 4095 2056 4147 perperam
2107 4095 2160 4131 se

2268 4107 2283 4135 ι
2323 4087 2462 4154 λόγῳ
2498 4085 2539 4115 ³⁵
2574 4083 2750 4137 αὐτῶν
2801 4083 3026 4152 πράξει·
3086 4082 3172 4131 ὅτε
3213 4079 3266 4129 δὲ
3311 4079 3571 4128 ἔπταισαν
3596 4113 3610 4136 ,
3641 4077 3718 4136 ὼς
3770 4075 3839 4126 ἂν

623 4195 639 4220 ι
694 4177 974 4239 gesserunt
998 4176 1050 4221 et
1074 4184 1130 4221 se
1154 4169 1298 4236 ipsos
1321 4169 1780 4236 vituperaverunt,
1812 4185 1915 4221 non
1937 4179 2160 4237 possunt

2269 4195 2284 4224 ι
2325 4173 2818 4243 περπερευσάμενοι
2842 4173 2932 4222 καὶ
2957 4171 3176 4229 ἑαυτοὺς
3201 4167 3613 4237 μωμησάμενοι,
3647 4165 3840 4214 οὐκέτι

626 4282 647 4315 ο
681 4264 911 4331 amplius
940 4276 1092 4315 sacra
1117 4261 1219 4329 16
1249 4260 1542 4312 ministeria
1577 4259 1830 4312 obire.Et
1864 4258 1984 4310 ideo
2009 4260 2176 4324 magis

629 4372 648 4404 ι
679 4369 859 4408 curam
893 4351 1390 4421 gerant,quomodo
1423 4350 1472 4403 in
1507 4349 1811 4402 humilitate
1835 4348 1996 4400 vitam
2019 4362 2171 4413 peru-

628 4462 647 4494 ι
688 4453 812 4512 gant
853 4459 880 4496 a
911 4458 1044 4494 vana
1071 4441 1235 4511 gloria
1296 4451 1588 4495 cessantes.
1632 4439 1719 4491 Eis
1768 4438 1911 4491 enim
1971 4435 2170 4489 suflicit

628 4551 646 4580 ι
679 4531 1010 4594 cominunio,
1039 4546 1159 4597 quae
1189 4530 1470 4595 diligenter
1492 4539 1545 4580 et
1577 4535 1830 4582 accurate
1865 4527 1922 4578 fit
1956 4525 2171 4578 duabus

2269 4283 2284 4312 ι
2325 4265 2572 4314 δύνανται
2617 4261 2962 4330 λειτουργεῖν.
3018 4259 3106 4310 Διὸ
3146 4255 3573 4325 φροντιζέτωσαν
3628 4252 3841 4320 μᾶλλον

2269 4371 2285 4401 ‹
2329 4355 2384 4403 ὲν
2425 4349 2903 4419 ταπεινοφροσύνῃ,
2939 4347 3052 4408 πῶς
3093 4344 3429 4398 ἐκτελὲσουσι
3489 4342 3841 4408 παυσάμενοι

2272 4460 2288 4489 ι
2329 4442 2424 4508 τῆς
2485 4439 2800 4502 κενοδοξίας.
2858 4440 3038 4506 Ἀρκεῖ
3099 4435 3203 4504 γὰρ
3252 4435 3431 4492 αὐτοῖς
3494 4434 3526 4499 ἡ
3575 4430 3842 4482 κοινωνία

2274 4550 2289 4580 ι
2335 4532 2448 4600 μετ’
2472 4529 2802 4589 ἐπιστάσεως
2827 4528 2868 4557 ³⁸
2889 4528 2976 4578 καὶ
2997 4525 3272 4593 ἀκριϐείας
3294 4524 3426 4592 πρὸς
3453 4521 3744 4589 ἀμφότερα
3772 4521 3841 4550 ³⁸·

626 4637 646 4670 ι
694 4619 758 4672 de
782 4619 963 4671 causis
983 4657 997 4680 ,
1045 4625 1158 4669 tum
1182 4631 1248 4670 ne
1278 4616 1562 4669 videa‘ntur
1585 4616 1826 4668 molestia
1852 4615 2007 4677 afliei,
2041 4617 2167 4669 hinc

629 4731 646 4760 ι
695 4710 1104 4763 dissolutionem
1128 4708 1177 4760 vi
1212 4705 1531 4772 arripientes
1558 4723 1568 4757 :
1606 4712 1718 4757 tum
1748 4720 1814 4758 ne
1838 4706 1973 4774 lapsi
2003 4708 2165 4774 aliqui

629 4818 650 4849 ι
693 4807 982 4852 causentur
999 4813 1055 4851 se
1083 4805 1298 4864 propter
1327 4810 1496 4862 pronae
1527 4797 1867 4847 occasionem
1899 4796 2064 4849 fuisse
2092 4812 2169 4849 re-

627 4909 652 4943 ιι
693 4892 921 4943 missos:
958 4887 1058 4953 Qui
1105 4888 1316 4955 quidem
1354 4887 1635 4953 plusquam
1668 4901 1854 4938 omnes
1909 4887 2166 4953 probrum

2273 4637 2290 4670 ι
2331 4620 2604 4687 γινομένη,
2639 4619 2731 4668 καὶ
2779 4618 2862 4668 ἵνα
2897 4616 2968 4685 μὴ
3009 4615 3197 4677 δόξωσι
3227 4609 3508 4663 λυπεῖσθαι
3541 4610 3680 4678 μετὰ
3717 4607 3843 4676 βίας

2275 4729 2292 4760 ι
2331 4709 2806 4780 περιδρασσόμενοι
2840 4707 2938 4774 τῆς
2986 4704 3230 4758 ἐντεῦθεν
3265 4701 3575 4760 ἀναλύσεως
3607 4699 3706 4766 ('7),
3747 4701 3845 4750 καὶ

2276 4818 2292 4848 ι
2336 4800 2419 4851 ἵνα
2449 4800 2518 4868 μή
2545 4815 2686 4859 τινες
2723 4796 3059 4857 ἐκπεσόντες,
3092 4793 3528 4863 προφασίζωνται
3551 4791 3590 4820 ³⁷
3616 4789 3775 4840 ιῖισάν
3802 4791 3846 4821 ³³

2274 4909 2292 4938 ‹
2331 4889 2417 4941 διὰ
2467 4890 2562 4958 τὴν
2609 4888 2857 4958 ἀφορμὴν
2902 4889 2998 4957 τῆς
3047 4885 3321 4952 ἐπιτιμίας
3368 4880 3845 4950 ὺπεκλελυμένοιο

695 5054 720 5084 ο
753 5041 981 5108 Philipp.
1025 5058 1062 5101 ι,
1097 5041 1184 5100 25,
1219 5039 1303 5090 ει.
1385 5039 1409 5075 b
1442 5037 1546 5088 Tit.
1575 5051 1632 5097 ιι,
1672 5035 1718 5085 7.

1904 5165 2130 5218 VARIE
2166 5163 2450 5221 LECTION
2460 5164 2558 5219 ES.

698 5307 741 5337 ³⁸
764 5304 907 5358 deest
935 5303 1238 5364 ἀπόστολος.
1275 5304 1315 5333 ³⁸
1347 5303 1494 5368 παρά
1515 5300 1689 5366 λόγον.
1765 5300 1808 5330 ³⁸
1843 5301 2161 5362 ὲπιτάσεως.
2237 5301 2301 5330 ³⁸·
2332 5301 2654 5371 ἀμφότερον.
2735 5301 2776 5330 ³⁷
2806 5303 3263 5370 προφασίσωνται.
3337 5302 3380 5331 ³⁸
3406 5301 3499 5363 ὡς.

2352 5483 2425 5548 (7)
2487 5483 2597 5548 Τῆς
2623 5482 2899 5534 ἐντεῦθεν
2932 5483 3104 5534 dra}.
3160 5478 3398 5548 Zonaras
3449 5485 3500 5526 ct
3553 5472 3854 5548 Balsalnert

2281 5543 2696 5604 videnturhune
2725 5553 2897 5602 locum
2927 5563 3202 5616 perperam
3238 5545 3610 5616 interpretari,
3664 5549 3720 5595 et
3749 5543 3854 5614 τὴν

2282 5621 2524 5672 ἐντεῦθεν
2552 5621 2803 5672 ἀνάλυσιν
2831 5621 2894 5672 de
2926 5611 3094 5672 inerte
3121 5616 3382 5683 accipere.
3407 5611 3680 5665 "Annum.

701 5493 774 5554 iii
808 5492 992 5542 Ὅθεν.
1022 5503 1075 5536 κ.
1105 5501 1152 5536 τ.
1188 5485 1234 5536 λ.
1287 5485 1480 5539 Confer
1513 5500 1633 5538 cum
1679 5485 1764 5535 his
1808 5490 2172 5554 narrationem

632 5551 907 5642 Epiphanii
939 5561 1006 5610 de
1051 5557 1359 5616 )letetianis,
1422 5556 1547 5607 haer.
1605 5569 1790 5612 vain,
1841 5567 1893 5601 ιι.
1961 5550 1994 5600 Ξ
2040 5549 2172 5603 ct3.

657 5643 745 5681 1.".
806 5645 890 5679 ιι..

633 5629 650 5685 ι
688 5644 1165 5756 ὸιΰθῗιὲεανύσατ.
1201 5692 1278 5744 lis
1329 5693 1446 5746 cod.
1479 5691 1594 5743 Nan
1646 5689 1988 5752 ὲξαντλήσας.
