4012 6440
186 336 288 397 49³1

1297 338 1378 400 IN
1414 342 1649 403 EPIST.
1681 342 1743 404 S.
1781 341 2011 404 PETRI
2047 342 2270 403 ALEX.

3294 337 3396 400 498

190 480 212 513 σ
248 464 442 526 οῖτινες
465 463 623 518 πλέον
650 464 903 519 ἁπάντων
921 460 1182 532 αἰσχύνην
1204 462 1297 514 καὶ
1325 462 1519 525 ὄνειδος
1539 462 1737 528 ἕξουσι,

1846 477 1865 511 ι
1908 467 1961 515 et
1986 456 2914 529 ignominianﬂtabebuut:sicutille
2945 459 3039 526 qui
3067 456 3383 511 fundamen-

191 570 211 602 ι
248 553 369 604 κατ’
402 553 606 607 ἐκεῖνον
636 552 727 605 τὸν
757 552 1037 606 τεθεικότα
1061 550 1325 621 θεμέλιον,
1352 552 1444 606 καλ⁵
1487 551 1561 622 μὴ
1591 550 1740 621 ἰσχύ-

192 660 211 693 ι
249 660 419 699 σαντα
462 644 759 698 ἐκτελέσαιο
790 642 1102 712 ’Ἆρεονται
1128 642 1256 714 γάρ,
1297 644 1489 715 φησὶν,
1522 643 1742 709 πάντες

191 752 211 785 ι
246 738 302 788 οι
331 736 874 803 παραπορευόμενοι
902 734 1199 804 ἐμπαίζειν
1215 738 1417 803 αὐτόν,
1441 736 1735 806 λέγοντες·

190 840 211 875 ι
250 820 440 889 υῦτος
460 827 494 876 δ
516 824 821 891 ἄνθρωπος
868 824 1143 894 θεμέλιον
1182 826 1360 895 ἔθηκε
1398 827 1464 893 ³⁸,
1504 826 1600 880 καί
1630 827 1741 880 οὐκ

192 930 213 964 ι
252 914 512 982 ισχυσεν
537 913 865 967 ἐκτελέσαι.
900 932 920 966 ι

257 1001 451 1054 ΒΔΔΣ.
492 1002 627 1072 Περὶ
673 1004 1151 1075 αὐτομολησάντων
1183 1009 1261 1072 είς
1296 1008 1386 1062 τὸν
1418 1006 1509 1061 τοῦ
1542 1021 1744 1076 μαρτυ-

187 1091 304 1162 ρίου
333 1091 519 1159 άγῶνα
543 1091 842 1164 διαλεχθεὶς
871 1097 899 1147 ό
926 1096 1136 1168 Πατὴρ,
1172 1098 1266 1154 νῦν
1304 1100 1397 1152 καὶ
1438 1099 1563 1167 περὶ
1610 1096 1743 1167 κλη-

189 1180 356 1250 ρικῶν
382 1180 634 1235 τοιούτων
660 1183 751 1235 τὸν
776 1182 931 1251 λόγον
957 1190 1213 1240 ποιεῖται·
1245 1189 1338 1242 καί
1368 1205 1546 1259 φησιν,
1571 1188 1665 1251 ὼς,
1695 1189 1743 1241 εί

185 1268 445 1338 κληρικὸς
462 1270 854 1343 ηὐτομόλησεν,
884 1270 999 1329 εἷτα
1024 1277 1097 1349 μὴ
1125 1278 1328 1345 στέγων
1354 1278 1450 1340 τὰς
1478 1277 1744 1348 τιμωρίας

184 1356 529 1420 ὲκπέπτωκε,
559 1359 654 1412 καὶ
683 1357 840 1423 αὖθις
878 1364 955 1426 είς
991 1364 1180 1418 ἑαυτὸν
1204 1366 1507 1434 γενόμενος,
1540 1365 1744 1418 ἀνεπά-

183 1444 338 1497 λαισε
386 1446 484 1516 τὴν
528 1448 733 1501 οἰκείαν
766 1449 1004 1517 πτῶσιν,
1051 1453 1146 1506 καὶ
1187 1452 1508 1521 Χριστιανὸν
1556 1452 1743 1506 ἑαυτὸν

184 1533 529 1604 ὡμολόγησεν
554 1536 783 1591 ἐνώπιον
807 1538 913 1592 τῶν
942 1540 1233 1610 τυράννων,
1257 1542 1287 1599 ό
1307 1541 1543 1603 τοιοῦτος
1563 1541 1744 1594 οὐκέτι

186 1625 243 1677 ἰν
266 1626 331 1692 τῇ
366 1622 673 1695 λειτουργίᾳ
696 1626 867 1689 ἔσται,
890 1627 1024 1680 διότι
1045 1627 1394 1681 καταλέλοιπε
1416 1630 1475 1682 τὸ
1499 1632 1744 1701 ποίμνιον

186 1713 277 1765 τοῦ
307 1713 546 1783 Κυρίου·
583 1717 677 1769 καὶ
700 1716 789 1769 διὰ
816 1717 876 1769 τὸ
902 1718 1268 1787 αὐτομολῆσαι
1313 1720 1404 1772 καὶ
1444 1720 1516 1790 μὴ
1547 1739 1737 1791 καρτε-

1848 568 1866 601 ι
1912 560 2012 603 ιιιιῐ
2055 547 2269 619 posuit,
2317 555 2370 600 et
2402 562 2507 601 non
2550 549 2721 617 potuit
2767 547 3065 618 perﬁcere:
3126 545 3383 611 Inripient

1846 658 1865 690 ι
1903 638 2281 706 enim,inquit,
2314 653 2487 690 omnes
2519 640 2607 708 qui
2623 639 3124 707 pnctergredicntur,
3151 653 3265 689 cum
3315 639 3379 689 il-

1845 745 1864 779 ι
1912 726 2105 792 ludere,
2134 727 2392 779 dicentes:
2422 726 2523 779 Hic
2539 727 2687 779 homo
2709 728 2879 794 posuit
2902 727 3314 793 [ιιηάαηιειιιιιιη.
3334 735 3382 779 et

1846 834 1865 867 ι
1908 832 2013 871 non
2033 816 2200 886 potuit
2225 817 2469 883 perﬁcere
2504 826 2550 868 ι.
2595 834 2611 865 ι

1908 987 2071 1043 ΒΔιε.
2114 986 2188 1042 De
2218 987 2286 1042 iis
2315 986 2407 1055 qui
2444 1001 2535 1042 sua
2583 995 2771 1053 sponte
2810 982 2876 1035 ad
2926 981 3168 1050 martyrii
3209 988 3386 1033 certa~

1841 1095 1963 1134 men
1990 1078 2327 1149 confugiunt,
2353 1078 2566 1134 locutus
2584 1076 2760 1138 Pater,
2779 1087 2924 1127 nunc
2938 1072 3003 1127 de
3020 1069 3232 1125 clericis
3250 1084 3385 1138 quo-

1842 1186 1947 1240 que
1974 1170 2065 1238 qui
2102 1176 2230 1224 sunt
2261 1167 2526 1235 ejusmodi
2576 1166 2864 1234 loquitur.:
2919 1172 2973 1217 et
3001 1162 3132 1216 dicit
3163 1160 3305 1229 quod
3340 1160 3385 1209 si

1843 1259 2073 1313 clericus
2115 1257 2180 1311 ad
2212 1265 2481 1311 certamen
2530 1269 2627 1309 sua
2663 1261 2857 1322 sponte
2903 1251 3164 1321 profugit,
3196 1249 3390 1304 deinde

1842 1363 1965 1402 cum
1997 1361 2105 1402 non
2127 1355 2305 1416 posset
2336 1344 2477 1398 ferre
2490 1351 2778 1405 tormenta,
2801 1342 3023 1407 excidit,
3044 1348 3097 1395 et
3123 1354 3244 1393 cum
3269 1354 3391 1391 rur-

1844 1453 1938 1494 sus
1968 1437 2031 1490 ad
2064 1452 2122 1492 se
2149 1435 2423 1495 rediisset,
2471 1434 2677 1501 lapsum
2712 1447 2871 1487 suum
2921 1432 3214 1494 revocavit,
3247 1436 3301 1483 et
3330 1444 3390 1482 se

1842 1542 2026 1583 coram
2063 1526 2308 1596 tyrannis
2339 1522 2712 1577 Christianum
2744 1522 3030 1577 confessus
3063 1530 3174 1588 est;
3204 1522 3252 1574 is
3282 1535 3390 1574 non

1842 1615 2072 1683 amplius
2100 1628 2255 1666 saera
2272 1614 2567 1666 ministeria
2590 1611 2779 1673 obibit,
2805 1625 2871 1663 eo
2884 1609 3026 1678 quod
3058 1623 3269 1677 gregem
3288 1606 3393 1659 Do-

1844 1706 1973 1757 mini
2005 1704 2281 1770 reliquerit
2305 1720 2320 1768 ;
2356 1710 2407 1756 et
2434 1716 2498 1755 eo
2526 1700 2669 1769 quod
2695 1714 2818 1752 cum
2850 1712 2947 1754 sua
2968 1699 3186 1766 quidem
3200 1705 3394 1765 spOute

193 1803 351 1872 ρῆσαι
379 1802 479 1865 τὰς
506 1803 789 1871 βασάνους,
825 1805 1011 1875 μῶμον
1041 1784 1413 1878 *προσήνεγκεν
1445 1784 1646 1880 ἐάυτῷ.
1675 1813 1745 1864 Τὸ

1846 1788 2164 1863 confugerit,
2194 1797 2246 1841 et
2270 1794 2535 1840 tormenta
2568 1784 2794 1839 sufferre
2838 1799 2942 1837 non
2980 1785 3236 1852 potuerit,
3287 1784 3392 1837 sibi

178 1893 243 1951 iis
270 1892 683 1969 καταφρονῆσαι
714 1895 813 1963 τῆς
842 1894 1184 1961 διδασκαλίας
1217 1900 1308 1951 τοῦ
1339 1899 1465 1952 λαοῦ
1496 1904 1587 1953 καὶ
1615 1918 1747 1970 προσ

186 1983 523 2052 τιμήσασθαι
569 1984 631 2036 τὸ
668 1984 845 2054 ἑαυτῷ
871 1986 1177 2057 συμφέρον,
1228 1989 1346 2041 οὐδὲ
1379 1993 1423 2043 ol
1464 1991 1745 2044 ἀπόστολοι

188 2073 568 2141 πεποιήκασιν.
603 2073 662 2127 '0
694 2073 802 2144 γάρ
829 2075 1000 2143 μέγας
1033 2077 1258 2141 Παῦλος,
1288 2080 1423 2148 μετὰ
1463 2080 1522 2131 τὸ
1551 2080 1747 2143 πολλὰς

192 2159 458 2227 βασάνους
498 2162 806 2233 ὑπομεῖναι,
832 2167 1172 2236 κατανοήσας
1201 2171 1444 2239 κρεῖττον
1478 2165 1611 2223 εἶναι
1660 2172 1745 2223 τὸν

193 2246 302 2316 βίον
334 2248 621 2303 ἀπολιπεῖν
642 2289 658 2313 ,
692 2255 1091 2325 προετιμήσατο
1122 2252 1219 2325 ζῇν
1250 2257 1341 2309 καὶ
1373 2256 1746 2326 βασανίζεσθαι

189 2335 276 2389 διὰ
304 2337 708 2419 τηνῡσωτηρίαν
739 2342 830 2394 καὶ
865 2342 1206 2397 διδασκαλίαν
1235 2345 1323 2398 τοῦ
1372 2346 1519 2399 λαοῦ.
1576 2348 1748 2400 Ἀναί-

194 2424 377 2494 σθητοι
413 2426 545 2493 γοῦν
579 2430 715 2481 είσιν
747 2430 794 2481 οἱ
831 2430 1104 2495 αἰτοῦντες
1149 2432 1244 2503 τὴν
1286 2433 1639 2504 λειτουργίαν,
1680 2431 1746 2505 ἧς

193 2512 466 2568 ἔθελον-ταὶ
510 2516 913 2571 ὲκπεπτώκασι.
949 2520 1073 2582 Πῶς
1114 2521 1222 2592 γάρ
1260 2523 1496 2574 αἰτοῦσιν
1551 2523 1577 2574 ὃ
1615 2540 1746 2576 κατ-

191 2602 407 2665 έλιπον,
440 2603 725 2675 δυνάμενοι
769 2608 879 2670 τοῖς
919 2606 1159 2675 ἀδελφοῖς
1194 2608 1475 2678 εῦχρηστοι
1505 2607 1640 2663 εἶναι
1687 2613 1746 2665 ἐν

196 2690 370 2760 καιρῷ
417 2690 676 2762 τοιούτῳ,
727 2692 962 2764 διωγμοῦ
1019 2694 1251 2766 δηλαδή;
1292 2698 1353 2749 Et
1404 2698 1499 2766 μὲν
1547 2694 1639 2752 οὖν
1686 2699 1744 2753 οὐ

198 2779 532 2841 πεπτώκασι,
570 2782 751 2852 φησιν,
786 2778 929 2853 εῐχον
957 2782 1023 2837 ἂν
1058 2784 1384 2855 συγγνώμην
1416 2787 1506 2838 ἐπὶ
1536 2789 1601 2856 τῇ
1640 2805 1746 2840 πα·-

197 2868 409 2938 ρα).όγῳ
437 2869 615 2921 αὐτῶν
657 2871 869 2941 πράξει,
898 2874 995 2943 τῆς
1020 2874 1428 2944 σὺτομολήσεως
1459 2876 1675 2946 δηλαδὴ,
1713 2876 1745 2946 ἢ

194 2958 292 3026 τῆς
334 2960 463 3027 περὶ
498 2960 560 3012 τὸ
586 2959 853 3013 διδάσκειν
888 2963 980 3014 καὶ
1021 2961 1292 3033 στηρίζειν
1336 2966 1459 3027 τοὺς
1490 2966 1747 3034 ἀδελφοὺς

198 3046 500 3115 ῥαθυμίαςο
537 3049 585 3099 εί
637 3046 693 3100 δὲ
747 3049 1093 3105 πεπτώκασιν
1141 3055 1207 3105 ὲκ
1252 3055 1594 3124 περπερείας,
1630 3056 1746 3124 ἦτοι

1848 1877 1947 1946 ipsi
1979 1877 2150 1930 labem
2191 1877 2389 1929 attulit.
2425 1876 2698 1930 Ut-autem
2753 1874 2934 1944 populi
2968 1875 3266 1928 doctrinam
3298 1890 3395 1928 ne-

1845 1966 2128 2034 gligercnt,
2160 1974 2212 2016 et
2235 1978 2387 2017 suam
2426 1964 2710 2041 utilitatem
2745 1962 3078 2031 prazferrent,
3134 1977 3232 2015 nec
3266 1976 3395 2031 apo-

1847 2057 1969 2110 stoli
1996 2057 2253 2110 fecerunt.
2279 2055 2500 2122 Magnus
2516 2066 2655 2108 eum.
2677 2050 2895 2114 Paulus,
2921 2062 3201 2122 postquam
3228 2054 3394 2107 multa

1845 2152 2112 2198 tormenta
2160 2144 2437 2204 subiisset,
2498 2144 2804 2211 intelligens
2834 2145 3004 2195 multo
3028 2158 3149 2196 esse
3202 2142 3395 2195 melius

1846 2237 2009 2288 vitam
2039 2236 2367 2304 relinquere,
2395 2229 2583 2286 m'aluit
2604 2234 2783 2287 vivere
2813 2241 2865 2286 et
2896 2234 3132 2301 torqueri
3176 2241 3395 2301 propter

1846 2324 2073 2377 salutem
2105 2332 2158 2377 et
2187 2324 2484 2377 doctrinam
2513 2323 2715 2391 populi.
2772 2318 2946 2374 Sensu
2997 2336 3127 2390 ergo
3174 2322 3395 2389 omnino

1845 2420 2053 2474 carent,
2077 2412 2168 2481 qui
2202 2421 2389 2480 petunt
2420 2426 2634 2465 sacrum
2677 2410 3061 2471 ministerium,
3101 2424 3129 2461 a
3161 2424 3268 2478 quo
3295 2426 3394 2463 sua

1847 2511 2038 2569 sponte
2067 2503 2399 2555 exciderunt.
2432 2501 2711 2567 Quomodo
2742 2502 2883 2554 enim
2930 2507 3115 2568 petunt
3144 2499 3283 2567 quod
3312 2514 3397 2553 rc-

1846 2591 2140 2658 liquerunt,
2175 2606 2297 2644 cum
2330 2592 2538 2661 possint
2566 2592 2618 2643 in
2644 2591 2743 2642 hac
2769 2596 3107 2656 tempestate.
3137 2596 3393 2657 persecu-

1846 2682 2009 2736 tionis
2037 2681 2263 2741 scilicet,
2296 2680 2557 2734 fratribus
2589 2696 2711 2734 esse
2738 2679 2940 2733 utiles?
2973 2678 3030 2732 Si
3057 2679 3239 2748 itaque
3283 2695 3392 2732 non

1846 2771 2188 2833 cecidissent,
2226 2771 2420 2840 inquit,
2456 2772 2575 2839 ejus
2609 2770 2751 2837 quod
2782 2779 2979 2828 praeter
3022 2770 3282 2822 rationem
3313 2769 3387 2822 fe-

1847 2864 2070 2923 rissenl,
2102 2862 2182 2916 eis
2216 2862 2437 2916 daretur
2453 2863 2633 2926 venia,
2660 2871 2971 2928 spontauea:
3010 2858 3215 2911 scilicet
3234 2856 3390 2925 fugae,

1847 2952 1929 3004 vel
1963 2951 2017 3004 in
2046 2936 2307 3004 fratribus
2330 2949 2589 3002 docendis
2615 2956 2666 3001 et
2697 2947 3083 3000 conﬁrmandis
3112 2947 3391 3000 socordiae.

1849 3040 1944 3094 Sin
1972 3048 2148 3094 autem
2174 3046 2393 3107 propter
2408 3052 2560 3091 suam
2590 3037 2932 3090 insolentiam
2958 3045 3011 3088 et
3031 3038 3392 3105 arrogantiam

194 3107 527 3199 άλαζονείας,
559 3134 819 3206 [τοιοῦτον
841 3139 945 3209 γάρ
965 3143 1078 3192 ἐστι
1106 3141 1163 3193 τὸ
1187 3107 1593 3212 καταιτολμῆσαιι

1848 3130 1986 3199 lapsi
2020 3138 2144 3183 sunt
2170 3130 2189 3198 (
2218 3130 2323 3182 tale
2361 3129 2503 3181 enim
2527 3135 2607 3181 est
2636 3143 2695 3181 se
2725 3134 2925 3181 temere
2954 3128 3234 3180 tormentis
3258 3127 3397 3195 obji-

195 3224 372 3287 πετῶς
400 3223 507 3276 τῶν
537 3225 782 3294 βασάνων
816 3229 907 3279 καὶ
943 3228 1014 3296 μὴ
1046 3230 1319 3298 ἐμμεῖναι.
1358 3232 1448 3281 καὶ
1476 3230 1561 3282 διὰ
1595 3230 1748 3282 τοῦτο

196 3314 725 3387 ἰθριαμϐεύθησανο]
756 3318 933 3369 οὐκέτι
976 3318 1225 3372 δύνανται
1270 3322 1615 3390 λειτουργεῖν.
1660 3321 1748 3373 Διὸ

196 3404 621 3475 φροηιζέτωσαν
662 3407 857 3476 μᾶλλον
897 3408 1011 3470 πῶς
1056 3411 1391 3463 ὲκτελέσουσι
1431 3413 1527 3481 τὴν
1562 3414 1746 3480 ὁμολο-

195 3496 318 3561 γίαν
357 3496 414 3547 ὲν
458 3497 939 3566 ταπεινοφροσύνῃ,
996 3500 1327 3568 παυσάμενοι
1358 3500 1455 3567 τῆς
1502 3501 1607 3552 ἀπὸ
1654 3501 1746 3551 τοῦ

195 3582 375 3651 ζητεῖν
400 3582 497 3653 τὴν
526 3584 864 3653 λειτουργίαν
891 3586 1190 3649 κενοδοξίας
1208 3605 1220 3616 ·
1253 3590 1412 3657 ἀρκεῖ
1434 3587 1540 3658 γὰρ
1569 3590 1748 3650 αὐτοῖς

188 3674 227 3739 ἡ
260 3672 396 3741 μετὰ
421 3674 527 3724 τῶν
566 3672 767 3725 πιστῶν
802 3676 1049 3727 κοινωυία
1080 3676 1167 3727 διὰ
1207 3676 1296 3727 δύο
1339 3678 1591 3746 γινομένη
1630 3680 1747 3731 τινὰ

197 3762 333 3831 μετὰ
372 3764 688 3825 ἐπιστασίας
733 3763 991 3831 ἀκριϐοῦς
1025 3768 1117 3819 καὶ
1163 3766 1487 3836 οἰκονομίας.
1533 3769 1593 3819 Εἰ
1642 3771 1747 3838 γὰρ

194 3850 432 3920 εἴπωμεν
460 3853 532 3922 μὴ
579 3852 723 3920 ἔχειν
768 3851 959 3914 αὐτοὺς
1003 3858 1379 3917 κοινωνικοὺς,
1427 3857 1642 3919 τούτους
1687 3874 1745 3908 τε

193 3940 523 4011 λυπήσομεν,
553 3942 629 4004 ὡς
652 3942 1068 4012 ἀποφαινόμενοι
1100 3944 1236 4013 μετὰ
1269 3945 1406 4014 βίας,
1433 3948 1597 4015 ἤγουν
1631 3949 1748 4000 ἑπι-

192 4032 583 4101 τετιμημένονς
609 4070 623 4093 ,
679 4031 921 4085 ἐντεῦθεν
987 4032 1246 4086 ἀναλῦσαι
1302 4036 1533 4097 αὐτοὺς,
1581 4038 1745 4105 ῆγουν

193 4120 479 4173 ἀποθανεῖν
503 4137 516 4151 ·
554 4122 647 4173 καὶ
674 4122 798 4184 τοὺς
826 4122 1013 4185 ἄλλους
1047 4122 1101 4175 δὲ
1135 4124 1461 4187 ἐκπεσόντας
1499 4128 1624 4189 ἴσως
1656 4129 1747 4180 καὶ

197 4211 544 4279 βουλομένους
568 4212 898 4281 ὑποστρέψαι
931 4214 1011 4276 είς
1032 4213 1092 4265 τὸ
1114 4214 1336 4281 ἀγαθὸν,
1368 4216 1747 4286 ἐκλελυμένους

196 4299 330 4369 πρὸς
356 4299 512 4352 τοῦτο
540 4300 632 4352 καὶ
661 4301 881 4371 ἀμελεῖς
905 4304 1218 4372 ποιήσομεν,
1256 4306 1745 4375 προφασιζομένους

193 4391 252 4441 τὸ
284 4391 355 4460 μὴ
385 4391 597 4458 μέλλειν
620 4391 814 4453 αὐτοὺς
842 4388 985 4445 εἶναι
1011 4396 1354 4457 κοινωνικοὺς
1380 4399 1489 4458 τοῖς
1518 4399 1742 4460 πιστοῖς,
1778 4414 1820 4468 ι)

192 4479 295 4530 κᾶν
340 4480 708 4548 ὁμολογήσωσι
756 4481 855 4550 τὴν
903 4483 1082 4537 πίστιν
1126 4483 1259 4551 μετὰ
1307 4487 1403 4554 τὴν
1440 4486 1740 4539 ἔκπτωσιν

193 4569 401 4630 οἵτινες,
435 4568 508 4636 μὴ
540 4569 974 4637 ἐπιστρέφοντες,
1016 4572 1175 4624 πλέον
1204 4574 1455 4627 ἁπάντων
1495 4576 1578 4626 ἵνα
1610 4577 1746 4628 ὀνει-

193 4656 408 4708 δισθῶσι
426 4659 521 4709 καὶ
542 4657 895 4726 αἱσχυνθῶσιί
921 4660 1061 4714 καθὰ
1083 4662 1133 4729 (f
1165 4662 1323 4732 κατὰ)
1338 4664 1425 4715 τὸν
1447 4666 1743 4735 ποιήσαντα

196 4746 292 4813 μὲν
316 4744 565 4814 θεμέλιον
581 4785 595 4807 ,
628 4746 701 4816 μὴ
735 4746 1091 4817 πληρώσαντα
1115 4749 1170 4801 δὲ
1185 4751 1406 4820 οἴκημα.
1428 4751 1610 4822 Τούτῳ
1638 4753 1743 4823 γὰρ

193 4836 424 4885 ἐοίκασιν
461 4836 510 4886 oi
554 4836 687 4904 πρὸς
722 4835 980 4904 βασάνους
1011 4839 1469 4909 αὐτομολήσαντες
1518 4842 1614 4911 μὲν
1657 4843 1741 4895 διὰ

195 4923 420 4991 Χριστὸν
462 4924 556 4974 καὶ
596 4922 757 4975 οἱονεὶ
789 4923 949 4976 καλὸν
998 4923 1210 4994 θέμενοι
1240 4925 1511 4994 θεμέλιον,
1548 4927 1620 4996 μὴ
1650 4927 1742 4980 δυ-

192 5013 437 5081 νηθέντες
464 5012 522 5064 δὲ
564 5012 845 5065 τελειῶσαι
874 5014 933 5065 τὸ
977 5014 1137 5068 καλὸν
1183 5017 1268 5070 διὰ
1316 5019 1412 5087 τὴν
1454 5017 1739 5071 ἔκπτωσιν.

193 5103 495 5170 Σημείωσαι
547 5098 673 5166 οὖν,
702 5102 782 5154 ὅτι
827 5102 943 5156 οὐδὲ
989 5106 1021 5173 ἡ
1073 5105 1161 5157 διὰ
1216 5107 1444 5175 Χριστὸν
1488 5108 1743 5177 ὁμολογία

191 5191 523 5261 «immo-.51;
554 5192 645 5244 τὸν
686 5192 829 5256 ἅπαξ
872 5195 937 5245 ἐκ
980 5194 1072 5247 τοῦ
1106 5196 1303 5266 κλήρου
1343 5195 1741 5261 άποξενωθὲντα

191 5282 275 5333 διὰ
304 5284 399 5351 τὴν
431 5284 721 5335 ἔκπτωσιν.

261 5446 286 5473 ³
320 5432 445 5486 Luc.
484 5452 586 5485 τιν.
610 5434 696 5494 Ξῖ),
733 5438 817 5489 50.

1847 3234 1970 3276 cere
1992 3219 2209 3281 audere,
2240 3233 2339 3271 nec
2371 3232 2529 3285 posse
2547 3218 2797 3279 tolerare,
2825 3226 2879 3270 et
2906 3224 3188 3286 propterea
3217 3218 3283 3271 de
3311 3218 3392 3275 eis

1847 3310 2155 3377 triumphus
2186 3318 2336 3362 actus
2387 3306 2512 3376 est),
2557 3321 2665 3359 non
2718 3316 2947 3375 possunt
2982 3307 3213 3375 amplius
3238 3320 3392 3361 sacra

1848 3398 2146 3452 ministeria
2164 3396 2708 3462 obire.Quamobrem
2731 3397 2900 3466 magis
2918 3407 3107 3451 curent
3125 3399 3397 3466 quomoda

1848 3486 2243 3540 confessionem
2271 3484 2325 3537 in
2361 3484 2665 3537 humilitate
2719 3492 2997 3553 peragant,
3058 3493 3335 3540 cessantes
3364 3502 3393 3539 ε

1847 3590 1984 3628 vana
2013 3576 2181 3644 gloria
2225 3589 2437 3627 sacrum
2470 3573 2832 3627 ministerium
2886 3574 3099 3642 petendi
3134 3593 3147 3628 :
3201 3572 3397 3629 sufﬁcit

1846 3667 1989 3719 enim
2031 3665 2109 3717 eis
2144 3677 2266 3716 cum
2299 3661 2548 3715 fidi-libus
2572 3662 2902 3723 communio,
2934 3678 3053 3731 qua:
3087 3662 3145 3716 lit
3180 3673 3397 3733 propter

1847 3756 1975 3817 duo,
2007 3753 2249 3822 diligenti
2278 3754 2527 3805 cautione
2559 3764 2814 3820 rectoque
2842 3752 3091 3806 consilio.
3145 3750 3200 3805 Si
3252 3754 3393 3806 enim

1847 3846 2140 3900 dixerimus
2190 3859 2290 3899 nos
2338 3858 2432 3897 eos
2466 3858 2572 3895 non
2600 3842 2795 3896 habere
2822 3857 2918 3911 pro
2949 3843 3397 3895 communicanti-

1847 3937 1968 3999 bus,
1999 3945 2051 3989 et
2076 3950 2168 3989 eos
2198 3933 2445 3988 molestia
2476 3933 2769 3987 allicicmus
2792 3941 3043 4003 tanquam
3074 3932 3396 3985 sententiam

1850 4030 2104 4093 ferentes,
2134 4043 2248 4090 eos,
2287 4027 2356 4089 vi,
2395 4040 2492 4079 seu
2519 4026 2830 4086 mulctatos,
2860 4025 2989 4077 hinc
3025 4025 3267 4088 dissolvi,
3300 4040 3395 4079 seu

1849 4118 2018 4183 mori;
2048 4127 2101 4170 et
2132 4116 2267 4170 alios
2302 4129 2519 4184 quoque
2549 4115 2640 4182 qui
2700 4114 2930 4169 fortasse
2974 4114 3109 4183 lapsi
3159 4122 3313 4177 sunt,
3344 4121 3397 4167 et

1847 4209 2032 4261 volunt
2061 4206 2126 4259 ad
2159 4206 2301 4274 quod
2337 4206 2533 4259 bonum
2563 4212 2645 4257 est
2676 4202 2875 4266 redire,
2913 4206 3170 4257 remissos
3198 4205 3263 4257 ad
3296 4208 3398 4259 hoc

1846 4305 1897 4351 et
1921 4294 2589 4365 negligenteselliciemus,
2623 4302 2911 4348 causantes
2932 4308 2991 4347 se
3022 4293 3265 4346 fidelibus
3288 4310 3398 4347 non

1848 4402 1970 4441 esse
1999 4385 2497 4439 communicaturus
2525 4422 2539 4445 ,
2585 4384 2794 4437 etiamsi
2847 4392 2967 4451 post
3000 4385 3204 4451 lapsum
3240 4384 3397 4438 fidem

1847 4476 2083 4532 confessi
2116 4477 2344 4530 fuerint:
2377 4476 2468 4545 qui
2502 4476 2545 4528 si
2572 4490 2677 4527 non
2708 4480 3108 4534 convertantur,
3136 4474 3254 4541 plus
3274 4488 3397 4542 pror

1848 4568 1931 4621 bri
1964 4579 2017 4621 et
2049 4566 2356 4635 ignominiae
2380 4578 2538 4632 quam
2554 4554 2741 4617 omnes
2760 4562 3116 4630 susceperint,
3135 4577 3328 4631 quema
3348 4565 3388 4614 l-

1849 4658 2065 4712 modum
2093 4667 2145 4711 ct
2176 4656 2264 4724 qui
2298 4654 2422 4708 fecit
2454 4653 2884 4713 fundamentmn,
2910 4689 2919 4705 .
2943 4651 3162 4704 domum
3216 4661 3394 4704 autem

1848 4762 1955 4802 non
1982 4746 2220 4815 perfecit.
2244 4743 2304 4797 Ei
2326 4744 2470 4797 enim
2504 4749 2632 4796 sunt
2659 4740 2883 4801 similes,
2912 4742 3003 4807 qui
3028 4740 3090 4793 ad
3132 4749 3393 4793 tormenta

1848 4837 2063 4906 quidem
2109 4842 2326 4902 propter
2378 4831 2654 4885 Christum
2707 4828 3086 4896 confugerunt,
3135 4838 3182 4878 et
3232 4830 3393 4880 veluti

1849 4926 2073 4995 pulchro
2096 4924 2241 4991 jacto
2291 4920 2661 4981 fundamento,
2698 4918 2748 4969 id
2776 4916 2918 4985 quod
2972 4916 3255 4971 honestum
3288 4927 3390 4971 est.

1849 5016 2104 5084 perlicere
2130 5019 2345 5081 propter
2373 5010 2581 5077 lapsum
2609 5023 2715 5060 non
2752 5013 3061 5075 potuerunt.
3090 5004 3223 5056 Nota
3244 5019 3393 5069 urge,

1849 5102 1988 5172 quod
2033 5117 2098 5155 ne
2142 5097 2415 5151 confessio
2447 5096 2661 5165 quidem
2691 5104 2905 5163 propter
2934 5095 3205 5148 Christum
3241 5096 3389 5145 rest;-

1849 5197 1949 5244 tuit
1976 5207 2119 5253 eum,
2144 5189 2236 5258 qui
2264 5188 2427 5242 semel
2462 5201 2492 5239 a
2531 5186 2677 5239 cli-ro
2711 5184 3045 5239 abalienatus
3073 5190 3153 5237 est
3178 5190 3395 5257 propter

1849 5285 2077 5353 lapsum.

1480 5552 1515 5601 ἰ’
1530 5552 1556 5601 λ
1570 5549 1703 5605 RM:
1745 5547 2135 5601 LECTlONES.

414 5663 423 5673 ι

414 5663 423 5673 .

294 5662 338 5695 ⁸⁸
372 5663 485 5715 toﬁ;
516 5680 594 5715 κε.
