4012 6444
573 315 681 381 499

1808 327 2084 391 THEOD.
2122 326 2516 412 BAL§AMON

3693 324 3804 388 500

639 439 842 494 Zona.
876 439 950 494 De
980 439 1046 494 iis
1072 440 1165 508 qui
1197 454 1256 494 se
1279 441 1422 494 ultro
1439 441 1685 510 martyrii
1707 444 1992 496 certamini
2022 443 2108 496 ob-

2289 440 2532 494 ΖΩΝΔΡ.
2571 441 2708 512 Περὶ
2747 442 3226 512 αὐτομολησάντων
3268 443 3349 506 είς
3394 443 3484 496 τὸν
3518 443 3610 496 τοῦ
3646 461 3798 518 μαμ

565 529 811 600 fecerunt
840 530 1053 582 locutus
1080 528 1258 592 Pater,
1312 545 1456 584 nunc
1499 531 1565 584 de
1597 532 1814 585 clericis
1859 534 1952 601 qui
1980 533 2119 586 idem

569 618 811 673 fecerunt
833 619 1127 672 orationem
1148 619 1378 672 instituit
1407 639 1419 674 :
1453 628 1613 688 atque
1644 622 1898 675 clericum
1931 623 1976 676 si
1997 623 2120 691 quis

569 725 627 766 se
656 711 798 764 ultro
850 709 1074 771 dedidit,
1123 724 1244 761 mox
1290 710 1398 761 vim
1448 718 1844 764 tormentorum
1901 713 2120 765 minime

568 799 843 868 perferens
871 799 1053 866 lapsus
1088 806 1190 856 est.
1226 813 1288 850 ac
1319 813 1536 851 rursum
1556 815 1613 852 se
1647 799 1824 866 ipsum
1857 801 2120 870 colligens

568 889 744 942 denuo
775 903 832 940 se
858 887 922 938 ad
955 894 1230 941 certamen
1254 888 1445 949 erexit,
1469 902 1529 939 ac
1561 903 1619 942 se
1633 889 2001 942 Christianum
2028 904 2122 942 co-

567 996 682 1037 ram
708 978 950 1047 tyrannis
981 985 1064 1029 est
1090 975 1385 1045 professus,
1420 992 1525 1029 non
1557 991 1678 1030 esse
1711 978 1976 1044 ejusmodi
2025 978 2121 1030 lio-

567 1070 763 1121 minetn
806 1067 868 1117 ad
903 1079 1056 1118 sacra
1093 1065 1388 1117 ministeria
1419 1065 1651 1132 amplius
1703 1064 2116 1118 admittendum.

565 1161 900 1226 Causatnqtte
927 1156 1206 1223 subjungit
1237 1174 1248 1208 :
1304 1155 1427 1223 quia
1462 1155 1718 1208 nimirum
1756 1154 1966 1208 Domini
1999 1169 2120 1225 gre-

565 1267 680 1318 gem
707 1250 962 1310 desr-ruit,
994 1263 1055 1300 ac
1087 1263 1150 1301 ex
1193 1263 1256 1300 eo
1285 1247 1428 1314 quod
1477 1255 1671 1314 sponte
1707 1261 1766 1300 se
1796 1246 1994 1311 objecit
2025 1247 2120 1299 bo-

566 1341 760 1400 stibns,
800 1354 972 1406 neque
1022 1343 1337 1389 constanter
1384 1343 1650 1388 tormenta
1682 1337 1927 1404 pertulit,
1969 1336 2121 1404 igno-

566 1431 784 1481 miniam
817 1429 916 1481 sibi
943 1427 1041 1495 ipsi
1066 1426 1392 1479 conciliavit.
1432 1424 1500 1478 Ut
1526 1434 1703 1478 autem
1731 1427 1913 1495 populi
1959 1425 2117 1479 insti-

567 1521 827 1572 tutionem
850 1523 1277 1580 contemnerent,
1311 1531 1571 1582 suamque
1586 1515 1878 1569 utilitatem
1907 1517 2118 1570 caeteris

563 1609 820 1660 onmibus
852 1607 1202 1666 anteferrent,
1233 1604 1330 1673 17
1367 1618 1434 1656 ne
1464 1603 1692 1671 apostoli
1721 1603 1940 1671 quidem
1972 1603 2113 1658 fece-

566 1711 709 1749 runt.
733 1697 950 1763 Magnus
969 1709 1198 1759 namque
1219 1693 1434 1753 Paulus,
1454 1704 1573 1745 cum
1593 1691 1790 1744 multos
1805 1692 2117 1758 pertulisset

2220 532 2403 603 τυρίου
2457 532 2673 600 ἀγῶνα,
2725 531 3018 600 διαλεχθεὶς
3047 534 3075 584 ὁ
3129 533 3350 604 Πατὴρ,
3394 533 3487 588 νῦν
3533 535 3796 604 καὶπερὶ

2222 619 2494 690 κληρικῶν
2545 619 2798 671 τοιούτων
2829 619 2918 671 τὸν
2965 620 3119 687 λόγον
3152 625 3419 675 ποιεῖται·
3459 624 3552 675 καί
3599 637 3794 692 φησιν,

2219 709 2314 770 ὼς,
2351 712 2397 761 εἰ
2439 709 2694 779 κληρικὸς
2731 707 3117 778 ηὐτομόλησεν,
3169 705 3288 763 εἶτα
3326 710 3400 780 μὴ
3449 713 3656 777 στέγων
3690 711 3797 773 τὰς

2219 796 2487 865 τιμωρίας
2515 797 2855 857 ἐκπέπτωκε,
2883 796 2975 848 καὶ
3002 792 3154 859 αὖθις
3183 798 3261 857 είς
3286 798 3475 849 ἐαυτὸν
3501 799 3796 868 γενόμενος

2220 885 2545 937 ἀνεπάλαισε
2561 884 2658 954 τὴν
2684 885 2888 937 οίκείαν
2907 884 3130 947 πτῶσιν,
3150 885 3244 936 καὶ
3261 885 3581 954 Χριστιανὸν
3599 886 3797 937 ἐαυτὸν

2219 974 2562 1044 ὡμολόγησεν
2583 974 2810 1026 ἐνώπιον
2830 973 2938 1026 τῶν
2964 975 3260 1044 τυράννων,
3283 978 3310 1026 ὁ
3337 973 3579 1037 τοιοῦτος
3607 977 3800 1028 οὐκέτι

2220 1065 2275 1115 ἐν
2303 1067 2367 1134 τῇ
2394 1063 2701 1134 λειτουργίᾳ
2738 1063 2908 1118 ἔσται.
2935 1065 3044 1116 Καὶ
3085 1065 3184 1134 τὴν
3215 1065 3390 1117 αἰτίαν
3418 1065 3650 1132 ἐπάγει·
3700 1065 3800 1134 ἣδε

2219 1154 2363 1206 ἐστίν
2383 1171 2396 1184 ·
2427 1155 2507 1206 ὅτι
2537 1155 2791 1206 κατέλιπε
2823 1154 2883 1206 τὸ
2913 1155 3159 1224 ποίμνιον
3195 1156 3288 1208 τοῦ
3319 1157 3543 1226 Κυρίου,
3585 1157 3682 1209 καὶ
3706 1157 3802 1208 διὰ

2219 1246 2278 1296 τὸ
2310 1246 2674 1316 αὐτομολῆσαι
2716 1246 2810 1299 καὶ
2846 1246 2920 1316 μὴ
2972 1246 3306 1316 καρτερῆσαι
3357 1245 3454 1308 τὰς
3486 1246 3801 1314 βασάνους,

2221 1335 2410 1405 μῶμον
2445 1338 2810 1406 προσήνεγκεν
2836 1335 3028 1405 ἐαυτῷ.
3060 1335 3132 1387 Τὸ
3168 1335 3221 1388 δέ
3250 1337 3676 1407 καταφρονῆσαι⁹
3695 1336 3804 1404 τῆς

2216 1425 2560 1490 διδασκαλίας
2586 1427 2678 1478 τοῦ
2713 1426 2862 1491 λαοῦ,
2897 1428 2992 1480 καὶ
3021 1426 3457 1497 προτιμήσασθαι
3483 1426 3544 1478 τὸ
3577 1428 3804 1488 ἑαυτοῖς

2220 1516 2513 1586 συμφέρον,
2561 1516 2679 1569 οὐδὲ
2727 1519 2776 1569 oi
2829 1516 3110 1569 ἀπόστολοι
3154 1517 3539 1586 πεποιήκασιν.
3575 1517 3632 1568 ὐ
3685 1516 3806 1586 γὰρ

2221 1604 2390 1671 μέγας
2424 1604 2653 1668 Παῦλος,
2685 1605 2820 1676 μετά
2859 1606 2919 1658 τὸ
2947 1606 3145 1669 πολλὰς
3175 1605 3440 1674 βασάνους
3479 1607 3805 1675 ὑπομεῖναι,

2220 1697 2558 1764 κατανοήσας
2587 1700 2828 1766 κρεῖττον
2862 1693 3001 1752 εῖναι
3028 1698 3117 1750 τὸν
3154 1697 3266 1766 βίον
3297 1696 3600 1766 ἀπολιπειν,
3658 1713 3805 1766 προ-

568 1787 866 1844 i-ruciatus,
898 1783 1233 1849 sentiretque
1264 1782 1456 1835 utilius
1480 1797 1601 1836 esse
1623 1783 1728 1835 sibi
1763 1783 1927 1836 vitam
1949 1782 2108 1836 relin-

2221 1759 2514 1855 ετιμήσατο
2545 1759 2642 1856 ζῇν
2685 1788 2778 1840 καὶ
2826 1759 3209 1855 βασανίζεσθαι
3241 1785 3329 1839 διὰ
3372 1786 3469 1855 τὴν
3519 1759 3805 1854 σωτηρίαν

566 1891 752 1944 qnere,
782 1882 839 1928 ut
866 1873 1045 1940 populi
1080 1872 1237 1924 saluti
1292 1886 1354 1923 ac
1409 1872 1736 1925 institutioni
1790 1876 2118 1938 consuleret,

563 1969 726 2019 vitam
777 1964 880 2016 sibi
919 1977 982 2015 ac
1025 1967 1290 2016 tormenta
1330 1961 1538 2028 potiora
1575 1962 1750 2014 duxit.
1802 1961 2036 2016 Promde
2067 1972 2121 2017 et

565 2053 989 2109 seususomnino
1019 2058 1264 2118 expertes
1280 2065 1373 2104 eos
1400 2051 1756 2114 demonstrat,
1781 2052 1872 2120 qui
1902 2067 2117 2107 sacrum

566 2142 666 2194 sibi
700 2139 1060 2191 ministerium
1089 2137 1408 2204 deposcunt,
1439 2151 1467 2188 a
1501 2153 1608 2204 quo
1634 2140 1875 2192 volentes
1906 2141 2120 2207 ipsimet

564 2222 1064 2285 excideruiitham
1098 2243 1204 2294 quo
1239 2228 1416 2288 modo,
1476 2228 1685 2295 inquit,
1736 2229 1785 2281 id
1821 2230 2114 2297 postulant,

563 2323 704 2392 quod
765 2321 1050 2388 reliquere,
1077 2333 1198 2371 cum
1219 2316 1484 2384 ejusmodi
1510 2325 1766 2386 tempore,
1785 2320 2030 2373 excitatae
2043 2321 2118 2373 vi-

563 2415 752 2467 ilebcet
770 2410 1176 2479 persecutionis,
1193 2423 1385 2476 magno
1401 2407 1654 2462 fratribus
1672 2409 1980 2476 adjumento
1995 2425 2116 2464 esse

564 2505 824 2581 possent?
855 2502 1102 2566 Quandiu
1135 2501 1294 2570 igitur
1323 2515 1351 2551 a
1383 2501 1534 2569 lapsu
1566 2501 1833 2556 immunes
1860 2502 2112 2563 fuissent,

561 2597 769 2647 Veniam
795 2593 1153 2646 obtinuissent
1183 2591 1412 2643 actionis
1467 2599 1667 2643 temere
1714 2603 2000 2659 susceptae,
2053 2609 2111 2647 se

560 2686 814 2750 nimirum
839 2679 1320 2734 adversariisultro
1352 2677 1632 2739 ofiercndi,
1667 2680 1748 2732 vel
1782 2680 2109 2733 inerudicn-

560 2776 642 2828 ὼε
679 2774 934 2826 fratribus
951 2769 1229 2824 socordia.
1249 2769 1383 2821 Cum
1417 2782 1544 2820 vero
1572 2770 1884 2850 ceciderint,
1913 2772 2111 2838 quippe

561 2866 651 2933 qui
678 2877 951 2932 perperam
968 2859 1190 2929 egerint,
1224 2870 1379 2910 sacra
1395 2856 1692 2908 ministeria
1712 2857 1861 2909 obire
1878 2859 2109 2925 amplius

561 2955 700 3013 haud
758 2954 1160 3023 permittuntur.
1199 2947 1255 3002 Si
1293 2961 1441 3016 ergo,
1480 2945 1674 3014 inquit,
1710 2945 1929 2998 minime
1965 2945 2108 2998 ceci-

558 3048 786 3105 dissent,
821 3043 1027 3095 veniam
1053 3043 1432 3107 impetrassent
1463 3038 1530 3089 ob
1562 3052 1800 3104 ipsorum
1837 3051 1864 3086 a
1900 3038 2106 3088 ratione

558 3139 783 3190 alienam
818 3133 1076 3184 actionem
1105 3146 1120 3193 ;
1166 3129 1432 3182 actionem
1462 3143 1489 3178 a
1523 3128 1728 3179 ratione
1758 3127 1984 3178 alienam
2016 3143 2106 3177 vo-

555 3246 707 3289 cans,
745 3242 849 3279 non
885 3225 1057 3277 solum
1089 3220 1230 3289 quod
1263 3237 1320 3274 se
1349 3219 1598 3274 hostibus
1630 3219 1956 3279 dediderint,
2013 3219 2106 3272 sed

552 3319 733 3390 potius
761 3315 904 3384 quod
933 3311 1267 3366 deseruerint
1295 3325 1510 3378 gregem
1534 3308 1766 3367 Domini.
1805 3323 1904 3361 nec
1931 3309 2106 3376 ipsum

558 3407 927 3470 rustodierint,
961 3419 1022 3456 ac
1060 3403 1253 3454 fratres
1280 3403 1372 3470 qui
1420 3400 1812 3467 persecutionis
1867 3408 2108 3466 tempore

561 3500 889 3552 vexabantur
909 3494 1303 3562 confirmarint.
1341 3491 1398 3544 Si
1427 3507 1556 3544 vero
1586 3491 1900 3547 ceciderunt
1935 3506 1999 3544 ex
2043 3505 2108 3543 eo

553 3593 694 3660 quod
718 3609 774 3645 se
805 3603 1084 3659 perperam
1121 3587 1409 3654 gesserint,
1453 3587 1761 3653 superbiam
1795 3587 1901 3646 bic,
1936 3594 1987 3638 et
2019 3601 2104 3637 ar-

553 3683 884 3752 rogantiam;
934 3680 1030 3747 τὴν
1059 3673 1388 3745 πέρτιερείαν
1440 3689 1660 3737 vocans,
1687 3674 1829 3740 quod
1858 3688 1919 3726 ex
1953 3688 2105 3724 arro-

552 3774 733 3844 gantia
767 3753 1012 3832 ﬁduciam
1040 3769 1095 3821 in
1127 3783 1184 3822 se
1224 3769 1356 3836 ipsis
1390 3781 1616 3833 posuere
1640 3804 1652 3827 ,
1709 3764 2102 3818 dissolverent-

553 3859 657 3932 qee
686 3869 979 3922 certamen,
1012 3874 1073 3910 ac
1108 3873 1169 3912 so
1219 3857 1366 3926 ipsos
1396 3857 1769 3924 vituperarunt
1803 3872 1817 3918 ;
1869 3854 1969 3906 hoc
1995 3863 2099 3912 est,

554 3955 657 4008 sibi
681 3952 812 4020 ipsis
845 3951 1107 4002 maculam
1141 3949 1212 4002 ob
1239 3949 1448 4018 lapsum
1488 3949 1830 4008 inusserunt,
1860 3946 1913 3998 in
1948 3959 2106 3999 sacro

553 4042 853 4097 ministerio
886 4038 1087 4093 versari
1135 4037 1265 4103 ipsis
1313 4037 1544 4104 amplius
1595 4035 1736 4088 haud
1781 4035 1928 4089 licet.
1965 4033 2102 4087 Pro-

552 4142 733 4208 pterea
757 4134 1027 4192 studeant,
1055 4127 1247 4194 inquit,
1275 4127 1454 4195 potius
1477 4127 1531 4179 in
1560 4126 1860 4179 humilitate
1887 4124 2102 4178 confes-

544 4222 756 4272 'sionem
781 4230 1058 4284 peragere,
1078 4221 1355 4267 cessantes
1376 4214 1623 4268 videlicet
1648 4215 1714 4267 ab
1736 4216 1879 4266 inani
1903 4214 2099 4282 gloria.

549 4307 703 4372 Quod
748 4307 889 4359 enim
940 4315 1096 4360 sacro
1139 4301 1438 4354 ministerio
1483 4301 1682 4355 ascribi
1723 4303 2015 4371 postulent,
2069 4316 2099 4354 a

2221 1875 2312 1925 καὶ
2352 1874 2694 1928 διδασκαλίαν
2736 1875 2828 1927 τοῦ
2862 1875 3009 1928 λαοῦ.
3047 1874 3154 1938 Οὓς
3201 1875 3295 1927 καὶ
3343 1875 3483 1927 πάνυ
3531 1874 3805 1943 άναισοήο

2219 1980 2344 2026 τους
2397 1966 2787 2032 ἀποφαίνεται,
2827 1963 3112 2028 αἰτοῦντας
3154 1964 3250 2035 τὴν
3299 1963 3674 2034 λειτουργίαν,
3731 1961 3806 2035 ἦς

2220 2039 2490 2106 ἐθελονταὶ
2518 2055 2928 2109 ἐκπεπτώκασι.
2966 2055 3089 2117 Πῶς
3113 2055 3238 2124 γὰρ.
3272 2056 3457 2124 φησὶν,
3490 2054 3740 2107 αἰτοῦσιν
3773 2055 3816 2107 ὁ

2219 2144 2524 2204 κατέλιπον,
2571 2145 2855 2214 δυνάμενοι
2882 2148 2991 2208 τοῖς
3029 2145 3272 2212 ἀδελφοῖς
3315 2143 3599 2213 εῠχρηστοι
3648 2141 3803 2195 εἶναι

2216 2234 2273 2283 ἐν
2307 2233 2479 2301 καιρῷ
2517 2235 2766 2303 τοιούτῳ,
2813 2233 3050 2302 διωγμοῦ
3095 2234 3332 2303 δηλαδὴ;
3367 2235 3510 2296 Ἕως
3553 2237 3648 2303 μὲν
3700 2232 3804 2288 οὖν

2216 2322 2498 2374 ἇπταιστοι
2532 2318 2689 2391 ἦσαν,
2725 2324 3051 2394 συγγνώμην
3085 2322 3225 2393 εἶχον
3259 2327 3355 2377 ἐπὶ
3383 2329 3446 2394 τῇ
3493 2325 3803 2397 παραλόγῳ

2215 2413 2394 2464 αὐτῶν
2438 2414 2651 2482 πράξει,
2696 2417 2760 2483 τῇ
2799 2416 3153 2483 αὑτομολήσει
3198 2415 3416 2484 δηλαδὴ,
3461 2416 3492 2484 ἢ
3537 2419 3600 2484 τῇ
3658 2420 3801 2484 περὶ

2211 2503 2272 2554 τὸ
2309 2503 2573 2556 διδάσκειν
2611 2505 2737 2565 τοὺς
2771 2504 3029 2571 ἀδελφοὺς
3062 2505 3334 2574 ῥᾳθυμίᾳ·
3381 2505 3470 2555 ὅτε
3496 2503 3550 2554 δέ
3597 2503 3799 2555 ἐπται-

2215 2609 2332 2654 σαν,
2372 2594 2445 2656 ὡς
2478 2595 2542 2646 ἂν
2591 2596 3114 2665 περπερευσάμενοι,
3158 2595 3339 2646 οὐκέτι
3383 2593 3634 2646 δύνανται
3683 2593 3796 2645 λει-

2213 2687 2474 2753 τουργεῖν.
2520 2685 2580 2737 Εί
2619 2675 2714 2754 μέν
2755 2683 2846 2738 οὖν
2886 2687 2946 2737 οὐ
2995 2683 3342 2747 πεπτώκασι,
3397 2684 3592 2753 φησὶν,
3639 2680 3798 2752 εἶχον

2213 2773 2279 2826 ἂν
2331 2774 2654 2844 συγγνώμην
2714 2777 2805 2827 ἐπὶ
2849 2778 2914 2844 τῇ
2966 2774 3283 2844 παραλόγως
3322 2773 3499 2826 αὐτῶν
3548 2773 3796 2844 πράξει·

2213 2863 2516 2932 παράλογον
2551 2865 2746 2933 πρᾶξιν
2792 2865 2851 2916 οὐ
2881 2864 2942 2916 τὸ
2978 2864 3341 2934 αὐτομολῆσαι
3379 2865 3534 2934 μόνον
3579 2865 3794 2929 καλῶν,

2211 2955 2344 3006 ἀλλὰ
2384 2955 2578 3024 μᾶλλον
2611 2955 2669 3006 τὸ
2703 2957 3016 3007 καταλιπεῖν
3046 2955 3106 3006 τὸ
3146 2956 3392 3024 ποίμνιον
3419 2955 3511 3007 τοῦ
3549 2957 3794 3025 Κυρίου,

2213 3045 2304 3095 καὶ
2331 3043 2405 3112 μὴ
2450 3044 2787 3113 παραμένειν
2824 3045 2968 3113 αὐτῷ
3003 3047 3093 3096 καὶ
3146 3045 3416 3114 στηρίζειν
3461 3047 3586 3107 τοὺς
3627 3046 3792 3099 ἀδελ-

2210 3139 2340 3200 φους
2383 3135 2761 3204 κλονουμένους
2791 3137 2846 3187 ἐν
2875 3135 2952 3204 τῷ
2985 3135 3160 3206 καιρῷ
3192 3134 3284 3187 τοῦ
3324 3135 3583 3203 διωγμοῦ.
3625 3137 3695 3188 Εἰ
3730 3137 3793 3191 δὲ

2210 3226 2553 3278 πεπτώκασιν
2585 3229 2646 3278 ἐκ
2683 3227 3013 3296 περπερείας
3036 3264 3050 3287 ,
3089 3227 3416 3296 περπερείαν
3459 3227 3502 3277 δ’
3545 3227 3792 3280 ἐνταῦθα

2206 3318 2302 3386 τὴν
2350 3317 2520 3385 οἴησιν
2574 3319 2664 3368 καὶ
2717 3315 2812 3385 τὴν
2860 3315 3170 3378 ἀλαζονείαν
3213 3316 3400 3368 καλεῖ·
3434 3315 3513 3367 ὅτι
3555 3315 3612 3380 ἐξ
3647 3317 3793 3368 ἀλα-

2208 3407 2412 3469 ζονείας
2447 3409 2751 3477 ἐθάρρησαν
2779 3408 3006 3467 ἐαυτοῖς,
3040 3407 3131 3458 καὶ
3163 3405 3250 3458 τὸν
3286 3393 3467 3472 ἀγῶνα
3503 3406 3794 3460 ὑπέλυσαν

2208 3499 2297 3550 καὶ
2330 3499 2552 3558 ἑαυτοὺς
2577 3497 2952 3565 ἐμωμὴσαντο,
2995 3496 3112 3546 ἀντὶ
3151 3495 3266 3556 τοῦ,
3311 3495 3397 3547 διὰ
3429 3497 3527 3563 τὴν
3570 3496 3793 3550 πτῶσιν

2211 3587 2396 3655 μῶμον
2426 3589 2726 3656 ἐπήνεγκαν
2756 3588 2995 3647 ἑαυτοῖς,
3031 3587 3209 3636 οῠκέτι
3248 3585 3502 3637 δύνανται
3535 3586 3792 3657 λειτουρ-

2204 3681 2337 3744 γεῖν.
2374 3677 2463 3728 Διὸ
2505 3675 2950 3745 φροντιξέτωσαν,
2988 3675 3152 3741 λέγει,
3199 3674 3394 3743 μᾶλλον
3431 3676 3487 3725 ἐν
3519 3691 3789 3728 ταπεινο-

2205 3767 2476 3836 φροσύνῃ,
2531 3766 2645 3828 πῶς
2687 3765 3022 3819 ἐκτελέσουσι
3070 3764 3168 3832 τὴν
3201 3763 3519 3832 ὁμολογίαν,
3571 3764 3788 3837 δηλαδὴ

2203 3856 2532 3924 παυσάμενοι
2588 3855 2682 3924 τῆς
2752 3851 3071 3915 κενοδοξίας.
3130 3853 3201 3903 Τὸ
3271 3851 3376 3921 γὰρ
3427 3851 3787 3920 λειτουργίαν

2203 3943 2402 4014 ζητεῖν,
2454 3943 2538 3996 διὰ
2584 3944 2914 4007 κενοδοξίαν,
2969 3943 3134 4012 φησὶ,
3169 3942 3394 4009 γίνεται.
3433 3943 3614 4010 Ἀρκεῖ
3638 3943 3788 4015 κγὰρ

2169 4034 2381 4106 .αὺτοίς
2421 4035 2452 4101 ὴ
2496 4033 2746 4089 κοινωνία
2772 4069 2786 4092 ,
2837 4033 3000 4097 ἤγουν
3047 4031 3106 4086 τὸ
3162 4033 3539 4097 συγκοινωνεῖν
3587 4030 3785 4094 αὐτοῖς

2200 4123 2323 4184 τοὺς
2357 4123 2611 4184 πιστοὺς,
2652 4121 2768 4189 ῆτοι
2815 4119 3198 4189 συνεύχεσθαι,
3245 4121 3277 4189 ἢ
3316 4121 3406 4172 καὶ
3446 4119 3554 4172 τῶν
3606 4120 3786 4175 θείων

2204 4211 2512 4281 μυστηρίων
2565 4210 2880 4280 μετάληψις.
2929 4211 3037 4262 Καὶ
3086 4207 3257 4260 ταῦτα
3291 4208 3406 4277 μετ’
3447 4209 3783 4273 ἐπιστασίας

2202 4302 2293 4352 καὶ
2314 4300 2592 4369 ἀκριϐείας
2613 4301 2894 4370 γενόμενα,
2917 4300 3009 4352 καὶ
3031 4299 3117 4350 ἴνα
3144 4298 3216 4368 μὴ
3241 4298 3430 4364 δόξωσι
3455 4298 3778 4360 λυπεῖσθαι,

547 4400 729 4460 studio
752 4395 1060 4452 ambitionis
1093 4391 1473 4461 proﬁciscitur.
1499 4387 2099 4455 Sullicitnamqneipsis

2210 4390 2340 4459 μετὰ
2367 4390 2485 4460 βίας
2514 4391 2990 4459 περιδρασσόμενοι
3020 4391 3117 4456 τῆς
3160 4388 3404 4440 ἐντεῦθεν
3433 4389 3776 4451 ἀναλύσεως,

546 4489 875 4552 communio,
901 4494 957 4537 ut
989 4500 1110 4538 cum
1133 4482 1266 4550 ipsis
1291 4481 1547 4534 nimirum
1577 4481 1758 4534 fideles
1793 4482 2096 4532 communi-

546 4587 689 4641 cent,
720 4593 782 4631 ac
811 4592 915 4630 una
944 4583 1228 4643 precentur
1248 4612 1260 4635 ,
1312 4572 1688 4626 velsacrorum
1715 4569 2093 4635 mysteriorum

549 4669 837 4748 perceptio.
871 4671 1053 4733 Atque
1079 4666 1190 4716 hinc
1218 4663 1433 4732 quidem
1485 4671 1636 4717 certo
1666 4663 1898 4716 consilio
1925 4662 2091 4716 sedu-

549 4761 704 4827 inque
734 4755 1201 4810 administratione
1231 4754 1363 4805 fiunt
1383 4793 1397 4816 ,
1429 4761 1541 4805 tum
1571 4769 1638 4807 ne
1665 4753 1948 4806 videantur
1974 4765 2093 4805 mo-

548 4849 701 4904 lcstia
752 4845 916 4904 affici.
957 4843 1081 4895 hinc
1125 4842 1542 4896 dissolutionem
1575 4845 1696 4897 vitae
1731 4844 2090 4911 arripientes,

549 4953 613 4991 nc
641 4933 843 4988 scilicet
877 4928 1142 4988 molestia,
1174 4928 1366 4995 inquit.
1419 4929 1630 4994 affecti,
1663 4930 1926 4996 decedant
1978 4929 2092 4983 sol-

547 5034 814 5092 ventes,a
833 5035 1057 5089 corpore
1077 5017 1322 5072 videlicet
1356 5019 1730 5079 abscedentes,
1767 5021 1837 5072 ob
1862 5021 1966 5072 vim
1984 5031 2094 5072 tor-

543 5127 868 5172 mentorum,
925 5099 1434 5177 afﬂictationnmque
1471 5124 1606 5176 quas
1655 5111 1707 5160 in
1758 5124 1973 5162 carcere
1999 5125 2092 5175 pa-

540 5205 776 5265 tiuntur;
830 5215 890 5253 ac
919 5216 984 5259 ne
1010 5200 1097 5267 qui
1129 5199 1533 5252 excusationem
1559 5196 1843 5264 praeferant
1877 5199 2090 5249 mulctzr.

2201 4481 2292 4533 καί
2333 4481 2417 4531 ἵνα
2445 4480 2518 4549 μὴ
2552 4479 2904 4548 λυπούμενοι,
2953 4479 3112 4546 φησιν
3135 4517 3148 4540 ,
3181 4477 3485 4528 ἀπέλθωσιν
3515 4475 3779 4534 ἐντεῦθεν

2201 4572 2536 4634 ἀναλύοντες.
2563 4573 2668 4624 ἀπὸ
2687 4571 2778 4622 τοῦ
2813 4570 3060 4639 σώματος
3105 4567 3342 4636 δηλονότι
3393 4566 3775 4635 ἐξερχόμενοι,

2203 4663 2337 4732 μετὰ
2385 4663 2502 4733 βίας
2534 4665 2631 4733 τῆς
2679 4664 2741 4714 ἐκ
2783 4661 2885 4713 τῶν
2932 4660 3203 4718 κολάσεων
3254 4661 3346 4711 καὶ
3384 4658 3482 4741 τῆς
3533 4661 3589 4709 ἐν
3643 4663 3777 4722 ταῖς

2198 4756 2435 4823 είρκταῖς
2485 4753 2876 4816 κακοπαθείας·
2923 4754 3016 4804 καὶ
3059 4753 3144 4804 ἵνα
3193 4752 3266 4820 μή
3301 4766 3442 4811 τινες
3489 4749 3777 4818 πρόφασιν

2198 4844 2363 4912 σχῶσι
2387 4843 2479 4895 τοῦ
2509 4843 2790 4911 ἐκλυθῆναι
2824 4844 2916 4895 καὶ
2941 4842 3278 4912 χαυνωθῆναι
3307 4841 3437 4909 πρὸς
3459 4840 3548 4890 τὸν
3574 4839 3772 4904 ἀγῶνα

2193 4933 2291 5000 τῆς
2315 4933 2628 5002 ὁμολογίας,
2671 4934 2760 4984 καὶ
2806 4932 2892 4983 διὰ
2929 4931 3084 4985 τοῦτο
3116 4933 3364 4982 ἐκπεσεῖν
3387 4968 3400 4988 ,
3439 4928 3536 4997 τὴν
3589 4928 3759 4978 emti-

2198 5040 2376 5093 μησιν.
2417 5024 2621 5084 Οίτινες
2675 5023 2870 5090 μᾶλλον
2916 5022 3378 5090 αἰσχυνθήσονται,
3425 5017 3560 5069 κατὰ
3607 5015 3669 5067 τὸ
3705 5018 3770 5069 ἐν

2194 5113 2542 5180 Εὑαγγελίοις
2572 5113 2885 5183 εἰρημένον·
2924 5115 3027 5178 ’ος
3052 5111 3324 5180 θεμέλιον
3354 5111 3463 5161 οὐκ
3495 5109 3769 5174 ἴσχυσεν

2191 5201 2519 5255 ἐκτελέσαι.

537 5301 722 5365 hujus,
754 5297 822 5350 ob
843 5311 1002 5364 quam
1036 5297 1087 5348 in
1117 5291 1480 5347 confessionis
1515 5292 1812 5344 certamine
1853 5291 2152 5347 dissolutos
2176 5309 2238 5348 ac
2281 5297 2504 5365 ignavos
2556 5315 2613 5354 se
2671 5306 2976 5368 gesserunt,
3027 5305 3186 5366 atque
3238 5295 3360 5348 idco
3415 5291 3764 5345 ceciderunt.

536 5387 635 5451 Qui
693 5388 872 5453 potius
922 5387 1118 5440 rubore
1155 5383 1550 5446 sntfundentur,
1597 5380 1748 5448 juxta
1784 5377 1910 5435 illud
1947 5383 2087 5455 quod
2125 5386 2176 5438 in
2211 5385 2497 5458 Evangelia
2529 5391 2725 5444 dicitur
2773 5410 2784 5444 ;

532 5479 794 5556 θυι-(ἰτςνι.

2843 5385 2946 5454 Qui
2988 5389 3380 5452 fundamentum
3430 5398 3532 5436 non
3587 5392 3764 5451 potui:
