4012 6452
174 323 264 385 501

1262 341 1349 405 IN
1398 341 1638 408 EPIST.
1675 345 1734 408 S.
1771 337 2005 407 PETRI
2041 348 2265 412 ALEX.

3254 352 3356 417 ἔδθῖ

175 460 566 532 ἐιεεήτησις
609 469 899 542 φερομένη
954 472 1103 526 κατὰ
1157 472 1272 535 τοῦ
1329 473 1701 542 Movqu

1813 471 2079 541 Digressio
2112 479 2366 541 quartato
2403 483 2651 528 caurus
2687 472 3020 530 lautorum
3047 477 3352 538 intenditur.

815 537 1037 594 ἅπασα.

241 639 711 712 Ἐπιστησάτωσαν
734 644 794 697 δὲ
824 646 914 699 τὸν
945 647 1067 700 νοῦν
1102 650 1212 711 τοῖς
1240 649 1390 722 παρά
1419 647 1514 704 τοῦ
1550 651 1714 721 μεγά-

161 728 246 780 λου
285 729 438 783 τοῦδε
475 733 686 803 Πατρὸς
718 736 809 788 καὶ
858 737 1244 809 ίερομάρτυρος
1287 741 1589 811 εἰρημένοις
1624 743 1712 794 έν-

159 816 325 871 ταῦθα
365 820 416 872 οἰ
461 821 706 890 λέγοντες
739 825 989 878 δύνασθαι
1032 828 1156 890 τοὺς
1201 830 1472 901 ἀρχιερεῖς
1515 848 1713 902 mpet-

158 905 360 959 τείσθαί
402 908 500 972 τὰς
527 912 816 981 ἐκκλησίας
855 916 1051 980 αὐτῶν,
1094 920 1188 972 καὶ
1223 924 1591 990 παρακρατεῖν
1614 920 1711 992 τὴν

157 995 468 1067 ἐρωσύνην.
503 1000 562 1051 Εἰ
590 1002 697 1071 γὰρ
727 1005 775 1055 οἱ
815 1005 946 1074 πρὸς
969 1005 1249 1077 ὁμολογίας
1279 1009 1462 1076 ἀγῶνα
1498 1011 1712 1074 ἑκόντες

151 1085 486 1154 ὁρμήσαντες
541 1089 810 1160 κληρικοὶ,
845 1095 934 1148 καὶ
979 1097 1324 1162 κολασθέντες
1361 1103 1453 1154 καὶ
1489 1103 1562 1172 μὴ
1601 1106 1712 1157 ἔπι-

155 1178 448 1242 μείναντες,
480 1179 612 1233 ἀλλά
639 1183 893 1246 ἐνδόντες.
929 1183 1044 1240 εἶτα
1071 1173 1526 1254 ἀναπαλαίσαντες
1560 1193 1710 1261 μόλις

150 1265 420 1329 ἀξιοῦνται
451 1269 794 1342 συγγνώμης,
822 1277 900 1337 εἰς
934 1276 993 1328 τὸ
1027 1277 1124 1347 τὴν
1146 1278 1479 1350 λειτουργίαν
1507 1282 1710 1336 ἀνασα-

149 1355 276 1407 λεῖν⁶
306 1357 448 1408 κατά
477 1359 566 1410 τὸν
601 1360 740 1412 θεῖον
766 1363 951 1416 τοῦτον
982 1367 1217 1438 Πατέρα,
1242 1368 1393 1421 οὐδὲν
1420 1371 1601 1440 ἕτερον
1626 1374 1711 1440 έγ-

151 1445 487 1514 καλούμενοι,
526 1448 558 1517 ἧ
595 1449 652 1500 τὸ
703 1452 1014 1506 καταλιπεῖν
1054 1455 1179 1518 τοὺς
1231 1457 1511 1526 ἀδελφοὺς,
1552 1460 1708 1513 δυνά-

150 1550 294 1599 μενοι
326 1535 509 1597 αὐτοῖς
550 1539 608 1589 ὲν
643 1540 815 1609 καιρῷ
858 1543 1222 1610 περιστάσεως
1259 1545 1543 1616 εὔχρηστοι
1570 1543 1706 1600 εἶναι

145 1626 222 1684 εἰς
249 1623 308 1676 τὸ
343 1626 615 1696 στηρίζειν
644 1630 857 1692 αὐτοὺς,
886 1633 979 1685 καὶ
1004 1632 1172 1686 ταῦτα
1205 1636 1504 1706 μαρτυρίας
1541 1636 1706 1700 ἀξιω·

146 1713 340 1776 θέντες,
367 1716 460 1766 καὶ
483 1717 550 1768 τά
571 1719 836 1788 στίγματα
860 1723 952 1774 τοῦ
985 1723 1216 1793 Χριστοῦ
1239 1727 1298 1777 έν
1321 1728 1387 1795 τῇ
1418 1727 1577 1796 σαρκὶ
1608 1729 1705 1779 αὐ·-

1877 645 2147 714 Adjiciant
2177 660 2340 715 porro
2379 646 2618 701 animum
2663 648 2733 703 iis
2759 665 2878 719 qua:
2914 652 2984 706 ab
3031 653 3132 708 hoc
3163 667 3356 724 magno

1808 731 1990 798 Patre,
2021 748 2094 788 ac.
2115 744 2302 789 sancto
2334 741 2568 804 martyre
2598 735 2702 789 hoc
2731 737 2851 790 loco
2878 740 3040 792 allata
3070 750 3219 804 sunt,
3260 745 3352 811 qui

1809 823 1998 879 dicunt
2024 826 2297 894 episcOpis
2326 825 2487 880 licere
2529 826 2788 887 ecclesias
2817 843 2944 884 suas
2972 831 3264 892 dimittere.
3282 849 3355 887 ac

1809 914 2095 967 sacerdotii
2125 914 2438 983 dignitatem
2490 916 2744 970 retinere.
2799 915 3006 972 Etenim
3058 923 3102 975 si
3143 926 3355 978 clericis

1809 1003 1901 1070 qui
1925 1011 2116 1072 sponte
2146 1019 2204 1057 se
2236 1004 2518 1058 certamini
2543 1004 2904 1061 confessionis
2937 1009 3264 1078 objecerant,
3293 1030 3354 1067 ac

1808 1092 2091 1150 tormentis
2120 1092 2298 1145 affecti
2332 1093 2511 1146 minus
2543 1102 2857 1148 constanter
2885 1099 3226 1162 obstiterant,
3260 1103 3353 1156 sed

1810 1187 2093 1249 postquam
2137 1189 2436 1243 cesserant,
2471 1182 2525 1237 in
2569 1191 2840 1238 certamen
2881 1187 3227 1244 redeuntibus
3266 1193 3350 1245 vix

1805 1269 2124 1322 conceditur
2153 1271 2326 1332 venia,
2349 1270 2494 1339 quod
2543 1286 2758 1326 sacrum
2805 1275 3164 1330 ministerium
3203 1281 3354 1336 obire

1807 1357 2180 1424 distulissent;
2228 1372 2327 1413 nec
2354 1375 2420 1413 ex
2467 1360 2630 1428 hujus
2672 1362 2839 1417 divini
2873 1362 3048 1420 Patris
3087 1371 3352 1423 sententia

1807 1447 2098 1516 quidquam
2127 1448 2272 1501 aliud
2299 1449 2432 1518 ipsis
2461 1451 2739 1519 objicitur,
2775 1468 2936 1523 quam
2973 1457 3118 1524 quod
3157 1456 3353 1515 fratres

1806 1536 2192 1600 deseruissent,
2225 1553 2348 1591 cum
2377 1540 2617 1594 adversis
2641 1557 2704 1596 ac
2742 1545 3070 1601 turbulentis
3098 1551 3356 1618 temperie

1806 1625 1909 1680 bus
1941 1640 2158 1694 possent
2190 1629 2317 1696 ipsis
2353 1626 2408 1682 in
2455 1629 2556 1684 fide
2583 1632 2966 1690 conﬁrmandis
3006 1652 3128 1692 esse
3158 1640 3350 1703 utiles;

1806 1711 1969 1780 idque
1995 1729 2119 1767 cum
2173 1725 2224 1768 et
2253 1716 2397 1784 digni
2437 1716 2606 1771 habiti
2655 1730 2838 1773 essent
2865 1723 2954 1788 qui
2987 1726 3353 1781 testimonium

144 1802 246 1853 τῶν
292 1806 714 1875 περιφέροντεςο
764 1811 880 1873 πῶς
928 1813 1213 1883 ἀρχιερεὺς
1251 1815 1344 1867 καὶ
1388 1815 1607 1886 ποιμὴν,
1646 1815 1701 1878 ὃς

1804 1802 2150 1886 perhiberent
2178 1802 2319 1866 ﬁdei,
2350 1812 2401 1858 et
2435 1804 2687 1874 stigmata
2733 1807 2936 1864 Christi
2963 1812 3018 1865 in
3057 1829 3157 1868 sua
3186 1829 3353 1871 carne

142 1889 338 1953 ὀφείλει
364 1891 568 1946 τιθέναι
590 1893 686 1964 τὴν
715 1895 887 1968 ψυχὴν
916 1900 1053 1970 ὑπὲρ
1077 1900 1181 1953 τῶν
1216 1900 1516 1969 προὸάτων,
1539 1919 1704 1955 κατα·-

145 1976 309 2031 λιπὼν
335 1980 432 2049 τὴν
463 1981 910 2052 ὶμπιστευθεῖσαν
937 1989 1165 2059 ποίμνην
1197 1989 1363 2060 αὐτῷ,
1392 1991 1484 2042 καὶ
1506 2007 1703 2064 παραι-

142 2069 441 2138 τησάμενος
479 2073 578 2141 τὴν
621 2076 788 2144 αὐτῆς
825 2079 1078 2147 φροντίδα
1118 2081 1210 2132 καὶ
1249 2081 1580 2150 ἐπιμέλειαν,
1609 2079 1704 2135 καὶ

142 2161 257 2211 ὅσον
305 2159 368 2212 τὺ
416 2165 537 2214 κατ’
580 2165 740 2218 αὐτὸν
779 2170 890 2230 τοῖς
931 2168 1113 2233 λύκοις
1142 2171 1342 2242 ταύτην
1374 2167 1699 2232 ἐκδεδωκὼς,

143 2247 458 2317 ἀντέχεσθαι
487 2252 584 2321 τῆς
610 2253 944 2325 λειτουργίας
966 2256 1170 2321 δίκαιος
1190 2259 1586 2329 λογισθήσεται,
1612 2258 1703 2310 καὶ

142 2335 196 2387 οὐ
232 2335 432 2404 μᾶλλον
488 2337 799 2410 βαρυτάτων
844 2345 1127 2414 ἐπιτιμίων
1170 2348 1485 2418 κριθήσεται
1534 2345 1701 2410 ἄξιος.

140 2430 220 2483 διά
251 2435 351 2503 τὴν
393 2432 490 2487 τοῦ
533 2433 878 2497 ἀνατεθέντος
921 2436 1067 2504 αύτῷ
1113 2437 1242 2491 λαοῦ
1295 2441 1712 2512 ὲγκατάλειψινς.

154 2521 303 2574 Ἀλλά
330 2523 427 2574 καὶ
450 2523 616 2591 γέρας
647 2523 784 2593 ὑπὲρ
826 2523 1025 2594 ταύτης
1051 2527 1340 2599 αίτήσει,ἢ
1380 2532 1575 2600 μᾶλλον
1607 2534 1703 2584 αὑ-

141 2610 224 2668 τὸς
247 2610 428 2680 ἑαυτῷ
463 2611 717 2682 παρέξειο
757 2612 818 2665 τὸ
867 2613 964 2682 μὲν
1009 2615 1173 2669 κόπον
1225 2619 1512 2688 προξενοῦν
1554 2620 1702 2692 αὑτῷ

140 2701 586 2769 παραιτούμενος,
619 2703 718 2770 τὴν
744 2701 1084 2759 διδασκαλίαν
1126 2708 1266 2776 φημί
1314 2711 1405 2761 καὶ
1452 2710 1547 2781 τὴν
1591 2711 1701 2764 τῶν

141 2793 518 2862 παλλομένων
547 2794 845 2865 διόρθωσιν,
870 2795 930 2849 τὸ
963 2796 1019 2849 δὲ
1052 2796 1203 2861 δόξαν
1239 2801 1331 2852 καὶ
1359 2803 1520 2871 τιμὴν
1545 2819 1702 2874 περι-

140 2884 320 2938 ποιοῦν
369 2886 778 2954 παρακατέχων,
827 2887 918 2938 καὶ
962 2886 1343 2958 οἰκειούμενος,
1395 2890 1488 2942 καὶ
1515 2893 1700 2945 τούτου

139 2975 298 3046 ἀπρὶξ
331 2976 605 3046 ἐχόμενος,
627 2959 725 3028 ’καὶ
761 2976 921 3046 μηδὲν
954 2977 1356 3047 μεθιστάμενος.
1391 2982 1450 3032 Εἰ
1479 2982 1584 3052 γάρ
1611 2983 1702 3036 ἐπὶ

139 3065 408 3136 κληρικῶν
465 3066 767 3135 παράλογος
808 3066 1096 3136 ὠνομάσθη
1138 3070 1350 3137 πρᾶξις,
1389 3071 1447 3121 τὺ
1490 3073 1700 3127 καταλι-
1727 3113 1765 3137 ,,

1803 1883 2213 1950 circumferrem
2243 1911 2255 1945 :
2287 1908 2521 1963 quonam
2555 1895 2715 1949 modo
2745 1911 2992 1955 summus
3022 1903 3278 1961 sacerdos
3299 1917 3352 1961 et

1802 1990 2008 2050 pastor,
2039 1982 2129 2051 qui
2178 1997 2275 2051 pro
2316 1968 2508 2039 cvibus
2541 1984 2698 2040 debet
2727 1989 2961 2044 animam
2995 2008 3217 2063 ponere,
3256 1997 3351 2051 de-

1803 2079 1949 2123 serto
1979 2086 2140 2141 grege
2177 2073 2278 2127 sibi
2318 2078 2633 2143 commisso,
2667 2081 2893 2149 ejusque
2933 2098 3064 2137 cura
3091 2094 3146 2140 et
3175 2089 3352 2142 admi-

1803 2161 2126 2219 nistratione
2169 2165 2467 2232 repudiata,
2503 2179 2556 2221 et
2587 2178 2848 2237 quantum
2888 2174 3106 2241 quidem
3147 2177 3201 2230 in
3232 2179 3349 2250 ipso

1801 2259 1884 2303 est
1911 2265 1976 2304 eo
2000 2253 2140 2319 lup‘s
2166 2255 2400 2322 prodito,
2436 2257 2627 2327 dignus
2652 2261 2926 2328 putabitur
2951 2265 3041 2332 qui
3076 2268 3217 2320 sacri
3249 2285 3348 2320 un-

1803 2341 2013 2394 nisterii
2065 2341 2382 2411 dignitatem
2441 2350 2706 2412 retineat,
2747 2359 2816 2404 ‘ac
2854 2369 2961 2406 non
3014 2355 3349 2416 gratissimis

1804 2432 1982 2498 potius
2013 2435 2187 2499 pinnis
2215 2435 2358 2501 quod
2391 2437 2490 2489 sibi
2513 2441 2945 2496 commendatum
2974 2447 3228 2513 pepulum
3255 2448 3350 2502 de-

1802 2520 2055 2582 seruerit,
2090 2522 2434 2578 Inuictandus
2462 2540 2582 2579 esse
2604 2527 2973 2594 judicabitur?
3003 2534 3142 2598 Quin
3169 2539 3348 2605 potius

1800 2607 1870 2660 ob
1901 2624 2018 2663 eam
2065 2626 2177 2664 rem
2214 2617 2493 2681 premium
2536 2617 2812 2688 deposcet,
2845 2623 2951 2676 imo
2985 2626 3087 2677 sibi
3122 2626 3349 2694 ipsemet

1801 2697 2199 2766 suppeditabit;
2242 2704 2384 2771 quod
2409 2705 2623 2773 quidem
2667 2709 2901 2764 laborem
2935 2711 3035 2779 ipsi
3067 2713 3218 2768 aﬂ‘ert
3261 2732 3349 2769 rc—

1802 2800 2023 2849 cusans,
2078 2788 2304 2843 docendi
2351 2793 2600 2848 videlicet
2651 2811 2848 2852 munus
2893 2801 3129 2870 vitiaque
3175 2807 3349 2858 corri-

1793 2873 1992 2940 gendi;
2055 2874 2202 2942 quod
2247 2892 2375 2931 vero
2421 2881 2645 2946 gloriam
2676 2884 2780 2953 18
2814 2902 2877 2941 ac
2901 2895 3064 2943 decus
3094 2893 3347 2948 conciliat

1793 2967 2140 3029 amplectens,
2181 2966 2397 3035 sibique
2428 2971 2725 3032 asciscens.
2749 2977 3129 3049 mordicusque
3154 2986 3204 3036 id
3226 3001 3352 3038 ren-

1804 3069 1957 3114 uens,
2007 3070 2182 3124 neque
2211 3057 2294 3110 vel
2319 3058 2589 3114 tantillum
2631 3056 2941 3120 remittens.
2980 3065 3036 3119 Si
3067 3068 3211 3121 enim
3258 3071 3344 3123 ubi

138 3113 365 3207 rei:ch
409 3113 567 3216 labi):
590 3113 695 3207 Kal.
888 3113 976 3207 τδν
1006 3113 1143 3226 ὑπὲρ
1164 3113 1439 3220 εΓύσέἑέίας
1475 3161 1700 3229 αὐτομο-

1800 3143 1866 3197 de
1897 3145 2111 3198 clericis
2151 3153 2233 3201 est
2279 3162 2477 3209 sermo,
2516 3151 2659 3205 actio
2704 3155 2899 3208 rationi
2939 3157 3141 3211 absona
3176 3161 3350 3214 nomi-

136 3245 288 3313 λῆσαι
317 3244 503 3311 ἀγῶνα
523 3262 535 3273 ·
564 3246 714 3314 πόσῳ
741 3243 898 3296 πλέον
923 3245 1369 3316 παραλογώτερον
1397 3249 1460 3301 ἂν
1490 3251 1697 3320 κριθείη

138 3334 228 3384 ἐπὶ
272 3334 572 3385 ἐπισκόπου
616 3334 1002 3398 καταλιπόντος
1053 3336 1144 3387 τὸν
1187 3340 1382 3390 οἰκεῖον
1414 3338 1558 3400 λαὸν,
1605 3341 1698 3391 καὶ

136 3423 193 3473 οὐ
228 3423 362 3490 πρὸς
405 3422 589 3489 ἀγῶνα
642 3421 959 3491 χωροῦντος,
1015 3423 1147 3493 πρὸς
1189 3424 1465 3494 ῥᾳστώνην
1508 3426 1562 3478 δὲ
1608 3429 1700 3479 καὶ

135 3511 451 3572 ἀνάπαυσιν,
472 3511 563 3563 καὶ
584 3510 878 3580 φροντίδων
903 3512 1040 3581 ὑπὲρ
1058 3511 1322 3580 ὠφελείας
1349 3514 1534 3584 ψυχῶν
1568 3518 1699 3568 ἀπό-

136 3599 278 3651 Θεσιν
302 3603 400 3652 καὶ
424 3600 755 3669 ἀπόδρασιν;
779 3601 889 3654 Καὶ
919 3604 948 3654 ό
972 3608 1047 3665 ις’
1072 3602 1128 3654 δὲ
1152 3602 1329 3656 κανὼν
1349 3605 1446 3674 τῆς
1467 3606 1697 3675 ἑϐδόμης

134 3692 508 3759 ι-ίκουμενικῆς
557 3691 771 3744 συνόδου
815 3691 1010 3762 πολλὴν
1041 3693 1373 3764 ἀϐελτηρίαν
1411 3700 1701 3766 κατηγορεῖ

134 3778 236 3829 τῶν
265 3779 923 3849 ψηφιζομένωνδύνασθαι
974 3782 1099 3844 τοὺς
1148 3784 1422 3853 ἀρχιερεῖς
1460 3785 1554 3848 τάς
1589 3788 1700 3837 ὲπι-

136 3871 341 3932 σκοπὰς
363 3871 759 3940 παραιτεῖσθαι,
783 3872 881 3941 τὴν
902 3873 958 3926 δὲ
988 3874 1031 3925 is
1041 3875 1283 3944 ρωσύνην
1307 3881 1692 3947 παρακρατεῖν.

135 3962 193 4013 ει
219 3963 325 4033 γάρ
348 3963 487 4016 κατά
512 3964 604 4017 τὸν
629 3957 911 4035 εἰρημένον
938 3968 1134 4021 κανόνα
1162 3972 1190 4022 ό
1212 3971 1522 4036 ἐπίσκοπος,
1559 3975 1696 4045 ὑπὲρ

131 4051 189 4101 τὸ
217 4052 483 4120 ἑξάμηνον
517 4053 614 4121 τῆς
647 4053 853 4117 οἰκείας
888 4055 1239 4128 ἀποδημήσας
1281 4061 1580 4130 ἐπισκοπῆς
1605 4061 1696 4132 [av

136 4140 226 4211 μὴ]
266 4141 395 4210 μιᾶς
430 4142 538 4194 τῶν
574 4144 1041 4214 ἀπηριθμημένων
1079 4148 1136 4199 ὲν
1173 4148 1319 4218 αὑτῷ
1365 4151 1573 4216 αίτιῶν,
1603 4153 1697 4205 καὶ

131 4234 223 4300 τῆς
253 4235 556 4303 δπισκοπῆς
589 4235 682 4286 καὶ
715 4236 812 4304 τῆς
853 4237 1256 4308 ἀρχιερωσύνης
1301 4241 1571 4306 ἐκπίπτει,
1603 4245 1697 4296 καὶ

132 4321 330 4387 ἀμφοῖν
356 4320 706 4391 ἠλλοτρίωται
725 4339 736 4351 ·
767 4322 880 4385 πῶς
904 4325 932 4375 ὁ
955 4327 1422 4396 παραιτησάμενος
1449 4329 1548 4399 τὴν
1579 4331 1698 4383 ἑπι-

1799 3240 1922 3284 nata
1953 3234 2019 3286 sit
2048 3233 2292 3287 deserere
2333 3236 2608 3304 populum,
2642 3246 2803 3308 atque
2833 3243 2896 3294 ad
2931 3253 3203 3299 certamen
3235 3249 3349 3315 pie-

1798 3321 1925 3372 tatis
1957 3335 2121 3373 causa
2167 3325 2579 3391 transmigrare;
2621 3337 2826 3393 quanto
2871 3331 2921 3382 id
2965 3332 3134 3400 magis
3179 3351 3209 3386 a
3262 3350 3350 3387 ru-

1799 3409 1944 3462 tione
1976 3411 2210 3464 alienum
2256 3413 2311 3465 in
2347 3414 2602 3483 episcopo
2634 3417 2987 3483 judicabitur,
3033 3424 3123 3488 qui
3177 3438 3348 3491 popu-

1799 3499 1908 3552 lum
1936 3515 2094 3553 suum
2135 3501 2355 3565 deserit,
2389 3519 2496 3557 non
2529 3514 2588 3557 ut
2619 3506 2684 3558 ad
2711 3516 2984 3561 certamen
3015 3510 3220 3573 tendat,
3254 3516 3346 3567 Sed

1799 3595 1857 3638 ut
1885 3589 2052 3656 quieti
2076 3603 2134 3643 se
2170 3604 2232 3642 ac
2273 3591 2577 3645 remissioni
2609 3593 2808 3651 tradat.
2841 3610 3109 3666 curasque
3137 3613 3232 3666 pro
3261 3617 3349 3654 su-

1799 3680 1912 3733 lute
1941 3679 2242 3732 animarum
2271 3680 2504 3749 deponat
2527 3696 2590 3736 ac
2618 3682 2856 3752 effugiat.
2885 3683 3133 3740 Decimus
3161 3702 3345 3742 sextus

1797 3784 2014 3839 quoque
2043 3783 2218 3824 canon
2265 3771 2506 3838 septimae
2539 3773 2885 3827 tecumeuit-ze
2926 3777 3136 3844 synodi,
3170 3780 3349 3830 stulti-

1801 3853 1890 3914 tiae
1913 3859 2149 3929 graviter
2181 3868 2399 3915 accusat
2421 3875 2516 3914 eos
2545 3861 2634 3929 qui
2669 3863 2734 3914 ab
2757 3863 3034 3932 episcopo,
3068 3867 3348 3934 repudiato

1798 3952 2138 4019 episcopatu,
2163 3949 2303 4002 sacri
2323 3950 2606 4006 ministerii
2629 3950 2941 4019 dignitatern
2961 3954 3349 4025 rctineripos~e

1796 4041 2112 4094 decernunt.
2150 4037 2207 4092 Si
2245 4053 2478 4108 namque
2510 4056 2576 4092 ex
2607 4041 2831 4095 canonis
2875 4043 3023 4095 allati
3054 4049 3345 4107 sententia,

1796 4129 2082 4196 episcopus
2113 4128 2204 4197 qui
2234 4129 2373 4181 ultra
2406 4139 2666 4183 semestre
2698 4137 2910 4199 tempus
2947 4147 2977 4185 a
3010 4148 3110 4187 suo
3135 4134 3348 4203 episco-

1796 4227 1922 4288 patu
1958 4219 2212 4281 abfuerit,
2247 4219 2350 4274 nisi
2387 4234 2494 4274 una
2541 4220 2720 4288 aliqua
2749 4236 2815 4275 ex
2859 4221 2928 4276 iis
2961 4239 3080 4292 qua~
3127 4225 3198 4277 ibi
3245 4242 3348 4278 nu-

1796 4319 2096 4370 merantur,
2149 4323 2316 4380 causa
2372 4309 2772 4373 intercesserit,
2819 4323 2872 4366 et
2929 4317 3246 4383 episcopatu
3292 4326 3346 4368 et

134 4411 358 4479 σκοπὴν,
381 4411 474 4463 καὶ
500 4412 880 4480 ἀπαγορεύσας
910 4414 1101 4484 μηκέτι
1134 4395 1432 4483 ποιμαίνειν
1535 4419 1694 4487 ἐμπισ

1800 4395 1992 4450 summi
2017 4395 2306 4450 sacerdotii
2338 4396 2600 4466 dignitate
2629 4398 2850 4462 excidit,
2891 4415 2956 4455 ac
2986 4409 3214 4471 utroque
3236 4408 3350 4473 pri-

133 4501 349 4553 οτευθὲν
403 4500 550 4570 αὐτῷ
605 4503 870 4570 ποίμνιον,
903 4505 996 4556 καὶ
1044 4504 1140 4573 τῆς
1186 4504 1371 4557 τούτου
1423 4507 1694 4576 φροντίδος

131 4589 212 4644 διὰ
245 4591 364 4658 βίου
399 4593 832 4661 καταφρονήσας,
863 4593 946 4666 εζη
989 4593 1054 4646 ἂν
1095 4594 1408 4664 ἀρχιερεύς;
1446 4597 1508 4649 Εί
1534 4597 1641 4666 γὰρ
1667 4601 1695 4651 ό

130 4680 185 4730 τὸ
209 4675 374 4750 ἧττον
401 4680 747 4748 ἁμαρτάνων,
779 4681 837 4733 τὸ
870 4683 959 4733 ἐπὶ
998 4682 1154 4734 πλέον
1190 4683 1535 4752 ἑξαμηνιαίου
1577 4703 1692 4738 και-

135 4769 220 4836 ροῦ
263 4769 584 4821 καταλιπεῖν
628 4771 717 4822 τὸν
772 4772 861 4823 ὑπ’
897 4772 1056 4823 αὐτὸν
1102 4772 1226 4824 λαὸν
1270 4774 1594 4842 ἀποίμαντόν
1636 4793 1694 4827 τε

133 4861 218 4910 καὶ
233 4859 592 4928 ἀτημέλητον,
613 4859 880 4913 ὲκπτώσει
925 4863 1018 4914 καὶ
1043 4863 1138 4930 τῆς
1165 4863 1464 4932 ἐπισκοπῆς
1494 4865 1696 4932 καὶτῆς

134 4949 427 5019 ιιρωσὺνης
453 4953 739 5018 ἀφίσταται
776 4970 790 4982 ο
818 4956 846 5005 ό
874 4955 935 5006 τὸ
959 4952 1151 5022 μᾶλλον
1181 4955 1272 5005 καὶ
1312 4954 1372 5007 τὸ
1397 4955 1696 5006 πολλαπλά-

135 5054 239 5089 σιον
279 5038 634 5106 πλημμελῶν,
686 5041 746 5093 τὸ
788 5043 852 5093 δι’
882 5043 1000 5094 ὅλου
1035 5042 1348 5096 καταλιπεῖν
1389 5043 1456 5094 τὰ
1497 5043 1691 5113 πλήθη,

135 5125 268 5191 ειπερ
306 5127 455 5194 αὐτῷ
481 5131 793 5181 ἐπισκοπεῖν
819 5147 878 5182 τε
902 5132 993 5184 καί
1018 5133 1148 5202 όρᾷν
1172 5135 1204 5202 ἡ
1232 5131 1324 5184 τοῦ
1355 5133 1493 5184 θείου
1526 5134 1695 5187 Πνεύ-

138 5235 298 5282 ματος
346 5219 503 5288 χάρις
550 5220 785 5284 ἀνέθετο,
841 5221 1035 5290 μᾶλλον
1069 5221 1133 5273 ἂν
1183 5221 1265 5290 εἴη
1312 5222 1517 5286 δίκαιος
1565 5237 1696 5289 ego-

135 5304 377 5374 ερότερςν
409 5305 852 5372 κολασθήσεσθαι,
885 5307 978 5358 καὶ
1028 5306 1244 5375 μείζονα
1293 5307 1553 5376 τιμωρίαν
1593 5308 1693 5374 ὐφ-

138 5391 269 5456 έξειν
291 5395 389 5461 τῆς
407 5397 530 5447 ὅσον
561 5395 646 5445 ἐπ’
669 5395 857 5464 ἐκείνῳ
884 5395 1152 5457 ἀπωλείας
1182 5397 1450 5464 ποιμνίου,
1485 5391 1542 5449 οὗ
1574 5413 1696 5465 προ-

137 5484 404 5552 εχῑιρίσθη
436 5485 633 5554 ποιμὴν
661 5485 806 5554 παρά
828 5485 918 5538 τοῦ
965 5485 1177 5556 πρώτου
1203 5487 1294 5538 καὶ
1327 5486 1558 5556 μεγάλου
1593 5489 1692 5555 ἀρ-

137 5576 356 5646 χιιρέω,
378 5577 471 5626 καὶ
501 5576 898 5645 ἀρχιποιμένος.
925 5579 985 5628 Oi
1015 5577 1069 5629 δὲ
1101 5577 1192 5628 καὶ
1219 5578 1384 5646 γέρας
1419 5577 1565 5647 αύτῷ
1603 5581 1693 5629 καὶ

144 5665 376 5735 ἀμοιῦὴν
391 5664 485 5735 τῆς
519 5668 891 5735 παραιτήσεως
927 5665 1370 5735 ἐπιψηφιζόμενοι
1413 5667 1507 5734 τὴν
1542 5669 1692 5735 ἱερων

1796 4497 1990 4540 vatur:
2017 4501 2250 4555 quonam
2279 4490 2441 4543 modo
2473 4493 2564 4559 qui
2607 4491 2910 4559 repudiavit
2952 4495 3345 4562 episcopatum,

1795 4577 2166 4646 creditumque
2194 4579 2296 4632 sibi
2323 4596 2536 4650 gregem
2566 4583 2742 4635 adhuc
2763 4596 2984 4650 pascere
3002 4587 3221 4638 omnino
3249 4588 3348 4640 ab-

1795 4670 1933 4734 nuit,
1964 4669 2190 4737 ejusque
2218 4685 2402 4723 curam
2438 4673 2626 4727 inertis
2652 4675 2772 4727 vitae
2805 4674 2988 4728 studio.
3024 4682 3343 4734 contemnit.

1795 4759 1971 4814 adhuc
2010 4761 2063 4814 in
2099 4765 2477 4832 episcoporum
2514 4777 2745 4817 numero
2783 4764 3343 4821 babebitur?Etenim

1795 4851 1839 4902 si
1874 4850 1966 4916 qui
2006 4851 2184 4905 minus
2226 4851 2511 4919 delinquit,
2553 4861 2613 4905 ut
2660 4854 2800 4906 ultra
2831 4861 3092 4908 semestre
3133 4863 3348 4929 tempus

1795 4941 2094 5003 subiectum
2144 4942 2248 4996 sibi
2292 4943 2544 5010 populum
2589 4943 2816 5010 pastoris
2861 4959 2992 4997 cura
3024 4954 3077 4998 et
3115 4945 3349 4999 admitti.

1796 5032 2054 5084 stratione
2085 5032 2403 5084 destitutum
2449 5032 2736 5100 relinquat,
2772 5034 3120 5103 episcopatus
3165 5043 3218 5088 et
3257 5052 3348 5089 sa-

1793 5137 1901 5174 crae
1926 5121 2204 5189 dignitatis
2235 5123 2585 5189 privationem
2611 5123 2872 5189 incurrit;
2904 5126 2993 5194 qui
3027 5125 3077 5177 in
3116 5138 3178 5178 eo
3198 5129 3340 5192 quod

1793 5211 1970 5278 majus
2011 5219 2065 5265 et
2103 5212 2286 5265 multis
2333 5213 2574 5280 partibus
2622 5213 2842 5283 gravius
2888 5223 2991 5276 cst,
3033 5225 3238 5283 peccat,
3287 5227 3346 5268 ut

1795 5303 2192 5359 multitudinem
2219 5319 2380 5372 quam
2401 5307 2501 5372 ipsi
2533 5309 2826 5359 curandam
2857 5316 2908 5360 et
2929 5305 3342 5367 custodiendam

1795 5394 1966 5446 sancti
2010 5391 2242 5460 Spiritus
2283 5384 2454 5462 gratia
2501 5394 2791 5452 commisit,
2837 5394 3059 5445 omnino
3098 5396 3343 5448 deserat“:

1794 5483 1985 5537 merito
2015 5484 2172 5552 plane
2214 5483 2466 5552 punietur
2494 5484 2887 5543 vehementius,
2934 5482 3346 5550 gravioremqtm

1793 5589 2006 5642 pmnam
2038 5575 2327 5642 persolvet,
2356 5573 2571 5643 perditi,
2599 5572 2742 5636 quod
2772 5573 2824 5626 in
2860 5573 2976 5640 ipse
3007 5578 3110 5630 est,
3142 5584 3341 5639 gregis,

1794 5668 1948 5734 cujus
1977 5668 2088 5733 ipse
2117 5677 2298 5733 pastor
2321 5681 2348 5718 a
2379 5666 2639 5736 primario
2674 5665 2764 5719 illo
2789 5679 2850 5718 ac
2879 5678 3132 5732 supremo
3159 5675 3346 5717 sacci“
