4012 6458
261 374 359 439 505

1380 366 1457 430 ΙΝ
1490 369 1724 431 EPIST.
1758 369 1815 431 S.
1848 367 2076 428 PETRI
2118 368 2335 432 ALEX.

3362 356 3467 420 506

264 506 497 567 νάμενοι,
533 496 649 565 ἤτοι
696 494 769 563 μὴ
814 489 1186 549 τελειώσαντες
1234 485 1294 539 τὺ
1344 486 1535 539 καλόν·
1587 484 1681 537 νῦν
1729 484 1808 537 καῖ

1919 491 2156 535 mentum
2190 491 2386 535 tectum
2411 496 2625 551 quoque
2651 479 3049 544 fabricaverint,
3075 494 3170 535 seu
3192 480 3337 550 quod
3369 482 3461 533 lo-

268 586 598 655 κατασκευὴν
626 584 812 637 τούτου
841 601 896 635 τε
919 582 1010 635 καὶ
1033 581 1139 632 τῶν
1166 577 1365 630 λοιπῶν
1390 577 1599 643 ἐπάγει,
1625 575 1814 641 λέγων·

266 682 325 733 Ol
354 681 461 749 γὰρ
486 680 543 731 ἐν
575 678 652 747 τῷ
684 678 969 747 βράσματι,
999 675 1163 743 ἤγουν
1208 674 1264 724 ἐν
1307 673 1371 739 τῇ
1405 671 1551 737 ἀκμῇ
1582 667 1674 720 τοῦ
1700 669 1820 719 διω-

263 769 405 839 γμοῦ
430 771 721 836 ἱστάμενοι,
744 768 835 819 καὶ
862 765 1088 835 ὁρῶντες
1110 762 1175 815 τὰ
1207 761 1476 831 μαρτύρια
1497 759 1605 810 τῶν
1631 758 1815 823 ἁγίων,

266 860 361 913 καὶ
415 860 560 921 ὅπως
619 858 901 909 σπεύδουσι
951 855 1075 917 τούς
1129 853 1196 914 ἐξ
1241 851 1479 921 οὐρανῶν
1531 851 1819 918 στεφάνους

264 947 446 1002 λαϐεῖν
492 948 627 1000 κατὰ
655 947 817 1014 ζῆλον
864 946 1021 1006 θεῖον,
1074 942 1343 994 ἐπεδίδουν
1393 940 1615 999 ἑαυτοὺς
1646 942 1723 1000 εἰς
1760 939 1817 990 τὸ

268 1037 561 1106 μαρτύραν
612 1037 748 1105 μετά
791 1034 1091 1103 παρρησίας
1154 1031 1384 1098 πολλῆς,
1446 1030 1540 1081 καὶ
1591 1028 1819 1097 μάλιστα

262 1125 346 1178 ὅτι
370 1124 588 1176 ἔϐλεπόν
602 1142 751 1185 τινας
775 1121 1219 1189 ὐποσυρομένους,
1243 1119 1361 1171 ἀντὶ
1389 1117 1501 1179 τοῦ,
1528 1117 1818 1185 κλεπτομέ-

264 1231 387 1275 νους
412 1214 503 1265 καὶ
547 1212 929 1281 ἀπατωμένους
962 1210 1063 1261 ὑπὸ
1105 1209 1195 1261 τοῦ
1240 1208 1503 1269 διαϐόλου,
1542 1210 1632 1260 καὶ
1662 1208 1816 1259 ἐκπί-

264 1321 512 1365 πτοντας,
549 1306 662 1372 ἦτοι
697 1301 1051 1371 ἀρνουμένους
1084 1300 1178 1368 τὴν
1213 1297 1488 1350 εὐσέϐειαν
1509 1313 1520 1326 ·
1548 1291 1622 1348 ὧν
1661 1298 1816 1366 χάριν

262 1395 776 1465 ὐποθερμαινόμενόι
800 1391 1012 1451 ἔσωθεν,
1037 1390 1154 1458 ἦτοι
1172 1390 1267 1457 τὴν
1294 1387 1513 1457 καρδίαν
1542 1386 1813 1455 πυρούμε-

264 1501 363 1544 νοι,
388 1483 463 1543 ὡς
502 1484 592 1534 καὶ
632 1482 914 1542 ἀκούοντες
956 1478 1551 1547 καταπολεμῆσαι,ήτοι
1598 1477 1814 1544 νικῆσαι

260 1572 347 1623 διά
376 1570 564 1622 τούτου
608 1571 695 1621 τὸν
748 1568 975 1631 ἀλαζόνα
1016 1569 1108 1619 καὶ
1146 1566 1513 1633 ἀντικείμενον
1551 1565 1811 1627 διάϐολον,

262 1658 592 1710 ἐσπούδασαν
625 1657 875 1709 ὑποδῦναι
907 1656 965 1707 τὸ
993 1655 1303 1724 μαρτύριον,
1331 1655 1415 1705 ἵνα
1444 1653 1516 1723 μὴ
1541 1654 1815 1722 καυχήση-

261 1765 345 1799 ται
374 1750 402 1800 ό
440 1747 676 1809 διάϐολος
728 1746 822 1798 καὶ
866 1744 990 1814 δόξῃ
1038 1744 1208 1813 ἐαυτῷ
1252 1744 1509 1814 φρόνιμος
1554 1740 1707 1804 εἶναι,
1739 1744 1813 1806 ὼς

260 1840 484 1906 νικήσας
500 1838 635 1889 κατά
651 1836 978 1904 πανουργίαν
999 1835 1121 1896 τοὺς
1139 1835 1608 1903 αὐτομολήσαντας
1623 1851 1635 1863 ⁸
1654 1836 1700 1885 εί
1722 1835 1813 1886 καὶ

258 1928 510 1981 ἐλάνθανε
534 1927 726 1995 μᾶλλον
756 1926 1001 1978 νικᾶσθαι
1029 1926 1130 1977 ὐπὸ
1158 1924 1264 1977 τῶν
1298 1924 1540 1993 ἀθλητῶν
1559 1923 1663 1976 τῶν
1688 1940 1814 1993 καρ-

261 2018 597 2087 τερησάντων
636 2018 731 2079 τὰς
780 2017 1054 2085 βασάνους.
1100 2016 1221 2077 Τοῖς
1267 2014 1394 2081 γοῦν
1426 2018 1632 2077 πιστοῖς
1667 2013 1813 2079 ἄξιόν

256 2110 426 2168 ἐστιν,
459 2108 766 2177 εὐχομένοις
786 2106 922 2175 ὑπὲρ
951 2104 1126 2157 αὐτῶν
1150 2104 1255 2156 τῶν
1281 2104 1693 2174 τιμωρηθέντων
1718 2102 1812 2156 καὶ

256 2197 612 2266 ἡττηθέντων,
643 2196 922 2256 ἐπινεύειν,
956 2198 1071 2264 ἦτοι
1104 2194 1425 2263 συντρέχειν,
1459 2195 1486 2245 ὃ
1520 2211 1571 2245 τι
1612 2194 1703 2247 καὶ
1725 2194 1812 2246 δέ·

256 2287 459 2348 δοκται,
490 2285 582 2337 καὶ
614 2286 753 2337 κατά
787 2302 837 2337 τι
876 2287 933 2336 οὐ
965 2285 1185 2353 βλάπτει
1234 2284 1573 2359 συμπάσχειν
1606 2283 1698 2335 καὶ
1724 2283 1813 2335 λυ-

260 2375 473 2426 πεῖσθαι
503 2374 641 2443 μετά
671 2374 777 2424 τῶν
799 2374 992 2440 γονέων
1016 2373 1047 2441 ἥ
1073 2373 1177 2425 τῶν
1206 2373 1375 2433 ἄλλως
1404 2372 1813 2443 προσῳκειωμέ-

259 2481 363 2515 νων
394 2463 533 2532 ὐπέρ
582 2463 688 2515 τῶν
722 2463 1200 2533 μαρτυρησάντων,
1245 2464 1339 2514 καὶ
1383 2462 1812 2515 ἐκπεπτωκότων

259 2552 365 2605 ἀπὸ
395 2551 644 2621 μηχανῆς
671 2551 762 2603 τοῦ
782 2550 1042 2603 διαϐόλου.
1075 2549 1409 2619 Γινώσκομεν
1434 2548 1557 2617 γὰρ,
1589 2549 1662 2611 ὡς
1689 2548 1813 2601 πολ-

258 2642 340 2693 λοὶ
372 2644 688 2711 ἀπήλαυσαν
732 2643 822 2695 τοῦ
856 2642 1034 2703 ἐλέους
1078 2642 1299 2709 καὶτῆς
1345 2640 1672 2709 ἁγαθότητος
1716 2637 1810 2692 τοῦ

258 2731 391 2784 Θεοῦ
421 2731 508 2783 διά
537 2733 699 2801 εὐχῆς
745 2732 961 2802 ἐτέρων.
994 2732 1090 2784 Διά
1119 2748 1195 2783 τοι
1227 2728 1380 2783 τοῦτο
1422 2730 1603 2788 αὐτοῖς
1632 2746 1692 2780 τε
1724 2730 1810 2781 δο-

259 2821 413 2888 θῆναι
432 2819 638 2887 ’ἄφεσιν
684 2820 831 2888 παρά
870 2818 962 2870 τοῦ
1012 2818 1144 2870 Θεοῦ
1176 2818 1545 2887 ἐξαιτήσομεν,
1573 2818 1666 2870 καὶ
1700 2821 1812 2879 τοῖς

260 2910 436 2971 ὧλοις
461 2912 570 2970 τοῖς
602 2908 993 2969 ἐκπεπτωκόσι,
1023 2907 1112 2960 καὶ
1136 2908 1269 2975 μετά
1295 2908 1463 2960 ταῦτα
1491 2907 1586 2976 τὴν
1608 2907 1812 2975 πλάνην

260 2997 745 3066 ἀνακαλεσαμένοις
798 2998 890 3049 καὶ
944 2996 1302 3065 όμολογήσασι
1349 2998 1448 3065 τὴν
1498 2994 1809 3054 εὐσέϐειαν,

264 3088 786 3155 συγκοινωνὴσομεν,
835 3086 1162 3155 μεμνημένοι
1187 3084 1293 3137 τῶν
1336 3085 1441 3154 πρὸ
1489 3085 1584 3152 τῆς
1610 3082 1814 3135 ἐκπτώ-
1837 3124 1878 3179 c

259 3194 394 3239 σεως
443 3176 664 3243 ἀγώνων
696 3174 889 3237 αὐτῶν,
940 3168 1013 3227 ὧν
1046 3174 1354 3242 ὐπήνεγκαν
1394 3174 1483 3225 διὰ
1509 3174 1601 3225 τὸν
1650 3173 1807 3237 Θεὸν,

256 3264 390 3316 ἀλλὰ
419 3265 523 3333 μὴν
552 3264 644 3315 καὶ
676 3263 766 3316 τοῦ
797 3263 932 3332 μετά
956 3262 1123 3316 ταῦτα
1146 3263 1344 3329 ἀγαθοῦ
1370 3262 1668 3333 μεταμέλου
1699 3263 1812 3315 τού-

256 3368 381 3411 των,
414 3352 507 3403 καὶ
541 3354 621 3403 ὅτι
654 3350 1060 3420 μεμαρτύρηται
1102 3350 1478 3413 ἀπολιτεύτους
1506 3351 1809 3418 λογίζεσθαι

257 3442 476 3502 ἑαυτοὺς
506 3440 592 3493 διά
624 3441 947 3510 ἁμάρτημα·
988 3441 1080 3492 καὶ
1104 3441 1164 3492 οὐ
1197 3432 1353 3508 μόνον
1388 3441 1811 3510 συγκοινωνήσο-

261 3547 359 3598 μεν
384 3532 584 3592 αὐτοῖς,
616 3529 748 3582 ἀλλά
777 3528 869 3587 καὶ
895 3528 1254 3598 συνευξόμεθα
1282 3528 1419 3597 ὑπὲρ
1456 3527 1680 3597 ἱλασμοῦ
1713 3529 1809 3580 αὐ-

258 3619 363 3671 τῶν
400 3621 533 3687 μετά
558 3620 663 3672 τῶν
706 3620 874 3673 ἄλλων
905 3620 1009 3671 τῶν
1054 3618 1427 3687 καθηκόντων,
1473 3620 1639 3688 ἢγουν
1671 3617 1809 3688 μετά

257 3708 363 3759 τῶν
388 3704 709 3775 όφειλουσῶν
734 3708 967 3775 γίνεσθαι
990 3708 1239 3760 εὐποιιῶν
1273 3708 1398 3776 περὶ
1426 3707 1664 3771 τούτους,
1724 3726 1809 3776 νη-

258 3798 435 3857 στείας
464 3796 720 3862 δηλονότι,
768 3796 1125 3864 ἐλεημοσύνης
1155 3798 1247 3847 καὶ
1291 3795 1572 3864 μετανοίας
1594 3812 1607 3824 ·
1645 3796 1711 3847 δι’
1733 3789 1805 3847 ὧν

256 3888 285 3937 ό
317 3886 592 3954 γενόμενος
642 3864 981 3954 παράκλητος
1025 3886 1162 3954 ὑπὲρ
1208 3887 1360 3954 ἡμῶν
1410 3884 1804 3955 ἐξευμενίζεται

259 3977 387 4044 ἡμῖν
419 3976 509 4026 τὸν
552 3975 783 4044 Πατέρα.
829 3972 960 4027 Εἶτα
1008 3974 1097 4025 καὶ
1141 3979 1331 4044 χρήσει
1369 3974 1628 4044 κέχρηται
1672 3990 1804 4042 γρα-

257 4066 410 4131 φικῇ.
457 4064 519 4115 Ἦ
555 4063 613 4114 δέ
644 4065 788 4115 ἐστιν
832 4065 893 4115 ἐκ
936 4064 1033 4131 τῆς
1079 4062 1297 4131 πρώτης
1344 4062 1633 4129 acerrimi};
1689 4064 1805 4112 ἐπι-

259 4156 442 4225 στολῆς
468 4154 561 4207 τοῦ
592 4154 744 4221 ἁγίου
774 4153 1064 4207 ἀποστόλου
1094 4155 1184 4210 καὶ
1211 4152 1587 4219 εὐαγγελιστοῦ
1629 4153 1804 4204 Ἰωάν-

256 4262 364 4298 νου.

325 4336 560 4388 ZONAP.
613 4336 669 4388 Ὀ
708 4336 830 4397 νοῦς
869 4334 960 4387 τοῦ
1002 4333 1264 4405 παρόντος
1301 4333 1519 4395 κανόνος
1566 4330 1802 4393 τοιοῦτός

1920 587 2045 623 num
2078 579 2164 625 est
2211 587 2319 626 non
2365 570 2687 639 perfecerint
2713 592 2724 626 :
2754 584 2900 625 nunc
2935 570 3099 638 hujus
3142 581 3195 623 et
3225 569 3458 637 reliquo-

1918 672 2038 710 rum
2068 657 2531 710 conﬁrmationem
2571 656 2796 719 inducit,
2832 657 3019 711 dicens
3046 673 3059 708 :
3083 655 3185 719 Qui
3226 656 3367 709 enim
3406 656 3462 708 in

1918 744 2311 812 persecutionis
2356 743 2584 807 fervore,
2635 760 2727 800 seu
2764 743 3100 798 vehementia
3142 753 3367 803 stantes,
3410 752 3465 795 et

1918 834 2159 886 videntes
2187 843 2493 892 sanctorum
2524 835 2801 901 martyria,
2836 839 2889 887 ct
2918 833 3187 900 quomodo
3216 834 3463 885 cmlcstz-s

1916 936 2145 975 coronas
2175 922 2355 974 divino
2388 923 2502 975 zelo
2545 924 2787 991 accipere
2834 923 3180 982 contendant,
3227 937 3283 977 se
3319 924 3465 990 ipsus

1918 1010 2120 1062 dabant
2174 1010 2431 1079 martyrio
2460 1026 2584 1063 cum
2635 1011 2803 1063 multa
2845 1010 3111 1065 libertate.
3144 1021 3197 1062 ct
3236 1025 3465 1063 maxime

1916 1102 2040 1168 quia
2070 1100 2318 1153 videbant
2349 1100 2610 1168 quosdam
2638 1102 2965 1160 subtractos,
2998 1101 3098 1152 hoc
3128 1108 3211 1153 est
3240 1100 3463 1153 eductos

1916 1200 1968 1243 ct
2002 1190 2256 1257 deceptos
2286 1204 2315 1241 a
2360 1190 2599 1253 diabolo,
2631 1198 2684 1243 et
2717 1190 2899 1258 lapsos
2938 1204 3033 1243 seu
3066 1198 3321 1258 negantes
3356 1190 3464 1257 pie-

1917 1287 2080 1332 tatem
2109 1299 2122 1333 :
2158 1280 2501 1348 quamobrem
2536 1281 2764 1335 interius
2806 1281 3019 1336 accensi
3051 1298 3144 1335 seu
3183 1284 3347 1335 corde
3379 1283 3463 1334 in-

1916 1368 2193 1431 tlanuuati,
2224 1378 2281 1423 ut
2305 1370 2395 1438 qui
2436 1370 2683 1424 audirent
2716 1387 2774 1425 se
2801 1386 2894 1439 per
2932 1370 3034 1423 hoc
3074 1370 3375 1423 debellasse
3403 1385 3463 1424 ac

1915 1459 2108 1511 vicisse
2159 1460 2449 1527 superbum
2494 1461 2862 1515 adversarium
2904 1460 3196 1517 diabolum,
3237 1460 3462 1513 studue-

1917 1558 2041 1601 runt
2072 1549 2255 1603 subire
2277 1552 2613 1618 martyrium,
2646 1566 2713 1603 ne
2735 1550 2995 1619 glorietur
3015 1549 3262 1602 diabolus
3286 1556 3338 1601 ct
3363 1549 3463 1602 sibi

1917 1639 2154 1707 prudens
2184 1654 2305 1693 esse
2334 1640 2601 1702 videatur,
2632 1648 2691 1693 ut
2714 1640 2803 1707 qui
2830 1639 3126 1693 calliditate
3158 1654 3255 1691 sua
3276 1647 3326 1692 et
3351 1654 3463 1691 ma-

1916 1730 2023 1781 litia
2055 1745 2147 1783 eos
2178 1730 2368 1782 vicerit
2398 1731 2488 1798 qui
2530 1743 2628 1783 sua
2653 1737 2845 1798 sponte
2884 1730 2950 1781 ad
2991 1729 3310 1797 martyrium
3332 1742 3460 1781 con-

1846 1807 1883 1859 Β
1913 1818 2205 1887 fugerunt:
2243 1821 2404 1873 etiam
2454 1819 2499 1872 si
2528 1834 2648 1872 eum
2697 1819 2852 1872 latuit
2891 1833 2949 1873 se
2994 1820 3167 1885 magis
3212 1817 3353 1869 vinci
3395 1818 3461 1869 ab

1913 1907 2149 1967 athletis,
2182 1908 2272 1975 qui
2309 1914 2574 1960 tormenta
2605 1905 2817 1960 fortiter
2850 1906 3088 1975 perpessi
3120 1913 3265 1959 sunt.
3309 1903 3459 1958 Fide-

1913 1996 2057 2048 libus
2090 2007 2218 2064 ergo
2241 1996 2522 2049 orantibus
2551 2010 2765 2064 equum
2796 2004 2879 2048 est
2910 2010 3006 2064 pro
3038 1995 3169 2063 ipsis
3198 1994 3459 2063 supplicio

1912 2085 2117 2139 aﬂ‘ectis
2137 2094 2189 2138 et
2216 2085 2442 2154 punitis,
2474 2099 2733 2146 annuere,
2771 2085 2883 2139 sive
2910 2084 2963 2137 in
2990 2084 3092 2137 hoc
3117 2098 3458 2144 Concurrere,

1911 2174 2054 2241 quod
2082 2174 2244 2228 etiam
2278 2174 2450 2227 visum
2491 2181 2594 2237 est,
2641 2183 2693 2228 et
2726 2174 2907 2242 aliquo
2940 2172 3099 2225 modo
3131 2174 3263 2225 nihil
3299 2173 3458 2232 laedit,

1912 2279 2016 2316 una
2046 2278 2168 2317 cum
2200 2264 2513 2333 parentibus
2541 2264 2622 2317 vel
2650 2264 2772 2317 aliis
2804 2262 3201 2317 necessitudine
3235 2262 3457 2329 conjun-

1911 2355 2035 2416 ctis,
2065 2369 2164 2421 pro
2199 2355 2264 2407 iis
2292 2355 2385 2422 qui
2415 2354 2784 2407 testimonium
2823 2354 3086 2407 dederont
3116 2355 3457 2422 martyrium-

1912 2458 2016 2510 que
2045 2446 2353 2506 subierunt,
2387 2446 2478 2500 sed
2521 2444 2659 2513 lapsi
2695 2454 2829 2499 sunt
2854 2444 3052 2498 diaboli
3083 2452 3198 2497 arte
3235 2456 3286 2497 et
3327 2444 3457 2497 insi-

1911 2533 2035 2593 diis,
2082 2533 2263 2589 dolere
2307 2543 2359 2588 et
2411 2536 2629 2589 tristitia
2682 2534 2837 2587 allici.
2875 2534 3088 2588 Scimus
3130 2535 3272 2586 enim
3316 2536 3457 2602 quod

1911 2622 2066 2673 multi
2116 2622 2410 2675 bonitatem
2457 2630 2510 2677 et
2558 2622 2983 2677 miscricordiam
3048 2621 3139 2674 Dei
3179 2623 3456 2675 consecuti

1912 2719 2039 2763 sunt
2069 2726 2164 2779 per
2194 2713 2421 2765 aliorum
2449 2713 2742 2766 orationes.
2780 2711 3008 2780 Ideoque
3035 2722 3087 2765 et
3117 2712 3248 2779 ipsis
3281 2712 3395 2764 dari
3427 2733 3455 2762 ξι

1911 2799 2020 2853 Deo
2047 2808 2392 2868 peccatorum
2424 2802 2794 2855 remissionem
2815 2802 3230 2870 postulabimus,
3261 2808 3314 2853 et
3335 2801 3454 2852 aliis

1910 2894 2002 2959 qui
2036 2894 2168 2961 lapsi
2210 2902 2356 2954 sunt,
2385 2899 2437 2946 et
2469 2900 2652 2960 postea
2685 2907 2925 2946 errorem
2971 2900 3360 2946 revocaverunt
3405 2898 3456 2944 et

1911 2981 2161 3046 pietatem
2197 2981 2439 3032 confessi
2467 2986 2615 3041 sunt,
2667 2980 3207 3040 communicabimus,
3250 2994 3455 3032 memo-

1912 3083 1999 3121 res
2026 3084 2213 3121 corum
2249 3084 2368 3137 qum
2415 3078 2538 3122 ante
2576 3070 2784 3137 lapsum
2818 3077 3035 3138 propter
3072 3068 3235 3122 Deum
3288 3073 3454 3122 susti-

1905 3168 2145 3213 nuerunt
2179 3161 2554 3228 certaminum,
2585 3169 2637 3215 et
2663 3163 2823 3215 etiam
2862 3165 3010 3215 bonae
3039 3176 3223 3216 eorum
3268 3172 3454 3229 postea

1908 3251 2262 3319 ptenitentiae.
2306 3260 2360 3305 et
2405 3253 2547 3321 quod
2572 3267 2629 3305 se
2671 3253 2819 3319 ipsos
2865 3252 3041 3305 testati
3095 3259 3220 3305 sunt
3256 3265 3383 3303 esse
3425 3264 3455 3302 η

1908 3341 2127 3394 civitate
2168 3342 2372 3395 alienos
2401 3349 2620 3408 propter
2650 3348 2926 3408 peccatum
2961 3358 2973 3391 :
3025 3348 3079 3392 et
3126 3354 3233 3390 non
3279 3338 3453 3391 solum

1884 3428 2041 3498 'ipsis
2071 3432 2611 3493 communicabimus,
2657 3432 2750 3486 sed
2776 3443 2826 3485 et
2857 3445 2953 3499 pro
2981 3444 3167 3483 eorum
3207 3430 3453 3481 reconci-

1908 3519 2128 3573 liatione
2165 3522 2464 3586 orabimus,
2500 3536 2621 3574 cum
2673 3522 2793 3575 aliis
2822 3535 2941 3582 qua:
2968 3520 3143 3581 decet,
3188 3534 3282 3571 seu
3328 3532 3450 3570 cum

1907 3610 2065 3663 bonis
2108 3611 2362 3679 operibus
2411 3625 2531 3679 qua:
2569 3609 2767 3663 debent
2815 3608 2882 3661 ab
2923 3607 3054 3676 ipsis
3085 3605 3218 3667 ﬁeri,
3248 3604 3453 3673 jejunio

1907 3701 2136 3759 scilicet,
2185 3700 2524 3769 eleemosyna
2575 3707 2628 3753 et
2657 3698 3001 3767 penitentia;
3042 3712 3134 3765 per
3175 3710 3311 3763 quae,
3360 3693 3451 3762 qui

1907 3804 2003 3856 pro
2048 3790 2204 3842 nobis
2236 3799 2317 3842 est
2353 3789 2665 3849 advocatus,
2698 3786 2910 3840 Patrem
2961 3786 3114 3838 nobis
3160 3783 3448 3852 prepitium

1906 3877 2328 3947 benevolumque
2368 3877 2547 3933 edicit.
2591 3877 2794 3932 Deinde
2837 3885 2891 3931 et
2933 3891 3099 3930 sacra:
3154 3874 3450 3940 Scripturm

1906 3969 2170 4022 Sententia
2208 3983 2337 4021 usus
2368 3975 2469 4021 est.
2510 3967 2583 4019 Ea
2615 3982 2742 4021 vero
2769 3974 2937 4021 estex
2971 3968 3139 4034 prima
3168 3960 3436 4017 catholica

1903 4059 2127 4125 epis-tela
2158 4058 2328 4110 sancti
2360 4057 2584 4124 apostoli
2618 4065 2668 4109 et
2693 4055 3031 4119 evangelista
3058 4052 3303 4108 Joannis.

1974 4315 2171 4367 Zomn.
2210 4313 2380 4382 llujus
2432 4316 2657 4369 canonis
2713 4316 2975 4369 sententia
3029 4315 3291 4384 ejusmodi
3344 4323 3442 4370 est.

255 4427 397 4477 ἐστιν
415 4441 429 4454 ο
456 4426 517 4477 Οἱ
547 4426 603 4475 ἐν
632 4424 707 4492 τῷ
738 4423 1028 4492 βράσματι,
1052 4403 1203 4493 φησὶ,
1226 4422 1318 4474 τοῦ
1348 4422 1609 4491 διωγμοῦ,
1634 4422 1797 4490 ἤγουν

1906 4404 2006 4468 Qui
2042 4405 2094 4456 in
2148 4403 2381 4461 fervore.
2426 4406 2621 4472 inquit,
2668 4407 3078 4474 persecutionis,
3112 4406 3213 4456 hoc
3261 4414 3344 4457 cst
3396 4407 3446 4457 in

254 4516 311 4566 ἐν
340 4518 403 4583 τῇ
438 4516 589 4583 ἀκμῇ
614 4552 628 4572 ,
670 4516 735 4581 τῇ
779 4512 923 4575 ζέσει
966 4513 1275 4579 ἱστάμενοι,
1324 4512 1416 4562 καὶ
1455 4512 1687 4581 ὁρῶντες
1732 4510 1798 4562 τά

258 4603 524 4672 μαρτύρια
549 4602 655 4653 τῶν
685 4602 887 4668 ἁγίων,
931 4602 1023 4652 καὶ
1063 4601 1208 4661 ὅπως
1248 4600 1532 4651 σπεύδουσι
1581 4601 1705 4662 τοὺς
1741 4600 1798 4662 ἐξ

252 4692 476 4760 οὐρανοῦ
507 4691 797 4757 στεφάνους
826 4688 1005 4740 λαϐεῖν
1029 4728 1044 4750 ,
1070 4689 1208 4741 κατά
1243 4687 1401 4758 ζῆλον
1446 4687 1588 4743 θεῖον
1620 4688 1798 4740 ἐπεδί-

250 4781 369 4833 δουν
403 4782 627 4842 ἑαυτοὺς
654 4783 730 4841 είς
750 4779 816 4833 τὰ
844 4777 1133 4849 μαρτύρια,
1170 4777 1307 4847 μετά
1335 4778 1640 4848 παρρησίας
1668 4777 1767 4829 ¹ιτςολ

251 4870 345 4938 λῆς
390 4871 724 4941 ὁρμήσαντες
772 4870 850 4929 είς
893 4868 983 4920 τὸν
1028 4867 1247 4933 ἀγῶνα.
1291 4864 1627 4935 ζηλώσαντες
1674 4868 1795 4928 τοὺς

251 4958 433 5023 ἁγίους
457 4957 761 5024 πάσχοντας
779 4995 794 5019 ,
825 4955 917 5007 καὶ
951 4954 1219 5015 ἐπιδόντες
1244 4955 1467 5017 ἑαυτοὺς
1504 4954 1796 5024 προθύμως

249 5050 313 5115 τῇ
367 5046 676 5115 μαρτυρία,
727 5047 817 5097 καὶ
850 5043 1077 5113 μάλιστα
1108 5043 1187 5095 ὅτι
1228 5041 1447 5093 ἓϐλεπόν
1475 5060 1626 5105 τινας
1670 5044 1799 5093 ὐπο-

252 5153 310 5187 σύ
320 5153 376 5206 ρο
384 5137 573 5204 μένους
587 5174 603 5196 ,
652 5135 769 5187 ἀντὶ
801 5134 913 5196 τοῦ,
932 5131 1323 5201 κλεπτομένους
1342 5171 1356 5193 ,
1402 5132 1797 5201 ἀπατωμένους

250 5228 339 5281 καὶ
381 5225 743 5297 ἀρνουμένους
775 5225 870 5293 τὴν
899 5222 1171 5277 εὐσέϐειαν
1194 5260 1208 5282 ,
1240 5221 1754 5291 ύποθερμαινόμενοι
1779 5262 1793 5286 ,

249 5319 361 5384 ἦτοι
407 5316 733 5386 πυρούμενοι
770 5314 867 5383 τὴν
913 5312 1171 5381 καρδίαν,
1202 5310 1457 5362 ἔσπευδον
1492 5310 1793 5362 καταπολε-

254 5406 420 5472 μξσαι
444 5404 532 5457 τὸν
564 5405 758 5466 αὐτοὺς
783 5401 1115 5471 ύποσύροντα
1148 5400 1400 5471 πονηρὸν,
1429 5400 1516 5453 ἴνα
1550 5398 1623 5468 μὴ
1657 5416 1794 5450 καυ-

246 5497 433 5562 χὶται,
466 5494 540 5556 ὡς
570 5495 741 5563 ήττῶν
790 5495 914 5557 τοὺς
960 5493 1203 5554 εὐσεϐεῖς
1227 5509 1241 5523 ο
1288 5494 1335 5543 εἰ
1371 5492 1463 5543 καὶ
1510 5490 1794 5543 ἐλάνθανεν

248 5584 431 5637 ἑαυτὸν
459 5585 698 5651 ἀγνοῶν,
736 5586 815 5637 ὅτι
860 5584 1053 5654 μᾶλλον
1096 5583 1354 5652 ἡττᾶται,
1389 5580 1595 5632 πολλῶν
1634 5579 1793 5650 μέχρι

249 5673 472 5727 θανάτου
508 5675 603 5743 ei}:
638 5676 769 5746 ὐτέρ
817 5676 910 5743 τῆς
950 5673 1178 5737 πίστεως
1212 5671 1457 5724 ἔνστασιν
1491 5668 1789 5737 ἐνδειξαμέ-

1902 4506 2113 4543 summo
2149 4491 2294 4544 illius
2323 4492 2635 4545 discrimine
2673 4494 3250 4561 velletneutissimaquc
3291 4493 3445 4546 dimi-

1900 4582 2111 4634 ratione
2160 4582 2460 4643 constituti,
2502 4597 2567 4635 ac
2598 4584 2851 4651 martyrio
2894 4592 3201 4635 sanctorum
3236 4586 3445 4635 intuen-

1901 4680 2001 4731 tes,
2039 4682 2090 4723 et
2115 4686 2276 4736 quam
2330 4672 2673 4726 vehementer
2716 4672 2782 4725 ad
2814 4674 3156 4739 accipiendas
3196 4672 3447 4724 cwlestcs

1899 4776 2128 4814 coronas
2180 4761 2528 4822 festinarent,
2574 4762 2756 4815 divina
2806 4762 3147 4814 aemulatione
3196 4776 3254 4814 se
3302 4763 3445 4829 ipsos

1898 4851 2156 4920 martyrio
2182 4852 2655 4914 tradidcrc,tnulta
2682 4867 2801 4904 cum
2824 4852 3068 4905 libertate
3096 4852 3149 4905 in
3172 4861 3445 4905 certamen

1897 4942 2227 5006 desilientes,
2259 4952 2565 4997 sanctorum
2605 4944 2697 5012 qni
2744 4944 3085 5012 paziebantnr
3127 4944 3446 5006 imitatlone,

1898 5047 2059 5099 seque
2087 5042 2365 5101 prmnptos
2394 5033 2457 5085 ad
2487 5033 2643 5086 lidem
2684 5033 2991 5087 testimonio
3022 5033 3443 5084 continuandam

1896 5126 2162 5187 obtulere,
2201 5133 2311 5176 tum
2343 5124 2414 5177 ob
2446 5124 2495 5176 id
2519 5124 2750 5176 maxime
2774 5124 2898 5191 quia
2934 5122 3133 5173 tnuitos
3162 5131 3445 5173 ect'ne:t-t-t

1896 5216 1986 5287 qui
2024 5214 2502 5277 subtraliebanttn',
2535 5215 2635 5267 hoc
2686 5222 2767 5266 est
2823 5211 3261 5273 traducebantur,
3298 5211 3445 5265 deci-

1896 5306 2474 5375 piebantur,pietatrm
2524 5304 2808 5373 negabant,
2845 5304 3130 5363 ferventes,
3186 5304 3284 5354 hoc
3338 5310 3440 5363 est,

1896 5397 2167 5449 ﬂammato
2192 5397 2374 5459 corde,
2413 5396 2664 5449 infestum
2694 5394 2826 5463 ipsis
2857 5393 3221 5451 adversarium
3261 5391 3443 5445 debel-

1895 5487 2006 5540 lare
2035 5488 2379 5551 studuerunt,
2416 5501 2481 5539 ne
2521 5485 2679 5538 veluti
2725 5483 2932 5551 piorum
2975 5484 3146 5535 victor
3187 5484 3442 5551 gloriare.

1897 5587 2013 5643 Iur;
2050 5580 2297 5648 quamvis
2352 5595 2473 5632 cum
2526 5580 2760 5638 latuerit,
2794 5577 2934 5629 vinci
2982 5591 3039 5629 se
3086 5574 3285 5641 potius,
3316 5584 3442 5625 cum

1901 5669 2053 5722 multi
2089 5667 2153 5721 ad
2184 5677 2407 5722 nnrtcm
2438 5683 2609 5736 usque
2642 5682 2738 5735 pro
2798 5666 2898 5720 tidc
2942 5665 3299 5718 constantiam
3336 5677 3443 5732 pm:
