4018 6442
569 381 673 445 515

1795 383 2084 446 THEOD.
2144 383 2546 443 BALSAMON

3679 390 3784 460 5l6

570 516 696 580 bitu,
731 516 785 570 in
815 531 909 572 ora
924 517 1139 572 illorum
1167 517 1350 571 vinum
1384 515 1816 570 infundebantex
1840 517 2112 571 libarioni-

2219 518 2387 570 αὐτῶν
2418 518 2626 586 ἐνέχεον
2660 514 2797 570 οίνον
2825 520 2886 570 ὲκ
2929 521 3034 572 τῶν
3066 518 3339 587 σπονδῶν,
3372 517 3408 591 ἢ
3441 521 3535 575 καὶ
3569 520 3636 590 ἐκ
3667 539 3775 572 των

568 609 688 669 bus,
725 608 807 660 vel
843 607 1007 660 etiam
1024 623 1085 661 ex
1114 608 1256 661 idolo
1277 606 1522 660 mactatis
1548 606 1802 659 carnibus
1840 607 2110 675 quidpiam

566 694 782 746 illorum
823 695 902 746 ori
939 695 1270 758 inserebant,
1314 709 1376 745 ac
1405 694 1560 746 thura
1591 693 1829 760 ipsorum
1866 695 2114 748 manibus

567 782 893 849 injicientes.
946 783 1090 850 ipsos
1147 785 1213 836 ad
1261 799 1404 835 aram
1451 783 1755 844 trahebant,
1783 791 1835 836 et
1889 797 1984 850 per
2008 785 2112 835 vin:

567 874 974 939 comprehensis
997 874 1207 926 illorum
1230 873 1496 935 manibus,
1526 880 1615 925 aut
1641 874 1795 925 thura
1813 887 1917 926 arte
1937 888 2116 942 super-

569 960 899 1025 fundebant;
932 969 1022 1012 aut
1082 963 1244 1015 etiam
1277 963 1539 1016 carbones
1589 976 1710 1014 cum
1759 962 1916 1016 thure
1948 964 2116 1031 impo-

569 1051 767 1102 nehant
816 1051 1052 1118 ipsorum
1117 1051 1400 1109 manibus,
1442 1057 1498 1101 ut
1549 1050 1759 1103 ardoris
1815 1051 2115 1103 cruciatum

568 1141 790 1194 minime
830 1141 1082 1200 ferentes,
1113 1142 1238 1194 thus
1260 1156 1382 1194 cum
1406 1142 1732 1196 carbonibus
1766 1143 1821 1195 in
1854 1158 2002 1195 aram
2035 1143 2117 1197 ef-

571 1230 888 1294 funderent;
948 1231 1013 1283 ab
1059 1232 1261 1284 eisdem
1301 1246 1491 1299 nempe
1530 1231 1930 1286 detinebantur.
1959 1231 2119 1300 Ejus-

571 1321 714 1373 modi
759 1321 812 1372 in
851 1334 1008 1373 sacro
1048 1321 1348 1374 ministerio
1402 1322 1612 1374 censeri
1667 1337 1824 1390 posse
1870 1321 2117 1386 aﬂirmat,

570 1408 654 1460 vel
685 1409 861 1476 potius
914 1407 968 1459 in
999 1406 1372 1462 confessorum
1406 1408 1590 1460 ordine
1635 1409 1907 1463 collocari.
1937 1408 2120 1477 Neque

572 1497 712 1549 enim
745 1512 838 1549 sua
856 1505 1047 1564 sponte
1077 1498 1154 1550 vel
1178 1496 1531 1565 degustabant
1555 1497 1857 1562 libationes,
1882 1499 1962 1550 vel
1995 1499 2120 1553 thus

570 1589 917 1654 imponebant
972 1602 1100 1648 arm,
1158 1586 1251 1640 sed
1303 1588 1352 1640 vi
1403 1587 1597 1646 coacti.
1647 1588 1856 1641 ratione
1901 1589 2117 1642 illorum

572 1675 773 1727 actioni
805 1675 1025 1728 minime
1071 1678 1438 1729 consentiente
1492 1693 1504 1728 :
1568 1676 2013 1744 quemadmodum
2069 1686 2123 1730 et

571 1764 773 1830 quibus
803 1772 1194 1817 tormentorum
1222 1766 1544 1817 necessitate
1563 1766 1832 1820 resolutus
1857 1765 2028 1818 fuerat
2043 1768 2122 1820 vi-

2213 606 2567 660 είδωλοθύτων
2627 607 2802 678 κρεῶν
2862 608 3109 661 ὲνέϐαλον
3137 611 3216 673 είς
3245 611 3306 663 τὸ
3350 610 3524 680 στόμα
3568 609 3775 673 αὐτῶν,

2215 698 2305 749 καὶ
2336 699 2454 758 ταῖς
2485 697 2669 765 χερσὶν
2703 695 2881 749 αὐτῶν
2904 697 3231 760 ἐπιτιθέντες
3258 697 3572 764 λιϐανωτὸν,
3594 694 3778 751 εἷλκον

2215 787 2406 847 αὐτοὺς
2437 787 2527 837 ἐπὶ
2563 785 2652 838 τὸν
2684 785 2862 854 βωμὸν
2884 823 2900 848 ,
2935 787 3027 839 καὶ
3068 787 3166 849 τὰς
3207 790 3389 859 χεῖρας
3419 789 3601 841 αὐτῶν
3649 804 3779 858 κρα-

2215 874 2428 936 τοῦντες
2461 874 2574 944 βίᾳ,
2599 873 2688 927 τὸν
2724 874 3014 928 λιϐανωτὸν
3044 875 3263 945 ἑπέχεον
3291 877 3369 946 τῷ
3618 877 3651 947 ἢ
3685 879 3778 930 καὶ

2217 961 2489 1030 ἄνθρακας
2548 961 2684 1030 μετὰ
2729 959 3020 1015 λιϐανωτοῦ
3077 965 3198 1025 τατς
3260 963 3538 1033 παλάμαις
3597 965 3779 1016 αὐτῶν

2218 1053 2493 1107 έπετίθουν
2517 1094 2531 1118 ,
2574 1054 2659 1105 ίνα
2703 1052 2774 1122 μὴ
2808 1053 3059 1123 φέροντες
3097 1053 3196 1121 τὴν
3232 1053 3418 1122 ὀδύνην
3450 1053 3548 1124 τὴν
3577 1057 3644 1106 ὲκ
3682 1051 3780 1122 τῆς

2218 1143 2460 1204 καύσεως
2482 1143 2736 1210 ὲπιχέωσι
2766 1142 2850 1194 τὸν
2882 1141 3172 1206 λιϐανωτὸν
3198 1144 3292 1195 σὺν
3318 1147 3426 1205 τοῖς
3453 1143 3680 1213 ἄνθραξι
3701 1144 3782 1213 τῷ

2222 1232 2414 1301 βωμῴο
2451 1233 2759 1300 κατείχοντο
2793 1233 2899 1302 γὰρ
2933 1234 3059 1302 παρ’
3090 1231 3282 1284 αὐτῶν.
3320 1233 3458 1294 Τοὺς
3502 1234 3784 1298 τοιούτους

2220 1321 2348 1391 φησὶ
2400 1320 2655 1373 δύνασθαι
2699 1318 2834 1374 εἶναι
2869 1325 2924 1374 έν
2949 1323 3012 1390 τῇ
3036 1320 3361 1391 λειτουργίᾳ,
3390 1321 3421 1390 ἢ
3451 1323 3652 1389 μᾶλλον
3687 1324 3787 1376 καὶ

2220 1413 2278 1462 ὲν
2331 1413 2442 1472 τοῖς
2482 1411 2838 1480 ὁμολογηταῖς
2879 1412 3152 1480 τετάχθαι⁶
3203 1414 3263 1464 ού
3294 1413 3401 1483 γὰρ
3430 1415 3611 1482 οίκείᾳ
3646 1430 3788 1483 προ-

2222 1498 2426 1568 αιρέσει
2466 1500 2497 1570 ἢ
2525 1500 2630 1551 τῶν
2660 1500 2898 1553 σπονδῶν
2926 1501 3212 1568 ἐγεύσαντο
3232 1541 3246 1565 ,
3293 1501 3324 1570 ἢ
3367 1502 3456 1556 τὸν
3485 1503 3788 1556 λιϐανωτὸν

2221 1587 2480 1639 ἐπέϐαλον
2506 1587 2583 1655 τῷ
2616 1588 2802 1657 βωμῷ,
2829 1589 2942 1642 ἀλλ’
2973 1589 3005 1659 ἢ
3039 1589 3146 1659 βίᾳ,
3192 1589 3285 1642 τοῦ
3310 1589 3568 1658 λογισμοῦ
3601 1591 3789 1643 αὐτῶν

2221 1679 2284 1745 τῇ
2330 1676 2521 1746 πράξει
2569 1678 2640 1747 μὴ
2687 1678 3230 1748 συγκατατιθεμένου.
3267 1680 3474 1749 ’Ὠσπερ
3507 1681 3603 1732 καὶ
3632 1681 3684 1731 ot
3719 1681 3787 1750 τῇ

2222 1767 2329 1818 τῶν
2373 1766 2619 1834 βασάνων
2659 1768 2867 1837 ἀνάγκῃ
2915 1768 3314 1839 παραλυθέντες
3358 1767 3447 1821 τὸν
3496 1769 3648 1820 τόνον
3689 1767 3790 1821 τοῦ

549 1863 671 1919 ‘gor
713 1855 976 1918 corporis.
1003 1861 1061 1905 ut
1099 1867 1195 1907 nec
1220 1853 1418 1908 moveri
1450 1868 1549 1907 nec
1587 1855 1732 1923 loqui
1760 1865 1997 1923 possent.
2023 1872 2118 1910 nec

2225 1828 2503 1924 σώματος,
2547 1855 2622 1917 ὡς
2667 1828 2798 1923 μήτε
2831 1828 3113 1926 κινηθτίγναι
3136 1828 3411 1918 δύνασθαι,
3450 1858 3582 1926 μήτε
3618 1857 3793 1924 φθέγο

580 1940 759 1990 vinum
796 1941 1111 1992 libationuni
1141 1941 1191 1991 in
1217 1955 1308 1991 ora
1343 1941 1582 2007 ipsorum
1610 1957 1704 2009 per
1734 1943 1840 1994 vim
1876 1943 2123 2010 injicien-

575 2028 721 2081 tibus
751 2031 1034 2088 obsistere.
1068 2030 1103 2081 ii
1145 2045 1356 2097 quoque
1389 2031 1563 2082 locum
1595 2030 1735 2084 inter
1783 2029 2123 2084 confessores

571 2115 916 2169 obtinebunt.
954 2117 1179 2172 Disserit
1202 2126 1376 2172 autem
1402 2132 1524 2170 mox
1545 2117 1610 2171 de
1642 2118 1707 2170 iis
1731 2119 1821 2186 qui
1843 2119 2126 2173 conscien-

577 2207 664 2257 tia
691 2206 1001 2274 mattyrium
1029 2215 1309 2275 peragunt,
1363 2221 1425 2259 ac
1446 2221 1539 2260 eos
1563 2219 1777 2275 quoque
1813 2207 1864 2259 in
1912 2207 2126 2262 confes—

2225 1943 2437 2006 ξασθαι,
2486 1944 2578 1995 καὶ
2606 1944 2916 2014 ἀντιστῆναι
2950 1947 3061 2005 τοῖς
3089 1945 3178 2014 βίᾳ
3214 1949 3292 2008 είς
3319 1945 3387 1998 τὰ
3415 1946 3657 2014 στόματα
3687 1947 3792 1998 αὺ-

2222 2029 2328 2082 τῶν
2362 2031 2580 2099 ὲκχέασι
2622 2031 2713 2084 τὸν
2743 2028 2883 2084 οἶνον
2932 2031 3033 2084 τῶν
3076 2033 3346 2095 σπονδῶν,
3392 2034 3628 2085 κάκεῖνοι
3673 2037 3796 2098 τοῖς

2223 2118 2576 2187 όμολογηταῖς
2611 2119 3086 2189 συνταχθήσονται.
3123 2119 3278 2188 Ἑξῆς
3304 2120 3360 2172 δὲ
3387 2121 3513 2189 περὶ
3541 2122 3652 2174 τῶν
3679 2123 3794 2175 δια-

2224 2207 2454 2259 νυόντων
2481 2207 2541 2259 τὸ
2573 2208 2670 2276 τῆς
2703 2208 3051 2278 συνειδήσεως
3085 2208 3378 2278 μαρτύριον
3405 2208 3571 2276 λέγει,
3603 2211 3797 2265 κακεί-

578 2309 760 2346 sorum
798 2311 1020 2348 numero
1053 2297 1211 2349 locat.

1043 2375 1145 2442 23
1163 2382 1386 2437 CANON
1420 2383 1534 2438 XV.

2224 2312 2344 2357 νους
2379 2298 2487 2357 τοῖς
2517 2293 2876 2363 ὁμολογηταίς
2907 2295 3271 2365 συναριθμῶν.

2751 2385 2985 2436 Kanon
3024 2385 3105 2436 ιε’
3134 2384 3264 2454 (l8).

653 2491 670 2520 ι
707 2471 818 2525 Non
863 2474 1218 2540 reprehendet
1269 2489 1368 2528 nos
1419 2475 1684 2543 quispiam
1711 2511 1728 2536 ,
1783 2482 2028 2543 quartam
2075 2484 2118 2530 el

2302 2493 2319 2524 ι
2365 2476 2478 2526 Οὐκ
2522 2475 2803 2542 ἐγκαλέσει
2845 2492 2928 2537 τις
2970 2477 3098 2544 ἡμῖν
3136 2479 3636 2546 παρατηρουμένοις
3701 2492 3796 2530 τεδ

585 2580 602 2610 ς
649 2574 853 2614 sextam
886 2563 1068 2614 feriam
1101 2563 1473 2625 observantes,
1505 2564 1559 2616 in
1590 2562 1786 2632 quibus
1813 2564 1970 2617 nobis
1996 2564 2118 2632 jeju-

2233 2581 2252 2614 ι
2296 2563 2464 2632 τράδα
2494 2566 2587 2616 καὶ
2621 2567 2990 2634 παρασκευὴν,
3013 2567 3069 2616 ὲν
3097 2561 3184 2627 αἷς
3217 2567 3306 2617 καὶ
3339 2567 3614 2633 νηστεύειν
3651 2568 3792 2636 ἡμῖν

583 2670 602 2701 ς
648 2667 775 2704 nare
821 2652 1116 2705 secundum
1148 2653 1491 2706 traditionem
1548 2667 1670 2705 cum
1699 2653 1908 2708 ratione
1931 2668 2118 2721 praece-

2232 2671 2251 2703 ι
2296 2654 2432 2706 κατὰ
2468 2655 2760 2723 παράδοσιν
2806 2655 3040 2722 εὐλόγως
3091 2656 3505 2724 προσετέτακτο.
3541 2655 3655 2726 Τὴν
3689 2658 3798 2726 μὲν

585 2761 602 2789 ι
643 2748 787 2807 ptum
844 2748 944 2794 est.
1001 2739 1254 2804 Quartam
1308 2741 1520 2808 quidem
1579 2751 1796 2811 propter
1860 2743 2051 2796 initum
2098 2757 2118 2795 ε

2232 2763 2252 2796 ι
2295 2745 2400 2815 γὰρ
2428 2745 2657 2815 τετράδα
2683 2743 2795 2816 (19)
2823 2746 2909 2797 διὰ
2935 2747 2993 2798 τὸ
3019 2746 3303 2815 γενόμενον
3332 2745 3655 2814 συμϐούλιον
3685 2746 3796 2799 ὑπὸ

586 2853 603 2881 ι
643 2831 842 2885 Judaeis
876 2833 1164 2885 consilium
1193 2833 1259 2886 de
1299 2834 1603 2901 proditione
1629 2835 1840 2888 Domini
1877 2853 1890 2888 ;
1919 2843 2118 2889 sextam

2233 2851 2251 2882 ι
2297 2832 2403 2883 τῶν
2435 2833 2697 2885 Ἰουδαίων
2729 2834 2820 2885 ἐπὶ
2858 2837 2922 2903 τῇ
2968 2833 3220 2903 προδοσία
3265 2833 3357 2885 τοῦ
3399 2835 3637 2905 Κυρίου’
3691 2847 3793 2885 cra

589 2941 606 2969 ι
649 2929 848 2984 autem,
883 2922 1024 2990 quod
1045 2924 1157 2988 ipse
1184 2937 1280 2989 pro
1301 2923 1455 2976 nobis
1482 2939 1675 2990 passus
1705 2925 1792 2977 sit.
1822 2923 1968 2977 Diem
1984 2925 2118 2978 enim

2234 2939 2252 2971 ι
2296 2921 2349 2971 δὲ
2392 2923 2771 2990 παρασκευὴνῑ
2823 2923 2903 2973 ὅτι
2945 2923 3104 2983 αὐτὸς
3147 2923 3286 2992 ὑπὲρ
3333 2921 3488 2990 ἡμῶν
3531 2921 3704 2974 ἔπαθε
3722 2923 3792 2973 ⁸⁷.

588 3025 606 3055 r
654 3006 984 3060 Dominicum
1021 3009 1217 3061 laatitite
1244 3009 1382 3061 diem
1418 3011 1648 3076 agimus,
1680 3010 1822 3077 quod
1858 3011 1909 3062 in
1949 3024 2013 3064 eo
2045 3025 2118 3062 re.

2235 3025 2253 3056 ι
2300 3007 2578 3075 Κυριακὴν
2609 3007 2668 3059 δε
2711 3008 3054 3077 χαρμοσύνης
3086 3009 3296 3078 ἡμέραν
3341 3010 3542 3078 ἄγομεν
3579 3002 3669 3061 διὰ
3698 3009 3797 3060 τὸν

586 3113 608 3146 ι
642 3096 936 3149 surrexerit
971 3115 984 3150 ε
1011 3099 1066 3150 in
1099 3113 1204 3164 quo
1233 3112 1329 3150 nec
1351 3111 1522 3165 genua
1549 3099 1762 3166 quidem
1795 3096 2007 3152 ﬂectere
2042 3113 2118 3151 ac-

2239 3111 2256 3142 ι
2302 3093 2605 3146 ἀναστάντα
2655 3096 2712 3147 ὲν
2757 3096 2924 3166 αὐτῇ,
2977 3099 3035 3149 ὲν
3085 3091 3117 3168 ᾖ
3165 3096 3284 3149 οὐδὲ
3337 3097 3538 3164 γόνατα
3589 3096 3799 3150 κλίνειν

586 3200 610 3232 ς
644 3185 902 3252 cepimus.
941 3201 959 3234 ι

2241 3199 2258 3232 ι
2305 3181 2532 3251 παρειλή
2541 3199 2734 3252 φαμεν.
2785 3202 2802 3233 μ

653 3273 810 3327 Baus.
860 3273 1269 3338 llonsequenter
1305 3273 1639 3341 sexagesimo
1688 3284 1881 3340 quarto
1934 3274 2118 3326 canonl

2294 3278 2821 3340 ΒΑΛΣ.ἈκολούΘως
2837 3278 2911 3348 τῷ
2931 3276 3000 3341 ξδ’
3021 3276 3356 3345 ἁποστολικῷ
3373 3277 3575 3339 κανόνι,
3604 3275 3686 3344 τῷ
3714 3277 3798 3329 δι-

586 3360 903 3430 apostolico,
927 3361 1019 3426 qui
1052 3360 1292 3412 decernit
1325 3376 1430 3412 non
1459 3376 1577 3412 esse
1604 3360 1756 3411 nobis
1777 3358 2118 3426 jejunandum

2225 3368 2523 3439 οριζομένῳ
2557 3369 2627 3439 μὴ
2647 3366 2923 3438 νηστεύειν
2945 3369 3088 3437 ἡμᾶς
3110 3367 3250 3420 κατὰ
3269 3367 3333 3419 τὰ
3355 3367 3629 3427 Σάϐϐατα,
3651 3367 3797 3436 πλὴν

587 3452 861 3512 Sabbatis,
894 3457 1087 3518 praeter
1133 3465 1297 3502 unum
1330 3449 1642 3508 Sabbatum,
1701 3464 1950 3516 magnum
1986 3449 2104 3503 scili

2223 3456 2315 3508 τοῦ
2337 3457 2452 3517 ἐνὸς
2473 3456 2631 3524 μόνου
2656 3453 2950 3516 Σαϐϐάτου,
2971 3453 3063 3506 τοῦ
3085 3453 3317 3523 μεγάλου
3348 3453 3566 3523 δηλαδήθ
3594 3455 3690 3504 καὶ
3714 3453 3797 3522 τῷ

589 3554 702 3607 cet;
736 3550 789 3595 et
829 3543 1164 3608 sexagesimo
1219 3556 1361 3594 nono
1392 3542 1480 3608 qui
1533 3541 1686 3593 valde
1736 3541 1890 3608 punit
1920 3555 2012 3594 eos
2041 3542 2118 3607 qu‘

2228 3545 2300 3608 ξθ¹
2319 3545 2521 3608 κανόνι,
2537 3543 2611 3612 τῷ
2639 3543 2911 3605 κολάζοντι
2930 3542 3172 3610 μεγάλως
3191 3543 3314 3603 τοὺς
3337 3542 3410 3610 μὴ
3431 3540 3798 3609 νηστεύοντας

590 3647 744 3685 saera
772 3630 1194 3698 Quadragesima
1227 3630 1620 3696 nonjejunant,
1659 3629 1913 3696 omnique
1945 3637 2118 3697 quarta

2225 3633 2322 3703 τὴν
2359 3634 2518 3700 ἁγίαν
2542 3630 3007 3702 Τεσσαρακοστὴν,
3049 3630 3141 3682 καὶ
3181 3630 3323 3682 κατὰ
3346 3631 3525 3682 πᾶσαν
3556 3629 3799 3700 τετράδα

590 3732 642 3776 et
676 3729 826 3775 sexta
866 3720 1017 3780 feria,
1050 3734 1282 3787 praesens
1312 3734 1525 3786 quoque
1559 3720 1820 3772 decernit.

2229 3723 2322 3777 καὶ
2344 3720 2710 3792 παρασκευὴν,
2735 3721 2828 3772 καὶ
2855 3722 2882 3772 ό
2907 3719 3091 3789 παρὼν
3117 3716 3294 3771 κανὼν
3314 3718 3680 3770 διατάττεται.

664 3809 864 3863 ΖοΝΑιι.
901 3810 1139 3876 Semper,
1176 3809 1366 3876 inquit,
1420 3818 1608 3874 quarta
1638 3817 1690 3860 et
1720 3815 1868 3862 sexta
1915 3806 2118 3875 cujusli‘

2308 3807 2544 3860 ΖΩΝΛΡ.
2584 3809 2691 3860 Ἀεί
2751 3825 2884 3878 φησι
2949 3808 3049 3871 τὰς
3096 3809 3355 3879 τετράδας
3383 3808 3592 3868 καὶτὰς
3623 3824 3802 3876 παρα-

594 3901 684 3954 bet
717 3899 1066 3953 hebdomada:
1097 3899 1226 3952 feria
1256 3897 1608 3965 jejunandum
1649 3916 1660 3950 :
1705 3911 1802 3951 nec
1852 3912 1950 3952 nos
1988 3897 2118 3967 quis

2240 3904 2434 3961 σκευὰς
2458 3899 2692 3967 ἑκάστης
2716 3897 3003 3965 ἑϐδομάδος
3034 3897 3310 3967 νηστεύειν
3327 3914 3340 3926 ·
3375 3897 3467 3948 καὶ
3499 3896 3597 3948 οὐκ
3620 3897 3801 3949 αἰτιά-

594 4003 757 4058 quam
779 3987 1088 4056 jejunantes
1121 3989 1470 4055 reprehendet
1507 4006 1518 4040 :
1564 4003 1863 4055 causasque
1908 3987 2118 4055 subjun-

2241 3988 2388 4041 σεταί
2413 4005 2495 4050 τις
2517 3990 2661 4057 ἡμᾶς
2690 3987 3044 4057 νηστεύοντας
3061 4004 3075 4018 ο
3111 3988 3205 4041 καὶ
3232 3987 3330 4050 τὰς
3357 3986 3535 4045 αἰτίας
3561 3987 3799 4055 προστί-

596 4080 672 4149 git
729 4077 1004 4130 Dominica
1035 4093 1161 4132 vero
1178 4078 1262 4131 die
1296 4093 1402 4130 non
1434 4086 1515 4131 est
1541 4078 1912 4144 jejunandum,
1944 4077 2118 4146 quippt

2242 4078 2413 4148 θησιν.
2465 4078 2573 4149 Τὴν
2609 4079 2665 4130 δὲ
2706 4079 2987 4149 Κυριακὴν
3020 4077 3298 4147 νηστεύειν
3342 4077 3402 4128 οὗ
3428 4077 3540 4137 δεῖ,
3591 4075 3799 4145 χαρμό-

595 4182 716 4235 quae
749 4168 819 4219 sit
848 4168 1024 4234 gaudii
1056 4167 1124 4219 ob
1172 4167 1380 4220 Domini
1433 4166 1901 4219 resurrectionem.
1960 4165 2118 4234 Neque

2242 4185 2394 4221 συνον
2437 4163 2599 4220 οὖσαν
2641 4167 2725 4220 διὰ
2756 4167 2854 4236 τὴν
2894 4167 2986 4220 τοῦ
3038 4169 3242 4238 Κυρίου
3296 4168 3624 4219 ἀνάστασινο
3671 4166 3802 4219 οὐδὲ

599 4271 748 4317 vero,
789 4256 981 4324 inquit,
1033 4257 1086 4308 in
1144 4272 1204 4310 ea
1237 4271 1406 4323 genua
1459 4255 1597 4308 ﬂecti
1631 4265 1881 4322 oportere
1930 4255 2118 4322 accepi

2241 4260 2365 4325 γόνυ
2394 4258 2590 4310 κλίνειν
2618 4258 2674 4308 ὲν
2703 4257 2858 4326 αὐτῇ,
2902 4257 3052 4326 φησὶ,
3085 4255 3514 4326 παρειλήφαμεν.
3547 4253 3802 4322 Σημειω-

605 4355 744 4392 mus.
771 4339 1174 4394 Observandum
1205 4341 1367 4409 igitur
1398 4342 1617 4394 verbum
1651 4342 1801 4403 illud,
1829 4343 2115 4408 accepimus

2239 4348 2356 4399 τέον
2394 4341 2484 4398 οὖν
2541 4345 2600 4397 τὸ
2644 4343 3107 4413 παρειλήφαμεν,
3161 4345 3252 4396 καὶ
3289 4343 3350 4394 τὸ
3419 4342 3568 4394 κατὰ
3606 4342 3802 4407 παρὰ.

596 4435 654 4480 et
683 4429 835 4486 illud.
889 4430 1032 4482 nobis
1077 4446 1140 4482 ea:
1185 4430 1462 4483 traditione
1517 4441 1827 4498 praeceptum
1859 4440 1954 4483 est.
2008 4430 2118 4483 Nan

2219 4435 2413 4501 γδοσιν
2454 4435 2595 4501 ἡμῖν
2640 4433 3084 4501 προστέτακται.
3136 4430 3442 4483 Κάντεῦθεν
3476 4431 3583 4499 γὰρ
3616 4431 3804 4498 φαίνε-

598 4519 728 4573 hittc
779 4536 993 4588 quoque
1031 4530 1252 4589 apparet
1310 4521 1661 4573 inveteratam
1702 4519 2118 4574 consuetudinea

2242 4542 2360 4586 ται,
2397 4525 2565 4576 ὅτιτὸ
2609 4525 2700 4575 ἐπὶ
2735 4523 2940 4593 μακρὸν
2989 4522 3268 4591 κρατῆσαν
3309 4519 3426 4581 ἐθος
3460 4519 3579 4570 ἀντὶ
3629 4519 3800 4588 νόμου

603 4623 700 4675 pro
743 4609 859 4677 lege
899 4610 1067 4663 fuisse
1095 4617 1390 4678 acceptam.
1440 4609 1661 4677 Magnus
1718 4624 1877 4678 porro
1913 4608 2118 4663 Basilio:

2242 4614 2559 4679 λελόγισται.
2597 4614 2653 4664 '0
2693 4613 2746 4664 δὲ
2800 4611 2970 4681 μέγας
3017 4611 3293 4671 Βασίλειος
3338 4610 3431 4661 καὶ
3478 4608 3573 4668 τὰς
3617 4609 3803 4669 αίτίας

601 4711 796 4750 Causas
829 4715 1041 4766 quoque
1066 4701 1321 4758 adnectit.
1350 4700 1418 4752 ob
1444 4715 1578 4766 quas
1605 4699 1881 4751 Dominica
1911 4700 2014 4760 die.
2045 4708 2118 4778 et:

2245 4704 2575 4773 προστίθησι,
2599 4705 2662 4755 δι’
2689 4701 2753 4764 ἃς
2791 4702 3154 4770 ἀπηγόρευται
3195 4699 3389 4750 κλίνειν
3439 4699 3495 4749 ὲν
3538 4698 3802 4767 κυριακῇ

603 4782 868 4839 Paschate
904 4788 966 4838 ad
1005 4788 1368 4842 Pentecostem
1402 4804 1588 4855 usque,
1621 4803 1790 4856 genua
1816 4787 2027 4841 ﬂectere
2051 4803 2118 4841 vel

2242 4793 2366 4859 γόνυ
2398 4794 2490 4844 καὶ
2534 4793 2637 4844 ἀπὸ
2680 4789 2772 4842 τοῦ
2819 4792 3006 4860 Πάσχα
3052 4789 3210 4859 μέχρι
3257 4787 3354 4856 τῆς
3398 4785 3801 4854 Πεντηκοστῆς.

598 4874 760 4927 tilum
801 4884 902 4928 est.
936 4875 1072 4945 Lege
1130 4889 1181 4930 et
1204 4881 1597 4945 sexagesimum
1641 4885 1846 4930 sextum
1884 4878 2110 4944 apostoli

2254 4880 2546 4949 ’Λνάγνωθι
2578 4882 2670 4935 καὶ
2691 4881 2780 4934 τὸν
2810 4879 2890 4944 ξς¹
2921 4878 3271 4932 άποστολικὸν
3303 4875 3504 4930 κανόνα
3523 4913 3539 4938 ,
3576 4874 3672 4928 καὶ
3702 4873 3803 4939 ξθ¹.

605 4978 726 5019 cum
753 4981 1011 5019 canonent
1035 4977 1084 5019 et
1117 4971 1507 5035 sexagesimum
1538 4983 1757 5020 nonum.

1867 5079 2093 5134 VARUE
2129 5076 2518 5137 LECTIONES.

710 5169 756 5201 ⁸⁷
774 5170 859 5221 διὰ
883 5171 941 5222 τὸ
965 5171 1280 5223 πεπονθέναι
1319 5169 1475 5221 αὐτὸν
1507 5169 1642 5238 ὑπὲρ
1665 5168 1836 5236 ἡμῶν,

673 5279 784 5361 (ίὸ)
820 5280 1025 5361 {maior
1059 5287 1138 5332 ιε’.
1161 5280 1364 5361 dolus:
1399 5277 1712 5361 regio-2938
1747 5277 2036 5361 praeﬂgitur
2063 5277 2151 5355 hic
2251 5277 2596 5361 coﬁ‘Kupio‘U'
2630 5275 2743 5361 τὴν.
2767 5276 2824 5361 δε
2869 5271 3237 5361 παρασκευῂν,
3279 5271 3450 5361 stage
3481 5272 3814 5361 «mimi/999

605 5341 794 5406 titulus
827 5349 948 5402 huic
981 5351 1172 5400 canoni
1204 5368 1215 5401 :
1249 5347 1359 5400 Τοῦ
1393 5341 1576 5402 αὑτοῦ
1608 5347 1675 5399 ἐκ
1707 5341 1811 5398 τοῦ
1840 5341 2021 5414 λόγου
2047 5345 2152 5398 τοῦ
2254 5347 2411 5397 αὑτὸν
2460 5341 2594 5414 ὑπὲρ
2629 5341 2818 5414 ἡμῶν·
2869 5341 2969 5414 τὴν
3008 5341 3434 5414 γὰρρΚυριακὴν
3459 5344 3816 5414 χαρμοσύνης

605 5377 794 5406 "unua
827 5377 948 5402 IIUIC
981 5377 1172 5400 υλιιιυιιι
1205 5377 1215 5401 ζ
1249 5377 1358 5400 ιυυ
1393 5377 1575 5402 ανιυυ
1608 5377 1675 5399 ειν
1711 5377 1810 5398 ιυυ
1840 5377 2020 5414 αιυίνυ
2050 5377 2152 5398 ιυυ
2254 5377 2318 5397 υιυ
2335 5377 2411 5397 ιυν
2462 5377 2594 5414 υιυςιβ
2635 5377 2782 5414 Ιηλυιυν
2870 5377 2967 5414 ‘UI‘V
3158 5377 3432 5413 ιιυμιδρῆοιν
3459 5377 3763 5412 Ᾱψγμνννιι
3787 5377 3813 5405 ν

601 5422 685 5480 είς
722 5417 786 5490 ζὸ
817 5419 1048 5490 Πάσχα.
1093 5417 1426 5490 Hanooum._
1524 5484 1536 5490 _
1605 5483 1616 5490 ﬁ
1757 5484 1770 5490 _
1810 5483 1836 5490 _
2128 5489 2131 5490 ν
2256 5415 2462 5490 ἡμέραν
2495 5414 2692 5490 ἄγρμεν
2718 5411 2805 5466 διὰ
2835 5412 2936 5490 τὸν,
2950 5411 3250 5490 ἀναστάντα
3279 5414 3336 5463 ὲν
3357 5413 3512 5490 αύτῇσ
3541 5406 3666 5490 hij
3689 5377 3816 5463 οὐέὸ

676 5485 786 5555 (19)
827 5481 1068 5553 Τὴνρὲν
1089 5487 1195 5554 γὰρ
1217 5500 1363 5549 τετρ.
1389 5483 1688 5537 Cotelerius
1710 5484 1772 5535 ad
1797 5483 2157 5555 Constapost.
2258 5481 2455 5555 γόνατα
2489 5482 2700 5555 κλίνειν·
2724 5481 3144 5555 παρειλήφαμεν.
3183 5483 3357 5555 Atque
3399 5481 3472 5531 ita
3508 5481 3715 5555 pariter
3747 5493 3817 5555 ex

605 5558 698 5608 lib.
745 5548 805 5615 ti,
838 5548 967 5622 cap:
1002 5548 1106 5614 59.’
1133 5548 1270 5605 hunc
1311 5548 1576 5622 canonem
1621 5569 1684 5605 ex
1725 5553 1883 5622 regiis
1923 5548 2051 5622 mss.
2085 5553 2155 5622 ita
2260 5552 2474 5622 laudato
2515 5552 2661 5620 regio
2702 5549 2887 5603 codice
2924 5548 3064 5602 2058
3089 5558 3141 5603 et
3174 5550 3294 5602 aliis
3327 5549 3502 5601 locum
3539 5548 3819 5618 supplevit

607 5625 840 5689 complet
869 5618 930 5674 ac
960 5624 1193 5674 restituit
1221 5639 1230 5670 :
1266 5621 1372 5688 Τὴν
1409 5621 1504 5705 μὲν
1542 5622 1769 5689 τετράδα
1791 5618 1886 5672 ’διὰ
1917 5621 1974 5674 τὸ
2006 5619 2155 5738 ἓενό-
2263 5618 2581 5674 llarduinus.

615 5707 772 5738 usvov
805 5691 1118 5738 συμϐούλιον
1145 5691 1248 5738 ὑπὸ
1275 5690 1377 5738 τῶν
1426 5687 1670 5738 Ιουδαξων
1697 5690 1785 5738 ἐπὶ
1812 5691 1872 5738 τῆ
1909 5704 2008 5738 που
2040 5687 2159 5738 οσία

615 5687 772 5743 μενον
805 5691 1118 5743 συμϐούλιον
1145 5691 1248 5741 ὑπὸ
1275 5687 1377 5740 τῶν
1411 5687 1670 5742 Ἰουδαίων
1697 5690 1785 5740 ἐπὶ
1812 5691 1873 5756 τῇ
1909 5687 2159 5756 προδοσίᾳ
