4018 6450
528 347 632 412 519

1767 351 1813 408 Τ
1823 350 1864 406 Η
1883 348 2044 409 EOD.
2083 348 2168 407 BA
2181 349 2306 409 I.S:.
2323 351 2481 410 MOY

3643 348 3764 412 520

520 489 537 519 ι
575 465 790 523 Summa
819 469 1148 522 Continentia
1183 471 1394 533 vixerit,
1425 479 1477 524 et
1505 486 1688 538 puram
1716 471 1782 523 ab
1815 473 2067 538 omnique

2179 483 2195 518 ι
2232 467 2504 519 κοινωνεῖν
2532 465 2638 517 τῶν
2667 467 2856 536 εὐχῶν.
2924 467 2983 519 El
3027 467 3206 536 μέντοι
3248 468 3332 530 τις
3361 471 3419 521 ἐν
3457 470 3606 541 ἄκρᾳ
3642 487 3754 523 σωα

515 579 532 608 ι
569 559 879 627 suspicione
940 559 1170 610 alienam
1234 558 1467 624 priorem
1519 557 1684 610 vitam
1751 559 2067 626 ostenderit,

513 668 530 697 ι
573 665 716 702 nunc
743 650 866 702 vict
899 650 1218 702 necessitate
1238 649 1300 700 ad
1335 649 1590 715 probrum
1623 651 2070 704 contumeliamve

512 758 529 788 ι
573 740 719 806 lapsa
753 740 856 802 sit;
883 741 1142 791 habemus
1191 739 1498 806 exsnnplnm
1541 740 1685 808 quod
1714 748 1794 794 est
1843 741 1895 791 in
1935 739 2073 792 Deu-

511 847 529 876 ‹
575 829 898 891 l'rt'tlllmlllo,
931 830 997 880 de
1021 827 1440 890 adolescentula,
1473 842 1634 894 quam
1662 829 1826 882 homo
1858 827 1912 878 in
1941 844 2070 894 agro

513 937 531 968 ι
571 918 796 982 invenit,
847 927 897 969 et
929 934 991 970 ea
1033 919 1080 970 vi
1125 933 1436 985 compressa
1477 933 1601 971 eum
1649 917 1761 984 ipsa
1810 918 2066 970 dormiit:

513 1027 532 1058 ι
574 1009 1002 1066 Adolescetttnltc.
1047 1009 1242 1076 inquit,
1266 1007 1394 1060 nihil
1423 1007 1648 1075 facietis.
1679 1009 2071 1058 nonestatlolc-

515 1118 533 1150 ι
575 1100 820 1152 scentultc
841 1108 1109 1165 percolunt
1140 1100 1358 1152 mortis:
1407 1099 1529 1166 quia
1561 1098 1992 1165 quemadmodum
2026 1101 2071 1150 δί

513 1208 533 1241 ι
570 1191 684 1258 quis
710 1191 858 1242 homo
891 1191 1135 1241 adversus
1171 1190 1464 1254 proximum
1513 1205 1661 1239 suum
1704 1190 2069 1254 insurrexeril,

513 1298 530 1330 ι
567 1293 613 1333 ει
647 1281 811 1345 ipsius
855 1280 1085 1330 animum
1127 1288 1290 1331 morte
1318 1278 1570 1345 a/fecerit,
1601 1279 1676 1330 sic
1709 1278 1816 1330 Itan:
1861 1294 1938 1330 res
1962 1290 2074 1342 est;

514 1387 532 1419 ι
572 1370 962 1421 adolescentulo
993 1369 1345 1434 exclamavit,
1371 1380 1418 1420 et
1449 1385 1547 1420 non
1579 1380 1691 1420 erat
1719 1371 1808 1436 qui
1840 1370 1887 1421 ei
1928 1383 2074 1436 opem

515 1478 534 1510 ι
573 1461 730 1528 ferret
766 1457 805 1512 ³.
836 1459 958 1512 “me
982 1461 1195 1528 quidem
1229 1469 1375 1513 certe
1406 1461 1478 1512 ila
1512 1476 1568 1513 se
1595 1461 1814 1512 habent.
1853 1477 1870 1509 ι

579 1640 735 1694 Βλιε.
779 1639 1010 1694 Sanctus
1056 1638 1418 1707 interrogatus
1467 1639 1595 1706 quid
1656 1646 1899 1706 oporteat
1955 1637 2067 1691 ﬁeri

514 1730 849 1793 Christianis,
884 1732 975 1797 qui
1021 1746 1048 1783 a
1079 1731 1322 1783 barbaris
1355 1731 1490 1796 tapti
1538 1737 1683 1789 sunt,
1718 1739 1766 1780 et
1794 1743 1912 1795 qua:
1943 1728 2074 1794 ipsis

2175 578 2195 612 ι
2236 557 2474 629 φροσύνῃ
2502 557 2734 628 ζήσασα,
2773 560 2864 611 καὶ
2893 559 3128 626 καθαρὸν
3158 562 3250 613 καὶ
3279 559 3383 624 ἔξω
3411 562 3594 632 πάσης
3619 563 3757 614 ὑπο-

2171 664 2190 698 ι
2226 647 2372 707 νοίας
2403 646 2809 716 ὲπιδεδειγμένη
2847 647 2961 715 βίον
2985 651 3074 700 τὸν
3103 649 3364 718 πρότερον
3384 688 3397 710 ,
3446 647 3542 700 νῦν
3587 665 3749 717 περι-

2175 753 2191 786 ι
2235 737 2514 788 πέπτωκεν
2539 737 2599 786 ὲκ
2629 735 2744 802 βίας
2771 737 2863 788 καὶ
2898 737 3141 805 ἀνάγκης
3175 737 3324 807 ὕϐρει
3349 777 3364 800 ,
3394 739 3593 806 ἔχομεν
3642 754 3742 787 πα-

2171 844 2188 874 ι
2235 825 2495 894 ράδειγμα
2523 824 2582 876 τὸ
2615 827 2671 876 ὲν
2701 826 2776 894 τῷ
2809 829 3235 894 Δευτερονομίῳ
3277 829 3334 878 τὸ
3371 828 3461 878 ἐπὶ
3508 828 3576 895 τῇ
3613 827 3751 878 νεά-

2173 933 2191 964 ι
2231 915 2351 976 νιδι,
2377 916 2441 983 ἣν
2465 917 2520 966 ὲν
2551 915 2626 983 τῷ
2652 915 2813 984 πεδίῳ
2839 909 2991 985 εὗρεν
3024 917 3323 986 ἄνθρωπος,
3350 917 3445 968 καὶ
3473 916 3755 984 βιασάμε-

2173 1022 2190 1054 ι
2230 1021 2316 1067 νος
2342 1005 2538 1073 αὐτὴν.
2581 1005 2843 1074 ἐκοιμήθη
2879 1006 2992 1074 μετ’
3031 1007 3264 1076 αὐτῆςο-
3293 1005 3368 1074 Τῇ
3397 1007 3631 1059 νεάνιδι
3673 1008 3753 1060 οὐ

2173 1111 2191 1141 ι
2233 1091 2532 1155 ποιήσετε,
2590 1093 2786 1162 φησὶν,
2834 1094 3044 1147 οὐδέν·
3084 1095 3196 1147 οὐκ
3223 1094 3355 1147 ἐστι
3397 1094 3471 1161 τῇ
3511 1093 3754 1147 νεάνιδι

2173 1199 2190 1229 ι
2227 1181 2534 1250 ἁμάρτημα
2559 1182 2813 1240 θανάτου
2834 1199 2846 1212 ·
2872 1183 2958 1235 ὅτι
2996 1184 3095 1248 ὡς,
3148 1182 3206 1236 ει
3233 1201 3322 1248 τις
3351 1183 3594 1250 ἀναστῇ
3635 1184 3752 1236 dr-

2172 1289 2191 1320 ι
2233 1273 2458 1336 θρωπος
2478 1271 2575 1323 ἐπὶ
2599 1271 2705 1324 τὸν
2725 1276 2989 1338 πλησιον
3014 1273 3197 1324 αὑτοῦ
3219 1311 3234 1336 ,
3279 1272 3377 1323 καὶ
3417 1270 3751 1338 θανατώσῃ

2173 1377 2192 1410 ι
2232 1360 2416 1412 αὑτοῦ
2472 1361 2586 1427 τὴν
2631 1360 2878 1428 ψυχὴν,
2924 1361 3076 1413 οὕτω
3123 1361 3187 1413 τὸ
3234 1359 3472 1428 πρᾶγμα
3522 1361 3748 1413 τοῦτο’

2172 1468 2192 1500 ι
2230 1448 2480 1516 ἐϐόησεν
2508 1452 2544 1518 ἠ
2568 1448 2787 1515 νεᾶνις,
2820 1451 2915 1504 καὶ
2948 1453 2981 1504 ὀ
3005 1448 3248 1518 βοηθῶν
3297 1453 3408 1503 οὐκ
3444 1447 3524 1519 ἦν
3558 1452 3748 1518 αὐτῇ.

2173 1536 2354 1590 Ταῦτα
2381 1538 2557 1606 μέντοι
2588 1542 2824 1596 τοιαῦτα.
2842 1561 2858 1592 ι

2237 1631 2430 1683 ΒΑΛΣ.
2478 1632 2799 1702 Ἐρωτηθεὶς
2841 1633 2869 1685 ὁ
2913 1633 3068 1699 ἅγιος
3127 1633 3253 1701 περὶ
3296 1628 3387 1685 τοῦ
3439 1630 3493 1683 τί
3531 1629 3751 1697 ὀφείλει

2166 1720 2409 1787 γίνεσθαι
2446 1721 2526 1782 είς
2563 1722 2687 1784 τοὺς
2725 1721 3080 1789 Χριστιανοὺς
3112 1721 3235 1784 τοὺς
3270 1720 3752 1790 αἰχμαλωτισθέν-

515 1823 579 1876 ab
602 1823 679 1874 eis
704 1822 1108 1889 opponebantur
1135 1821 1424 1889 idolothyta
1447 1818 1826 1882 comederunt;
1853 1827 2074 1884 respon-

2179 1828 2271 1874 τας
2303 1810 2452 1880 παρὰ
2481 1810 2788 1882 βαρϐάρων,
2816 1812 2906 1864 καὶ
2939 1810 3207 1878 φαγόντας
3235 1810 3302 1861 τὰ
3343 1809 3493 1876 παρὰ
3530 1808 3754 1860 τούτων

514 1913 590 1966 dit
616 1931 627 1965 :
659 1913 718 1965 lli
751 1914 852 1966 cibi
887 1928 990 1964 non
1017 1922 1259 1978 gravant,
1297 1910 1344 1961 id
1377 1919 1476 1969 est,
1503 1925 1606 1960 non
1632 1923 1788 1975 grave
1814 1907 2072 1959 damnum

514 2004 776 2068 aﬂ'erunt;
810 2011 862 2054 et
885 2002 1114 2054 maxime
1137 2000 1278 2066 quod
1303 2012 1440 2050 unus
1473 2005 1553 2050 est
1583 2011 1760 2049 sermo
1790 1997 1929 2064 apud
1958 2005 2076 2049 om-

515 2112 625 2156 ues,
662 2096 774 2148 sive
806 2093 945 2160 quod
974 2106 1161 2143 omnes
1184 2090 1386 2148 dicunt,
1427 2089 1582 2140 idolis
1612 2103 1714 2139 non
1744 2087 2078 2140 sacriﬁcasse

514 2187 794 2247 barbaros,
825 2186 914 2252 qui
945 2184 996 2236 in
1027 2191 1208 2234 nostra
1240 2180 1579 2233 incursiones
1621 2179 1815 2232 fecere.
1851 2179 2078 2231 Adduclt

515 2285 689 2327 autem
740 2284 792 2325 et
843 2288 908 2324 ex
944 2272 1202 2339 Apostolo
1234 2279 1285 2322 ct
1315 2287 1379 2323 ex
1416 2269 1708 2337 Evangelia
1760 2269 2071 2322 sententias.

516 2362 591 2414 Ex
623 2361 883 2429 Apostolo
917 2361 1132 2426 quidem
1171 2377 1182 2410 :
1215 2358 1363 2410 Escw
1407 2360 1591 2419 ventri,
1621 2367 1668 2409 et
1703 2367 1877 2410 venter
1910 2359 2075 2419 escis;

521 2449 655 2501 Deus
684 2457 853 2499 autem
899 2456 945 2498 et
987 2461 1101 2498 eum
1129 2454 1177 2496 et
1203 2444 1296 2496 llas
1326 2445 1575 2496 destruet.
1617 2443 1717 2508 Qui
1749 2445 1961 2511 quidem
1994 2445 2077 2496 lo-

519 2554 614 2592 cus
663 2536 991 2604 apostolicus
1033 2534 1270 2601 loquitur
1305 2534 1369 2586 de
1401 2534 1691 2600 rcpletione
1722 2543 1772 2585 et
1800 2533 2030 2602 ingluvie
2063 2551 2076 2587 :

521 2636 569 2680 et
591 2642 743 2679 escas
771 2626 983 2693 quidem
1013 2624 1254 2676 nominat
1275 2637 1335 2673 ea
1366 2636 1484 2689 quze
1509 2630 1634 2674 sunt
1660 2636 2076 2688 supervacanea,

521 2731 582 2769 ac
606 2717 857 2777 delicias;
891 2724 1126 2766 ventrem
1162 2723 1362 2776 autem,
1399 2712 1746 2764 voracitatem
1778 2711 1929 2773 dixit,
1969 2727 2075 2762 non

523 2822 646 2860 vero
685 2806 1061 2857 ventriculum.
1095 2803 1196 2855 Per
1239 2804 1350 2856 lnec
1381 2812 1558 2854 autem
1605 2802 1735 2854 dicit
1775 2801 2078 2868 Apostolus,

523 2891 660 2958 quod
687 2894 1014 2941 cxsaturatio
1045 2899 1093 2940 ct
1123 2889 1279 2941 luxus
1306 2887 1370 2939 ad
1405 2886 1694 2954 ingluviem
1719 2889 2079 2954 pertinet,sed

524 2997 695 3045 neque
725 2980 790 3032 ad
837 2979 999 3031 υιτιιιιι
1031 2978 1246 3031 deducit
1277 2997 1289 3030 :
1331 2977 1476 3029 luxui
1511 2986 1687 3029 autem
1723 2977 1969 3043 ingluviei
2002 2977 2073 3027 vix

525 3070 658 3123 tium
713 3068 974 3121 familiare
1028 3068 1287 3128 redditur,
1327 3075 1380 3118 et
1431 3066 1656 3118 alterum
1704 3066 1853 3118 alteri
1900 3065 2080 3119 servit.

527 3156 666 3211 Deus
701 3171 878 3210 autem
917 3173 976 3209 ca
1005 3157 1174 3210 otiosa
1208 3166 1260 3208 et
1290 3154 1580 3207 inefﬁcacia
1615 3154 1824 3216 elliciet,
1852 3164 1909 3206 ut
1951 3155 2080 3207 nulli
2105 3163 2144 3215 (ζ

523 3248 590 3300 ab
620 3247 698 3300 eis
731 3248 1010 3299 laedantur.
1052 3245 1128 3297 Ex
1158 3245 1442 3312 Evangeiio
1475 3253 1654 3296 autem
1692 3261 1823 3297 usus
1855 3255 1938 3298 est
1966 3261 2086 3299 ver-

525 3337 608 3391 bis
642 3336 909 3404 Evangelii
941 3351 1060 3404 quaz
1089 3335 1275 3388 dicunt
1311 3351 1322 3386 :
1353 3334 1504 3397 Quod
1547 3336 1712 3386 intrat
1741 3351 1831 3401 per
1859 3350 1936 3397 os,
1983 3351 2085 3387 non

525 3429 825 3494 coinquinat
850 3428 1128 3478 hominem.
1157 3425 1354 3478 Deinde
1384 3425 1448 3477 de
1480 3425 1703 3491 captivis
1725 3440 1938 3492 quoque
1969 3441 2085 3478 mu-

527 3519 768 3578 lieribus,
806 3519 1003 3585 quibus
1036 3517 1245 3569 barbari
1274 3527 1519 3583 stuprum
1551 3514 1846 3568 intulerunt
1875 3530 1888 3565 :
1921 3526 1971 3566 ct
1999 3515 2084 3567 di-

527 3607 620 3669 cit,
662 3607 803 3674 quod
852 3607 894 3659 si
953 3606 1122 3672 prima
1153 3605 1366 3672 quidem
1402 3619 1587 3657 eorum
1628 3603 1734 3656 vita
1775 3613 1911 3656 esset
1951 3618 2080 3654 cou-

527 3698 796 3760 demnata,
845 3708 1124 3762 susprctas
1183 3710 1277 3747 eas
1325 3693 1452 3747 facit
1505 3693 1827 3745 l'oanicarius
1875 3691 2088 3744 habitus

528 3787 686 3839 etiam
718 3796 955 3853 tempore
987 3785 1330 3851 captivitatis.
1367 3783 1430 3836 Et
1455 3793 1735 3850 propterea
1778 3796 1882 3833 non
1927 3796 2086 3848 opor-

528 3886 600 3931 tet
639 3877 791 3928 facile
823 3891 944 3930 cum
978 3876 1054 3928 eis
1087 3890 1262 3934 orare.
1297 3874 1387 3928 sed
1429 3885 1712 3942 postquam
1740 3872 1915 3940 paenis
1948 3871 2088 3925 vide-

529 3969 652 4021 liCet
685 3967 952 4034 impositis
987 3982 1044 4019 se
1091 3965 1490 4017 submisissent.
1526 3963 1620 4018 Est
1660 3975 1836 4017 autem
1871 3963 2085 4017 habitus

530 4056 688 4124 longa
721 4054 1074 4117 consuetudo,
1117 4068 1233 4120 qua:
1262 4062 1498 4119 tempore
1531 4066 1744 4119 quoque
1772 4051 2085 4104 confirmata

528 4153 646 4207 cst,
709 4158 829 4210 qua:
883 4141 948 4194 ad
1008 4152 1256 4192 naturam
1310 4141 1468 4192 etiam
1525 4140 1876 4194 similitudine
1927 4155 2085 4206 quam

532 4232 774 4300 proxime
802 4229 1218 4294 accedit.Quare
1247 4245 1363 4296 qua:
1394 4230 1526 4282 tales
1553 4244 1657 4281 non
1683 4237 1826 4292 sunt,
1857 4230 2086 4292 violata),

535 4337 640 4374 non
675 4331 984 4389 peccarunt.
1027 4319 1293 4386 Exemplo,
1330 4332 1508 4372 autem
1544 4335 1673 4373 usus
1708 4327 1790 4373 est
1823 4319 1935 4388 lege
1972 4334 2090 4388 qua:

2169 1901 2351 1961 αὐτοῖς
2399 1900 2806 1970 παρατιθέμενα
2862 1900 3207 1952 εἰδωλόθυτα·
3259 1899 3636 1965 ἀπελογήσατο
3668 1898 3753 1960 ὡς

2166 1989 2235 2043 τὰ
2283 1987 2541 2060 βρώματα
2577 1989 2748 2042 ταῦτα
2793 1990 2850 2042 οὐ
2907 1991 3079 2060 βαρεῖ,
3111 1990 3227 2042 ἀντὶ
3255 1991 3368 2055 τοῦ,
3404 1990 3464 2042 οὐ
3514 1989 3751 2060 βαρεῖαν

2167 2081 2386 2150 ἐμποιεί
2421 2080 2651 2150 βλάϐην·
2687 2082 2779 2133 καὶ
2811 2082 3004 2150 μᾶλλον
3034 2083 3113 2133 ὅτι
3138 2076 3217 2143 εἷς
3245 2081 3400 2147 λόγος
3425 2081 3576 2150 παρὰ
3610 2083 3746 2133 πάν·

2166 2187 2293 2233 των,
2323 2172 2487 2240 ἤγουν
2517 2173 2600 2224 ὅτι
2630 2173 2826 2233 πάντες
2859 2171 3076 2238 λέγουσι
3113 2171 3185 2240 μὴ
3235 2171 3388 2223 θῦσαι
3437 2175 3548 2233 τοῖς
3582 2171 3746 2224 εἰδῶ.

2166 2260 2279 2322 λοις
2328 2261 2453 2322 τοὺς
2500 2260 2566 2313 τά
2614 2261 2856 2330 ἡμέτερα
2909 2260 3351 2330 καταδραμόντας
3407 2260 3747 2331 βαρϐάρους.

2171 2350 2408 2420 [ιαράγει
2459 2350 2512 2402 δὲ
2547 2351 2636 2402 καὶ
2670 2353 2732 2401 ὲκ
2772 2349 2864 2402 τοῦ
2911 2349 3228 2401 Ἀποστόλου
3265 2351 3508 2419 χρήσεις,
3541 2349 3641 2402 καὶ
3675 2352 3749 2402 ὲκ

2167 2439 2258 2492 τοῦ
2293 2439 2617 2506 Εὑαγγελίου
2635 2457 2647 2469 ·
2683 2441 2745 2492 ὲκ
2779 2440 2875 2510 μὲν
2902 2440 2993 2492 τοῦ
3034 2440 3349 2491 Ἀποστὸλου
3379 2439 3458 2502 τὸ,
3479 2439 3555 2492 Τὰ
3581 2440 3753 2506 ,ϐρώ-

2167 2547 2320 2598 ματα
2339 2529 2411 2597 τῇ
2438 2531 2630 2595 κοιλίᾳ
2658 2530 2754 2582 καὶ
2785 2532 2821 2596 ἠ
2847 2529 3042 2582 κοιλίά
3073 2528 3195 2592 τοῖς
3215 2527 3527 2595 ,ϐρώμασιν
3552 2544 3566 2557 ·
3605 2532 3639 2580 ό
3677 2528 3756 2582 δὲ

2172 2619 2313 2685 Θεὸς
2338 2619 2434 2672 καί
2450 2623 2672 2686 ταύτην
2699 2619 2794 2671 καί
2828 2617 3011 2670 ταῦτα
3043 2617 3500 2684 καταργήσειῦῸ
3516 2616 3583 2687 δὴ
3604 2619 3754 2670 ἀπο-

2173 2711 2413 2763 στολικὺν
2461 2712 2654 2779 χωρίον
2690 2709 2814 2778 περὶ
2849 2708 3159 2777 πλησμονῆς
3197 2708 3340 2774 λέγει
3396 2709 3490 2760 καὶ
3517 2725 3757 2778 γαστρι-

2177 2801 2440 2870 μαργίας·
2468 2802 2559 2854 καὶ
2588 2800 2846 2870 βρώματα
2880 2800 2995 2868 μὲν,
3025 2798 3092 2851 τά
3113 2798 3342 2868 περιττά
3369 2797 3623 2866 ὀνομάζει
3652 2799 3756 2851 καὶ

2171 2893 2270 2959 τὴν
2295 2892 2505 2961 τρυφήν
2523 2908 2537 2922 ·
2566 2891 2768 2943 κοιλίαν
2793 2891 2847 2942 δὲ
2871 2890 2968 2958 τὴν
2995 2888 3452 2959 γαστριμαργίαν,
3482 2889 3595 2940 ἀλλ’
3623 2889 3756 2957 οὐχὶ

2173 2979 2269 3048 τὴν
2292 2980 2548 3050 γαστέρα.
2583 2979 2680 3030 Διὰ
2710 2980 2765 3031 δὲ
2797 2980 2999 3030 τούτων
3039 2979 3067 3028 ὁ
3111 2977 3428 3039 Ἀπόστολος
3457 2977 3626 3044 λέγει,
3667 2978 3756 3030 ὃτι

2176 3069 2208 3140 ἡ
2255 3069 2528 3139 άδηφαγία
2569 3069 2662 3121 καὶ
2711 3069 2743 3138 ή
2793 3067 2966 3137 τρυφὴ
2998 3069 3061 3136 τῇ
3091 3069 3496 3136 γαστριμαργίᾳ
3528 3067 3752 3136 ἀνήκει,

2176 3159 2290 3212 ἀλλ’
2316 3160 2375 3211 οὐ
2422 3159 2556 3229 πρὸς
2589 3157 2717 3210 Θεὸν
2761 3158 2941 3227 φέρβει⁹
2976 3157 3068 3208 καὶ
3098 3158 3163 3224 τῇ
3197 3157 3372 3225 τρυφῇ
3416 3155 3476 3206 τὸ
3519 3155 3620 3222 τῆς
3653 3173 3759 3222 γα·

2176 3247 2532 3316 στριμαργίας
2574 3246 2740 3307 πάθος
2772 3245 3064 3314 ᾡκείωται,
3101 3243 3192 3296 καὶ
3245 3241 3469 3312 θάτερον
3527 3241 3756 3313 θατέρῳ

2173 3335 2426 3389 δουλεύει.
2446 3337 2500 3388 'O
2531 3337 2585 3387 δὲ
2618 3335 2747 3395 Θεὸς
2792 3334 3044 3405 ἄπρακτα
3077 3333 3169 3384 καὶ
3201 3332 3343 3402 ἀργά
3375 3333 3591 3402 ποιήσει
3624 3333 3760 3384 ταῦ-

2176 3442 2267 3488 τα,
2296 3424 2434 3477 ὥστε
2471 3425 2544 3495 μὴ
2578 3425 2636 3488 ἐξ
2676 3425 2852 3478 αὐτῶν
2888 3440 3038 3485 τινας
3073 3422 3418 3492 βλάπτεσθαι.
3439 3423 3540 3490 Ἐκ,
3563 3422 3619 3474 δὲ
3656 3421 3755 3476 τοῦ

2179 3513 2506 3580 Εὐαγγελίου
2558 3516 2822 3584 ἐχρήσατο
2872 3515 2984 3578 τοῖς
3031 3510 3122 3564 τοῦ
3165 3513 3492 3580 Εὐαγγελίου
3537 3515 3757 3584 ῥήμασι

2179 3605 2289 3665 τοῖς
2341 3603 2604 3670 λέγουσιν,
2638 3605 2739 3664 ὅτι,
2781 3605 2861 3656 Οὐ
2910 3602 2976 3654 τὸ
3019 3603 3518 3669 εἰσπορευόμενον
3558 3604 3763 3656 κοινοῖ

2181 3692 2282 3744 τὸν
2311 3693 2638 3759 ἄνθρωπον.
2669 3690 2797 3746 Εἶτα
2829 3693 2921 3746 καὶ
2947 3692 3074 3762 περὶ
3095 3692 3365 3759 γυναικῶν
3386 3690 3758 3760 αἰχμαλώτων

2180 3777 2266 3844 αἷς
2319 3784 2366 3834 οί
2424 3784 2684 3854 βάρϐαροι
2739 3783 3177 3853 συνεφθάρησαν·
3217 3782 3308 3834 καί
3348 3799 3530 3850 φησιν,
3564 3785 3670 3846 ὅτι,
3703 3784 3761 3835 εἰ

2183 3872 2280 3942 μιν
2302 3876 2328 3924 ὁ
2357 3873 2544 3944 πρώην
2575 3874 2750 3927 αὐτῶν
2767 3873 2879 3943 βίος
2905 3873 3343 3942 κατεγνωσμένος
3365 3869 3451 3942 ἦν,
3475 3872 3761 3936 ὑπόπτους

2177 3965 2344 4026 αὐτάς
2396 3967 2536 4016 ποιεῖ
2585 3967 2617 4034 ή
2674 3965 2903 4036 πορνικὴ
2946 3965 3056 4030 ἕξις
3091 3965 3184 4016 καὶ
3223 3967 3280 4017 ὲν
3333 3963 3411 4032 τῷ
3443 3961 3622 4033 καιρῷ
3656 3963 3764 4033 τῆς

2183 4053 2569 4122 αἰχμαλωσίας.
2622 4055 2730 4106 Kal
2776 4053 2863 4106 διὰ
2905 4054 3060 4108 τοῦτο
3101 4053 3402 4124 προχείρως
3448 4052 3641 4114 αὐταῖς
3690 4053 3758 4103 οὐ

2183 4141 2530 4210 συνεύχεσθαι
2557 4142 2653 4206 δεῖ,
2677 4144 2810 4196 ἀλλὰ
2845 4143 2982 4214 μετὰ
3008 4143 3066 4196 τὸ
3092 4143 3370 4196 δουλεῦσαι
3398 4142 3600 4213 δηλαδὴ
3628 4145 3762 4194 ἐπι-

2185 4231 2558 4300 τιμίοις.Ἔξις
2587 4234 2644 4285 δέ
2674 4235 2817 4285 ἐστιν
2851 4234 2884 4302 ὴ
2921 4233 3102 4303 μακρά
3132 4233 3387 4302 συνήθεια
3415 4232 3507 4285 καὶ
3533 4231 3610 4300 τῷ
3635 4232 3764 4300 χρό-

2184 4338 2258 4390 νῳ
2291 4321 2640 4386 παγιωθεῖσα,
2675 4323 2794 4390 ἥτις
2827 4323 2919 4374 καὶ
2953 4321 3107 4390 φύσει
3140 4322 3480 4392 προσέοικεν·
3517 4321 3659 4374 ὥστε
3695 4325 3758 4375 αἱ

539 4412 590 4462 in
629 4409 1040 4463 Deuteronomio
1071 4407 1314 4472 habetur,
1349 4408 1413 4459 de
1453 4408 1658 4476 virgine
1689 4407 1775 4460 cui
1809 4408 1860 4460 in
1903 4408 2082 4462 solitu-

2188 4412 2259 4481 μὴ
2313 4412 2550 4464 τοιαῦται
2614 4413 2710 4480 οὑχ
2753 4411 2996 4481 ἥμαρτον
3045 4410 3363 4480 βιασθεῖσαι.
3414 4410 3524 4462 Kal
3576 4427 3766 4480 παρα-

533 4502 661 4554 dinc
689 4517 784 4568 per
817 4501 923 4552 vim
957 4499 1214 4565 probrum
1249 4497 1451 4549 illatum
1484 4507 1585 4550 est.
1630 4497 1695 4549 Et
1724 4512 1842 4564 quas
1875 4497 2086 4564 quidem

533 4591 599 4644 ad
632 4603 892 4642 canoncm
929 4594 1173 4654 spectant
1203 4586 1252 4634 in
1287 4585 1367 4636 liis
1400 4585 1722 4638 consistunt.
1750 4583 1969 4637 Videtur
1998 4601 2092 4636 au-

535 4689 639 4732 tem
676 4687 894 4733 sanctus
943 4693 1006 4730 ex
1057 4691 1121 4728 eo
1171 4675 1313 4743 quod
1359 4675 1510 4736 dixit,
1544 4690 1647 4726 non
1699 4674 1883 4728 inferri
1934 4691 2092 4742 grave

537 4767 916 4835 damnum25
944 4767 1006 4819 iis
1051 4765 1144 4834 qui
1194 4763 1496 4831 idolothyta
1539 4759 1920 4820 comederunt,
1957 4759 2036 4810 eis
2061 4773 2090 4810 a

539 4861 785 4915 barbaris
808 4861 1073 4926 apposita,
1101 4869 1154 4912 ct
1190 4872 1256 4910 ex
1279 4871 1343 4909 eo
1368 4853 1513 4923 quod
1536 4851 1687 4912 dicit,
1712 4863 1905 4903 omnes
1935 4850 2093 4916 plene

536 4954 872 5014 compertum
907 4944 1124 5003 habere,
1150 4941 1407 4994 barbaros
1433 4938 1588 4992 idolis
1610 4951 1714 4989 non
1737 4937 2090 5002 sacriﬁcasse,

537 5048 590 5089 et
622 5051 685 5088 cx
719 5051 784 5087 eo
817 5033 958 5100 quod
995 5033 1158 5083 utitur
1185 5030 1340 5081 dictis
1374 5027 1681 5096 apostolicis
1716 5042 1837 5095 quae
1863 5027 1929 5080 de
1962 5027 2091 5080 luxu

540 5135 593 5178 et
627 5123 857 5192 ingluvie
887 5121 1175 5182 disserunt,
1215 5118 1460 5169 similiter
1505 5125 1557 5170 et
1607 5115 1949 5184 evangelicis,
1975 5131 2096 5184 qua:

540 5218 726 5269 eadem
779 5221 1028 5273 tractant,
1070 5225 1176 5261 non
1223 5208 1409 5261 fecisse
1458 5205 1751 5274 simplicem
1784 5205 2094 5272 reaponsio-

548 5321 692 5366 nem,
725 5303 814 5354 sed
849 5315 969 5366 quae
999 5299 1256 5351 dividitur
1302 5298 1355 5350 in
1403 5311 1495 5350 eos
1545 5297 1634 5364 qui
1682 5294 1971 5364 idolotltyta
2005 5311 2098 5362 ρη-

546 5393 764 5446 delicias
791 5406 884 5443 sua
917 5401 1104 5458 sp0nte
1132 5388 1509 5449 comederunt;
1533 5385 1583 5437 in
1609 5399 1699 5438 eos
1722 5385 1812 5452 qui
1845 5384 1892 5435 vi
1919 5400 1947 5437 a
1977 5384 2099 5437 bar—

546 5482 695 5538 baris
730 5482 897 5534 c0acti
929 5478 1307 5542 comederunt;
1338 5477 1388 5530 in
1415 5490 1505 5530 eos
1531 5476 1620 5542 qui
1651 5483 1862 5543 piOpter
1898 5483 2102 5526 naturze

605 5625 625 5654 ³
665 5641 813 5696 Dcut.
869 5655 997 5699 λιιι,
1035 5638 1137 5702 ‘26,
1177 5637 1266 5690 Q7.

2185 4503 2429 4571 δείγματι
2463 4502 2723 4570 κέχρηται
2765 4505 2830 4571 τῇ
2876 4504 2933 4554 ὲν
2961 4501 3038 4566 τῷ
3065 4500 3462 4572 Δευτερονομίῳ
3491 4500 3765 4570 θεσμοθε-

2186 4596 2276 4665 σία
2307 4598 2372 4664 τῇ
2403 4595 2530 4664 περὶ
2562 4593 2658 4661 τῆς
2693 4591 3036 4661 ὑϐρισθείσης
3071 4591 3334 4662 παρθένου
3368 4590 3508 4644 κατὰ
3545 4589 3668 4658 βίαν
3699 4592 3764 4644 ὲν

2187 4685 2406 4755 ἐρημίᾳ.
2437 4685 2545 4736 Kal
2593 4682 2657 4735 τὰ
2704 4682 2800 4751 μὲν
2849 4683 2942 4735 τοῦ
2990 4685 3208 4744 κανόνος
3240 4684 3296 4733 ἐν
3328 4680 3763 4743 τούτοις.Ἔοικε

2186 4774 2241 4824 δὲ
2264 4776 2292 4825 ὁ
2317 4774 2466 4839 ἅγιος
2494 4771 2601 4824 ἀπὸ
2633 4771 2723 4823 τοῦ
2749 4772 2920 4824 εἰπεῖν
2951 4771 3022 4840 μὴ
3049 4770 3345 4838 ἐπάγεσθαι
3374 4770 3594 4840 βαρεῖαν
3627 4768 3766 4838 βλά-

2189 4865 2287 4933 ϐην
2319 4865 2426 4925 τοῖς
2467 4861 2696 4929 φαγοῦσι
2728 4862 2795 4914 τά
2825 4861 3141 4913 εἰδωλόθυτα
3183 4860 3593 4930 παρατιθέμενα
3629 4860 3764 4911 τού-

2191 4971 2302 5015 τοις
2329 4952 2476 5022 παρὰ
2499 4951 2602 5003 τῶν
2639 4951 2942 5022 βαρϐάρων,
2979 4953 3071 5003 καὶ
3093 4951 3197 5003 ἀπὸ
3227 4952 3319 5002 τοῦ
3348 4951 3524 5017 λέγειν
3553 4954 3767 5019 πληρο-

2191 5039 2470 5112 φορεῖσθαι
2499 5041 2700 5103 πάντας
2737 5041 2809 5110 μὴ
2841 5041 3089 5107 γενέσθαι
3121 5041 3243 5102 τοὺς
3277 5038 3586 5110 βαρϐάρους
3616 5043 3768 5093 εἰδω-

2191 5131 2432 5194 λοθύτας,
2477 5131 2568 5183 καὶ
2610 5131 2718 5183 ἀπὸ
2760 5131 2851 5182 τοῦ
2894 5128 3193 5200 χρήσασθαι
3235 5132 3344 5192 τοῖς
3383 5129 3763 5194 ἁποστολικοίς

2197 5224 2396 5293 ῥήμασι
2443 5225 2552 5283 τοῖς
2595 5219 2986 5289 διαλεγομένοις
3023 5219 3149 5286 περὶ
3181 5218 3392 5287 τρυφῆς
3431 5217 3525 5271 καὶ
3554 5218 3760 5288 ἀδηφα-

2197 5312 2344 5378 γίας,
2376 5312 2634 5370 ὡσαύτως
2667 5312 2758 5362 καὶ
2800 5313 2910 5372 τοῖς
2954 5309 3322 5377 εὐαγγελικοῖς
3349 5309 3416 5361 τὰ
3458 5307 3598 5360 αὐτὰ
3644 5309 3763 5362 δια-

2194 5400 2544 5469 λαμϐάνουσι,
2576 5399 2648 5469 μὴ
2693 5398 2867 5468 ἁπλῆν
2909 5401 3129 5468 ποιῆσαι
3157 5401 3253 5469 τὴν
3284 5398 3593 5468 ἀπόκρισιν,
3627 5399 3767 5452 ἀλλὰ

2195 5488 2568 5560 διαιρουμένην
2595 5490 2674 5552 είς
2700 5489 2966 5554 φαγόντας
3010 5486 3330 5540 εἰδωλόθυτα
3375 5485 3516 5538 κατὰ
3548 5486 3771 5558 τρυφὴν
