4018 6434
226 335 325 406 521

1225 341 1303 404 IN
1332 342 1572 404 EPIST.
1609 338 1671 402 S.
1711 338 2093 402 GREGORII
2135 337 2566 401 NEOCESAR.

3342 331 3445 395 522

228 465 424 529 ικοντὶ,
452 464 533 528 εἰς
567 463 689 528 τοὺς
727 463 865 517 κατὰ
906 461 1022 532 βίον
1052 461 1157 515 τῶν
1196 460 1479 532 βαρϐάρων
1516 460 1771 528 φαγόντας

1885 458 2255 515 necessitatem
2286 474 2381 514 eas
2416 472 2573 514 escas
2617 455 2879 521 fecerunt,
2912 466 2966 512 et
3006 457 3062 512 in
3105 469 3201 513 eos
3246 458 3339 527 qui
3368 457 3438 513 ad

228 556 414 621 ταῦτα,
434 558 515 619 εἰς
539 557 665 620 τοὺς
696 555 764 608 δι’
787 553 1027 622 ανάγκην
1045 552 1143 621 τῆς
1169 551 1379 620 φύσεως
1413 550 1602 621 βρῶμα
1622 566 1781 621 ποιη-

226 645 491 713 σαμένους
520 644 679 706 αὐτὰ,
707 643 799 698 καὶ
832 645 911 707 είς
950 642 1075 706 τοὺς
1108 640 1420 711 βιασθέντας
1452 640 1585 710 πρὸς
1625 641 1784 695 τοῦτο

227 734 375 805 παρὰ
411 734 718 805 βαρϐάρων,
747 735 821 804 μὴ
868 731 1164 786 τεθυκότων
1210 733 1321 794 τοῖς
1363 729 1782 793 εἰδώλοις.”οθεν

226 824 337 883 καὶ,
359 824 433 886 ὼς
466 825 586 893 εμοὶ
612 825 776 880 δοκεῖ.
804 822 919 876 οὐδὲ
953 815 1031 884 εἷς
1068 822 1134 873 εκ
1173 819 1371 873 τούτων
1400 819 1782 890 άνεπιτίμητος

224 914 396 967 εσται.
439 915 500 967 Οἱ
538 914 645 982 γὰρ
683 912 771 965 διὰ
801 910 1006 984 τρυφὴν
1039 910 1300 979 φαγόντες
1333 907 1503 963 ταῦτα
1545 907 1782 978 μείζοσιν

224 1003 514 1072 ἒπιτιμίοις
547 1000 1032 1072 ὑποϐληθήσονταιε
1068 1002 1115 1052 οἰ
1151 1000 1217 1053 δι’
1255 1000 1498 1069 ανάγκην
1530 997 1619 1051 καὶ
1648 998 1783 1051 ἁπο-

223 1092 424 1162 τροφὴν
456 1090 547 1144 τοῦ
577 1089 843 1160 σώματος,
863 1089 937 1152 ώς
964 1088 1036 1159 μὴ
1070 1088 1280 1158 ἔχοντες
1306 1087 1478 1150 ἄλλως
1509 1087 1621 1148 πῶς
1646 1088 1782 1140 απο-

224 1182 512 1252 τραφῖμαι,
548 1184 780 1251 ἡττόνως
806 1180 1222 1250 κολασθήσονται
1275 1179 1382 1232 Καὶ
1415 1179 1464 1231 οἰ
1495 1179 1666 1232 λοιποί
1693 1177 1782 1231 διὰ

222 1272 321 1341 τὴν
362 1272 728 1342 μιαροφαγίαν
774 1270 1129 1342 μετριώτερον
1168 1270 1666 1341 ὲπιτιμηθήσονται,
1699 1269 1780 1321 ὅτι

222 1364 319 1414 καί⁵
355 1363 384 1415 ὁ
413 1363 565 1437 ἅγιος
593 1362 652 1414 οὐ
684 1361 818 1432 βαρύ
846 1378 1006 1433 φησιν
1033 1357 1172 1415 εῖναι
1202 1361 1263 1414 τδ
1292 1362 1480 1429 φαγεῖν
1511 1359 1782 1413 είδωλόθυ-

220 1469 287 1505 τα
324 1453 475 1522 παρά
505 1452 612 1505 τῶν
640 1438 712 1523 μὴ
736 1452 1008 1506 θυσάντων
1033 1455 1141 1516 τοῖς
1165 1452 1397 1515 εἰδώλοις
1426 1449 1781 1521 παρατιθέμε-

221 1559 306 1605 να,
338 1542 400 1594 οὐ
428 1543 531 1612 μὴν
561 1542 654 1596 καὶ
677 1542 849 1614 πάντη
875 1543 1292 1614 άκατέγκλητον.
1311 1542 1597 1612 Ἐρωτήσει
1615 1540 1671 1594 δέ
1695 1556 1780 1603 τις

221 1635 317 1697 ὡς,
350 1635 443 1687 τοῦ
478 1633 537 1687 ιδ’
570 1635 789 1697 κανόνος
812 1635 907 1690 τοῦ
930 1634 1194 1704 μακαρίου
1216 1632 1421 1704 Πέτρου
1444 1628 1781 1702 άρχιεπισκό-

221 1738 325 1776 που
362 1724 759 1794 Ἀλεξανδρείας
778 1724 871 1776 καὶ
898 1723 1169 1794 μάρτυρος
1191 1720 1637 1792 διαλαμϐάνοντος
1657 1719 1781 1783 τοὺς

222 1813 363 1866 κατὰ
423 1813 540 1883 βίαν
593 1813 915 1884 τυραννικὴν
968 1812 1237 1881 φαγόντας
1296 1810 1633 1873 εἰδωλόθυτα,
1691 1808 1781 1862 καὶ

222 1905 646 1973 τοιουτοτρόπως
673 1903 955 1966 θύσαντας,
979 1904 1052 1974 μὴ
1078 1901 1446 1972 ἐπιτιμᾶσθαι,
1483 1900 1617 1954 ἀλλὰ
1650 1899 1781 1970 μᾶλ-

222 1991 312 2045 λον
350 1993 442 2045 καὶ
479 1993 539 2044 ὲν
568 1990 646 2061 τῷ
671 1991 852 2063 κλήρῳ
880 1986 1037 2052 εἶναι.
1080 1990 1366 2061 κληρικοὺς
1389 1989 1564 2051 ὄντας,
1595 1987 1711 2050 πῶς
1741 1990 1775 2058 ἡ

222 2081 467 2151 παροῦσα
508 2082 760 2152 ιπισωλὴ
786 2079 1071 2152 διορίζεται
1112 2080 1236 2143 τοὺς
1270 2077 1539 2146 φαγόντας
1568 2077 1778 2132 εἰδωλό-

221 2171 355 2225 θυτα
372 2172 459 2239 μὴ
482 2171 720 2240 ,ϐαρέως
753 2170 1101 2241 βλάπτεσθαι,
1124 2170 1197 2233 ὡς
1226 2170 1288 2222 εκ
1314 2168 1501 2223 τούτου
1527 2168 1777 2238 ἱκφαίνε-

221 2260 342 2313 σθαι
365 2260 691 2329 βλάπτεσθαι
723 2260 913 2322 αὐτοὺς
931 2259 1208 2327 μετρίως
1239 2259 1425 2322 Λύσις.
1444 2258 1500 2312 ὐ
1525 2258 1779 2330 ἱερομάρ-

221 2367 316 2413 τυς
349 2350 555 2421 Πέτρος
589 2351 645 2401 ἐν
674 2350 750 2419 τῷ
778 2349 837 2402 ιδ’
864 2350 1048 2403 κανόνι
1084 2349 1248 2404 αὐτοῦ
1278 2351 1368 2403 καὶ
1406 2349 1532 2420 περί
1563 2348 1691 2401 αὐτὸ
1717 2348 1781 2402 τὸ

222 2442 409 2507 ραγεῖν
438 2440 505 2493 τὰ
535 2440 849 2493 εἰδωλόθυτα
882 2439 1221 2512 μαρτυρῆσαι
1255 2440 1379 2503 τοὺς
1404 2438 1637 2508 ἀθλητάς
1658 2438 1776 2492 διαο

220 2530 501 2601 λαμϐάνει.
530 2531 667 2601 Φησὶ
698 2533 824 2602 γὰρ,
857 2531 937 2584 ὅτι
967 2531 1060 2583 καὶ
1086 2531 1243 2600 χάνος
1268 2530 1523 2599 ἐνεϐλήθη
1551 2529 1629 2599 τῷ
1658 2529 1777 2581 στό-

219 2636 350 2689 ματι
387 2621 565 2674 αὐτῶν
607 2622 699 2674 καὶ
730 2622 788 2674 αἰ
830 2624 1006 2691 χεῖρες
1051 2620 1252 2674 τούτων
1290 2619 1651 2689 κατεκάησαν,
1683 2618 1777 2671 καὶ

220 2710 400 2772 ἁπλῶς
430 2710 537 2762 οὐδ’
560 2710 697 2774 ὅλως
726 2710 1003 2763 συνέθεντο
1033 2712 1111 2773 εἰς
1147 2709 1207 2762 τὸ
1241 2708 1559 2762 εἰδωλόθυτα
1583 2710 1776 2777 φαγεῖν

218 2798 246 2869 η
270 2800 353 2862 εἰς
382 2800 443 2851 τδ
474 2798 635 2852 θῦσαι
666 2802 775 2862 τοῖς
807 2798 1060 2861 εἰδώλοις.
1078 2800 1141 2851 Ἡ
1168 2799 1223 2852 δὲ
1255 2798 1497 2870 παροῦσα
1520 2797 1774 2869 κανονικὴ

218 2889 467 2961 ἐπιστολὴ
493 2890 841 2961 δταλαμῧάνει
870 2889 1007 2943 κατὰ
1034 2889 1130 2952 τὰς
1149 2889 1342 2961 ἀρχὰς,
1365 2889 1503 2943 κατὰ
1531 2888 1651 2957 βίαν
1678 2889 1775 2955 μὲν

217 2983 407 3048 ραγεῖν
438 2982 563 3045 τοὺς
584 2981 953 3052 αἰχμαλώτους
977 2978 1045 3031 τὰ
1078 2980 1478 3050 παρατιθέμενα
1500 2980 1678 3041 αὐτοῖς
1698 2978 1775 3030 sl-

1883 549 1994 603 hzec
2032 548 2081 602 vi
2114 549 2378 618 compulsi
2401 556 2526 604 sunt
2553 564 2584 603 a
2613 548 2880 606 barbaris.
2908 550 2999 619 qni
3032 547 3189 603 idolis
3217 562 3324 601 non
3345 560 3436 602 sa-

1878 635 2214 694 criﬁcarunt.
2244 636 2414 703 Unde,
2444 647 2503 694 ut
2530 637 2661 693 mihi
2688 638 2917 701 videtur,
2950 639 3130 693 nullus
3152 653 3336 693 eorum
3367 638 3432 689 ab

1877 727 2024 781 omni
2085 729 2240 799 culpa
2299 729 2559 784 immunis
2616 730 2738 784 erit.
2769 729 2871 797 Qui
2920 745 2980 784 ea
3033 732 3173 782 enim
3223 742 3429 796 pruple.“

1877 817 2065 872 luxum
2116 827 2171 873 et
2217 819 2440 874 delicias
2480 822 2853 884 comederunt,
2908 820 3202 885 majoribus
3259 821 3432 887 pznis

1876 906 2260 973 subiiciantur;
2287 910 2379 978 qui
2407 923 2625 979 propter
2655 912 3047 967 necessitatem.
3086 920 3140 963 et
3183 911 3429 978 corporis

1877 995 2290 1061 nutrimentum,
2322 1005 2375 1052 et
2408 1007 2463 1050 ut
2491 998 2584 1067 qui
2632 1012 2737 1051 non
2784 999 2994 1066 possint
3018 1000 3178 1051 aliter
3210 1000 3426 1059 nutriri.

1875 1083 2055 1139 minus
2084 1085 2395 1153 punientur.
2431 1084 2641 1154 Reliqui
2673 1100 2888 1154 quoque
2916 1096 3132 1156 propter
3161 1102 3312 1141 esum
3341 1102 3432 1140 ex-

1874 1176 2191 1230 secrabilem
2222 1177 2403 1232 mitius
2430 1178 2740 1246 punientur.
2773 1192 2838 1230 eo
2864 1180 3007 1245 quod
3041 1186 3265 1232 satictns
3294 1192 3430 1244 quo-

1873 1276 1977 1330 que
2002 1264 2130 1319 dicit
2162 1281 2269 1321 non
2301 1282 2459 1336 grave
2495 1280 2615 1321 esse
2661 1264 2952 1336 idolothyta
2982 1267 3281 1325 comedere.
3308 1281 3429 1336 qua:

1873 1353 1941 1406 ab
1996 1354 2059 1408 iis
2114 1365 2458 1424 apponuntur
2506 1357 2598 1425 qui
2649 1356 2805 1411 idolis
2854 1371 2957 1410 non
3006 1355 3424 1411 sacriﬁcarunt:

1873 1458 1978 1496 non
2017 1452 2096 1498 est
2128 1454 2304 1500 tamen
2340 1445 2409 1500 ab
2444 1446 2589 1502 omni
2621 1447 2831 1514 penitus
2858 1446 3271 1514 reprehensione
3299 1445 3429 1499 alie-

1871 1548 2022 1587 num.
2068 1532 2479 1603 lnterrogaverit
2507 1546 2682 1592 autem
2712 1538 2978 1608 quispiam
3014 1535 3190 1591 :Cum
3223 1554 3311 1592 xiv
3336 1553 3427 1593 ca-

1872 1639 1978 1678 non
2013 1626 2153 1681 beati
2178 1624 2321 1683 Petri
2354 1630 2741 1698 archiepiscopi
2772 1630 3115 1685 Alexandzim
3142 1640 3195 1685 et
3226 1639 3426 1699 marty-

1869 1715 1947 1770 ris
1975 1718 2262 1784 contineat,
2295 1734 2390 1774 eos
2418 1721 2510 1789 qui
2556 1722 2607 1774 vi
2658 1723 2933 1793 tyrannica
2966 1723 3427 1791 compnlsi‘idolo—

1869 1808 2019 1881 thyta
2048 1810 2398 1865 comederunt
2444 1818 2498 1865 et
2546 1812 2726 1867 itidem
2763 1812 3157 1867 sacriﬁcarunt.
3190 1826 3294 1866 non
3326 1827 3426 1879 pu-

1866 1900 1996 1962 niri.
2025 1899 2117 1955 sed
2148 1900 2327 1969 potius
2355 1914 2475 1956 esse
2503 1902 2663 1956 etiam
2695 1903 2747 1957 in
2777 1903 2941 1965 clero,
2973 1903 3017 1957 si
3058 1902 3168 1956 sint
3204 1899 3421 1958 clerici:

1868 1991 2141 2059 quomodo
2186 1992 2425 2048 decernit
2467 2008 2701 2064 praesens
2754 1995 2869 2047 hac
2914 1992 3159 2061 epistola,
3184 2006 3279 2047 eos
3329 1992 3424 2062 qui

1869 2077 2163 2149 idolothyta
2193 2083 2559 2147 comederunt,
2592 2098 2691 2135 non
2717 2084 2943 2151 graviter
2964 2082 3085 2135 lwdi
3114 2096 3132 2134 :
3163 2089 3221 2134 ut
3252 2095 3314 2134 ex
3355 2096 3423 2133 co

1870 2178 2153 2236 appareat,
2187 2170 2333 2238 ipsos
2373 2170 2699 2225 mediocriter
2732 2172 2888 2225 laedi?
2919 2170 3146 2225 Solutio.
3194 2168 3424 2223 Sanctus

1866 2270 2070 2329 martyr
2116 2257 2328 2327 Petrus,
2366 2261 2417 2314 in
2450 2277 2536 2314 xlv
2578 2276 2677 2317 suo
2720 2276 2946 2325 canone,
2984 2261 3146 2314 etiam
3196 2261 3249 2314 in
3304 2259 3422 2328 ipso

1865 2344 2265 2403 immolatarum
2297 2363 2390 2404 esu
2425 2350 2650 2405 atbl.:tas
2694 2360 2956 2421 martyres
2983 2349 3149 2405 fuisse
3184 2358 3235 2403 et
3268 2348 3423 2402 testi-

1865 2436 2105 2489 monium
2138 2438 2429 2504 praebuisse
2462 2440 2720 2507 perbibet.
2752 2439 2887 2494 Dicit
2913 2439 3055 2493 enim
3089 2440 3230 2509 quod
3256 2439 3416 2493 etiam

1865 2521 2251 2579 ferramentum
2291 2526 2343 2579 in
2374 2542 2436 2581 os
2468 2527 2707 2596 ipsorum
2740 2528 2990 2596 injectum
3017 2536 3120 2591 est,
3148 2535 3201 2580 et
3227 2541 3419 2579 manus

1865 2628 2051 2669 eorum
2078 2623 2212 2669 usta!
2248 2624 2396 2681 sunt,
2420 2625 2496 2684 et,
2527 2628 2584 2671 ut
2616 2618 2779 2673 semel
2806 2620 3004 2683 dicam,
3032 2618 3096 2673 ad
3130 2618 3421 2690 immolatis

1864 2706 2184 2760 vescendum
2215 2706 2362 2760 nullo
2393 2708 2554 2763 modo
2577 2718 2994 2775 consenserunt,
3026 2724 3125 2765 nec
3161 2710 3322 2763 etiam
3350 2710 3418 2763 ad

1864 2794 2023 2851 idolis
2051 2798 2488 2855 sacriﬁcandum.
2516 2800 2759 2855 Pmsens
2787 2808 2965 2854 autem
3011 2799 3269 2854 canonica
3304 2800 3418 2867 epi—

1863 2887 1999 2940 stola
2033 2896 2225 2943 tractat
2257 2890 2312 2943 in
2346 2891 2631 2960 principio,
2659 2891 2902 2960 captivos
2930 2893 3146 2960 quidem
3174 2890 3415 2961 apposita

1862 2974 1965 3029 sibi
1996 2976 2290 3046 idolothyta
2316 2979 2368 3030 vi
2396 2980 2716 3045 comedisse,
2752 2979 2846 3034 sed
2876 2994 2985 3032 non
3010 2979 3170 3033 etiam
3199 2993 3264 3032 eo
3296 2980 3417 3048 ipso

216 3069 503 3133 δωλόθυτα,
538 3071 596 3122 οὐ
629 3072 734 3142 μὴν
762 3072 855 3124 καὶ
883 3073 1001 3125 κατ’
1033 3069 1165 3125 αὐτὸ
1192 3067 1253 3124 τὸ
1289 3070 1478 3140 φαγεῖν
1513 3083 1771 3142 τυραννη-

1862 3072 2103 3134 tempore
2137 3081 2248 3134 quo
2274 3067 2642 3132 comedebant,
2674 3070 2953 3139 tyrannica
2990 3068 3242 3123 violentia
3265 3083 3411 3123 com-

218 3158 399 3228 θῆναι,
428 3161 522 3211 καὶ
550 3160 637 3213 διὰ
664 3160 818 3213 τοῦτο
849 3160 990 3215 θέλει
1013 3166 1089 3226 ὡς
1111 3160 1245 3225 ὅλως
1280 3161 1657 3231 ὑποκύψαντας
1696 3160 1773 3232 τῷ

216 3248 482 3318 θελήματι
530 3249 622 3302 τοῦ
669 3250 948 3321 τυράννου,
981 3252 1211 3323 μετρίως
1241 3252 1635 3323 τιμωρηθῆναι.
1666 3252 1772 3303 Νο-

219 3339 361 3407 μίζω
388 3340 446 3391 δὲ
474 3338 604 3406 ἐγὼ,
637 3340 739 3401 ὅτι,
766 3338 952 3409 ὥσπερ
980 3342 1080 3395 οὐκ
1105 3341 1218 3393 ἐστι
1248 3343 1420 3411 πάντη
1447 3342 1771 3411 ἀνεπιτίμη-

215 3446 306 3482 τον
352 3430 414 3482 τδ
454 3432 650 3498 φαγεῖν
680 3429 997 3484 εἰδωλόθυτα
1039 3431 1181 3484 κατὰ
1224 3431 1343 3500 βίαν
1377 3430 1664 3502 βαρϐάρων
1697 3429 1773 3501 μὴ

214 3516 605 3581 ἑπιθυσάντων,
634 3517 804 3581 οὕτως
827 3519 943 3573 οὐδὲ
978 3520 1035 3572 τὸ
1067 3520 1363 3589 ὑποστῆναι
1409 3520 1610 3591 φθορὰν
1640 3519 1761 3590 βαρ-

215 3607 448 3678 ϐαρικὴν
472 3608 611 3661 κατὰ
636 3608 781 3679 βίαν·
813 3610 904 3663 καὶ
930 3610 1086 3663 τοῦτο
1113 3611 1221 3682 γὰρ
1258 3610 1489 3681 μετρίως
1520 3614 1772 3683 επιτιμη-

210 3696 455 3767 θήσεται.
507 3698 627 3752 Κᾶν
670 3699 779 3770 γὰρ
831 3702 925 3753 καὶ
962 3703 992 3754 ό
1025 3701 1296 3765 πολιτικὸς
1333 3701 1492 3772 νόμος
1524 3702 1687 3773 φησὶν
1714 3706 1773 3757 ὲν

212 3783 401 3857 βιϐλίῳ
450 3787 491 3852 ξ’
519 3787 695 3841 τίτλου
742 3787 821 3859 λη’
850 3789 1040 3858 κεφαλ.
1077 3791 1139 3863 ιβ’
1162 3789 1356 3861 θέματι
1396 3790 1569 3861 εκτῳσ
1602 3791 1710 3846 Καὶ
1735 3794 1770 3865 ἡ

211 3875 360 3947 παρὰ
403 3879 516 3940 τοῖς
563 3876 834 3946 πολεμίοις
877 3878 1217 3949 μοιχευθεῖσα
1254 3878 1346 3932 καὶ
1391 3879 1770 3953 ὐποστρέψασα

210 3969 594 4038 κατηγορεῖται
626 3965 775 4036 παρὰ
801 3966 894 4019 τοῦ
925 3967 1134 4038 ἀνδρὸς,
1161 3969 1221 4022 οὐ
1246 3969 1435 4039 δικαίῳ
1470 3969 1681 4042 ἀνδρὸς,
1719 3974 1768 4027 εί

208 4055 289 4126 μὴ
322 4055 411 4127 βία
446 4056 606 4109 τοῦτο
650 4056 902 4119 πέπονθε,
929 4058 1021 4110 καὶ
1062 4059 1479 4129 τοιουτοτρόποις
1505 4061 1769 4131 συγγινώ-

209 4162 330 4199 σκει
360 4148 460 4212 τὴν
487 4146 817 4215 βιασθεῖσαν,
848 4148 940 4200 καὶ
976 4148 1068 4201 τὸν
1104 4149 1279 4219 γάμον
1309 4150 1369 4204 οὐ
1395 4150 1623 4222 διασπᾷ·
1652 4150 1766 4205 ἀλλ’

203 4235 234 4287 ό
263 4235 711 4304 ἑκκλησιαστικδς
740 4238 898 4306 νόμος
942 4238 1038 4307 τὴν
1084 4237 1218 4300 ὅλως
1245 4239 1349 4292 ὑπὸ
1374 4238 1646 4312 βαρϐάρου
1679 4259 1768 4312 μο-

207 4325 485 4379 λυνθεῖσαν
518 4325 591 4397 μὴ
615 4326 965 4399 καθαριεῦσαι
990 4327 1055 4380 δι’
1084 4328 1353 4398 ἐπιτιμίου
1375 4332 1474 4384 οὐκ
1499 4332 1761 4397 ἀνέξεται.

1861 3155 2045 3225 pulsos
2076 3156 2277 3223 fuisse;
2303 3167 2354 3213 et
2398 3158 2519 3215 ideo
2550 3160 2661 3214 vult
2702 3175 2816 3226 eos,
2843 3169 2902 3214 ut
2947 3162 3039 3230 qui
3086 3162 3309 3214 omnino
3337 3172 3420 3233 ty-

1860 3262 2156 3303 rannorum
2208 3251 2474 3305 voluntati
2520 3251 2816 3315 cesserint,
2882 3252 3158 3306 moderate
3215 3253 3413 3321 puniri.

1861 3335 2127 3393 Existimo
2172 3349 2351 3395 autem
2402 3357 2521 3412 ego,
2552 3343 2694 3412 quod
2740 3342 3196 3412 quemadmodum
3250 3345 3417 3399 idolo-

1863 3430 2009 3499 thyta
2038 3431 2338 3495 comedere,
2366 3447 2397 3486 a
2429 3432 2675 3488 barbaris
2723 3433 2815 3502 qui
2861 3446 2969 3486 non
3022 3434 3415 3493 sacritlcarunt.

1858 3522 2220 3590 compulsum,
2255 3538 2361 3578 non
2400 3533 2483 3578 est
2533 3525 2601 3579 ab
2648 3524 2795 3580 omni
2828 3524 3239 3593 reprehensione
3288 3524 3417 3577 libe-

1859 3625 2014 3677 rum;
2047 3610 2120 3666 ita
2152 3627 2249 3669 nec
2269 3615 2609 3671 barbaricum
2639 3622 2884 3684 stuprum
2913 3616 2961 3667 vi
2992 3629 3303 3683 perpessum
3336 3628 3419 3666 cs-

1859 3714 1918 3755 se
1950 3718 1964 3755 :
1995 3717 2119 3756 nam
2165 3703 2267 3759 hoc
2318 3720 2534 3775 quoque
2581 3707 2791 3761 modico
2831 3706 3098 3776 punietur.
3135 3703 3245 3757 Etsi
3271 3704 3415 3758 enim

1858 3789 1942 3845 lex
1969 3792 2142 3849 civilis
2174 3794 2303 3849 dicit
2330 3795 2382 3849 in
2410 3796 2502 3850 lib.
2534 3811 2623 3861 ιχ,
2654 3797 2735 3851 tit.
2763 3794 2921 3863 '58,c.
2954 3796 3041 3860 l2,
3075 3798 3308 3851 themate
3336 3795 3369 3847 ϐ
3399 3814 3412 3843 :

1858 3876 2031 3934 Etiam
2066 3896 2128 3936 ea
2155 3898 2277 3953 qua
2308 3885 2378 3939 ab
2406 3885 2655 3941 hostibus
2676 3894 2759 3941 est
2790 3885 3112 3951 adulterata,
3144 3901 3208 3941 ac
3237 3901 3415 3940 rever-

1858 3982 1939 4033 sa,
1967 3984 1997 4023 a
2021 3972 2137 4025 viro
2161 3973 2290 4041 (non
2315 3974 2415 4028 rite
2436 3974 2579 4043 viro)
2602 3984 2907 4041 accusatur,
2930 3976 3031 4030 nisi
3058 3977 3161 4030 hoc
3184 3976 3233 4029 vi
3256 3991 3412 4045 passa

1855 4067 1961 4121 est,
2010 4061 2198 4117 ethoc
2224 4064 2386 4119 modo
2426 4064 2474 4118 ei
2513 4066 2598 4119 cui
2630 4065 2713 4121 vis
2756 4066 2916 4119 allata
2963 4075 3065 4132 est,
3094 4067 3413 4136 ignoscitur,

1857 4162 1956 4202 nec
1983 4147 2034 4200 id
2060 4157 2116 4203 et
2146 4151 2548 4207 matrimonium
2573 4154 2777 4208 dirimit
2808 4172 2820 4208 :
2846 4155 2938 4208 sed
2972 4155 3054 4208 lex
3084 4154 3415 4209 ecclesiastio

1854 4249 1939 4301 ca,
1964 4250 2083 4290 eam
2113 4252 2233 4306 qua:
2262 4241 2483 4294 omnino
2506 4256 2537 4295 a
2566 4240 2797 4295 barbaro
2825 4241 3029 4311 polluta
3057 4251 3161 4307 est,
3189 4242 3292 4296 nisi
3322 4256 3415 4310 per

1853 4340 2068 4394 ptenam
2115 4344 2249 4397 pura
2298 4330 2387 4396 sit,
2416 4346 2524 4387 non
2560 4332 2716 4387 sinet.
2748 4330 2886 4401 Lege
2917 4340 2970 4386 et
3001 4346 3093 4386 cm
3146 4329 3410 4385 now-llam

210 4415 507 4482 ’Δνάγνωθι
536 4417 630 4469 καὶ
662 4416 758 4486 τὴν
788 4423 870 4487 ργ¹
901 4416 1097 4489 νεαρὰν
1133 4418 1217 4473 τοῦ
1269 4418 1531 4489 βασιλέως
1570 4424 1762 4495 κυρίου

1862 4416 2193 4484 imperatoris
2223 4420 2425 4473 domini
2457 4420 2652 4476 Leonis
2685 4420 2974 4490 Sapientis,
3022 4436 3142 4490 quae
3196 4421 3308 4475 haec
3354 4423 3405 4473 in

198 4504 423 4567 Λέοντος
468 4505 563 4558 τοῦ
596 4505 792 4573 Σοφοῦ,
835 4507 1095 4575 λέγουσαν
1133 4512 1258 4580 rupi
1284 4510 1344 4563 τδ
1374 4511 1524 4575 τέλος
1559 4514 1759 4567 ταῦτα’

195 4592 460 4662 Οὐδαμῶς
488 4590 582 4648 οὖν
615 4593 937 4667 θεσπίξομεν
970 4597 1049 4649 ἔτι
1078 4598 1213 4669 πρὸς
1234 4601 1522 4668 συνάφειαν
1550 4604 1758 4673 ἑτέρου,

192 4683 290 4735 τὸν
340 4684 636 4753 ἀπείρατον
685 4686 1024 4756 μεμενηκότα
1058 4688 1159 4755 τῆς
1192 4688 1558 4757 αίχμαλωσίας
1606 4691 1761 4762 ἔρχε-

198 4772 344 4837 σθαι,
374 4775 469 4826 καὶ
499 4775 567 4826 τὰ
614 4774 756 4843 ἑξῆς.
776 4776 1011 4846 ’Δναιρεῖ
1043 4776 1098 4828 δὲ
1146 4778 1179 4847 ἠ
1216 4778 1433 4849 τοιαύτη
1466 4781 1633 4851 νεαρὰ
1660 4783 1759 4853 τὴν

206 4862 629 4914 Ἰουστινιάνειον
658 4861 756 4931 ριξ¹
778 4863 975 4934 νεαρὰν
998 4862 1095 4934 τὴν
1124 4864 1381 4935 κειμένην
1406 4868 1463 4919 ὲν
1486 4866 1647 4938 βίϐλῳ
1672 4877 1756 4940 κη’

193 4949 371 5002 τίτλου
400 4949 444 5013 ζ’
470 4952 563 5003 καὶ
592 4951 886 5021 λέγουσαν,
925 4955 1113 5009 Ἐστιν
1128 4959 1214 5012 ὅτε
1229 4960 1448 5014 λύεσθαι
1471 4957 1559 5009 τὸν
1584 4959 1758 5012 τοιοῦ-

190 5054 286 5091 τον
316 5040 491 5109 γάμον
515 5057 529 5069 ·
574 5040 713 5110 πλὴν
747 5043 780 5111 ἡ
811 5048 1030 5114 τοιαύτη
1060 5044 1226 5113 νεαρὰ
1253 5044 1433 5115 χώραν
1465 5047 1594 5116 ἔχει,
1633 5050 1758 5102 ὅταν

200 5132 229 5199 ἢ
259 5130 755 5200 αἰχμαλωτισθεῖσα
780 5134 877 5185 οὐκ
900 5134 1127 5204 ἐμιάνθη
1153 5136 1300 5206 παρὰ
1318 5136 1422 5189 τῶν
1448 5138 1751 5211 βαρϐάρων.

190 5217 447 5271 Τοιούτου
473 5217 528 5270 δέ
562 5236 703 5281 τινος
748 5222 1046 5287 γεγονότος,
1076 5222 1255 5294 χώραν
1278 5224 1462 5295 Excutit
1493 5227 1561 5279 τὰ
1596 5230 1652 5281 ὲν
1680 5228 1755 5299 τῷ

195 5304 411 5376 ῥηθέντι
440 5306 720 5376 κεφαλαίῳ
748 5307 842 5360 τοῦ
870 5307 913 5373 ξ’
939 5308 1160 5377 βιϐλίου.

264 5396 505 5449 ΖΩΝΑΡ.
569 5397 864 5469 Βαρϐάρων
903 5401 1233 5456 ἐπελθόντων
1277 5404 1480 5476 χώραις
1519 5406 1755 5478 Ῥωμαῖ-

194 5486 335 5547 καῖς,
357 5486 451 5537 καὶ
479 5485 821 5556 ληῖσαμένων
850 5489 1038 5553 αὐτὰς,
1061 5493 1108 5543 οἰ
1137 5495 1261 5563 παρ’
1285 5495 1460 5547 αὐτῶν
1489 5498 1754 5567 αἰχμαλω-

194 5574 461 5638 τισθέντες
490 5576 777 5642 ἐγεύσαντο
815 5579 1192 5644 εἰδωλοθύτων,
1224 5581 1257 5651 ἦ
1286 5583 1376 5635 καὶ
1404 5584 1576 5637 ἄλλων
1605 5588 1751 5657 ἀπη-

191 5668 536 5737 γορευμένων
576 5667 1191 5744 βρωμάτων.Ἦρωτήθη
1240 5672 1332 5727 οὖν
1382 5679 1504 5747 περί
1547 5679 1748 5736 τούτων

504 5770 768 5835 Ρληιυι.
802 5775 918 5839 Gn.
963 5773 1367 5839 CXXXVIII.

1853 4505 1959 4561 ﬁne
2010 4510 2357 4577 prosequitur
2399 4528 2413 4563 :
2448 4510 2606 4565 Nullo
2660 4526 2790 4579 ergo
2838 4512 3000 4565 modo
3043 4509 3403 4570 decernimus.

1851 4610 1972 4649 eum
2003 4597 2092 4665 qui
2124 4599 2483 4667 captivitatem
2518 4616 2622 4654 non
2649 4610 2903 4668 expertus
2930 4600 3145 4665 mansit,
3174 4602 3239 4653 ad
3268 4601 3408 4654 alte~

1850 4686 1966 4740 rius
2013 4687 2450 4756 conjunctionem
2479 4691 2684 4756 venire,
2708 4698 2761 4745 et
2807 4699 3018 4744 camera.
3055 4689 3177 4745 llaec
3225 4700 3405 4744 autem

1849 4778 2055 4829 novella
2083 4779 2220 4832 tollit
2247 4777 2536 4833 Iustiniani
2565 4795 2708 4834 cxvu
2738 4780 3026 4847 novellam,
3052 4796 3172 4849 qua:
3201 4782 3303 4835 sita
3327 4791 3411 4834 est

1849 4866 1903 4920 in
1948 4866 2083 4921 libro
2114 4884 2304 4933 xxvm,
2355 4870 2436 4924 tit.
2469 4869 2519 4934 7,
2557 4880 2610 4923 et
2653 4870 2803 4935 dicit,
2849 4885 3240 4939 nonnunquam
3271 4871 3409 4925 solvi

1847 4958 2249 5012 mahimonium
2296 4978 2309 5013 :
2355 4974 2539 5013 verum
2588 4960 2702 5013 haec
2746 4960 2957 5013 novella
3003 4960 3181 5013 locum
3228 4959 3407 5024 habet,

1846 5050 2064 5117 quando
2093 5050 2298 5116 captiva
2330 5066 2357 5102 a
2388 5048 2633 5104 barbaris
2661 5064 2769 5103 non
2800 5059 2883 5105 est
2916 5049 3140 5119 polluta.
3180 5050 3240 5103 Si
3276 5050 3408 5117 quid

1846 5146 2025 5191 autem
2058 5138 2319 5205 ejusmodi
2349 5139 2546 5193 factum
2572 5139 2660 5204 sit,
2681 5140 2860 5195 locum
2884 5141 3104 5207 habent,
3131 5157 3252 5212 quae
3280 5152 3411 5197 sunt

1850 5227 1902 5280 in
1933 5229 2077 5281 dicto
2103 5231 2275 5297 capite
2303 5244 2371 5283 ιιι
2399 5230 2544 5284 libri.

1913 5407 2113 5467 Zona.
2153 5410 2289 5466 Cum
2318 5413 2370 5467 in
2407 5413 2679 5469 Romanas
2704 5415 2949 5484 regiones
2977 5413 3190 5471 barbari
3218 5413 3409 5471 irruis-

1847 5512 1987 5568 sent,
2029 5518 2230 5572 easque
2260 5504 2489 5559 fuissent
2516 5506 2851 5575 depopulati,
2885 5508 2978 5577 qui
3026 5510 3095 5564 ab
3140 5508 3273 5577 ipsis
3317 5520 3411 5560 ca-

1849 5595 1976 5663 ptivi
2020 5605 2146 5648 sunt
2195 5595 2345 5659 facti,
2374 5597 2687 5668 idolothyta,
2719 5600 2803 5653 vel
2830 5600 2966 5657 alios
3011 5612 3228 5669 quoque
3258 5598 3407 5655 ciboe

1848 5682 2041 5740 vetitos
2069 5687 2440 5751 degustaruot.
2478 5687 2549 5742 De
2591 5689 2657 5743 iis
2701 5690 2883 5761 itaque
2929 5699 3147 5760 rogatus
3184 5688 3284 5743 fuit
3330 5690 3409 5742 vir

3042 5790 3113 5850 Π
