4018 6444
585 334 691 416 523

1818 333 2088 396 'HiiiOD.
2128 331 2528 393 B.\I.SAMON

3681 331 3791 394 5'21

581 490 820 542 sanctus,
854 478 1032 542 aitque
1056 474 1097 526 si
1133 489 1250 541 qum
1279 487 1307 524 a
1342 471 1574 524 dominis
1603 468 1732 537 ipsis
1753 466 1992 535 apposita
2019 464 2126 516 fue-

2239 464 2447 530 ἰᾶγιος,
2476 459 2566 513 καί
2600 477 2778 529 φησιν,
2814 460 2892 510 ὅτι
2927 462 2973 510 εἰ
3003 459 3198 527 ἔφαγον
3248 459 3296 508 οἰ
3338 455 3672 524 αἰχμάλωτοι
3714 457 3785 507 τὰ

583 578 702 621 rant
749 567 940 633 captivi
986 565 1350 624 comederunt,
1399 564 1448 615 id
1489 577 1589 614 non
1636 572 1875 628 gravare,
1915 557 2014 608 hoc
2047 562 2128 607 cst

581 674 742 726 grave
769 659 1020 710 damnum
1049 655 1266 707 minime
1291 653 1514 718 aﬂ‘erre;
1548 649 1839 720 przesertim
1859 647 1996 715 quod
2021 661 2127 698 una

583 748 720 813 apud
753 762 936 804 omnes
966 755 1045 799 est
1081 745 1240 797 lautia.
1290 746 1400 798 sive
1447 744 1588 811 quod
1622 755 1809 794 omnes
1843 741 1979 792 idem
2024 739 2126 791 hoc

582 835 866 894 afﬁrmant.
901 835 1159 886 barbaros
1188 834 1275 899 qui
1309 842 1518 885 nrzstras
1543 831 1784 898 regiones
1815 827 2128 882 incursioni-

589 923 691 970 bus
709 925 1010 978 vastarunt,
1033 930 1370 984 nequaquam
1393 916 1550 969 idolis
1565 917 1914 977 sacrificasse,
1949 929 2005 972 ut
2025 935 2148 987 pro-

589 1009 714 1061 inde
740 1023 912 1074 neque
931 1009 1126 1076 captivi
1167 1007 1464 1077 idololliyta
1497 1007 1856 1061 comem-rint.
1880 1011 1986 1078 26
2019 1011 2138 1064 Pro-

591 1101 697 1149 i'ert
730 1112 856 1150 vero
883 1111 1005 1149 eum
1037 1111 1100 1148 ex
1132 1098 1410 1164 Apostolo,
1460 1105 1570 1148 tum
1610 1109 1678 1148 cx
1721 1096 2005 1165 Evangelio
2041 1101 2136 1153 de-

590 1195 840 1253 prompta
873 1188 1113 1240 oracula.
1144 1188 1214 1240 Ex
1247 1188 1505 1254 Apostolo
1542 1186 1763 1253 quidem
1792 1188 1946 1251 illud,
2007 1190 2141 1242 Esca

584 1275 763 1332 ιοειηῐγὶ,
794 1283 839 1323 et
889 1283 1056 1324 venter
1102 1276 1252 1336 escis;
1283 1283 1334 1326 et
1363 1289 1480 1340 quae
1523 1282 1836 1339 sequuntur.
1871 1271 1971 1336 Qui
2001 1286 2130 1326 sane

587 1363 737 1414 licus
776 1364 837 1414 de
870 1363 1100 1430 ingluvie
1129 1379 1191 1415 ac
1230 1364 1549 1415 ltelluatione
1575 1372 1655 1415 cst
1677 1362 2034 1429 accipiendus.
2057 1363 2130 1414 Ac

588 1466 629 1500 e:
650 1466 724 1502 cm
758 1453 970 1517 quidem
1023 1467 1256 1513 nomine,
1289 1466 1736 1519 supervacaneam
1769 1452 1873 1504 cibi
1905 1452 2133 1519 copiam,

592 1542 884 1608 laxumque
940 1542 1184 1608 intelligit
1217 1561 1226 1593 :
1262 1558 1353 1609 per
1396 1555 1631 1596 ventrem
1664 1553 1838 1596 autem
1873 1542 2134 1597 voracita-

591 1641 718 1691 ti-m,
750 1646 853 1681 non
885 1631 1056 1697 ipsum
1091 1632 1465 1684 ventriculum.
1495 1631 1697 1686 Iudicat
1727 1633 1888 1701 igitur
1916 1634 1999 1686 bis
2023 1649 2135 1686 ver-

593 1719 674 1770 bis
719 1720 1022 1785 Apostolus,
1063 1722 1281 1773 nimiam
1336 1721 1440 1774 cibi
1487 1724 1693 1789 copiam
1743 1732 1795 1776 et
1845 1723 2028 1776 luxum
2067 1722 2137 1776 ad

2224 553 2372 625 παρὰ
2403 552 2510 604 τῶν
2545 551 3063 620 αἰχμαλωτησάντων
3115 549 3305 610 αὐτοὺς
3351 545 3782 616 παρατιθέμενα,

2221 645 2377 698 τοῦτο
2406 645 2464 696 οὐ
2501 643 2668 712 βαρεῖ,
2702 642 2818 694 ἀντὶ
2842 640 2954 704 τοῦ,
2982 640 3040 690 οὐ
3074 639 3290 708 βαρεῖαν
3315 638 3530 704 ἐμποιεῖ
3555 635 3780 704 βλάϐηνο

2224 738 2317 790 καί¹
2361 735 2553 804 μᾶλλον
2598 734 2677 784 ὅτι
2725 727 2802 793 εἷς
2850 731 3001 798 λόγος
3046 728 3192 798 παρὰ
3225 731 3458 805 πάντων,
3487 729 3654 797 ἤγουν
3698 727 3786 778 ὃτι

2227 829 2420 888 πάντες
2447 826 2504 876 τὸ
2530 823 2658 875 αὐτὸ
2689 822 2950 889 λέγουσιν,
2973 823 3053 873 ὅτι
3082 823 3129 873 οἰ
3150 820 3216 872 τὰ
3246 821 3483 888 ἡμέτερα
3517 818 3790 887 καταδρα-

2229 916 2415 984 μόντες
2448 911 2708 982 βάρϐαροι
2733 909 2964 970 εἰδώλοις
2996 909 3092 961 οὐκ
3116 909 3329 965 ἔθυσαν,
3358 907 3498 958 ὥστε
3543 905 3663 956 οὐδὲ
3705 907 3786 956 εἰ-

2226 1004 2489 1056 δωλόθυτα
2521 1002 2717 1068 ἔφαγον
2759 1001 2805 1050 οἱ
2848 998 3193 1066 αἰχμάλωτοι.
3238 997 3476 1064 Παράγει
3505 996 3562 1046 δέ
3595 995 3689 1045 καί
3718 995 3786 1044 ἐκ

2225 1093 2318 1145 τοῦ
2357 1091 2672 1144 Ἀποστόλου
2704 1091 2922 1160 χρήσεις
2963 1089 3053 1141 xai.
3099 1090 3162 1138 ἐκ
3202 1086 3290 1138 τοῦ
3327 1086 3685 1152 Εὑαγγελίουθ
3720 1086 3787 1135 ἐκ

2232 1183 2328 1252 μὲν
2347 1183 2439 1234 τοῦ
2483 1181 2794 1233 Ἀποστόλου
2822 1179 2901 1241 τὸ,
2927 1179 2998 1230 Τὰ
3011 1177 3287 1244 ,βρώματα
3331 1174 3406 1241 τῇ
3437 1175 3654 1238 κοιλίᾳ,
3687 1174 3786 1225 καὶ

2229 1275 2265 1339 ή
2308 1273 2500 1324 κοιλία
2543 1269 2663 1350 τοῖς
2699 1268 3000 1336 βρώμασι’
3035 1265 3218 1319 καὶτὰ
3250 1265 3472 1333 ἐξῆς.’¹0
3500 1263 3555 1315 δέ
3587 1263 3790 1332 χωρίον

2230 1361 2354 1428 περὶ
2387 1359 2694 1428 πλησμονῆς
2723 1358 2865 1425 λέγει
2904 1358 2995 1408 καί
3018 1357 3472 1426 γαστριμαργίας.
3505 1358 3615 1407 Καὶ
3647 1354 3794 1424 βρώ-

2232 1467 2373 1519 ματα
2398 1449 2493 1518 μὲν
2518 1449 2585 1500 τὰ
2613 1448 2835 1517 περιττά
2867 1446 3116 1514 ὀνομάζει
3150 1448 3241 1499 καί
3270 1448 3368 1514 τὴν
3395 1448 3605 1516 τρυφήν
3627 1463 3640 1475 ·
3671 1463 3794 1498 κοι-

2229 1539 2346 1591 λίαν
2386 1539 2440 1590 δέ
2473 1539 2569 1608 τὴν
2598 1538 3051 1608 γαστριμαργίαν,
3084 1537 3196 1589 ἀλλ’
3233 1537 3352 1604 οὑχί
3390 1537 3488 1605 τὴν
3520 1537 3790 1606 γαστέρα.

2230 1627 2326 1683 Διὰ
2340 1629 2394 1680 δὲ
2413 1627 2611 1681 τούτων
2633 1628 2984 1691 ὁἈπόστολος
3024 1629 3202 1695 λέγει,
3231 1629 3362 1696 ὅτιή
3393 1626 3666 1695 άδηφαγία
3695 1625 3795 1678 καὶ

2230 1719 2263 1788 ἡ
2295 1718 2470 1788 τρυφὴ
2501 1721 2566 1787 τῇ
2597 1717 2998 1787 γαστριμαργίᾳ
3021 1720 3231 1786 ἀνήκει,
3256 1716 3368 1769 ἀλλ’
3395 1717 3454 1768 οὐ
3488 1715 3621 1785 πρὸς
3656 1715 3794 1767 Θεὸν

595 1808 1308 1877 inclinationem,pcrduccre,
1327 1826 1429 1865 non
1456 1813 1517 1864 ad
1545 1811 1707 1865 Deum
1738 1813 1908 1878 ferre;
1935 1815 2140 1867 luxum-

2239 1810 2401 1879 φέρει,
2449 1809 2538 1860 καί
2584 1809 2648 1878 τῇ
2696 1812 2871 1879 τρυφῇ
2918 1809 2978 1861 τὸ
3021 1810 3119 1879 τῆς
3149 1807 3585 1877 γαστριμαργίας
3621 1806 3800 1869 πάθος

597 1915 701 1964 que
735 1901 1046 1966 plerumque
1077 1903 1260 1953 vitium
1297 1902 1634 1957 lielluationis
1670 1906 2036 1973 consequitur,
2064 1905 2142 1958 al-

599 1998 879 2058 terumque
912 1992 1061 2043 alteri
1094 1992 1357 2056 deservit;
1390 1993 1530 2047 Deus
1565 2004 1740 2047 autem
1774 1996 1923 2048 irrita
1952 1998 2063 2050 lucc
2089 2006 2143 2052 et

599 2093 750 2130 cassa
783 2081 982 2142 reddet,
1019 2090 1075 2132 ιιι
1103 2081 1238 2134 nihil
1271 2097 1333 2135 ex
1370 2083 1499 2150 ipsis
1525 2084 1704 2136 damni
1735 2085 1986 2152 cuiquam
2014 2101 2142 2140 con-

597 2168 1019 2236 tingatNidetnr
1040 2187 1206 2238 porro
1237 2173 1324 2227 hic
1349 2181 1567 2227 sanctus
1591 2174 1692 2227 hoc
1721 2175 1839 2228 loco
1866 2191 1995 2229 usus
2021 2192 2143 2245 apo-

600 2261 804 2313 stolicis
839 2261 1036 2322 verbis,
1070 2272 1128 2316 ut
1170 2264 1561 2317 demonstraret
1588 2280 1706 2331 qua:
1739 2266 1808 2319 ob
1844 2267 2026 2318 luxum
2080 2281 2144 2320 ac

599 2351 912 2403 edacitatem
949 2351 1101 2414 ﬁunt,
1132 2353 1380 2406 damnata
1413 2369 1530 2408 esse
1575 2368 1636 2408 ac
1683 2357 1854 2423 poenis
1888 2356 2141 2420 obnoxia,

601 2456 706 2491 non
741 2441 862 2492 item
897 2456 956 2493 ea
988 2458 1104 2510 qnze
1131 2443 1177 2494 vi
1212 2457 1275 2495 ac
1305 2443 1621 2496 necessitate
1652 2445 1892 2511 corporis
1922 2456 2145 2513 cogente

602 2528 978 2581 admittuntur.
1010 2529 1238 2582 Proinde
1281 2531 1488 2584 etiamsi
1533 2531 1684 2585 cibos
1711 2533 1920 2599 aliquos
1951 2533 2145 2585 vetitos

602 2615 795 2682 captivi
847 2618 1194 2677 comederint,
1228 2633 1349 2670 cum
1397 2619 1534 2670 servi
1583 2629 1780 2681 essent,
1813 2620 1882 2673 ob
1925 2620 2145 2675 alterius

602 2707 838 2759 alimenti
875 2708 1128 2774 inopiam,
1161 2709 1338 2761 cibum
1385 2709 1688 2762 necessario
1716 2709 1960 2779 exigente
1992 2719 2149 2764 natu-

605 2811 659 2845 ra
684 2812 695 2858 ;
724 2810 826 2844 non
862 2805 941 2846 est
972 2797 1070 2846 hoc
1095 2809 1332 2863 cousque
1363 2810 1542 2862 grave,
1579 2804 1636 2849 ut
1671 2805 1723 2850 et
1755 2797 1998 2852 criminis
2028 2796 2148 2853 l'oco

603 2881 849 2937 tueatur.
887 2887 960 2938 Ex
995 2885 1279 2955 Evangelio
1308 2897 1486 2940 autem
1528 2902 1660 2940 usus
1689 2895 1769 2941 est
1806 2887 1908 2940 illis
1937 2886 2146 2942 Domini

608 2976 828 3027 \erbis:
873 2974 992 3026 Non
1034 2979 1169 3044 quod
1198 2979 1358 3030 intrat
1401 2994 1490 3044 per
1537 2995 1612 3042 os,
1643 2979 1942 3044 coinquinat
1984 2977 2146 3029 horm-

608 3080 760 3126 ncm;
807 3073 856 3116 ct
883 3066 945 3116 ad
973 3066 1216 3118 eamdem
1262 3068 1376 3119 hac
1417 3083 1630 3136 quoque
1659 3069 1974 3121 sententiam
2023 3069 2154 3122 reie-

2229 1897 2514 1966 ῲκείωται,
2544 1899 2635 1949 καί⁴
2681 1897 2901 1968 θάτερον
2935 1899 3143 1968 θατέρῳ
3174 1897 3437 1949 δουλεύει·
3487 1899 3514 1948 ὁ
3564 1897 3618 1948 δέ
3659 1897 3799 1958 Θεὸς

2231 1986 2481 2054 ἄπρακτα
2515 1987 2607 2038 καί,
2631 1988 2772 2055 ἀργὰ
2803 1989 3012 2056 ποιήσει
3045 1987 3229 2047 ταῦτα,
3258 1988 3396 2039 ὥστε
3427 1987 3499 2056 μὴ
3523 1988 3581 2053 ἐξ
3612 1988 3797 2040 αὐτῶν

2232 2076 2383 2138 τινὰς
2416 2075 2953 2143 βλάπτεσθαι.Ἕοικε
2985 2078 3042 2129 δὲ
3074 2080 3100 2130 ὁ
3129 2079 3280 2143 ἅγιος
3310 2071 3460 2139 οὗτος
3487 2077 3799 2146 χρήσασθαι

2230 2167 2339 2226 τοῖς
2384 2167 2748 2228 άποπολικοίς
2801 2169 3030 2236 ῥήμασιν
3063 2166 3288 2218 ἐνταῦθα
3309 2206 3323 2228 ,
3356 2166 3586 2227 δεικνὺς,
3615 2169 3695 2218 ὅτι
3729 2168 3800 2218 τὰ

2231 2255 2369 2306 κατὰ
2395 2256 2601 2326 τρυφὴν
2632 2258 2722 2308 xai.
2765 2256 3068 2325 ἀδηφαγίαν
3098 2257 3354 2324 γινόμενα
3390 2255 3796 2324 διαϐέϐληνται.

2238 2342 2326 2393 καὶ
2363 2344 2644 2411 ἐπιτιμίων
2681 2344 2813 2395 εἰσὶν
2836 2341 2978 2405 ἄξια,
3009 2344 3066 2394 οὐ
3089 2343 3157 2394 τὰ
3183 2343 3248 2394 δι’
3275 2343 3517 2412 ἀνάγκην
3550 2344 3645 2395 καὶ
3675 2344 3799 2412 βίαν

2235 2433 2576 2500 σωματικήν·
2631 2429 2767 2484 ὥστε
2820 2431 2920 2484 κᾶν
2969 2432 3166 2498 ἔφαγον
3211 2434 3257 2484 οἰ
3306 2432 3636 2500 αἰχμάλωτοί
3675 2450 3802 2484 τινα

2237 2521 2494 2590 βρώματα
2514 2521 2620 2572 τῶν
2647 2522 3122 2590 ἀπηγορευμένων,
3148 2522 3320 2575 δοῦλοι
3352 2523 3522 2586 ὄντες,
3567 2524 3635 2575 δι’
3661 2525 3801 2575 ἀπο-

2239 2611 2357 2681 ρίαν
2387 2610 2573 2681 ἐτέρας
2603 2610 2826 2680 τροφῆς,
2856 2610 2953 2678 τῆς
2997 2611 3206 2677 φύσεως
3248 2612 3518 2680 τραφῆναι
3550 2610 3803 2680 βιαζομέ-

2234 2718 2348 2770 νης,
2382 2702 2441 2753 ού
2491 2701 2625 2770 βαρὺ
2670 2701 2844 2762 τοῦτο,
2878 2701 2952 2763 ὼς
2987 2702 3078 2754 καὶ
3123 2702 3421 2785 ἁμάρτημα
3453 2701 3797 2770 λογισθῆναι.

2246 2791 2339 2843 Ἐκ
2363 2791 2418 2842 δὲ
2444 2789 2536 2843 τοῦ
2569 2791 2894 2858 Εὐαγγελίου
2919 2793 3182 2861 ἐχρήσατο
3206 2793 3314 2853 τοῖς
3340 2789 3430 2842 τοῦ
3459 2791 3663 2862 Κυρίου
3700 2795 3804 2862 ρή-

2238 2897 2368 2950 μασι
2395 2883 2505 2943 τοῖς
2534 2882 2797 2948 λέγουσιν,
2830 2883 2931 2944 ὅτι,
2971 2885 3051 2935 Οὐ
3075 2882 3138 2934 τὸ
3161 2885 3659 2949 εἰσπορευόμενον
3685 2901 3808 2936 κοι-

2233 2971 2329 3025 νοῖ
2353 2971 2457 3023 τὸν
2479 2971 2784 3038 ἄνθρωπον
2802 2989 2813 3000 ·
2842 2973 2933 3024 καὶ
2959 2973 3128 3024 ταῦτα
3149 2972 3204 3023 δὲ
3231 2973 3364 3041 πρὸς
3380 2973 3477 3041 τὴν
3498 2973 3803 3042 εἰρημένην

2233 3061 2494 3112 τείνουσιν
2538 3060 2759 3113 ἔννοιαν.
2807 3061 2937 3112 Εἶτα
2989 3061 3082 3112 καὶ
3134 3062 3260 3130 περὶ
3306 3062 3578 3127 γυναικῶν
3633 3079 3803 3131 φησιν

600 3165 808 3207 runtur.
854 3154 985 3209 llinc
1016 3157 1079 3209 de
1127 3157 1441 3210 mulieribus
1473 3173 1686 3226 quoque
1711 3159 1933 3226 captivis
1975 3175 2094 3228 quae
2121 3175 2148 3211 a

2239 3149 2586 3218 αἰχμαλώτων
2611 3146 2696 3211 αἷς
2726 3152 2772 3200 οἰ
2815 3148 3073 3218 βάρϐαροι
3113 3150 3541 3219 συνεφοάρησαν.
3575 3151 3685 3203 Καὶ
3712 3152 3799 3202 δί-

607 3246 848 3298 barbaris
880 3256 1143 3315 corruptae
1174 3255 1317 3311 sunt,
1348 3248 1593 3314 disserit;
1626 3259 1785 3317 atque
1816 3249 1884 3301 ita
1912 3264 2153 3318 pronun-

605 3347 695 3388 tzat
735 3354 747 3387 :
783 3336 824 3387 si
857 3337 1071 3403 quidem
1099 3338 1311 3390 illarum
1346 3349 1583 3392 anteacta
1617 3341 1719 3393 vita
1759 3341 2008 3395 damnato
2040 3344 2153 3399 fne-

606 3435 707 3487 rnt,
746 3441 837 3477 eas
865 3426 1025 3478 etiam
1061 3429 1384 3493 captivitatis
1417 3437 1653 3496 tempore
1697 3430 2015 3485 fornicarius
2064 3434 2154 3487 ba-

607 3518 751 3567 liitus
783 3523 1060 3581 suspectas
1094 3510 1239 3577 facit,
1278 3519 1605 3586 proindeque
1646 3520 1786 3573 haud
1835 3520 1990 3574 facile
2023 3523 2152 3590 ipsis

609 3607 658 3655 in
690 3607 993 3672 precatione
1024 3607 1424 3660 communicare
1467 3619 1697 3675 Oportet,
1726 3610 1828 3662 nisi
1874 3612 2047 3664 debita
2078 3613 2155 3664 vi-

607 3696 797 3747 delicet
845 3697 1167 3762 poenitentiae
1216 3705 1449 3764 tempora
1485 3698 1833 3765 expleverint.
1866 3699 1959 3754 Est
1998 3717 2156 3769 porro

609 3787 842 3846 habitus,
876 3786 1127 3839 diuturna
1159 3801 1221 3839 ac
1253 3795 1486 3854 tempore
1513 3788 1825 3842 confirmata
1868 3799 2156 3845 consuetu-

609 3879 696 3938 ιῖυ,
728 3891 846 3943 quae
879 3886 1084 3929 naturae
1130 3877 1320 3931 similis
1353 3887 1456 3942 est,
1494 3886 1550 3930 ut
1584 3887 1860 3947 propterea
1890 3881 2153 3948 ejusmo<i

611 3966 862 4018 mulieres
895 3981 1234 4034 nequaquam
1262 3967 1309 4018 vi
1344 3977 1557 4022 coactas
1584 3983 1832 4035 peccasse
1857 3971 2154 4038 putandum

610 4059 697 4110 sit.
731 4055 881 4120 Quod
914 4057 954 4109 si
987 4058 1216 4124 priorem
1247 4057 1410 4110 vitam
1444 4067 1589 4112 caste
1634 4074 1696 4113 ac
1724 4059 1857 4114 citra
1904 4061 2154 4115 oﬂ'ensio—

611 4163 730 4198 nem
772 4154 1015 4214 egerunt,
1047 4155 1155 4197 tum
1188 4146 1429 4199 abductae
1465 4148 1515 4200 in
1544 4149 1852 4202 servitutem
1887 4150 1956 4202 ob
1987 4151 2155 4218 capti-

605 4237 847 4298 ~vitatem,
882 4251 944 4287 cx
972 4237 1219 4288 violentia
1252 4237 1601 4289 barbarorum
1634 4239 2012 4291 contumeliam
2041 4255 2156 4306 pas-

612 4342 683 4379 κιο
710 4335 851 4386 sunt,
889 4327 1155 4378 immunes
1188 4337 1311 4379 sunt
1340 4342 1369 4379 a
1404 4328 1555 4393 culpa
1587 4345 1599 4378 :
1629 4328 2035 4394 exemplumque
2060 4327 2155 4381 ad-

617 4419 778 4477 hibet,
808 4417 949 4484 quod
987 4417 1038 4467 in
1070 4415 1465 4469 Deuteronomii
1494 4417 1966 4475 constitutionibus
1993 4415 2158 4470 refer-

2235 3238 2362 3290 δωσι
2396 3238 2634 3307 γνώμην,
2663 3241 2762 3301 ὅτι,
2792 3242 2838 3291 εἰ
2868 3240 2962 3308 μὲν
2992 3241 3020 3290 ὀ
3057 3237 3242 3308 πρώην
3272 3239 3446 3289 αὐτῶν
3488 3239 3601 3307 βίος
3632 3258 3802 3292 κατε-

2234 3325 2538 3394 γνωσμένος
2568 3320 2653 3394 ἦν,
2685 3325 2951 3387 ὑπόπτους
2979 3325 3146 3386 αὑτὰς
3181 3327 3320 3375 ποιεῖ
3351 3327 3380 3394 ἡ
3406 3326 3641 3395 πορνικὴ
3663 3327 3799 3390 ἕξις,

2235 3418 2328 3470 καὶ
2371 3417 2426 3469 ἐν
2470 3415 2546 3483 τῷ
2585 3413 2757 3486 καιρῷ
2803 3414 2898 3482 τῆς
2930 3414 3334 3483 αἰχμαλωσίας·
3386 3417 3478 3467 καὶ
3521 3415 3613 3466 διὰ
3642 3415 3804 3468 τοῦτο

2237 3505 2535 3575 προχείρως
2576 3505 2762 3565 αὑταῖς
2795 3503 2854 3555 οὑ
2895 3503 3240 3572 συνεύχεσθαι
3268 3504 3365 3565 δεῖ,
3393 3504 3526 3556 ἀλλὰ
3564 3505 3700 3574 μετὰ
3741 3506 3805 3558 τὸ

2238 3595 2511 3647 δουλεῦσαι
2558 3593 2753 3663 δηλαδὴ
2788 3593 3256 3662 ἐπιτιμίοις.”Εξις
3291 3593 3332 3644 δ’
3365 3595 3529 3658 ἐστὶν,
3564 3597 3596 3663 ἡ
3628 3597 3806 3664 χρονί-

2242 3701 2376 3737 σασα
2409 3685 2683 3753 συνήθεια,
2725 3684 2817 3736 καὶ
2845 3684 2922 3752 τῷ
2951 3685 3123 3753 χρόνῳ
3155 3683 3510 3749 παγιωθεῖσα,
3556 3685 3678 3752 ἥτις
3708 3686 3807 3736 καὶ

2241 3775 2395 3843 φύσει
2426 3776 2757 3844 προσέοικεν,
2787 3773 2923 3825 ὥστε
2960 3776 3012 3826 αἰ
3042 3774 3145 3843 μὴν
3170 3773 3410 3825 τοιαῦται
3432 3774 3529 3841 οὐχ
3555 3775 3806 3843 ἥμαρτον

2243 3862 2555 3932 βιασθεῖσαι.
2589 3864 2649 3914 Εἰ
2677 3863 2732 3913 δέ
2762 3865 2788 3914 ὁ
2818 3861 3074 3930 πρότερος
3107 3862 3282 3913 αὐτῶν
3315 3861 3424 3930 βίος
3454 3861 3686 3932 σώφρων
3712 3863 3807 3914 καὶ

2243 3953 2620 4020 ἀνεπίληπτος,
2646 3950 2988 4023 δουλωθεῖσαι
3032 3954 3086 4004 δὲ
3131 3952 3222 4004 καὶ
3263 3951 3348 4003 διὰ
3394 3953 3488 4019 τῆς
3523 3952 3807 4021 αἰχμαλω-

2243 4042 2383 4103 σίας,
2427 4043 2488 4093 ἐκ
2523 4040 2639 4108 βίας
2671 4041 2964 4108 ὑπέμειναν
3009 4043 3104 4110 τὴν
3149 4041 3255 4092 τῶν
3304 4040 3594 4110 βαρϐάρων
3625 4040 3804 4111 ὕϐριν,

2243 4130 2556 4199 ἀνέγκλητοι
2590 4131 2712 4181 εἰσι.
2764 4131 2871 4181 Καὶ
2921 4130 3320 4200 παραδείγματι
3354 4130 3617 4199 κέχρηται
3649 4134 3714 4199 τῇ
3749 4134 3806 4182 ἐν

2245 4219 2320 4288 τῷ
2348 4219 2738 4289 Δευτερονομίῳ
2765 4211 3086 4289 θεσμοθεσία
3107 4222 3172 4289 τῇ
3202 4221 3326 4289 περὶ
3360 4219 3455 4288 τῆς
3492 4219 3808 4286 βιασθείσης

2249 4308 2534 4378 παρθένου,
2565 4308 2628 4376 ἢν
2654 4309 2709 4358 ἐν
2734 4308 2935 4377 ἐρημίᾳ
2961 4309 2988 4358 ὁ
3010 4305 3332 4374 βιασάμενος
3363 4305 3602 4374 ἔφθειρε,
3628 4305 3810 4371 λεγού-

2253 4420 2321 4474 σῃ
2344 4421 2355 4433 ·
2387 4407 2497 4458 Οὐκ
2528 4405 2675 4455 ἔσται
2706 4407 2770 4472 τῇ
2805 4403 2998 4456 νεάνιδι
3031 4404 3331 4472 ἁμάρτημα
3362 4400 3616 4453 θανάτου.

615 4525 717 4572 ιικο,
752 4513 817 4563 de
850 4511 1053 4577 virgine
1113 4509 1218 4561 vim
1275 4523 1452 4576 passa,
1500 4522 1661 4575 quam
1715 4509 1766 4559 in
1816 4510 2102 4563 solitudine
2136 4509 2402 4578 quispiam
2453 4505 2674 4558 violavit
2726 4523 2738 4558 :
2788 4504 2904 4557 Non
2964 4505 3087 4567 erit,
3147 4503 3341 4571 inquit,
3397 4503 3812 4557 adulescentula

613 4617 890 4674 peccatum
917 4603 1126 4656 mortis.

1146 4729 1372 4785 CANON
1408 4728 1469 4781 ll.

685 4844 704 4875 ι
751 4822 938 4877 Gravis
970 4833 1050 4874 est
1096 4821 1317 4872 avaritia
1343 4857 1358 4882 ,
1407 4833 1506 4872 nec
1537 4824 1763 4885 possunt
1794 4830 1900 4868 una
1926 4816 2148 4883 epistola
2179 4816 2218 4870 D

610 4935 627 4964 ι
677 4914 896 4982 proponi
931 4911 1239 4978 Scriptura),
1278 4911 1328 4961 in
1359 4910 1556 4976 quibus
1586 4923 1689 4960 non
1723 4907 1894 4960 solum
1929 4907 2150 4972 prtedari

612 5025 628 5054 ι
679 5005 985 5070 fugiendum
1019 5000 1450 5066 horrendumque
1480 4996 1833 5064 praedicatur,
1867 4994 1958 5047 sed
2001 4995 2150 5062 plura

611 5098 628 5144 ἱ
676 5097 832 5146 etiam
876 5092 1279 5158 concupiscere,
1330 5096 1382 5140 et.
1424 5086 1597 5138 aliena
1628 5092 1841 5150 propter
1886 5097 2037 5151 turpe
2075 5083 2156 5135 lu-

612 5205 627 5230 ι
679 5199 828 5238 crum
857 5183 1148 5248 attingere:
1187 5189 1237 5232 et
1261 5180 1564 5247 quicunque
1590 5187 1672 5227 est
1691 5173 1974 5240 ejusmodi,
2011 5174 2053 5226 is
2076 5183 2156 5226 est

617 5297 635 5326 ‹
683 5293 710 5328 a
749 5275 837 5326 Dei
881 5273 1114 5326 Ecclesia
1149 5271 1446 5323 abdicatus.
1486 5266 1540 5319 lu
1575 5275 1810 5333 tempore
1855 5271 2028 5313 autem
2075 5262 2159 5312 in-

619 5386 635 5415 (
683 5364 981 5419 cursionis.
1017 5362 1068 5414 in
1097 5368 1242 5413 tanto
1278 5360 1420 5412 luctu
1454 5357 1719 5422 tantisque
1740 5352 1970 5411 ﬂetibus,
2000 5364 2159 5402 ausos

621 5477 636 5507 ι
683 5470 799 5508 esse
840 5455 1050 5521 aliquos
1083 5460 1289 5516 tempus
1318 5447 1458 5516 quod
1497 5443 1746 5498 omnibus
1779 5440 2002 5492 exitium
2035 5436 2161 5490 atie—

623 5566 638 5596 ι
683 5547 862 5607 rebat,
893 5543 1202 5595 existimare
1226 5552 1345 5591 esse
1379 5538 1476 5589 sibi
1506 5535 1638 5589 lucri
1671 5541 1878 5600 tempus
1904 5571 1918 5593 ,
1964 5537 2042 5579 est
2071 5527 2164 5578 lio-

622 5656 640 5688 ι
689 5636 890 5689 minum
935 5633 1220 5699 impiorum
1255 5638 1304 5680 et
1341 5627 1447 5680 Deo
1494 5625 1816 5682 invisorum,
1849 5629 1897 5672 et
1935 5629 2162 5684 qnerum

625 5748 641 5778 ι
687 5700 1012 5784 improbitati
1039 5722 1169 5773 nihil
1195 5727 1366 5782 potest
1394 5716 1570 5777 adjici.
1599 5713 1748 5766 Unde
1775 5723 1959 5765 omnes
1991 5705 2146 5760 istius

2850 4706 3084 4759 ΚΑΝΩΝ
3130 4707 3202 4759 B'.

2325 4818 2342 4848 ι
2383 4799 2594 4869 Δεινὴή
2629 4797 2903 4861 πλεονεξία
2927 4835 2940 4859 ,
2974 4798 3066 4850 καὶ
3112 4798 3210 4849 οὐκ
3259 4797 3372 4850 ἐστι
3412 4799 3480 4851 δι’
3527 4801 3814 4872 ἐπιστολῆς

2261 4909 2277 4939 (
2323 4891 2449 4959 μιᾶς
2476 4887 2810 4958 παραθέσθαι
2845 4887 2911 4939 τὰ
2941 4887 3057 4939 θεῖα
3083 4889 3380 4958 γράμματα
3400 4930 3412 4954 ,
3447 4893 3503 4942 ἐν
3547 4888 3628 4955 οἷς
3657 4896 3717 4945 οὐ
3757 4896 3816 4948 τὸ

2261 4969 2289 5028 ι’
2314 4979 2585 5048 λῃστεύειν
2613 4978 2765 5046 μόνον
2792 4978 3012 5045 φρικτὸν
3034 4978 3124 5029 καὶ
3153 4979 3414 5048 φρικῶδες
3449 4982 3816 5049 κασταγγέλλε-

2263 5088 2278 5117 ι
2318 5087 2443 5132 ται,
2486 5069 2616 5120 ἀλλὰ
2655 5068 2877 5120 καθόλου
2914 5068 2971 5120 τὸ
3012 5068 3348 5122 πλεονεκτεῖν
3383 5070 3476 5120 καὶ
3517 5070 3816 5141 ἀλλοτρίων

2228 5179 2279 5219 ,ι
2314 5159 2640 5227 ἐφάπτεσθαι
2684 5161 2773 5210 ἐπὶ
2816 5159 3250 5229 αἰσχροκερδείᾳ·
3296 5159 3389 5211 καὶ
3438 5161 3543 5221 πᾶς
3574 5162 3817 5225 τοιοῦτος

2263 5269 2280 5298 ι
2317 5250 2642 5317 ἐκκήρυκτος
2677 5249 2996 5316 Ἐκκλησίας
3042 5248 3192 5300 Θεοῦ.
3225 5249 3295 5300 Τὸ
3326 5248 3379 5299 δέ
3414 5250 3470 5299 ἐν
3502 5251 3678 5318 καιρῷ
3719 5253 3818 5321 τῆς

2266 5357 2282 5386 ι
2321 5337 2678 5406 καταδρομῆς,
2704 5340 2757 5388 ἐν
2797 5338 3027 5409 τοσαύτῃ
3048 5341 3254 5408 οἰμωγῇ
3279 5339 3368 5390 καὶ
3396 5339 3666 5403 τοσούτοις
3684 5340 3817 5410 θρή-

2265 5447 2282 5477 ι
2319 5435 2426 5490 νοίς
2445 5428 2703 5495 τολμῆσαί
2736 5445 2882 5490 τινας
2905 5429 2993 5479 τὸν
3021 5429 3204 5496 καιρὸν
3248 5428 3354 5480 τὸν
3385 5430 3548 5480 πᾶσιν
3593 5430 3816 5500 ὄλεθρον

2267 5535 2286 5566 ι
2321 5517 2542 5585 φέροντα
2565 5519 2774 5585 νομίσαι
2804 5520 3010 5580 ἑαυτοῖς
3038 5520 3222 5587 καιρὸν
3257 5515 3389 5570 εἶναι
3418 5519 3642 5587 κέρδους
3662 5561 3675 5582 ,
3723 5522 3815 5571 ἀν-

2266 5626 2284 5657 o
2321 5608 2346 5658 θ
2355 5607 2546 5676 ρώπων
2570 5609 2710 5659 ἐστὶν
2729 5608 2934 5661 ἀσεϐῶν
2961 5611 3050 5661 καὶ
3077 5608 3378 5676 θεοστυγῶν
3399 5652 3410 5674 ,
3434 5612 3551 5662 οὐδὲ
3582 5611 3814 5681 ὑπερϐο-

2267 5714 2287 5751 ε
2321 5696 2414 5764 λὴν
2457 5699 2678 5760 ἀτοπίας
2723 5699 2965 5764 ἐχόντων,
3003 5700 3160 5752 Ὅθεν
3183 5700 3323 5764 ἔδοξε
3372 5701 3494 5764 τοὺς
3540 5703 3810 5764 τοιούτους
