4018 6432
183 346 286 408 525

1177 346 1256 407 IN
1295 346 1534 408 EPIST.
1576 346 1617 407 S
1678 347 2057 410 GREGORII
2111 344 2549 412 NEOC‘ESAR.

3325 349 3426 416 526

194 479 214 512 ι
254 463 572 536 ἐκκηρύξαι,
609 468 816 537 μήποτε
848 468 931 534 ἐψ*
959 466 1076 518 ὅλον
1108 465 1236 538 ἔλθῃ
1266 467 1355 521 τον
1383 468 1510 523 λαὸν
1549 474 1582 542 ἡ
1628 472 1765 544 ὀργὴ

1860 479 1880 516 ι
1925 465 2068 518 modi
2105 465 2355 520 abdicare
2379 467 2554 523 visum
2583 478 2684 534 cst,
2713 486 2778 524 ne
2812 469 2948 525 forte
2972 471 3022 525 in
3054 481 3224 528 totum
3251 489 3422 545 popu-

193 573 212 605 ι
255 557 346 609 καὶ
376 558 460 609 ἐπ’
483 557 682 625 αὐτοὺς
702 557 917 626 πρῶτον
946 559 1072 618 τοὺς
1115 559 1490 628 προεστῶτας,
1523 563 1649 624 τοὺς
1691 563 1765 635 μὴ

194 664 212 696 ι
257 647 666 718 ἐπιζητοῦντας.
711 649 984 719 Φοϐοῦμαι
1019 648 1161 719 γὰρ,
1205 649 1336 721 ῶςή
1369 651 1558 722 Γραφὴ
1597 651 1764 721 λέγει,

193 756 211 786 ε
255 738 331 808 μὴ
359 740 697 812 συναπολέσῃ
735 740 936 810 ἀσεϐὴς
957 739 1048 793 τὸν
1077 736 1301 795 δῖκαιον.
1336 744 1589 809 Πορνεία
1633 746 1764 814 γὰρ,

191 846 206 876 ι
253 829 418 898 φησὶ,
461 830 558 883 καί
598 830 938 894 πλεονεξία,
965 829 1040 882 δι’
1066 828 1105 882 d
1128 830 1359 898 ἔρχεται
1403 832 1441 900 ὴ
1486 833 1630 902 ὀργὴ
1662 834 1766 888 τοῦ

189 935 208 968 ι
257 917 405 972 Θεοῦ
433 920 528 973 ἐπὶ
555 920 697 985 τοὺς
723 920 888 986 υἱοὺς
924 921 1034 988 τῆς
1062 921 1383 986 ἀπειθείας.
1408 924 1466 976 Μ
1474 920 1505 989 ἡ
1529 919 1642 977 οὖν
1677 924 1765 992 τί·

189 1028 205 1057 ι
251 1012 432 1073 νεσθε
460 1010 823 1080 συμμέτοχοι
843 1011 1058 1064 αὐτῶν.
1076 1006 1212 1066 Ἦτε
1233 1009 1342 1080 γάρ
1361 1027 1505 1065 ποτε
1519 1015 1760 1080 σκότος,

191 1120 208 1150 ι
250 1099 371 1153 νῦν
405 1101 472 1154 δὲ
495 1101 619 1168 φῶς
643 1102 712 1154 ἐν
728 1102 938 1167 Κυρίῳ.
978 1103 1070 1166 Ὡς
1095 1101 1274 1155 τέκνα
1293 1101 1484 1170 φωτὸς
1525 1117 1766 1170 περιπα-

190 1210 204 1240 ι
255 1191 406 1243 τεῖτε
433 1192 451 1249 (
466 1197 498 1244 ό
523 1192 633 1260 τὰρ
663 1191 889 1258 καρπὸς
908 1191 1012 1246 τοῦ
1041 1192 1238 1262 φωτὸς
1261 1193 1330 1246 ἐν
1360 1193 1529 1262 πάσῃ
1554 1194 1761 1263 ἀγαθο-

188 1298 206 1330 ι
250 1281 414 1346 σύνῃ
438 1281 534 1333 καί
555 1282 832 1351 ἀληθείᾳ)
856 1321 871 1344 ,
909 1282 1322 1352 δοκιμάζοντες
1349 1286 1406 1338 τί
1439 1284 1767 1352 εὐάρεστον

186 1388 205 1420 ι
248 1369 328 1433 τῷ
373 1371 600 1437 Κυρίῳ,
642 1371 738 1424 καί
784 1372 871 1440 μὴ
907 1374 1363 1442 συγκοινωνεῒτε
1403 1375 1528 1440 τοῖς
1568 1376 1763 1444 ἔργοις

186 1479 204 1510 ι
248 1460 378 1525 τοῖς
422 1460 712 1528 ἀκάρποις
770 1462 876 1516 τοῦ
916 1465 1210 1530 σκότους,
1264 1463 1510 1533 μᾶλλον
1554 1465 1621 1519 δὲ
1663 1459 1760 1521 καὶ

185 1569 204 1600 ι
245 1550 548 1618 ἐλέγχετε·
598 1551 666 1605 τὰ
698 1552 807 1620 γὰρ
859 1552 1058 1621 κρυερῇ
1105 1556 1397 1623 γινόμενα
1433 1556 1532 1611 ὑπ’
1571 1556 1767 1610 αὐτῶν

185 1659 203 1691 ι
251 1643 505 1708 αἰσχρόν
538 1643 668 1695 ἐστι
702 1643 797 1699 καί
826 1642 1044 1713 λέγειν.
1095 1645 1170 1699 Τὰ
1192 1646 1260 1698 δὲ
1295 1646 1491 1700 πάντα
1518 1648 1764 1718 ἐλεγχό-

186 1749 205 1781 ι
243 1747 396 1797 μεν-α
426 1732 546 1785 ὑπὸ
573 1731 678 1785 τοῦ
705 1733 896 1800 φωτὸς
928 1733 1308 1802 φανεροῦται.
1352 1737 1587 1791 Τοιαῦτα
1615 1741 1710 1808 μὲν
1738 1739 1766 1791 ὁ

185 1839 204 1870 ι
272 1821 616 1884 Ἀπόστολος.
664 1822 788 1874 Ἐὰν
821 1823 896 1885 δὲ,
920 1822 1005 1874 διὰ
1032 1823 1128 1893 τὴν
1162 1826 1432 1896 προτέραν
1457 1827 1764 1892 πλεονεξίαν

183 1927 203 1959 ι
246 1909 343 1978 τὴν
369 1911 425 1961 ἐν
443 1913 506 1979 τῇ
527 1911 719 1982 εἰρήνῃ
735 1911 1028 1981 γενομένην
1050 1912 1203 1982 δίκην
1224 1916 1515 1980 τιννύντες,
1540 1918 1597 1968 ἐν
1619 1917 1764 1987 αύτῷ

185 2017 204 2047 ι
251 1998 327 2066 τῷ
354 1998 529 2068 καιρῷ
575 2000 677 2068 τῆς
719 1999 885 2070 ὀργῆς
933 1999 1276 2070 πάλιν-πρὸς
1318 2001 1413 2072 τὴν
1450 2003 1763 2068 πλεονεξίαν

183 2104 204 2134 ‹
248 2087 560 2154 ἐκτραπῶσί
586 2104 748 2150 τινες,
779 2089 1149 2158 κερδαίνοντες
1179 2089 1236 2153 ἐξ
1262 2089 1490 2160 αἵματος
1533 2092 1625 2144 καὶ⁵
1652 2092 1766 2144 ὀλέ-

184 2196 202 2225 ‹
249 2176 377 2245 θρου
404 2175 705 2245 ἀνθρώπων
743 2179 1057 2232 ἀναστάτων
1086 2181 1392 2250 γενομένων
1417 2181 1447 2250 ἢ
1480 2181 1755 2251 αἰχμαλῶ-

183 2287 205 2317 ‹
247 2285 368 2331 των,
397 2269 830 2336 πεφονευμένων,
867 2271 918 2323 τί
941 2270 1126 2340 ἕτερον
1160 2273 1471 2343 προσδοκᾷν
1506 2273 1661 2343 χρὴῆ
1690 2273 1764 2335 ὡς

185 2377 207 2408 ε
249 2359 757 2428 ἐπαγωνιζομένους
784 2363 847 2430 τῇ
877 2359 1178 2430 πλεονεξίᾳ,
1201 2361 1567 2421 ἐπισωρεύσαι
1588 2362 1764 2434 ὀργὴν

185 2467 207 2498 ε
245 2450 338 2500 καὶ
363 2451 572 2512 ἑαυτοῖς
597 2449 692 2502 καὶ
725 2451 886 2503 παντὶ
913 2450 990 2518 τῷ
1027 2449 1138 2520 λαῷ
1158 2461 1179 2514 ;'
1206 2468 1222 2500 ι

254 2541 449 2592 ΒΑΛΣ.
479 2541 566 2592 Ἐν
591 2540 668 2610 τῷ
693 2539 866 2609 καιρῷ
889 2540 987 2610 τῆς
1012 2541 1118 2592 τῶν
1137 2539 1424 2612 βαρϐάρων
1447 2540 1763 2611 ἐπιδρομῆς,

181 2630 440 2699 ἥρπασαν
471 2643 615 2694 τινες
645 2631 753 2684 τῶν
777 2629 1067 2702 ὀρθοδόξων
1091 2629 1159 2683 τὰ
1192 2629 1286 2701 τὴν
1328 2630 1616 2701 λεηλασίαν
1649 2630 1765 2684 δια-

160 2721 446 2788 ,φυγόντα’
485 2721 594 2774 τῶν
671 2721 1208 2790 αἰχμαλωτισθέντων
1251 2721 1566 2791 πράγματα.
1631 2719 1764 2789 Περὶ

181 2812 389 2864 τούτων
423 2808 515 2864 οὖν
551 2812 846 2882 ἐρωτηθεὶς
867 2814 894 2864 ὁ
943 2811 1115 2878 ἅγιος,
1141 2811 1325 2880 φησιν,
1356 2811 1435 2863 ὅτι
1462 2812 1567 2871 πᾶς
1612 2810 1762 2861 πλεο.

182 2901 380 2971 νέκτης
416 2902 753 2971 ἐκκήρυκτος
795 2901 894 2970 τῆς
948 2899 1272 2968 Ἐκκλησίας
1301 2901 1467 2963 ἐστὶν,
1501 2899 1619 2951 ἀντὶ
1647 2897 1762 2966 τοῦ,

183 2990 489 3059 ἀπόϐλητος
531 2989 625 3043 καὶ
666 2990 964 3059 ἀλλότριος.
1011 2989 1512 3059 ’Δποκηρύσσεσθαι
1542 2991 1648 3061 γὰρ
1677 2990 1764 3042 λέ-

184 3097 372 3148 γονται
399 3082 448 3132 οἰ
473 3081 578 3132 υἰοὶ
604 3081 731 3132 ὅταν
770 3079 858 3132 διά.
875 3096 993 3132 τινα
1015 3080 1310 3148 αἰτιάματα
1331 3080 1394 3131 ἐκ
1419 3079 1516 3148 τῆς
1550 3080 1767 3148 γονικῆς

1859 568 1880 605 ι
1924 551 2035 606 lum
2064 555 2145 608 ira
2177 555 2375 622 veniat,
2405 565 2459 611 et
2488 557 2540 611 in
2570 573 2664 613 eos
2697 559 2927 626 primum
2955 559 3046 628 qui
3077 571 3335 629 praesunt,
3370 574 3422 619 ct

1859 660 1879 696 ι
1924 659 2031 699 non
2062 645 2362 715 inquirunt.
2398 647 2598 704 Vereor
2627 651 2792 716 enim,
2827 659 2884 706 ut
2918 651 2993 706 ait
3021 651 3322 722 Scriptura,
3355 671 3423 709 ne

1857 751 1876 786 ι
1922 735 2122 803 impius
2169 737 2376 806 justum
2421 755 2526 793 una
2565 756 2746 795 secum
2792 741 2980 811 perdat
3026 743 3064 797 ³.
3101 737 3421 798 Tornicatio

1855 843 1873 876 ι
1920 825 2085 890 enim,
2123 827 2329 896 inquit,
2370 840 2419 884 et
2453 832 2711 897 avaritia,
2757 847 2848 900 per
2875 847 2993 902 qua:
3031 835 3165 888 vetiit
3211 837 3291 888 ira
3329 835 3422 889 Dei

1855 935 1872 965 ε
1922 917 1978 970 in
2021 917 2160 986 ﬁlios
2195 918 2555 972 inobedieutia
2580 933 2598 972 :
2623 935 2686 972 ne
2728 923 2844 974 sitis
2875 938 2997 991 ergo
3041 939 3218 976 eorum
3250 929 3390 993 parti
3403 957 3419 969 ο

1855 1023 1873 1056 ι
1916 1007 2074 1075 cipes.
2101 1005 2300 1059 Fuisti:
2330 1009 2467 1061 enim
2489 1008 2777 1078 aliquando
2798 1010 3054 1065 tenebris:
3090 1028 3221 1066 nunc
3244 1025 3417 1068 autem

1851 1111 1873 1146 ι
1919 1095 2013 1148 lux
2063 1096 2117 1149 in
2163 1096 2406 1150 Domino.
2453 1097 2517 1151 Ut
2552 1099 2653 1166 ﬁlii
2698 1099 2830 1152 lucis
2882 1101 3144 1154 ambulate
3194 1105 3416 1171 (fructus

1855 1205 1873 1236 ι
1918 1186 2054 1241 enim
2105 1185 2235 1239 lucis
2267 1195 2342 1240 εει
2374 1187 2428 1240 in
2461 1189 2600 1241 οηιηὶ
2623 1189 3175 1258 bonitate,etjustitia,
3208 1206 3253 1246 et
3286 1197 3417 1247 ceri-

1850 1295 1870 1328 ι
1917 1278 2080 1346 tate),
2131 1279 2404 1346 probantes
2450 1278 2586 1347 quod
2639 1281 2706 1333 sit
2765 1279 2868 1333 Deo
2916 1293 3220 1350 acceptant:
3265 1295 3314 1336 et
3354 1304 3414 1340 ne

1852 1382 1869 1412 ι
1914 1367 2292 1418 communicata
2320 1365 2648 1434 infrugiferis
2675 1369 2914 1435 operibus
2939 1370 3287 1437 tenebrarum,
3325 1376 3412 1428 sed

1851 1473 1870 1505 ‹
1914 1456 2087 1519 potius
2121 1455 2281 1508 etiam
2323 1455 2635 1526 redarguite.
2673 1456 2804 1521 Qua:
2837 1460 2975 1511 enim
3016 1464 3081 1513 ab
3121 1462 3248 1530 ipsis
3279 1463 3410 1531 ﬁunt

1851 1565 1869 1598 ι
1915 1548 2243 1617 clanculum,
2294 1567 2441 1620 turpe
2481 1562 2555 1605 est
2599 1553 2680 1607 uel
2702 1553 2890 1608 dicere.
2947 1555 3138 1612 Omnia
3176 1572 3347 1613 autem
3379 1579 3411 1615 ιι

1852 1659 1867 1692 ι
1913 1642 2026 1694 luce
2057 1643 2289 1696 convicta
2316 1645 2726 1713 manifestautur
2773 1645 2817 1703 ’.
2866 1646 2987 1704 Haec
3023 1651 3236 1719 quidem
3276 1652 3411 1722 Apo-

1847 1752 1867 1785 ‹
1913 1734 2110 1788 stolas.
2164 1733 2221 1787 Si
2268 1743 2446 1788 autem
2481 1735 2572 1804 qui
2612 1745 2827 1806 propter
2863 1742 3095 1807 priorem
3129 1744 3277 1809 plura
3316 1747 3412 1798 ha-

1847 1843 1865 1876 ι
1912 1825 2072 1880 bendi
2126 1825 2512 1894 cupiditatem,
2567 1844 2688 1897 qua:
2746 1830 2797 1882 in
2833 1846 2963 1899 pace
3011 1831 3147 1895 fuit,
3196 1850 3407 1903 pmnam

1847 1931 1868 1966 ι
1911 1914 2078 1981 dant,
2128 1915 2180 1968 in
2235 1917 2351 1984 ipso
2383 1917 2476 1970 irae
2511 1926 2750 1986 tempore
2784 1936 2976 1977 rursus
3022 1923 3086 1976 ad
3131 1926 3408 1979 avaritiam

1848 2025 1866 2057 ι
1913 2015 2332 2072 convertuntur,
2362 2007 2762 2064 lucrifacientes
2793 2025 2857 2064 ex
2890 2014 3151 2080 sanguine
3191 2023 3242 2068 et
3285 2031 3408 2083 pcr-

1847 2115 1864 2147 ι
1911 2097 2052 2152 nicie
2087 2113 2396 2152 eversorum
2441 2098 2752 2164 hominum,
2788 2102 3157 2168 captivorum,
3195 2103 3412 2157 interfe-

1847 2207 1864 2239 ι
1912 2195 2162 2252 ctorum;
2211 2188 2338 2256 quid
2381 2187 2525 2242 aliud
2569 2193 2990 2258 exspectandum
3031 2200 3131 2255 est,
3159 2208 3319 2261 quam
3356 2203 3412 2245 ut

1849 2295 1865 2326 ι
1913 2277 2140 2331 avaritia
2162 2278 2501 2333 decertantes
2535 2277 2668 2331 iram
2708 2280 2807 2333 sibi
2840 2289 2892 2334 et
2917 2282 3172 2335 universo
3214 2283 3410 2350 pupula

1850 2387 1867 2418 ι
1917 2369 2298 2424 accumulenl?
2325 2387 2342 2420 ι

1917 2536 2024 2605 27
2047 2535 2198 2592 ΒΑιδ.
2219 2537 2276 2592 In
2313 2549 2556 2608 tempore
2581 2538 2934 2604 incursionis,
2962 2538 3179 2607 quidam
3201 2554 3263 2594 ev
3315 2555 3411 2592 or-

1844 2627 2100 2682 thodoxis
2121 2631 2508 2700 corripuerunt
2531 2646 2616 2684 res
2633 2645 2754 2699 qua:
2771 2631 3109 2698 captivorum
3135 2630 3412 2698 depraeda-

1844 2719 2048 2774 tionem
2070 2720 2402 2790 effugerunt.
2447 2722 2522 2775 De
2548 2721 2633 2777 his
2649 2736 2776 2791 ergo
2801 2720 3166 2789 interrogatus
3189 2727 3411 2772 sanctus

1842 2813 1992 2876 dicit,
2021 2815 2163 2884 quod
2189 2815 2436 2885 quisquis
2468 2824 2550 2870 est
2584 2831 2800 2882 avarus,
2837 2823 2918 2869 est
2948 2813 3016 2866 ab
3043 2811 3280 2866 Ecclesia
3314 2811 3409 2864 ab-

1841 2904 2074 2969 dicatus,
2122 2906 2171 2958 id
2211 2913 2314 2970 est,
2348 2907 2551 2976 ejectus
2594 2915 2646 2961 et
2695 2907 2921 2960 alienus.
2977 2903 3238 2957 Dicuntur
3264 2904 3406 2955 enim

1843 2991 2073 3047 abdicati
2109 2994 2200 3047 ﬁlii
2232 2995 2448 3063 quando
2480 3003 2698 3064 pr0ptcr
2731 2994 2908 3062 aliqua
2952 2993 3176 3046 crimina
3210 2991 3275 3043 ab
3302 2990 3409 3043 ha:-

1842 3082 2070 3138 reditate
2099 3092 2321 3153 paterna
2349 3085 2671 3139 alienantur.
2716 3083 2770 3138 In
2808 3095 3044 3153 tempore
3077 3093 3254 3137 autem
3285 3081 3407 3134 talis

185 3169 550 3242 κληρονομίας
578 3165 978 3240 ἀλλοτριῶνται.
1011 3169 1082 3220 Τὸ
1103 3169 1159 3220 δὲ
1191 3171 1247 3220 ἐν
1282 3168 1460 3239 καιρῷ
1488 3169 1766 3238 συμφορᾶς

1851 3171 2170 3228 calamitatis
2222 3172 2418 3227 audere
2462 3173 2694 3242 aliquem
2740 3173 2948 3228 facinus
2995 3172 3301 3242 ejusmodi,
3355 3182 3409 3227 et

186 3263 440 3332 τοιαύτης
462 3260 723 3331 τολμῆσαί
757 3277 876 3313 τινα
898 3259 1131 3312 τοιοῦτον
1159 3277 1213 3312 τι
1247 3260 1414 3312 κακὸν
1435 3299 1448 3322 ,
1481 3259 1572 3312 καὶ
1624 3259 1770 3328 λογί-

185 3353 386 3407 σασοαι
410 3353 646 3423 κέρδους
674 3351 924 3422 ἀφορμὴν
951 3351 1047 3420 τὴν
1069 3350 1175 3402 τῶν
1199 3348 1439 3418 ἀδελφῶν
1465 3349 1766 3420 συμφορὰν,

184 3444 348 3513 ἔργον
376 3443 523 3495 ἐστὶν
560 3442 862 3514 ἀνθρώπων
892 3440 1100 3493 ἀσεϐῶν
1129 3441 1221 3492 καὶ
1249 3433 1354 3492 ύπδ
1381 3439 1474 3492 τοῦ
1512 3439 1644 3492 Θεοῦ
1677 3457 1766 3509 μι-

186 3531 490 3600 σουμένων,
517 3531 608 3583 καὶ
632 3531 810 3600 πάσης
853 3529 1078 3591 ἀτοπίας
1117 3528 1387 3582 ἐπέκεινα.
1417 3528 1574 3580 Ὅθεν
1619 3526 1766 3592 ἔδοξε

186 3623 314 3683 τοὺς
336 3621 608 3684 τοιούτους
641 3619 938 3689 ἐκκηρύξαι
966 3618 1086 3671 ἀντὶ
1107 3617 1222 3681 τοῦ,
1261 3617 1506 3687 φανερῶς
1522 3615 1770 3681 ἐκδιῶξαι

184 3710 286 3778 τῆς
331 3708 690 3778 Ἑκκλησίας,
731 3709 823 3760 καὶ
855 3706 1083 3776 χωρίσαι
1133 3705 1227 3759 τοῦ
1267 3703 1626 3776 πληρώματος
1660 3704 1768 3758 τῶν

186 3798 425 3852 πιστῶν·
463 3799 550 3850 ἵνα
581 3798 654 3867 μὴ
675 3796 739 3849 δι’
767 3796 963 3859 αὐτοὺς
997 3799 1028 3866 ἡ
1062 3795 1198 3866 ὀργὴ
1222 3794 1314 3847 τοῦ
1343 3793 1474 3846 Θεοῦ
1522 3793 1651 3864 ἔλθη
1675 3793 1767 3846 ἐπὶ

189 3891 424 3952 πάντας,
456 3889 550 3940 καὶ
576 3887 680 3958 πρὸ
704 3887 810 3938 τῶν
839 3886 1008 3940 ἄλλων
1041 3887 1132 3938 ἐπὶ
1152 3887 1274 3948 τοὺς
1296 3885 1663 3953 προεστῶτας,
1687 3884 1760 3955 μὴ

189 3978 588 4050 ἐπιζητοῦντας
615 3975 709 4029 καὶ
741 3975 1092 4042 ἐξετάζοντας
1130 3974 1254 4038 τοὺς
1299 3973 1587 4036 τοιούτους.
1636 3968 1756 4026 Eleo

192 4055 392 4138 ἐπάγει
428 4074 524 4124 καὶ
554 4069 832 4140 Γραφικὰς
867 4068 1167 4138 μαρτυρίας
1189 4105 1204 4128 ,
1233 4066 1327 4118 καὶ
1360 4065 1485 4136 περὶ
1520 4064 1580 4114 τὸ
1617 4064 1765 4127 τέλος

194 4163 477 4232 ἐπιφέρει·
506 4161 568 4213 Εἰ
600 4160 656 4210 δέ
678 4175 819 4220 τινες
843 4157 928 4209 διὰ
957 4156 1265 4220 πλεονεξίαν
1298 4155 1592 4224 γενομένην
1639 4155 1768 4225 παρ’

192 4253 379 4306 αὐτῶν
417 4251 562 4307 κατὰ
586 4251 676 4303 τὸν
701 4251 796 4318 τῆς
821 4250 1040 4318 εἰρήνης
1065 4247 1253 4314 καιρὸν
1275 4245 1641 4307 κολασθέντες,
1677 4243 1772 4296 πά·

193 4347 278 4396 λιν
302 4345 395 4396 καὶ
425 4346 505 4404 εἰς
537 4342 634 4406 τὴν
659 4339 762 4391 τῶν
797 4337 1084 4408 βαρϐάρων
1112 4336 1296 4404 ἔφοδον
1323 4335 1390 4388 τὰ
1427 4333 1564 4387 αὐτὰ
1590 4333 1771 4402 ἡμαρ-

1842 3261 2154 3316 eaistimare
2198 3263 2424 3317 aliorum
2460 3264 2820 3318 calamitatem
2851 3279 2970 3318 esse
3015 3263 3095 3317 sui
3139 3263 3271 3317 lucri
3317 3277 3410 3316 oc-

1844 3353 2142 3418 casionem,
2165 3362 2248 3407 est
2275 3354 2562 3423 impiorum
2591 3355 2869 3408 hominum
2899 3363 2952 3408 et
2975 3354 3080 3408 Deo
3110 3354 3407 3406 invisorum

1845 3454 1897 3499 et
1928 3443 2020 3514 qui
2053 3457 2268 3497 omnem
2295 3444 2692 3514 improbitatem
2722 3454 2998 3513 superant.
3052 3443 3201 3498 Unde
3235 3445 3407 3498 visum

1846 3543 1930 3588 est
1954 3548 2047 3589 eos
2079 3534 2350 3598 abdicare,
2385 3548 2482 3602 pro
2524 3549 2589 3588 eo
2637 3535 2780 3602 quod
2811 3542 2912 3598 est,
2949 3545 3130 3604 aperte
3171 3533 3408 3589 Ecclesia

1826 3605 2135 3691 'expeliere,
2185 3629 2239 3675 et
2286 3637 2317 3674 a
2369 3621 2604 3676 ﬁdelium
2634 3622 2978 3677 multitudine
3017 3638 3300 3691 separare:
3347 3639 3412 3678 ne

1847 3720 2065 3781 propter
2095 3711 2242 3780 ipsos
2273 3711 2363 3765 Dei
2394 3711 2474 3765 ira
2509 3712 2563 3765 in
2599 3726 2788 3766 omnes
2819 3713 3014 3775 veniat,
3050 3722 3103 3766 et
3133 3721 3254 3767 ante
3279 3715 3412 3768 alios

1846 3802 1900 3856 in
1937 3816 2030 3856 eos
2057 3801 2150 3870 qui
2188 3809 2460 3870 praesunt,
2495 3801 2588 3869 qui
2619 3801 2882 3870 ejusmodi
2917 3802 3162 3856 homines
3197 3817 3303 3855 non
3334 3804 3416 3856 in-

1849 3891 2072 3961 quirunt
2102 3899 2155 3944 et
2178 3891 2509 3946 examinant.
2539 3890 2737 3945 Deinde
2766 3891 3043 3961 subjungit
3068 3893 3226 3945 etiam
3261 3899 3413 3947 testi—

1851 3981 2032 4034 monia
2071 3978 2384 4050 Scriptura,
2419 3989 2471 4033 et
2510 3981 2652 4034 circa
2690 3981 2846 4041 linem
2874 3980 3068 4034 infert:
3109 3980 3164 4035 Si
3196 3983 3286 4051 qui
3319 3999 3415 4037 au-

1852 4083 1958 4124 tem
2005 4078 2219 4138 propter
2270 4084 2423 4124 suam
2463 4069 2786 4134 avaritiam,
2839 4084 2958 4138 qure
3015 4069 3115 4123 fuit
3179 4079 3416 4138 tempore

1851 4159 2042 4226 pacis,
2093 4158 2304 4226 puniti,
2356 4158 2408 4211 in
2459 4158 2811 4213 barbarorum
2868 4160 3060 4213 iterum
3110 4160 3417 4215 incursione

1851 4250 2038 4301 eadem
2071 4247 2443 4314 peccaverint,
2485 4247 2555 4312 ii,
2595 4249 2786 4318 inquit,
2821 4265 2929 4302 non
2959 4249 3128 4303 solum
3162 4250 3252 4304 Dci
3282 4251 3416 4304 iram

1853 4337 1906 4389 in
1948 4351 2006 4391 se
2042 4337 2357 4403 attrahunt,
2391 4338 2484 4393 sed
2507 4339 2667 4392 etiam
2701 4340 2959 4395 adversus
2990 4356 3200 4394 onmem
3249 4357 3419 4411 pepu-

195 4452 310 4497 τον,
341 4435 389 4486 οἰ
419 4431 677 4495 τοιοῦτοι,
711 4429 874 4499 φησιν
898 4467 912 4492 ,
956 4428 1016 4480 ού
1061 4427 1218 4497 μόνον
1258 4425 1377 4478 καθ’
1427 4422 1631 4477 ἐαυτῶν
1672 4423 1766 4494 τὴν

1856 4427 1987 4480 lum.
2022 4425 2293 4481 Hzeccum
2324 4428 2396 4481 ita
2426 4443 2484 4482 se
2514 4429 2764 4494 habeant,
2791 4440 2912 4482 nota
2942 4445 3003 4482 cx
3033 4430 3133 4483 hac
3166 4432 3412 4498 praesenti

197 4525 372 4595 ὀργὴν
395 4523 487 4574 τοῦ
528 4521 663 4575 Θεοῦ
709 4521 1024 4587 ἐφέλκουσιν
1049 4558 1062 4582 ,
1101 4518 1235 4571 ἀλλὰ
1272 4517 1360 4570 καὶ
1401 4514 1541 4568 κατὰ
1578 4514 1771 4576 παντὸς

198 4614 296 4666 τοῦ
323 4611 476 4664 λαοῦ.
523 4609 738 4662 Τούτων
783 4607 948 4670 οὕτως
997 4607 1225 4676 ἐχόντων
1299 4604 1628 4675 σημτίωσαι,
1689 4603 1770 4655 ὅτι

199 4705 297 4756 καὶ
318 4702 426 4757 ἀπὸ
465 4701 564 4770 τῆς
595 4696 875 4769 παρούσης
914 4695 1199 4765 ἐπιστολῆς
1254 4697 1460 4763 ἐφεῖται
1504 4696 1612 4756 τοῖς
1651 4694 1770 4744 ἐπι-

200 4793 423 4853 σκόποις
449 4791 544 4854 τὰς
577 4789 680 4841 τῶν
705 4787 1038 4840 πλεονεκτῶν
1074 4784 1385 4847 δυναστείας
1432 4780 1772 4835 ἀναστέλλειν

195 4882 283 4933 διὰ
308 4880 598 4949 ἐπιτιμίων
619 4895 631 4908 ·
668 4879 760 4931 καὶ
784 4878 907 4940 τοὺς
937 4878 1032 4947 μὲν
1065 4875 1405 4945 ἁρπάζοντας
1447 4873 1515 4924 τὰ
1544 4873 1650 4925 ἀπὸ
1677 4871 1773 4940 τῆς

197 4972 572 5040 αἰχμαλωσίας
592 4968 1003 5040 περιλειφθέντα
1035 4967 1331 5037 πράγματα
1353 4966 1459 5018 τῶν
1481 4964 1771 5035 ὀρθοδόξων

202 5061 293 5113 διὰ
330 5059 576 5128 μεγάλων
605 5057 1066 5128 ὲκκλησιαστικῶν
1103 5055 1446 5126 σωφρονίζειν
1479 5053 1769 5108 κολάσεων

202 5152 331 5210 τοὺς
353 5148 409 5200 δὲ
439 5148 513 5218 μὴ
535 5146 805 5209 τοιούτους
829 5147 1076 5216 ἅρπαγας
1096 5163 1189 5216 μετ
1198 5147 1467 5216 ριωτέρως
1497 5145 1768 5214 ἐπιτιμᾷνο

203 5239 346 5290 ὥστε
387 5238 495 5289 ἀπὸ
543 5235 799 5288 τοιούτων
859 5236 984 5303 περὶ
1039 5234 1287 5287 τοιούτων
1336 5233 1637 5288 ὑποθέσεων
1681 5233 1774 5285 καὶ

205 5330 428 5388 λαῖκοὺς
449 5327 760 5394 ἐνδυναμως
789 5326 874 5376 ἵνα
911 5325 1200 5377 δικάσωσιν
1229 5325 1277 5376 οἰ
1307 5324 1610 5376 ἐπίσκοποι.
1652 5321 1775 5384 Πῶς

208 5422 320 5490 γὰρ
351 5421 732 5488 ἐπιτιμήσουσι
778 5415 995 5478 τούτους
1039 5416 1134 5484 τῆς
1165 5415 1415 5483 ἀληθείας
1450 5413 1521 5484 μὴ
1568 5416 1774 5481 ἀναφα-

209 5513 395 5574 νείσης
418 5511 680 5580 πρότερον
707 5523 720 5570 ;
752 5505 822 5558 Τὸ
851 5507 904 5558 δὲ
939 5506 1023 5558 διὰ
1060 5503 1364 5568 πλεονεξίαν
1400 5503 1778 5574 ἀποκηρύσσε-

805 5693 870 5726 Ct?!

298 5696 309 5722 ¹
343 5699 474 5754 Gen.
512 5713 660 5756 ιιι-ιιι,
688 5695 775 5758 '25,
805 5693 892 5748 9.5.
985 5687 1001 5715 ²
1045 5690 1239 5758 Ephes.
1276 5709 1326 5755 ν,
1359 5693 1508 5747 3-13,

1854 4518 2101 4587 epistola,
2142 4519 2286 4587 quod
2323 4519 2590 4588 episcopis
2618 4521 2946 4588 permittitur
2976 4536 3262 4574 avarorum
3291 4523 3381 4588 plu
3401 4551 3413 4561 -

1856 4622 2023 4676 raque
2054 4607 2283 4661 habendi
2324 4608 2640 4676 cupidorum
2689 4614 2985 4677 potentiam
3022 4609 3194 4676 poenis
3239 4609 3414 4675 impn-

1858 4697 1974 4751 sitis
2007 4711 2290 4752 coercere:
2335 4706 2388 4750 et
2421 4712 2514 4751 eos
2541 4697 2788 4766 quidem,
2821 4698 2910 4766 qui
2931 4738 2946 4761 ,
2993 4713 3111 4766 qua:
3142 4714 3203 4752 ex
3249 4699 3417 4765 capti-

1857 4789 2020 4842 vitate
2048 4788 2229 4841 relicta
2259 4797 2384 4842 sunt
2416 4787 2660 4842 ﬁdelibus
2682 4829 2696 4853 ,
2729 4789 2976 4856 rapiunt,
3007 4789 3214 4856 magnis
3246 4788 3416 4841 cccle-

1857 4877 2090 4934 siasticis
2115 4879 2672 4933 animadversionibus
2701 4881 2994 4948 castigare;
3032 4879 3123 4946 qui
3151 4893 3256 4931 non
3292 4889 3418 4932 sunt

1859 4979 2040 5023 autem
2122 4968 2386 5038 ejusmodi
2451 4983 2711 5037 rapaces,
2802 4969 3143 5021 mediocriter
3204 4969 3412 5036 punire.

1859 5058 2219 5124 Quamobrem
2265 5071 2330 5110 ex
2384 5056 2467 5109 his
2515 5056 2580 5110 de
2641 5056 2947 5125 hujusmodi
3010 5056 3190 5109 causis
3254 5057 3417 5110 laicos

1861 5163 2076 5218 quoque
2115 5147 2348 5217 epiSCOpi
2389 5146 2486 5199 rite
2518 5145 2774 5215 judicent.
2823 5145 3105 5211 Quomodo
3147 5147 3289 5199 enim
3326 5161 3418 5200 eos

1861 5241 2119 5309 punient,
2166 5239 2210 5292 si
2253 5253 2359 5291 non
2392 5238 2540 5305 prius
2584 5237 2778 5290 veritas
2813 5237 3159 5304 apparuerit?
3196 5236 3420 5306 Propter

1864 5329 2141 5385 avaritiam
2158 5338 2335 5382 autem
2371 5341 2397 5378 ιι
2424 5327 2653 5380 fidelium
2679 5327 3057 5380 communione
3075 5327 3306 5394 aliquem
3325 5327 3419 5379 ah-

1864 5423 2051 5484 dicari,
2083 5437 2332 5488 magnum
2365 5430 2464 5479 cst.
2499 5428 2550 5473 et
2580 5433 2658 5472 vae
2691 5420 2896 5471 avaris!
2934 5416 3038 5469 Lex
3072 5432 3196 5470 vero
3227 5417 3418 5487 civilis.

1863 5527 1984 5567 eum
2030 5510 2123 5580 qui
2176 5510 2311 5579 rapit
2357 5525 2416 5564 ex
2463 5507 2710 5562 incendio
2755 5509 2834 5560 vel
2885 5522 2947 5560 ex
2993 5507 3146 5560 ruina
3192 5508 3418 5571 mdium,
