4018 6440
241 345 348 411 533

1145 356 1217 417 ΙΝ
1256 358 1489 424 El‘IST.
1531 364 1592 426 S.
1632 362 2012 428 GiiEGORll
2050 366 2484 432 NEUCJESAR.

3335 374 3463 437 534?

234 480 529 571 εὑρέσεως·
586 485 736 555 πόσῳ
790 487 985 556 μᾶλλον
1035 491 1237 558 ὀφείλει
1281 494 1311 545 ό
1350 493 1523 565 εὑρὼν
1563 496 1779 566 ἀδελφοῦ

1884 502 2075 550 curent
2103 512 2117 549 :
2148 505 2351 564 quanto
2388 497 2561 566 magis
2589 498 2748 556 debet
2781 500 2825 555 is
2852 503 2944 571 qui
2984 520 3071 558 res
3100 506 3302 562 invenit
3325 507 3435 563 fra-

240 566 629 640 δυστυχοῦντος
661 576 752 627 καὶ
783 578 1352 651 αἰχμαλιιγιισθέντοςῆ
1384 584 1477 635 καὶ
1505 585 1791 653 φεύγοντος

238 659 368 721 τοὺς
418 659 757 732 βαρϐάρους,
810 666 1128 737 πράγματα,
1188 671 1281 723 καὶ
1336 673 1475 726 κατᾶ
1526 677 1787 744 τοσαύτην

236 748 485 818 ἀνάγκην
522 750 832 821 ἀτημέλητα
872 755 1249 822 καταλιπόντος
1300 761 1365 813 τά
1412 762 1606 828 οἰκεῖα,
1653 766 1776 817 ἀπο-

234 834 499 906 καΘισ-ιᾷν
544 837 681 891 αὺτά
724 842 857 911 πρὸς
903 842 962 895 τὸ
1015 845 1176 916 μέρος
1230 848 1321 900 τοῦ
1373 849 1513 903 οὕτω
1555 852 1787 921 δυσπραρ

233 921 337 990 τοῦ
352 940 462 987 νιος
507 925 829 996 ἀνθρώπου;
884 931 991 983 Καὶ
1031 934 1060 985 ό
1111 932 1207 1001 μὲν
1256 934 1409 1001 ἅγιος
1462 939 1629 991 ταῦτα
1673 939 1761 991 tite

237 1024 429 1061 σπισε·
477 1012 568 1063 καὶ
606 1012 801 1082 ἑφεξῆς
853 1015 1087 1069 διδάσκει
1130 1018 1243 1081 πῶς
1275 1021 1573 1088 ὀφείλουσιν
1619 1026 1787 1077 ἐπιτια

238 1098 442 1167 μᾶσθαι
480 1099 533 1150 οἵ
570 1114 629 1150 τε
683 1100 1020 1170 ἁρπάσαντες
1072 1103 1139 1156 τὰ
1187 1108 1408 1162 τοιαῦτα
1467 1113 1786 1181 πράγματα,

232 1186 332 1239 καὶ
358 1187 406 1238 oi
432 1187 504 1256 μὴ
541 1187 892 1257 ἁρπάζοντες,
932 1192 1065 1245 άλλά
1106 1195 1378 1264 εὑρόντες*
1422 1198 1556 1267 πρὸς
1592 1200 1648 1251 δὲ
1695 1202 1788 1254 καὶ

228 1280 282 1330 οἱ
345 1278 481 1347 μετά
544 1280 644 1350 τὴν
700 1280 915 1351 εὕρεσιν
977 1286 1051 1353 μὴ
1104 1285 1572 1351 ἀποκαθιστῶντες
1627 1291 1782 1344 αὑτά.

241 1368 302 1421 Ὀ
343 1368 397 1419 δὲ
449 1369 720 1433 πολιτικὸς
756 1370 917 1440 νόμος
960 1374 1120 1442 φησὶν
1152 1375 1208 1427 ὲν
1237 1374 1428 1445 Θέματι
1452 1376 1513 1441 ε’,
1558 1375 1654 1431 τοῦ
1698 1381 1787 1447 μγ¹

228 1456 551 1525 κεφαλαίου,
600 1458 692 1511 τοῦ
730 1458 806 1529 ιβ’
850 1458 1050 1526 τιτλου,
1098 1461 1191 1513 τοῦ
1244 1462 1312 1527 ξ’“
1339 1462 1565 1532 βιϐλίου,
1616 1466 1786 1518 ταῦτα

228 1548 409 1616 ῥητῶς
429 1564 443 1577 ⁸
481 1548 539 1600 ’0
559 1548 622 1601 τὺ
653 1547 929 1619 ἀλλότριον
970 1552 1196 1621 πρᾶγμα
1222 1554 1547 1622 ἐρριμμένον
1581 1553 1786 1623 λαμϐάο

224 1652 336 1689 νων
356 1636 450 1688 ἐπὶ
461 1636 539 1706 τῷ
555 1637 826 1706 κερδᾶναι,
850 1638 953 1690 κᾶν
975 1640 1139 1710 ἀγνοῇ
1169 1641 1307 1705 τίνος
1323 1642 1487 1704 ἐστὶν,
1507 1644 1784 1697 ὑπόκειται

224 1729 294 1796 τῇ
347 1727 475 1797 περὶ
533 1726 736 1796 κλοπῆς
776 1730 987 1797 ἀγωγῇο
1044 1734 1092 1781 ει
1147 1730 1220 1799 μὴ
1249 1731 1357 1800 ἄρα
1388 1731 1719 1800 ἀπρονόητον
1753 1734 1781 1785 ὁ

223 1815 493 1883 δεσπότης
525 1812 705 1868 ετασελν
750 1817 911 1868 aind-

223 1903 361 1955 αὐτὸ
379 1902 590 1965 ἐλαϐεν,
626 1903 809 1974 ἐπειδὴ
857 1905 1127 1959 ἐπαύσατο
1149 1907 1309 1960 αὑτοῦ
1343 1904 1499 1971 εἶναι,
1527 1909 1624 1979 οὐχ
1658 1911 1786 1962 ὑπό-

221 2009 427 2045 κειται.
463 1993 651 2064 Κλοπὴ
681 1995 789 2065 γὰρ
828 1998 887 2047 οὐ
920 1997 1126 2063 γίνεται
1163 1997 1236 2067 μὴ
1269 1998 1416 2061 δντος
1460 2000 1550 2052 τοῦ
1582 2001 1783 2073 κλοπὴν

223 2083 619 2151 ὑφισταμένου.
670 2083 730 2135 Εἰ
771 2083 826 2136 δὲ
871 2084 931 2136 τὸ
968 2086 1040 2155 μὴ
1080 2086 1137 2139 ὃν
1167 2089 1493 2159 ἀπρονόητον
1541 2091 1783 2160 ἐνόμισεν

220 2172 589 2241 ἀπρονόητονΓ
628 2173 727 2225 οὐκ
768 2172 881 2225 ἐστι
936 2175 1190 2246 κλέπτης”
1223 2181 1270 2230 εἰ
1315 2178 1371 2230 δὲ
1409 2179 1481 2249 μὴ
1504 2175 1570 2249 ἦν
1610 2181 1783 2252 ἀπρο-

220 2261 434 2330 νόητον,
494 2262 631 2331 μήτε
674 2263 939 2331 ἐνόμισεν,
963 2264 1126 2317 ’ἔλαϐε
1158 2267 1236 2329 δὲ,
1268 2268 1357 2319 ἐπὶ
1381 2268 1456 2337 τῷ
1495 2269 1674 2322 δοῦναι
1702 2269 1781 2340 τῷ

220 2351 598 2421 εὐρισκομὲνῳ
647 2350 896 2421 δεσπότῃ,
931 2354 1027 2423 οὐχ
1082 2356 1360 2409 ὑπόκειται
1398 2360 1462 2427 τῇ
1495 2358 1620 2429 περὶ
1652 2360 1775 2413 κλο-

222 2442 334 2508 πῆς
359 2444 571 2511 ἀγωγῇ,
604 2443 706 2495 κᾶν
728 2443 957 2513 εὖρετρα
982 2444 1139 2514 λάϐῃ.
1171 2446 1439 2509 Ὡσαύτως
1470 2448 1561 2499 καὶ
1604 2443 1664 2497 τὸ
1688 2441 1767 2510 Ea.’

221 2549 351 2599 κεφ.
376 2532 470 2584 τοῦ
514 2538 562 2598 γ’
597 2532 773 2584 τίτλου
818 2531 910 2585 τοῦ
947 2537 989 2584 ν’
1017 2532 1216 2601 βιϐλίου
1239 2534 1377 2587 οὕτω
1408 2534 1771 2605 διαλαμϐάνει·

233 2619 361 2670 Ἐάν
393 2634 475 2679 τις
525 2619 753 2682 ἀπόντος
805 2621 1033 2690 πρᾶγμα
1079 2622 1303 2692 κατέσχε
1361 2622 1634 2691 σχολάζον,
1677 2624 1777 2676 οὐκ

218 2707 447 2775 ἀνήγετο
474 2706 537 2757 τὺ
560 2706 784 2759 παλαιὸν
813 2710 845 2778 ἢ
875 2708 951 2778 τῷ
978 2711 1103 2780 περὶ
1130 2709 1251 2779 βίας
1282 2712 1713 2783 παραγγέλματι,
1740 2713 1773 2785 ἢ

219 2793 323 2861 τῷ»
358 2796 534 2864 Ὅπερ
577 2796 666 2865 βίᾳ
694 2797 726 2867 ἢ
763 2796 955 2869 λάθρα,
985 2802 1033 2851 ει
1064 2801 1136 2869 μὴ
1166 2800 1275 2871 ἄρα
1304 2801 1461 2869 τῇτά
1495 2802 1599 2855 ἴδια
1636 2804 1773 2855 ὲκδι-

219 2886 396 2958 κούση
414 2889 626 2956 ἀγωγῇ,
661 2889 717 2940 ἐν
746 2879 788 2953 ᾧ
820 2889 1080 2957 δεσπότης
1101 2885 1166 2959 ἦν
1191 2894 1218 2942 ό
1242 2888 1415 2941 ἀπών.
1458 2890 1641 2959 Ἡμεῖς
1662 2888 1772 2956 οὖν,

218 2977 298 3040 ὼς
322 2978 489 3047 νομέα
523 2979 667 3043 ὄντα,
723 2978 1019 3049 βουλόμεθα
1053 2984 1367 3051 κρατεῖσθαι
1397 2983 1473 3052 τῷ
1507 2986 1632 3054 περὶ⁸
1658 2984 1775 3054 βίας

217 3067 425 3136 γενικῷ
460 3069 895 3139 παραγγέλματν
930 3070 1132 3137 γελοῖον
1171 3072 1278 3141 γάρ
1321 3075 1435 3125 ἐστι
1488 3075 1548 3126 τὸ
1578 3075 1773 3143 λέγειν,

1885 585 1983 637 tris
2014 585 2235 639 adversa
2265 585 2481 641 fortuna
2519 590 2742 657 utentis,
2774 599 2827 645 et
2856 594 2908 645 in
2939 597 3304 662 captivitatem
3344 602 3435 651 ab-

1881 676 2050 741 ducti,
2070 677 2148 730 vel
2168 677 2422 733 barbaros
2441 678 2716 748 fugientis,
2742 691 2796 736 et
2822 684 2912 752 qui
2941 684 2992 737 in
3025 696 3168 741 tanta
3207 694 3432 744 necessi-

1881 772 1991 820 tate
2011 781 2109 821 sua
2127 768 2364 836 neglecta
2388 770 2623 839 reliquit.
2637 786 2730 826 eas
2753 781 2859 826 tam
2880 773 3209 831 infortunato
3226 780 3426 834 homini

1878 857 2199 912 restituere?
2224 859 2399 927 Atque
2424 861 2537 913 haec
2565 863 2779 929 quidem
2808 874 3024 918 sanctus
3050 866 3298 920 describit
3328 885 3342 920 :
3376 884 3429 922 et

1877 946 2032 1001 docet
2052 946 2303 1015 deinceps
2316 952 2586 1016 quomodo
2600 952 2772 1019 puniri
2797 953 3041 1017 debeant,
3058 963 3109 1006 ct
3131 956 3219 1022 qui
3238 972 3320 1010 res
3335 972 3427 1009 eas

1880 1029 2192 1101 rapuerunt,
2212 1046 2265 1089 et
2299 1036 2391 1104 qni
2412 1052 2518 1091 non
2552 1050 2859 1107 rapuerunt,
2885 1043 2974 1095 sed
3013 1042 3348 1107 invenerunt,
3372 1056 3427 1098 et

1879 1123 1975 1192 qui
2004 1133 2286 1192 postquam
2315 1125 2634 1182 invenerunt
2667 1143 2760 1182 eas
2784 1145 2890 1182 non
2919 1132 3285 1185 restituerunt.
3316 1132 3420 1186 Lex

1873 1222 2057 1266 autem
2085 1214 2259 1268 civilis
2297 1215 2412 1269 hinc
2442 1230 2697 1284 expresse
2720 1218 2851 1271 dicit
2894 1218 2944 1270 in
2974 1219 3204 1275 themate
3228 1222 3279 1283 5,
3302 1237 3419 1291 cap.

1872 1305 1963 1369 45,
1999 1305 2079 1358 tit.
2118 1305 2203 1370 1.2,
2234 1305 2329 1360 lib.
2362 1322 2429 1359 ιι
2457 1322 2470 1358 :
2507 1305 2612 1372 Qui
2640 1324 2750 1362 rem
2782 1310 3012 1364 alienam
3043 1311 3300 1378 abjectmn
3330 1328 3420 1366 ac-

1874 1394 2022 1461 cipit.
2067 1402 2125 1448 ut
2162 1408 2281 1448 eam
2321 1395 2581 1461 lucretur,
2623 1398 2834 1452 etiamsi
2878 1400 3087 1468 ignorat
3117 1402 3273 1470 cujus
3312 1404 3417 1465 sit,

1871 1492 1953 1538 est
1977 1483 2106 1539 furti
2136 1485 2331 1540 actioni
2366 1486 2635 1541 obnoxius
2662 1504 2675 1540 :
2706 1490 2810 1543 nisi
2842 1489 2981 1544 forte
3012 1490 3265 1544 dominus
3298 1509 3417 1544 eum

1870 1573 1945 1626 ita
1974 1573 2269 1642 reliquerit,
2301 1581 2358 1626 ut
2391 1572 2549 1641 cujus
2580 1575 2781 1628 nullam
2823 1591 3009 1630 curam
3054 1591 3218 1646 gerat.
3268 1578 3417 1633 Tune

1868 1663 2011 1716 cnim
2052 1664 2262 1718 etiamsi
2287 1672 2344 1717 ut
2372 1676 2435 1716 ea
2475 1666 2660 1717 iurans
2691 1667 2914 1733 ceperit,
2958 1668 3214 1735 quoniam
3251 1670 3417 1735 ipsius

1867 1766 1989 1805 esse
2019 1752 2199 1814 desiit,
2226 1750 2353 1804 furti
2380 1766 2483 1805 non
2510 1760 2740 1806 tenetur.
2774 1751 2891 1807 Non
2919 1756 3063 1807 enim
3096 1756 3154 1807 fit
3192 1755 3412 1820 furtum,

972 1818 1090 1869 τότε
1130 1819 1238 1889 γὰρ
1278 1820 1381 1871 κᾶν
1426 1820 1500 1883 ὡς
1544 1822 1779 1874 κλέπτων

1872 1841 1974 1896 nisi
2008 1843 2078 1895 sit
2108 1842 2195 1897 cui
2226 1841 2427 1896 furtum
2470 1844 2580 1896 tiat.
2624 1843 2680 1895 Si
2709 1852 2887 1897 autem
2917 1845 3060 1913 quod
3087 1861 3188 1899 non
3215 1858 3296 1900 est
3324 1818 3418 1916 pro

1869 1928 2124 1983 derelicto
2151 1929 2419 1993 habitum,
2458 1945 2553 1999 pro
2598 1930 2853 1990 derelicto
2890 1946 3008 1986 esse
3034 1931 3272 1986 habitum
3299 1952 3415 1987 ext-

1870 2022 2126 2085 stimavit,
2176 2035 2280 2074 non
2327 2032 2410 2075 est
2444 2022 2564 2085 fur;
2599 2020 2844 2073 siautem
2891 2034 2989 2073 nec
3031 2036 3128 2089 pro
3164 2022 3417 2078 derelicto

1870 2110 2186 2176 habebatur,
2218 2127 2317 2164 nec
2342 2126 2435 2178 pro
2456 2111 2537 2162 det
2550 2109 2709 2163 elicto
2743 2109 2925 2162 haberi
2956 2111 3300 2172 existimavit,
3321 2127 3412 2165 αυ-

1855 2194 2190 2261 cepitautem
2207 2203 2267 2248 ut
2285 2192 2507 2246 domino
2524 2192 2744 2246 invento
2765 2190 3037 2258 redderet,
3054 2190 3264 2243 actione
3282 2189 3410 2241 furti

1858 2300 1965 2339 non
2018 2294 2251 2351 tenetur,
2282 2284 2497 2340 etiamsi
2526 2285 2634 2353 30
2676 2299 2774 2353 pro
2829 2280 3145 2334 inventione
3177 2278 3410 2347 pretium

1864 2373 2149 2442 acceperit.
2170 2371 2425 2425 Similiter
2444 2379 2496 2423 et
2516 2368 2576 2422 61
2608 2383 2723 2436 cap.
2738 2407 2751 2430 ,
2771 2367 2804 2420 5
2823 2366 2930 2431 tit.,
2948 2380 2977 2417 ι.
2999 2365 3093 2418 lib.
3116 2366 3195 2419 sic
3208 2366 3370 2419 habet
3395 2383 3409 2419 :

1866 2464 1922 2517 Si
1962 2464 2084 2533 quis
2109 2461 2349 2515 absentis
2376 2474 2488 2513 rem
2520 2469 2798 2511 vacantem
2829 2457 3177 2523 detinuisset,
3204 2471 3309 2508 non
3335 2465 3414 2509 te-

1864 2556 2092 2609 nebatur
2132 2553 2260 2606 olim
2311 2551 2396 2605 vel
2450 2550 2735 2604 interdicto
2784 2550 2851 2602 de
2880 2548 2953 2612 vi,
2991 2546 3072 2599 vel
3107 2545 3407 2609 interdicto,

1862 2642 2019 2710 Quod
2042 2643 2091 2697 vi
2116 2653 2209 2695 aut
2240 2642 2404 2705 ciam,
2438 2640 2543 2694 nisi
2576 2639 2847 2707 utiquerei
2878 2636 3251 2696 vindicationc,
3278 2651 3415 2702 qna-

1864 2741 2021 2784 tenus
2048 2729 2242 2782 absens
2272 2736 2388 2780 erat
2413 2720 2684 2780 dominus.
2728 2723 2836 2778 Nos
2858 2739 2984 2793 ergo
3010 2723 3257 2775 volumus
3286 2738 3407 2774 cum

1866 2827 1922 2870 ut
1948 2816 2040 2885 qui
2065 2817 2135 2868 sit
2156 2828 2461 2883 possessor.
2488 2813 2721 2882 generali
2746 2813 2811 2865 de
2831 2812 2883 2863 vi
2908 2810 3190 2863 interdicto
3218 2813 3405 2863 teneri.

1864 2904 1959 2958 Est
1984 2908 2126 2956 enim
2151 2900 2437 2955 ridiculum
2462 2900 2640 2953 dicere
2667 2900 2808 2967 quod
2838 2901 3111 2968 proprium
3133 2900 3410 2952 existima-

1862 2996 1993 3051 bant
2038 2995 2088 3049 id
2132 2993 2273 3062 quod
2320 3000 2403 3047 cst
2447 2990 3195 3059 alienum:quemadmodum
3243 2997 3297 3042 et
3343 2991 3410 3042 de

1865 3085 1997 3139 furti
2026 3084 2076 3136 in
2108 3083 2329 3152 duplum
2369 3081 2580 3135 actione
2621 3080 2877 3144 diximus,
2921 3079 3062 3147 quod
3102 3079 3192 3146 qui
3220 3089 3408 3146 praeter

219 3158 309 3209 ὅτι
340 3157 584 3227 ἐνόμιζον
612 3158 739 3212 ἴδιον
787 3160 849 3213 τὸ
876 3160 1166 3229 ἀλλότριον·
1201 3160 1386 3233 ὥσπερ
1418 3159 1508 3216 οὖν
1538 3164 1629 3217 καὶ
1684 3166 1775 3218 ὲπὶ

1872 3175 2069 3231 domini
2101 3173 2417 3230 sententiam
2440 3186 2502 3225 ac
2524 3169 2848 3224 voluntatem
2872 3178 3188 3223 contrectat.
3207 3168 3405 3220 furtum

220 3248 323 3316 τῆς
348 3250 471 3317 περὶ
497 3248 700 3318 κλοπῆς
741 3251 822 3313 εις
869 3250 930 3302 τὸ
967 3250 1239 3304 διπλάσιον
1288 3252 1504 3323 ἀγωγῆς
1533 3253 1775 3324 εἴπομεν,

223 3338 308 3389 ὅτι
328 3340 357 3390 ό
402 3340 553 3408 παρὰ
584 3338 805 3409 γνώμην
830 3339 925 3391 τοῦ
958 3340 1211 3393 δεσπότου
1268 3342 1526 3411 ψηλαφῶν
1576 3342 1777 3415 κλοπὴν

221 3427 550 3497 ἁμαρτάνει.
600 3428 785 3481 Ταῦτα
827 3429 883 3481 δέ
915 3447 1110 3500 φαμεν,
1145 3430 1237 3484 ἐὰν
1268 3434 1340 3502 μὴ
1374 3435 1778 3502 τριακονταετία

222 3519 498 3588 παρῆλθεν
529 3518 590 3582 ἐξ
621 3513 680 3570 οὗ
712 3520 808 3589 τῆς
841 3521 1007 3590 νομῆς
1044 3521 1347 3573 ἐπελάϐετο.
1380 3524 1685 3591 Σημείωσαι
1712 3526 1779 3580 τά

221 3608 455 3661 ἐνταῦθα
514 3610 867 3680 γεγραμμένα
925 3612 1051 3681 περὶ
1107 3610 1215 3664 τῶν
1275 3614 1610 3683 πραγμάτων
1672 3614 1777 3667 τῶν

220 3700 596 3769 ιῖχμαλώτων.
643 3701 930 3768 ’Λνάγνωθι
960 3702 1049 3754 καὶ
1076 3700 1210 3770 βιϐλ.
1240 3702 1329 3767 λδ’,
1379 3720 1479 3754 τιτ.
1526 3710 1595 3767 α’,
1648 3720 1770 3771 κεφ.

226 3788 316 3852 ιζ’,
350 3790 527 3857 λέγον·
578 3789 712 3853 Τοὺς
746 3785 1141 3860 ἀναληφθέντας
1174 3791 1319 3863 παρὰ
1370 3793 1472 3844 τῶν
1518 3793 1777 3864 πολεμίων

220 3880 425 3949 ἀγροὺς
455 3881 507 3932 oi
541 3880 729 3951 πρώην
758 3878 1190 3949 ἀναλαμϐάνουσι
1214 3881 1484 3936 δεσπόται·
1508 3884 1566 3935 οὐ
1589 3884 1695 3953 γάρ
1721 3884 1777 3935 ἔν

220 3973 371 4037 τάξει
404 3970 798 4043 πραεδαςιεξσὶν
833 3970 951 4023 οὐδὲ
993 3970 1234 4041 δημόσιοι
1281 3972 1531 4039 γίνονται.
1564 3975 1637 4026 Οὐ
1671 3972 1776 4045 γάρ

218 4062 329 4114 τῶν
361 4062 637 4131 πολεμίων
662 4058 1076 4128 λαμϐανόμενοι,
1112 4060 1343 4127 γίνονται
1381 4062 1642 4133 δημόσιοι.
1677 4064 1778 4133 Ση-

224 4152 454 4221 μειωσαι
480 4146 596 4212 οὖν,
631 4150 709 4201 ﬁt
742 4149 835 4201 καὶ
864 4150 971 4201 ἀπὸ
1000 4150 1107 4202 τῶν
1141 4152 1376 4202 κανόνων
1418 4152 1508 4204 καὶ
1536 4152 1642 4205 ἀπὸ
1671 4152 1777 4206 τῶν

219 4242 400 4310 νόμων
425 4242 488 4293 οὒ
524 4240 672 4310 μόνοι
705 4240 754 4290 οἱ
782 4239 851 4291 τά
903 4239 1008 4291 τῶν
1061 4241 1597 4309 αἰχμαλωτισθέντων
1643 4244 1772 4296 ἀπο-

224 4332 491 4393 συλῶντες
536 4331 570 4400 ἢ
614 4328 944 4400 ἀρτιάζοντες
990 4330 1301 4395 κολάζονται
1347 4333 1437 4384 καὶ
1489 4333 1770 4402 ἐνέχονται,

1865 3268 2168 3322 committit.
2206 3263 2331 3318 limo
2376 3272 2554 3316 autem
2592 3260 2825 3314 dicimus
2856 3260 2959 3312 nisi
2997 3275 3101 3311 tu
3146 3273 3409 3311 annorum

1865 3358 2117 3425 spatium
2142 3353 2472 3423 prietericrit,
2520 3368 2587 3404 ex
2632 3365 2740 3419 quo
2781 3350 3173 3417 possessionem
3222 3364 3412 3416 appre-

1866 3446 2069 3501 licndit.
2110 3443 2245 3498 Nota
2290 3458 2410 3512 quae
2451 3444 2533 3495 hic
2563 3443 2628 3494 de
2662 3441 2996 3508 captivorum
3033 3440 3191 3492 rebus
3216 3439 3410 3506 scripta

1868 3543 2015 3590 sunt.
2044 3533 2182 3603 Lege
2214 3534 2370 3587 etiam
2395 3532 2486 3585 lib.
2521 3545 2704 3593 xxxrv,
2740 3530 2819 3581 tit.
2847 3529 2896 3591 1,
2925 3544 3044 3597 cap.
3078 3528 3158 3591 l7,
3187 3530 3368 3581 dicens
3396 3545 3409 3581 :

1867 3621 2130 3692 Receptos
2156 3623 2221 3675 ab
2253 3621 2496 3674 hostibus
2523 3634 2701 3686 agros,
2731 3617 2821 3684 qui
2854 3616 3001 3685 prius
3031 3626 3179 3668 erant
3212 3617 3417 3669 domini

1870 3715 2134 3781 recipiunt
2158 3729 2173 3776 ;
2203 3727 2307 3766 non
2342 3711 2484 3764 enim
2505 3710 2621 3762 loco
2649 3708 2841 3777 praedae
2868 3718 3014 3770 sunt,
3046 3721 3217 3774 neque
3245 3707 3417 3774 publi-

1869 3812 2080 3856 cautur.
2112 3799 2217 3865 Qui
2246 3816 2310 3853 ex
2350 3800 2594 3852 hostibus
2625 3797 2768 3852 enim
2803 3796 3106 3865 rapiuntur,
3145 3810 3248 3848 non
3282 3794 3418 3847 fiunt

1868 3891 2095 3961 publici.
2122 3888 2258 3942 Nota
2293 3903 2421 3958 ergo
2449 3888 2591 3957 quod
2615 3890 2778 3940 etiam
2808 3896 2861 3940 et
2882 3886 3178 3939 canonibus
3206 3892 3259 3937 et
3287 3884 3417 3951 legi-

1868 3984 1987 4044 bus,
2022 3997 2129 4034 non
2164 3980 2339 4034 solum
2367 3979 2458 4047 qui
2490 3979 2822 4048 captivorum
2857 3993 2943 4031 res
2971 3977 3342 4043 depraedantur
3368 3983 3420 4026 et

1865 4071 2153 4139 diripiunt,
2198 4069 2493 4138 puniuntur
2535 4078 2589 4121 et
2631 4077 2909 4132 tenentur;
2938 4066 3028 4121 sed
3066 4066 3227 4119 etiam
3260 4064 3294 4115 ii
3327 4064 3421 4130 qui

1870 4177 1985 4217 rem
2027 4160 2355 4214 immobilem
2396 4168 2676 4211 vacantem
2720 4158 2992 4210 invenisse
3024 4170 3080 4208 se
3114 4155 3296 4207 dicunt
3322 4193 3336 4214 ,
3367 4165 3420 4205 et

1869 4267 1974 4307 non
2018 4251 2202 4305 statim
2249 4264 2363 4302 rem
2408 4248 2677 4316 aperiunt,
2708 4255 2760 4299 et
2790 4261 2907 4298 eam
2958 4244 3174 4297 nomine
3217 4242 3420 4294 domini

1869 4347 2174 4417 possident;
2211 4344 2510 4400 secundum
2545 4342 2712 4411 legem
2745 4340 2959 4407 quidem
3000 4335 3419 4390 ecclesiastiram

222 4421 359 4475 ἀλλά
393 4421 487 4473 καὶ
517 4422 564 4471 oi
598 4419 803 4488 εὗρεμά
828 4436 879 4471 τι
902 4421 935 4488 ἢ
959 4419 1209 4491 ἀκίνητον
1249 4418 1502 4491 σχολάζον
1538 4422 1778 4490 λέγοντες

1872 4438 1950 4491 eis
1970 4436 2282 4506 paenitentia
2300 4432 2607 4502 injuugctur
2628 4448 2644 4495 ;
2670 4430 2965 4484 secundum
2986 4426 3194 4480 civilem
3219 4434 3415 4485 autem,

225 4513 495 4583 ἑφευρεῖν,
517 4511 611 4562 καὶ
637 4510 710 4579 μὴ
735 4509 930 4562 αὐτίκα
950 4510 1010 4561 τὸ
1036 4513 1262 4580 πρᾶγμα
1283 4513 1575 4581 κατάδηλον
1601 4513 1781 4566 ποιού-

228 4618 399 4671 μενοι,
428 4600 522 4653 καὶ
558 4599 909 4666 φυλάττοντες
939 4600 1065 4651 αὐτὸ
1093 4602 1172 4658 εἰς
1199 4601 1364 4670 ὄνομα
1387 4602 1480 4653 τοῦ
1502 4602 1775 4667 δεσπότου,

224 4691 365 4745 κατά
405 4692 505 4760 μὲν
547 4690 640 4741 τὸν
696 4689 1139 4759 ἐκκλησιαστικὸν
1183 4692 1341 4760 νόμον
1365 4693 1779 4763 ὲπιτιμηθήσον-

224 4798 331 4845 ται,
362 4781 500 4833 κατά
530 4779 585 4832 δὲ
615 4778 705 4831 τὸν
734 4779 1001 4831 πολιτικὸν
1030 4779 1062 4848 ἢ
1090 4779 1166 4842 ὼς
1216 4780 1442 4832 κλέπται
1474 4782 1778 4854 τιμωρηθή-

225 4889 432 4935 σονται,
464 4872 560 4923 ἐάν
584 4872 697 4921 ἐστι
727 4868 787 4920 τὸ
817 4871 1043 4937 πρᾶγμα
1064 4870 1296 4938 κινητὸν,
1331 4868 1361 4939 ἢ
1395 4870 1468 4938 τῷ
1502 4872 1626 4939 περὶ
1664 4871 1778 4940 βίας

227 4960 672 5030 παραγγέλματι,
719 4957 811 5010 ὲάν
842 4958 987 5008 ἐστιν
1021 4958 1291 5027 ἀκίνητον.
1332 4959 1493 5010 Ὀταν
1532 4958 1585 5011 δὲ
1615 4961 1786 5029 ἀπρο-

229 5047 414 5117 νόητόν
452 5047 569 5095 ἔστι
591 5048 651 5095 τὸ
676 5044 912 5113 εὑρεθὲν,
947 5044 1005 5095 τὸ
1040 5045 1189 5113 παρὰ
1235 5048 1343 5107 τοῖς
1375 5047 1556 5115 νόμοις
1593 5048 1781 5099 καλού-

233 5152 391 5205 μενον
420 5131 854 5203 προδερέλικτσν,
870 5133 928 5183 οὐ
950 5127 1226 5194 κολάζεται
1249 5136 1556 5203 παρομοίως
1582 5138 1609 5187 ό
1630 5134 1787 5186 τοῦτο

230 5220 537 5291 κατασχών·
584 5218 697 5272 ἀλλ’
728 5221 775 5271 ει
811 5222 907 5289 μὲν
949 5222 1162 5290 κινητόν
1214 5220 1379 5283 ἐστιν,
1426 5221 1785 5289 ἀναγκάζεται

229 5315 363 5367 αὐτὸ
389 5311 699 5371 ἁποεοῢναι,
729 5313 821 5362 καὶ
853 5312 1027 5380 μόνον,
1056 5312 1102 5361 εἰ
1128 5311 1200 5380 μὴ
1227 5310 1510 5363 ὲδέσποσεν
1537 5312 1683 5375 αὐτὸ,
1709 5313 1783 5367 ὡς

232 5407 370 5475 καλῇ
396 5403 577 5455 πξστει
627 5400 838 5469 νομεὺς.
890 5401 1034 5464 ἐντὸς
1056 5400 1312 5471 τριετίαςο
1344 5400 1469 5479 εἰδὲ
1516 5401 1783 5471 ἀκίνητον.

237 5497 367 5551 αὐτὸ
395 5482 572 5547 ὲκεΐνο
595 5495 654 5546 τὸ
686 5491 1010 5561 κατασχεοὲν
1044 5491 1117 5552 ὡς
1164 5490 1591 5561 προδερέλικτον,
1636 5493 1682 5543 εἰ
1712 5495 1783 5566 μὴ

234 5587 429 5651 γέγονε
458 5584 647 5636 τούτου
675 5584 955 5651 δεσπότης,
990 5582 1141 5643 ἐντὸς
1171 5581 1466 5642 δεκαετίας.
1504 5579 1779 5651 Σχολάζονο

232 5693 324 5736 τος
348 5675 404 5728 δὲ
436 5676 532 5727 καὶ
578 5675 908 5742 ἀπρονοήτου
936 5671 1140 5741 μεγάλη
1174 5672 1419 5739 διαιτηρά.
1460 5673 1531 5722 Τὸ
1566 5672 1659 5738 μὲν
1682 5671 1785 5738 γὰρ

1875 4530 1959 4583 vel
1997 4537 2055 4582 ut
2088 4525 2239 4580 fures
2271 4525 2591 4593 puniuntur,
2639 4522 2681 4576 si
2713 4537 2799 4574 res
2829 4519 2930 4573 erit
2966 4517 3203 4577 mobilis,
3232 4514 3310 4566 vel
3337 4515 3421 4565 iii-

1877 4619 2104 4676 terdieto
2133 4618 2200 4672 de
2231 4617 2305 4679 vi,
2351 4615 2395 4669 si
2446 4614 2547 4668 erit
2599 4610 2907 4666 immobilis.
2953 4608 3179 4673 Quando
3221 4614 3422 4664 autem,

1873 4709 2017 4779 quod
2051 4708 2327 4762 inventum
2361 4706 2660 4774 neglectum
2692 4712 2795 4763 est,
2825 4701 2965 4769 quod
2998 4715 3026 4752 a
3061 4699 3266 4768 legibus
3298 4715 3427 4767 pro-

1874 4799 2188 4854 derelictum
2237 4806 2602 4865 nuncupatur,
2648 4808 2754 4846 non
2787 4791 3030 4846 similiter
3063 4791 3300 4858 punitur,
3333 4792 3426 4858 qui

1881 4890 1930 4942 id
1957 4888 2206 4943 detinuit.
2238 4886 2341 4939 Sed
2379 4888 2422 4939 si
2458 4886 2525 4938 sit
2555 4884 2768 4952 quidem
2818 4896 2901 4934 res
2950 4882 3181 4944 mobilis,
3216 4881 3427 4948 cogitur

1880 4994 1997 5031 eam
2040 4976 2257 5030 domino
2290 4974 2593 5037 restituere,
2644 4983 2696 5025 et
2738 4972 2912 5024 solum
2962 4972 3059 5024 nisi
3094 4971 3208 5036 ejus
3253 4970 3427 5023 domi-

1881 5068 2030 5122 nium
2065 5075 2345 5120 assecutus
2375 5065 2462 5125 sit,
2496 5073 2552 5115 ut
2594 5064 2747 5115 bona:
2791 5062 2911 5113 lidei
2952 5077 3251 5128 possessor,
3288 5061 3425 5113 intra

1881 5156 2201 5220 triennium;
2256 5155 2299 5208 si
2341 5164 2517 5207 autem
2554 5152 2683 5205 illud
2718 5151 3008 5206 immobile.
3040 5153 3179 5218 quod
3214 5166 3308 5217 pro
3337 5151 3430 5202 de-

1882 5246 2069 5300 relieto
2095 5245 2370 5298 detentum
2421 5252 2523 5304 est.
2575 5241 2677 5293 nisi
2718 5240 2834 5308 ejus
2858 5241 3029 5292 factus
3059 5241 3127 5293 sit
3156 5240 3428 5301 dominus,

1884 5336 2023 5390 intra
2050 5333 2389 5386 decennium.
2434 5330 2686 5383 Vacantis
2713 5338 2912 5392 autem,
2942 5339 2993 5382 et
3022 5330 3137 5395 ejus
3166 5330 3307 5397 quod
3338 5344 3432 5395 pro

1886 5426 2141 5481 derelicto
2171 5423 2414 5477 habetur.
2444 5434 2634 5488 magna
2664 5429 2743 5473 est
2768 5420 3085 5473 diiIei-emia.
3111 5420 3263 5484 Quod
3290 5423 3432 5471 enim

1889 5526 2065 5575 vacat.
2128 5515 2306 5567 animo
2364 5512 2721 5579 possidemus,
2775 5511 2983 5564 etiamsi
3036 5510 3087 5563 id
3122 5509 3435 5563 naturaliter

1889 5620 1995 5662 non
2032 5605 2399 5667 possidemus;
2436 5601 2577 5670 quod
2607 5611 2784 5654 autem
2817 5617 2912 5671 pro
2940 5602 3213 5661 derelicto.
3239 5616 3333 5653 nec:
3359 5601 3432 5654 ci-

1891 5699 2085 5752 thiter.
2112 5711 2208 5749 nec
2243 5693 2554 5747 naturaliter
2589 5694 2955 5755 possidemus;
2985 5704 3037 5745 et
3071 5692 3187 5744 ideo
3225 5709 3250 5742 ιι
3282 5692 3433 5744 home
