  <div class='ocr_page' id='page_1' title='image "/cluster/home/n/w/nwhite01/storage/ocr_20150623/138/ien.35556001660133/281.png"; bbox 0 0 4018 6450; ppageno 0'>
   <div class='ocr_carea' id='block_1_1' title="bbox 557 357 659 416">
    <p class='ocr_par' dir='ltr' id='par_1_1' title="bbox 557 357 659 416">
     <span class='ocr_line' id='line_1_1' title="bbox 557 357 659 416; baseline 0 0"><span class='ocrx_word' id='word_1_1' title='bbox 557 357 659 416; x_wconf 76' lang='lat'>535</span> 
     </span>
    </p>
   </div>
   <div class='ocr_carea' id='block_1_2' title="bbox 1784 359 2488 425">
    <p class='ocr_par' dir='ltr' id='par_1_2' title="bbox 1784 359 2488 425">
     <span class='ocr_line' id='line_1_2' title="bbox 1784 359 2488 425; baseline 0.007 -8"><span class='ocrx_word' id='word_1_2' title='bbox 1784 359 2058 422; x_wconf 81' lang='lat' dir='ltr'>TllEOD.</span> <span class='ocrx_word' id='word_1_3' title='bbox 2095 362 2182 420; x_wconf 76' lang='grc' dir='ltr'>ΒΑ</span> <span class='ocrx_word' id='word_1_4' title='bbox 2193 362 2323 425; x_wconf 75' lang='lat' dir='ltr'>LSA</span> <span class='ocrx_word' id='word_1_5' title='bbox 2335 362 2488 422; x_wconf 73' lang='grc' dir='ltr'>ΜοΝ</span> 
     </span>
    </p>
   </div>
   <div class='ocr_carea' id='block_1_3' title="bbox 3667 347 3781 416">
    <p class='ocr_par' dir='ltr' id='par_1_3' title="bbox 3667 347 3781 416">
     <span class='ocr_line' id='line_1_3' title="bbox 3667 347 3781 416; baseline 0 0"><span class='ocrx_word' id='word_1_6' title='bbox 3667 347 3781 416; x_wconf 78' lang='lat'>536</span> 
     </span>
    </p>
   </div>
   <div class='ocr_carea' id='block_1_4' title="bbox 564 481 2127 559">
    <p class='ocr_par' dir='ltr' id='par_1_4' title="bbox 564 481 2109 558">
     <span class='ocr_line' id='line_1_4' title="bbox 564 481 2109 558; baseline -0.003 -18"><span class='ocrx_word' id='word_1_7' title='bbox 564 489 684 542; x_wconf 68' lang='lat' dir='ltr'><strong>fidei</strong></span> <span class='ocrx_word' id='word_1_8' title='bbox 715 501 1022 558; x_wconf 80' lang='lat' dir='ltr'><strong>posse-sure</strong></span> <span class='ocrx_word' id='word_1_9' title='bbox 1056 488 1172 554; x_wconf 65' lang='lat' dir='ltr'><strong>eius</strong></span> <span class='ocrx_word' id='word_1_10' title='bbox 1201 487 1494 538; x_wconf 75' lang='lat' dir='ltr'>dominium</span> <span class='ocrx_word' id='word_1_11' title='bbox 1520 486 1830 550; x_wconf 68' lang='lat' dir='ltr'>acquiritur.</span> <span class='ocrx_word' id='word_1_12' title='bbox 1867 481 1989 538; x_wconf 77' lang='lat' dir='ltr'><strong>Haec</strong></span> <span class='ocrx_word' id='word_1_13' title='bbox 2015 498 2109 536; x_wconf 87' lang='lat' dir='ltr'>au-</span> 
     </span>
    </p>
   </div>
   <div class='ocr_carea' id='block_1_5' title="bbox 2220 481 3787 559">
    <p class='ocr_par' dir='ltr' id='par_1_5' title="bbox 2220 484 3787 559">
     <span class='ocr_line' id='line_1_5' title="bbox 2220 484 3787 559; baseline -0.004 -18"><span class='ocrx_word' id='word_1_14' title='bbox 2220 488 2464 558; x_wconf 71' lang='grc' dir='ltr'>σχολάζον</span> <span class='ocrx_word' id='word_1_15' title='bbox 2493 490 2633 559; x_wconf 72' lang='grc' dir='ltr'>ψυχῇ</span> <span class='ocrx_word' id='word_1_16' title='bbox 2661 489 2951 558; x_wconf 82' lang='grc' dir='ltr'>νεμόμεθα,</span> <span class='ocrx_word' id='word_1_17' title='bbox 2983 489 3083 540; x_wconf 71' lang='grc' dir='ltr'>κᾶν</span> <span class='ocrx_word' id='word_1_18' title='bbox 3116 486 3354 556; x_wconf 75' lang='grc' dir='ltr'>φυσικῶς</span> <span class='ocrx_word' id='word_1_19' title='bbox 3382 484 3513 539; x_wconf 67' lang='grc' dir='ltr'>αὑτὸ</span> <span class='ocrx_word' id='word_1_20' title='bbox 3543 484 3602 536; x_wconf 83' lang='grc' dir='ltr'>οὑ</span> <span class='ocrx_word' id='word_1_21' title='bbox 3639 499 3787 536; x_wconf 85' lang='grc' dir='ltr'>κατ-</span> 
     </span>
    </p>
   </div>
   <div class='ocr_carea' id='block_1_6' title="bbox 565 570 2106 643">
    <p class='ocr_par' dir='ltr' id='par_1_6' title="bbox 565 570 2106 643">
     <span class='ocr_line' id='line_1_6' title="bbox 565 570 2106 643; baseline -0.003 -13"><span class='ocrx_word' id='word_1_22' title='bbox 565 592 670 632; x_wconf 71' lang='lat' dir='ltr'><strong>tein</strong></span> <span class='ocrx_word' id='word_1_23' title='bbox 715 581 892 632; x_wconf 91' lang='lat' dir='ltr'><strong>locum</strong></span> <span class='ocrx_word' id='word_1_24' title='bbox 923 570 1027 631; x_wconf 89' lang='lat' dir='ltr'>non</span> <span class='ocrx_word' id='word_1_25' title='bbox 1060 577 1255 630; x_wconf 84' lang='lat' dir='ltr'><strong>habent</strong></span> <span class='ocrx_word' id='word_1_26' title='bbox 1291 577 1342 628; x_wconf 87' lang='lat' dir='ltr'>in</span> <span class='ocrx_word' id='word_1_27' title='bbox 1382 577 1445 628; x_wconf 62' lang='lat' dir='ltr'><strong>iis</strong></span> <span class='ocrx_word' id='word_1_28' title='bbox 1476 590 1593 642; x_wconf 65' lang='lat' dir='ltr'><strong>qua:</strong></span> <span class='ocrx_word' id='word_1_29' title='bbox 1619 576 1682 628; x_wconf 83' lang='lat' dir='ltr'>ad</span> <span class='ocrx_word' id='word_1_30' title='bbox 1715 576 1954 643; x_wconf 83' lang='lat' dir='ltr'><strong>captivos</strong></span> <span class='ocrx_word' id='word_1_31' title='bbox 1985 588 2106 642; x_wconf 89' lang='lat' dir='ltr'><strong>per-</strong></span> 
     </span>
    </p>
   </div>
   <div class='ocr_carea' id='block_1_7' title="bbox 567 665 2106 734">
    <p class='ocr_par' dir='ltr' id='par_1_7' title="bbox 567 665 2106 734">
     <span class='ocr_line' id='line_1_7' title="bbox 567 665 2106 734; baseline -0.003 -14"><span class='ocrx_word' id='word_1_32' title='bbox 567 672 765 732; x_wconf 87' lang='lat' dir='ltr'><strong>tinent;</strong></span> <span class='ocrx_word' id='word_1_33' title='bbox 804 677 857 720; x_wconf 90' lang='lat' dir='ltr'>ct</span> <span class='ocrx_word' id='word_1_34' title='bbox 894 667 1012 721; x_wconf 88' lang='lat' dir='ltr'><strong>ideo</strong></span> <span class='ocrx_word' id='word_1_35' title='bbox 1043 667 1134 734; x_wconf 85' lang='lat' dir='ltr'>qui</span> <span class='ocrx_word' id='word_1_36' title='bbox 1179 681 1239 719; x_wconf 85' lang='lat' dir='ltr'><strong>ea</strong></span> <span class='ocrx_word' id='word_1_37' title='bbox 1269 665 1536 728; x_wconf 87' lang='lat' dir='ltr'><strong>detinent,</strong></span> <span class='ocrx_word' id='word_1_38' title='bbox 1582 673 1635 718; x_wconf 89' lang='lat' dir='ltr'>et</span> <span class='ocrx_word' id='word_1_39' title='bbox 1664 680 1768 718; x_wconf 91' lang='lat' dir='ltr'>non</span> <span class='ocrx_word' id='word_1_40' title='bbox 1801 666 2106 726; x_wconf 87' lang='lat' dir='ltr'><strong>restituunt,</strong></span> 
     </span>
    </p>
   </div>
   <div class='ocr_carea' id='block_1_8' title="bbox 570 753 2107 825">
    <p class='ocr_par' dir='ltr' id='par_1_8' title="bbox 570 753 2107 825">
     <span class='ocr_line' id='line_1_8' title="bbox 570 753 2107 825; baseline -0.001 -17"><span class='ocrx_word' id='word_1_41' title='bbox 570 767 624 809; x_wconf 85' lang='lat' dir='ltr'><strong>u&#39;.</strong></span> <span class='ocrx_word' id='word_1_42' title='bbox 658 759 906 825; x_wconf 78' lang='lat' dir='ltr'>superius</span> <span class='ocrx_word' id='word_1_43' title='bbox 945 760 1168 819; x_wconf 87' lang='lat' dir='ltr'><strong>dictum,</strong></span> <span class='ocrx_word' id='word_1_44' title='bbox 1221 759 1354 808; x_wconf 81' lang='lat' dir='ltr'><strong>citra</strong></span> <span class='ocrx_word' id='word_1_45' title='bbox 1386 755 1550 806; x_wconf 93' lang='lat' dir='ltr'><strong>ullam</strong></span> <span class='ocrx_word' id='word_1_46' title='bbox 1602 753 2025 816; x_wconf 78' lang='lat' dir='ltr'>distinctionem,</span> <span class='ocrx_word' id='word_1_47' title='bbox 2058 763 2107 806; x_wconf 89' lang='lat' dir='ltr'>et</span> 
     </span>
    </p>
   </div>
   <div class='ocr_carea' id='block_1_9' title="bbox 565 848 1254 914">
    <p class='ocr_par' dir='ltr' id='par_1_9' title="bbox 565 848 1254 914">
     <span class='ocr_line' id='line_1_9' title="bbox 565 848 1254 914; baseline -0.006 -15"><span class='ocrx_word' id='word_1_48' title='bbox 565 855 834 908; x_wconf 67' lang='lat' dir='ltr'><strong>tenentur,</strong></span> <span class='ocrx_word' id='word_1_49' title='bbox 866 856 915 899; x_wconf 85' lang='lat' dir='ltr'>et</span> <span class='ocrx_word' id='word_1_50' title='bbox 945 848 1254 914; x_wconf 84' lang='lat' dir='ltr'><strong>puniuntur.</strong></span> 
     </span>
    </p>
   </div>
   <div class='ocr_carea' id='block_1_10' title="bbox 2214 574 3779 650">
    <p class='ocr_par' dir='ltr' id='par_1_10' title="bbox 2214 574 3779 650">
     <span class='ocr_line' id='line_1_10' title="bbox 2214 574 3779 650; baseline -0.005 -18"><span class='ocrx_word' id='word_1_51' title='bbox 2214 580 2405 648; x_wconf 86' lang='grc' dir='ltr'>έχομεν</span> <span class='ocrx_word' id='word_1_52' title='bbox 2427 597 2439 609; x_wconf 82' lang='lat'><strong><em>°</em></strong></span> <span class='ocrx_word' id='word_1_53' title='bbox 2487 579 2547 632; x_wconf 80' lang='grc' dir='ltr'>τὸ</span> <span class='ocrx_word' id='word_1_54' title='bbox 2579 579 2634 632; x_wconf 83' lang='grc' dir='ltr'>δέ</span> <span class='ocrx_word' id='word_1_55' title='bbox 2660 579 3067 650; x_wconf 82' lang='grc' dir='ltr'>προδερέλικτον</span> <span class='ocrx_word' id='word_1_56' title='bbox 3098 578 3220 631; x_wconf 81' lang='grc' dir='ltr'>οὐδὲ</span> <span class='ocrx_word' id='word_1_57' title='bbox 3248 577 3492 647; x_wconf 81' lang='grc' dir='ltr'>νομίμως</span> <span class='ocrx_word' id='word_1_58' title='bbox 3519 574 3638 627; x_wconf 76' lang='grc' dir='ltr'>οὑδὲ</span> <span class='ocrx_word' id='word_1_59' title='bbox 3670 591 3779 642; x_wconf 80' lang='grc' dir='ltr'>φυ-</span> 
     </span>
    </p>
   </div>
   <div class='ocr_carea' id='block_1_11' title="bbox 2215 664 3776 738">
    <p class='ocr_par' dir='ltr' id='par_1_11' title="bbox 2215 664 3776 738">
     <span class='ocr_line' id='line_1_11' title="bbox 2215 664 3776 738; baseline -0.003 -18"><span class='ocrx_word' id='word_1_60' title='bbox 2215 669 2376 731; x_wconf 82' lang='grc' dir='ltr'>σικῶς</span> <span class='ocrx_word' id='word_1_61' title='bbox 2404 669 2698 738; x_wconf 79' lang='grc' dir='ltr'>κατέχομεν</span> <span class='ocrx_word' id='word_1_62' title='bbox 2721 685 2733 699; x_wconf 95' lang='grc'><strong>·</strong></span> <span class='ocrx_word' id='word_1_63' title='bbox 2792 669 2884 720; x_wconf 81' lang='grc' dir='ltr'>καὶ</span> <span class='ocrx_word' id='word_1_64' title='bbox 2934 669 3020 720; x_wconf 76' lang='grc' dir='ltr'>διὰ</span> <span class='ocrx_word' id='word_1_65' title='bbox 3063 667 3216 720; x_wconf 83' lang='grc' dir='ltr'>τοῦτο</span> <span class='ocrx_word' id='word_1_66' title='bbox 3259 667 3577 728; x_wconf 80' lang='grc' dir='ltr'>δεσπόζεται</span> <span class='ocrx_word' id='word_1_67' title='bbox 3616 664 3776 732; x_wconf 77' lang='grc' dir='ltr'>παρὰ</span> 
     </span>
    </p>
   </div>
   <div class='ocr_carea' id='block_1_12' title="bbox 2213 753 3777 828">
    <p class='ocr_par' dir='ltr' id='par_1_12' title="bbox 2213 753 3777 828">
     <span class='ocr_line' id='line_1_12' title="bbox 2213 753 3777 828; baseline -0.004 -18"><span class='ocrx_word' id='word_1_68' title='bbox 2213 757 2302 810; x_wconf 82' lang='grc' dir='ltr'>τοῦ</span> <span class='ocrx_word' id='word_1_69' title='bbox 2327 758 2460 828; x_wconf 79' lang='grc' dir='ltr'>καλῇ</span> <span class='ocrx_word' id='word_1_70' title='bbox 2490 759 2666 810; x_wconf 79' lang='grc' dir='ltr'><strong>πίστει</strong></span> <span class='ocrx_word' id='word_1_71' title='bbox 2713 757 3036 826; x_wconf 80' lang='grc' dir='ltr'>νεμηθέντος</span> <span class='ocrx_word' id='word_1_72' title='bbox 3067 757 3216 810; x_wconf 87' lang='grc' dir='ltr'>αὑτό.</span> <span class='ocrx_word' id='word_1_73' title='bbox 3265 757 3447 810; x_wconf 82' lang='grc' dir='ltr'>Ταῦτα</span> <span class='ocrx_word' id='word_1_74' title='bbox 3495 755 3552 807; x_wconf 82' lang='grc' dir='ltr'>δέ</span> <span class='ocrx_word' id='word_1_75' title='bbox 3582 753 3777 824; x_wconf 85' lang='grc' dir='ltr'>χώραν</span> 
     </span>
    </p>
   </div>
   <div class='ocr_carea' id='block_1_13' title="bbox 2210 842 3772 916">
    <p class='ocr_par' dir='ltr' id='par_1_13' title="bbox 2210 842 3772 916">
     <span class='ocr_line' id='line_1_13' title="bbox 2210 842 3772 916; baseline -0.005 -16"><span class='ocrx_word' id='word_1_76' title='bbox 2210 849 2308 900; x_wconf 83' lang='grc' dir='ltr'>οὐκ</span> <span class='ocrx_word' id='word_1_77' title='bbox 2335 848 2542 916; x_wconf 79' lang='grc' dir='ltr'>ἔχουσιν</span> <span class='ocrx_word' id='word_1_78' title='bbox 2570 847 2661 900; x_wconf 78' lang='grc' dir='ltr'>ἐπὶ</span> <span class='ocrx_word' id='word_1_79' title='bbox 2683 847 2788 900; x_wconf 86' lang='grc' dir='ltr'>τῶν</span> <span class='ocrx_word' id='word_1_80' title='bbox 2816 848 3118 916; x_wconf 80' lang='grc' dir='ltr'>ἀνηκόντων</span> <span class='ocrx_word' id='word_1_81' title='bbox 3139 849 3247 908; x_wconf 88' lang='grc' dir='ltr'>τοῖς</span> <span class='ocrx_word' id='word_1_82' title='bbox 3266 842 3724 915; x_wconf 83' lang='grc' dir='ltr'>αἰχμαλωτισθεῐσ</span> <span class='ocrx_word' id='word_1_83' title='bbox 3734 858 3772 893; x_wconf 89' lang='grc' dir='ltr'>ι·</span> 
     </span>
    </p>
   </div>
   <div class='ocr_carea' id='block_1_14' title="bbox 569 937 3780 1014">
    <p class='ocr_par' dir='ltr' id='par_1_14' title="bbox 569 937 3780 1014">
     <span class='ocr_line' id='line_1_14' title="bbox 569 937 3780 1014; baseline -0.002 -19"><span class='ocrx_word' id='word_1_84' title='bbox 569 945 664 996; x_wconf 70' lang='grc' dir='ltr'>καὶ</span> <span class='ocrx_word' id='word_1_85' title='bbox 711 944 796 996; x_wconf 76' lang='grc' dir='ltr'>διὰ</span> <span class='ocrx_word' id='word_1_86' title='bbox 847 945 1002 997; x_wconf 80' lang='grc' dir='ltr'>τοῦτο</span> <span class='ocrx_word' id='word_1_87' title='bbox 1033 946 1081 997; x_wconf 84' lang='grc' dir='ltr'>οῖ</span> <span class='ocrx_word' id='word_1_88' title='bbox 1146 947 1462 1014; x_wconf 77' lang='grc' dir='ltr'>κατέχοντες</span> <span class='ocrx_word' id='word_1_89' title='bbox 1513 948 1648 998; x_wconf 77' lang='grc' dir='ltr'>αύτά</span> <span class='ocrx_word' id='word_1_90' title='bbox 1703 948 1794 998; x_wconf 71' lang='grc' dir='ltr'>καὶ</span> <span class='ocrx_word' id='word_1_91' title='bbox 1844 946 1914 1014; x_wconf 80' lang='grc' dir='ltr'>μὴ</span> <span class='ocrx_word' id='word_1_92' title='bbox 1960 941 2444 1002; x_wconf 84' lang='grc' dir='ltr'>ἀποκαθιστῶντες,</span> <span class='ocrx_word' id='word_1_93' title='bbox 2501 940 2574 1001; x_wconf 84' lang='grc' dir='ltr'>ῶς</span> <span class='ocrx_word' id='word_1_94' title='bbox 2599 939 2800 991; x_wconf 82' lang='grc' dir='ltr'>ἀνωθεν</span> <span class='ocrx_word' id='word_1_95' title='bbox 2845 937 3071 1007; x_wconf 75' lang='grc' dir='ltr'>εἴρηται,</span> <span class='ocrx_word' id='word_1_96' title='bbox 3113 937 3462 1000; x_wconf 81' lang='grc' dir='ltr'>ἀδιαστίκτως</span> <span class='ocrx_word' id='word_1_97' title='bbox 3517 938 3610 990; x_wconf 69' lang='grc' dir='ltr'>καὶ</span> <span class='ocrx_word' id='word_1_98' title='bbox 3659 938 3780 991; x_wconf 75' lang='grc' dir='ltr'>ἐνέ-</span> 
     </span>
    </p>
   </div>
   <div class='ocr_carea' id='block_1_15' title="bbox 571 1036 1237 1103">
    <p class='ocr_par' dir='ltr' id='par_1_15' title="bbox 571 1036 1237 1103">
     <span class='ocr_line' id='line_1_15' title="bbox 571 1036 1237 1103; baseline 0 -15"><span class='ocrx_word' id='word_1_99' title='bbox 571 1053 758 1103; x_wconf 60' lang='grc' dir='ltr'>γρνται</span> <span class='ocrx_word' id='word_1_100' title='bbox 785 1038 876 1089; x_wconf 78' lang='grc' dir='ltr'>καὶ</span> <span class='ocrx_word' id='word_1_101' title='bbox 909 1036 1237 1098; x_wconf 71' lang='grc' dir='ltr'>κολάζονται.</span> 
     </span>
    </p>
   </div>
   <div class='ocr_carea' id='block_1_16' title="bbox 641 1131 2117 1207">
    <p class='ocr_par' dir='ltr' id='par_1_16' title="bbox 641 1131 2117 1207">
     <span class='ocr_line' id='line_1_16' title="bbox 641 1131 2117 1207; baseline -0.01 -13"><span class='ocrx_word' id='word_1_102' title='bbox 641 1143 835 1196; x_wconf 58' lang='lat' dir='ltr'><strong>Zona.</strong></span> <span class='ocrx_word' id='word_1_103' title='bbox 878 1139 953 1193; x_wconf 79' lang='lat' dir='ltr'>Ne</span> <span class='ocrx_word' id='word_1_104' title='bbox 980 1138 1243 1207; x_wconf 69' lang='lat' dir='ltr'><strong>quispiam</strong></span> <span class='ocrx_word' id='word_1_105' title='bbox 1276 1150 1333 1189; x_wconf 87' lang='lat' dir='ltr'>se</span> <span class='ocrx_word' id='word_1_106' title='bbox 1363 1135 1533 1202; x_wconf 82' lang='lat' dir='ltr'><strong>ipsum</strong></span> <span class='ocrx_word' id='word_1_107' title='bbox 1561 1132 1802 1191; x_wconf 84' lang='lat' dir='ltr'><strong>seducat,</strong></span> <span class='ocrx_word' id='word_1_108' title='bbox 1827 1131 1977 1197; x_wconf 85' lang='lat' dir='ltr'><strong>quasi</strong></span> <span class='ocrx_word' id='word_1_109' title='bbox 2005 1140 2117 1180; x_wconf 88' lang='lat' dir='ltr'>rem</span> 
     </span>
    </p>
   </div>
   <div class='ocr_carea' id='block_1_17' title="bbox 573 1219 2120 1299">
    <p class='ocr_par' dir='ltr' id='par_1_17' title="bbox 573 1219 2120 1299">
     <span class='ocr_line' id='line_1_17' title="bbox 573 1219 2120 1299; baseline -0.012 -12"><span class='ocrx_word' id='word_1_110' title='bbox 573 1234 754 1287; x_wconf 59' lang='lat' dir='ltr'><strong>fratris</strong></span> <span class='ocrx_word' id='word_1_111' title='bbox 785 1233 1070 1299; x_wconf 73' lang='lat' dir='ltr'><strong>proiectam</strong></span> <span class='ocrx_word' id='word_1_112' title='bbox 1106 1228 1334 1280; x_wconf 77' lang='lat' dir='ltr'>fortasse</span> <span class='ocrx_word' id='word_1_113' title='bbox 1365 1226 1624 1291; x_wconf 78' lang='lat' dir='ltr'>planeque</span> <span class='ocrx_word' id='word_1_114' title='bbox 1651 1221 1943 1288; x_wconf 76' lang='lat' dir='ltr'>neglectam</span> <span class='ocrx_word' id='word_1_115' title='bbox 1968 1219 2120 1270; x_wconf 83' lang='lat' dir='ltr'><strong>inve-</strong></span> 
     </span>
    </p>
   </div>
   <div class='ocr_carea' id='block_1_18' title="bbox 573 1305 2121 1380">
    <p class='ocr_par' dir='ltr' id='par_1_18' title="bbox 573 1305 2121 1380">
     <span class='ocr_line' id='line_1_18' title="bbox 573 1305 2121 1380; baseline -0.012 -2"><span class='ocrx_word' id='word_1_116' title='bbox 573 1327 726 1378; x_wconf 73' lang='lat' dir='ltr'><strong>norit.</strong></span> <span class='ocrx_word' id='word_1_117' title='bbox 765 1323 893 1375; x_wconf 63' lang='lat' dir='ltr'><strong>Nam</strong></span> <span class='ocrx_word' id='word_1_118' title='bbox 915 1319 1018 1372; x_wconf 89' lang='lat' dir='ltr'><strong>etsi</strong></span> <span class='ocrx_word' id='word_1_119' title='bbox 1045 1320 1118 1371; x_wconf 88' lang='lat' dir='ltr'>ita</span> <span class='ocrx_word' id='word_1_120' title='bbox 1149 1315 1385 1369; x_wconf 79' lang='lat' dir='ltr'><strong>inveniat</strong></span> <span class='ocrx_word' id='word_1_121' title='bbox 1418 1316 1608 1380; x_wconf 83' lang='lat' dir='ltr'>ipsam,</span> <span class='ocrx_word' id='word_1_122' title='bbox 1639 1310 1836 1364; x_wconf 88' lang='lat' dir='ltr'><strong>lucrari</strong></span> <span class='ocrx_word' id='word_1_123' title='bbox 1873 1307 2012 1362; x_wconf 85' lang='lat' dir='ltr'><strong>haud</strong></span> <span class='ocrx_word' id='word_1_124' title='bbox 2037 1305 2121 1360; x_wconf 71' lang='lat' dir='ltr'>fas</span> 
     </span>
    </p>
   </div>
   <div class='ocr_carea' id='block_1_19' title="bbox 573 1397 2120 1478">
    <p class='ocr_par' dir='ltr' id='par_1_19' title="bbox 573 1397 2120 1478">
     <span class='ocr_line' id='line_1_19' title="bbox 573 1397 2120 1478; baseline -0.01 -14"><span class='ocrx_word' id='word_1_125' title='bbox 573 1423 674 1475; x_wconf 66' lang='lat' dir='ltr'><strong>est,</strong></span> <span class='ocrx_word' id='word_1_126' title='bbox 728 1413 938 1478; x_wconf 88' lang='lat' dir='ltr'><strong>sibique</strong></span> <span class='ocrx_word' id='word_1_127' title='bbox 984 1422 1094 1460; x_wconf 90' lang='lat' dir='ltr'>rem</span> <span class='ocrx_word' id='word_1_128' title='bbox 1146 1406 1376 1458; x_wconf 89' lang='lat' dir='ltr'><strong>alienam</strong></span> <span class='ocrx_word' id='word_1_129' title='bbox 1419 1401 1711 1462; x_wconf 76' lang='lat' dir='ltr'><strong>vindicare,</strong></span> <span class='ocrx_word' id='word_1_130' title='bbox 1742 1399 1952 1453; x_wconf 74' lang='lat' dir='ltr'><strong>etiamsr</strong></span> <span class='ocrx_word' id='word_1_131' title='bbox 1983 1397 2120 1450; x_wconf 87' lang='lat' dir='ltr'><strong>forte</strong></span> 
     </span>
    </p>
   </div>
   <div class='ocr_carea' id='block_1_20' title="bbox 577 1494 2119 1569">
    <p class='ocr_par' dir='ltr' id='par_1_20' title="bbox 577 1494 2119 1569">
     <span class='ocr_line' id='line_1_20' title="bbox 577 1494 2119 1569; baseline -0.009 -15"><span class='ocrx_word' id='word_1_132' title='bbox 577 1507 787 1569; x_wconf 65' lang='lat' dir='ltr'><strong>ignoret</strong></span> <span class='ocrx_word' id='word_1_133' title='bbox 829 1500 1140 1558; x_wconf 87' lang='lat' dir='ltr'><strong>dominum;</strong></span> <span class='ocrx_word' id='word_1_134' title='bbox 1187 1494 1280 1550; x_wconf 89' lang='lat' dir='ltr'>sed</span> <span class='ocrx_word' id='word_1_135' title='bbox 1329 1495 1474 1546; x_wconf 82' lang='lat' dir='ltr'><strong>illam</strong></span> <span class='ocrx_word' id='word_1_136' title='bbox 1516 1507 1729 1546; x_wconf 88' lang='lat' dir='ltr'>sumere</span> <span class='ocrx_word' id='word_1_137' title='bbox 1772 1497 2003 1558; x_wconf 83' lang='lat' dir='ltr'>oportet,</span> <span class='ocrx_word' id='word_1_138' title='bbox 2055 1501 2119 1540; x_wconf 90' lang='lat' dir='ltr'>ac</span> 
     </span>
    </p>
   </div>
   <div class='ocr_carea' id='block_1_21' title="bbox 576 1580 2118 1659">
    <p class='ocr_par' dir='ltr' id='par_1_21' title="bbox 576 1580 2118 1659">
     <span class='ocr_line' id='line_1_21' title="bbox 576 1580 2118 1659; baseline -0.01 -17"><span class='ocrx_word' id='word_1_139' title='bbox 576 1605 745 1659; x_wconf 83' lang='lat' dir='ltr'><strong>usque</strong></span> <span class='ocrx_word' id='word_1_140' title='bbox 796 1590 940 1642; x_wconf 81' lang='lat' dir='ltr'><strong>illam</strong></span> <span class='ocrx_word' id='word_1_141' title='bbox 988 1585 1240 1640; x_wconf 89' lang='lat' dir='ltr'><strong>dominus</strong></span> <span class='ocrx_word' id='word_1_142' title='bbox 1286 1583 1428 1634; x_wconf 91' lang='lat' dir='ltr'><strong>norit</strong></span> <span class='ocrx_word' id='word_1_143' title='bbox 1474 1596 1535 1633; x_wconf 86' lang='lat' dir='ltr'>ac</span> <span class='ocrx_word' id='word_1_144' title='bbox 1575 1580 1844 1648; x_wconf 88' lang='lat' dir='ltr'><strong>requirat,</strong></span> <span class='ocrx_word' id='word_1_145' title='bbox 1884 1590 2118 1633; x_wconf 74' lang='lat' dir='ltr'><strong>servare.</strong></span> 
     </span>
    </p>
   </div>
   <div class='ocr_carea' id='block_1_22' title="bbox 577 1669 2120 1748">
    <p class='ocr_par' dir='ltr' id='par_1_22' title="bbox 577 1669 2120 1748">
     <span class='ocr_line' id='line_1_22' title="bbox 577 1669 2120 1748; baseline -0.008 -14"><span class='ocrx_word' id='word_1_146' title='bbox 577 1682 713 1734; x_wconf 75' lang='lat' dir='ltr'>&#39;l‘um</span> <span class='ocrx_word' id='word_1_147' title='bbox 757 1675 1151 1748; x_wconf 88' lang='lat' dir='ltr'><strong>Deuleronomii</strong></span> <span class='ocrx_word' id='word_1_148' title='bbox 1185 1689 1247 1727; x_wconf 87' lang='lat' dir='ltr'>ac</span> <span class='ocrx_word' id='word_1_149' title='bbox 1278 1673 1445 1727; x_wconf 76' lang='lat' dir='ltr'><strong>Exodi</strong></span> <span class='ocrx_word' id='word_1_150' title='bbox 1473 1671 1616 1724; x_wconf 91' lang='lat' dir='ltr'><strong>locos</strong></span> <span class='ocrx_word' id='word_1_151' title='bbox 1647 1669 1866 1738; x_wconf 88' lang='lat' dir='ltr'><strong>profert,</strong></span> <span class='ocrx_word' id='word_1_152' title='bbox 1903 1670 1971 1722; x_wconf 89' lang='lat' dir='ltr'>ita</span> <span class='ocrx_word' id='word_1_153' title='bbox 2007 1669 2120 1722; x_wconf 88' lang='lat' dir='ltr'><strong>dis-</strong></span> 
     </span>
    </p>
   </div>
   <div class='ocr_carea' id='block_1_23' title="bbox 579 1759 2121 1834">
    <p class='ocr_par' dir='ltr' id='par_1_23' title="bbox 579 1759 2121 1834">
     <span class='ocr_line' id='line_1_23' title="bbox 579 1759 2121 1834; baseline -0.007 -11"><span class='ocrx_word' id='word_1_154' title='bbox 579 1783 763 1824; x_wconf 56' lang='lat' dir='ltr'><strong>nereus</strong></span> <span class='ocrx_word' id='word_1_155' title='bbox 798 1789 809 1821; x_wconf 89' lang='lat'>:</span> <span class='ocrx_word' id='word_1_156' title='bbox 839 1768 891 1820; x_wconf 89' lang='lat' dir='ltr'>Si</span> <span class='ocrx_word' id='word_1_157' title='bbox 925 1767 1071 1834; x_wconf 79' lang='lat' dir='ltr'><strong>pacis</strong></span> <span class='ocrx_word' id='word_1_158' title='bbox 1104 1775 1338 1832; x_wconf 83' lang='lat' dir='ltr'><strong>tempore</strong></span> <span class='ocrx_word' id='word_1_159' title='bbox 1375 1761 1538 1814; x_wconf 81' lang='lat' dir='ltr'><strong>frater</strong></span> <span class='ocrx_word' id='word_1_160' title='bbox 1565 1771 1708 1822; x_wconf 88' lang='lat' dir='ltr'><strong>tuus,</strong></span> <span class='ocrx_word' id='word_1_161' title='bbox 1747 1769 1838 1812; x_wconf 89' lang='lat' dir='ltr'>aut</span> <span class='ocrx_word' id='word_1_162' title='bbox 1872 1759 2121 1812; x_wconf 89' lang='lat' dir='ltr'><strong>inimicus</strong></span> 
     </span>
    </p>
   </div>
   <div class='ocr_carea' id='block_1_24' title="bbox 2280 1137 3774 1215">
    <p class='ocr_par' dir='ltr' id='par_1_24' title="bbox 2280 1137 3774 1215">
     <span class='ocr_line' id='line_1_24' title="bbox 2280 1137 3774 1215; baseline -0.005 -18"><span class='ocrx_word' id='word_1_163' title='bbox 2280 1144 2516 1198; x_wconf 81' lang='grc' dir='ltr'>ΖΩΝΑΡ.</span> <span class='ocrx_word' id='word_1_164' title='bbox 2547 1146 2664 1198; x_wconf 81' lang='grc' dir='ltr'>Ὅτι</span> <span class='ocrx_word' id='word_1_165' title='bbox 2689 1145 2760 1215; x_wconf 82' lang='grc' dir='ltr'>μὴ</span> <span class='ocrx_word' id='word_1_166' title='bbox 2797 1144 3115 1209; x_wconf 77' lang='grc' dir='ltr'>ἐξαπατάτω</span> <span class='ocrx_word' id='word_1_167' title='bbox 3136 1145 3216 1205; x_wconf 72' lang='grc' dir='ltr'>τὶς</span> <span class='ocrx_word' id='word_1_168' title='bbox 3241 1143 3450 1204; x_wconf 82' lang='grc' dir='ltr'>ἐαυτδν,</span> <span class='ocrx_word' id='word_1_169' title='bbox 3480 1143 3554 1204; x_wconf 83' lang='grc' dir='ltr'>ὡς</span> <span class='ocrx_word' id='word_1_170' title='bbox 3587 1137 3774 1211; x_wconf 78' lang='grc' dir='ltr'>εὑρὼν</span> 
     </span>
    </p>
   </div>
   <div class='ocr_carea' id='block_1_25' title="bbox 2210 1233 3777 1306">
    <p class='ocr_par' dir='ltr' id='par_1_25' title="bbox 2210 1233 3777 1306">
     <span class='ocr_line' id='line_1_25' title="bbox 2210 1233 3777 1306; baseline -0.003 -19"><span class='ocrx_word' id='word_1_171' title='bbox 2210 1237 2270 1287; x_wconf 76' lang='grc' dir='ltr'>τὸ</span> <span class='ocrx_word' id='word_1_172' title='bbox 2293 1235 2384 1287; x_wconf 82' lang='grc' dir='ltr'>τοῦ</span> <span class='ocrx_word' id='word_1_173' title='bbox 2419 1235 2642 1303; x_wconf 81' lang='grc' dir='ltr'>ἀδελφοῦ</span> <span class='ocrx_word' id='word_1_174' title='bbox 2678 1236 2903 1306; x_wconf 81' lang='grc' dir='ltr'>πρᾶγμα</span> <span class='ocrx_word' id='word_1_175' title='bbox 2947 1233 3269 1304; x_wconf 76' lang='grc' dir='ltr'>ἐρριμμένον</span> <span class='ocrx_word' id='word_1_176' title='bbox 3303 1234 3430 1295; x_wconf 89' lang='grc' dir='ltr'>ῖσως</span> <span class='ocrx_word' id='word_1_177' title='bbox 3460 1234 3552 1286; x_wconf 76' lang='grc' dir='ltr'>καὶ</span> <span class='ocrx_word' id='word_1_178' title='bbox 3579 1235 3777 1286; x_wconf 78' lang='grc' dir='ltr'>ἀνεπι-</span> 
     </span>
    </p>
   </div>
   <div class='ocr_carea' id='block_1_26' title="bbox 2213 1324 3774 1395">
    <p class='ocr_par' dir='ltr' id='par_1_26' title="bbox 2213 1324 3774 1395">
     <span class='ocr_line' id='line_1_26' title="bbox 2213 1324 3774 1395; baseline -0.001 -19"><span class='ocrx_word' id='word_1_179' title='bbox 2213 1326 2438 1394; x_wconf 85' lang='grc' dir='ltr'>μέλητον</span> <span class='ocrx_word' id='word_1_180' title='bbox 2470 1327 2735 1394; x_wconf 86' lang='grc' dir='ltr'>κείμενον.</span> <span class='ocrx_word' id='word_1_181' title='bbox 2769 1325 2884 1378; x_wconf 80' lang='grc' dir='ltr'>Κάν</span> <span class='ocrx_word' id='word_1_182' title='bbox 2935 1324 3042 1394; x_wconf 84' lang='grc' dir='ltr'>γὰρ</span> <span class='ocrx_word' id='word_1_183' title='bbox 3075 1325 3244 1386; x_wconf 79' lang='grc' dir='ltr'>οὑτως</span> <span class='ocrx_word' id='word_1_184' title='bbox 3276 1324 3410 1395; x_wconf 75' lang='grc' dir='ltr'>εὕρῃ</span> <span class='ocrx_word' id='word_1_185' title='bbox 3453 1324 3603 1385; x_wconf 81' lang='grc' dir='ltr'>αὑτὸ,</span> <span class='ocrx_word' id='word_1_186' title='bbox 3664 1325 3774 1375; x_wconf 79' lang='grc' dir='ltr'>οὐκ</span> 
     </span>
    </p>
   </div>
   <div class='ocr_carea' id='block_1_27' title="bbox 2210 1409 3772 1484">
    <p class='ocr_par' dir='ltr' id='par_1_27' title="bbox 2210 1409 3772 1484">
     <span class='ocr_line' id='line_1_27' title="bbox 2210 1409 3772 1484; baseline -0.003 -20"><span class='ocrx_word' id='word_1_187' title='bbox 2210 1412 2382 1476; x_wconf 72' lang='grc' dir='ltr'>ἔξεστι</span> <span class='ocrx_word' id='word_1_188' title='bbox 2412 1413 2665 1484; x_wconf 86' lang='grc' dir='ltr'>κερδῆσαι</span> <span class='ocrx_word' id='word_1_189' title='bbox 2697 1413 2825 1466; x_wconf 83' lang='grc' dir='ltr'>αὑτὸ</span> <span class='ocrx_word' id='word_1_190' title='bbox 2855 1413 2946 1465; x_wconf 74' lang='grc' dir='ltr'>καὶ</span> <span class='ocrx_word' id='word_1_191' title='bbox 2975 1411 3355 1464; x_wconf 84' lang='grc' dir='ltr'>οἰκειώσασθαι</span> <span class='ocrx_word' id='word_1_192' title='bbox 3381 1410 3441 1462; x_wconf 79' lang='grc' dir='ltr'>τὸ</span> <span class='ocrx_word' id='word_1_193' title='bbox 3463 1409 3772 1477; x_wconf 76' lang='grc' dir='ltr'>ἀλλότριονο</span> 
     </span>
    </p>
   </div>
   <div class='ocr_carea' id='block_1_28' title="bbox 2209 1503 3778 1575">
    <p class='ocr_par' dir='ltr' id='par_1_28' title="bbox 2209 1503 3778 1575">
     <span class='ocr_line' id='line_1_28' title="bbox 2209 1503 3778 1575; baseline -0.004 -18"><span class='ocrx_word' id='word_1_194' title='bbox 2209 1507 2310 1559; x_wconf 85' lang='grc' dir='ltr'>κᾶν</span> <span class='ocrx_word' id='word_1_195' title='bbox 2351 1507 2478 1568; x_wconf 84' lang='grc' dir='ltr'>ῐσως</span> <span class='ocrx_word' id='word_1_196' title='bbox 2502 1509 2664 1575; x_wconf 81' lang='grc' dir='ltr'>ἀγνοῇ</span> <span class='ocrx_word' id='word_1_197' title='bbox 2710 1505 2799 1557; x_wconf 82' lang='grc' dir='ltr'>τὸν</span> <span class='ocrx_word' id='word_1_198' title='bbox 2818 1506 3080 1574; x_wconf 74' lang='grc' dir='ltr'>δεσπότην</span> <span class='ocrx_word' id='word_1_199' title='bbox 3108 1504 3200 1555; x_wconf 83' lang='grc' dir='ltr'>τοῦ</span> <span class='ocrx_word' id='word_1_200' title='bbox 3226 1503 3565 1572; x_wconf 89' lang='grc' dir='ltr'>πράγματος·</span> <span class='ocrx_word' id='word_1_201' title='bbox 3595 1516 3778 1569; x_wconf 86' lang='grc' dir='ltr'>χρεω-</span> 
     </span>
    </p>
   </div>
   <div class='ocr_carea' id='block_1_29' title="bbox 2213 1591 3778 1665">
    <p class='ocr_par' dir='ltr' id='par_1_29' title="bbox 2213 1591 3778 1665">
     <span class='ocr_line' id='line_1_29' title="bbox 2213 1591 3778 1665; baseline -0.004 -19"><span class='ocrx_word' id='word_1_202' title='bbox 2213 1599 2326 1646; x_wconf 92' lang='grc' dir='ltr'>στεῖ</span> <span class='ocrx_word' id='word_1_203' title='bbox 2349 1595 2454 1665; x_wconf 82' lang='grc' dir='ltr'>γὰρ</span> <span class='ocrx_word' id='word_1_204' title='bbox 2484 1596 2662 1647; x_wconf 88' lang='grc' dir='ltr'>λαϐεῖν</span> <span class='ocrx_word' id='word_1_205' title='bbox 2685 1594 2832 1656; x_wconf 79' lang='grc' dir='ltr'>αὐτὸ,</span> <span class='ocrx_word' id='word_1_206' title='bbox 2860 1596 2953 1647; x_wconf 76' lang='grc' dir='ltr'>καὶ</span> <span class='ocrx_word' id='word_1_207' title='bbox 2981 1593 3207 1661; x_wconf 83' lang='grc' dir='ltr'>φυλάξαι</span> <span class='ocrx_word' id='word_1_208' title='bbox 3244 1593 3348 1654; x_wconf 71' lang='grc' dir='ltr'>ἕως</span> <span class='ocrx_word' id='word_1_209' title='bbox 3372 1595 3400 1644; x_wconf 85' lang='grc' dir='ltr'><strong>ὁ</strong></span> <span class='ocrx_word' id='word_1_210' title='bbox 3443 1591 3631 1661; x_wconf 90' lang='grc' dir='ltr'>κύριος</span> <span class='ocrx_word' id='word_1_211' title='bbox 3669 1591 3778 1641; x_wconf 83' lang='grc' dir='ltr'>αὑ-</span> 
     </span>
    </p>
   </div>
   <div class='ocr_carea' id='block_1_30' title="bbox 2210 1681 3778 1757">
    <p class='ocr_par' dir='ltr' id='par_1_30' title="bbox 2210 1681 3778 1757">
     <span class='ocr_line' id='line_1_30' title="bbox 2210 1681 3778 1757; baseline -0.005 -18"><span class='ocrx_word' id='word_1_212' title='bbox 2210 1685 2301 1739; x_wconf 83' lang='grc' dir='ltr'>τοῦ</span> <span class='ocrx_word' id='word_1_213' title='bbox 2329 1685 2439 1755; x_wconf 84' lang='grc' dir='ltr'>γνῷ</span> <span class='ocrx_word' id='word_1_214' title='bbox 2471 1687 2561 1738; x_wconf 78' lang='grc' dir='ltr'>καὶ</span> <span class='ocrx_word' id='word_1_215' title='bbox 2586 1685 2792 1757; x_wconf 75' lang='grc' dir='ltr'>ζητήσῃ</span> <span class='ocrx_word' id='word_1_216' title='bbox 2829 1686 2977 1738; x_wconf 89' lang='grc' dir='ltr'>αὑτό.</span> <span class='ocrx_word' id='word_1_217' title='bbox 3005 1685 3112 1737; x_wconf 67' lang='grc' dir='ltr'>Καὶ</span> <span class='ocrx_word' id='word_1_218' title='bbox 3140 1683 3209 1735; x_wconf 89' lang='grc' dir='ltr'>τά</span> <span class='ocrx_word' id='word_1_219' title='bbox 3235 1682 3326 1734; x_wconf 79' lang='grc' dir='ltr'>τοῦ</span> <span class='ocrx_word' id='word_1_220' title='bbox 3352 1681 3778 1751; x_wconf 87' lang='grc' dir='ltr'>Δευτερονομίου</span> 
     </span>
    </p>
   </div>
   <div class='ocr_carea' id='block_1_31' title="bbox 2211 1769 3781 1844">
    <p class='ocr_par' dir='ltr' id='par_1_31' title="bbox 2211 1769 3781 1844">
     <span class='ocr_line' id='line_1_31' title="bbox 2211 1769 3781 1844; baseline -0.004 -17"><span class='ocrx_word' id='word_1_221' title='bbox 2211 1775 2303 1829; x_wconf 78' lang='grc' dir='ltr'>καὶ</span> <span class='ocrx_word' id='word_1_222' title='bbox 2327 1775 2391 1827; x_wconf 84' lang='grc' dir='ltr'>τὰ</span> <span class='ocrx_word' id='word_1_223' title='bbox 2434 1775 2532 1844; x_wconf 82' lang='grc' dir='ltr'>τῆς</span> <span class='ocrx_word' id='word_1_224' title='bbox 2573 1775 2779 1840; x_wconf 81' lang='grc' dir='ltr'>Ἐξόδου</span> <span class='ocrx_word' id='word_1_225' title='bbox 2811 1776 3000 1842; x_wconf 88' lang='grc' dir='ltr'>ἐπάγει</span> <span class='ocrx_word' id='word_1_226' title='bbox 3033 1774 3203 1840; x_wconf 82' lang='grc' dir='ltr'>λέγων</span> <span class='ocrx_word' id='word_1_227' title='bbox 3233 1773 3332 1835; x_wconf 84' lang='grc' dir='ltr'>δτι,</span> <span class='ocrx_word' id='word_1_228' title='bbox 3365 1772 3489 1823; x_wconf 84' lang='grc' dir='ltr'>Ἐἀν</span> <span class='ocrx_word' id='word_1_229' title='bbox 3514 1773 3569 1822; x_wconf 91' lang='grc' dir='ltr'>ἐν</span> <span class='ocrx_word' id='word_1_230' title='bbox 3593 1769 3781 1839; x_wconf 77' lang='grc' dir='ltr'>καιρῷ</span> 
     </span>
    </p>
   </div>
   <div class='ocr_carea' id='block_1_32' title="bbox 583 1847 2127 1932">
    <p class='ocr_par' dir='ltr' id='par_1_32' title="bbox 583 1847 2118 1926">
     <span class='ocr_line' id='line_1_32' title="bbox 583 1847 2118 1926; baseline -0.009 -13"><span class='ocrx_word' id='word_1_231' title='bbox 583 1872 707 1913; x_wconf 88' lang='lat' dir='ltr'><strong>tuus</strong></span> <span class='ocrx_word' id='word_1_232' title='bbox 737 1876 800 1911; x_wconf 74' lang='lat' dir='ltr'><strong>ex</strong></span> <span class='ocrx_word' id='word_1_233' title='bbox 831 1857 1146 1926; x_wconf 73' lang='lat' dir='ltr'><strong>negligentia</strong></span> <span class='ocrx_word' id='word_1_234' title='bbox 1175 1869 1284 1906; x_wconf 90' lang='lat' dir='ltr'>rem</span> <span class='ocrx_word' id='word_1_235' title='bbox 1326 1867 1476 1905; x_wconf 85' lang='lat' dir='ltr'><strong>suam</strong></span> <span class='ocrx_word' id='word_1_236' title='bbox 1509 1851 1712 1919; x_wconf 84' lang='lat' dir='ltr'><strong>perdat,</strong></span> <span class='ocrx_word' id='word_1_237' title='bbox 1735 1847 1873 1902; x_wconf 88' lang='lat' dir='ltr'><strong>baud</strong></span> <span class='ocrx_word' id='word_1_238' title='bbox 1899 1848 1980 1902; x_wconf 84' lang='lat' dir='ltr'>fas</span> <span class='ocrx_word' id='word_1_239' title='bbox 2018 1855 2118 1910; x_wconf 88' lang='lat' dir='ltr'><strong>est,</strong></span> 
     </span>
    </p>
   </div>
   <div class='ocr_carea' id='block_1_33' title="bbox 2220 1847 3786 1932">
    <p class='ocr_par' dir='ltr' id='par_1_33' title="bbox 2220 1859 3786 1932">
     <span class='ocr_line' id='line_1_33' title="bbox 2220 1859 3786 1932; baseline -0.004 -18"><span class='ocrx_word' id='word_1_240' title='bbox 2220 1864 2429 1932; x_wconf 71' lang='grc' dir='ltr'>εἰρήνης</span> <span class='ocrx_word' id='word_1_241' title='bbox 2456 1865 2483 1916; x_wconf 81' lang='grc' dir='ltr'>ὁ</span> <span class='ocrx_word' id='word_1_242' title='bbox 2516 1863 2735 1930; x_wconf 85' lang='grc' dir='ltr'>ἀδελφός</span> <span class='ocrx_word' id='word_1_243' title='bbox 2763 1864 2914 1932; x_wconf 74' lang='grc' dir='ltr'>σοινῆ</span> <span class='ocrx_word' id='word_1_244' title='bbox 2960 1866 2988 1915; x_wconf 85' lang='grc' dir='ltr'>ὁ</span> <span class='ocrx_word' id='word_1_245' title='bbox 3041 1862 3228 1932; x_wconf 77' lang='grc' dir='ltr'>ἐχθρός</span> <span class='ocrx_word' id='word_1_246' title='bbox 3261 1876 3352 1911; x_wconf 87' lang='grc' dir='ltr'>σου</span> <span class='ocrx_word' id='word_1_247' title='bbox 3395 1861 3456 1910; x_wconf 91' lang='grc' dir='ltr'>ἐκ</span> <span class='ocrx_word' id='word_1_248' title='bbox 3499 1859 3786 1928; x_wconf 71' lang='grc' dir='ltr'>ῥᾳθυμίας</span> 
     </span>
    </p>
   </div>
   <div class='ocr_carea' id='block_1_34' title="bbox 578 1935 2118 2009">
    <p class='ocr_par' dir='ltr' id='par_1_34' title="bbox 578 1935 2118 2009">
     <span class='ocr_line' id='line_1_34' title="bbox 578 1935 2118 2009; baseline -0.009 -8"><span class='ocrx_word' id='word_1_249' title='bbox 578 1953 620 2001; x_wconf 82' lang='lat' dir='ltr'>si</span> <span class='ocrx_word' id='word_1_250' title='bbox 670 1963 786 2000; x_wconf 89' lang='lat' dir='ltr'>cam</span> <span class='ocrx_word' id='word_1_251' title='bbox 832 1944 1118 2009; x_wconf 50' lang='lat' dir='ltr'><strong>inventis,</strong></span> <span class='ocrx_word' id='word_1_252' title='bbox 1163 1941 1256 1996; x_wconf 84' lang='lat' dir='ltr'><strong>tibi</strong></span> <span class='ocrx_word' id='word_1_253' title='bbox 1305 1941 1571 2008; x_wconf 84' lang='lat' dir='ltr'><strong>propriam</strong></span> <span class='ocrx_word' id='word_1_254' title='bbox 1619 1939 1906 2000; x_wconf 74' lang='lat' dir='ltr'><strong>vindicare,</strong></span> <span class='ocrx_word' id='word_1_255' title='bbox 1951 1935 2042 1990; x_wconf 88' lang='lat' dir='ltr'>sed</span> <span class='ocrx_word' id='word_1_256' title='bbox 2071 1935 2118 1988; x_wconf 90' lang='lat' dir='ltr'>ei</span> 
     </span>
    </p>
   </div>
   <div class='ocr_carea' id='block_1_35' title="bbox 577 2031 2121 2109">
    <p class='ocr_par' dir='ltr' id='par_1_35' title="bbox 577 2031 2121 2109">
     <span class='ocr_line' id='line_1_35' title="bbox 577 2031 2121 2109; baseline -0.006 -17"><span class='ocrx_word' id='word_1_257' title='bbox 577 2041 666 2109; x_wconf 77' lang='lat' dir='ltr'>qui</span> <span class='ocrx_word' id='word_1_258' title='bbox 697 2038 925 2107; x_wconf 72' lang='lat' dir='ltr'><strong>perdidit</strong></span> <span class='ocrx_word' id='word_1_259' title='bbox 959 2037 1159 2088; x_wconf 82' lang='lat' dir='ltr'><strong>servari</strong></span> <span class='ocrx_word' id='word_1_260' title='bbox 1192 2035 1407 2101; x_wconf 87' lang='lat' dir='ltr'><strong>antiqua</strong></span> <span class='ocrx_word' id='word_1_261' title='bbox 1447 2033 1524 2098; x_wconf 57' lang='lat' dir='ltr'>le}</span> <span class='ocrx_word' id='word_1_262' title='bbox 1551 2031 1733 2099; x_wconf 77' lang='lat' dir='ltr'><strong>jubet;</strong></span> <span class='ocrx_word' id='word_1_263' title='bbox 1773 2038 1974 2098; x_wconf 90' lang='lat' dir='ltr'><strong>quanto</strong></span> <span class='ocrx_word' id='word_1_264' title='bbox 2005 2043 2121 2082; x_wconf 86' lang='lat' dir='ltr'><strong>ma-</strong></span> 
     </span>
    </p>
   </div>
   <div class='ocr_carea' id='block_1_36' title="bbox 579 2119 2119 2196">
    <p class='ocr_par' dir='ltr' id='par_1_36' title="bbox 579 2119 2119 2196">
     <span class='ocr_line' id='line_1_36' title="bbox 579 2119 2119 2196; baseline -0.006 -16"><span class='ocrx_word' id='word_1_265' title='bbox 579 2131 659 2196; x_wconf 58' lang='lat' dir='ltr'>gis</span> <span class='ocrx_word' id='word_1_266' title='bbox 692 2129 735 2182; x_wconf 93' lang='lat' dir='ltr'>si</span> <span class='ocrx_word' id='word_1_267' title='bbox 771 2142 856 2180; x_wconf 86' lang='lat' dir='ltr'>res</span> <span class='ocrx_word' id='word_1_268' title='bbox 901 2126 1170 2194; x_wconf 71' lang='lat' dir='ltr'><strong>inveneris</strong></span> <span class='ocrx_word' id='word_1_269' title='bbox 1211 2123 1394 2178; x_wconf 78' lang='lat' dir='ltr'><strong>fratris</strong></span> <span class='ocrx_word' id='word_1_270' title='bbox 1425 2123 1499 2175; x_wconf 90' lang='lat' dir='ltr'><strong>tui</strong></span> <span class='ocrx_word' id='word_1_271' title='bbox 1536 2123 1625 2190; x_wconf 90' lang='lat' dir='ltr'>qui</span> <span class='ocrx_word' id='word_1_272' title='bbox 1671 2119 1894 2190; x_wconf 80' lang='lat' dir='ltr'><strong>aufugit,</strong></span> <span class='ocrx_word' id='word_1_273' title='bbox 1941 2129 2032 2172; x_wconf 91' lang='lat' dir='ltr'><strong>aut</strong></span> <span class='ocrx_word' id='word_1_274' title='bbox 2068 2119 2119 2171; x_wconf 91' lang='lat' dir='ltr'>in</span> 
     </span>
    </p>
   </div>
   <div class='ocr_carea' id='block_1_37' title="bbox 583 2213 2123 2282">
    <p class='ocr_par' dir='ltr' id='par_1_37' title="bbox 583 2213 2123 2282">
     <span class='ocr_line' id='line_1_37' title="bbox 583 2213 2123 2282; baseline -0.005 -12"><span class='ocrx_word' id='word_1_275' title='bbox 583 2220 893 2271; x_wconf 70' lang='lat' dir='ltr'><strong>servitutem</strong></span> <span class='ocrx_word' id='word_1_276' title='bbox 940 2216 1202 2269; x_wconf 85' lang='lat' dir='ltr'><strong>abductus</strong></span> <span class='ocrx_word' id='word_1_277' title='bbox 1247 2224 1346 2278; x_wconf 89' lang='lat' dir='ltr'><strong>ost,</strong></span> <span class='ocrx_word' id='word_1_278' title='bbox 1382 2213 1447 2267; x_wconf 89' lang='lat' dir='ltr'><strong>ab</strong></span> <span class='ocrx_word' id='word_1_279' title='bbox 1477 2215 1593 2282; x_wconf 88' lang='lat' dir='ltr'><strong>ipso</strong></span> <span class='ocrx_word' id='word_1_280' title='bbox 1633 2214 1866 2276; x_wconf 80' lang='lat' dir='ltr'><strong>relictas,</strong></span> <span class='ocrx_word' id='word_1_281' title='bbox 1910 2225 2123 2264; x_wconf 71' lang='lat' dir='ltr'><strong>servare</strong></span> 
     </span>
    </p>
   </div>
   <div class='ocr_carea' id='block_1_38' title="bbox 585 2301 1920 2374">
    <p class='ocr_par' dir='ltr' id='par_1_38' title="bbox 585 2301 1920 2374">
     <span class='ocr_line' id='line_1_38' title="bbox 585 2301 1920 2374; baseline -0.006 -14"><span class='ocrx_word' id='word_1_282' title='bbox 585 2311 701 2360; x_wconf 85' lang='lat' dir='ltr'><strong>iilas</strong></span> <span class='ocrx_word' id='word_1_283' title='bbox 731 2323 790 2360; x_wconf 88' lang='lat' dir='ltr'><strong>ac</strong></span> <span class='ocrx_word' id='word_1_284' title='bbox 826 2306 1132 2358; x_wconf 83' lang='lat' dir='ltr'><strong>infortuniis</strong></span> <span class='ocrx_word' id='word_1_285' title='bbox 1158 2319 1341 2374; x_wconf 82' lang='lat' dir='ltr'><strong>presso</strong></span> <span class='ocrx_word' id='word_1_286' title='bbox 1370 2303 1588 2356; x_wconf 86' lang='lat' dir='ltr'><strong>reddere</strong></span> <span class='ocrx_word' id='word_1_287' title='bbox 1619 2301 1920 2368; x_wconf 83' lang='lat' dir='ltr'><strong>Oportebit?</strong></span> 
     </span>
    </p>
   </div>
   <div class='ocr_carea' id='block_1_39' title="bbox 1167 2573 1494 2626">
    <p class='ocr_par' dir='ltr' id='par_1_39' title="bbox 1167 2573 1494 2626">
     <span class='ocr_line' id='line_1_39' title="bbox 1167 2573 1494 2626; baseline -0.006 -1"><span class='ocrx_word' id='word_1_288' title='bbox 1167 2573 1391 2626; x_wconf 69' lang='lat' dir='ltr'>CANON</span> <span class='ocrx_word' id='word_1_289' title='bbox 1434 2574 1494 2624; x_wconf 66' lang='grc' dir='ltr'>Υ.</span> 
     </span>
    </p>
   </div>
   <div class='ocr_carea' id='block_1_40' title="bbox 665 2662 2125 2730">
    <p class='ocr_par' dir='ltr' id='par_1_40' title="bbox 665 2662 2125 2730">
     <span class='ocr_line' id='line_1_40' title="bbox 665 2662 2125 2730; baseline 0.003 -20"><span class='ocrx_word' id='word_1_290' title='bbox 665 2683 678 2710; x_wconf 71' lang='grc' dir='ltr'>ι</span> <span class='ocrx_word' id='word_1_291' title='bbox 721 2663 821 2714; x_wconf 75' lang='lat' dir='ltr'><strong>Alii</strong></span> <span class='ocrx_word' id='word_1_292' title='bbox 873 2675 1045 2715; x_wconf 81' lang='lat' dir='ltr'><strong>autem</strong></span> <span class='ocrx_word' id='word_1_293' title='bbox 1078 2664 1284 2729; x_wconf 80' lang='lat' dir='ltr'><strong>scipsos</strong></span> <span class='ocrx_word' id='word_1_294' title='bbox 1321 2662 1600 2724; x_wconf 82' lang='lat' dir='ltr'><strong>se&#39;ducnnt,</strong></span> <span class='ocrx_word' id='word_1_295' title='bbox 1636 2677 1732 2728; x_wconf 91' lang='lat' dir='ltr'>pro</span> <span class='ocrx_word' id='word_1_296' title='bbox 1757 2662 1985 2728; x_wconf 79' lang='lat' dir='ltr'><strong>propriis</strong></span> <span class='ocrx_word' id='word_1_297' title='bbox 2009 2677 2125 2730; x_wconf 81' lang='lat' dir='ltr'><strong>quae</strong></span> 
     </span>
    </p>
   </div>
   <div class='ocr_carea' id='block_1_41' title="bbox 594 2751 2121 2821">
    <p class='ocr_par' dir='ltr' id='par_1_41' title="bbox 594 2751 2121 2821">
     <span class='ocr_line' id='line_1_41' title="bbox 594 2751 2121 2821; baseline 0.003 -20"><span class='ocrx_word' id='word_1_298' title='bbox 594 2771 610 2801; x_wconf 74' lang='grc' dir='ltr'>ε</span> <span class='ocrx_word' id='word_1_299' title='bbox 655 2754 941 2821; x_wconf 83' lang='lat' dir='ltr'><strong>perierunt,</strong></span> <span class='ocrx_word' id='word_1_300' title='bbox 995 2752 1166 2804; x_wconf 87' lang='lat' dir='ltr'><strong>aliena</strong></span> <span class='ocrx_word' id='word_1_301' title='bbox 1217 2765 1336 2819; x_wconf 81' lang='lat' dir='ltr'>qme</span> <span class='ocrx_word' id='word_1_302' title='bbox 1394 2751 1730 2816; x_wconf 67' lang='lat' dir='ltr'><strong>invenerunt,</strong></span> <span class='ocrx_word' id='word_1_303' title='bbox 1781 2751 2121 2807; x_wconf 86' lang='lat' dir='ltr'><strong>detinentes:</strong></span> 
     </span>
    </p>
   </div>
   <div class='ocr_carea' id='block_1_42' title="bbox 595 2832 2124 2910">
    <p class='ocr_par' dir='ltr' id='par_1_42' title="bbox 595 2832 2124 2910">
     <span class='ocr_line' id='line_1_42' title="bbox 595 2832 2124 2910; baseline 0.003 -20"><span class='ocrx_word' id='word_1_304' title='bbox 595 2865 612 2890; x_wconf 84' lang='grc' dir='ltr'>ι</span> <span class='ocrx_word' id='word_1_305' title='bbox 639 2832 711 2896; x_wconf 82' lang='grc' dir='ltr'>ἰιι</span> <span class='ocrx_word' id='word_1_306' title='bbox 741 2842 990 2910; x_wconf 88' lang='lat' dir='ltr'><strong>quoniam</strong></span> <span class='ocrx_word' id='word_1_307' title='bbox 1022 2839 1210 2894; x_wconf 88' lang='lat' dir='ltr'><strong>Boradi</strong></span> <span class='ocrx_word' id='word_1_308' title='bbox 1240 2849 1292 2893; x_wconf 89' lang='lat' dir='ltr'>et</span> <span class='ocrx_word' id='word_1_309' title='bbox 1331 2839 1491 2892; x_wconf 87' lang='lat' dir='ltr'><strong>Gothi</strong></span> <span class='ocrx_word' id='word_1_310' title='bbox 1523 2840 1600 2892; x_wconf 86' lang='lat' dir='ltr'>eis</span> <span class='ocrx_word' id='word_1_311' title='bbox 1628 2839 1842 2892; x_wconf 87' lang='lat' dir='ltr'><strong>hostilia</strong></span> <span class='ocrx_word' id='word_1_312' title='bbox 1868 2839 2124 2903; x_wconf 71' lang='lat' dir='ltr'><strong>fecerunt,</strong></span> 
     </span>
    </p>
   </div>
   <div class='ocr_carea' id='block_1_43' title="bbox 597 2928 2128 3001">
    <p class='ocr_par' dir='ltr' id='par_1_43' title="bbox 597 2928 2128 3001">
     <span class='ocr_line' id='line_1_43' title="bbox 597 2928 2128 3001; baseline 0.001 -18"><span class='ocrx_word' id='word_1_313' title='bbox 597 2955 612 2983; x_wconf 78' lang='grc' dir='ltr'>ι</span> <span class='ocrx_word' id='word_1_314' title='bbox 656 2934 756 3000; x_wconf 89' lang='lat' dir='ltr'><strong>ipsi</strong></span> <span class='ocrx_word' id='word_1_315' title='bbox 799 2935 905 2986; x_wconf 87' lang='lat' dir='ltr'><strong>sint</strong></span> <span class='ocrx_word' id='word_1_316' title='bbox 938 2933 1058 2986; x_wconf 87' lang='lat' dir='ltr'><strong>aliis</strong></span> <span class='ocrx_word' id='word_1_317' title='bbox 1096 2929 1287 2984; x_wconf 89' lang='lat' dir='ltr'><strong>Boradi</strong></span> <span class='ocrx_word' id='word_1_318' title='bbox 1343 2941 1394 2982; x_wconf 87' lang='lat' dir='ltr'>et</span> <span class='ocrx_word' id='word_1_319' title='bbox 1446 2928 1624 2983; x_wconf 85' lang='lat' dir='ltr'><strong>Gothi.</strong></span> <span class='ocrx_word' id='word_1_320' title='bbox 1670 2928 1955 3001; x_wconf 77' lang='lat' dir='ltr'><strong>Propterea</strong></span> <span class='ocrx_word' id='word_1_321' title='bbox 2002 2945 2128 2999; x_wconf 81' lang='lat' dir='ltr'><strong>ergo</strong></span> 
     </span>
    </p>
   </div>
   <div class='ocr_carea' id='block_1_44' title="bbox 597 3018 2127 3090">
    <p class='ocr_par' dir='ltr' id='par_1_44' title="bbox 597 3018 2127 3090">
     <span class='ocr_line' id='line_1_44' title="bbox 597 3018 2127 3090; baseline 0 -16"><span class='ocrx_word' id='word_1_322' title='bbox 597 3045 612 3073; x_wconf 82' lang='grc'><strong><em>‹</em></strong></span> <span class='ocrx_word' id='word_1_323' title='bbox 656 3023 870 3075; x_wconf 85' lang='lat' dir='ltr'><strong>fratrem</strong></span> <span class='ocrx_word' id='word_1_324' title='bbox 903 3034 950 3076; x_wconf 87' lang='lat' dir='ltr'>et</span> <span class='ocrx_word' id='word_1_325' title='bbox 993 3037 1279 3076; x_wconf 88' lang='lat' dir='ltr'><strong>consenem</strong></span> <span class='ocrx_word' id='word_1_326' title='bbox 1322 3031 1564 3074; x_wconf 87' lang='lat' dir='ltr'><strong>nostrum</strong></span> <span class='ocrx_word' id='word_1_327' title='bbox 1609 3018 2018 3090; x_wconf 77' lang='lat' dir='ltr'><strong>EuplirOsynum</strong></span> <span class='ocrx_word' id='word_1_328' title='bbox 2063 3020 2127 3074; x_wconf 84' lang='lat' dir='ltr'>ad</span> 
     </span>
    </p>
   </div>
   <div class='ocr_carea' id='block_1_45' title="bbox 600 3109 2127 3178">
    <p class='ocr_par' dir='ltr' id='par_1_45' title="bbox 600 3109 2127 3178">
     <span class='ocr_line' id='line_1_45' title="bbox 600 3109 2127 3178; baseline 0.001 -16"><span class='ocrx_word' id='word_1_329' title='bbox 600 3133 614 3162; x_wconf 76' lang='grc' dir='ltr'>ι</span> <span class='ocrx_word' id='word_1_330' title='bbox 658 3127 752 3166; x_wconf 69' lang='lat' dir='ltr'><strong>vos</strong></span> <span class='ocrx_word' id='word_1_331' title='bbox 788 3113 1053 3176; x_wconf 88' lang='lat' dir='ltr'><strong>misimus,</strong></span> <span class='ocrx_word' id='word_1_332' title='bbox 1086 3122 1143 3165; x_wconf 87' lang='lat' dir='ltr'><strong>ut</strong></span> <span class='ocrx_word' id='word_1_333' title='bbox 1171 3112 1462 3166; x_wconf 84' lang='lat' dir='ltr'><strong>secundum</strong></span> <span class='ocrx_word' id='word_1_334' title='bbox 1499 3109 1724 3163; x_wconf 91' lang='lat' dir='ltr'><strong>formam</strong></span> <span class='ocrx_word' id='word_1_335' title='bbox 1758 3127 1876 3178; x_wconf 72' lang='lat' dir='ltr'><strong>qua:</strong></span> <span class='ocrx_word' id='word_1_336' title='bbox 1910 3111 1996 3164; x_wconf 84' lang='lat' dir='ltr'><strong>ltic</strong></span> <span class='ocrx_word' id='word_1_337' title='bbox 2027 3119 2127 3174; x_wconf 89' lang='lat' dir='ltr'><strong>est,</strong></span> 
     </span>
    </p>
   </div>
   <div class='ocr_carea' id='block_1_46' title="bbox 2211 1948 3779 2023">
    <p class='ocr_par' dir='ltr' id='par_1_46' title="bbox 2211 1948 3779 2023">
     <span class='ocr_line' id='line_1_46' title="bbox 2211 1948 3779 2023; baseline -0.004 -18"><span class='ocrx_word' id='word_1_338' title='bbox 2211 1953 2450 2023; x_wconf 80' lang='grc' dir='ltr'>ἀπολέσῃ</span> <span class='ocrx_word' id='word_1_339' title='bbox 2496 1953 2554 2003; x_wconf 85' lang='grc' dir='ltr'>τὺ</span> <span class='ocrx_word' id='word_1_340' title='bbox 2594 1954 2740 2015; x_wconf 81' lang='grc' dir='ltr'>ἴδιον,</span> <span class='ocrx_word' id='word_1_341' title='bbox 2773 1954 2870 2005; x_wconf 85' lang='grc' dir='ltr'>οὑκ</span> <span class='ocrx_word' id='word_1_342' title='bbox 2905 1952 3078 2015; x_wconf 77' lang='grc' dir='ltr'>ἒξεστί</span> <span class='ocrx_word' id='word_1_343' title='bbox 3131 1968 3210 2002; x_wconf 90' lang='grc' dir='ltr'>σοι</span> <span class='ocrx_word' id='word_1_344' title='bbox 3242 1950 3450 2020; x_wconf 76' lang='grc' dir='ltr'>εὑρόντι</span> <span class='ocrx_word' id='word_1_345' title='bbox 3479 1948 3610 2000; x_wconf 83' lang='grc' dir='ltr'>αὑτὸ</span> <span class='ocrx_word' id='word_1_346' title='bbox 3637 1948 3779 2018; x_wconf 83' lang='grc' dir='ltr'>κέρ-</span> 
     </span>
    </p>
   </div>
   <div class='ocr_carea' id='block_1_47' title="bbox 2211 2037 3783 2111">
    <p class='ocr_par' dir='ltr' id='par_1_47' title="bbox 2211 2037 3783 2111">
     <span class='ocr_line' id='line_1_47' title="bbox 2211 2037 3783 2111; baseline -0.004 -15"><span class='ocrx_word' id='word_1_347' title='bbox 2211 2045 2298 2105; x_wconf 89' lang='grc' dir='ltr'>δος</span> <span class='ocrx_word' id='word_1_348' title='bbox 2328 2043 2453 2095; x_wconf 74' lang='grc' dir='ltr'>ἴδιον</span> <span class='ocrx_word' id='word_1_349' title='bbox 2501 2041 2844 2111; x_wconf 80' lang='grc' dir='ltr'>ποιήσασθαι,</span> <span class='ocrx_word' id='word_1_350' title='bbox 2875 2041 3010 2094; x_wconf 85' lang='grc' dir='ltr'>ἀλλά</span> <span class='ocrx_word' id='word_1_351' title='bbox 3056 2039 3400 2092; x_wconf 91' lang='grc' dir='ltr'>ἐπανασῶσαι</span> <span class='ocrx_word' id='word_1_352' title='bbox 3453 2039 3529 2108; x_wconf 83' lang='grc' dir='ltr'>τῷ</span> <span class='ocrx_word' id='word_1_353' title='bbox 3575 2037 3783 2090; x_wconf 79' lang='grc' dir='ltr'>ἀπολέ-</span> 
     </span>
    </p>
   </div>
   <div class='ocr_carea' id='block_1_48' title="bbox 2215 2128 3779 2200">
    <p class='ocr_par' dir='ltr' id='par_1_48' title="bbox 2215 2128 3779 2200">
     <span class='ocr_line' id='line_1_48' title="bbox 2215 2128 3779 2200; baseline -0.003 -15"><span class='ocrx_word' id='word_1_354' title='bbox 2215 2149 2364 2186; x_wconf 88' lang='grc' dir='ltr'>σαντι</span> <span class='ocrx_word' id='word_1_355' title='bbox 2410 2130 2537 2183; x_wconf 71' lang='grc' dir='ltr'>αὐτὸ</span> <span class='ocrx_word' id='word_1_356' title='bbox 2590 2132 2786 2200; x_wconf 78' lang='grc' dir='ltr'>ἀπαιτῇ</span> <span class='ocrx_word' id='word_1_357' title='bbox 2837 2132 2978 2185; x_wconf 89' lang='grc' dir='ltr'>κατά</span> <span class='ocrx_word' id='word_1_358' title='bbox 3028 2132 3115 2184; x_wconf 82' lang='grc' dir='ltr'>τὸν</span> <span class='ocrx_word' id='word_1_359' title='bbox 3165 2131 3326 2198; x_wconf 89' lang='grc' dir='ltr'>νόμον</span> <span class='ocrx_word' id='word_1_360' title='bbox 3369 2130 3459 2180; x_wconf 85' lang='grc' dir='ltr'>τὸν</span> <span class='ocrx_word' id='word_1_361' title='bbox 3514 2128 3779 2181; x_wconf 85' lang='grc' dir='ltr'>παλαιόν·</span> 
     </span>
    </p>
   </div>
   <div class='ocr_carea' id='block_1_49' title="bbox 2214 2217 3781 2290">
    <p class='ocr_par' dir='ltr' id='par_1_49' title="bbox 2214 2217 3781 2290">
     <span class='ocr_line' id='line_1_49' title="bbox 2214 2217 3781 2290; baseline -0.003 -16"><span class='ocrx_word' id='word_1_362' title='bbox 2214 2221 2362 2290; x_wconf 83' lang='grc' dir='ltr'>πόσῳ</span> <span class='ocrx_word' id='word_1_363' title='bbox 2405 2223 2618 2290; x_wconf 82' lang='grc' dir='ltr'>μᾶλλον,</span> <span class='ocrx_word' id='word_1_364' title='bbox 2658 2222 2750 2275; x_wconf 89' lang='grc' dir='ltr'>ἐάν</span> <span class='ocrx_word' id='word_1_365' title='bbox 2774 2221 2865 2273; x_wconf 80' lang='grc' dir='ltr'>τοῦ</span> <span class='ocrx_word' id='word_1_366' title='bbox 2901 2221 3188 2289; x_wconf 81' lang='grc' dir='ltr'>φεύγοντος</span> <span class='ocrx_word' id='word_1_367' title='bbox 3219 2217 3444 2285; x_wconf 79' lang='grc' dir='ltr'>ἀδελφοῦ</span> <span class='ocrx_word' id='word_1_368' title='bbox 3484 2234 3577 2269; x_wconf 92' lang='grc' dir='ltr'>σου</span> <span class='ocrx_word' id='word_1_369' title='bbox 3607 2219 3640 2287; x_wconf 81' lang='grc' dir='ltr'>ἢ</span> <span class='ocrx_word' id='word_1_370' title='bbox 3673 2218 3781 2270; x_wconf 77' lang='grc' dir='ltr'>τοῦ</span> 
     </span>
    </p>
   </div>
   <div class='ocr_carea' id='block_1_50' title="bbox 2215 2309 3783 2381">
    <p class='ocr_par' dir='ltr' id='par_1_50' title="bbox 2215 2309 3783 2381">
     <span class='ocr_line' id='line_1_50' title="bbox 2215 2309 3783 2381; baseline -0.004 -17"><span class='ocrx_word' id='word_1_371' title='bbox 2215 2312 2730 2380; x_wconf 76' lang='grc' dir='ltr'>αἱχμαλωτισθέντος</span> <span class='ocrx_word' id='word_1_372' title='bbox 2769 2313 3016 2381; x_wconf 73' lang='grc' dir='ltr'>εὑρήσεις</span> <span class='ocrx_word' id='word_1_373' title='bbox 3067 2310 3361 2380; x_wconf 87' lang='grc' dir='ltr'>πράγματα</span> <span class='ocrx_word' id='word_1_374' title='bbox 3409 2310 3536 2377; x_wconf 78' lang='grc' dir='ltr'>παρ’</span> <span class='ocrx_word' id='word_1_375' title='bbox 3593 2309 3783 2360; x_wconf 79' lang='grc' dir='ltr'>αὐτῶν</span> 
     </span>
    </p>
   </div>
   <div class='ocr_carea' id='block_1_51' title="bbox 2215 2396 3759 2470">
    <p class='ocr_par' dir='ltr' id='par_1_51' title="bbox 2215 2396 3759 2470">
     <span class='ocr_line' id='line_1_51' title="bbox 2215 2396 3759 2470; baseline -0.003 -18"><span class='ocrx_word' id='word_1_376' title='bbox 2215 2400 2723 2468; x_wconf 66' lang='grc' dir='ltr'>ἐγκαταλειφθέντα,</span> <span class='ocrx_word' id='word_1_377' title='bbox 2757 2401 2858 2470; x_wconf 76' lang='grc' dir='ltr'>χρή</span> <span class='ocrx_word' id='word_1_378' title='bbox 2891 2416 2946 2452; x_wconf 90' lang='grc' dir='ltr'>σε</span> <span class='ocrx_word' id='word_1_379' title='bbox 2990 2398 3216 2467; x_wconf 84' lang='grc' dir='ltr'>φυλάξαι</span> <span class='ocrx_word' id='word_1_380' title='bbox 3250 2396 3385 2449; x_wconf 82' lang='grc' dir='ltr'>αὑτὰ</span> <span class='ocrx_word' id='word_1_381' title='bbox 3415 2396 3506 2448; x_wconf 75' lang='grc' dir='ltr'>καὶ</span> <span class='ocrx_word' id='word_1_382' title='bbox 3540 2396 3759 2448; x_wconf 71' lang='grc' dir='ltr'>ἀποδσῦ-</span> 
     </span>
    </p>
   </div>
   <div class='ocr_carea' id='block_1_52' title="bbox 2216 2487 2859 2557">
    <p class='ocr_par' dir='ltr' id='par_1_52' title="bbox 2216 2487 2859 2557">
     <span class='ocr_line' id='line_1_52' title="bbox 2216 2487 2859 2557; baseline -0.003 -16"><span class='ocrx_word' id='word_1_383' title='bbox 2216 2503 2298 2541; x_wconf 77' lang='grc' dir='ltr'>ναι</span> <span class='ocrx_word' id='word_1_384' title='bbox 2327 2488 2400 2557; x_wconf 84' lang='grc' dir='ltr'>τῷ</span> <span class='ocrx_word' id='word_1_385' title='bbox 2439 2487 2824 2557; x_wconf 78' lang='grc' dir='ltr'>δυσπραγοῦντι</span> <span class='ocrx_word' id='word_1_386' title='bbox 2846 2504 2859 2551; x_wconf 90' lang='grc'><strong>;</strong></span> 
     </span>
    </p>
   </div>
   <div class='ocr_carea' id='block_1_53' title="bbox 2839 2578 3174 2630">
    <p class='ocr_par' dir='ltr' id='par_1_53' title="bbox 2839 2578 3174 2630">
     <span class='ocr_line' id='line_1_53' title="bbox 2839 2578 3174 2630; baseline -0.003 0"><span class='ocrx_word' id='word_1_387' title='bbox 2839 2578 3069 2630; x_wconf 72' lang='grc' dir='ltr'><strong>ΚΛΝΩΝ</strong></span> <span class='ocrx_word' id='word_1_388' title='bbox 3101 2578 3174 2629; x_wconf 85' lang='grc' dir='ltr'>Ε’.</span> 
     </span>
    </p>
   </div>
   <div class='ocr_carea' id='block_1_54' title="bbox 2291 2664 3781 2728">
    <p class='ocr_par' dir='ltr' id='par_1_54' title="bbox 2291 2664 3781 2728">
     <span class='ocr_line' id='line_1_54' title="bbox 2291 2664 3781 2728; baseline 0 -11"><span class='ocrx_word' id='word_1_389' title='bbox 2291 2686 2306 2717; x_wconf 80' lang='grc' dir='ltr'>ι</span> <span class='ocrx_word' id='word_1_390' title='bbox 2337 2667 2511 2718; x_wconf 80' lang='grc' dir='ltr'>Ἀλλοι</span> <span class='ocrx_word' id='word_1_391' title='bbox 2537 2668 2591 2719; x_wconf 86' lang='grc' dir='ltr'>δέ</span> <span class='ocrx_word' id='word_1_392' title='bbox 2632 2667 2851 2728; x_wconf 77' lang='grc' dir='ltr'>ἑαυτοὺς</span> <span class='ocrx_word' id='word_1_393' title='bbox 2900 2666 3257 2728; x_wconf 75' lang='grc' dir='ltr'>ἐξαπατῶσιν,</span> <span class='ocrx_word' id='word_1_394' title='bbox 3302 2665 3420 2717; x_wconf 81' lang='grc' dir='ltr'>αντὶ</span> <span class='ocrx_word' id='word_1_395' title='bbox 3465 2665 3573 2716; x_wconf 89' lang='grc' dir='ltr'>τῶν</span> <span class='ocrx_word' id='word_1_396' title='bbox 3624 2664 3781 2717; x_wconf 74' lang='grc' dir='ltr'>[δίων</span> 
     </span>
    </p>
   </div>
   <div class='ocr_carea' id='block_1_55' title="bbox 2222 2750 3783 2825">
    <p class='ocr_par' dir='ltr' id='par_1_55' title="bbox 2222 2750 3783 2825">
     <span class='ocr_line' id='line_1_55' title="bbox 2222 2750 3783 2825; baseline -0.001 -17"><span class='ocrx_word' id='word_1_397' title='bbox 2222 2776 2238 2808; x_wconf 78' lang='grc' dir='ltr'>ι</span> <span class='ocrx_word' id='word_1_398' title='bbox 2278 2757 2384 2808; x_wconf 91' lang='grc' dir='ltr'>τῶν</span> <span class='ocrx_word' id='word_1_399' title='bbox 2412 2755 2754 2825; x_wconf 85' lang='grc' dir='ltr'>ἀπολομένων</span> <span class='ocrx_word' id='word_1_400' title='bbox 2780 2756 2812 2808; x_wconf 80' lang='grc' dir='ltr'>ἃ.</span> <span class='ocrx_word' id='word_1_401' title='bbox 2844 2750 2996 2825; x_wconf 77' lang='grc' dir='ltr'>εὑρον</span> <span class='ocrx_word' id='word_1_402' title='bbox 3035 2755 3284 2823; x_wconf 86' lang='grc' dir='ltr'>ἀλλότρια</span> <span class='ocrx_word' id='word_1_403' title='bbox 3315 2755 3650 2822; x_wconf 85' lang='grc' dir='ltr'>κατέχοντες·</span> <span class='ocrx_word' id='word_1_404' title='bbox 3689 2755 3783 2806; x_wconf 78' lang='grc' dir='ltr'>ῐνα</span> 
     </span>
    </p>
   </div>
   <div class='ocr_carea' id='block_1_56' title="bbox 2223 2841 3780 2914">
    <p class='ocr_par' dir='ltr' id='par_1_56' title="bbox 2223 2841 3780 2914">
     <span class='ocr_line' id='line_1_56' title="bbox 2223 2841 3780 2914; baseline -0.002 -17"><span class='ocrx_word' id='word_1_405' title='bbox 2223 2865 2240 2897; x_wconf 77' lang='grc' dir='ltr'>ι</span> <span class='ocrx_word' id='word_1_406' title='bbox 2287 2845 2471 2914; x_wconf 81' lang='grc' dir='ltr'>ἐπειδὴ</span> <span class='ocrx_word' id='word_1_407' title='bbox 2521 2847 2702 2907; x_wconf 89' lang='grc' dir='ltr'>αὑτοῖς</span> <span class='ocrx_word' id='word_1_408' title='bbox 2741 2845 2961 2914; x_wconf 85' lang='grc' dir='ltr'>Βοράδοι</span> <span class='ocrx_word' id='word_1_409' title='bbox 2995 2845 3086 2896; x_wconf 72' lang='grc' dir='ltr'>καὶ</span> <span class='ocrx_word' id='word_1_410' title='bbox 3111 2844 3148 2894; x_wconf 85' lang='grc' dir='ltr'><strong><em>Γ</em></strong></span> <span class='ocrx_word' id='word_1_411' title='bbox 3151 2843 3293 2894; x_wconf 85' lang='grc' dir='ltr'>ότθοι</span> <span class='ocrx_word' id='word_1_412' title='bbox 3321 2844 3386 2895; x_wconf 81' lang='grc' dir='ltr'>τά</span> <span class='ocrx_word' id='word_1_413' title='bbox 3417 2842 3507 2893; x_wconf 79' lang='grc' dir='ltr'>τοῦ</span> <span class='ocrx_word' id='word_1_414' title='bbox 3533 2841 3780 2910; x_wconf 81' lang='grc' dir='ltr'>πολέμου</span> 
     </span>
    </p>
   </div>
   <div class='ocr_carea' id='block_1_57' title="bbox 2223 2929 3779 3002">
    <p class='ocr_par' dir='ltr' id='par_1_57' title="bbox 2223 2929 3779 3002">
     <span class='ocr_line' id='line_1_57' title="bbox 2223 2929 3779 3002; baseline -0.004 -16"><span class='ocrx_word' id='word_1_415' title='bbox 2223 2955 2238 2986; x_wconf 80' lang='lat' dir='ltr'>t</span> <span class='ocrx_word' id='word_1_416' title='bbox 2281 2937 2618 3002; x_wconf 72' lang='grc' dir='ltr'>εἰργάσαντο,</span> <span class='ocrx_word' id='word_1_417' title='bbox 2669 2937 2819 2986; x_wconf 80' lang='grc' dir='ltr'>αὐτοὶ</span> <span class='ocrx_word' id='word_1_418' title='bbox 2866 2934 3040 2995; x_wconf 74' lang='grc' dir='ltr'>ἄλλοις</span> <span class='ocrx_word' id='word_1_419' title='bbox 3092 2933 3312 3002; x_wconf 84' lang='grc' dir='ltr'>Βοράδοι</span> <span class='ocrx_word' id='word_1_420' title='bbox 3345 2933 3436 2984; x_wconf 69' lang='grc' dir='ltr'>καὶ</span> <span class='ocrx_word' id='word_1_421' title='bbox 3465 2929 3647 2983; x_wconf 84' lang='grc' dir='ltr'>Γότθοι</span> <span class='ocrx_word' id='word_1_422' title='bbox 3684 2931 3779 2997; x_wconf 86' lang='grc' dir='ltr'>γῖ-</span> 
     </span>
    </p>
   </div>
   <div class='ocr_carea' id='block_1_58' title="bbox 2223 3019 3777 3092">
    <p class='ocr_par' dir='ltr' id='par_1_58' title="bbox 2223 3019 3777 3092">
     <span class='ocr_line' id='line_1_58' title="bbox 2223 3019 3777 3092; baseline -0.003 -15"><span class='ocrx_word' id='word_1_423' title='bbox 2223 3045 2240 3077; x_wconf 77' lang='grc' dir='ltr'>ι</span> <span class='ocrx_word' id='word_1_424' title='bbox 2283 3043 2494 3078; x_wconf 87' lang='grc' dir='ltr'>νωνται.</span> <span class='ocrx_word' id='word_1_425' title='bbox 2534 3023 2946 3092; x_wconf 79' lang='grc' dir='ltr'>Ἀπεστείλαμεν</span> <span class='ocrx_word' id='word_1_426' title='bbox 2975 3019 3063 3075; x_wconf 85' lang='grc' dir='ltr'>οὖν</span> <span class='ocrx_word' id='word_1_427' title='bbox 3084 3023 3171 3073; x_wconf 85' lang='grc' dir='ltr'>τὸν</span> <span class='ocrx_word' id='word_1_428' title='bbox 3197 3021 3419 3090; x_wconf 84' lang='grc' dir='ltr'>ἀδελφὸν</span> <span class='ocrx_word' id='word_1_429' title='bbox 3447 3022 3538 3073; x_wconf 72' lang='grc' dir='ltr'>καὶ</span> <span class='ocrx_word' id='word_1_430' title='bbox 3572 3019 3777 3086; x_wconf 67' lang='grc' dir='ltr'>συγγέ-</span> 
     </span>
    </p>
   </div>
   <div class='ocr_carea' id='block_1_59' title="bbox 2225 3109 3778 3186">
    <p class='ocr_par' dir='ltr' id='par_1_59' title="bbox 2225 3109 3778 3186">
     <span class='ocr_line' id='line_1_59' title="bbox 2225 3109 3778 3186; baseline -0.003 -20"><span class='ocrx_word' id='word_1_431' title='bbox 2225 3134 2242 3166; x_wconf 86' lang='grc'>‹</span> <span class='ocrx_word' id='word_1_432' title='bbox 2283 3133 2446 3186; x_wconf 86' lang='grc' dir='ltr'>ροντα</span> <span class='ocrx_word' id='word_1_433' title='bbox 2493 3115 2827 3182; x_wconf 84' lang='grc' dir='ltr'>Εύφρόσυνον</span> <span class='ocrx_word' id='word_1_434' title='bbox 2854 3113 2939 3165; x_wconf 85' lang='grc' dir='ltr'>διά</span> <span class='ocrx_word' id='word_1_435' title='bbox 2969 3111 3138 3166; x_wconf 80' lang='grc' dir='ltr'>ταῦτα</span> <span class='ocrx_word' id='word_1_436' title='bbox 3192 3110 3326 3181; x_wconf 86' lang='grc' dir='ltr'>πρὸς</span> <span class='ocrx_word' id='word_1_437' title='bbox 3359 3112 3520 3180; x_wconf 78' lang='grc' dir='ltr'>ὑμᾶς,</span> <span class='ocrx_word' id='word_1_438' title='bbox 3561 3109 3644 3162; x_wconf 83' lang='grc' dir='ltr'>ἵνα</span> <span class='ocrx_word' id='word_1_439' title='bbox 3672 3126 3778 3162; x_wconf 84' lang='grc' dir='ltr'>κα-</span> 
     </span>
    </p>
   </div>
   <div class='ocr_carea' id='block_1_60' title="bbox 597 3196 2127 3272">
    <p class='ocr_par' dir='ltr' id='par_1_60' title="bbox 597 3202 2127 3270">
     <span class='ocr_line' id='line_1_60' title="bbox 597 3202 2127 3270; baseline -0.001 -14"><span class='ocrx_word' id='word_1_440' title='bbox 597 3223 617 3256; x_wconf 71' lang='grc' dir='ltr'>σ</span> <span class='ocrx_word' id='word_1_441' title='bbox 659 3215 710 3256; x_wconf 89' lang='lat' dir='ltr'>et</span> <span class='ocrx_word' id='word_1_442' title='bbox 737 3203 847 3269; x_wconf 87' lang='lat' dir='ltr'><strong>ipse</strong></span> <span class='ocrx_word' id='word_1_443' title='bbox 879 3204 965 3256; x_wconf 84' lang='lat' dir='ltr'>det</span> <span class='ocrx_word' id='word_1_444' title='bbox 995 3203 1257 3264; x_wconf 89' lang='lat' dir='ltr'><strong>similiter,</strong></span> <span class='ocrx_word' id='word_1_445' title='bbox 1290 3213 1341 3255; x_wconf 92' lang='lat' dir='ltr'>et</span> <span class='ocrx_word' id='word_1_446' title='bbox 1379 3215 1607 3270; x_wconf 89' lang='lat' dir='ltr'><strong>quorum</strong></span> <span class='ocrx_word' id='word_1_447' title='bbox 1642 3203 2008 3254; x_wconf 87' lang='lat' dir='ltr'><strong>accusationes</strong></span> <span class='ocrx_word' id='word_1_448' title='bbox 2038 3202 2127 3254; x_wconf 88' lang='lat' dir='ltr'>ad-</span> 
     </span>
    </p>
   </div>
   <div class='ocr_carea' id='block_1_61' title="bbox 2220 3196 3777 3272">
    <p class='ocr_par' dir='ltr' id='par_1_61' title="bbox 2225 3196 3777 3270">
     <span class='ocr_line' id='line_1_61' title="bbox 2225 3196 3777 3270; baseline -0.004 -12"><span class='ocrx_word' id='word_1_449' title='bbox 2225 3225 2240 3258; x_wconf 84' lang='grc' dir='ltr'>ι</span> <span class='ocrx_word' id='word_1_450' title='bbox 2282 3208 2349 3260; x_wconf 81' lang='grc' dir='ltr'>τά</span> <span class='ocrx_word' id='word_1_451' title='bbox 2378 3207 2466 3258; x_wconf 79' lang='grc' dir='ltr'>τὸν</span> <span class='ocrx_word' id='word_1_452' title='bbox 2503 3196 2687 3258; x_wconf 87' lang='grc' dir='ltr'>ἐνθάδε</span> <span class='ocrx_word' id='word_1_453' title='bbox 2714 3204 2880 3256; x_wconf 87' lang='grc' dir='ltr'>τύπον</span> <span class='ocrx_word' id='word_1_454' title='bbox 2934 3205 3025 3255; x_wconf 81' lang='grc' dir='ltr'>καὶ</span> <span class='ocrx_word' id='word_1_455' title='bbox 3065 3203 3224 3264; x_wconf 80' lang='grc' dir='ltr'>αὐτὸς</span> <span class='ocrx_word' id='word_1_456' title='bbox 3269 3200 3378 3270; x_wconf 79' lang='grc' dir='ltr'>δώῃ</span> <span class='ocrx_word' id='word_1_457' title='bbox 3429 3200 3628 3270; x_wconf 85' lang='grc' dir='ltr'>ὁμοίως</span> <span class='ocrx_word' id='word_1_458' title='bbox 3673 3203 3777 3253; x_wconf 77' lang='grc' dir='ltr'>καὶ</span> 
     </span>
    </p>
   </div>
   <div class='ocr_carea' id='block_1_62' title="bbox 596 3291 2086 3361">
    <p class='ocr_par' dir='ltr' id='par_1_62' title="bbox 596 3291 2086 3361">
     <span class='ocr_line' id='line_1_62' title="bbox 596 3291 2086 3361; baseline -0.002 -18"><span class='ocrx_word' id='word_1_459' title='bbox 596 3317 613 3343; x_wconf 82' lang='grc'><strong>‹</strong></span> <span class='ocrx_word' id='word_1_460' title='bbox 656 3295 864 3346; x_wconf 85' lang='lat' dir='ltr'><strong>mittere</strong></span> <span class='ocrx_word' id='word_1_461' title='bbox 896 3303 1153 3361; x_wconf 85' lang='lat' dir='ltr'><strong>oporteat,</strong></span> <span class='ocrx_word' id='word_1_462' title='bbox 1187 3303 1236 3346; x_wconf 92' lang='lat' dir='ltr'>et</span> <span class='ocrx_word' id='word_1_463' title='bbox 1269 3307 1406 3361; x_wconf 86' lang='lat' dir='ltr'><strong>quos</strong></span> <span class='ocrx_word' id='word_1_464' title='bbox 1434 3309 1462 3344; x_wconf 88' lang='lat' dir='ltr'>a</span> <span class='ocrx_word' id='word_1_465' title='bbox 1487 3291 1734 3361; x_wconf 83' lang='lat' dir='ltr'><strong>precibus</strong></span> <span class='ocrx_word' id='word_1_466' title='bbox 1768 3291 2028 3344; x_wconf 85' lang='lat' dir='ltr'><strong>abdicare.</strong></span> <span class='ocrx_word' id='word_1_467' title='bbox 2069 3308 2086 3340; x_wconf 76' lang='grc' dir='ltr'>ι</span> 
     </span>
    </p>
   </div>
   <div class='ocr_carea' id='block_1_63' title="bbox 662 3469 2130 3540">
    <p class='ocr_par' dir='ltr' id='par_1_63' title="bbox 662 3469 2130 3540">
     <span class='ocr_line' id='line_1_63' title="bbox 662 3469 2130 3540; baseline 0 -18"><span class='ocrx_word' id='word_1_468' title='bbox 662 3472 818 3523; x_wconf 64' lang='grc' dir='ltr'>Βλιε.</span> <span class='ocrx_word' id='word_1_469' title='bbox 852 3469 1140 3540; x_wconf 70' lang='lat' dir='ltr'><strong>Postquam</strong></span> <span class='ocrx_word' id='word_1_470' title='bbox 1174 3484 1415 3533; x_wconf 81' lang='lat' dir='ltr'><strong>sanctus,</strong></span> <span class='ocrx_word' id='word_1_471' title='bbox 1444 3487 1559 3538; x_wconf 74' lang='lat' dir='ltr'><strong>qua:</strong></span> <span class='ocrx_word' id='word_1_472' title='bbox 1585 3480 1738 3523; x_wconf 86' lang='lat' dir='ltr'><strong>erant</strong></span> <span class='ocrx_word' id='word_1_473' title='bbox 1772 3480 2130 3523; x_wconf 87' lang='lat' dir='ltr'><strong>consentanea</strong></span> 
     </span>
    </p>
   </div>
   <div class='ocr_carea' id='block_1_64' title="bbox 593 3558 2132 3629">
    <p class='ocr_par' dir='ltr' id='par_1_64' title="bbox 593 3558 2132 3629">
     <span class='ocr_line' id='line_1_64' title="bbox 593 3558 2132 3629; baseline -0.001 -16"><span class='ocrx_word' id='word_1_474' title='bbox 593 3563 868 3629; x_wconf 79' lang='lat' dir='ltr'><strong>respondit</strong></span> <span class='ocrx_word' id='word_1_475' title='bbox 903 3563 969 3614; x_wconf 87' lang='lat' dir='ltr'>iis</span> <span class='ocrx_word' id='word_1_476' title='bbox 1008 3563 1097 3629; x_wconf 89' lang='lat' dir='ltr'>qui</span> <span class='ocrx_word' id='word_1_477' title='bbox 1139 3562 1382 3615; x_wconf 83' lang='lat' dir='ltr'><strong>dicebant</strong></span> <span class='ocrx_word' id='word_1_478' title='bbox 1409 3575 1464 3614; x_wconf 86' lang='lat' dir='ltr'>se</span> <span class='ocrx_word' id='word_1_479' title='bbox 1498 3571 1554 3613; x_wconf 86' lang='lat' dir='ltr'>nt</span> <span class='ocrx_word' id='word_1_480' title='bbox 1585 3560 1838 3627; x_wconf 81' lang='lat' dir='ltr'><strong>disjectas</strong></span> <span class='ocrx_word' id='word_1_481' title='bbox 1864 3569 1914 3612; x_wconf 91' lang='lat' dir='ltr'>et</span> <span class='ocrx_word' id='word_1_482' title='bbox 1951 3558 2132 3625; x_wconf 82' lang='lat' dir='ltr'><strong>negle-</strong></span> 
     </span>
    </p>
   </div>
   <div class='ocr_carea' id='block_1_65' title="bbox 593 3650 2129 3719">
    <p class='ocr_par' dir='ltr' id='par_1_65' title="bbox 593 3650 2129 3719">
     <span class='ocr_line' id='line_1_65' title="bbox 593 3650 2129 3719; baseline -0.001 -17"><span class='ocrx_word' id='word_1_483' title='bbox 593 3654 698 3703; x_wconf 76' lang='grc' dir='ltr'>ιιιιὶ</span> <span class='ocrx_word' id='word_1_484' title='bbox 731 3652 944 3703; x_wconf 79' lang='lat' dir='ltr'><strong>habitas</strong></span> <span class='ocrx_word' id='word_1_485' title='bbox 980 3667 1063 3705; x_wconf 81' lang='lat' dir='ltr'>res</span> <span class='ocrx_word' id='word_1_486' title='bbox 1097 3652 1426 3719; x_wconf 73' lang='lat' dir='ltr'><strong>captivorum</strong></span> <span class='ocrx_word' id='word_1_487' title='bbox 1459 3650 1726 3703; x_wconf 85' lang='lat' dir='ltr'><strong>invenisse</strong></span> <span class='ocrx_word' id='word_1_488' title='bbox 1763 3660 1812 3701; x_wconf 92' lang='lat' dir='ltr'>et</span> <span class='ocrx_word' id='word_1_489' title='bbox 1853 3658 2129 3717; x_wconf 80' lang='lat' dir='ltr'><strong>propterea</strong></span> 
     </span>
    </p>
   </div>
   <div class='ocr_carea' id='block_1_66' title="bbox 594 3739 2132 3806">
    <p class='ocr_par' dir='ltr' id='par_1_66' title="bbox 594 3739 2132 3806">
     <span class='ocr_line' id='line_1_66' title="bbox 594 3739 2132 3806; baseline 0.003 -19"><span class='ocrx_word' id='word_1_490' title='bbox 594 3756 654 3791; x_wconf 62' lang='grc' dir='ltr'>«εει</span> <span class='ocrx_word' id='word_1_491' title='bbox 683 3741 781 3792; x_wconf 83' lang='lat' dir='ltr'><strong>sibi</strong></span> <span class='ocrx_word' id='word_1_492' title='bbox 813 3740 1110 3792; x_wconf 75' lang='lat' dir='ltr'><strong>vindicasse</strong></span> <span class='ocrx_word' id='word_1_493' title='bbox 1137 3756 1149 3800; x_wconf 91' lang='lat'><strong>;</strong></span> <span class='ocrx_word' id='word_1_494' title='bbox 1181 3754 1320 3791; x_wconf 91' lang='lat' dir='ltr'><strong>nunc</strong></span> <span class='ocrx_word' id='word_1_495' title='bbox 1351 3740 1417 3790; x_wconf 90' lang='lat' dir='ltr'><strong>iis</strong></span> <span class='ocrx_word' id='word_1_496' title='bbox 1447 3739 1747 3805; x_wconf 81' lang='lat' dir='ltr'><strong>respondet,</strong></span> <span class='ocrx_word' id='word_1_497' title='bbox 1781 3739 1892 3806; x_wconf 90' lang='lat' dir='ltr'><strong>qui,</strong></span> <span class='ocrx_word' id='word_1_498' title='bbox 1922 3754 2040 3805; x_wconf 67' lang='lat' dir='ltr'><strong>quac</strong></span> <span class='ocrx_word' id='word_1_499' title='bbox 2068 3739 2132 3791; x_wconf 89' lang='lat' dir='ltr'>ad</span> 
     </span>
    </p>
   </div>
   <div class='ocr_carea' id='block_1_67' title="bbox 596 3825 2132 3895">
    <p class='ocr_par' dir='ltr' id='par_1_67' title="bbox 596 3825 2132 3895">
     <span class='ocr_line' id='line_1_67' title="bbox 596 3825 2132 3895; baseline 0.003 -19"><span class='ocrx_word' id='word_1_500' title='bbox 596 3830 832 3892; x_wconf 68' lang='lat' dir='ltr'><strong>.zipiivos</strong></span> <span class='ocrx_word' id='word_1_501' title='bbox 865 3827 1222 3895; x_wconf 88' lang='lat' dir='ltr'><strong>pertinebant,</strong></span> <span class='ocrx_word' id='word_1_502' title='bbox 1273 3841 1367 3893; x_wconf 90' lang='lat' dir='ltr'>pro</span> <span class='ocrx_word' id='word_1_503' title='bbox 1398 3827 1463 3879; x_wconf 86' lang='lat' dir='ltr'><strong>iis</strong></span> <span class='ocrx_word' id='word_1_504' title='bbox 1500 3841 1619 3893; x_wconf 68' lang='lat' dir='ltr'><strong>quae</strong></span> <span class='ocrx_word' id='word_1_505' title='bbox 1651 3826 1748 3878; x_wconf 84' lang='lat' dir='ltr'><strong>sibi</strong></span> <span class='ocrx_word' id='word_1_506' title='bbox 1782 3826 1848 3878; x_wconf 92' lang='lat' dir='ltr'>ab</span> <span class='ocrx_word' id='word_1_507' title='bbox 1887 3825 2132 3880; x_wconf 84' lang='lat' dir='ltr'><strong>hostibus</strong></span> 
     </span>
    </p>
   </div>
   <div class='ocr_carea' id='block_1_68' title="bbox 597 3910 2154 3974">
    <p class='ocr_par' dir='ltr' id='par_1_68' title="bbox 597 3910 2154 3974">
     <span class='ocr_line' id='line_1_68' title="bbox 597 3910 2154 3974; baseline 0.008 -15"><span class='ocrx_word' id='word_1_508' title='bbox 597 3933 607 3974; x_wconf 61' lang='grc' dir='ltr'><strong>δ</strong></span> <span class='ocrx_word' id='word_1_509' title='bbox 635 3911 744 3962; x_wconf 83' lang='lat' dir='ltr'><strong>rius</strong></span> <span class='ocrx_word' id='word_1_510' title='bbox 762 3910 939 3964; x_wconf 82' lang='lat' dir='ltr'><strong>ablata</strong></span> <span class='ocrx_word' id='word_1_511' title='bbox 961 3911 1591 3970; x_wconf 79' lang='lat' dir='ltr'><strong>fuerant,vindic;ibaut.</strong></span> <span class='ocrx_word' id='word_1_512' title='bbox 1637 3912 1935 3966; x_wconf 87' lang='lat' dir='ltr'><strong>Dicitenim</strong></span> <span class='ocrx_word' id='word_1_513' title='bbox 1961 3926 2016 3970; x_wconf 86' lang='lat' dir='ltr'>et</span> <span class='ocrx_word' id='word_1_514' title='bbox 2054 3916 2154 3972; x_wconf 77' lang='lat' dir='ltr'><strong>hoc</strong></span> 
     </span>
    </p>
   </div>
   <div class='ocr_carea' id='block_1_69' title="bbox 591 4001 2151 4075">
    <p class='ocr_par' dir='ltr' id='par_1_69' title="bbox 591 4001 2151 4075">
     <span class='ocr_line' id='line_1_69' title="bbox 591 4001 2151 4075; baseline 0.003 -18"><span class='ocrx_word' id='word_1_515' title='bbox 591 4021 712 4059; x_wconf 71' lang='lat' dir='ltr'><strong>esse</strong></span> <span class='ocrx_word' id='word_1_516' title='bbox 731 4002 974 4057; x_wconf 77' lang='lat' dir='ltr'><strong>fraudem</strong></span> <span class='ocrx_word' id='word_1_517' title='bbox 994 4014 1047 4055; x_wconf 91' lang='lat' dir='ltr'>et</span> <span class='ocrx_word' id='word_1_518' title='bbox 1063 4001 1164 4070; x_wconf 75' lang='lat'><strong>31</strong></span> <span class='ocrx_word' id='word_1_519' title='bbox 1187 4002 1400 4056; x_wconf 88' lang='lat' dir='ltr'><strong>inanem</strong></span> <span class='ocrx_word' id='word_1_520' title='bbox 1434 4015 1774 4072; x_wconf 68' lang='lat' dir='ltr'><strong>praetextum.</strong></span> <span class='ocrx_word' id='word_1_521' title='bbox 1801 4005 1988 4075; x_wconf 82' lang='lat' dir='ltr'><strong>Neque</strong></span> <span class='ocrx_word' id='word_1_522' title='bbox 2005 4008 2151 4063; x_wconf 87' lang='lat' dir='ltr'><strong>enim</strong></span> 
     </span>
    </p>
   </div>
   <div class='ocr_carea' id='block_1_70' title="bbox 595 4089 2130 4156">
    <p class='ocr_par' dir='ltr' id='par_1_70' title="bbox 595 4089 2130 4156">
     <span class='ocr_line' id='line_1_70' title="bbox 595 4089 2130 4156; baseline 0.006 -18"><span class='ocrx_word' id='word_1_523' title='bbox 595 4103 804 4155; x_wconf 74' lang='lat' dir='ltr'><strong>aequum</strong></span> <span class='ocrx_word' id='word_1_524' title='bbox 835 4098 936 4149; x_wconf 83' lang='lat' dir='ltr'><strong>est,</strong></span> <span class='ocrx_word' id='word_1_525' title='bbox 966 4098 1022 4142; x_wconf 91' lang='lat' dir='ltr'><strong>ut</strong></span> <span class='ocrx_word' id='word_1_526' title='bbox 1058 4089 1148 4156; x_wconf 93' lang='lat' dir='ltr'>qui</span> <span class='ocrx_word' id='word_1_527' title='bbox 1186 4105 1250 4144; x_wconf 82' lang='lat' dir='ltr'><strong>ex</strong></span> <span class='ocrx_word' id='word_1_528' title='bbox 1284 4089 1422 4144; x_wconf 90' lang='lat' dir='ltr'><strong>bello</strong></span> <span class='ocrx_word' id='word_1_529' title='bbox 1446 4090 1724 4146; x_wconf 85' lang='lat' dir='ltr'><strong>barbarico</strong></span> <span class='ocrx_word' id='word_1_530' title='bbox 1752 4092 2130 4147; x_wconf 87' lang='lat' dir='ltr'><strong>detrimentum</strong></span> 
     </span>
    </p>
   </div>
   <div class='ocr_carea' id='block_1_71' title="bbox 596 4177 2132 4249">
    <p class='ocr_par' dir='ltr' id='par_1_71' title="bbox 596 4177 2132 4249">
     <span class='ocr_line' id='line_1_71' title="bbox 596 4177 2132 4249; baseline 0.007 -20"><span class='ocrx_word' id='word_1_531' title='bbox 596 4177 914 4245; x_wconf 66' lang='lat' dir='ltr'><strong>acceperint,</strong></span> <span class='ocrx_word' id='word_1_532' title='bbox 945 4192 1047 4230; x_wconf 91' lang='lat' dir='ltr'>non</span> <span class='ocrx_word' id='word_1_533' title='bbox 1070 4180 1357 4232; x_wconf 90' lang='lat' dir='ltr'><strong>toleranter</strong></span> <span class='ocrx_word' id='word_1_534' title='bbox 1377 4177 1566 4243; x_wconf 82' lang='lat' dir='ltr'><strong>ferant,</strong></span> <span class='ocrx_word' id='word_1_535' title='bbox 1590 4179 1680 4232; x_wconf 76' lang='lat' dir='ltr'>sed</span> <span class='ocrx_word' id='word_1_536' title='bbox 1703 4181 1808 4233; x_wconf 90' lang='lat' dir='ltr'><strong>sint</strong></span> <span class='ocrx_word' id='word_1_537' title='bbox 1831 4182 1928 4249; x_wconf 89' lang='lat' dir='ltr'><strong>ipsi</strong></span> <span class='ocrx_word' id='word_1_538' title='bbox 1950 4183 2132 4239; x_wconf 72' lang='lat' dir='ltr'><strong>hostes</strong></span> 
     </span>
    </p>
   </div>
   <div class='ocr_carea' id='block_1_72' title="bbox 598 4267 2132 4337">
    <p class='ocr_par' dir='ltr' id='par_1_72' title="bbox 598 4267 2132 4337">
     <span class='ocr_line' id='line_1_72' title="bbox 598 4267 2132 4337; baseline 0.005 -20"><span class='ocrx_word' id='word_1_539' title='bbox 598 4271 629 4316; x_wconf 82' lang='lat' dir='ltr'><strong>t‘.</strong></span> <span class='ocrx_word' id='word_1_540' title='bbox 648 4277 842 4329; x_wconf 84' lang='lat' dir='ltr'><strong>atrum,</strong></span> <span class='ocrx_word' id='word_1_541' title='bbox 880 4277 931 4319; x_wconf 79' lang='lat' dir='ltr'>et</span> <span class='ocrx_word' id='word_1_542' title='bbox 967 4267 1057 4320; x_wconf 90' lang='lat' dir='ltr'><strong>alii</strong></span> <span class='ocrx_word' id='word_1_543' title='bbox 1096 4269 1146 4319; x_wconf 94' lang='lat' dir='ltr'>in</span> <span class='ocrx_word' id='word_1_544' title='bbox 1190 4268 1334 4335; x_wconf 87' lang='lat' dir='ltr'><strong>ipsos</strong></span> <span class='ocrx_word' id='word_1_545' title='bbox 1359 4268 1573 4322; x_wconf 86' lang='lat' dir='ltr'><strong>barbari</strong></span> <span class='ocrx_word' id='word_1_546' title='bbox 1619 4270 1965 4337; x_wconf 86' lang='lat' dir='ltr'><strong>appellentur.</strong></span> <span class='ocrx_word' id='word_1_547' title='bbox 2001 4270 2132 4325; x_wconf 61' lang='lat' dir='ltr'><strong>Pro.</strong></span> 
     </span>
    </p>
   </div>
   <div class='ocr_carea' id='block_1_73' title="bbox 598 4357 2133 4431">
    <p class='ocr_par' dir='ltr' id='par_1_73' title="bbox 598 4357 2133 4431">
     <span class='ocr_line' id='line_1_73' title="bbox 598 4357 2133 4431; baseline 0.005 -23"><span class='ocrx_word' id='word_1_548' title='bbox 598 4367 801 4424; x_wconf 86' lang='lat' dir='ltr'><strong>pterea,</strong></span> <span class='ocrx_word' id='word_1_549' title='bbox 834 4357 1025 4424; x_wconf 85' lang='lat' dir='ltr'><strong>inquit,</strong></span> <span class='ocrx_word' id='word_1_550' title='bbox 1061 4358 1304 4411; x_wconf 88' lang='lat' dir='ltr'><strong>misimus</strong></span> <span class='ocrx_word' id='word_1_551' title='bbox 1356 4358 1420 4410; x_wconf 89' lang='lat' dir='ltr'>ad</span> <span class='ocrx_word' id='word_1_552' title='bbox 1451 4372 1546 4411; x_wconf 67' lang='lat' dir='ltr'><strong>vos</strong></span> <span class='ocrx_word' id='word_1_553' title='bbox 1575 4358 1790 4412; x_wconf 87' lang='lat' dir='ltr'><strong>fratrem</strong></span> <span class='ocrx_word' id='word_1_554' title='bbox 1827 4358 2133 4431; x_wconf 77' lang='lat' dir='ltr'><strong>Euphrosy-</strong></span> 
     </span>
    </p>
   </div>
   <div class='ocr_carea' id='block_1_74' title="bbox 2228 3288 3780 3363">
    <p class='ocr_par' dir='ltr' id='par_1_74' title="bbox 2228 3288 3780 3363">
     <span class='ocr_line' id='line_1_74' title="bbox 2228 3288 3780 3363; baseline 0 -21"><span class='ocrx_word' id='word_1_555' title='bbox 2228 3310 2244 3342; x_wconf 80' lang='grc' dir='ltr'>ι</span> <span class='ocrx_word' id='word_1_556' title='bbox 2283 3289 2355 3348; x_wconf 80' lang='grc' dir='ltr'>ὧν</span> <span class='ocrx_word' id='word_1_557' title='bbox 2385 3294 2462 3346; x_wconf 87' lang='grc' dir='ltr'>δεῖ</span> <span class='ocrx_word' id='word_1_558' title='bbox 2489 3295 2585 3355; x_wconf 79' lang='grc' dir='ltr'>τὰς</span> <span class='ocrx_word' id='word_1_559' title='bbox 2626 3294 2949 3363; x_wconf 81' lang='grc' dir='ltr'>κατηγορίας</span> <span class='ocrx_word' id='word_1_560' title='bbox 2975 3290 3311 3362; x_wconf 83' lang='grc' dir='ltr'>προσίεσθαι,</span> <span class='ocrx_word' id='word_1_561' title='bbox 3335 3292 3428 3344; x_wconf 75' lang='grc' dir='ltr'>καὶ</span> <span class='ocrx_word' id='word_1_562' title='bbox 3454 3288 3548 3356; x_wconf 77' lang='grc' dir='ltr'>οὓς</span> <span class='ocrx_word' id='word_1_563' title='bbox 3577 3290 3654 3342; x_wconf 86' lang='grc' dir='ltr'>δεῖ</span> <span class='ocrx_word' id='word_1_564' title='bbox 3682 3292 3780 3342; x_wconf 80' lang='grc' dir='ltr'>ἐκ·</span> 
     </span>
    </p>
   </div>
   <div class='ocr_carea' id='block_1_75' title="bbox 2222 3382 2898 3455">
    <p class='ocr_par' dir='ltr' id='par_1_75' title="bbox 2222 3382 2898 3455">
     <span class='ocr_line' id='line_1_75' title="bbox 2222 3382 2898 3455; baseline -0.003 -21"><span class='ocrx_word' id='word_1_565' title='bbox 2222 3404 2237 3434; x_wconf 81' lang='lat' dir='ltr'>t</span> <span class='ocrx_word' id='word_1_566' title='bbox 2280 3384 2506 3455; x_wconf 82' lang='grc' dir='ltr'>κηρύξαι</span> <span class='ocrx_word' id='word_1_567' title='bbox 2539 3384 2644 3435; x_wconf 90' lang='grc' dir='ltr'>τῶν</span> <span class='ocrx_word' id='word_1_568' title='bbox 2674 3382 2898 3452; x_wconf 69' lang='grc' dir='ltr'>εὐχῶν.»</span> 
     </span>
    </p>
   </div>
   <div class='ocr_carea' id='block_1_76' title="bbox 2294 3467 3783 3540">
    <p class='ocr_par' dir='ltr' id='par_1_76' title="bbox 2294 3467 3783 3540">
     <span class='ocr_line' id='line_1_76' title="bbox 2294 3467 3783 3540; baseline -0.005 -15"><span class='ocrx_word' id='word_1_569' title='bbox 2294 3474 2486 3526; x_wconf 78' lang='grc' dir='ltr'><strong>ΒΑΛΣ.</strong></span> <span class='ocrx_word' id='word_1_570' title='bbox 2533 3471 3025 3540; x_wconf 78' lang='grc' dir='ltr'>’Δπολογησάμενος</span> <span class='ocrx_word' id='word_1_571' title='bbox 3075 3471 3102 3522; x_wconf 85' lang='grc' dir='ltr'>ὁ</span> <span class='ocrx_word' id='word_1_572' title='bbox 3129 3469 3278 3536; x_wconf 72' lang='grc' dir='ltr'>ἅγιος</span> <span class='ocrx_word' id='word_1_573' title='bbox 3313 3469 3380 3520; x_wconf 89' lang='grc' dir='ltr'>τά</span> <span class='ocrx_word' id='word_1_574' title='bbox 3419 3469 3602 3521; x_wconf 79' lang='grc' dir='ltr'>είκοτα</span> <span class='ocrx_word' id='word_1_575' title='bbox 3641 3467 3783 3538; x_wconf 84' lang='grc' dir='ltr'>πρὸς</span> 
     </span>
    </p>
   </div>
   <div class='ocr_carea' id='block_1_77' title="bbox 2222 3556 3783 3632">
    <p class='ocr_par' dir='ltr' id='par_1_77' title="bbox 2222 3556 3783 3632">
     <span class='ocr_line' id='line_1_77' title="bbox 2222 3556 3783 3632; baseline -0.005 -16"><span class='ocrx_word' id='word_1_576' title='bbox 2222 3567 2345 3625; x_wconf 69' lang='grc' dir='ltr'>τοὺς</span> <span class='ocrx_word' id='word_1_577' title='bbox 2368 3563 2642 3630; x_wconf 86' lang='grc' dir='ltr'>λέγοντας,</span> <span class='ocrx_word' id='word_1_578' title='bbox 2673 3561 2745 3623; x_wconf 86' lang='grc' dir='ltr'>ὼς</span> <span class='ocrx_word' id='word_1_579' title='bbox 2791 3560 3092 3632; x_wconf 68' lang='grc' dir='ltr'>ἐρριμμένα</span> <span class='ocrx_word' id='word_1_580' title='bbox 3137 3559 3230 3611; x_wconf 88' lang='grc' dir='ltr'>καί</span> <span class='ocrx_word' id='word_1_581' title='bbox 3259 3557 3570 3627; x_wconf 83' lang='grc' dir='ltr'>ἀτημέλητα</span> <span class='ocrx_word' id='word_1_582' title='bbox 3597 3556 3783 3626; x_wconf 78' lang='grc' dir='ltr'>εὑρεῖν</span> 
     </span>
    </p>
   </div>
   <div class='ocr_carea' id='block_1_78' title="bbox 2221 3646 3784 3722">
    <p class='ocr_par' dir='ltr' id='par_1_78' title="bbox 2221 3646 3784 3722">
     <span class='ocr_line' id='line_1_78' title="bbox 2221 3646 3784 3722; baseline -0.006 -15"><span class='ocrx_word' id='word_1_583' title='bbox 2221 3655 2288 3707; x_wconf 75' lang='grc' dir='ltr'>τὰ</span> <span class='ocrx_word' id='word_1_584' title='bbox 2315 3653 2422 3706; x_wconf 88' lang='grc' dir='ltr'>τῶν</span> <span class='ocrx_word' id='word_1_585' title='bbox 2447 3651 2980 3722; x_wconf 73' lang='grc' dir='ltr'>αἰχμαλωτισθέντων</span> <span class='ocrx_word' id='word_1_586' title='bbox 3037 3650 3352 3718; x_wconf 85' lang='grc' dir='ltr'>πράγματα,</span> <span class='ocrx_word' id='word_1_587' title='bbox 3377 3648 3471 3700; x_wconf 75' lang='grc' dir='ltr'>καὶ</span> <span class='ocrx_word' id='word_1_588' title='bbox 3501 3647 3589 3700; x_wconf 78' lang='grc' dir='ltr'>διὰ</span> <span class='ocrx_word' id='word_1_589' title='bbox 3619 3646 3784 3699; x_wconf 80' lang='grc' dir='ltr'>τοῦτο</span> 
     </span>
    </p>
   </div>
   <div class='ocr_carea' id='block_1_79' title="bbox 2228 3739 3782 3811">
    <p class='ocr_par' dir='ltr' id='par_1_79' title="bbox 2228 3739 3782 3811">
     <span class='ocr_line' id='line_1_79' title="bbox 2228 3739 3782 3811; baseline -0.004 -15"><span class='ocrx_word' id='word_1_590' title='bbox 2228 3744 2533 3796; x_wconf 71' lang='grc' dir='ltr'>ἰδιώσασθαι</span> <span class='ocrx_word' id='word_1_591' title='bbox 2561 3743 2711 3796; x_wconf 61' lang='grc' dir='ltr'>αὐτὼ</span> <span class='ocrx_word' id='word_1_592' title='bbox 2767 3743 2887 3811; x_wconf 80' lang='grc' dir='ltr'>ἀρτι</span> <span class='ocrx_word' id='word_1_593' title='bbox 2916 3739 3252 3806; x_wconf 79' lang='grc' dir='ltr'>ἀπολογεῖται</span> <span class='ocrx_word' id='word_1_594' title='bbox 3283 3739 3417 3809; x_wconf 82' lang='grc' dir='ltr'>πρὸς</span> <span class='ocrx_word' id='word_1_595' title='bbox 3459 3740 3584 3800; x_wconf 81' lang='grc' dir='ltr'>τοὺς</span> <span class='ocrx_word' id='word_1_596' title='bbox 3627 3739 3782 3790; x_wconf 85' lang='grc' dir='ltr'>ἀντι-</span> 
     </span>
    </p>
   </div>
   <div class='ocr_carea' id='block_1_80' title="bbox 2227 3827 3784 3902">
    <p class='ocr_par' dir='ltr' id='par_1_80' title="bbox 2227 3827 3784 3902">
     <span class='ocr_line' id='line_1_80' title="bbox 2227 3827 3784 3902; baseline -0.004 -17"><span class='ocrx_word' id='word_1_597' title='bbox 2227 3835 2574 3902; x_wconf 79' lang='grc' dir='ltr'>ποιουμένους</span> <span class='ocrx_word' id='word_1_598' title='bbox 2602 3831 2706 3884; x_wconf 91' lang='grc' dir='ltr'>τῶν</span> <span class='ocrx_word' id='word_1_599' title='bbox 2739 3829 3096 3898; x_wconf 79' lang='grc' dir='ltr'>διαφερόντων</span> <span class='ocrx_word' id='word_1_600' title='bbox 3133 3831 3242 3890; x_wconf 86' lang='grc' dir='ltr'>τοῖς</span> <span class='ocrx_word' id='word_1_601' title='bbox 3270 3827 3784 3896; x_wconf 85' lang='grc' dir='ltr'>αίχμαλωτισθεῖσιν</span> 
     </span>
    </p>
   </div>
   <div class='ocr_carea' id='block_1_81' title="bbox 2223 3916 3786 3989">
    <p class='ocr_par' dir='ltr' id='par_1_81' title="bbox 2223 3916 3786 3989">
     <span class='ocr_line' id='line_1_81' title="bbox 2223 3916 3786 3989; baseline -0.004 -15"><span class='ocrx_word' id='word_1_602' title='bbox 2223 3922 2341 3976; x_wconf 69' lang='grc' dir='ltr'>ἀντὶ</span> <span class='ocrx_word' id='word_1_603' title='bbox 2364 3922 2470 3974; x_wconf 87' lang='grc' dir='ltr'>τῶν</span> <span class='ocrx_word' id='word_1_604' title='bbox 2492 3920 2802 3989; x_wconf 83' lang='grc' dir='ltr'>φθασάντων</span> <span class='ocrx_word' id='word_1_605' title='bbox 2823 3917 2969 3988; x_wconf 88' lang='grc' dir='ltr'>παρά</span> <span class='ocrx_word' id='word_1_606' title='bbox 2988 3918 3094 3969; x_wconf 89' lang='grc' dir='ltr'>τῶν</span> <span class='ocrx_word' id='word_1_607' title='bbox 3125 3917 3395 3985; x_wconf 86' lang='grc' dir='ltr'>πολεμίων</span> <span class='ocrx_word' id='word_1_608' title='bbox 3415 3916 3786 3986; x_wconf 72' lang='grc' dir='ltr'>ἀφαιρεθῆναι</span> 
     </span>
    </p>
   </div>
   <div class='ocr_carea' id='block_1_82' title="bbox 2224 4005 3781 4080">
    <p class='ocr_par' dir='ltr' id='par_1_82' title="bbox 2224 4005 3781 4080">
     <span class='ocr_line' id='line_1_82' title="bbox 2224 4005 3781 4080; baseline -0.004 -16"><span class='ocrx_word' id='word_1_609' title='bbox 2224 4012 2559 4080; x_wconf 83' lang='grc' dir='ltr'>πραγμάτων</span> <span class='ocrx_word' id='word_1_610' title='bbox 2584 4008 2776 4061; x_wconf 79' lang='grc' dir='ltr'>αὐτῶν.</span> <span class='ocrx_word' id='word_1_611' title='bbox 2828 4008 2963 4075; x_wconf 76' lang='grc' dir='ltr'>Φησὶ</span> <span class='ocrx_word' id='word_1_612' title='bbox 3017 4006 3123 4074; x_wconf 79' lang='grc' dir='ltr'>γὰρ</span> <span class='ocrx_word' id='word_1_613' title='bbox 3162 4005 3236 4066; x_wconf 84' lang='grc' dir='ltr'>ὡς</span> <span class='ocrx_word' id='word_1_614' title='bbox 3276 4005 3366 4056; x_wconf 84' lang='grc' dir='ltr'>καὶ</span> <span class='ocrx_word' id='word_1_615' title='bbox 3411 4005 3567 4057; x_wconf 84' lang='grc' dir='ltr'>τοῦτο</span> <span class='ocrx_word' id='word_1_616' title='bbox 3593 4007 3781 4077; x_wconf 81' lang='grc' dir='ltr'>ἀπάτη</span> 
     </span>
    </p>
   </div>
   <div class='ocr_carea' id='block_1_83' title="bbox 2225 4092 3782 4167">
    <p class='ocr_par' dir='ltr' id='par_1_83' title="bbox 2225 4092 3782 4167">
     <span class='ocr_line' id='line_1_83' title="bbox 2225 4092 3782 4167; baseline -0.003 -15"><span class='ocrx_word' id='word_1_617' title='bbox 2225 4101 2339 4153; x_wconf 77' lang='grc' dir='ltr'>ἐστὶ</span> <span class='ocrx_word' id='word_1_618' title='bbox 2361 4100 2453 4150; x_wconf 76' lang='grc' dir='ltr'>καὶ</span> <span class='ocrx_word' id='word_1_619' title='bbox 2512 4098 2709 4167; x_wconf 85' lang='grc' dir='ltr'>ματαία</span> <span class='ocrx_word' id='word_1_620' title='bbox 2754 4096 3041 4166; x_wconf 84' lang='grc' dir='ltr'>πρόφασις.</span> <span class='ocrx_word' id='word_1_621' title='bbox 3072 4092 3202 4144; x_wconf 83' lang='grc' dir='ltr'>Οὑδὲ</span> <span class='ocrx_word' id='word_1_622' title='bbox 3256 4092 3363 4161; x_wconf 79' lang='grc' dir='ltr'>γὰρ</span> <span class='ocrx_word' id='word_1_623' title='bbox 3409 4093 3616 4146; x_wconf 87' lang='grc' dir='ltr'>δίκαιόν</span> <span class='ocrx_word' id='word_1_624' title='bbox 3659 4095 3782 4149; x_wconf 84' lang='grc' dir='ltr'>ἐστι</span> 
     </span>
    </p>
   </div>
   <div class='ocr_carea' id='block_1_84' title="bbox 2222 4182 3781 4255">
    <p class='ocr_par' dir='ltr' id='par_1_84' title="bbox 2222 4182 3781 4255">
     <span class='ocr_line' id='line_1_84' title="bbox 2222 4182 3781 4255; baseline -0.002 -14"><span class='ocrx_word' id='word_1_625' title='bbox 2222 4189 2440 4249; x_wconf 78' lang='grc' dir='ltr'>τούτους</span> <span class='ocrx_word' id='word_1_626' title='bbox 2469 4187 2750 4255; x_wconf 83' lang='grc' dir='ltr'>γεγονότας</span> <span class='ocrx_word' id='word_1_627' title='bbox 2774 4185 3141 4254; x_wconf 79' lang='grc' dir='ltr'>παρανάλωμα</span> <span class='ocrx_word' id='word_1_628' title='bbox 3166 4182 3420 4251; x_wconf 85' lang='grc' dir='ltr'>πολεμίου</span> <span class='ocrx_word' id='word_1_629' title='bbox 3443 4183 3781 4254; x_wconf 87' lang='grc' dir='ltr'>βαρϐαρικοῦ</span> 
     </span>
    </p>
   </div>
   <div class='ocr_carea' id='block_1_85' title="bbox 2228 4271 3781 4349">
    <p class='ocr_par' dir='ltr' id='par_1_85' title="bbox 2228 4271 3781 4349">
     <span class='ocr_line' id='line_1_85' title="bbox 2228 4271 3781 4349; baseline -0.003 -19"><span class='ocrx_word' id='word_1_630' title='bbox 2228 4279 2301 4349; x_wconf 84' lang='grc' dir='ltr'>μὴ</span> <span class='ocrx_word' id='word_1_631' title='bbox 2356 4278 2705 4347; x_wconf 70' lang='grc' dir='ltr'>καρτερῆσαι,</span> <span class='ocrx_word' id='word_1_632' title='bbox 2751 4275 2881 4326; x_wconf 81' lang='grc' dir='ltr'>ἀλλὰ</span> <span class='ocrx_word' id='word_1_633' title='bbox 2925 4271 3170 4341; x_wconf 85' lang='grc' dir='ltr'>γενέσθαι</span> <span class='ocrx_word' id='word_1_634' title='bbox 3238 4272 3432 4334; x_wconf 74' lang='grc' dir='ltr'>αὑτοὺς</span> <span class='ocrx_word' id='word_1_635' title='bbox 3486 4273 3781 4341; x_wconf 90' lang='grc' dir='ltr'>πολεμίους</span> 
     </span>
    </p>
   </div>
   <div class='ocr_carea' id='block_1_86' title="bbox 2225 4363 3784 4434">
    <p class='ocr_par' dir='ltr' id='par_1_86' title="bbox 2225 4363 3784 4434">
     <span class='ocr_line' id='line_1_86' title="bbox 2225 4363 3784 4434; baseline -0.003 -16"><span class='ocrx_word' id='word_1_636' title='bbox 2225 4367 2332 4419; x_wconf 89' lang='grc' dir='ltr'>τῶν</span> <span class='ocrx_word' id='word_1_637' title='bbox 2357 4366 2628 4434; x_wconf 82' lang='grc' dir='ltr'>ἀδελφῶν,</span> <span class='ocrx_word' id='word_1_638' title='bbox 2677 4367 2768 4416; x_wconf 68' lang='grc' dir='ltr'>καὶ</span> <span class='ocrx_word' id='word_1_639' title='bbox 2808 4365 3140 4434; x_wconf 75' lang='grc' dir='ltr'>χρηματίσαι</span> <span class='ocrx_word' id='word_1_640' title='bbox 3189 4363 3265 4423; x_wconf 85' lang='grc' dir='ltr'>είς</span> <span class='ocrx_word' id='word_1_641' title='bbox 3312 4363 3529 4424; x_wconf 78' lang='grc' dir='ltr'>τούτους</span> <span class='ocrx_word' id='word_1_642' title='bbox 3585 4363 3784 4427; x_wconf 79' lang='grc' dir='ltr'>ἀλλους</span> 
     </span>
    </p>
   </div>
   <div class='ocr_carea' id='block_1_87' title="bbox 601 4447 2127 4534">
    <p class='ocr_par' dir='ltr' id='par_1_87' title="bbox 601 4447 2127 4518">
     <span class='ocr_line' id='line_1_87' title="bbox 601 4447 2127 4518; baseline 0.003 -18"><span class='ocrx_word' id='word_1_643' title='bbox 601 4463 750 4511; x_wconf 89' lang='lat' dir='ltr'><strong>num,</strong></span> <span class='ocrx_word' id='word_1_644' title='bbox 784 4457 839 4499; x_wconf 89' lang='lat' dir='ltr'><strong>ut</strong></span> <span class='ocrx_word' id='word_1_645' title='bbox 867 4447 1015 4514; x_wconf 67' lang='lat' dir='ltr'><strong>juxta</strong></span> <span class='ocrx_word' id='word_1_646' title='bbox 1054 4447 1275 4499; x_wconf 89' lang='lat' dir='ltr'><strong>formam</strong></span> <span class='ocrx_word' id='word_1_647' title='bbox 1307 4447 1392 4499; x_wconf 87' lang='lat' dir='ltr'><strong>hic</strong></span> <span class='ocrx_word' id='word_1_648' title='bbox 1424 4448 1693 4512; x_wconf 88' lang='lat' dir='ltr'><strong>traditam,</strong></span> <span class='ocrx_word' id='word_1_649' title='bbox 1741 4464 1832 4503; x_wconf 86' lang='lat' dir='ltr'>seu</span> <span class='ocrx_word' id='word_1_650' title='bbox 1873 4451 2127 4518; x_wconf 85' lang='lat' dir='ltr'><strong>quemad-</strong></span> 
     </span>
    </p>
   </div>
   <div class='ocr_carea' id='block_1_88' title="bbox 2220 4447 3781 4534">
    <p class='ocr_par' dir='ltr' id='par_1_88' title="bbox 2226 4452 3781 4526">
     <span class='ocr_line' id='line_1_88' title="bbox 2226 4452 3781 4526; baseline -0.003 -19"><span class='ocrx_word' id='word_1_651' title='bbox 2226 4455 2545 4526; x_wconf 82' lang='grc' dir='ltr'>βαρϐάρους.</span> <span class='ocrx_word' id='word_1_652' title='bbox 2575 4455 2670 4506; x_wconf 80' lang='grc' dir='ltr'>Διά</span> <span class='ocrx_word' id='word_1_653' title='bbox 2691 4456 2860 4508; x_wconf 73' lang='grc' dir='ltr'>ταῦτα</span> <span class='ocrx_word' id='word_1_654' title='bbox 2886 4457 3295 4523; x_wconf 82' lang='grc' dir='ltr'>ἀπεστείλαμεν,</span> <span class='ocrx_word' id='word_1_655' title='bbox 3321 4454 3487 4520; x_wconf 88' lang='grc' dir='ltr'>λέγει,</span> <span class='ocrx_word' id='word_1_656' title='bbox 3513 4453 3603 4505; x_wconf 85' lang='grc' dir='ltr'>τὸν</span> <span class='ocrx_word' id='word_1_657' title='bbox 3624 4452 3781 4504; x_wconf 84' lang='grc' dir='ltr'>ἀδελ-</span> 
     </span>
    </p>
   </div>
   <div class='ocr_carea' id='block_1_89' title="bbox 597 4535 2127 4614">
    <p class='ocr_par' dir='ltr' id='par_1_89' title="bbox 597 4535 2127 4606">
     <span class='ocr_line' id='line_1_89' title="bbox 597 4535 2127 4606; baseline 0.004 -18"><span class='ocrx_word' id='word_1_658' title='bbox 597 4537 812 4590; x_wconf 88' lang='lat' dir='ltr'><strong>modnm</strong></span> <span class='ocrx_word' id='word_1_659' title='bbox 849 4537 932 4590; x_wconf 85' lang='lat' dir='ltr'>hic</span> <span class='ocrx_word' id='word_1_660' title='bbox 975 4535 1228 4599; x_wconf 82' lang='lat' dir='ltr'><strong>fecimus,</strong></span> <span class='ocrx_word' id='word_1_661' title='bbox 1265 4537 1420 4590; x_wconf 86' lang='lat' dir='ltr'><strong>isthic</strong></span> <span class='ocrx_word' id='word_1_662' title='bbox 1454 4552 1666 4606; x_wconf 87' lang='lat' dir='ltr'><strong>quoque</strong></span> <span class='ocrx_word' id='word_1_663' title='bbox 1697 4540 1784 4592; x_wconf 91' lang='lat' dir='ltr'>det</span> <span class='ocrx_word' id='word_1_664' title='bbox 1817 4539 2042 4594; x_wconf 89' lang='lat' dir='ltr'><strong>formam</strong></span> <span class='ocrx_word' id='word_1_665' title='bbox 2077 4547 2127 4594; x_wconf 85' lang='lat' dir='ltr'><strong>ut</strong></span> 
     </span>
    </p>
   </div>
   <div class='ocr_carea' id='block_1_90' title="bbox 2220 4535 3783 4614">
    <p class='ocr_par' dir='ltr' id='par_1_90' title="bbox 2227 4541 3783 4614">
     <span class='ocr_line' id='line_1_90' title="bbox 2227 4541 3783 4614; baseline 0.001 -17"><span class='ocrx_word' id='word_1_666' title='bbox 2227 4546 2322 4612; x_wconf 78' lang='grc' dir='ltr'>φὺν</span> <span class='ocrx_word' id='word_1_667' title='bbox 2347 4546 2687 4614; x_wconf 82' lang='grc' dir='ltr'>Εὑφρόσυνον</span> <span class='ocrx_word' id='word_1_668' title='bbox 2717 4545 2849 4614; x_wconf 82' lang='grc' dir='ltr'>πρὸς</span> <span class='ocrx_word' id='word_1_669' title='bbox 2886 4546 3046 4614; x_wconf 79' lang='grc' dir='ltr'>ὑμᾶς,</span> <span class='ocrx_word' id='word_1_670' title='bbox 3090 4546 3178 4597; x_wconf 78' lang='grc' dir='ltr'>ἵνα</span> <span class='ocrx_word' id='word_1_671' title='bbox 3208 4545 3346 4596; x_wconf 86' lang='grc' dir='ltr'>κατά</span> <span class='ocrx_word' id='word_1_672' title='bbox 3402 4543 3491 4594; x_wconf 83' lang='grc' dir='ltr'>τδν</span> <span class='ocrx_word' id='word_1_673' title='bbox 3543 4541 3783 4598; x_wconf 79' lang='grc' dir='ltr'>ἐνταῦθα</span> 
     </span>
    </p>
   </div>
   <div class='ocr_carea' id='block_1_91' title="bbox 598 4624 2132 4697">
    <p class='ocr_par' dir='ltr' id='par_1_91' title="bbox 598 4624 2132 4697">
     <span class='ocr_line' id='line_1_91' title="bbox 598 4624 2132 4697; baseline 0.002 -17"><span class='ocrx_word' id='word_1_674' title='bbox 598 4630 672 4681; x_wconf 77' lang='lat' dir='ltr'>sic</span> <span class='ocrx_word' id='word_1_675' title='bbox 701 4642 796 4681; x_wconf 76' lang='lat' dir='ltr'><strong>vos</strong></span> <span class='ocrx_word' id='word_1_676' title='bbox 827 4626 1052 4678; x_wconf 81' lang='lat' dir='ltr'><strong>faciatis.</strong></span> <span class='ocrx_word' id='word_1_677' title='bbox 1086 4624 1278 4678; x_wconf 85' lang='lat' dir='ltr'><strong>Deinde</strong></span> <span class='ocrx_word' id='word_1_678' title='bbox 1303 4627 1431 4679; x_wconf 86' lang='lat' dir='ltr'><strong>dicit</strong></span> <span class='ocrx_word' id='word_1_679' title='bbox 1458 4645 1468 4679; x_wconf 93' lang='lat'>:</span> <span class='ocrx_word' id='word_1_680' title='bbox 1504 4625 1889 4697; x_wconf 82' lang='lat' dir='ltr'><strong>Euphrosynus</strong></span> <span class='ocrx_word' id='word_1_681' title='bbox 1917 4645 2009 4683; x_wconf 78' lang='lat' dir='ltr'><strong>vos</strong></span> <span class='ocrx_word' id='word_1_682' title='bbox 2035 4629 2132 4683; x_wconf 91' lang='lat' dir='ltr'><strong>do-</strong></span> 
     </span>
    </p>
   </div>
   <div class='ocr_carea' id='block_1_92' title="bbox 597 4715 2133 4784">
    <p class='ocr_par' dir='ltr' id='par_1_92' title="bbox 597 4715 2133 4784">
     <span class='ocr_line' id='line_1_92' title="bbox 597 4715 2133 4784; baseline 0.002 -15"><span class='ocrx_word' id='word_1_683' title='bbox 597 4718 736 4769; x_wconf 78' lang='lat' dir='ltr'><strong>ccbit</strong></span> <span class='ocrx_word' id='word_1_684' title='bbox 763 4732 1024 4784; x_wconf 83' lang='lat' dir='ltr'><strong>quosnam</strong></span> <span class='ocrx_word' id='word_1_685' title='bbox 1059 4725 1110 4769; x_wconf 89' lang='lat' dir='ltr'>et</span> <span class='ocrx_word' id='word_1_686' title='bbox 1139 4715 1394 4769; x_wconf 70' lang='lat' dir='ltr'><strong>adversus</strong></span> <span class='ocrx_word' id='word_1_687' title='bbox 1426 4731 1561 4784; x_wconf 82' lang='lat' dir='ltr'><strong>quos</strong></span> <span class='ocrx_word' id='word_1_688' title='bbox 1591 4727 1908 4772; x_wconf 88' lang='lat' dir='ltr'><strong>accusantes</strong></span> <span class='ocrx_word' id='word_1_689' title='bbox 1940 4719 2133 4772; x_wconf 88' lang='lat' dir='ltr'><strong>admit-</strong></span> 
     </span>
    </p>
   </div>
   <div class='ocr_carea' id='block_1_93' title="bbox 600 4804 2130 4873">
    <p class='ocr_par' dir='ltr' id='par_1_93' title="bbox 600 4804 2130 4873">
     <span class='ocr_line' id='line_1_93' title="bbox 600 4804 2130 4873; baseline 0.003 -14"><span class='ocrx_word' id='word_1_690' title='bbox 600 4820 730 4869; x_wconf 82' lang='lat' dir='ltr'><strong>tere,</strong></span> <span class='ocrx_word' id='word_1_691' title='bbox 762 4819 809 4859; x_wconf 86' lang='lat' dir='ltr'>et</span> <span class='ocrx_word' id='word_1_692' title='bbox 846 4821 1104 4873; x_wconf 84' lang='lat' dir='ltr'><strong>quosnam</strong></span> <span class='ocrx_word' id='word_1_693' title='bbox 1149 4805 1214 4858; x_wconf 87' lang='lat' dir='ltr'>ab</span> <span class='ocrx_word' id='word_1_694' title='bbox 1251 4804 1483 4858; x_wconf 86' lang='lat' dir='ltr'><strong>Ecclesia</strong></span> <span class='ocrx_word' id='word_1_695' title='bbox 1526 4817 1576 4858; x_wconf 87' lang='lat' dir='ltr'>et</span> <span class='ocrx_word' id='word_1_696' title='bbox 1624 4807 1856 4861; x_wconf 82' lang='lat' dir='ltr'><strong>titleliunt</strong></span> <span class='ocrx_word' id='word_1_697' title='bbox 1890 4822 2130 4864; x_wconf 85' lang='lat' dir='ltr'><strong>commu-</strong></span> 
     </span>
    </p>
   </div>
   <div class='ocr_carea' id='block_1_94' title="bbox 601 4896 1317 4963">
    <p class='ocr_par' dir='ltr' id='par_1_94' title="bbox 601 4896 1317 4963">
     <span class='ocr_line' id='line_1_94' title="bbox 601 4896 1317 4963; baseline -0.001 -15"><span class='ocrx_word' id='word_1_698' title='bbox 601 4897 758 4948; x_wconf 87' lang='lat' dir='ltr'><strong>nione</strong></span> <span class='ocrx_word' id='word_1_699' title='bbox 782 4896 1025 4948; x_wconf 78' lang='lat' dir='ltr'><strong>abdicare</strong></span> <span class='ocrx_word' id='word_1_700' title='bbox 1059 4905 1317 4963; x_wconf 76' lang='lat' dir='ltr'><strong>oporteat.</strong></span> 
     </span>
    </p>
   </div>
   <div class='ocr_carea' id='block_1_95' title="bbox 670 5163 2138 5234">
    <p class='ocr_par' dir='ltr' id='par_1_95' title="bbox 670 5163 2138 5234">
     <span class='ocr_line' id='line_1_95' title="bbox 670 5163 2138 5234; baseline 0.005 -18"><span class='ocrx_word' id='word_1_701' title='bbox 670 5166 870 5218; x_wconf 52' lang='lat' dir='ltr'><strong>Zona.</strong></span> <span class='ocrx_word' id='word_1_702' title='bbox 913 5163 1183 5228; x_wconf 71' lang='lat' dir='ltr'><strong>Nonnulli,</strong></span> <span class='ocrx_word' id='word_1_703' title='bbox 1233 5169 1422 5234; x_wconf 87' lang='lat' dir='ltr'><strong>inquit,</strong></span> <span class='ocrx_word' id='word_1_704' title='bbox 1475 5170 1691 5221; x_wconf 73' lang='lat' dir='ltr'><strong>artussis</strong></span> <span class='ocrx_word' id='word_1_705' title='bbox 1720 5170 1879 5222; x_wconf 85' lang='lat' dir='ltr'><strong>rebus</strong></span> <span class='ocrx_word' id='word_1_706' title='bbox 1906 5171 2038 5234; x_wconf 69' lang='lat' dir='ltr'><strong>suis,</strong></span> <span class='ocrx_word' id='word_1_707' title='bbox 2077 5185 2138 5224; x_wconf 77' lang='lat' dir='ltr'>ac</span> 
     </span>
    </p>
   </div>
   <div class='ocr_carea' id='block_1_96' title="bbox 599 5255 2139 5325">
    <p class='ocr_par' dir='ltr' id='par_1_96' title="bbox 599 5255 2139 5325">
     <span class='ocr_line' id='line_1_96' title="bbox 599 5255 2139 5325; baseline 0.002 -16"><span class='ocrx_word' id='word_1_708' title='bbox 599 5257 775 5310; x_wconf 84' lang='lat' dir='ltr'><strong>aliena</strong></span> <span class='ocrx_word' id='word_1_709' title='bbox 818 5255 1169 5318; x_wconf 77' lang='lat' dir='ltr'><strong>invenientes,</strong></span> <span class='ocrx_word' id='word_1_710' title='bbox 1199 5271 1296 5323; x_wconf 88' lang='lat' dir='ltr'>pro</span> <span class='ocrx_word' id='word_1_711' title='bbox 1328 5257 1392 5310; x_wconf 71' lang='lat' dir='ltr'>iis</span> <span class='ocrx_word' id='word_1_712' title='bbox 1429 5271 1545 5325; x_wconf 70' lang='lat' dir='ltr'><strong>quae</strong></span> <span class='ocrx_word' id='word_1_713' title='bbox 1586 5260 1880 5312; x_wconf 79' lang='lat' dir='ltr'><strong>amiserunt</strong></span> <span class='ocrx_word' id='word_1_714' title='bbox 1911 5273 1974 5312; x_wconf 85' lang='lat' dir='ltr'><strong>ea</strong></span> <span class='ocrx_word' id='word_1_715' title='bbox 2002 5259 2139 5313; x_wconf 82' lang='lat' dir='ltr'><strong>deti-</strong></span> 
     </span>
    </p>
   </div>
   <div class='ocr_carea' id='block_1_97' title="bbox 601 5345 2137 5414">
    <p class='ocr_par' dir='ltr' id='par_1_97' title="bbox 601 5345 2137 5414">
     <span class='ocr_line' id='line_1_97' title="bbox 601 5345 2137 5414; baseline -0.002 -13"><span class='ocrx_word' id='word_1_716' title='bbox 601 5361 727 5401; x_wconf 81' lang='lat' dir='ltr'><strong>nere</strong></span> <span class='ocrx_word' id='word_1_717' title='bbox 758 5360 817 5398; x_wconf 85' lang='lat' dir='ltr'>se</span> <span class='ocrx_word' id='word_1_718' title='bbox 841 5355 1107 5408; x_wconf 80' lang='lat' dir='ltr'><strong>asserunt,</strong></span> <span class='ocrx_word' id='word_1_719' title='bbox 1169 5347 1374 5414; x_wconf 83' lang='lat' dir='ltr'><strong>seipsos</strong></span> <span class='ocrx_word' id='word_1_720' title='bbox 1404 5346 1746 5413; x_wconf 78' lang='lat' dir='ltr'><strong>decipientes.</strong></span> <span class='ocrx_word' id='word_1_721' title='bbox 1783 5345 1937 5412; x_wconf 87' lang='lat' dir='ltr'><strong>Quod</strong></span> <span class='ocrx_word' id='word_1_722' title='bbox 1971 5348 2137 5413; x_wconf 90' lang='lat' dir='ltr'><strong>enim,</strong></span> 
     </span>
    </p>
   </div>
   <div class='ocr_carea' id='block_1_98' title="bbox 603 5430 2140 5504">
    <p class='ocr_par' dir='ltr' id='par_1_98' title="bbox 603 5430 2140 5504">
     <span class='ocr_line' id='line_1_98' title="bbox 603 5430 2140 5504; baseline -0.003 -11"><span class='ocrx_word' id='word_1_723' title='bbox 603 5447 695 5502; x_wconf 75' lang='lat' dir='ltr'><strong>ait,</strong></span> <span class='ocrx_word' id='word_1_724' title='bbox 723 5437 830 5492; x_wconf 86' lang='lat' dir='ltr'><strong>illis</strong></span> <span class='ocrx_word' id='word_1_725' title='bbox 860 5430 1015 5491; x_wconf 80' lang='lat' dir='ltr'><strong>fuere</strong></span> <span class='ocrx_word' id='word_1_726' title='bbox 1053 5437 1235 5489; x_wconf 64' lang='lat' dir='ltr'><strong>boues</strong></span> <span class='ocrx_word' id='word_1_727' title='bbox 1262 5436 1498 5498; x_wconf 84' lang='lat' dir='ltr'><strong>barbari,</strong></span> <span class='ocrx_word' id='word_1_728' title='bbox 1527 5435 1625 5489; x_wconf 84' lang='lat' dir='ltr'><strong>hoc</strong></span> <span class='ocrx_word' id='word_1_729' title='bbox 1659 5437 1756 5504; x_wconf 78' lang='lat' dir='ltr'><strong>ipsi</strong></span> <span class='ocrx_word' id='word_1_730' title='bbox 1794 5439 1928 5489; x_wconf 85' lang='lat' dir='ltr'><strong>llunt</strong></span> <span class='ocrx_word' id='word_1_731' title='bbox 1958 5434 2140 5489; x_wconf 86' lang='lat' dir='ltr'><strong>fratri-</strong></span> 
     </span>
    </p>
   </div>
   <div class='ocr_carea' id='block_1_99' title="bbox 603 5525 2135 5594">
    <p class='ocr_par' dir='ltr' id='par_1_99' title="bbox 603 5525 2135 5594">
     <span class='ocr_line' id='line_1_99' title="bbox 603 5525 2135 5594; baseline -0.003 -11"><span class='ocrx_word' id='word_1_732' title='bbox 603 5535 721 5587; x_wconf 83' lang='lat' dir='ltr'><strong>bus.</strong></span> <span class='ocrx_word' id='word_1_733' title='bbox 747 5530 964 5585; x_wconf 83' lang='lat' dir='ltr'><strong>Barbari</strong></span> <span class='ocrx_word' id='word_1_734' title='bbox 1007 5544 1092 5583; x_wconf 88' lang='lat' dir='ltr'>res</span> <span class='ocrx_word' id='word_1_735' title='bbox 1123 5528 1331 5581; x_wconf 82' lang='lat' dir='ltr'><strong>illorum</strong></span> <span class='ocrx_word' id='word_1_736' title='bbox 1359 5538 1669 5594; x_wconf 82' lang='lat' dir='ltr'><strong>rapuerunt,</strong></span> <span class='ocrx_word' id='word_1_737' title='bbox 1698 5542 1756 5579; x_wconf 87' lang='lat' dir='ltr'>ac</span> <span class='ocrx_word' id='word_1_738' title='bbox 1787 5526 1860 5578; x_wconf 92' lang='lat' dir='ltr'><strong>illi</strong></span> <span class='ocrx_word' id='word_1_739' title='bbox 1891 5525 2135 5579; x_wconf 87' lang='lat' dir='ltr'><strong>fratrum.</strong></span> 
     </span>
    </p>
   </div>
   <div class='ocr_carea' id='block_1_100' title="bbox 604 5616 2141 5692">
    <p class='ocr_par' dir='ltr' id='par_1_100' title="bbox 604 5616 2141 5692">
     <span class='ocr_line' id='line_1_100' title="bbox 604 5616 2141 5692; baseline -0.005 -16"><span class='ocrx_word' id='word_1_740' title='bbox 604 5627 904 5692; x_wconf 69' lang='lat' dir='ltr'><strong>Propterea.</strong></span> <span class='ocrx_word' id='word_1_741' title='bbox 941 5621 1131 5687; x_wconf 84' lang='lat' dir='ltr'><strong>inquit,</strong></span> <span class='ocrx_word' id='word_1_742' title='bbox 1169 5617 1628 5688; x_wconf 70' lang='lat' dir='ltr'><strong>[F.uplirusynurn&#39;l</strong></span> <span class='ocrx_word' id='word_1_743' title='bbox 1656 5618 1718 5667; x_wconf 87' lang='lat' dir='ltr'>ad</span> <span class='ocrx_word' id='word_1_744' title='bbox 1749 5631 1842 5668; x_wconf 68' lang='lat' dir='ltr'><strong>vos</strong></span> <span class='ocrx_word' id='word_1_745' title='bbox 1876 5616 2141 5679; x_wconf 87' lang='lat' dir='ltr'><strong>misimus,</strong></span> 
     </span>
    </p>
   </div>
   <div class='ocr_carea' id='block_1_101' title="bbox 607 5709 2142 5774">
    <p class='ocr_par' dir='ltr' id='par_1_101' title="bbox 607 5709 2142 5774">
     <span class='ocr_line' id='line_1_101' title="bbox 607 5709 2142 5774; baseline -0.008 -10"><span class='ocrx_word' id='word_1_746' title='bbox 607 5732 652 5769; x_wconf 69' lang='lat' dir='ltr'>ut</span> <span class='ocrx_word' id='word_1_747' title='bbox 698 5713 982 5763; x_wconf 71' lang='lat' dir='ltr'><strong>~...~i-it:t.ii;i;i</strong></span> <span class='ocrx_word' id='word_1_748' title='bbox 1037 5710 1262 5760; x_wconf 74' lang='lat' dir='ltr'><strong>furinum</strong></span> <span class='ocrx_word' id='word_1_749' title='bbox 1313 5709 1391 5757; x_wconf 69' lang='grc' dir='ltr'>Ιιει·</span> <span class='ocrx_word' id='word_1_750' title='bbox 1436 5709 1765 5757; x_wconf 57' lang='lat' dir='ltr'><strong>olm-tutum</strong></span> <span class='ocrx_word' id='word_1_751' title='bbox 1809 5725 1896 5756; x_wconf 68' lang='lat' dir='ltr'>\th</span> <span class='ocrx_word' id='word_1_752' title='bbox 1934 5720 2142 5774; x_wconf 60' lang='lat' dir='ltr'><strong>mirique</strong></span> 
     </span>
    </p>
   </div>
   <div class='ocr_carea' id='block_1_102' title="bbox 2226 4632 3782 4703">
    <p class='ocr_par' dir='ltr' id='par_1_102' title="bbox 2226 4632 3782 4703">
     <span class='ocr_line' id='line_1_102' title="bbox 2226 4632 3782 4703; baseline -0.003 -17"><span class='ocrx_word' id='word_1_753' title='bbox 2226 4635 2410 4697; x_wconf 70' lang='grc' dir='ltr'>τύπον,</span> <span class='ocrx_word' id='word_1_754' title='bbox 2450 4635 2634 4702; x_wconf 71' lang='grc' dir='ltr'>ἤγουν,</span> <span class='ocrx_word' id='word_1_755' title='bbox 2687 4634 2864 4694; x_wconf 85' lang='grc' dir='ltr'>καθὼς</span> <span class='ocrx_word' id='word_1_756' title='bbox 2920 4637 3079 4703; x_wconf 72' lang='grc' dir='ltr'>ἡμεῖς</span> <span class='ocrx_word' id='word_1_757' title='bbox 3136 4632 3366 4685; x_wconf 78' lang='grc' dir='ltr'>ἐνταῦθα</span> <span class='ocrx_word' id='word_1_758' title='bbox 3421 4633 3782 4701; x_wconf 86' lang='grc' dir='ltr'>ἐποιήσαμεν,</span> 
     </span>
    </p>
   </div>
   <div class='ocr_carea' id='block_1_103' title="bbox 2224 4719 3787 4794">
    <p class='ocr_par' dir='ltr' id='par_1_103' title="bbox 2224 4719 3787 4794">
     <span class='ocr_line' id='line_1_103' title="bbox 2224 4719 3787 4794; baseline -0.001 -18"><span class='ocrx_word' id='word_1_759' title='bbox 2224 4723 2332 4794; x_wconf 82' lang='grc' dir='ltr'>δώῃ</span> <span class='ocrx_word' id='word_1_760' title='bbox 2355 4725 2516 4775; x_wconf 81' lang='grc' dir='ltr'>τύπον</span> <span class='ocrx_word' id='word_1_761' title='bbox 2554 4724 2642 4774; x_wconf 81' lang='grc' dir='ltr'>καὶ</span> <span class='ocrx_word' id='word_1_762' title='bbox 2679 4723 2858 4774; x_wconf 80' lang='grc' dir='ltr'>αὐτόθι</span> <span class='ocrx_word' id='word_1_763' title='bbox 2895 4722 3032 4774; x_wconf 84' lang='grc' dir='ltr'>ὥστε</span> <span class='ocrx_word' id='word_1_764' title='bbox 3071 4721 3210 4774; x_wconf 84' lang='grc' dir='ltr'>οὑτω</span> <span class='ocrx_word' id='word_1_765' title='bbox 3240 4725 3408 4773; x_wconf 86' lang='grc' dir='ltr'>ποιεῖν</span> <span class='ocrx_word' id='word_1_766' title='bbox 3442 4723 3603 4790; x_wconf 73' lang='grc' dir='ltr'>ὑμᾶς.</span> <span class='ocrx_word' id='word_1_767' title='bbox 3645 4719 3787 4776; x_wconf 76' lang='grc' dir='ltr'>Εἶτά</span> 
     </span>
    </p>
   </div>
   <div class='ocr_carea' id='block_1_104' title="bbox 2226 4811 3785 4881">
    <p class='ocr_par' dir='ltr' id='par_1_104' title="bbox 2226 4811 3785 4881">
     <span class='ocr_line' id='line_1_104' title="bbox 2226 4811 3785 4881; baseline 0.001 -18"><span class='ocrx_word' id='word_1_768' title='bbox 2226 4829 2388 4881; x_wconf 84' lang='grc' dir='ltr'>φησιν</span> <span class='ocrx_word' id='word_1_769' title='bbox 2425 4812 2498 4873; x_wconf 86' lang='grc' dir='ltr'>ὼς</span> <span class='ocrx_word' id='word_1_770' title='bbox 2537 4815 2564 4864; x_wconf 89' lang='grc' dir='ltr'>ὁ</span> <span class='ocrx_word' id='word_1_771' title='bbox 2596 4812 2752 4874; x_wconf 81' lang='grc' dir='ltr'>αὑτὸς</span> <span class='ocrx_word' id='word_1_772' title='bbox 2798 4811 3137 4878; x_wconf 84' lang='grc' dir='ltr'>Εὑφρόσυνος</span> <span class='ocrx_word' id='word_1_773' title='bbox 3169 4811 3465 4872; x_wconf 79' lang='grc' dir='ltr'>ἀναδιδάξει</span> <span class='ocrx_word' id='word_1_774' title='bbox 3504 4811 3654 4872; x_wconf 86' lang='grc' dir='ltr'>τίνας</span> <span class='ocrx_word' id='word_1_775' title='bbox 3699 4812 3785 4864; x_wconf 82' lang='grc' dir='ltr'>δεῖ</span> 
     </span>
    </p>
   </div>
   <div class='ocr_carea' id='block_1_105' title="bbox 2229 4900 3785 4970">
    <p class='ocr_par' dir='ltr' id='par_1_105' title="bbox 2229 4900 3785 4970">
     <span class='ocr_line' id='line_1_105' title="bbox 2229 4900 3785 4970; baseline 0 -18"><span class='ocrx_word' id='word_1_776' title='bbox 2229 4901 2611 4970; x_wconf 86' lang='grc' dir='ltr'>προσδέχεσθαι</span> <span class='ocrx_word' id='word_1_777' title='bbox 2643 4900 3072 4969; x_wconf 81' lang='grc' dir='ltr'>κατηγοροῦντας</span> <span class='ocrx_word' id='word_1_778' title='bbox 3115 4900 3256 4952; x_wconf 87' lang='grc' dir='ltr'>κατά</span> <span class='ocrx_word' id='word_1_779' title='bbox 3301 4916 3474 4960; x_wconf 86' lang='grc' dir='ltr'>τινων,</span> <span class='ocrx_word' id='word_1_780' title='bbox 3505 4901 3599 4951; x_wconf 74' lang='grc' dir='ltr'>καὶ</span> <span class='ocrx_word' id='word_1_781' title='bbox 3631 4901 3785 4962; x_wconf 87' lang='grc' dir='ltr'>τίνας</span> 
     </span>
    </p>
   </div>
   <div class='ocr_carea' id='block_1_106' title="bbox 2230 4988 3786 5058">
    <p class='ocr_par' dir='ltr' id='par_1_106' title="bbox 2230 4988 3786 5058">
     <span class='ocr_line' id='line_1_106' title="bbox 2230 4988 3786 5058; baseline -0.001 -17"><span class='ocrx_word' id='word_1_782' title='bbox 2230 4991 2330 5058; x_wconf 80' lang='grc' dir='ltr'>χρὴ</span> <span class='ocrx_word' id='word_1_783' title='bbox 2356 4991 2745 5058; x_wconf 75' lang='grc' dir='ltr'>ἀποκηρύττειν</span> <span class='ocrx_word' id='word_1_784' title='bbox 2777 4989 2874 5056; x_wconf 78' lang='grc' dir='ltr'>τῆς</span> <span class='ocrx_word' id='word_1_785' title='bbox 2914 4989 3230 5056; x_wconf 73' lang='grc' dir='ltr'>Ἐκκλησίας</span> <span class='ocrx_word' id='word_1_786' title='bbox 3255 4989 3345 5039; x_wconf 68' lang='grc' dir='ltr'>καὶ</span> <span class='ocrx_word' id='word_1_787' title='bbox 3373 4988 3469 5055; x_wconf 78' lang='grc' dir='ltr'>τῆς</span> <span class='ocrx_word' id='word_1_788' title='bbox 3499 4989 3786 5049; x_wconf 80' lang='grc' dir='ltr'>κοινωνίας</span> 
     </span>
    </p>
   </div>
   <div class='ocr_carea' id='block_1_107' title="bbox 2226 5079 2577 5131">
    <p class='ocr_par' dir='ltr' id='par_1_107' title="bbox 2226 5079 2577 5131">
     <span class='ocr_line' id='line_1_107' title="bbox 2226 5079 2577 5131; baseline 0 -1"><span class='ocrx_word' id='word_1_789' title='bbox 2226 5079 2330 5131; x_wconf 89' lang='grc' dir='ltr'>τῶν</span> <span class='ocrx_word' id='word_1_790' title='bbox 2359 5079 2577 5130; x_wconf 84' lang='grc' dir='ltr'>πιστῶν.</span> 
     </span>
    </p>
   </div>
   <div class='ocr_carea' id='block_1_108' title="bbox 2294 5163 3788 5234">
    <p class='ocr_par' dir='ltr' id='par_1_108' title="bbox 2294 5163 3788 5234">
     <span class='ocr_line' id='line_1_108' title="bbox 2294 5163 3788 5234; baseline -0.003 -15"><span class='ocrx_word' id='word_1_791' title='bbox 2294 5167 2530 5219; x_wconf 80' lang='grc' dir='ltr'>ΖΩΝΑΡ.</span> <span class='ocrx_word' id='word_1_792' title='bbox 2562 5165 2735 5228; x_wconf 72' lang='grc' dir='ltr'>Τινὲς,</span> <span class='ocrx_word' id='word_1_793' title='bbox 2781 5168 2962 5234; x_wconf 70' lang='grc' dir='ltr'>φησιν,</span> <span class='ocrx_word' id='word_1_794' title='bbox 2997 5163 3354 5223; x_wconf 77' lang='grc' dir='ltr'>ἀπολέσαντες</span> <span class='ocrx_word' id='word_1_795' title='bbox 3401 5165 3571 5214; x_wconf 80' lang='grc' dir='ltr'>οἰκεῖα</span> <span class='ocrx_word' id='word_1_796' title='bbox 3611 5164 3788 5231; x_wconf 84' lang='grc' dir='ltr'>πράγ-</span> 
     </span>
    </p>
   </div>
   <div class='ocr_carea' id='block_1_109' title="bbox 2231 5252 3783 5328">
    <p class='ocr_par' dir='ltr' id='par_1_109' title="bbox 2231 5252 3783 5328">
     <span class='ocr_line' id='line_1_109' title="bbox 2231 5252 3783 5328; baseline -0.004 -18"><span class='ocrx_word' id='word_1_797' title='bbox 2231 5275 2392 5328; x_wconf 88' lang='grc' dir='ltr'>ματα,</span> <span class='ocrx_word' id='word_1_798' title='bbox 2415 5259 2505 5308; x_wconf 72' lang='grc' dir='ltr'>καὶ</span> <span class='ocrx_word' id='word_1_799' title='bbox 2527 5256 2773 5325; x_wconf 85' lang='grc' dir='ltr'>εὑρόντες</span> <span class='ocrx_word' id='word_1_800' title='bbox 2806 5253 3077 5324; x_wconf 79' lang='grc' dir='ltr'>ἀλλότρια,</span> <span class='ocrx_word' id='word_1_801' title='bbox 3113 5253 3325 5319; x_wconf 80' lang='grc' dir='ltr'>λέγουσι</span> <span class='ocrx_word' id='word_1_802' title='bbox 3354 5252 3602 5320; x_wconf 80' lang='grc' dir='ltr'>κατέχειν</span> <span class='ocrx_word' id='word_1_803' title='bbox 3619 5253 3783 5313; x_wconf 77' lang='grc' dir='ltr'>αὑτὰ,</span> 
     </span>
    </p>
   </div>
   <div class='ocr_carea' id='block_1_110' title="bbox 2225 5339 3785 5412">
    <p class='ocr_par' dir='ltr' id='par_1_110' title="bbox 2225 5339 3785 5412">
     <span class='ocr_line' id='line_1_110' title="bbox 2225 5339 3785 5412; baseline -0.006 -12"><span class='ocrx_word' id='word_1_804' title='bbox 2225 5348 2336 5401; x_wconf 78' lang='grc' dir='ltr'>ἀνθ’</span> <span class='ocrx_word' id='word_1_805' title='bbox 2358 5339 2430 5398; x_wconf 81' lang='grc' dir='ltr'>ὧν</span> <span class='ocrx_word' id='word_1_806' title='bbox 2458 5344 2759 5410; x_wconf 80' lang='grc' dir='ltr'>ἀπώλεσαν,</span> <span class='ocrx_word' id='word_1_807' title='bbox 2785 5343 3156 5408; x_wconf 77' lang='grc' dir='ltr'>ἐξαπατῶντες</span> <span class='ocrx_word' id='word_1_808' title='bbox 3179 5341 3421 5402; x_wconf 73' lang='grc' dir='ltr'>ἑαυτούς.</span> <span class='ocrx_word' id='word_1_809' title='bbox 3452 5343 3628 5412; x_wconf 82' lang='grc' dir='ltr'>Ὅπερ</span> <span class='ocrx_word' id='word_1_810' title='bbox 3650 5343 3722 5407; x_wconf 74' lang='grc' dir='ltr'>γά</span> <span class='ocrx_word' id='word_1_811' title='bbox 3734 5359 3785 5412; x_wconf 87' lang='grc' dir='ltr'>ρ,</span> 
     </span>
    </p>
   </div>
   <div class='ocr_carea' id='block_1_111' title="bbox 2228 5430 3787 5508">
    <p class='ocr_par' dir='ltr' id='par_1_111' title="bbox 2228 5430 3787 5508">
     <span class='ocr_line' id='line_1_111' title="bbox 2228 5430 3787 5508; baseline -0.004 -18"><span class='ocrx_word' id='word_1_812' title='bbox 2228 5439 2407 5508; x_wconf 75' lang='grc' dir='ltr'>φησὶν,</span> <span class='ocrx_word' id='word_1_813' title='bbox 2427 5438 2668 5501; x_wconf 79' lang='grc' dir='ltr'>ἐγένοντο</span> <span class='ocrx_word' id='word_1_814' title='bbox 2698 5437 2924 5496; x_wconf 75' lang='grc' dir='ltr'>ἐκείνοις</span> <span class='ocrx_word' id='word_1_815' title='bbox 2950 5436 2996 5488; x_wconf 78' lang='grc' dir='ltr'>οἱ</span> <span class='ocrx_word' id='word_1_816' title='bbox 3028 5433 3270 5500; x_wconf 83' lang='grc' dir='ltr'>πολέμιοι</span> <span class='ocrx_word' id='word_1_817' title='bbox 3307 5430 3592 5500; x_wconf 77' lang='grc' dir='ltr'>βάρϐαροι,</span> <span class='ocrx_word' id='word_1_818' title='bbox 3626 5432 3787 5484; x_wconf 77' lang='grc' dir='ltr'>τοῦτο</span> 
     </span>
    </p>
   </div>
   <div class='ocr_carea' id='block_1_112' title="bbox 2227 5520 3788 5594">
    <p class='ocr_par' dir='ltr' id='par_1_112' title="bbox 2227 5520 3788 5594">
     <span class='ocr_line' id='line_1_112' title="bbox 2227 5520 3788 5594; baseline -0.003 -16"><span class='ocrx_word' id='word_1_819' title='bbox 2227 5528 2460 5594; x_wconf 79' lang='grc' dir='ltr'>γίνονται</span> <span class='ocrx_word' id='word_1_820' title='bbox 2495 5527 2645 5577; x_wconf 72' lang='grc' dir='ltr'>αὐτοὶ</span> <span class='ocrx_word' id='word_1_821' title='bbox 2669 5527 2779 5585; x_wconf 81' lang='grc' dir='ltr'>τοῖς</span> <span class='ocrx_word' id='word_1_822' title='bbox 2813 5524 3074 5590; x_wconf 81' lang='grc' dir='ltr'>ἀδελφοῖς.</span> <span class='ocrx_word' id='word_1_823' title='bbox 3112 5523 3400 5587; x_wconf 83' lang='grc' dir='ltr'>’Ἡρπασαν</span> <span class='ocrx_word' id='word_1_824' title='bbox 3433 5522 3479 5571; x_wconf 84' lang='grc' dir='ltr'>οἱ</span> <span class='ocrx_word' id='word_1_825' title='bbox 3517 5520 3788 5590; x_wconf 75' lang='grc' dir='ltr'>βάρϐαροι</span> 
     </span>
    </p>
   </div>
   <div class='ocr_carea' id='block_1_113' title="bbox 2227 5611 3789 5679">
    <p class='ocr_par' dir='ltr' id='par_1_113' title="bbox 2227 5611 3789 5679">
     <span class='ocr_line' id='line_1_113' title="bbox 2227 5611 3789 5679; baseline -0.006 -7"><span class='ocrx_word' id='word_1_826' title='bbox 2227 5621 2289 5672; x_wconf 73' lang='grc' dir='ltr'>τὰ</span> <span class='ocrx_word' id='word_1_827' title='bbox 2340 5621 2577 5679; x_wconf 78' lang='grc' dir='ltr'>ἐκείνων,</span> <span class='ocrx_word' id='word_1_828' title='bbox 2632 5615 2967 5668; x_wconf 71' lang='grc' dir='ltr'>κάκεῖνοι.τά</span> <span class='ocrx_word' id='word_1_829' title='bbox 3029 5613 3133 5664; x_wconf 85' lang='grc' dir='ltr'>τῶν</span> <span class='ocrx_word' id='word_1_830' title='bbox 3189 5612 3445 5677; x_wconf 66' lang='grc' dir='ltr'>ἀδελφῶν.</span> <span class='ocrx_word' id='word_1_831' title='bbox 3483 5611 3583 5662; x_wconf 78' lang='grc' dir='ltr'>Διά</span> <span class='ocrx_word' id='word_1_832' title='bbox 3611 5612 3789 5663; x_wconf 63' lang='grc' dir='ltr'>ταῦτα.</span> 
     </span>
    </p>
   </div>
   <div class='ocr_carea' id='block_1_114' title="bbox 3595 5717 3792 5760">
    <p class='ocr_par' dir='ltr' id='par_1_114' title="bbox 3595 5717 3792 5760">
     <span class='ocr_line' id='line_1_114' title="bbox 3595 5717 3792 5760; baseline -0.005 -8"><span class='ocrx_word' id='word_1_833' title='bbox 3595 5717 3653 5752; x_wconf 49' lang='grc' dir='ltr'>τί]</span> <span class='ocrx_word' id='word_1_834' title='bbox 3779 5743 3792 5760; x_wconf 74' lang='lat'>,</span> 
     </span>
    </p>
   </div>
   <div class='ocr_carea' id='block_1_115' title="bbox 2229 5700 3558 5775">
    <p class='ocr_par' dir='ltr' id='par_1_115' title="bbox 2229 5700 3558 5775">
     <span class='ocr_line' id='line_1_115' title="bbox 2229 5700 3558 5775; baseline -0.006 -15"><span class='ocrx_word' id='word_1_835' title='bbox 2229 5707 2636 5775; x_wconf 66' lang='grc' dir='ltr'>ἀπεστείλαμτν,</span> <span class='ocrx_word' id='word_1_836' title='bbox 2672 5706 2836 5771; x_wconf 75' lang='grc' dir='ltr'>λέγει,</span> <span class='ocrx_word' id='word_1_837' title='bbox 2869 5706 2949 5755; x_wconf 72' lang='grc' dir='ltr'>ἵνα</span> <span class='ocrx_word' id='word_1_838' title='bbox 3007 5701 3141 5752; x_wconf 62' lang='grc' dir='ltr'>κατὰ</span> <span class='ocrx_word' id='word_1_839' title='bbox 3193 5703 3276 5751; x_wconf 52' lang='lat' dir='ltr'>“in</span> <span class='ocrx_word' id='word_1_840' title='bbox 3327 5700 3558 5752; x_wconf 66' lang='grc' dir='ltr'>ἐνταῦθα</span> 
     </span>
    </p>
   </div>
  </div>
