4018 6422
219 329 340 394 53Ἱ

1187 323 1268 384 IN
1320 325 1558 390 EPIST.
1597 327 1654 390 S.
1689 327 2076 391 GREGORII
2117 330 2555 392 NEOCAESAIL

3379 334 3482 402 538

213 463 330 515 καὶ
363 464 558 518 αὐτόθι
607 463 748 517 ὥστε
780 461 953 527 οὕτως
981 464 1123 534 ὑμᾶς
1173 468 1366 528 ποιεῖν,
1421 467 1515 519 καὶ
1559 466 1711 528 τίνας
1737 467 1800 522 δεῖ

1915 462 2026 518 illic
2049 461 2277 526 faciatis,
2308 469 2362 516 et
2381 477 2612 531 quorum
2639 465 3020 521 accusationes
3044 475 3098 520 et
3118 474 3306 520 contra
3332 481 3471 536 quos

225 553 692 623 κατηγοροῦντάς
728 570 890 605 τινων
927 554 1333 623 προσδέχεσθαι,
1396 556 1484 608 καὶ
1513 556 1604 619 οὓς
1652 558 1818 628 ἐκκη-

228 642 433 712 ρύξαι,
465 644 629 713 ἧγουν
656 643 808 705 τίνας
837 643 936 712 τῆς
973 643 1293 712 Ἐκκλησίας
1331 645 1549 709 ἐξῶσαι,
1597 650 1819 701 καὶτῶν

226 734 462 786 πιστῶν
521 735 774 806 χωρίσαι,
809 734 948 786 ὥστε
981 735 1053 804 μὴ
1090 735 1440 804 συνεύχεσθαι
1496 739 1692 801 αὐτοῖς.
1725 734 1816 792 Τί-

224 840 340 886 νας
377 825 434 876 δὲ
474 825 553 876 δεῖ
605 825 1047 896 κατηγοροῦντας
1099 827 1510 896 προσδέχεσθαι,
1556 831 1616 881 τὸ
1662 831 1816 884 ἕκτον

226 915 537 981 κεφάλαιον
583 915 684 983 τῆς
738 914 995 984 δευτέρας
1055 915 1438 984 οἰκουμενικῆς
1490 919 1701 971 συνόδου
1738 919 1814 973 δι-

225 1004 454 1070 δάσκει.
516 1007 912 1072 ’Δναγνωστέον
937 1010 1028 1061 καὶ
1057 1011 1126 1063 τὰ
1156 1011 1272 1062 ἐκεῖ
1296 1009 1674 1080 γεγραμμένα.

846 1098 1080 1151 ΚΛΝΩΝ
1111 1102 1201 1167 σν.

317 1205 337 1236 ι
375 1185 508 1256 Περὶ
529 1186 636 1238 τῶν
661 1185 750 1257 βίᾳ
783 1189 1116 1257 κατεχόντων
1149 1191 1274 1252 τοὺς
1305 1191 1368 1242 ὲκ
1396 1192 1502 1243 τῶν
1527 1190 1816 1262 βαρϐάρων

238 1295 262 1328 ι
304 1275 707 1346 αἰχμαλώτους.
759 1278 1100 1349 Ἀπηγγέλθη
1130 1279 1186 1332 δέ
1215 1297 1265 1332 τι
1293 1282 1421 1349 ἡμῖν
1451 1281 1543 1334 καὶ
1588 1281 1814 1334 ἄπιστον

238 1387 261 1418 ι
307 1370 370 1418 ὲν
403 1371 469 1437 τῇ
518 1367 670 1438 χώρᾳ
727 1369 878 1437 ὑμῶν
925 1371 1230 1438 γενόμενον,
1293 1370 1507 1433 πάντως
1561 1387 1658 1422 που
1709 1371 1816 1424 ὑπὸ

242 1477 262 1509 ι
308 1459 557 1524 άτςίστων
611 1459 702 1510 καὶ
755 1458 966 1510 ἀσεϐῶν
995 1460 1087 1512 καὶ
1129 1459 1200 1529 μὴ
1231 1461 1446 1512 εἰδότων
1478 1461 1607 1530 μηδὲ
1643 1462 1812 1531 ὄνομα

242 1568 262 1599 ι
303 1550 534 1619 Κυρίου,
572 1551 652 1602 ὅτι
711 1552 816 1620 ἀρα
847 1553 925 1612 εἰς
959 1551 1209 1603 τοσοῦτόν
1249 1569 1391 1614 τινες
1416 1551 1696 1621 ὠμότητος
1720 1553 1813 1605 καὶ

243 1658 263 1689 ι
309 1639 709 1708 ἀπανθρωπίας
745 1637 1157 1709 προεχώρησαν,
1185 1640 1324 1692 ὥστε
1353 1641 1504 1703 τινάς
1546 1643 1671 1703 τοὺς
1696 1641 1812 1694 δια⁴

242 1750 262 1777 ι
303 1731 573 1797 φυγόντας
605 1730 980 1800 αἰχμαλώτους
1010 1730 1099 1800 βίᾳ
1123 1731 1392 1800 κατέχειν.
1435 1731 1810 1785 ’Λποστείλατέ

1911 563 2155 624 oporteat
2177 554 2494 618 admittatis,
2519 567 2571 610 et
2597 571 2734 625 quos
2761 556 2911 609 decet
2932 555 3195 611 abdicetis
3215 595 3229 618 .
3256 557 3362 611 hoc
3398 566 3476 612 est

1911 645 2144 713 ejiciatis
2169 643 2237 698 ab
2266 644 2524 710 Ecclesia,
2553 655 2712 714 atque
2742 661 2769 698 a
2801 645 3046 699 ﬁdelibus
3077 647 3388 715 segregetis,
3416 663 3477 704 ne

1913 748 2036 787 cum
2067 733 2200 801 ipsis
2239 749 2346 786 una
2380 743 2686 803 precentur.
2723 732 2893 786 Porro
2924 749 3284 801 quornmnam
3315 752 3478 790 accu-

1912 823 2154 878 sationes
2179 823 2525 876 altnittenda»
2557 825 2686 886 sint,
2713 833 2924 878 sextum
2958 827 3210 880 secundae
3236 842 3476 881 (ecume-

1909 914 2046 968 nicae
2091 914 2280 983 synodi
2314 924 2476 983 caput
2506 914 2684 967 docet.
2742 913 3012 982 Legantur
3054 916 3216 968 etiam
3249 933 3368 986 qua
3403 917 3474 971 ibi

1909 1003 2248 1072 scripsimus.

2085 1079 2095 1087 ’
2506 1090 2732 1147 CANON
2789 1091 2876 1146 Vl.

1983 1201 2002 1235 ι
2041 1182 2117 1237 De
2147 1184 2213 1238 iis
2237 1184 2327 1252 qui
2346 1184 2590 1252 captivos
2606 1199 2667 1236 ex
2696 1183 2940 1236 barbaris
2964 1183 3231 1250 fugientes
3264 1185 3313 1238 vi
3341 1185 3474 1238 deti-

1913 1291 1934 1325 ι
1974 1282 2123 1326 nent.
2157 1273 2541 1326 Denuntiatum
2575 1281 2750 1326 autem
2778 1281 2856 1324 est
2894 1273 3049 1326 nobis
3079 1275 3354 1342 quidpiam
3388 1277 3473 1328 in-

1908 1380 1929 1414 σ
1971 1362 2226 1416 credibile
2270 1363 2322 1415 in
2348 1375 2526 1416 vestra
2572 1363 2792 1430 regione
2834 1362 3033 1415 factum
3066 1379 3205 1426 eSs-e,
3250 1367 3472 1419 omnino

1908 1470 1928 1502 ι
1966 1455 2033 1505 ab
2067 1453 2376 1506 infidelibus
2406 1462 2458 1505 et
2486 1453 2686 1520 impiis,
2711 1463 2763 1505 et
2792 1456 2881 1520 qui
2913 1470 2978 1506 ne
3015 1469 3209 1507 nomen
3251 1457 3470 1524 quidem

1909 1558 1925 1590 ι
1968 1537 2183 1593 Domini
2214 1556 2446 1606 novere;
2503 1541 2645 1610 quod
2691 1543 2935 1594 nonnulli
2965 1557 3029 1596 eo
3059 1544 3470 1600 inlmmanitatis

1907 1649 1927 1680 ι
1966 1632 2410 1698 crudelitatisque
2439 1645 2769 1698 processere,
2798 1641 2854 1682 ut
2881 1632 3120 1698 captivos
3141 1633 3353 1700 aliquos
3377 1635 3468 1702 qui

1907 1737 1926 1772 ι
1968 1719 2291 1789 eﬂ‘ugerunt,
2334 1722 2383 1773 vi
2441 1721 2708 1774 retineant
2782 1719 2974 1774 Mittite
3030 1723 3243 1790 aliquos
3290 1725 3342 1777 in
3387 1741 3466 1779 re-

242 1841 260 1871 ι
299 1837 454 1883 τινας
481 1822 560 1882 είς
588 1821 686 1889 τὴν
712 1820 914 1889 χώραν,
951 1821 1023 1890 μὴ
1056 1822 1148 1872 καὶ
1192 1821 1421 1889 σκηπτοὶ
1456 1822 1691 1875 πέσωσιν
1718 1823 1800 1874 ἐπὶ

1905 1827 1924 1860 ι
1965 1811 2203 1878 gionem,
2257 1825 2325 1864 ne
2379 1810 2461 1864 vel
2510 1811 2731 1863 fulmina
2767 1811 2819 1863 in
2863 1826 2958 1865 eos
2988 1813 3184 1866 cadant
3219 1816 3310 1882 qui
3356 1817 3467 1871 [nec

241 1929 260 1960 ι
301 1912 432 1971 τοὺς
462 1908 532 1960 τά
559 1911 782 1961 τοιαῦτα
813 1910 1172 1979 πράσσοντας.
1191 1927 1207 1959 ι

312 2000 489 2052 ΒΑΛΣ
549 1997 787 2068 Ἐμαθεν
812 2000 839 2050 ὁ
886 1999 1037 2065 ἅγιος
1060 1999 1134 2061 ὣς
1153 2017 1296 2062 τινες
1314 1998 1578 2070 ὁρθόδοξοι
1617 2000 1811 2070 αἰχμά-

233 2092 421 2153 λωτοι,
473 2092 570 2151 τὰς
629 2087 967 2159 βαρϐαρικὰς
1018 2093 1202 2159 χεῖρας
1257 2089 1624 2159 διαφυγόντες,
1661 2090 1810 2141 κατέ-

233 2196 425 2248 χονται
448 2177 553 2229 ὑπό
581 2194 738 2230 τινων
769 2178 905 2230 κατὰ
931 2177 1074 2247 βίαν,
1122 2180 1215 2232 καὶ
1267 2182 1326 2232 ού
1362 2181 1809 2252 παραχωροῦνται

230 2269 420 2321 οἴκαδε
453 2267 810 2337 ὑποστρέψαι.
834 2269 1000 2337 Φησὶν
1029 2265 1118 2321 οὖν
1153 2270 1286 2341 πρὸς
1317 2269 1408 2332 οὓς
1438 2271 1716 2340 ἀπεστάλη
1747 2271 1807 2322 τὸ

231 2357 649 2426 ἑπιστολιμαῑον
681 2357 835 2408 τοῦτο
865 2357 1117 2427 γράμμα,
1149 2358 1221 2420 ὼς
1279 2359 1433 2410 τοῦτο
1462 2360 1553 2412 καὶ
1581 2360 1807 2413 ἄπιστον

231 2448 490 2516 ἐλογίσθη
545 2447 710 2516 αὐτῷ·
749 2445 904 2518 ἔργον
954 2449 1061 2517 γάρ
1094 2450 1238 2500 ἐστιν
1290 2450 1530 2504 ἀπίστων
1565 2452 1658 2505 καὶ
1685 2452 1807 2504 ἀσε-

230 2539 370 2590 ϐῶν.
403 2538 464 2589 Ei
492 2538 550 2589 δὲ
583 2538 825 2604 γέγονεν,
857 2539 1204 2607 ἀνεκδίκητον
1231 2540 1329 2591 οὐκ
1358 2539 1527 2593 ἔσται.
1583 2540 1677 2592 Διὸ
1714 2541 1804 2594 καὶ

228 2627 600 2693 ὁξρείλουσιτᾶι
633 2626 757 2695 περὶ
812 2625 996 2678 τούτου
1051 2627 1659 2700 πολυπραγμονηθῆναι,
1713 2630 1804 2682 καὶ

228 2709 553 2768 ἀποστεῖλαι
616 2717 695 2776 είς
721 2712 1027 2785 τὴν’χώραν
1086 2717 1179 2770 καὶ
1234 2719 1541 2790 ἐρευνῆσαι.
1575 2721 1802 2790 Νομίζει

227 2807 346 2874 γὰρ
374 2805 448 2866 ὡς
481 2805 576 2856 καὶ
632 2804 889 2873 σκηπτὸς,
943 2805 1108 2873 ἤγουν
1164 2807 1294 2874 πῦρ,
1328 2809 1391 2860 ὲκ
1437 2809 1531 2861 τοῦ
1579 2809 1803 2880 ούρανοῦ

227 2893 418 2952 ἔπεσε,
445 2895 538 2945 καὶ⁵
565 2890 855 2960 κατέφλεξε
886 2894 1011 2956 τοὺς
1041 2894 1211 2948 ταῦτα
1237 2897 1595 2966 πράσσοντας.

304 2982 548 3032 ΖΩΝΑΡ.
577 2981 750 3043 Τινὲς,
783 2983 945 3050 φησὶν
997 2983 1072 3047 ὡς
1104 2985 1394 3054 ἐμάθομεν.
1430 2987 1804 3057 αίχμαλώτους

224 3071 591 3138 διαφυγόντας
621 3072 744 3134 τοὺς
770 3072 1079 3141 πολεμίους,
1114 3074 1204 3145 βία
1231 3076 1550 3144 κατέχουσιν
1569 3094 1582 3107 ν
1613 3078 1803 3140 οἵτινες

1905 1917 1925 1951 ι
1965 1909 2152 1968 agunt.
2195 1918 2214 1952 ι

1967 1989 2130 2044 Βιιε.
2165 1977 2383 2059 Accepit
2412 2000 2633 2045 sanctus
2656 1992 2798 2060 quod
2830 1992 3049 2060 quidam
3074 1995 3263 2062 captivi
3291 1997 3463 2052 ortho-

1895 2081 2041 2146 doxi,
2070 2091 2361 2150 postquam
2395 2098 2586 2135 manus
2617 2083 2926 2138 barbaricas
2953 2100 3192 2147 evasere,
3223 2088 3272 2137 vi
3299 2102 3327 2138 a
3350 2087 3462 2154 qui-

1896 2172 2123 2226 busdam
2155 2174 2485 2236 detinentur,
2524 2188 2620 2226 nec
2669 2175 2889 2226 domum
2941 2177 3134 2227 rwerti
3180 2176 3460 2230 sinuntur.

1893 2261 2035 2315 Dicit
2074 2277 2202 2330 ergo
2231 2263 2314 2324 iis,
2347 2264 2410 2315 ad
2446 2279 2579 2330 quos
2609 2263 2866 2331 scriptum
2897 2266 2996 2316 hoc
3022 2265 3309 2331 epistolare
3332 2267 3462 2320 mis-

1893 2366 2014 2405 sum
2060 2360 2163 2413 est,
2202 2351 2348 2419 quod
2398 2353 2500 2406 hoc
2531 2353 2576 2404 ei
2634 2352 2948 2404 incredibile
2996 2355 3171 2406 visum
3223 2367 3341 2409 est:
3380 2366 3460 2412 est

1893 2445 2037 2496 enim
2087 2441 2379 2495 inﬁdelium
2413 2451 2466 2494 et
2496 2443 2783 2509 impiorum
2826 2457 2983 2509 opus.
3019 2442 3110 2496 Sin
3153 2455 3332 2499 autem
3372 2447 3455 2500 fa-

1893 2540 2038 2584 ctum
2063 2540 2165 2590 est,
2200 2545 2306 2582 non
2338 2531 2632 2583 remanebit
2658 2532 3002 2599 impunitum.
3031 2533 3094 2586 Et
3119 2536 3238 2588 ideo
3263 2537 3460 2591 debent

1892 2620 2005 2674 haec
2034 2622 2316 2688 diligenter
2339 2622 2560 2689 inquiri,
2587 2631 2639 2674 et
2673 2623 2813 2675 mitti
2845 2625 2896 2676 in
2925 2627 3197 2693 regionem
3223 2627 3315 2693 qui
3345 2628 3458 2682 haec

1888 2719 2318 2777 perscrutentur.
2352 2710 2638 2764 Existimat
2663 2713 2828 2776 enim,
2868 2716 3010 2781 quod
3048 2718 3208 2769 etiam
3254 2717 3455 2772 fulmen

1888 2810 1983 2852 seu
2029 2800 2169 2868 ignis
2217 2801 2286 2853 sit
2332 2816 2580 2866 casurus,
2625 2812 2680 2855 et
2720 2817 2818 2857 eos
2859 2805 2953 2872 qui
2994 2807 3105 2859 haec
3139 2817 3457 2877 aguntexu-

1886 2898 2092 2945 sturus.

1954 2976 2152 3031 Zona.
2194 2977 2468 3044 Nonnulli,
2506 2981 2702 3049 inquit,
2761 2993 2818 3036 ut
2850 2983 3170 3047 didicimus,
3214 2990 3453 3057 captivos

1883 3082 1952 3122 cr.
1983 3069 2228 3122 hostibus
2257 3069 2596 3137 dill‘ugientes
2628 3073 2674 3124 vi
2713 3075 2946 3128 retinent
2993 3094 3005 3128 :
3053 3080 3144 3145 qui
3181 3087 3303 3133 sunt
3333 3095 3451 3134 om-

227 3162 451 3222 πάντως
482 3161 698 3214 ἄπιστοί
725 3163 830 3213 εισι
860 3163 953 3216 καὶ
987 3163 1221 3227 ἀσεϐεῖς,
1257 3167 1348 3218 καὶ
1377 3167 1497 3218 οὐδὲ
1529 3166 1661 3219 Θεοῦ
1686 3167 1800 3218 ἐπί-

1886 3157 2012 3213 bino
2057 3159 2298 3213 inﬁdeles
2346 3170 2398 3213 et
2454 3161 2625 3228 impii,
2683 3179 2856 3233 neque
2888 3167 2984 3218 veL
3015 3165 3178 3220 Deum
3226 3180 3444 3224 norunt.

224 3268 430 3318 γνωσιν
458 3251 688 3320 ἔχουσιν.
735 3253 978 3305 ’Δπαιτεί
1006 3250 1098 3306 οὖν
1127 3257 1153 3306 ὁ
1182 3255 1331 3322 ἆγιος
1366 3258 1488 3319 τοὺς
1533 3257 1668 3327 πρὸς
1708 3255 1800 3319 οὓς

1880 3246 2114 3304 Proinde
2139 3263 2359 3305 sanctus
2391 3253 2468 3304 vir
2493 3253 2561 3305 ab
2599 3253 2664 3308 iis
2707 3257 2770 3308 ad
2804 3272 2941 3324 quos
2973 3259 3178 3319 scribit,
3215 3262 3450 3326 postulat

225 3344 466 3412 γράφει,
513 3343 827 3395 ἀποστεῖλαι
877 3347 954 3407 είς
998 3344 1093 3414 τὴν
1153 3344 1334 3415 χώραν
1379 3347 1473 3397 καὶ
1512 3347 1799 3417 ἐρευνῆσαι

1886 3341 2020 3394 mitti
2057 3343 2108 3393 in
2134 3344 2403 3410 regionem
2435 3343 2678 3398 homines
2707 3347 2795 3414 qui
2819 3347 2885 3399 de
2921 3351 3017 3400 liae
3046 3363 3102 3400 re
3139 3349 3444 3417 inquirant;

225 3433 480 3502 περὶτοῦ
517 3435 852 3502 πράγματος,
885 3437 968 3490 ῐνα
1002 3435 1076 3504 μὴ
1101 3435 1230 3506 πῦρ,
1262 3436 1445 3505 φησὶν,
1482 3437 1541 3500 ἐξ
1571 3437 1796 3508 ούρανοῦ

1886 3445 1986 3496 ne,
2029 3432 2237 3498 inquit,
2285 3431 2424 3500 ignis
2472 3433 2628 3486 cadat
2677 3437 2931 3497 coalitus,
2973 3451 3034 3490 ac
3078 3451 3169 3490 eos
3211 3441 3302 3506 qui
3334 3441 3448 3494 haec

225 3524 372 3591 πέσῃ
403 3524 497 3574 καὶ
520 3524 828 3596 καταφλέξῃ
863 3526 983 3586 τοὺς
1022 3524 1187 3577 ταῦτα
1225 3526 1586 3597 πράσσοντας.
1633 3528 1800 3582 Τοῦτο

1886 3529 2046 3587 agunt
2074 3520 2343 3574 absumat.
2388 3519 2500 3576 Hoc
2533 3531 2707 3575 autem
2741 3524 2894 3588 dixit,
2927 3523 3182 3580 facinoris
3211 3529 3445 3593 gravitas-

222 3611 284 3665 δί
319 3608 460 3674 εἶπε,
491 3612 587 3682 τὴν
616 3613 842 3666 ἀτοπίαν
873 3607 1128 3667 δεικνύωῦ
1157 3615 1254 3684 τῆς
1281 3617 1546 3687 πράξεως.

851 3707 1086 3758 ΚΑΝΩΝ
1119 3709 1189 3759 Z'.

310 3811 327 3843 ι
366 3794 501 3863 Περὶ
532 3795 640 3846 τῶν
667 3796 1166 3865 ὲγκαταλεχθέντων
1199 3801 1312 3861 τοῖς
1336 3798 1628 3871 βαρϐάροις
1648 3841 1660 3864 ,
1704 3805 1796 3854 καὶ

230 3899 250 3931 ι
297 3882 471 3934 ἄτοπά
496 3899 615 3934 τινα
641 3882 779 3934 κατὰ
795 3884 901 3934 τῶν
916 3885 1200 3953 ὁμοφύλων
1230 3887 1630 3956 τολμησάντων.
1659 3890 1794 3953 Τοὺς

233 3993 250 4022 ι
300 3975 395 4041 μὲν
424 3969 516 4024 οὖν
549 3971 1044 4050 ὲγκαταλεχθιέντας
1070 3978 1180 4036 τοῖς
1229 3974 1518 4047 βαρϐάροις
1553 3978 1644 4029 καὶ
1679 3979 1793 4047 μετ’

232 4080 251 4112 ι
290 4063 468 4115 αὐτῶν
500 4065 556 4114 ὲν
594 4061 937 4133 αἰχμαλωσίᾳ
970 4064 1320 4128 ἐπελθόντας,
1353 4067 1790 4137 ἐπιλαθομένους,

232 4169 251 4200 ι
296 4152 374 4202 δτι
402 4147 541 4221 ἦσαν
574 4151 823 4202 Ποντικοὶ
860 4152 949 4204 καὶ
983 4153 1316 4221 Χριστιανοὶ,
1349 4153 1793 4224 ἐκϐαρϐαρωθένι

230 4259 250 4292 ι
289 4258 385 4304 τας
418 4240 474 4292 δὲ
500 4241 576 4301 ὡς
603 4240 696 4291 καὶ
729 4239 976 4307 φονεύειν
1004 4241 1128 4303 τοὺς
1169 4241 1464 4309 ὁμοφύλους
1507 4242 1538 4311 ἢ
1588 4242 1725 4312 ξύλῳ
1756 4243 1789 4312 ἢ

231 4349 252 4381 ι
290 4330 512 4402 ἀγχόνῃ,
549 4328 925 4382 ὑποδεικνύναι
947 4329 1003 4382 δὲ
1036 4330 1067 4398 ἢ
1098 4320 1294 4400 ὁδοὺςῆ
1334 4332 1506 4393 οἰκίας
1541 4331 1792 4400 ἀγνοοῦσι

235 4438 252 4469 ι
294 4421 402 4482 τοῖς
444 4417 767 4508 βαρϐάροιςο
800 4417 892 4508 καλ.
922 4418 1366 4508 τῇςῇἀκροάσεως
1401 4419 1654 4508 ἀπείρξαι
1691 4421 1788 4488 δεῖ,
1812 4453 1853 4508 D

227 4527 244 4554 ο
290 4507 481 4575 μέχρις
507 4506 572 4557 ἂν
601 4507 752 4574 κοινῇ
771 4505 898 4574 περὶ
913 4505 1091 4557 αὐτῶν
1115 4522 1165 4556 τι
1195 4505 1318 4575 δόξῃ
1351 4505 1656 4558 συνελθοῦσι
1680 4511 1790 4568 τοῖς

227 4615 245 4648 ι
283 4596 477 4664 ἁγίοις,
515 4595 607 4647 καὶ
633 4595 737 4664 πρὸ
767 4593 944 4646 αὐτῶν
974 4595 1050 4663 τῷ
1074 4596 1209 4664 ἁγίῳ
1241 4596 1532 4665 Πνεύματι.
1574 4615 1594 4647 ι

294 4777 485 4828 ΒΑΛΣ.
522 4775 660 4837 Τοὺς
689 4773 869 4842 μέντοι
905 4773 1041 4842 μετὰ
1067 4773 1124 4826 τὺ
1145 4776 1635 4844 αίχμαλωτισθῆναι
1679 4780 1784 4840 τοῖς

224 4865 517 4936 βαρϐάροις
537 4865 1032 4934 ὁμοφρονήσαντας.
1066 4865 1155 4915 καὶ
1190 4866 1305 4933 μετ’
1325 4865 1501 4917 αὐτῶν
1527 4861 1635 4917 οἷον
1665 4865 1787 4935 βαρ-

224 4953 586 5024 ϐαρωθέντας,
619 4955 712 5005 καὶ
743 4955 866 5014 τοὺς
900 4951 1198 5020 ὁμοφύλους
1219 4955 1572 5023 Χριστιανοὺς
1599 4953 1786 5022 φονεύ-

225 5061 443 5106 σαντας,
476 5045 510 5112 η
566 5042 717 5104 ὁδοὺς
758 5043 1119 5109 άγνοουμενας
1155 5045 1266 5102 τοῖς
1318 5041 1606 5113 βαρϐάροις
1630 5083 1643 5105 ,
1694 5042 1780 5094 καὶ

224 5133 538 5196 ἀπαγούσας
571 5133 650 5194 είς
693 5129 1042 5199 Χριστιανοὺς
1088 5129 1495 5194 ὑποδείξαντας,
1539 5131 1570 5199 ἢ
1612 5131 1783 5196 οίκίας

225 5224 422 5276 τούτων
450 5220 777 5290 καταδήλους
803 5222 913 5281 τοῖς
941 5218 1212 5288 πολεμίοις
1256 5221 1579 5288 ποιήσαντας
1597 5258 1611 5281 ,
1650 5219 1782 5289 μηδὲ

225 5315 302 5374 εἰς
334 5313 592 5381 ἀκρόασιν
621 5307 726 5361 τῶν
742 5307 900 5361 θείων
925 5306 1236 5376 δοξολογιῶν
1263 5307 1661 5378 παραδεχθῑψαι
1679 5309 1779 5361 διο-

229 5403 458 5475 ρίζεται·
495 5400 628 5452 ἀλλὰ
687 5399 789 5463 ἔξω
828 5396 1103 5459 παντελῶς
1161 5397 1256 5466 τῆς
1299 5397 1586 5464 ἐκκλησίας
1634 5399 1772 5450 ἵστα-

229 5491 351 5545 σθαι
397 5492 590 5551 αύτους
639 5491 694 5539 ἑν
733 5489 878 5556 τόπῳ
917 5487 1344 5557 προσκλαιόντων
1393 5487 1603 5548 πάντως
1648 5485 1778 5556 μετὰ

228 5588 324 5652 τὴν
356 5581 733 5649 ἐξομολόγησιν
763 5579 792 5646 ἦ
821 5578 915 5643 τὴν
944 5577 1256 5645 καταδίκην,
1291 5577 1392 5639 ἕως
1421 5578 1483 5629 ἂν
1503 5578 1776 5644 σκοπήσω-

233 5674 382 5726 σινοξ.
411 5674 550 5737 ἆγιοι
590 5669 708 5736 περὶ
740 5667 914 5718 αὐτῶν
961 5669 1107 5735 κοινῇ
1157 5668 1510 5730 συνελθόντες.
1573 5668 1774 5732 ’Λτίους

1878 3612 1985 3659 tem
2021 3607 2286 3662 indicans.

2348 3691 2453 3762 32
2470 3697 2697 3752 CANON
2733 3698 2840 3751 vu.

1952 3807 1969 3838 ι
2014 3788 2088 3842 De
2122 3790 2188 3844 iis
2217 3790 2308 3858 qui
2343 3790 2480 3843 inter
2513 3792 2773 3844 barbaros
2807 3792 3142 3844 annumerati
3182 3803 3339 3855 sunt,
3387 3806 3444 3848 et

1881 3897 1900 3929 ι
1945 3881 2177 3932 absurda
2205 3883 2448 3948 qumdant
2484 3880 2536 3931 in
2565 3895 2658 3932 eos
2686 3881 2776 3946 qui
2806 3890 2930 3932 sunt
2953 3880 3034 3931 sui
3067 3883 3278 3948 gent-ris
3308 3883 3445 3936 fece-

1882 3985 1900 4019 ι
1947 3978 2094 4020 runt.
2149 3966 2255 4018 Eos
2300 3967 2476 4034 itaque
2506 3967 2597 4034 qui
2646 3967 2782 4019 inter
2835 3968 3093 4020 barbaros
3141 3973 3440 4022 enumerati

1879 4075 1900 4108 ι
1942 4065 2100 4118 sunt,
2130 4065 2327 4109 etcum
2357 4057 2436 4110 eis
2467 4056 2518 4108 in
2567 4057 2871 4125 captivitate
2903 4058 3246 4122 invaserunt,
3286 4060 3437 4114 obliti

1877 4165 1895 4196 ι
1942 4161 2000 4199 se
2044 4161 2164 4199 esse
2203 4134 2452 4199 Ponticos
2497 4156 2549 4199 et
2593 4146 2967 4210 Christianos,
3010 4146 3213 4200 etlerati
3258 4161 3439 4202 autem

1875 4254 1894 4287 ι
1941 4237 2262 4305 barbarique
2288 4237 2500 4301 redditi,
2532 4247 2588 4290 ut
2618 4247 2669 4289 et
2695 4252 2789 4290 eos
2816 4239 2906 4304 qui
2939 4238 3020 4289 sui
3049 4247 3173 4290 sunt
3196 4240 3437 4306 generis,

1874 4346 1893 4376 ι
1941 4328 2022 4380 vel
2061 4327 2204 4396 ligno
2235 4328 2312 4393 vel
2341 4327 2692 4382 suffocatione
2726 4329 3080 4390 interﬁciant,
3109 4330 3222 4382 vias
3255 4339 3437 4382 autem

1874 4437 1894 4470 ι
1941 4420 2021 4472 vel
2049 4419 2240 4472 domos
2266 4420 2627 4473 nescientibus
2653 4420 2893 4472 barbaris
2919 4421 3234 4482 ostendant;
3270 4429 3433 4473 etiam

1873 4527 1893 4560 ι
1937 4508 2006 4561 ab
2038 4509 2315 4561 auditione
2354 4523 2538 4561 arcere
2584 4517 2827 4575 oportet,
2871 4508 3042 4561 donec
3089 4510 3154 4561 de
3193 4510 3256 4562 iis
3300 4525 3431 4561 con-

1871 4615 1892 4648 ι
1938 4597 2170 4665 gregalis
2197 4597 2398 4662 sanctis
2427 4596 2626 4664 aliquid
2657 4597 3015 4649 communiter
3047 4598 3217 4650 visum
3245 4596 3428 4659 fuerit,

1873 4705 1891 4737 ι
1938 4697 1988 4739 et
2014 4695 2136 4739 ante
2167 4701 2260 4739 eos
2292 4695 2478 4739 sancto
2511 4685 2752 4752 Spiritui.
2795 4703 2814 4734 ι

1947 4777 2105 4829 Ιίλιε.
2147 4774 2253 4827 Eos
2311 4776 2524 4842 quidem
2576 4775 2666 4842 qui
2711 4783 2993 4841 postquam
3047 4775 3240 4843 captivi
3298 4773 3429 4827 facti

1865 4875 2027 4930 sum,
2076 4864 2318 4918 barbaris
2362 4873 2794 4925 consenserunt,
2842 4874 2895 4915 et
2955 4878 3078 4916 cunt
3136 4865 3216 4916 eis
3260 4863 3422 4917 veluti

1867 4955 2083 5010 barbari
2115 4954 2286 5008 eﬂecti
2320 4963 2476 5019 sunt,
2515 4963 2566 5006 et
2608 4953 2688 5006 sui
2716 4951 2926 5021 generis
2966 4951 3304 5006 Christianos
3342 4953 3425 5006 in-

1866 5045 2227 5106 terfecerunt,
2266 5046 2344 5098 vel
2384 5047 2498 5098 vias
2538 5045 2778 5098 barbaris
2825 5047 3119 5117 ignotaswt
3151 5045 3214 5096 ad
3266 5041 3422 5096 Clu'i-

1864 5135 2069 5189 stianos
2114 5134 2372 5188 ducentes
2417 5135 2783 5193 ostenderunt,
2812 5132 2888 5184 vel
2933 5146 3116 5184 eorum
3155 5134 3294 5185 aedes
3325 5133 3423 5184 ho-

1863 5225 2036 5278 stibus
2061 5223 2371 5278 matiifcstas
2406 5223 2662 5285 fecerunt,
2694 5239 2757 5275 ne
2781 5222 2845 5274 ad
2875 5223 3175 5276 divinarum
3206 5222 3422 5290 quidem

1863 5313 2080 5368 laudum
2116 5314 2440 5368 auditionem
2474 5312 2830 5364 admittendos
2869 5325 2988 5364 esse
3020 5310 3290 5363 decernit:
3325 5311 3420 5363 sed

1862 5420 1955 5458 eos
1985 5406 2206 5458 omnino
2250 5415 2395 5457 extra
2457 5403 2738 5456 ecclesiam
2772 5402 2932 5455 statui
2976 5401 3027 5452 in
3069 5399 3188 5452 loco
3221 5399 3423 5453 deﬂen-

1863 5508 1994 5551 tium
2015 5537 2030 5560 ,
2087 5509 2206 5567 post
2235 5499 2630 5551 confessionem
2664 5497 2865 5550 scilicet
2897 5496 2974 5547 vel
3018 5492 3423 5547 condemnatio-

1862 5603 2024 5651 neut,
2073 5590 2246 5640 donec
2285 5588 2454 5640 sancti
2501 5586 2660 5638 simul
2706 5585 3010 5651 congregati
3063 5583 3128 5634 dc
3169 5580 3233 5632 iis
3273 5594 3422 5632 com-

1863 5679 2094 5732 utnuitcr
2121 5678 2418 5730 snitucrint.
2459 5677 2683 5728 Sanctus
2720 5683 2893 5726 :ttttcm
2927 5673 3206 5740 episeopo»
3240 5671 3415 5737 aprici-
