4018 6450
522 351 625 414 539

1813 365 2089 429 THEOD.
2132 365 2529 431 BALSAMON

3669 375 3786 442 540

527 495 623 547 lat.
673 494 806 546 Illud
857 508 1054 552 autem,
1087 506 1208 546 ante
1263 493 1403 558 ipsos
1450 503 1630 545 sancto
1684 491 1931 560 Spiritui,
1969 493 2100 547 sub-

2200 499 2254 550 δὲ
2277 499 2402 561 τοὺς
2429 499 2750 562 ἐπισκόπους
2771 500 2938 552 καλεῖ.
2965 501 3034 553 Τὸ
3050 502 3125 562 δὲ,
3153 502 3264 570 πρὸ
3291 502 3483 558 αὐτῶν
3506 504 3584 570 τῷ
3613 506 3776 573 ἁγίῳ

527 584 742 652 junxit,
786 569 1107 646 ostendens,
1160 582 1303 650 quod
1344 596 1677 650 qtueCuuque
1724 583 1775 634 in
1825 582 2098 636 communi

529 671 968 726 consideratione
994 671 1062 724 ab
1086 669 1353 738 episcopis
1374 669 1752 737 dispensantur
1781 681 1832 725 et
1860 680 2100 726 statuun~

529 771 653 826 tur,
689 759 928 829 Spiritus
973 771 1195 815 sanctus
1241 776 1302 814 ea
1349 763 1604 829 suggerit.
1657 761 1720 815 Et
1765 763 1846 816 lex
1881 763 2097 833 quidem

527 853 900 910 ecclesiastica
945 856 1091 922 ipsos
1133 853 1212 908 sic
1258 857 1431 921 punit.
1473 853 1584 908 Lex
1629 869 1759 907 vero
1799 855 1970 908 civilis
2005 869 2097 909 eos

528 946 833 1017 majestatis
871 947 1088 1001 crimini
1118 946 1356 1015 subjicit.
1393 945 1530 998 Dicit
1560 945 1703 998 enim
1742 946 1972 1012 primum
2005 960 2097 999 ca—

529 1048 646 1108 put,
690 1039 756 1092 56
786 1040 892 1100 tit.,
927 1053 993 1090 ιχ
1029 1037 1120 1090 lib.
1161 1056 1172 1089 :
1211 1035 1320 1090 Lex
1349 1035 1642 1103 majestatis
1669 1035 1859 1088 similis
1888 1044 1968 1088 est
1994 1036 2099 1107 legi

525 1129 595 1181 de
621 1128 926 1195 sacrilegio.
957 1125 1022 1179 Et
1059 1134 1271 1180 tenetur
1295 1141 1378 1189 ea,
1404 1126 1493 1192 qui
1528 1125 1787 1178 adversus
1841 1125 2094 1193 populum

527 1216 837 1270 Romanum
883 1215 1195 1275 commisit,
1257 1221 1310 1267 et
1349 1214 1441 1282 qui
1507 1214 1633 1266 dolo
1695 1213 1838 1266 malo
1893 1215 2100 1268 curavit

525 1307 739 1375 injussu
778 1303 1036 1374 principis
1087 1304 1301 1358 obsides
1347 1303 1616 1367 interimi;
1674 1304 1752 1355 vel
1805 1311 1862 1356 ut
1906 1304 2095 1357 armati

528 1398 780 1450 homines
810 1397 862 1448 in
895 1397 1028 1450 urbe
1055 1396 1163 1449 sint
1187 1394 1446 1448 adversus
1481 1393 1865 1460 rempublicam
1884 1433 1898 1455 ,
1932 1392 2013 1445 vel
2041 1400 2099 1445 ut

527 1488 647 1541 loca
683 1498 775 1539 aut
800 1487 994 1554 templa
1027 1491 1378 1553 occupentur,
1413 1483 1493 1535 vel
1527 1483 1815 1536 seditiosus
1850 1482 1938 1533 fiat
1970 1495 2099 1536 ceno

527 1587 743 1641 ventus,
779 1577 860 1630 vel
904 1586 961 1629 ut
1001 1575 1278 1629 occidatur
1310 1575 1656 1643 magistratus
1679 1614 1693 1638 ,
1724 1583 1777 1626 et
1809 1574 1873 1627 ad
1915 1572 2099 1627 hostes

531 1670 779 1723 mmtium
805 1669 886 1723 vel
913 1669 1121 1721 litteras
1145 1666 1311 1729 misit,
1339 1667 1420 1719 vel
1450 1667 1601 1734 signa
1632 1666 1710 1718 eis
1734 1666 1896 1729 dedit,
1925 1665 2099 1718 aliove

532 1760 696 1813 modo
730 1759 807 1812 eis
838 1760 958 1811 tulit
984 1757 1280 1820 auxilium,
1316 1765 1367 1809 et
1395 1757 1488 1823 qui
1519 1755 1825 1808 sollicitavit
1857 1754 1937 1807 vel
1971 1768 2100 1807 con-

2200 586 2514 652 ΙῙνεύματι,
2542 587 2806 655 ἐπήγαγε,
2828 589 3054 651 δεικνὺς,
3075 592 3152 642 ὅτι
3181 594 3276 644 ὅσα
3297 594 3354 645 ὲν
3377 597 3526 664 κοινῇ
3545 595 3778 648 διασκέ-

2198 675 2287 741 eat
2331 677 2728 746 οίκονομοῦνται
2779 677 2926 746 παρά
2971 680 3078 732 τῶν
3130 683 3455 748 ἐπισκόπων,
3505 682 3568 736 τὸ
3613 685 3782 752 ἅγιον

2199 763 2417 834 Πνεῦμα
2447 767 2760 836 ὑποτίθησιν
2788 769 2943 822 αὐτὰ.
2974 771 3083 822 Kal.
3106 774 3133 824 ό
3181 773 3278 841 μὲν
3316 773 3782 844 ὲκκλησιαστικὸς

2199 855 2359 926 νόμος
2381 856 2521 910 οὕτω
2547 859 2764 923 τούτους
2808 861 3052 926 κολάζει·
3084 867 3111 916 ό
3152 865 3206 916 δὲ
3238 865 3508 930 πολιτικὸς
3532 866 3610 937 τῷ
3637 868 3782 940 περὶ

2198 943 2573 1008 καθοισιώσεως
2586 948 2887 1018 ἐγκλήματι
2915 949 3306 1005 καθυποϐἀλλει
3325 953 3449 1016 τοὺς
3468 953 3774 1020 τοιούτους.

2195 1033 2330 1102 Φησὶ
2356 1035 2460 1104 γάρ
2492 1036 2683 1104 κεφάλ.
2720 1044 2766 1089 α’
2799 1038 2889 1090 τοῦ
2942 1039 3027 1102 λς’
3072 1040 3253 1094 τίτλου
3296 1044 3388 1096 τοῦ
3424 1043 3463 1108 ξ
3513 1045 3729 1114 βιϐλίου
3758 1063 3775 1076 ο

2209 1124 2263 1174 '0
2295 1123 2554 1193 περὶτῶν
2599 1127 2896 1180 ἐπιϐούλων
2923 1129 3086 1198 νόμος
3130 1130 3311 1199 ὅμοιός
3355 1134 3468 1185 ἐστι
3509 1134 3587 1204 τῷ
3637 1137 3780 1204 περὶ

2198 1213 2512 1283 ἱεροσυλίας.
2539 1217 2646 1269 Kal
2675 1219 2914 1287 ἐνέχεται
2939 1220 3086 1289 αὑτῷ
3107 1223 3134 1274 ό
3161 1223 3301 1276 κατά
3328 1225 3420 1276 τοῦ
3454 1227 3779 1295 Ῥωμαῖκοῦ

2193 1302 2256 1372 δή
2267 1320 2364 1370 μου
2392 1305 2810 1378 πλημμελήσας,
2835 1311 2924 1362 καὶ
2949 1313 3250 1377 σπουδάσας
3280 1317 3417 1368 κατὰ
3443 1317 3592 1370 δόλον
3613 1319 3782 1388 παρὰ

2196 1393 2438 1447 κέλευσιν
2459 1396 2726 1466 βασιλέως
2753 1401 3103 1472 ἀναιρεθῆναι
3133 1406 3256 1467 τοὺς
3296 1407 3535 1476 ὁμήρους
3555 1425 3566 1437 ·
3611 1409 3785 1479 ῆ-ῐνα.

2193 1486 2402 1540 ἔνοπλοι
2429 1489 2698 1559 ἄνθρωποι
2730 1493 2787 1543 ὲν
2815 1492 2964 1544 πόλει
2993 1493 3132 1546 κατά
3157 1495 3255 1564 τῆς
3303 1497 3573 1560 πολιτείας
3606 1493 3780 1565 ὦσιν,

2193 1577 2225 1642 ἢ
2258 1577 2342 1632 ἵνα
2374 1578 2534 1642 τόπος
2565 1581 2596 1650 ἢ
2634 1581 2752 1652 ίερά
2777 1583 3203 1652 κατασχεθῶσιν,
3244 1586 3276 1655 ἢ
3331 1587 3628 1657 στασιώδης
3673 1591 3773 1658 γέ-

2193 1683 2348 1736 νηται
2382 1668 2614 1733 σύνοδος,
2646 1671 2678 1740 ἢ
2712 1671 2797 1723 ἴνα
2831 1673 3069 1742 φονευθῇ⁵
3098 1675 3125 1724 ό
3165 1674 3344 1743 ἄρχων
3366 1692 3378 1704 ·
3423 1678 3515 1729 καὶ
3553 1679 3582 1728 ὁ
3626 1680 3783 1748 πρὸς

2191 1760 2316 1820 τοὺς
2348 1760 2635 1829 πολεμίους
2661 1762 2942 1833 γράμμαῆ
2967 1763 3190 1830 ἄγγελον
3221 1765 3438 1834 πέμψας
3467 1766 3498 1836 ἣ
3537 1772 3782 1838 σημεῖον

529 1851 718 1904 citavit
770 1851 969 1902 milites
1017 1849 1083 1902 ad
1127 1849 1447 1901 seditionem
1500 1847 1582 1900 vel
1648 1849 1856 1900 turbam
1906 1853 2097 1899 contra

2200 1847 2378 1910 αὐτοῖς
2407 1849 2729 1922 δεδωκὼςηῆ
2760 1852 2932 1916 ἄλλως
2968 1853 3237 1924 βοηθήσας
3266 1857 3468 1919 αὐτοῖς,
3503 1837 3596 1910 καί
3631 1860 3782 1912 ὑπο-

529 1940 940 2007 rempublicam.
994 1939 1059 1992 Et
1102 1955 1220 2008 cap.
1269 1939 1301 1992 5
1344 1939 1582 2007 ejusdem
1615 1939 1694 1990 tit.
1741 1947 1791 1991 et
1828 1937 1919 1990 lib.
1949 1954 1962 1989 :
1994 1934 2098 2000 Qui

531 2025 717 2079 hostes
743 2025 1080 2090 sollicitavit,
1106 2035 1159 2078 et
1186 2026 1263 2078 eis
1298 2026 1677 2093 rempublicam
1710 2025 1962 2087 tradidit,
2003 2040 2097 2078 ca-

530 2113 639 2180 pite
688 2113 928 2181 punitur.
987 2111 1051 2164 Et
1093 2112 1346 2179 deinceps
1394 2113 1610 2164 disserit
1653 2120 1814 2178 caput
1860 2110 1926 2164 de
1978 2109 2097 2162 aliis

531 2199 859 2269 quibusdam
895 2199 1183 2254 similibus.
1234 2200 1298 2252 Et
1330 2201 1440 2252 haec
1473 2200 1685 2268 quidem
1725 2200 1790 2252 de
1825 2200 1890 2253 iis
1919 2200 2009 2268 qui
2042 2200 2097 2253 in

531 2293 894 2360 captivitatem
928 2291 1142 2344 abducti
1173 2301 1318 2353 sunt.
1349 2301 1399 2343 ct
1423 2291 1662 2344 ilOSlibUS
1689 2300 2096 2356 consenserunt,

530 2385 677 2438 etde
728 2385 794 2438 iis
839 2385 1022 2437 itidem
1078 2385 1168 2453 qui
1211 2399 1315 2436 non
1359 2383 1412 2435 in
1463 2383 1824 2450 captivitatem
1880 2381 2097 2436 abducti

532 2484 683 2537 sunt,
714 2491 837 2528 cum
875 2477 1116 2528 hostibus
1151 2485 1326 2527 tamen
1355 2484 1768 2535 consenserunt,
1809 2481 1862 2525 et
1911 2472 2100 2525 adver-

534 2581 630 2620 sus
674 2565 978 2619 Romanum
1025 2567 1310 2634 imperium
1346 2566 1739 2632 consuirarnnt.
1787 2562 1888 2626 Qui
1919 2570 2096 2614 autem

531 2670 659 2708 cum
705 2654 772 2708 iis
821 2656 911 2722 qui
970 2664 1164 2707 terram
1218 2669 1470 2721 mareque
1521 2651 1946 2720 depopulantur,
1993 2665 2098 2703 una

537 2744 823 2815 depraedati
855 2753 1014 2809 sunt,
1044 2743 1244 2811 magis,
1283 2751 1338 2794 ut
1370 2743 1500 2796 milii
1528 2743 1750 2805 videtur,
1779 2741 2096 2809 punientur,

536 2836 663 2905 quia
708 2835 881 2903 major
912 2843 994 2888 est
1035 2849 1221 2888 eorum
1260 2833 1596 2900 improbitas.
1633 2832 1822 2885 Hostes
1859 2831 2001 2885 enim
2042 2846 2100 2884 a-

463 2911 467 2915 d
532 2933 689 2994 perta
723 2925 918 2987 fronte,
953 2933 1005 2979 et
1035 2925 1202 2989 nudo,
1235 2933 1291 2976 ut
1327 2924 1494 2987 aiunt,
1532 2925 1702 2991 capite
1723 2922 1917 2974 bellum
1946 2936 2098 2974 com-

536 3025 764 3084 parant;
796 3015 1031 3067 latrones
1059 3024 1235 3066 autem
1273 3013 1410 3066 clam
1441 3022 1493 3065 et
1527 3012 1732 3065 occulte
1770 3010 2099 3079 inepinatam

539 3107 736 3159 caedem
787 3105 1104 3157 moliuntur.
1163 3103 1376 3166 Quanto
1426 3117 1552 3170 ergo
1619 3102 1829 3169 prievisi
1877 3100 2100 3168 periculi

542 3210 720 3264 pugna
753 3194 921 3246 levior
951 3202 1033 3244 cst
1065 3193 1340 3259 inopinato
1370 3193 1528 3253 malo,
1567 3199 1714 3242 tanto
1747 3191 1979 3244 hostium
2015 3190 2103 3242 in-

536 3283 716 3338 sultus
745 3291 825 3336 est
857 3281 1180 3334 tolerabilior
1212 3281 1477 3333 latronum
1511 3279 1737 3331 insidiis.

2193 1937 2446 1999 νοθεύσας
2490 1939 2821 2009 στρατιώτας
2869 1943 3002 2012 πρδς
3046 1945 3230 1996 στάσιν
3270 1947 3300 2015 ἢ
3365 1945 3591 2018 θόρυϐον
3622 1951 3785 2004 κατὰ

2191 2024 2290 2091 τῆς
2319 2026 2606 2090 πολιτείας.
2647 2028 2754 2080 Kal
2783 2029 2973 2096 κεφάλ.
3010 2037 3077 2098 γ’,
3125 2032 3218 2084 τοῦ
3251 2034 3413 2086 αὑτοῦ
3458 2037 3633 2088 τιτλου
3675 2040 3785 2091 καὶ

2193 2113 2395 2183 βιϐλίου
2415 2132 2427 2144 ο
2470 2117 2526 2168 '0
2554 2118 2676 2179 τοὺς
2706 2119 2990 2188 πολεμίους
3013 2122 3282 2191 ἐρεθίσας,
3308 2124 3338 2192 ἢ
3366 2127 3638 2194 παραδοὺς
3667 2129 3783 2180 αὑ-

2190 2208 2300 2268 τοῖς
2328 2205 2584 2275 πολίτην,
2631 2210 2708 2270 είς
2751 2210 2987 2280 κεφαλὴν
3038 2215 3375 2281 τιμωρεῖται.
3413 2216 3521 2267 Kal
3567 2219 3782 2289 ἐφεξῆς

2192 2297 2490 2365 διαλέγεται
2524 2300 2584 2351 τὸ
2619 2301 2906 2367 κεφάλαιον
2952 2303 3078 2372 περὶ
3125 2304 3297 2358 ἄλλων
3333 2308 3492 2359 τινῶν
3540 2309 3777 2378 ὁμοίων.

2193 2386 2302 2437 Kal
2328 2386 2497 2438 ταῦτα
2525 2388 2622 2458 μὲν
2652 2389 2779 2459 περὶ
2805 2389 2911 2441 τῶν
2945 2391 3480 2460 αἰχμαλωτισθέντων
3509 2397 3603 2447 καὶ
3631 2400 3781 2466 ὁμο-

2193 2477 2550 2545 φωνησάντων
2583 2481 2691 2541 τοῖς
2727 2479 3023 2548 πολεμίοις,
3055 2481 3149 2534 καὶ
3178 2483 3306 2551 περὶ
3337 2483 3445 2535 τῶν
3472 2485 3543 2555 μὴ
3571 2489 3787 2556 αἰχμα-

2191 2564 2577 2631 λωτισθέντων,
2611 2569 2759 2637 ὅμως
2795 2569 2972 2638 μέντοι
3001 2573 3112 2632 τοῖς
3145 2572 3416 2641 πολεμίοις
3446 2576 3784 2645 ὁμογνωμο-

2193 2657 2507 2724 νησάντων,
2551 2659 2643 2712 καὶ
2693 2659 3069 2745 φρονησάντων
3113 2662 3252 2713 κατά
3301 2663 3397 2731 τῆς
3452 2665 3784 2736 Ῥωμαῖκῆς

2192 2747 2458 2811 ἐξουσίας.
2492 2752 2553 2801 ΟΞ
2592 2751 2648 2802 δὲ
2679 2754 2787 2812 τοῖς
2817 2751 2954 2802 κατά
2994 2751 3185 2820 χέρσον
3229 2753 3321 2804 καὶ
3365 2752 3628 2807 θάλατταν
3677 2757 3786 2827 λῃ-

2197 2837 2438 2890 στεύουσι
2464 2839 2972 2908 συλλῃστεύσαντες,
3013 2841 3290 2906 πλειόνως,
3323 2844 3396 2905 ὼς
3436 2845 3558 2914 ἐμοὶ
3598 2845 3779 2912 δοκεῖ,

2195 2925 2638 2996 κολασθήσονται·
2665 2928 2743 2978 ὅτι
2777 2927 2868 2979 καὶ
2895 2927 3090 2994 μείζων
3124 2928 3238 2979 ἐστὶ
3277 2930 3480 2981 τούτων
3513 2932 3544 2998 ἡ
3577 2929 3781 2984 κακία.

2197 3017 2258 3068 Οἱ
2289 3016 2384 3084 μὲν
2411 3016 2517 3086 γὰρ
2551 3016 2791 3084 πολέμιοι
2836 3015 2972 3068 κατὰ
3003 3017 3288 3086 πρόσωπον
3333 3018 3421 3071 καὶ
3449 3021 3626 3088 γυμνῇ
3676 3036 3743 3070 κε
3767 3049 3780 3057 -

2198 3106 2360 3176 φαλῇ,
2395 3106 2454 3157 τὸ
2482 3106 2788 3174 λεγόμενον,
2816 3105 2904 3158 τὸν
2933 3107 3163 3175 πόλεμον
3218 3108 3532 3160 συνιστῶσιν
3556 3125 3569 3137 ·
3618 3110 3670 3161 oi
3717 3111 3784 3163 δὲ

2197 3193 2388 3264 λῃσταὶ
2420 3194 2663 3260 ἀοράτως
2696 3194 2788 3244 καὶ
2822 3194 3034 3260 ἀφανῶς
3068 3196 3469 3264 ἀπροσδόκητον
3500 3197 3781 3263 μελετῶσι

2197 3281 2371 3348 φόνον.
2405 3283 2562 3333 Ὅσον
2588 3277 2679 3334 οὖν
2705 3281 2796 3332 τοῦ
2835 3284 3185 3352 προκειμένου
3217 3284 3336 3336 κατ’
3369 3284 3424 3344 6L!
3442 3301 3490 3338 ιν
3517 3284 3778 3340 κινδύνου

540 3387 574 3460 ἡ
623 3388 770 3457 μάχη
818 3387 1118 3457 κουφοτέρα
1155 3386 1270 3437 ἐστὶ
1307 3384 1397 3436 τοῦ
1450 3385 1852 3454 ἀπροσδοκήτου
1901 3389 2098 3454 κακοῦ,
2149 3387 2394 3441 τοσοῦτον
2422 3388 2510 3440 καὶ
2543 3385 2707 3456 ἡτῶν
2743 3383 3007 3452 πολεμίων
3051 3385 3234 3452 ἔφοδος
3289 3384 3613 3452 ἀνεκτοτέρα
3641 3380 3776 3432 ἐπὶ

538 3478 636 3547 τῆς
661 3479 766 3530 τῶν
792 3479 1157 3547 λῃστευόντων
1195 3477 1497 3546 ἐπιϐουλῆς.

619 3577 820 3629 Ζυιιιειιι.
863 3576 1181 3642 Quicunque
1227 3574 1479 3641 quidem,
1530 3573 1644 3636 ait,
1709 3572 2001 3640 aliquando
2051 3571 2105 3623 in

548 3670 860 3722 servitutem
891 3666 1105 3718 abducti
1147 3681 1204 3716 se
1235 3664 1478 3716 barbaris
1511 3663 1887 3728 adjuuxerunt,
1925 3668 1975 3711 et
2002 3675 2103 3713 una

548 3769 672 3807 cum
712 3755 776 3806 iis
822 3752 1051 3821 grassati
1102 3761 1226 3804 sunt
1276 3765 1483 3802 morum
1534 3750 1832 3801 barbariem
1884 3749 2107 3799 induen-

550 3855 627 3896 tes
653 3884 666 3906 ,
708 3858 771 3895 ac
802 3842 944 3892 velut
979 3840 1126 3893 obliti
1169 3855 1225 3892 se
1267 3854 1333 3891 ex
1382 3836 1551 3889 Ponto
1577 3837 1912 3889 Christianos
1953 3852 2103 3901 esse,

548 3949 643 3986 eos
681 3932 771 4000 qui
800 3930 1041 3998 ejusdem
1075 3937 1200 3982 sunt
1233 3927 1443 3996 generis
1475 3924 1818 3986 interfecere,
1872 3925 1950 3976 vel
1987 3925 2107 3977 bar-

550 4023 698 4076 baris
733 4023 941 4089 ignotas
987 4027 1354 4071 monstravere
1397 4018 1528 4078 vias,
1566 4016 1819 4067 domosve
1860 4013 1992 4081 ipsis
2024 4027 2109 4066 oc-

551 4112 760 4172 cultas;
807 4110 860 4161 hi
901 4127 965 4162 ne
1005 4108 1067 4160 ad
1103 4108 1430 4160 auditionem
1464 4105 1678 4173 quidem
1715 4102 2064 4156 admittantur
2090 4139 2106 4165 ,

551 4200 920 4270 pcenitentiam
965 4209 1218 4266 agentes;
1272 4198 1374 4250 hoc
1437 4204 1555 4256 est,
1615 4203 1764 4245 extra
1826 4190 2108 4244 ecclesiam

553 4293 778 4346 omnino
808 4291 1140 4352 consistant,
1192 4287 1244 4339 in
1278 4287 1394 4340 loco
1421 4286 1664 4338 videlicet
1704 4282 1975 4344 ﬂentium,
2014 4279 2110 4332 do-

551 4397 653 4435 nec
678 4382 729 4433 in
759 4381 1033 4434 communi
1078 4386 1340 4430 conventu
1389 4375 1558 4428 sancti
1593 4373 1659 4426 de
1704 4373 1870 4439 ipsius
1909 4370 2109 4423 delibe-

2259 3562 2496 3615 ΖΩΝΑΡ.
2536 3561 2688 3613 Ὅσοι
2726 3561 2823 3631 μὲν
2855 3557 2968 3623 οὖν,
2998 3559 3192 3631 φησὶν,
3237 3561 3777 3633 αἰχμαλωτισθέντες

2190 3655 2339 3717 ποτὲ,
2374 3654 2854 3721 συγκατετάγησαν
2886 3655 2994 3714 τοῖς
3040 3652 3362 3721 βαρϐάροις,
3401 3654 3492 3704 καὶ
3525 3655 3640 3722 μετ’
3673 3659 3784 3709 αὑ-

2190 3745 2296 3799 τῶν
2329 3744 2560 3813 ἐπῆλθον
2593 3742 3032 3814 βαρϐαρωθέντες
3059 3743 3124 3793 τὰ
3154 3743 3245 3812 ἔθη
3267 3760 3280 3772 ’
3313 3745 3405 3795 καὶ
3434 3743 3622 3815 ὥσπερ
3651 3747 3784 3798 ὲπι-

2192 3834 2493 3902 λαθόμενοι,
2525 3835 2606 3885 ὅτι
2635 3835 2697 3885 ἐκ
2720 3835 2813 3885 τοῦ
2847 3833 3049 3884 Πόντου
3083 3829 3221 3909 ἦσαν
3249 3835 3596 3903 Χριστιανοὶ.
3636 3837 3783 3904 όμο-

2192 3922 2389 3989 φύλους
2406 3923 2765 3991 ὲφόνευσαν,ἢ
2794 3923 2942 3984 ὁδοὺς
2967 3923 3310 3974 ὑπεδείκνυον
3340 3926 3448 3985 τοῖς
3471 3923 3780 3994 βαρϐάροις

2193 4013 2556 4082 ἀγνοουμένοις
2578 4012 2820 4080 αὑτοῖ;,ἢ
2851 4014 3024 4074 οίκίας
3049 4012 3408 4075 λανθανούσας
3427 4013 3642 4076 αὐτούς·
3683 4011 3786 4067 οἶ)-

2194 4121 2274 4155 τοι
2307 4103 2437 4174 μηδὲ
2465 4106 2541 4164 είς
2559 4104 2816 4173 ἀκρόασιν
2835 4103 3326 4172 παραδεχθήτωσαν
3351 4104 3772 4173 μετανοοῦντες·

2195 4193 2470 4245 τουτέστιν
2509 4194 2611 4254 ἔξω
2662 4192 2932 4254 παντελῶς
2981 4193 3081 4261 τῆς
3119 4193 3412 4262 ἐκκλησίας
3465 4193 3782 4262 ἑστηκέτωο

2199 4301 2316 4346 σαν,
2354 4285 2410 4335 ὲν
2442 4284 2590 4352 τόπῳ
2620 4283 2815 4352 δηλαδὴ
2845 4281 3295 4352 προσκλαιόντων,
3327 4283 3429 4344 ἕως
3455 4284 3520 4335 ἂν
3559 4286 3785 4354 σκοπή-

2201 4390 2362 4425 σωσιν
2391 4375 2439 4424 οἱ
2465 4373 2605 4440 ἆγιοι
2635 4373 2760 4442 περὶ
2786 4373 2962 4423 αὐτῶν
2982 4375 3130 4440 κοινῇ
3158 4372 3516 4433 συνελθόντες.
3553 4373 3779 4439 Ἀγίους

552 4481 692 4526 rent.
747 4471 974 4523 Sanctos
1012 4484 1171 4537 porro
1200 4477 1290 4519 aut
1323 4467 1605 4533 episcopos
1639 4473 1790 4516 vocat
1813 4501 1825 4525 ,
1860 4470 1950 4514 aut
1981 4460 2100 4514 sim-

2200 4463 2254 4513 δε
2284 4463 2316 4532 ἢ
2350 4464 2472 4525 τοὺς
2505 4464 2830 4524 ἐπισκόπους
2862 4463 3049 4524 καλεῖ,
3084 4463 3115 4531 ἢ
3155 4464 3280 4523 τοὺς
3319 4463 3541 4522 πιστοὺς
3586 4462 3788 4526 ἁπλῶς

554 4563 761 4631 pliciter
824 4562 1044 4619 fideles,
1114 4557 1293 4626 magni
1354 4555 1506 4607 Pauli
1558 4553 1781 4620 apostoli
1845 4552 2088 4618 exemplo

553 4652 645 4705 llla
692 4664 866 4705 autem
917 4651 1072 4703 verba
1098 4690 1109 4710 ,
1161 4662 1279 4699 ante
1325 4648 1462 4713 ipsos
1495 4645 1716 4711 Spiritui
1742 4658 1953 4705 sancta,
1991 4643 2109 4695 ideo

2203 4555 2340 4608 κατὰ
2372 4555 2458 4606 τὸν
2494 4556 2661 4623 μέγαν
2698 4554 2991 4606 ἀπόστολον
3021 4553 3251 4607 Παῦλον.
3292 4553 3364 4602 Τὸ
3392 4553 3466 4614 δὲ,
3501 4553 3615 4617 πρὸ
3667 4555 3787 4605 αὑ-

2203 4646 2316 4700 τῶν
2339 4645 2414 4708 τῷ
2446 4647 2588 4713 ἁγίῳ
2617 4648 2950 4712 Πνεύματι,.
2981 4647 3250 4714 ἐπήγαγε,
3285 4645 3496 4704 δεικνὺς
3517 4682 3530 4706 ,
3558 4646 3640 4695 ὅτι
3675 4646 3791 4699 ὅσα

553 4740 832 4807 adjunxit,
880 4748 937 4792 ut
981 4750 1311 4805 quaecunque
1361 4736 1413 4786 in
1469 4749 1568 4786 con
1597 4733 1742 4784 'nuni
1781 4733 2003 4785 consilio
2046 4730 2100 4782 al

2206 4737 2261 4787 ὲν
2291 4739 2440 4806 κοινῇ
2481 4737 2759 4804 διασκέψει
2799 4734 3200 4804 οἰκονομοῦντοιι
3251 4734 3398 4803 παρά
3437 4735 3788 4799 ἐπισκόπων,

552 4833 844 4902 episcopis,
877 4833 955 4883 vel
978 4831 1136 4883 etiam
1166 4845 1193 4880 a
1224 4827 1635 4894 quibuscunque
1660 4825 1901 4876 fidelibus
1926 4824 2100 4875 decer-

2203 4829 2236 4896 ἢ
2273 4831 2362 4880 καὶ
2392 4829 2571 4889 ἁπλῶς
2601 4828 2706 4880 τῶν
2732 4827 2953 4887 πιστῶν,
2990 4826 3048 4876 τὸ
3071 4826 3218 4890 ἅγιον
3252 4825 3476 4892 Πνεῦμα
3521 4825 3797 4897 ὑποτίθη-

557 4935 780 4984 nuntur,
814 4923 1072 4988 Spiritum
1096 4929 1338 4974 sanctum
1385 4931 1445 4968 ea
1469 4913 1886 4967 deliberantibus
1924 4927 2100 4981 sugge-

2207 4937 2288 4972 σιν
2319 4919 2456 4973 αὐτὰ
2487 4922 2597 4981 τοῖς
2626 4919 2751 4987 περὶ
2785 4918 2958 4970 αὐτῶν
2991 4916 3488 4985 διασκεπτομένοις.

559 5026 679 5064 rere
707 5010 1056 5062 demonstret.

1019 5087 1122 5155 33
1137 5092 1359 5145 CANON
1397 5088 1528 5144 Vlll.

2818 5099 3052 5154 KANQN
3090 5098 3164 5148 ll’.

637 5208 653 5239 ι
702 5189 775 5242 De
816 5189 882 5242 iis
917 5189 1005 5255 qui
1037 5187 1238 5238 alienas
1269 5187 1454 5237 domos
1480 5181 1741 5234 hostiliter
1769 5181 1970 5250 ingredi
1999 5181 2116 5233 ausi

635 5292 761 5330 sunt
811 5279 861 5328 in
913 5275 1262 5328 barbarorum
1302 5273 1625 5323 incursione.
1671 5269 1774 5322 Eos
1821 5280 1994 5322 autem
2027 5268 2120 5335 qui

634 5368 838 5419 alienas
876 5366 1061 5417 dumos
1107 5362 1356 5413 invadere
1387 5359 1502 5412 ausi
1535 5358 1764 5422 fuerint,
1807 5359 1849 5410 si
1884 5356 2119 5410 accusati

634 5458 850 5524 quidem
893 5454 1122 5508 convicti
1177 5451 1413 5512 fuerint,
1483 5465 1576 5501 nec
1620 5450 1890 5501 auditione
1929 5449 2118 5516 dignos

634 5547 959 5601 existimare.
991 5544 1082 5597 Sin
1113 5553 1290 5595 autem
1332 5541 1617 5592 iudicarint
1649 5554 1704 5590 se
1738 5539 1880 5606 ipsos
1914 5554 1974 5592 ac
2005 5539 2124 5590 red—

633 5637 904 5698 diderint,
975 5638 1025 5688 in
1076 5651 1259 5689 eorum
1309 5634 1397 5700 qui
1452 5640 1830 5684 convertuntur
1880 5628 2119 5683 ordinent

571 5749 589 5780 ς
637 5732 922 5785 substerni.
957 5749 972 5779 ι

2286 5211 2302 5241 1
2346 5193 2478 5262 Περὶ
2508 5190 2611 5242 τῶν
2644 5191 2808 5251 οἴκοις
2848 5188 3140 5256 ἀλλοτρίοις
3187 5187 3428 5238 ἐπελθεῖν
3474 5187 3798 5255 τολμησάν-

2217 5303 2232 5332 ι
2271 5301 2376 5334 των
2415 5287 2468 5335 εν
2501 5286 2563 5350 τῇ
2595 5283 2699 5332 τῶν
2734 5280 3017 5349 βαρϐαρων
3039 5278 3322 5347 ἐπιδρομῇ.
3355 5278 3492 5338 Τοὺς
3525 5276 3580 5327 δὲ
3613 5278 3802 5340 οἴκοις

2220 5393 2236 5426 ι
2275 5374 2567 5444 ἀλλοτρίοις
2601 5372 2840 5423 ἐπελθεῖν
2871 5370 3241 5438 τολμήσαντας
3267 5409 3279 5429 ,
3331 5369 3422 5419 ὲάν
3470 5369 3566 5434 μὲν
3614 5385 3802 5438 κατη-

2221 5485 2238 5515 ι
2281 5462 2597 5535 γορηθέιτες
2630 5461 2943 5530 ἐλεγχθῶσι,
2975 5460 3104 5528 μηδὲ
3133 5460 3230 5527 τῆς
3259 5459 3572 5527 ἀκροάσεως
3615 5456 3802 5521 ἀξιῶ..

2223 5574 2240 5604 ι
2282 5573 2365 5606 σαι
2387 5572 2397 5582 °
2431 5554 2519 5604 ἐὰν
2565 5553 2618 5603 δὲ
2646 5553 2840 5610 αὐτοὺς
2876 5549 3126 5611 ὲξείπωσι
3162 5548 3254 5599 καὶ
3288 5547 3555 5599 ἀποδῶσιν
3579 5585 3592 5608 ,
3626 5547 3688 5598 ἐν
3727 5549 3803 5614 τῇ

565 5296 584 5326 σ

568 5387 585 5416 ι

567 5477 584 5506 1

565 5571 585 5598 1

568 5658 585 5688 ί

2227 5665 2244 5698 ι
2280 5647 2383 5699 τῶν
2414 5644 2848 5714 ὑποστρερόντων
2878 5642 3022 5704 τάξει
3057 5641 3396 5692 ὑποπίπτειν.
3442 5659 3457 5689 ι
