4018 6458
252 387 355 453 ω

1205 390 1278 449 ΙΝ
1313 390 1546 452 EPIST.
1581 394 1637 454 Β.
1669 392 2050 452 (ΗΗΞΟΟΒΠ
2111 391 2538 451 NEOCzESAR.

3367 384 3472 448 542

312 517 508 599 ΒΔΛΣ.
539 515 872 586 Παχυμερῶς
902 514 1166 568 διαλαϐὼν
1186 517 1213 568 6
1235 514 1384 582 ἀγιος
1418 518 1542 584 περὶ
1575 517 1678 568 τῶν
1709 519 1802 588 ἁρ-

1971 515 2127 574 Βιιε.
2166 513 2458 585 Postquam
2496 525 2714 571 sanctus
2747 512 2921 599 fusius
2953 519 3260 573 tractaverit
3289 517 3356 574 de
3393 521 3460 575 iis

240 592 537 663 πασάντων
565 606 598 676 ἢ
632 606 936 676 εὑρηκότων
971 605 1264 674 πράγματά
1291 621 1448 658 τινων
1476 607 1804 675 αἰχμαλωτι-

240 698 479 750 σθέντων
503 735 517 757 ,
567 697 686 748 ὅσον
729 695 864 757 τέως
893 697 970 757 είς
1011 695 1100 745 τὸν
1129 694 1280 761 λόγον
1334 695 1442 748 τῶν
1489 697 1799 766 ἐπιτιμίων

239 787 374 858 ἄρτι
401 786 493 838 καὶ
517 785 582 837 τά
616 785 730 854 εἴδη
771 785 869 853 τῆς
906 785 1186 854 μετανοίας
1221 787 1335 855 ἤτοι
1368 785 1477 839 τῶν
1519 787 1798 857 ἐκκλησια-

242 875 446 927 στικῶν
479 877 765 944 ἐπιτιμίων
790 875 1010 944 ἄρχεται
1035 875 1226 940 λέγειν.
1271 876 1377 926 Καὶ
1410 876 1603 929 αὐτίκα
1643 876 1804 946 διορί-

245 966 423 1027 ζεται,
479 966 562 1016 ἵνα
622 964 753 1033 μηδὲ
808 963 941 1033 μετά
979 963 1084 1014 τῶν
1118 965 1476 1032 ἀκροωμένων
1527 965 1794 1030 ἱστῶνται,

241 1056 382 1107 ἀλλὰ
429 1055 561 1124 μετά
603 1055 710 1107 τῶν
755 1054 1180 1125 προσκλαιόντων
1236 1054 1432 1118 ἔξωθεν
1467 1055 1563 1124 τῆς
1614 1058 1808 1126 61¢qu-

245 1147 372 1207 σίας
394 1187 406 1206 ,
427 1147 473 1197 οί
504 1145 843 1215 ἁρπάσαντες
870 1142 1104 1196 τοιοῦτόν
1118 1159 1168 1195 τι
1196 1146 1423 1212 πρᾶγμα
1441 1144 1802 1214 αἰχμαλώτου,

242 1237 345 1288 καὶ
379 1237 450 1305 μὴ
479 1234 923 1304 ἀντιστρέψαντες
940 1233 1086 1295 αὐτὸ,
1115 1233 1244 1285 ἀλλὰ
1261 1235 1646 1304 ἀναμείναντες
1664 1251 1802 1288 κατ-

249 1326 486 1396 ηγορίαν
533 1327 624 1377 καὶ
651 1324 865 1392 ἔλεγχον
884 1323 970 1375 διά
997 1323 1091 1392 τὴν
1137 1323 1378 1393 ἄρνησιν.
1418 1325 1555 1388 Τοὺς
1595 1325 1650 1376 δὲ
1680 1327 1805 1380 ἑαυ-

242 1419 374 1479 τοὺς
405 1415 894 1486 προσαγγείλαντας
922 1416 1012 1466 καὶ
1037 1415 1221 1476 δόντας
1249 1413 1548 1478 καλοθελῶς
1566 1414 1668 1484 πρὸ
1680 1415 1807 1468 ἀναο

244 1503 433 1571 γωγῆς
468 1503 506 1554 ἃ.
539 1502 846 1568 ἀφείλοντο,
889 1501 1176 1571 διορίζεται
1205 1501 1292 1554 διὰ
1324 1501 1420 1570 τὴν
1450 1503 1809 1571 μεταμέλειαν

248 1589 623 1660 συνεύχεσθαι,
652 1590 816 1657 ἤγουν
846 1589 1219 1652 συνίστασθαι,
1260 1590 1396 1658 μετά
1424 1589 1530 1642 τῶν
1569 1592 1804 1646 πιστῶν·

247 1681 577 1732 ὑποπίπτειν
605 1678 661 1730 δὲ
689 1678 861 1735 αὐτῶν
882 1678 968 1740 διά
995 1678 1056 1730 τὸ
1078 1678 1475 1746 ἀναγκάζεσθαι
1495 1680 1808 1751 ὲξέρχεσθαι

252 1786 391 1840 μετα
419 1770 526 1822 τῶν
561 1769 995 1838 κατηχουμένων.
1032 1770 1140 1820 Καὶ
1178 1771 1206 1821 6
1231 1771 1327 1839 μὲν
1361 1770 1808 1841 ἑκκλησιαστικὸς

250 1861 417 1929 νόμος
439 1860 580 1912 οὕτω
609 1851 828 1919 τούτόυς
857 1857 1070 1921 κολάζει
1089 1875 1102 1888 ο
1130 1859 1158 1909 6
1185 1859 1242 1911 δὲ
1269 1861 1539 1924 πολιτικὸς
1563 1863 1686 1925 τοὺς
1713 1862 1810 1933 ἄρ-

249 1966 432 2017 παγας
461 1951 554 2002 καὶ
587 1950 691 2020 πρὸ
717 1949 1005 2018 καταδίκης
1037 1949 1401 2018 προσάγοντας
1429 1949 1490 2001 τδ
1516 1950 1606 2004 ὑπ’
1632 1951 1811 2004 αὐτῶν

251 2041 500 2111 ἀρπαγὲν
532 2041 592 2092 οὑ
626 2039 1005 2110 προσδέχεται.
1055 2039 1166 2091 ἀλλ’
1213 2041 1291 2101 είς
1329 2039 1388 2092 τὸ
1423 2040 1810 2110 τετραπλάσιον

251 2130 621 2192 καταδικάζει.
651 2131 785 2198 Φησὶ
810 2131 920 2196 γὰρ’
940 2146 1063 2196 κεφ.
1091 2134 1163 2191 ς’,
1193 2128 1283 2181 τοῦ
1311 2129 1373 2192 ιζ’
1423 2128 1618 2191 τίτλου,
1657 2129 1743 2181 τοῦ
1765 2131 1807 2196 ξ’

255 2223 459 2291 βιϐλίου
479 2239 492 2251 ·
539 2223 595 2273 '0
625 2221 806 2290 ἅρπαξ
835 2222 932 2272 οὑκ
959 2220 1350 2273 ἀπαλλάττεται
1366 2220 1463 2289 τῆς
1495 2221 1683 2289 ποινῆς
1707 2223 1811 2291 πρὸ

253 2313 354 2382 τῆς
379 2313 535 2381 δίκης
565 2311 850 2381 προσάγων
891 2311 952 2362 τὸ
999 2313 1246 2381 πρᾶγμα.
1288 2311 1395 2363 Καὶ
1437 2312 1575 2380 θεμα
1622 2311 1685 2374 ζ’,
1717 2311 1810 2364 τοῦ

259 2401 304 2471 β’
351 2383 542 2468 κεφαλ.
585 2398 678 2450 τοῦ
713 2398 872 2452 αὑτοῦ
901 2399 1102 2468 βιϐλίου
1120 2399 1211 2453 καὶ
1227 2398 1399 2452 τίτλου
1419 2415 1432 2429 ο
1459 2400 1812 2452 Εῖσωδὲνιαυ-

255 2491 352 2544 τοῦ
380 2490 440 2542 τὸ
472 2489 669 2558 ἀληθὲς
715 2488 808 2541 τοῦ
843 2489 1160 2558 πράγματος
1194 2487 1402 2558 τίμημα
1423 2487 1814 2559 τετραπλασιά-

258 2581 430 2647 ζεται,
453 2581 514 2633 οὑ
542 2581 646 2650 μὴν
669 2579 730 2632 τὸ
757 2579 1028 2649 διαφέρον.
1059 2580 1230 2647 Ὅπερ
1249 2578 1303 2630 δέ
1331 2595 1495 2648 φησιν
1531 2579 1758 2633 ἐνταῦθα
1786 2582 1814 2632 6

259 2669 414 2736 ἅγιος
437 2668 595 2739 χάριν
634 2667 741 2718 τῶν
773 2666 877 2735 πρὸ
907 2665 1197 2734 καταδίκης
1229 2666 1321 2717 καὶ
1367 2665 1694 2734 κατηγορίας
1735 2665 1813 2716 δι-

259 2761 454 2814 δόντων
479 2759 540 2811 τδ
570 2756 888 2826 ἀφαιρεθὲν,
921 2755 1076 2808 τοῦτο
1113 2756 1141 2805 6
1181 2755 1342 2824 νόμος
1389 2754 1812 2824 παρακελεύεται

261 2837 509 2917 γίνεσθὶι
536 2849 615 2909 εἰς
645 2849 769 2910 τοὺς
803 2845 938 2898 κατά
972 2845 1133 2912 φόϐον
1161 2845 1418 2905 λαϐόντας
1458 2862 1509 2896 τι
1548 2846 1610 2896 ὲκ
1653 2843 1812 2905 τινός.

261 2940 397 3010 Φησὶ
429 2938 536 3009 γὰρ
560 2937 620 2990 τὸ
650 2942 688 2988 ε’
717 2935 874 3005 θέμα,
919 2935 1011 2988 τοῦ
1043 2940 1108 3000 ιγ’
1149 2933 1361 3000 κεφαλ.,
1398 2931 1491 2985 τοῦ
1533 2932 1572 3001 β’
1608 2933 1807 2994 τίτλου,

263 3031 358 3084 τοῦ
390 3030 615 3083 δεκάτου
649 3027 878 3096 βιϐλίον’
942 3027 1006 3078 Ἦ
1043 3025 1130 3078 διὰ
1171 3025 1330 3094 φόϐον
1359 3023 1592 3087 αίτίασις
1626 3024 1812 3094 αἱρετή

262 3123 380 3175 ἔστι
399 3137 412 3150 °
443 3120 537 3172 καὶ
563 3117 737 3181 ἔξεστι
762 3116 836 3187 τῷ
869 3116 1175 3186 έναγομένῳ
1207 3115 1363 3186 μέχρι
1393 3115 1570 3185 ψήφου
1609 3115 1816 3166 ἀποκα-

262 3209 524 3278 ταστῆσαι
552 3208 612 3258 1:6
637 3207 882 3274 πρᾶγμα,
914 3207 1004 3257 καὶ
1035 3205 1107 3273 μὴ
1149 3202 1328 3256 δοῦναι
1363 3203 1422 3254 1:6
1466 3201 1813 3271 τετραπλοῦν.

1897 609 1991 677 qui
2032 616 2341 675 rapuerunt,
2383 607 2464 661 vel
2509 608 2863 677 quorumdam
2894 609 3224 675 captivorum
3255 625 3340 663 res
3374 610 3459 662 in-

1899 706 2201 762 venerunt,
2253 695 2394 764 quod
2458 698 2522 748 ad
2578 710 2857 763 poenarum
2912 697 3172 749 rationem
3221 698 3454 760 attinet;

1899 803 2044 841 nunc
2070 801 2288 854 quoque
2315 785 2521 852 species
2547 784 2890 852 pmnitcntite,
2923 785 3037 838 sive
3069 785 3459 838 ecclesiastica-

1906 893 2024 931 rum
2067 891 2344 945 puanarum
2391 875 2576 942 incipit
2608 875 2806 927 dicere.
2857 873 2922 926 Et
2982 875 3164 928 statim
3215 875 3456 928 decernit

1901 977 1958 1021 ut
2005 982 2101 1021 nec
2146 976 2287 1021 stent
2320 981 2439 1020 cum
2475 965 2855 1028 audientibus,
2906 965 2996 1018 sed
3045 979 3166 1017 cum
3217 964 3459 1018 deflenti-

1900 1056 2020 1118 bus,
2057 1063 2204 1108 extra
2237 1055 2550 1116 ecclesiam,
2594 1054 2685 1121 qui
2731 1068 2840 1106 rem
2889 1053 3085 1119 captivi
3121 1065 3454 1120 rapuerunt,

1897 1154 1951 1200 et
1981 1160 2098 1198 eam
2130 1160 2235 1199 non
2279 1148 2647 1205 restituerunt,
2677 1143 2769 1197 sed
2801 1143 3196 1196 accusationem
3240 1152 3292 1196 et
3331 1159 3459 1209 pro-

1898 1234 2168 1290 bationem
2207 1243 2582 1302 exspectarunt
2629 1241 2841 1299 propter
2905 1231 3298 1284 inﬁtiationem.
3351 1231 3456 1285 Eos

1899 1335 2075 1378 autem
2117 1325 2207 1393 qui
2250 1339 2307 1377 se
2354 1324 2498 1391 ipsos
2525 1322 2845 1385 detulerunt,
2877 1328 2930 1373 et
2966 1335 3063 1374 sua
3107 1329 3298 1388 sponte
3336 1336 3456 1388 qua

1898 1414 2190 1475 abstulere,
2231 1419 2353 1465 ante
2385 1413 2650 1465 actionem
2701 1410 2984 1474 dederunt,
3017 1411 3206 1463 statuit
3237 1419 3294 1462 ut
3327 1426 3456 1478 pro-

1900 1512 2018 1570 pter
2039 1503 2404 1570 pmnitentiam
2429 1510 2857 1568 comprecentur,
2890 1517 2984 1554 seu
3007 1503 3303 1555 consistant
3332 1516 3454 1555 cum

1901 1590 2173 1654 ﬁdelibus;
2207 1589 2618 1643 substernantur
2672 1597 2850 1642 autem
2897 1589 3036 1650 illis,
3084 1603 3147 1641 eo
3185 1590 3326 1657 quod
3359 1603 3454 1641 co-

1898 1689 2099 1750 guntur
2141 1680 2319 1748 egredi
2355 1694 2478 1733 cum
2517 1679 2939 1733 catechumenis.
2983 1679 3059 1732 Ac
3105 1679 3184 1731 lex
3236 1679 3453 1746 quidem

1899 1769 2256 1822 ecclesiastica
2292 1783 2386 1822 eos
2423 1769 2503 1822 sic
2533 1771 2706 1836 punit.
2751 1765 2860 1822 Lex
2899 1782 3026 1821 vero
3070 1768 3243 1821 civilis
3277 1777 3457 1836 rapto-

1836 1841 1878 1894 Β
1901 1874 1986 1913 res
2015 1859 2156 1927 quod
2179 1859 2246 1911 ab
2273 1859 2404 1925 ipsis
2436 1868 2646 1925 raptum
2679 1866 2759 1910 est
2784 1858 2944 1909 etiam
2975 1865 3096 1910 ante
3127 1858 3456 1910 condemna-

1899 1951 2104 2003 tionem
2145 1950 2427 2004 offerentes
2453 1988 2468 2013 ,
2527 1963 2632 2000 non
2667 1948 2940 2011 admittit,
2989 1947 3081 2000 sed
3138 1947 3458 2000 condemnat

1901 2039 1954 2091 in
2000 2039 2378 2107 quadruplum.
2448 2038 2585 2091 Dicit
2625 2038 2768 2090 enim
2814 2051 2934 2105 cap.
2985 2036 3038 2098 6,
3098 2036 3164 2089 17
3218 2039 3338 2099 tit.,
3388 2051 3458 2089 ιι

1899 2127 1992 2187 lib.
2025 2145 2039 2180 :
2075 2127 2278 2195 Raptor
2318 2142 2476 2196 paena
2507 2142 2611 2179 non
2629 2127 2893 2180 liberatur
2923 2128 3189 2180 oblatione
3213 2130 3284 2181 rei
3333 2138 3456 2183 ante

1898 2219 2065 2272 litem.
2126 2217 2185 2271 Et
2233 2218 2407 2271 thema
2457 2217 2486 2268 7
2514 2256 2530 2280 ,
2573 2232 2688 2285 cap.
2731 2217 2765 2269 2
2810 2217 3048 2284 ejusdem
3114 2218 3203 2270 lib.
3237 2228 3290 2271 et
3321 2219 3400 2270 tit.
3437 2232 3453 2271 :

1899 2306 2038 2362 Intra
2084 2321 2284 2361 annum
2339 2322 2524 2360 verum
2573 2308 2802 2374 pretium
2867 2308 3296 2375 quadruplatur,
3349 2323 3452 2361 non

1897 2406 2073 2451 autem
2125 2397 2176 2450 id
2231 2397 2373 2465 quod
2436 2396 2678 2449 interest.
2745 2397 2898 2460 Quod
2943 2406 3121 2448 autem
3184 2396 3270 2450 bic
3325 2397 3456 2451 dicit

1898 2502 2116 2540 sanetus
2147 2485 2213 2539 de
2255 2487 2321 2540 iis
2363 2486 2456 2554 qui
2505 2496 2629 2538 ante
2664 2486 3166 2539 condemnationem
3210 2495 3260 2540 et
3295 2502 3455 2540 accu-

1899 2575 2156 2629 sationem
2205 2591 2316 2629 rem
2356 2578 2675 2642 restituunt,
2718 2577 2802 2630 lex
2848 2577 2998 2646 jubet
3029 2579 3078 2630 id
3112 2578 3224 2631 fieri
3267 2579 3319 2631 in
3363 2595 3455 2636 eos

1897 2664 1990 2732 qui
2049 2665 2247 2732 aliquid
2314 2681 2378 2720 ex
2445 2668 2626 2736 aliquo
2693 2676 2836 2722 metu
2913 2681 3250 2738 acceperunt.
3319 2671 3457 2728 Dicit

1896 2756 2038 2806 enim
2072 2754 2104 2807 5
2146 2755 2357 2821 thema,
2405 2755 2471 2810 15
2512 2758 2711 2824 cap.,2

1899 2854 2073 2896 metus
2109 2860 2300 2909 causa,
2343 2855 2425 2900 est
2451 2847 2656 2911 libera;
2690 2856 2743 2900 et
2781 2848 2900 2901 licet
2938 2849 2985 2901 ei
3013 2850 3270 2905 adversus
3294 2868 3453 2920 quem

1900 2933 2097 3003 agitur,
2128 2934 2190 2986 ad
2226 2936 2542 2987 sententiam
2575 2951 2744 3004 usque
2772 2952 2883 2989 rem
2927 2939 3227 2999 restituere.
3263 2949 3316 2993 et
3347 2957 3451 2993 non

1900 3027 2028 3080 dare
2075 3026 2455 3095 quadruplum.
2512 3027 2604 3079 Est
2667 3035 2844 3080 autem
2900 3035 2954 3079 et
3005 3027 3103 3079 alia
3157 3028 3454 3082 differentia

1859 3130 2086 3177 ,e0rum
2121 3116 2212 3182 qui
2251 3116 2302 3167 vi
2359 3131 2444 3168 res
2493 3114 2764 3176 auferunt,
2813 3123 2867 3168 et
2910 3130 3096 3168 eorum
3131 3119 3219 3184 qui
3251 3117 3451 3185 aliquid

1903 3204 1971 3258 ab
1996 3206 2178 3273 aliquo
2205 3213 2346 3258 metu
2375 3205 2662 3272 accipiunt.
2719 3205 2975 3272 Raptores
3020 3205 3159 3258 enim
3193 3223 3296 3260 una
3326 3224 3448 3263 cum

2755 2759 2859 2824 tit.,
2885 2775 2914 2811 χ
2962 2759 3090 2812 lib.:
3124 2759 3275 2815 Aetio
3300 2763 3456 2831 cujus

267 3299 422 3350 Ἔστι
449 3298 507 3349 δὲ
531 3299 624 3348 καὶ
650 3296 806 3364 ἑτέρα
833 3293 1058 3364 διαφορά
1077 3293 1180 3346 τῶν
1203 3292 1382 3362 βιαίως
1409 3290 1815 3360 ἀφαιρουμένων

1906 3294 2186 3362 quadrupli
2213 3295 2562 3347 retributione
2585 3295 2742 3347 etiam
2767 3293 3122 3360 infamantur;
3157 3297 3247 3363 qui
3274 3307 3451 3352 autent

267 3391 562 3460 πράγματα
587 3384 677 3440 καὶ
700 3386 805 3437 τῶν
843 3387 982 3438 κατά
1013 3386 1171 3453 φόϐον
1203 3384 1574 3454 λαμϐανόντων
1618 3400 1668 3434 τι
1707 3381 1815 3434 ἀπό

1906 3393 2102 3434 metum
2147 3383 2462 3447 intulerunt,
2511 3382 2564 3435 in
2598 3383 2992 3438 existimatione
3039 3395 3240 3438 tantum
3281 3387 3451 3440 labem

265 3495 406 3540 τινος
431 3495 443 3507 ·
471 3478 520 3528 ol
552 3477 647 3546 μὲν
671 3477 777 3544 γὰρ
801 3477 1041 3545 ἅρπαγες
1086 3477 1180 3526 σὺν
1220 3477 1283 3544 τῇ
1320 3473 1568 3526 ἀποδόσει
1605 3471 1698 3524 τοῦ
1726 3489 1815 3524 τε-

1906 3470 2142 3538 aliquam
2170 3473 2514 3526 contrahunt.

266 3565 505 3635 τραπλοῦ
545 3565 637 3616 καὶ
683 3564 1023 3634 ἀτιμοῦνται⁹
1068 3565 1115 3616 οί
1153 3565 1207 3618 δὲ
1254 3563 1411 3632 φόϐον
1435 3561 1819 3628 ἐπαγαγόντες,

270 3655 581 3708 σπιλοῦνται
613 3657 767 3724 μόνον
794 3655 930 3708 κατά
955 3655 1049 3724 τὴν
1078 3653 1357 3721 ὑπόληψιν.

343 3746 584 3796 ΖΩΝΑΡ.
614 3745 678 3796 Οἵ
705 3760 846 3804 τινες
873 3743 928 3794 δὲ
955 3742 1183 3811 ἐπῆλθον
1209 3741 1376 3804 οἴκοις
1399 3741 1690 3812 ἀλλοτρίοις
1731 3743 1822 3804 καὶ

270 3835 520 3902 ἥρπασαν
549 3833 752 3886 ἐκεῖθεν
784 3834 1049 3902 χρήματα,
1092 3825 1252 3896 οὗτοι,
1285 3833 1464 3900 φησὶν,
1487 3834 1534 3884 εί
1553 3838 1670 3902 μὲν,
1691 3851 1819 3886 κατ-

273 3923 632 3993 ηγορηθέντες
692 3923 784 3976 καὶ
826 3922 1170 3993 ἀρνούμενοι,
1225 3921 1584 3990 ἐλεγχθῶσιν,
1627 3924 1824 3992 ὁμοίως

274 4019 384 4078 τοῖς
418 4016 826 4084 προειρημένοις
846 4015 936 4067 καὶ
964 4015 1062 4082 τῆς
1088 4013 1396 4084 ἀκροάσεως
1421 4013 1821 4076 κωλυέσθωσαν,

276 4106 367 4156 καὶ
403 4105 538 4174 μετά
571 4105 679 4155 τῶν
708 4104 1135 4173 προσκλαιόντων
1161 4103 1526 4172 τετάχθωσαν⁸
1558 4105 1605 4153 ει
1626 4102 1682 4154 δὲ
1708 4102 1824 4153 ἑαυ-

275 4194 402 4254 τοὺς
432 4192 738 4256 ὲξείπωσιν,
765 4193 796 4262 ἢ
825 4192 926 4262 πρὸ
957 4192 1048 4244 τοῦ
1093 4192 1529 4262 κατηγορηθῆναι
1578 4191 1828 4260 ὁμολογή-

279 4298 442 4334 σωσιν
471 4280 823 4350 ἀγνοούμενον
844 4281 902 4332 τὸ
923 4283 1238 4350 ἁμάρτημα,
1259 4282 1350 4332 καὶ
1370 4280 1657 4332 ἀποδοῖενά
1679 4279 1819 4346 ἀφεί-

279 4374 446 4435 λοντο,
475 4374 712 4425 ἔστωσαν
739 4374 794 4425 ὲν
827 4375 934 4434 τοῖς
963 4371 1386 4441 ὑποστρέφουσιν
1415 4371 1521 4423 ἀπὸ
1539 4371 1825 4440 ἁμαρτίας,

1978 3750 2174 3805 Ζοιιιιιι.
2207 3751 2307 3817 Qui
2331 3767 2454 3806 vero
2473 3754 2674 3806 alienas
2701 3751 2890 3805 domos
2924 3750 3231 3804 invaserunt
3265 3766 3458 3819 resque

1911 3845 2031 3897 inde
2066 3846 2392 3912 surripuere,
2442 3846 2538 3908 illi,
2575 3845 2764 3911 inquit,
2799 3845 2843 3896 si
2872 3844 3086 3911 quidem
3115 3843 3348 3895 accusati
3395 3859 3458 3896 ac

1911 3941 2262 4000 pernegantes
2305 3935 2531 3987 convicti
2575 3933 2790 3997 fuerint,
2821 3949 2942 3988 cum
2990 3933 3054 3985 iis
3098 3933 3296 3998 pariter
3323 3948 3458 3999 quos

1913 4039 2072 4091 supra
2108 4023 2343 4078 diximus
2379 4027 2445 4078 ab
2483 4026 2756 4079 auditione
2790 4039 3005 4093 quoque
3042 4024 3460 4090 prohibeantur,

1913 4123 2072 4181 atque
2098 4114 2148 4166 in
2172 4113 2412 4167 tlentium
2439 4116 2679 4168 ordinem
2712 4116 3044 4182 relegentur;
3077 4115 3158 4167 sin
3193 4124 3367 4166 autem
3405 4130 3462 4167 se

1916 4203 2062 4269 ipsos
2091 4202 2417 4266 detexerint,
2458 4213 2550 4256 aut
2593 4215 2716 4257 ante
2758 4205 3154 4258 accusationem
3190 4203 3460 4256 occultum

1916 4290 2117 4343 crimen
2149 4290 2379 4344 confessi
2411 4291 2628 4354 fuerint,
2655 4308 2848 4360 resque
2873 4293 3075 4345 ablatas
3105 4291 3461 4353 reddiderint,

1917 4378 2312 4432 constituantur
2359 4381 2413 4432 in
2459 4395 2644 4433 eorum
2675 4382 2860 4433 ordine
2892 4381 3043 4448 quia
3080 4388 3296 4446 peccato
3342 4395 3468 4432 con-

283 4465 524 4517 τουτέστι
548 4465 644 4533 τῆς
682 4463 882 4528 τάξεως
904 4463 1008 4515 τῶν
1030 4463 1455 4522 ὑποπιπτόντων,
1481 4461 1668 4523 οἵτινες
1701 4461 1815 4512 ὑπο-

1920 4475 2218 4529 vertuntur,
2263 4469 2364 4521 hoc
2402 4478 2506 4532 est,
2547 4470 2730 4522 ordine
2774 4470 3189 4531 substratorum,
3219 4468 3310 4534 qui
3344 4482 3466 4520 cum

288 4555 630 4624 συνεύχονται
665 4555 761 4623 μὲν
784 4557 894 4615 τοῖς
920 4555 1123 4614 πιστοῖς
1167 4553 1419 4616 εἰσιόντες
1449 4552 1527 4614 εἰς
1561 4552 1649 4604 τὸν
1687 4551 1827 4616 ναὸν,

283 4648 591 4717 ἐξέρχονται
613 4646 669 4698 δὲ
697 4646 771 4706 ὼς
793 4647 840 4696 οἱ
875 4645 1277 4714 κατηχούμενοι.

882 4736 1114 4788 ΚΑΝΩΝ
1167 4735 1240 4786 Θ’.

361 4847 382 4879 ι
418 4830 550 4898 Περὶ
594 4828 701 4879 τῶν
748 4828 802 4877 ὲν
832 4826 906 4895 τῷ
952 4825 1173 4893 πεδίῳ-ἦ
1224 4826 1278 4875 ὲν
1315 4826 1426 4884 τοῖς
1479 4823 1625 4883 ἰδίοις
1669 4822 1833 4881 οίκοις

292 4939 310 4970 ι
349 4919 609 4988 εὑρόντων
653 4917 722 4969 τὰ
772 4917 874 4968 ὑπὸ
923 4916 1028 4966 τῶν
1069 4914 1349 4983 βαρϐάρων
1397 4911 1828 4976 καταλειφθέντα.

293 5031 311 5062 ι
349 5011 485 5071 Τοὺς
511 5010 565 5062 δὲ
612 5011 668 5060 ὲν
718 5008 876 5075 πεδίῳ
906 5007 1158 5076 εὑρόντας
1203 5021 1254 5055 τι
1297 5003 1329 5072 ἢ
1371 5004 1427 5053 ὲν
1469 5005 1587 5063 ταῖς
1633 5001 1834 5051 ἑαυτῶν

294 5119 311 5149 ι
352 5100 548 5158 οἰκίαις
576 5095 924 5161 καταλειφθὲν
965 5094 1066 5145 ὑπὸ
1109 5093 1216 5144 τῶν
1257 5090 1570 5159 βαρϐάρων,
1601 5089 1692 5139 ὲάν
1741 5089 1834 5156 μὲν

297 5206 314 5236 ι
355 5184 816 5254 κατηγορηθέντες
860 5181 1180 5249 ἐλεγχθῶσιν
1202 5219 1215 5240 ,
1245 5180 1442 5248 ὁμοίως
1471 5180 1526 5227 ὲν
1566 5181 1674 5238 τοῖς
1707 5178 1835 5228 ὑπο-

297 5294 316 5325 ι
361 5276 672 5325 πίπτουσινο
706 5271 798 5324 ἐὰν
839 5270 892 5322 δὲ
925 5269 1144 5328 ἑαυτοὺς
1171 5266 1422 5331 ὲξείπωσι
1453 5265 1542 5316 καὶ
1567 5263 1831 5325 ἀποδῶσι,

299 5385 316 5416 ι
360 5367 449 5416 καὶ
478 5365 572 5431 τῆς
603 5363 763 5430 εὑχης
793 5360 1034 5422 ἀξιῶσαι.
1068 5377 1083 5406 ι

373 5456 555 5506 ΒΑΛΣ.
590 5454 811 5519 Εἴρηται
841 5448 1054 5500 ὄπισθεν
1084 5447 1206 5514 περὶ
1237 5443 1342 5494 τῶν
1382 5444 1638 5508 λεγόντων
1666 5441 1836 5508 εὑρεῖν

295 5547 660 5613 ἀνεπιμέὶ.ητα
693 5543 758 5590 τὰ
791 5539 892 5589 τῶν
939 5535 1468 5604 αἰχμαλωτισθέντων
1524 5533 1836 5600 πράγματα,

298 5637 391 5687 καὶ
421 5631 728 5685 ἰδιώσασθαι
759 5628 909 5680 αὑτά.
944 5628 1050 5678 Καὶ
1091 5623 1184 5676 νῦν
1211 5624 1265 5674 δὲ
1309 5624 1592 5690 διορίζεται
1634 5625 1660 5673 6
1691 5623 1838 5686 ἅγιος

298 5729 422 5784 τοὺς
455 5728 509 5775 ἐν
539 5725 653 5781 ταῖς
683 5719 873 5771 οἰκίαις
901 5717 1002 5767 τῶν
1032 5712 1559 5782 αἰχμαλωτισθέντων
1588 5710 1835 5776 εὑρόντας

1921 4555 2165 4610 fidelibus
2209 4558 2420 4624 quidem
2454 4569 2736 4626 precantur
2771 4559 3023 4626 templum
3053 4561 3332 4622 intrantes,
3369 4573 3472 4611 cae-

1923 4655 2094 4698 terum
2121 4663 2267 4700 niore
2293 4650 2796 4701 catechumenoruin
2830 4649 3194 4716 egrediuntur.

2519 4737 2743 4792 CANON
2789 4738 2877 4792 IX.

2001 4845 2022 4879 ι
2057 4826 2128 4882 De
2161 4827 2225 4880 iis
2249 4829 2338 4896 qui
2364 4829 2415 4880 in
2448 4844 2576 4895 agro
2607 4831 2687 4882 vel
2715 4830 2766 4881 in
2790 4830 2992 4882 adibus
3019 4829 3132 4882 suis
3173 4843 3258 4887 ea,
3289 4843 3407 4894 qua:
3441 4841 3474 4879 α

1932 4933 1952 4968 ι
1998 4917 2243 4971 barbaris
2272 4919 2448 4970 relicta
2475 4929 2620 4979 sunt,
2661 4921 2996 4971 invenerunt.
3036 4917 3140 4970 Eos
3176 4917 3356 4969 autem
3379 4918 3475 4983 qui

1933 5024 1956 5058 ς
1998 5007 2052 5060 in
2089 5024 2276 5076 campo
2313 5009 2513 5076 aliquid
2564 5011 2901 5069 invenerunt,
2928 5009 3010 5061 vel
3054 5009 3105 5060 in
3135 5008 3249 5060 suis
3270 5009 3476 5060 aedibus

1933 5115 1954 5147 ι
2000 5113 2029 5149 a
2062 5099 2300 5153 barbaris
2336 5101 2604 5161 relictum,
2639 5101 2684 5152 si
2719 5101 2952 5152 accusati
2985 5098 3198 5166 quidem
3247 5101 3476 5150 convicti

1936 5205 1954 5238 ι
2001 5189 2216 5252 fuerint,
2247 5192 2353 5243 sint
2379 5192 2624 5243 similiter
2651 5192 2788 5242 inter
2805 5207 2896 5243 eos
2919 5191 3008 5257 qui
3032 5189 3473 5251 substernuntur;

1938 5298 1957 5330 ι
2001 5281 2082 5334 sin
2112 5291 2288 5332 autem
2319 5296 2374 5334 se
2398 5283 2543 5348 ipsos
2572 5281 2855 5333 drtulerint
2875 5290 2927 5334 et
2948 5278 3292 5341 reddiderint,
3317 5278 3476 5330 etiam

1939 5385 1958 5419 ι
2005 5369 2250 5435 precibus
2277 5370 2422 5437 digni
2465 5369 2781 5419 habeantur.
2833 5386 2848 5416 ι

2005 5455 2159 5508 Βλιε.
2210 5455 2415 5507 Dictum
2459 5467 2540 5508 est
2587 5455 2833 5522 superius
2859 5453 2922 5506 de
2953 5454 3016 5506 iis
3055 5453 3151 5519 qui
3198 5451 3382 5503 dicunt
3422 5467 3478 5502 se

1938 5543 2202 5596 invenisse
2218 5560 2300 5595 res
2313 5545 2645 5610 captivorum
2674 5542 2934 5609 neglectui
2961 5543 3191 5601 habitas,
3215 5549 3266 5590 et
3294 5554 3483 5589 earnm

1934 5632 2035 5684 sibi
2081 5633 2456 5698 proprietatem
2483 5632 2804 5684 vindicasse.
2839 5631 2987 5682 Nunc
3037 5639 3210 5681 autem
3241 5628 3480 5680 decernit

1937 5733 2174 5786 sanctus,
2196 5733 2286 5775 cos
2312 5723 2400 5789 qui
2425 5739 2507 5775 res
2542 5725 2872 5788 captivorum
2904 5722 2953 5772 in
2983 5721 3229 5772 domibus
3257 5719 3474 5773 iurene-
