4018 6446
544 392 650 457 543

1797 382 1891 440 ἸἸΙ
1906 379 2066 439 EOD.
2115 375 2507 437 BALSAMON

3648 365 3764 434 εις

541 535 685 590 runt,
711 534 892 594 utpote
919 538 1024 577 non
1062 538 1091 576 a
1131 520 1370 575 barbaris
1399 518 1622 578 ablatas,
1651 513 1729 568 vel
1758 514 1809 565 in
1836 512 1935 565 viis
1985 510 2067 564 ab-

2198 506 2510 576 πράγματα,
2530 503 2605 566 ὡς
2631 501 2703 572 μὴ
2740 501 2888 571 παρά
2917 499 3020 554 τῶν
3049 498 3336 572 βαρϐάρων
3367 498 3761 571 ἀφαιρεθέντα.

535 617 718 683 jectas,
745 615 967 668 fortasse
986 622 1195 681 propter
1213 609 1440 678 pondus,
1460 609 1701 660 iuventas
1715 602 1927 671 quidem
1942 600 2080 654 bona

543 707 644 758 lide
677 707 1044 759 restituentes.
1075 704 1125 753 in
1147 699 1250 770 34
1270 699 1508 768 perferto
1531 697 1694 766 gradu
1726 704 1870 748 stare
1901 692 2102 746 debere

544 805 665 842 cum
686 788 952 841 ﬁdelibus.
968 788 1060 841 Sin
1080 799 1256 840 autem
1276 785 1618 838 condemnati
1633 781 1856 840 fuerint.
1877 779 2099 833 colloca-

543 879 590 932 ri
607 893 731 931 cum
751 879 816 930 iis
831 879 922 947 qui
941 879 1385 940 substernuutur,
1403 875 1607 928 scilicet
1622 873 1803 941 egredi
1819 885 1939 925 cum
1960 881 2101 922 cate-

542 966 843 1018 clmmenis.
863 962 982 1015 Hzec
998 977 1117 1014 cum
1143 961 1211 1013 ita
1235 976 1289 1014 se
1316 961 1565 1023 habeant,
1588 958 2082 1025 dixeritquispiam,

542 1074 634 1111 eos
670 1058 746 1110 sic
776 1057 967 1124 puniri.
1000 1056 1088 1122 qui
1124 1069 1219 1122 pro
1248 1069 1304 1106 re
1333 1053 1545 1106 inventa
1581 1052 1904 1104 restituenda
1957 1063 2084 1103 con-

545 1147 938 1200 demnationem
983 1151 1317 1210 exspectant,
1360 1133 1478 1194 es'se
1509 1141 1868 1209 iustissimum
1893 1179 1907 1202 ,
1946 1153 2085 1207 quo-

547 1237 691 1289 niam
724 1233 850 1286 l'urti
880 1248 1090 1300 quoque
1123 1231 1332 1283 actione
1361 1240 1642 1293 tenentur,
1674 1228 1967 1284 secundum
2007 1229 2085 1281 le-

548 1340 685 1392 gem,
715 1337 833 1391 qua}
866 1322 1028 1374 dicit:
1059 1319 1165 1370 Fur
1188 1327 1270 1371 est
1291 1319 1380 1386 qui
1411 1335 1519 1372 rem
1546 1319 1772 1371 alienam
1795 1322 2088 1371 contrectat

548 1421 737 1480 praeter
767 1411 967 1463 domini
998 1409 1347 1471 voluntatem,
1392 1412 1568 1462 sciens
1591 1409 1640 1460 id
1679 1407 1752 1459 illi
1804 1407 2085 1459 molestum

545 1517 682 1555 esse.
714 1501 847 1553 Cum
879 1499 1121 1551 lidclibus
1143 1507 1318 1550 autem
1344 1498 1662 1558 consistere,
1689 1505 1741 1549 et
1776 1510 2086 1550 sacramen-

550 1590 617 1642 tis
669 1598 874 1640 tantum
900 1602 1003 1639 non
1038 1587 1245 1654 dignari
1271 1601 1392 1638 eum
1421 1587 1511 1653 qui
1541 1601 1597 1638 se
1625 1586 1794 1652 ipsum
1820 1585 2084 1646 detulerit,

548 1688 598 1730 et
624 1678 785 1745 probe
805 1691 913 1729 rem
941 1677 1208 1728 inventam
1233 1674 1454 1736 dederit,
1483 1690 1676 1727 novum
1703 1685 1816 1736 est;
1847 1683 1925 1727 est
1946 1674 2088 1727 enim

551 1767 730 1834 potius
762 1763 1094 1818 Eucliaristia
1121 1764 1330 1830 dignus.
1356 1772 1412 1816 ut
1431 1765 1522 1832 qui
1549 1779 1658 1817 rem
1689 1763 1881 1830 captivi
1910 1778 2091 1816 serva-

2191 596 2223 667 ῆ
2255 596 2344 649 καὶ
2377 594 2515 648 κατά
2542 593 2637 655 τὰς
2683 593 2833 654 ὀδοὺς
2875 591 3112 662 ῥιφέντα,
3148 593 3235 645 διά
3268 594 3329 646 τὸ
3361 593 3528 665 βάρος
3565 592 3756 661 τυχὸν,

2191 685 2664 744 ἀποκαθιστῶντας
2694 683 2790 752 μὲν
2833 681 3184 751 εὐγνωμόνως
3226 683 3293 736 τὰ
3334 684 3645 753 εὑρεθέντα,
3673 683 3761 744 εἰς

2190 778 2278 830 τὺν
2324 777 2484 827 τόπον
2532 774 2777 826 ἵστασθαι
2820 773 2909 825 τὸν
2946 773 3143 826 τέλειον
3179 774 3314 843 μετά
3350 775 3459 827 τῶν
3504 773 3716 826 πιστῶν
3740 787 3755 803 ³

2192 869 2238 920 εἰ
2267 866 2320 918 δὲ
2349 863 2800 924 καταδικασθῶσι,
2829 863 3114 915 τάττεσθαι
3145 865 3240 916 σὺν
3270 868 3379 927 τοῖς
3414 863 3760 918 ὑποπίπτω-

2193 971 2295 1016 σιν,
2321 956 2484 1022 ῆγουν
2509 952 2821 1021 ὲξέρχεσθαι
2853 953 2985 1021 μετά
3015 953 3121 1004 τῶν
3153 954 3593 1022 κατηχουμένων.
3621 950 3762 1006 Τοῦ-

2190 1063 2296 1099 των
2323 1043 2492 1107 οὖτως
2537 1044 2764 1113 ἑχόντων
2785 1084 2799 1107 ,
2831 1044 2970 1094 εἴποι
3012 1060 3116 1106 τις,
3145 1043 3220 1106 ὡς
3251 1043 3311 1095 τὸ
3354 1042 3494 1096 οὕτω
3533 1043 3762 1106 κολάζε-

2195 1136 2315 1188 σθαι
2354 1136 2480 1197 τοὺς
2514 1133 2877 1203 ἀναμένοντας
2929 1134 3224 1202 καταδίκην
3266 1134 3424 1204 χάριν
3469 1134 3760 1201 ἀντιστρο-

2193 1226 2297 1294 φῆς
2343 1225 2434 1276 τοῦ
2459 1225 2780 1294 εὐρέματος,
2809 1222 3140 1275 δικαιότατον
3194 1225 3339 1275 ἐστιν
3364 1262 3378 1286 ,
3431 1223 3511 1274 ὅτι
3559 1221 3652 1274 καὶ
3685 1223 3760 1289 τῇ

2193 1315 2322 1384 περὶ
2363 1314 2565 1382 κλοπῆς
2587 1315 2784 1382 ἀγωγῇ
2817 1314 3120 1381 ἐνέχονται,
3155 1311 3294 1364 κατὰ
3341 1312 3429 1364 τὸν
3469 1312 3634 1379 νόμον
3661 1317 3764 1362 τὸν

2193 1405 2443 1470 λέγοντω
2508 1403 2756 1473 κλέπτης
2815 1404 2958 1455 ἐστὶν
3012 1405 3040 1456 δ
3081 1402 3142 1454 τὸ
3187 1402 3462 1472 ἀλλότριον
3519 1403 3766 1472 πρᾶγμα

2191 1493 2452 1563 ψηλαφῶν
2483 1493 2632 1564 παρὰ
2662 1490 2882 1561 γνώμην
2917 1491 3009 1544 τοῦ
3039 1491 3294 1544 δεσπότου
3337 1493 3394 1542 ὲν
3432 1491 3630 1560 εἰδήσει
3657 1489 3764 1544 τοῦ

2193 1584 2428 1651 λυπῆσαι
2470 1583 2649 1635 αὐτόν.
2687 1583 2760 1634 Τὸ
2789 1582 2846 1634 δὲ
2887 1581 3233 1633 συνίστασθαι
3265 1583 3375 1642 τοῖς
3398 1582 3628 1642 πιστοῖς,
3662 1581 3766 1632 καὶ

2196 1674 2354 1738 μόνον
2391 1673 2463 1744 μὴ
2507 1671 2783 1736 ἀξιοῦσθαι
2821 1673 2876 1725 δὲ
2919 1671 3026 1724 τῶν
3076 1671 3429 1740 ἀγιασμάτων
3465 1671 3554 1723 τὸν
3586 1687 3767 1740 προσ-

2193 1764 2518 1831 αγγείλαντα
2543 1763 2732 1814 ἑαυτὸν
2752 1763 2843 1814 καὶ
2870 1762 3220 1830 εὐγνωμόνως
3247 1762 3404 1814 δόντα
3433 1762 3492 1813 τὸ
3524 1761 3763 1830 εὕρεμα.

553 1855 707 1915 verit,
739 1863 792 1908 et
822 1858 988 1921 ipsam
1014 1853 1326 1906 restituerit.
1367 1851 1432 1905 Et
1475 1854 1592 1906 ideo
1615 1854 1798 1906 dicunt
1825 1853 2088 1918 nonnulli,

2198 1856 2376 1908 καινόν
2409 1857 2584 1906 ἐστιν’
2617 1852 2761 1915 ἄξιος
2795 1851 2901 1922 γὰρ
2950 1850 3144 1920 μάλλον
3181 1851 3542 1921 Εὑχαριστίας
3583 1850 3762 1912 ἐστὶν,

553 1959 674 1996 cum
699 1943 943 1997 ﬁdelibus
967 1943 1389 2006 consistentiam,
1405 1952 1862 1997 sacramentorum
1881 1956 2091 2011 quoque

555 2037 1008 2104 participationem
1040 2037 1200 2089 tacite
1235 2037 1506 2103 consequi.

625 2304 819 2358 Zormt.
857 2301 1097 2364 Barbari,
1126 2318 1244 2356 cum
1301 2303 1743 2371 depopularentur
1792 2303 2090 2370 regionem,

557 2412 642 2450 res
675 2396 933 2462 quasdam
992 2404 1320 2462 rapuerunt;
1379 2409 1608 2461 moxque
1662 2393 1741 2445 vel
1767 2393 1905 2445 obvii
1968 2391 2093 2445 facti

559 2487 894 2546 melioribus,
922 2486 1000 2538 vel
1027 2487 1228 2553 gravati
1257 2486 1643 2552 pondere,cum
1669 2499 1786 2550 qua:
1811 2489 2098 2550 rapuerant

561 2577 700 2629 ferre
726 2575 944 2627 minime
984 2584 1223 2642 possent,
1256 2575 1448 2641 partim
1478 2590 1571 2640 per
1597 2589 1811 2640 campos
1834 2572 2092 2640 abjecere,

560 2661 751 2727 partim
807 2660 859 2711 in
894 2660 1196 2727 aliquorum
1255 2661 1476 2722 a-dibus,
1530 2661 1580 2712 in
1633 2661 1828 2727 quibus
1877 2660 2094 2712 meliora

561 2750 690 2802 forte
719 2758 1043 2816 rt-pererant,
1074 2749 1386 2816 deposuere.
1443 2749 1757 2816 Quicunque
1792 2749 1971 2818 igitur,
2007 2749 2093 2800 in-

559 2839 693 2904 quit,
724 2849 812 2890 aut
845 2839 895 2888 in
921 2839 1124 2905 campis
1156 2848 1247 2891 aut
1291 2839 1341 2890 in
1379 2839 1490 2892 suis
1539 2839 1782 2892 domibus
1804 2839 1980 2902 aliqua
2011 2837 2094 2888 in-

563 2927 930 2988 venerunt,illi
957 2928 998 2979 si
1035 2928 1248 2994 quidem
1282 2929 1514 2980 accusati
1541 2936 1592 2979 et
1624 2927 1846 2980 convicti
1878 2925 2096 2986 fuerint,

563 3017 698 3067 inter
719 3030 811 3067 eos
834 3017 923 3082 qui
943 3016 1362 3068 substernuntur
1385 3016 1557 3068 locum
1581 3015 1858 3081 accipiant.
1889 3012 1946 3065 Si
1971 3027 2098 3065 vero

2193 1945 2268 2008 ὡς
2311 1945 2371 1998 τὸ
2403 1947 2631 2014 πρᾶγμα
2683 1941 2774 1995 τοῦ
2825 1941 3343 2011 αἱχμαλωτισθέντος
3369 1941 3609 2009 φυλάξας
3661 1941 3769 1993 καὶ

2194 2033 2646 2101 ἀποκαταστήσας
2675 2031 2824 2083 αὐτό.
2861 2030 2950 2082 Διὸ
2978 2030 3069 2083 καὶ
3103 2030 3318 2096 λέγουσί
3343 2047 3489 2092 τινες
3524 2029 3768 2082 συνέπε-

2199 2123 2316 2176 σθαι
2353 2125 2418 2192 τῇ
2455 2123 2590 2192 μετά
2638 2121 2745 2173 τῶν
2788 2121 2990 2172 πιστῶν
3036 2123 3320 2184 συστάσει,
3368 2120 3462 2174 καὶ
3507 2119 3604 2189 τὴν
3650 2120 3770 2172 τῶν

2198 2212 2545 2282 ἁγιασμάτων
2581 2211 2790 2280 μέθεξιν
2824 2228 2996 2280 σιωπη
3007 2211 3132 2282 ρῶς.

2267 2304 2504 2355 ΖΩΝΑΡ.
2552 2303 2615 2354 Oi
2651 2301 2938 2371 βάρόαροι,
2985 2300 3366 2369 λεηλατοῦντες
3405 2300 3503 2370 τὴν
3549 2300 3766 2371 χώραν.

2196 2393 2436 2462 ἥρπαζον
2491 2393 2814 2461 πράγματα’
2866 2393 2959 2443 καὶ
3014 2391 3046 2460 ἢ
3096 2391 3367 2458 κρείττοσι
3415 2393 3550 2459 μετά
3591 2393 3770 2446 ταῦτα

2199 2484 2628 2551 ἐντυγχάνοντες,
2651 2483 2689 2552 ἢ
2719 2483 2804 2534 διὰ
2836 2482 2997 2553 βάρος
3030 2482 3103 2551 μὴ
3131 2483 3410 2550 δυνάμενοι
3443 2484 3630 2553 φέρειν
3659 2485 3768 2536 ὅσα

2198 2573 2466 2641 ἥρπασαν,
2501 2573 2568 2624 τὰ
2602 2574 2695 2641 μὲν
2740 2575 2797 2624 ὲν
2826 2573 2900 2641 τῷ
2932 2572 3096 2641 πεδίῳ
3142 2571 3426 2642 ἔρριπτον,
3464 2573 3533 2626 τά
3564 2575 3619 2626 δὲ
3665 2577 3772 2628 καὶ

2198 2663 2254 2712 ὲν
2296 2662 2488 2723 οἰκίαις
2535 2662 2730 2725 τινῶν,
2777 2663 2833 2713 ὲν
2881 2657 2965 2724 αἷς
3020 2661 3146 2725 ἴσως
3191 2664 3442 2716 καλλίονα
3484 2662 3766 2733 εὕρισκον.

2201 2753 2351 2804 Ὅσοι
2398 2751 2559 2819 γοῦν,
2614 2753 2806 2820 φησιν,
2852 2747 3004 2822 εῦρόν
3049 2770 3168 2806 τινα
3215 2758 3270 2807 ὲν
3309 2754 3384 2823 τῷ
3437 2754 3600 2822 πεδίῳ
3636 2754 3668 2824 ἢ
3705 2755 3771 2806 ὲν

2199 2845 2316 2902 ταῖς
2349 2842 2554 2893 ἑαυτῶν
2607 2842 2838 2904 οἰκίαις,
2891 2837 3066 2904 οῦτοι,
3098 2845 3145 2893 εἰ
3201 2845 3296 2911 μὲν
3343 2843 3772 2913 κατηγορηθῶσι

2202 2930 2292 2982 καὶ
2325 2931 2635 2997 ἐλεγχθῶσι,
2676 2931 3050 2982 ταττέσθωσαν
3093 2934 3148 2984 ὲν
3177 2936 3289 2994 τοῖς
3331 2933 3765 2984 ὑποπίπτουσιν·

2203 3018 2294 3070 ὲάν
2347 3018 2402 3070 δὲ
2459 3019 2680 3081 ἑαυτοὺς
2730 3019 3196 3088 προσαγγείλωσι,
3254 3022 3346 3073 καὶ
3398 3021 3669 3074 ἀποδῶσιν
3732 3022 3775 3075 ἃ.

562 3121 618 3157 se
651 3104 796 3170 ipsos
823 3104 1132 3183 detulerint,
1157 3119 1217 3156 ac
1241 3119 1301 3156 ea
1334 3119 1450 3170 qum
1476 3106 1722 3156 invenere
1753 3102 2094 3166 reddiderint,

2203 3102 2391 3178 εὖρον,
2442 3109 2663 3177 καὶτῆς
2711 3111 2872 3178 εὐχῆς
2920 3110 3321 3175 ἀξιούσθωσανο
3380 3111 3545 3180 ῆγουν
3597 3112 3770 3183 μέχρι

565 3194 871 3260 precatione
901 3173 1115 3262 quoqite
1136 3193 1282 3262 digiti
1316 3194 1611 3245 habeantur
1641 3211 1651 3244 :
1689 3193 1787 3244 hoc
1812 3200 1911 3252 est,
1941 3190 2004 3243 ad
2031 3189 2095 3243 [i-

566 3297 684 3334 ncm
710 3296 876 3348 usque
906 3283 1232 3349 precationis
1262 3298 1382 3336 cum
1415 3282 1658 3335 fidelibus
1684 3282 2002 3345 consistant,
2035 3294 2098 3335 ac

565 3384 592 3420 a
629 3377 811 3420 saneta
846 3369 1224 3420 communione
1272 3367 1643 3420 tantummodo
1671 3373 1986 3427 arceantur;
2012 3363 2096 3415 vi-

565 3455 749 3507 delicet
793 3456 1088 3520 usquedum
1127 3455 1492 3522 paenitentiam
1537 3453 1968 3519 ostenderint,et
1997 3451 2098 3504 bac

566 3559 778 3612 quoque
801 3543 945 3613 digni
979 3544 1371 3596 existimentur.

1169 3630 1391 3685 CANON
1423 3632 1489 3684 Χ.

639 3741 656 3773 ε
703 3722 806 3777 Eos
837 3731 1013 3776 autem
1047 3721 1134 3788 qui
1167 3732 1383 3774 servant
1409 3721 1675 3786 mandata,
1723 3721 1924 3789 absque
1954 3719 2099 3773 omni

569 3832 586 3862 ι
631 3813 770 3880 turpi
822 3813 972 3865 lucro
1001 3825 1215 3863 servare
1243 3820 1483 3877 oportet;
1539 3825 1635 3863 nec
1666 3810 1843 3863 indicii
1877 3810 1957 3861 vel
2001 3823 2100 3862 cu-

569 3921 586 3953 ι
627 3902 833 3964 stodize,
875 3900 954 3952 vel
997 3898 1320 3950 inventionis
1349 3899 1598 3966 pretium,
1645 3899 1726 3952 vel
1781 3911 2102 3968 quocunque

569 4010 589 4043 ι
635 3991 850 4044 nomine
881 3989 981 4042 hoc
1020 3988 1304 4054 appellant,
1335 3987 1623 4055 exigentes.
1667 4004 1684 4037 ι

632 4080 791 4132 ltus.
818 4079 950 4131 Cum
993 4076 1296 4129 admisisset
1331 4085 1546 4128 sanctus
1571 4076 1763 4128 bonam
1795 4089 1981 4128 eorum
2007 4090 2120 4129 νοτ

566 4173 845 4228 tuntatem,
869 4166 956 4232 qui
992 4179 1048 4216 se
1079 4163 1224 4229 ipsos
1248 4162 1553 4216 detulerunt
1596 4171 1648 4215 et
1704 4164 1976 4217 inventum
2005 4163 2097 4217 be-

567 4256 752 4310 nevole
775 4254 1143 4311 reddiderunt,
1165 4252 1366 4319 adjicit,
1385 4254 1525 4320 quod
1551 4253 1592 4306 si
1621 4252 1656 4305 il
1683 4252 1842 4305 velint
1868 4248 2100 4303 mandati

569 4346 657 4399 Dei
683 4346 1055 4398 observatores
1079 4341 1270 4404 videri,
1302 4343 1496 4396 debent
1519 4343 1719 4410 absque
1749 4342 1936 4410 quovis
1962 4338 2102 4407 turpi

568 4434 718 4487 lucro
747 4450 858 4487 rem
898 4435 1165 4486 inventam
1198 4433 1436 4486 reddere.
1479 4431 1759 4485 Deﬁnitum
1796 4441 1968 4483 autem
1997 4437 2098 4495 est,

565 4537 670 4576 non
707 4526 915 4592 exigere
941 4535 1186 4591 Oportere
1216 4538 1336 4576 eum
1368 4522 1458 4589 qui
1503 4522 1726 4582 invenit,
1775 4521 1839 4574 ab
1895 4535 1958 4573 eo
2008 4520 2098 4587 qui

566 4612 808 4678 captivus
847 4611 968 4675 fuit,
992 4613 1071 4664 vel
1097 4611 1300 4676 indicii,
1331 4611 1406 4664 vel
1435 4611 1709 4674 custodiae,
1738 4610 1815 4662 vel
1843 4610 2103 4662 inventio-

568 4702 650 4752 nis
675 4700 924 4767 pretium,
959 4701 1036 4752 vel
1068 4701 1265 4768 aliquid
1290 4702 1461 4762 aliud;
1503 4716 1566 4754 eo
1600 4699 1743 4767 quod
1769 4714 1871 4751 non
1909 4713 1972 4752 ex
2007 4714 2097 4752 ne-

567 4790 822 4858 gligentia
853 4789 1216 4850 dominorum,
1244 4790 1325 4842 vel
1344 4790 1502 4842 etiam
1542 4787 1758 4840 fortuito
1793 4803 1878 4842 res
1905 4789 2098 4841 amissa

567 4881 660 4942 sit,
692 4879 782 4931 sed
829 4894 1018 4945 magna
1050 4879 1351 4931 calamitate
1381 4885 1432 4928 et
1462 4877 1741 4929 barbarica
1772 4875 2098 4928 incursione.

567 4968 670 5033 Qui
714 4968 853 5022 enim
892 4985 975 5023 res
1007 4969 1343 5022 dominorum
1389 4966 1703 5033 negligentia
1752 4965 1832 5017 vel
1885 4963 2102 5016 fortuito

569 5059 801 5127 perditas
831 5059 1146 5112 invenerunt
1187 5067 1239 5112 et
1281 5073 1373 5112 eas
1412 5057 1732 5118 restituunt,
1783 5051 2100 5108 inventionis

567 5150 796 5216 pretium
823 5157 967 5201 recte
996 5149 1233 5214 exigunt,
1263 5147 1708 5214 quemadmodum
1736 5146 1835 5197 hoc
1867 5158 1927 5196 ex
1973 5142 2102 5209 legi-

570 5240 671 5291 bus
702 5240 946 5306 superius
978 5239 1166 5308 positis
1197 5247 1430 5306 apparet.

644 5415 840 5468 Zona.
871 5417 1003 5470 Cum
1036 5416 1098 5468 iis
1127 5416 1216 5482 qui
1261 5429 1366 5466 rem
1395 5415 1618 5467 alienam
1663 5430 1689 5465 a
1735 5428 1790 5465 se
1835 5412 2094 5463 inventam

569 5505 916 5567 dcmmtiant,
965 5507 1240 5573 benignius
1288 5508 1543 5574 age-udum
1598 5521 1712 5559 esse
1767 5506 1842 5556 vir
1886 5511 2098 5558 saucttts

661 5665 771 5732 (35)
814 5668 880 5719 Τὸ
917 5670 946 5720 εἰ
973 5674 984 5717 l
1012 5670 1242 5734 Martcr-
1280 5669 1462 5722 Scribe
1499 5669 1599 5721 τῶν
1631 5669 1927 5738 ἀζελυτρίίνν·

2199 3197 2384 3261 τέλους
2441 3199 2552 3266 τῆς.
2613 3199 2778 3267 εὐχῆς
2833 3201 3303 3268 συνεστηκέτωσαν
3353 3203 3463 3263 τοῖς
3509 3204 3768 3264 πιστοῖς,

2204 3288 2368 3358 μόνης
2427 3290 2525 3357 τῆς
2573 3289 2733 3355 ἀγίας
2801 3289 3145 3359 μεταλήψεως
3189 3291 3543 3360 κωλυόμενοι·
3594 3292 3774 3360 ῆγουν

2206 3378 2392 3448 μέχρις
2422 3379 2485 3433 ἂν
2521 3380 2812 3449 μετάνοιανΔ
2835 3381 3222 3446 ἐπιδείξωνται,
3247 3382 3341 3435 καὶ
3363 3381 3564 3450 ταύτης
3597 3381 3772 3445 ἀξιω-

2202 3467 2356 3520 θῶσι.

2813 3631 3045 3683 ΚᾹΝΩΝ
3085 3633 3138 3682 1'.

2279 3735 2296 3768 ‹
2338 3717 2474 3780 Τοὺς
2503 3718 2560 3770 δὲ
2608 3719 2705 3788 τὴν
2746 3719 2958 3789 ἐντολὴν
2999 3717 3336 3788 πληροῦντας
3376 3719 3532 3781 ἰκτὸς
3579 3717 3772 3790 πάσης

2209 3824 2226 3857 ι
2266 3808 2701 3878 αἰσχροκερδείας
2734 3809 2967 3878 πληροῦν
2995 3809 3092 3869 δεῖ.
3127 3811 3261 3880 μήτε
3309 3811 3551 3882 μήνυτρα
3582 3811 3615 3881 ἢ
3651 3810 3773 3865 σῶ-

2207 3914 2227 3948 ι
2268 3913 2430 3966 στρα,
2461 3898 2492 3966 ἢ
2522 3897 2749 3968 εῦρετρα
2773 3937 2786 3961 ,
2822 3899 2852 3967 ἢ
2903 3893 2947 3966 ᾧ
2986 3899 3204 3969 ὀνόματι
3251 3900 3422 3952 ταῦτα
3471 3900 3769 3968 καλοῦσιν,

2215 4003 2232 4038 t
2269 3988 2645 4050 ἀπαιτοῦντας.
2677 4007 2692 4037 ι

2275 4075 2463 4128 ΒΑΛΣ.
2498 4077 2910 4144 Ἀποδεξάμενος
2936 4076 3028 4145 τὴν
3057 4075 3434 4143 άγαθοθέλειαν
3457 4075 3566 4127 τῶν
3597 4092 3776 4134 προσ-

2204 4166 2565 4232 αγγειλάντων
2621 4167 2842 4228 ἑαυτοὺς
2899 4167 2991 4218 καὶ
3049 4165 3349 4218 ἀποδόντων
3406 4167 3776 4235 εὐγνωμονως

2203 4255 2264 4307 τὸ
2296 4255 2534 4325 εὕρεμα,
2567 4256 2914 4327 προστίθησιν
2961 4255 3223 4320 ὀ--ᾶγιος,
3267 4254 3373 4317 ὠς,
3421 4257 3468 4307 εἰ
3517 4255 3775 4310 θέλουσιν

2203 4341 2347 4400 οῦτοι
2391 4347 2696 4416 λογισθῆναι
2745 4347 3022 4416 πληρωταὶ
3058 4347 3154 4415 τῆς
3199 4345 3416 4414 ἐντολῆς
3468 4347 3560 4398 τοῦ
3603 4351 3772 4415 Θεου,

2144 4423 2182 4477 θ
2206 4435 2472 4503 ὀφείλουσι
2532 4437 2696 4506 χωρὶς
2744 4435 2966 4505 αἰσχροῦ
3014 4435 3234 4504 κέρδους
3269 4435 3380 4487 οἴου
3403 4436 3464 4505 δή
3489 4453 3630 4498 τινος
3663 4436 3773 4508 τὴν

2206 4525 2452 4577 ἀπόδοσιν
2484 4523 2574 4575 τοῦ
2612 4524 2904 4592 εῦρέματος
2936 4527 3123 4574 ποιεῖν.
3164 4524 3377 4592 Ὡρίσθη
3407 4525 3463 4576 δὲ
3486 4525 3562 4595 μὴ
3596 4526 3772 4579 άπαι-

2203 4615 2410 4667 τεῖσθαι
2459 4613 2606 4682 παρὰ
2660 4613 2751 4664 τοῦ
2809 4614 3095 4682 εὑρηκότος
3146 4613 3210 4663 ὲκ
3271 4612 3362 4664 τοῦ
3425 4613 3621 4684 μέρους
3669 4616 3772 4670 τοῦ

2207 4700 2548 4770 αἰχμαλώτου
2586 4703 2827 4771 μήνυτρα
2871 4702 2902 4768 ἦ
2937 4701 3150 4771 σῶστρα
3179 4702 3210 4772 ἦ
3242 4701 3473 4772 εῦρετρα
3495 4741 3508 4765 ,
3557 4704 3590 4773 ἦ
3634 4705 3773 4760 ἄλλο

2204 4807 2278 4850 τι,
2306 4790 2391 4842 διά
2416 4791 2476 4842 τὸ
2513 4790 2584 4858 μὴ
2617 4790 2673 4854 se
2708 4790 2960 4858 ἀμελείας
3000 4791 3106 4842 τῶν
3148 4791 3418 4842 δεσποτῶν
3465 4792 3498 4862 ἢ
3543 4795 3639 4846 καὶ
3666 4813 3758 4848 τυ.

2207 4882 2371 4949 χαίως
2398 4880 2642 4946 γενέσθαι
2670 4880 2764 4948 τὴν
2786 4879 3075 4941 ἀπώλειαν,
3099 4879 3233 4933 ἀλλὰ
3261 4881 3368 4932 ἀπὸ
3390 4884 3770 4952 περιστάσεως

2211 4970 2446 5038 μεγάλης
2487 4972 2577 5022 καὶ
2620 4971 2915 5040 ἐπιδρομῆς
2958 4970 3310 5041 βαρϐαρικῆς.
3344 4975 3406 5026 Οί
3449 4975 3557 5044 γὰρ
3597 4976 3769 5047 εὑρη,-

2208 5060 2361 5122 κότες
2393 5062 2684 5129 πράγματα
2716 5060 2775 5124 εξ
2803 5061 3053 5129 ἀμελείας
3087 5062 3194 5115 τῶν
3228 5063 3494 5115 δεσποτῶν
3528 5063 3560 5133 ἢ
3594 5066 3768 5137 τύχης

2210 5152 2587 5210 ἀπολεσθέντα,
2618 5153 2709 5204 καὶ
2732 5152 3196 5217 ἀποκαθιστῶντες
3226 5154 3417 5215 ταῦτα,
3443 5156 3770 5209 ἀπαιτοῦσιν

2211 5240 2454 5310 εῦρετρα,
2489 5240 2667 5303 καθὼς
2699 5241 2853 5293 τοῦτο
2879 5243 3222 5309 ἀναφαίνεται
3263 5245 3370 5296 ἀπὸ
3397 5244 3505 5296 τῶν
3541 5246 3771 5301 ὄπισθεν

2213 5347 2412 5383 καταστ
2421 5331 2693 5399 ρωθέντων
2725 5330 2922 5398 νόμων.

2281 5421 2513 5472 ΖΩΝΑΡ.
2585 5421 2705 5482 Τοῖς
2761 5420 3073 5489 ὁμολογοῦσι
3125 5421 3184 5474 τὸ
3235 5421 3444 5494 εὕρεμα
3492 5424 3550 5475 τὸ
3611 5424 3768 5476 ἁλλόρ

2212 5525 2354 5578 τριον
2409 5509 2514 5576 (δί)
2568 5510 3095 5579 συγγνωμονέστερον
3150 5512 3477 5564 διατίθεσθαι
3529 5513 3556 5559 ὁ
3613 5513 3770 5577 5ζίος
