  <div class='ocr_page' id='page_1' title='image "/cluster/home/n/w/nwhite01/storage/ocr_20150623/138/ien.35556001660133/287.png"; bbox 0 0 4018 6498; ppageno 0'>
   <div class='ocr_carea' id='block_1_1' title="bbox 511 367 3731 454">
    <p class='ocr_par' dir='ltr' id='par_1_1' title="bbox 511 367 3731 454">
     <span class='ocr_line' id='line_1_1' title="bbox 511 367 3731 454; baseline -0.008 0"><span class='ocrx_word' id='word_1_1' title='bbox 511 392 610 454; x_wconf 73' lang='grc'><strong>547</strong></span> <span class='ocrx_word' id='word_1_2' title='bbox 1738 377 2437 441; x_wconf 68' lang='lat' dir='ltr'><strong>&#39;l‘liEODJtALSAMON</strong></span> <span class='ocrx_word' id='word_1_3' title='bbox 3615 367 3731 432; x_wconf 58' lang='lat'><strong>5.18</strong></span> 
     </span>
    </p>
   </div>
   <div class='ocr_carea' id='block_1_2' title="bbox 513 482 2068 572">
    <p class='ocr_par' dir='ltr' id='par_1_2' title="bbox 513 494 2068 572">
     <span class='ocr_line' id='line_1_2' title="bbox 513 494 2068 572; baseline -0.006 -16"><span class='ocrx_word' id='word_1_4' title='bbox 513 503 812 559; x_wconf 70' lang='lat' dir='ltr'><strong>Salvatoris</strong></span> <span class='ocrx_word' id='word_1_5' title='bbox 842 503 1014 559; x_wconf 76' lang='lat' dir='ltr'><strong>nostri</strong></span> <span class='ocrx_word' id='word_1_6' title='bbox 1060 500 1327 572; x_wconf 62' lang='lat' dir='ltr'><strong>grauiam.</strong></span> <span class='ocrx_word' id='word_1_7' title='bbox 1373 497 1723 563; x_wconf 77' lang='lat' dir='ltr'><strong>depellamus,</strong></span> <span class='ocrx_word' id='word_1_8' title='bbox 1778 494 2068 562; x_wconf 75' lang='lat' dir='ltr'><strong>simplicio-</strong></span> 
     </span>
    </p>
   </div>
   <div class='ocr_carea' id='block_1_3' title="bbox 2174 482 3726 572">
    <p class='ocr_par' dir='ltr' id='par_1_3' title="bbox 2174 482 3726 559">
     <span class='ocr_line' id='line_1_3' title="bbox 2174 482 3726 559; baseline -0.007 -17"><span class='ocrx_word' id='word_1_9' title='bbox 2174 491 2419 556; x_wconf 75' lang='grc' dir='ltr'>&gt;έρε,δια</span> <span class='ocrx_word' id='word_1_10' title='bbox 2448 488 2695 559; x_wconf 82' lang='grc' dir='ltr'>βραχέων</span> <span class='ocrx_word' id='word_1_11' title='bbox 2750 487 2840 541; x_wconf 73' lang='grc' dir='ltr'>καὶ</span> <span class='ocrx_word' id='word_1_12' title='bbox 2904 491 3000 557; x_wconf 74' lang='grc' dir='ltr'><strong>τὴν</strong></span> <span class='ocrx_word' id='word_1_13' title='bbox 3063 485 3152 539; x_wconf 74' lang='grc' dir='ltr'>τοῦ</span> <span class='ocrx_word' id='word_1_14' title='bbox 3212 483 3452 553; x_wconf 80' lang='grc' dir='ltr'>πονηροῦ</span> <span class='ocrx_word' id='word_1_15' title='bbox 3505 482 3726 549; x_wconf 72' lang='grc' dir='ltr'>πλάνην</span> 
     </span>
    </p>
   </div>
   <div class='ocr_carea' id='block_1_4' title="bbox 511 573 2068 662">
    <p class='ocr_par' dir='ltr' id='par_1_4' title="bbox 511 586 2068 662">
     <span class='ocr_line' id='line_1_4' title="bbox 511 586 2068 662; baseline -0.008 -12"><span class='ocrx_word' id='word_1_16' title='bbox 511 611 741 662; x_wconf 80' lang='lat' dir='ltr'><strong>rumque</strong></span> <span class='ocrx_word' id='word_1_17' title='bbox 759 604 993 649; x_wconf 88' lang='lat' dir='ltr'><strong>mentem</strong></span> <span class='ocrx_word' id='word_1_18' title='bbox 1012 593 1412 648; x_wconf 66' lang='lat' dir='ltr'><strong>conﬁt-menius.</strong></span> <span class='ocrx_word' id='word_1_19' title='bbox 1437 588 1623 642; x_wconf 83' lang='lat' dir='ltr'><strong><em>Omnia</em></strong></span> <span class='ocrx_word' id='word_1_20' title='bbox 1643 586 1859 647; x_wconf 72' lang='lat' dir='ltr'><strong>quidem</strong></span> <span class='ocrx_word' id='word_1_21' title='bbox 1875 587 2068 638; x_wconf 76' lang='lat' dir='ltr'><strong>manda</strong></span> 
     </span>
    </p>
   </div>
   <div class='ocr_carea' id='block_1_5' title="bbox 2174 573 3733 662">
    <p class='ocr_par' dir='ltr' id='par_1_5' title="bbox 2174 573 3733 650">
     <span class='ocr_line' id='line_1_5' title="bbox 2174 573 3733 650; baseline -0.006 -18"><span class='ocrx_word' id='word_1_22' title='bbox 2174 584 2504 650; x_wconf 81' lang='grc' dir='ltr'>πελάσωμεν</span> <span class='ocrx_word' id='word_1_23' title='bbox 2549 582 2751 650; x_wconf 75' lang='grc' dir='ltr'>τῇ,τού</span> <span class='ocrx_word' id='word_1_24' title='bbox 2790 580 3038 649; x_wconf 64' lang='grc' dir='ltr'>Σωτῆρος</span> <span class='ocrx_word' id='word_1_25' title='bbox 3070 577 3439 647; x_wconf 73' lang='grc' dir='ltr'>ἡμῶλχαριτι,</span> <span class='ocrx_word' id='word_1_26' title='bbox 3476 577 3570 627; x_wconf 74' lang='grc' dir='ltr'><strong>καὶ</strong></span> <span class='ocrx_word' id='word_1_27' title='bbox 3617 573 3733 640; x_wconf 81' lang='grc' dir='ltr'>τὴν</span> 
     </span>
    </p>
   </div>
   <div class='ocr_carea' id='block_1_6' title="bbox 509 662 2068 754">
    <p class='ocr_par' dir='ltr' id='par_1_6' title="bbox 509 678 2068 754">
     <span class='ocr_line' id='line_1_6' title="bbox 509 678 2068 754; baseline -0.007 -13"><span class='ocrx_word' id='word_1_28' title='bbox 509 689 719 742; x_wconf 68' lang='lat' dir='ltr'><strong>tumidis</strong></span> <span class='ocrx_word' id='word_1_29' title='bbox 745 688 761 718; x_wconf 77' lang='grc'>⁸</span> <span class='ocrx_word' id='word_1_30' title='bbox 792 706 804 740; x_wconf 93' lang='lat'>:</span> <span class='ocrx_word' id='word_1_31' title='bbox 839 688 928 740; x_wconf 74' lang='lat' dir='ltr'><strong>sed</strong></span> <span class='ocrx_word' id='word_1_32' title='bbox 974 686 1310 754; x_wconf 90' lang='lat' dir='ltr'><strong>impurorum</strong></span> <span class='ocrx_word' id='word_1_33' title='bbox 1361 691 1473 736; x_wconf 92' lang='lat' dir='ltr'><strong>tum</strong></span> <span class='ocrx_word' id='word_1_34' title='bbox 1525 678 1854 734; x_wconf 88' lang='lat' dir='ltr'><strong>conscientia</strong></span> <span class='ocrx_word' id='word_1_35' title='bbox 1885 718 1900 741; x_wconf 91' lang='lat'><strong>,</strong></span> <span class='ocrx_word' id='word_1_36' title='bbox 1955 686 2068 731; x_wconf 88' lang='lat' dir='ltr'><strong>tum</strong></span> 
     </span>
    </p>
   </div>
   <div class='ocr_carea' id='block_1_7' title="bbox 2174 662 3732 754">
    <p class='ocr_par' dir='ltr' id='par_1_7' title="bbox 2178 664 3732 743">
     <span class='ocr_line' id='line_1_7' title="bbox 2178 664 3732 743; baseline -0.009 -16"><span class='ocrx_word' id='word_1_37' title='bbox 2178 675 2250 727; x_wconf 85' lang='grc' dir='ltr'>ὧν</span> <span class='ocrx_word' id='word_1_38' title='bbox 2287 672 2669 743; x_wconf 71' lang='grc' dir='ltr'><strong>ἁπλουστέρων</strong></span> <span class='ocrx_word' id='word_1_39' title='bbox 2725 673 2951 740; x_wconf 78' lang='grc' dir='ltr'><strong>γνώμην</strong></span> <span class='ocrx_word' id='word_1_40' title='bbox 2988 669 3354 739; x_wconf 79' lang='grc' dir='ltr'>στηρίξωμεν.</span> <span class='ocrx_word' id='word_1_41' title='bbox 3389 664 3593 720; x_wconf 80' lang='grc' dir='ltr'><em>Πάντα</em></span> <span class='ocrx_word' id='word_1_42' title='bbox 3621 666 3732 732; x_wconf 75' lang='grc' dir='ltr'>μὲν</span> 
     </span>
    </p>
   </div>
   <div class='ocr_carea' id='block_1_8' title="bbox 513 758 2068 836">
    <p class='ocr_par' dir='ltr' id='par_1_8' title="bbox 513 759 2058 832">
     <span class='ocr_line' id='line_1_8' title="bbox 513 759 2058 832; baseline -0.008 0"><span class='ocrx_word' id='word_1_43' title='bbox 513 785 706 832; x_wconf 66' lang='grc' dir='ltr'>αιτιοι-ε</span> <span class='ocrx_word' id='word_1_44' title='bbox 734 774 912 829; x_wconf 82' lang='lat' dir='ltr'><strong>omnia</strong></span> <span class='ocrx_word' id='word_1_45' title='bbox 957 774 1230 826; x_wconf 87' lang='lat' dir='ltr'><strong>immunda</strong></span> <span class='ocrx_word' id='word_1_46' title='bbox 1272 781 1416 827; x_wconf 84' lang='lat' dir='ltr'><strong>sunt.</strong></span> <span class='ocrx_word' id='word_1_47' title='bbox 1461 759 1624 824; x_wconf 81' lang='lat' dir='ltr'><strong>Miror</strong></span> <span class='ocrx_word' id='word_1_48' title='bbox 1650 780 1829 824; x_wconf 87' lang='lat' dir='ltr'><strong>autem</strong></span> <span class='ocrx_word' id='word_1_49' title='bbox 1859 768 2058 822; x_wconf 86' lang='lat' dir='ltr'><strong>diaboli</strong></span> 
     </span>
    </p>
   </div>
   <div class='ocr_carea' id='block_1_9' title="bbox 2174 758 3732 836">
    <p class='ocr_par' dir='ltr' id='par_1_9' title="bbox 2174 758 3732 836">
     <span class='ocr_line' id='line_1_9' title="bbox 2174 758 3732 836; baseline -0.004 -18"><span class='ocrx_word' id='word_1_50' title='bbox 2174 768 2264 836; x_wconf 64' lang='grc' dir='ltr'>γὰρ</span> <span class='ocrx_word' id='word_1_51' title='bbox 2300 765 2522 832; x_wconf 78' lang='grc' dir='ltr'>καθαρὰ</span> <span class='ocrx_word' id='word_1_52' title='bbox 2560 763 2676 828; x_wconf 82' lang='grc' dir='ltr'>τοῖς</span> <span class='ocrx_word' id='word_1_53' title='bbox 2710 761 3011 829; x_wconf 74' lang='grc' dir='ltr'><strong>καθαροῖς·</strong></span> <span class='ocrx_word' id='word_1_54' title='bbox 3041 763 3143 815; x_wconf 84' lang='grc' dir='ltr'><strong>τῶν</strong></span> <span class='ocrx_word' id='word_1_55' title='bbox 3177 762 3230 813; x_wconf 83' lang='grc' dir='ltr'>δὲ</span> <span class='ocrx_word' id='word_1_56' title='bbox 3274 760 3594 830; x_wconf 75' lang='grc' dir='ltr'><strong>ἀκαθάρτων</strong></span> <span class='ocrx_word' id='word_1_57' title='bbox 3627 758 3732 812; x_wconf 69' lang='grc' dir='ltr'><strong>καὶ</strong></span> 
     </span>
    </p>
   </div>
   <div class='ocr_carea' id='block_1_10' title="bbox 514 849 2068 932">
    <p class='ocr_par' dir='ltr' id='par_1_10' title="bbox 514 860 2058 932">
     <span class='ocr_line' id='line_1_10' title="bbox 514 860 2058 932; baseline -0.004 -14"><span class='ocrx_word' id='word_1_58' title='bbox 514 861 803 928; x_wconf 70' lang='lat' dir='ltr'><strong>vafritiem,</strong></span> <span class='ocrx_word' id='word_1_59' title='bbox 831 864 921 932; x_wconf 90' lang='lat' dir='ltr'><strong>qui</strong></span> <span class='ocrx_word' id='word_1_60' title='bbox 953 864 1163 916; x_wconf 87' lang='lat' dir='ltr'><strong>tametsi</strong></span> <span class='ocrx_word' id='word_1_61' title='bbox 1189 863 1460 930; x_wconf 73' lang='lat' dir='ltr'><strong>corruptio</strong></span> <span class='ocrx_word' id='word_1_62' title='bbox 1491 861 1711 928; x_wconf 88' lang='lat' dir='ltr'><strong>luesqne</strong></span> <span class='ocrx_word' id='word_1_63' title='bbox 1731 868 1831 922; x_wconf 89' lang='lat' dir='ltr'><strong>est,</strong></span> <span class='ocrx_word' id='word_1_64' title='bbox 1852 860 2058 928; x_wconf 88' lang='lat' dir='ltr'><strong>cogita-</strong></span> 
     </span>
    </p>
   </div>
   <div class='ocr_carea' id='block_1_11' title="bbox 2174 849 3729 932">
    <p class='ocr_par' dir='ltr' id='par_1_11' title="bbox 2174 849 3729 927">
     <span class='ocr_line' id='line_1_11' title="bbox 2174 849 3729 927; baseline -0.004 -19"><span class='ocrx_word' id='word_1_65' title='bbox 2174 861 2189 927; x_wconf 53' lang='grc' dir='ltr'>ᾖ</span> <span class='ocrx_word' id='word_1_66' title='bbox 2223 857 2519 923; x_wconf 76' lang='grc' dir='ltr'><strong>συνείδησις</strong></span> <span class='ocrx_word' id='word_1_67' title='bbox 2554 856 2644 908; x_wconf 73' lang='grc' dir='ltr'>καὶ</span> <span class='ocrx_word' id='word_1_68' title='bbox 2672 854 2740 906; x_wconf 85' lang='grc' dir='ltr'>τὰ</span> <span class='ocrx_word' id='word_1_69' title='bbox 2778 853 2951 905; x_wconf 81' lang='grc' dir='ltr'>πάντα</span> <span class='ocrx_word' id='word_1_70' title='bbox 2983 853 3326 921; x_wconf 79' lang='grc' dir='ltr'>μεμόλυνται.</span> <span class='ocrx_word' id='word_1_71' title='bbox 3383 853 3632 919; x_wconf 82' lang='grc' dir='ltr'>’Λγαμαι</span> <span class='ocrx_word' id='word_1_72' title='bbox 3666 849 3729 903; x_wconf 67' lang='grc' dir='ltr'>δὲ</span> 
     </span>
    </p>
   </div>
   <div class='ocr_carea' id='block_1_12' title="bbox 511 940 2068 1024">
    <p class='ocr_par' dir='ltr' id='par_1_12' title="bbox 511 949 2054 1024">
     <span class='ocr_line' id='line_1_12' title="bbox 511 949 2054 1024; baseline -0.005 -15"><span class='ocrx_word' id='word_1_73' title='bbox 511 957 688 1010; x_wconf 65' lang='lat' dir='ltr'><strong>tiones</strong></span> <span class='ocrx_word' id='word_1_74' title='bbox 714 953 950 1024; x_wconf 76' lang='lat' dir='ltr'><strong>suggerit</strong></span> <span class='ocrx_word' id='word_1_75' title='bbox 976 955 1151 1021; x_wconf 84' lang='lat' dir='ltr'><strong>specie</strong></span> <span class='ocrx_word' id='word_1_76' title='bbox 1181 954 1394 1021; x_wconf 82' lang='lat' dir='ltr'><strong>quidem</strong></span> <span class='ocrx_word' id='word_1_77' title='bbox 1423 952 1650 1021; x_wconf 79' lang='lat' dir='ltr'><strong>puritate</strong></span> <span class='ocrx_word' id='word_1_78' title='bbox 1676 952 1878 1019; x_wconf 87' lang='lat' dir='ltr'><strong>plenas.</strong></span> <span class='ocrx_word' id='word_1_79' title='bbox 1903 949 2054 1014; x_wconf 82' lang='lat' dir='ltr'><strong>Quod</strong></span> 
     </span>
    </p>
   </div>
   <div class='ocr_carea' id='block_1_13' title="bbox 2174 940 3728 1024">
    <p class='ocr_par' dir='ltr' id='par_1_13' title="bbox 2174 940 3728 1013">
     <span class='ocr_line' id='line_1_13' title="bbox 2174 940 3728 1013; baseline -0.005 -15"><span class='ocrx_word' id='word_1_80' title='bbox 2174 948 2249 998; x_wconf 74' lang='grc' dir='ltr'>τοῦ</span> <span class='ocrx_word' id='word_1_81' title='bbox 2274 946 2516 999; x_wconf 74' lang='grc' dir='ltr'>διαεόλου</span> <span class='ocrx_word' id='word_1_82' title='bbox 2548 946 2609 998; x_wconf 83' lang='grc' dir='ltr'>τὸ</span> <span class='ocrx_word' id='word_1_83' title='bbox 2643 946 2878 1013; x_wconf 83' lang='grc' dir='ltr'><strong>σόφισμα</strong></span> <span class='ocrx_word' id='word_1_84' title='bbox 2907 985 2919 1007; x_wconf 96' lang='grc'><strong>,</strong></span> <span class='ocrx_word' id='word_1_85' title='bbox 2969 945 3155 1012; x_wconf 82' lang='grc' dir='ltr'><strong>ὅτιπερ</strong></span> <span class='ocrx_word' id='word_1_86' title='bbox 3181 983 3194 1003; x_wconf 93' lang='grc'><strong>,</strong></span> <span class='ocrx_word' id='word_1_87' title='bbox 3248 941 3420 1012; x_wconf 81' lang='grc' dir='ltr'>φοορὰ</span> <span class='ocrx_word' id='word_1_88' title='bbox 3449 944 3543 994; x_wconf 71' lang='grc' dir='ltr'><strong>καὶ</strong></span> <span class='ocrx_word' id='word_1_89' title='bbox 3569 940 3728 1008; x_wconf 73' lang='grc' dir='ltr'>λύμη</span> 
     </span>
    </p>
   </div>
   <div class='ocr_carea' id='block_1_14' title="bbox 513 1031 2068 1114">
    <p class='ocr_par' dir='ltr' id='par_1_14' title="bbox 513 1040 2058 1114">
     <span class='ocr_line' id='line_1_14' title="bbox 513 1040 2058 1114; baseline -0.005 -15"><span class='ocrx_word' id='word_1_90' title='bbox 513 1046 624 1114; x_wconf 92' lang='lat' dir='ltr'><strong>agit</strong></span> <span class='ocrx_word' id='word_1_91' title='bbox 665 1046 752 1098; x_wconf 89' lang='lat' dir='ltr'><strong>ille</strong></span> <span class='ocrx_word' id='word_1_92' title='bbox 801 1045 1116 1097; x_wconf 88' lang='lat' dir='ltr'><strong>insidiarum</strong></span> <span class='ocrx_word' id='word_1_93' title='bbox 1163 1044 1340 1111; x_wconf 80' lang='lat' dir='ltr'><strong>potius</strong></span> <span class='ocrx_word' id='word_1_94' title='bbox 1391 1058 1588 1106; x_wconf 85' lang='lat' dir='ltr'><strong>causa,</strong></span> <span class='ocrx_word' id='word_1_95' title='bbox 1643 1057 1802 1110; x_wconf 83' lang='lat' dir='ltr'><strong>quam</strong></span> <span class='ocrx_word' id='word_1_96' title='bbox 1852 1040 2058 1108; x_wconf 74' lang='lat' dir='ltr'><strong>experi-</strong></span> 
     </span>
    </p>
   </div>
   <div class='ocr_carea' id='block_1_15' title="bbox 2174 1031 3732 1114">
    <p class='ocr_par' dir='ltr' id='par_1_15' title="bbox 2174 1031 3732 1106">
     <span class='ocr_line' id='line_1_15' title="bbox 2174 1031 3732 1106; baseline -0.004 -17"><span class='ocrx_word' id='word_1_97' title='bbox 2174 1039 2432 1106; x_wconf 67' lang='lat' dir='ltr'><strong>ittdpxmv,</strong></span> <span class='ocrx_word' id='word_1_98' title='bbox 2467 1037 2754 1105; x_wconf 72' lang='grc' dir='ltr'>λογισμοὺς</span> <span class='ocrx_word' id='word_1_99' title='bbox 2786 1035 3070 1088; x_wconf 75' lang='grc' dir='ltr'>ὑποϐάλλει</span> <span class='ocrx_word' id='word_1_100' title='bbox 3103 1035 3180 1103; x_wconf 83' lang='grc' dir='ltr'>τῷ</span> <span class='ocrx_word' id='word_1_101' title='bbox 3210 1035 3382 1087; x_wconf 83' lang='grc' dir='ltr'>δοκεῖν</span> <span class='ocrx_word' id='word_1_102' title='bbox 3419 1033 3516 1102; x_wconf 78' lang='grc' dir='ltr'><strong>μὲν</strong></span> <span class='ocrx_word' id='word_1_103' title='bbox 3547 1031 3732 1084; x_wconf 79' lang='grc' dir='ltr'>καθα-</span> 
     </span>
    </p>
   </div>
   <div class='ocr_carea' id='block_1_16' title="bbox 513 1123 2068 1199">
    <p class='ocr_par' dir='ltr' id='par_1_16' title="bbox 513 1132 2057 1199">
     <span class='ocr_line' id='line_1_16' title="bbox 513 1132 2057 1199; baseline -0.001 -14"><span class='ocrx_word' id='word_1_104' title='bbox 513 1134 700 1186; x_wconf 89' lang='lat' dir='ltr'><strong>menti.</strong></span> <span class='ocrx_word' id='word_1_105' title='bbox 732 1133 850 1196; x_wconf 88' lang='lat' dir='ltr'><strong>Quo</strong></span> <span class='ocrx_word' id='word_1_106' title='bbox 882 1133 1046 1195; x_wconf 90' lang='lat' dir='ltr'><strong>enim,</strong></span> <span class='ocrx_word' id='word_1_107' title='bbox 1074 1143 1130 1185; x_wconf 89' lang='lat' dir='ltr'><strong>ut</strong></span> <span class='ocrx_word' id='word_1_108' title='bbox 1157 1147 1316 1199; x_wconf 84' lang='lat' dir='ltr'><strong>supra</strong></span> <span class='ocrx_word' id='word_1_109' title='bbox 1344 1132 1474 1194; x_wconf 79' lang='lat' dir='ltr'><strong>dixi,</strong></span> <span class='ocrx_word' id='word_1_110' title='bbox 1505 1141 1713 1185; x_wconf 86' lang='lat' dir='ltr'><strong>ascetas</strong></span> <span class='ocrx_word' id='word_1_111' title='bbox 1741 1147 1767 1184; x_wconf 72' lang='grc' dir='ltr'><strong>ιι</strong></span> <span class='ocrx_word' id='word_1_112' title='bbox 1799 1138 2057 1184; x_wconf 82' lang='lat' dir='ltr'><strong>consueta</strong></span> 
     </span>
    </p>
   </div>
   <div class='ocr_carea' id='block_1_17' title="bbox 2174 1123 3734 1199">
    <p class='ocr_par' dir='ltr' id='par_1_17' title="bbox 2174 1123 3734 1196">
     <span class='ocr_line' id='line_1_17' title="bbox 2174 1123 3734 1196; baseline -0.004 -18"><span class='ocrx_word' id='word_1_113' title='bbox 2174 1129 2395 1196; x_wconf 63' lang='grc' dir='ltr'>αότητος·</span> <span class='ocrx_word' id='word_1_114' title='bbox 2438 1127 2626 1178; x_wconf 80' lang='grc' dir='ltr'>ἔστιδὲ</span> <span class='ocrx_word' id='word_1_115' title='bbox 2656 1127 2715 1178; x_wconf 76' lang='grc' dir='ltr'><strong>τὸ</strong></span> <span class='ocrx_word' id='word_1_116' title='bbox 2742 1127 3053 1195; x_wconf 75' lang='grc' dir='ltr'>γιγνόμενον</span> <span class='ocrx_word' id='word_1_117' title='bbox 3085 1125 3271 1194; x_wconf 78' lang='grc' dir='ltr'>ἐνέδρα</span> <span class='ocrx_word' id='word_1_118' title='bbox 3299 1125 3494 1193; x_wconf 81' lang='grc' dir='ltr'>μᾶλλον</span> <span class='ocrx_word' id='word_1_119' title='bbox 3519 1123 3550 1191; x_wconf 87' lang='grc' dir='ltr'>ἦ</span> <span class='ocrx_word' id='word_1_120' title='bbox 3579 1123 3734 1174; x_wconf 59' lang='grc' dir='ltr'>δοκι-</span> 
     </span>
    </p>
   </div>
   <div class='ocr_carea' id='block_1_18' title="bbox 513 1213 2068 1287">
    <p class='ocr_par' dir='ltr' id='par_1_18' title="bbox 513 1216 2057 1286">
     <span class='ocr_line' id='line_1_18' title="bbox 513 1216 2057 1286; baseline -0.003 -13"><span class='ocrx_word' id='word_1_121' title='bbox 513 1231 566 1274; x_wconf 82' lang='lat' dir='ltr'><strong>ct</strong></span> <span class='ocrx_word' id='word_1_122' title='bbox 596 1220 815 1273; x_wconf 82' lang='lat' dir='ltr'><strong>salutari</strong></span> <span class='ocrx_word' id='word_1_123' title='bbox 845 1220 1187 1282; x_wconf 80' lang='lat' dir='ltr'><strong>meditatione</strong></span> <span class='ocrx_word' id='word_1_124' title='bbox 1216 1227 1440 1278; x_wconf 72' lang='lat' dir='ltr'><strong>aveztat,</strong></span> <span class='ocrx_word' id='word_1_125' title='bbox 1471 1227 1629 1286; x_wconf 87' lang='lat' dir='ltr'><strong>atque</strong></span> <span class='ocrx_word' id='word_1_126' title='bbox 1673 1219 1770 1270; x_wconf 87' lang='lat' dir='ltr'><strong>hac</strong></span> <span class='ocrx_word' id='word_1_127' title='bbox 1795 1216 1849 1268; x_wconf 91' lang='lat' dir='ltr'><strong>in</strong></span> <span class='ocrx_word' id='word_1_128' title='bbox 1876 1230 1931 1268; x_wconf 90' lang='lat' dir='ltr'><strong>re</strong></span> <span class='ocrx_word' id='word_1_129' title='bbox 1963 1232 2057 1268; x_wconf 84' lang='lat' dir='ltr'><strong>su-</strong></span> 
     </span>
    </p>
   </div>
   <div class='ocr_carea' id='block_1_19' title="bbox 2174 1213 3731 1287">
    <p class='ocr_par' dir='ltr' id='par_1_19' title="bbox 2174 1213 3731 1287">
     <span class='ocr_line' id='line_1_19' title="bbox 2174 1213 3731 1287; baseline -0.003 -18"><span class='ocrx_word' id='word_1_130' title='bbox 2174 1218 2345 1269; x_wconf 66' lang='lat' dir='ltr'><strong>Laeta.</strong></span> <span class='ocrx_word' id='word_1_131' title='bbox 2376 1218 2490 1268; x_wconf 84' lang='grc' dir='ltr'>Ἵνα</span> <span class='ocrx_word' id='word_1_132' title='bbox 2517 1218 2642 1283; x_wconf 84' lang='grc' dir='ltr'>γὰρ,</span> <span class='ocrx_word' id='word_1_133' title='bbox 2675 1217 2751 1279; x_wconf 82' lang='grc' dir='ltr'>ὡς</span> <span class='ocrx_word' id='word_1_134' title='bbox 2777 1220 3049 1287; x_wconf 80' lang='grc' dir='ltr'><strong>προεῖπον,</strong></span> <span class='ocrx_word' id='word_1_135' title='bbox 3077 1214 3426 1284; x_wconf 79' lang='grc' dir='ltr'>ἀπασχολήσῃ</span> <span class='ocrx_word' id='word_1_136' title='bbox 3592 1213 3731 1274; x_wconf 70' lang='grc' dir='ltr'>τοὺς</span> 
     </span>
    </p>
   </div>
   <div class='ocr_carea' id='block_1_20' title="bbox 517 1304 2068 1379">
    <p class='ocr_par' dir='ltr' id='par_1_20' title="bbox 517 1309 2060 1379">
     <span class='ocr_line' id='line_1_20' title="bbox 517 1309 2060 1379; baseline -0.005 -15"><span class='ocrx_word' id='word_1_137' title='bbox 517 1311 692 1379; x_wconf 90' lang='lat' dir='ltr'><strong>perior</strong></span> <span class='ocrx_word' id='word_1_138' title='bbox 721 1310 939 1371; x_wconf 89' lang='lat' dir='ltr'><strong>evadat,</strong></span> <span class='ocrx_word' id='word_1_139' title='bbox 973 1309 1279 1376; x_wconf 86' lang='lat' dir='ltr'><strong>hujusmodi</strong></span> <span class='ocrx_word' id='word_1_140' title='bbox 1310 1309 1554 1377; x_wconf 70' lang='lat' dir='ltr'><strong>quaedam</strong></span> <span class='ocrx_word' id='word_1_141' title='bbox 1586 1309 1909 1368; x_wconf 84' lang='lat' dir='ltr'><strong>insusurrat,</strong></span> <span class='ocrx_word' id='word_1_142' title='bbox 1941 1319 2060 1372; x_wconf 64' lang='lat' dir='ltr'><strong>quae</strong></span> 
     </span>
    </p>
   </div>
   <div class='ocr_carea' id='block_1_21' title="bbox 2174 1304 3734 1379">
    <p class='ocr_par' dir='ltr' id='par_1_21' title="bbox 2174 1304 3734 1375">
     <span class='ocr_line' id='line_1_21' title="bbox 2174 1304 3734 1375; baseline -0.003 -17"><span class='ocrx_word' id='word_1_143' title='bbox 2174 1305 2398 1374; x_wconf 73' lang='grc' dir='ltr'>ὶσκητὰς</span> <span class='ocrx_word' id='word_1_144' title='bbox 2426 1306 2524 1373; x_wconf 77' lang='grc' dir='ltr'><strong>τῆς</strong></span> <span class='ocrx_word' id='word_1_145' title='bbox 2557 1305 2743 1375; x_wconf 79' lang='grc' dir='ltr'>ὲΘίμου</span> <span class='ocrx_word' id='word_1_146' title='bbox 2778 1307 2872 1359; x_wconf 76' lang='grc' dir='ltr'>καὶ</span> <span class='ocrx_word' id='word_1_147' title='bbox 2902 1304 3270 1374; x_wconf 82' lang='grc' dir='ltr'>σωτηριώδους</span> <span class='ocrx_word' id='word_1_148' title='bbox 3311 1304 3568 1373; x_wconf 79' lang='grc' dir='ltr'><strong>μελέτης,</strong></span> <span class='ocrx_word' id='word_1_149' title='bbox 3627 1304 3734 1355; x_wconf 71' lang='grc' dir='ltr'>καὶ</span> 
     </span>
    </p>
   </div>
   <div class='ocr_carea' id='block_1_22' title="bbox 515 1392 2068 1465">
    <p class='ocr_par' dir='ltr' id='par_1_22' title="bbox 515 1394 2059 1462">
     <span class='ocr_line' id='line_1_22' title="bbox 515 1394 2059 1462; baseline -0.005 -9"><span class='ocrx_word' id='word_1_150' title='bbox 515 1400 649 1453; x_wconf 85' lang='lat' dir='ltr'><strong>nihil</strong></span> <span class='ocrx_word' id='word_1_151' title='bbox 672 1399 793 1452; x_wconf 67' lang='lat' dir='ltr'><strong>vitae</strong></span> <span class='ocrx_word' id='word_1_152' title='bbox 818 1398 1084 1452; x_wconf 84' lang='lat' dir='ltr'><strong>commodi</strong></span> <span class='ocrx_word' id='word_1_153' title='bbox 1115 1397 1346 1450; x_wconf 77' lang='lat' dir='ltr'><strong>all‘erunt</strong></span> <span class='ocrx_word' id='word_1_154' title='bbox 1373 1415 1385 1450; x_wconf 84' lang='lat'><strong><em>:</em></strong></span> <span class='ocrx_word' id='word_1_155' title='bbox 1421 1397 1512 1450; x_wconf 89' lang='lat' dir='ltr'><strong>sed</strong></span> <span class='ocrx_word' id='word_1_156' title='bbox 1541 1410 1708 1449; x_wconf 86' lang='lat' dir='ltr'><strong>vanas</strong></span> <span class='ocrx_word' id='word_1_157' title='bbox 1737 1394 2059 1462; x_wconf 58' lang='lat' dir='ltr'><strong>quastiones</strong></span> 
     </span>
    </p>
   </div>
   <div class='ocr_carea' id='block_1_23' title="bbox 2174 1392 3732 1465">
    <p class='ocr_par' dir='ltr' id='par_1_23' title="bbox 2174 1392 3732 1465">
     <span class='ocr_line' id='line_1_23' title="bbox 2174 1392 3732 1465; baseline -0.001 -19"><span class='ocrx_word' id='word_1_158' title='bbox 2174 1395 2281 1465; x_wconf 75' lang='grc' dir='ltr'>ῑόξῃ</span> <span class='ocrx_word' id='word_1_159' title='bbox 2310 1397 2528 1464; x_wconf 82' lang='grc' dir='ltr'>κρατεῖν</span> <span class='ocrx_word' id='word_1_160' title='bbox 2549 1411 2562 1424; x_wconf 90' lang='grc'>·</span> <span class='ocrx_word' id='word_1_161' title='bbox 2594 1395 2731 1448; x_wconf 79' lang='grc' dir='ltr'>κατὰ</span> <span class='ocrx_word' id='word_1_162' title='bbox 2762 1394 2916 1448; x_wconf 82' lang='grc' dir='ltr'>τοῦτο</span> <span class='ocrx_word' id='word_1_163' title='bbox 2945 1395 3165 1447; x_wconf 73' lang='grc' dir='ltr'>τοιαῦτα</span> <span class='ocrx_word' id='word_1_164' title='bbox 3189 1412 3310 1447; x_wconf 89' lang='grc' dir='ltr'>τινα</span> <span class='ocrx_word' id='word_1_165' title='bbox 3339 1397 3477 1446; x_wconf 87' lang='grc' dir='ltr'>κινεῖ</span> <span class='ocrx_word' id='word_1_166' title='bbox 3511 1392 3732 1462; x_wconf 78' lang='grc' dir='ltr'>βομῦύ-</span> 
     </span>
    </p>
   </div>
   <div class='ocr_carea' id='block_1_24' title="bbox 515 1483 2068 1557">
    <p class='ocr_par' dir='ltr' id='par_1_24' title="bbox 515 1484 2058 1557">
     <span class='ocr_line' id='line_1_24' title="bbox 515 1484 2058 1557; baseline -0.006 -15"><span class='ocrx_word' id='word_1_167' title='bbox 515 1498 568 1542; x_wconf 91' lang='lat' dir='ltr'><strong>et</strong></span> <span class='ocrx_word' id='word_1_168' title='bbox 601 1504 799 1557; x_wconf 83' lang='lat' dir='ltr'><strong>nugas,</strong></span> <span class='ocrx_word' id='word_1_169' title='bbox 837 1503 867 1540; x_wconf 92' lang='lat' dir='ltr'><strong>a</strong></span> <span class='ocrx_word' id='word_1_170' title='bbox 909 1487 1064 1540; x_wconf 89' lang='lat' dir='ltr'><strong>nobis</strong></span> <span class='ocrx_word' id='word_1_171' title='bbox 1113 1501 1242 1540; x_wconf 86' lang='lat' dir='ltr'><strong>sane</strong></span> <span class='ocrx_word' id='word_1_172' title='bbox 1286 1486 1661 1556; x_wconf 88' lang='lat' dir='ltr'><strong>repudiandas.</strong></span> <span class='ocrx_word' id='word_1_173' title='bbox 1712 1484 1849 1551; x_wconf 89' lang='lat' dir='ltr'><strong>Quid</strong></span> <span class='ocrx_word' id='word_1_174' title='bbox 1883 1485 2058 1547; x_wconf 88' lang='lat' dir='ltr'><strong>enim,</strong></span> 
     </span>
    </p>
   </div>
   <div class='ocr_carea' id='block_1_25' title="bbox 2174 1483 3735 1557">
    <p class='ocr_par' dir='ltr' id='par_1_25' title="bbox 2174 1483 3735 1556">
     <span class='ocr_line' id='line_1_25' title="bbox 2174 1483 3735 1556; baseline -0.001 -20"><span class='ocrx_word' id='word_1_175' title='bbox 2174 1502 2252 1536; x_wconf 81' lang='grc' dir='ltr'><strong>ιια</strong></span> <span class='ocrx_word' id='word_1_176' title='bbox 2273 1524 2286 1546; x_wconf 93' lang='grc'><strong>,</strong></span> <span class='ocrx_word' id='word_1_177' title='bbox 2327 1486 2481 1537; x_wconf 69' lang='grc' dir='ltr'>ἅτινα</span> <span class='ocrx_word' id='word_1_178' title='bbox 2507 1486 2658 1556; x_wconf 78' lang='grc' dir='ltr'>φέρει</span> <span class='ocrx_word' id='word_1_179' title='bbox 2694 1485 2789 1553; x_wconf 76' lang='grc' dir='ltr'>μὲν</span> <span class='ocrx_word' id='word_1_180' title='bbox 2819 1485 2967 1536; x_wconf 79' lang='grc' dir='ltr'>οὐδὲν</span> <span class='ocrx_word' id='word_1_181' title='bbox 2997 1483 3071 1553; x_wconf 82' lang='grc' dir='ltr'>τῷ</span> <span class='ocrx_word' id='word_1_182' title='bbox 3100 1484 3197 1554; x_wconf 86' lang='grc' dir='ltr'>βίῳ</span> <span class='ocrx_word' id='word_1_183' title='bbox 3229 1485 3494 1554; x_wconf 70' lang='grc' dir='ltr'>χρήσιμον</span> <span class='ocrx_word' id='word_1_184' title='bbox 3515 1522 3528 1545; x_wconf 94' lang='grc'><strong>,</strong></span> <span class='ocrx_word' id='word_1_185' title='bbox 3559 1483 3735 1543; x_wconf 82' lang='grc' dir='ltr'>κενὰς</span> 
     </span>
    </p>
   </div>
   <div class='ocr_carea' id='block_1_26' title="bbox 513 1570 2068 1651">
    <p class='ocr_par' dir='ltr' id='par_1_26' title="bbox 513 1573 2058 1651">
     <span class='ocr_line' id='line_1_26' title="bbox 513 1573 2058 1651; baseline -0.003 -22"><span class='ocrx_word' id='word_1_186' title='bbox 513 1591 716 1645; x_wconf 72' lang='lat' dir='ltr'><strong>qureso,</strong></span> <span class='ocrx_word' id='word_1_187' title='bbox 753 1577 942 1630; x_wconf 80' lang='lat' dir='ltr'><strong>dilecte</strong></span> <span class='ocrx_word' id='word_1_188' title='bbox 967 1592 1030 1630; x_wconf 90' lang='lat' dir='ltr'><strong>ac</strong></span> <span class='ocrx_word' id='word_1_189' title='bbox 1059 1577 1317 1651; x_wconf 85' lang='lat' dir='ltr'><strong>piissime,</strong></span> <span class='ocrx_word' id='word_1_190' title='bbox 1368 1573 1568 1643; x_wconf 78' lang='lat' dir='ltr'><strong>peccati</strong></span> <span class='ocrx_word' id='word_1_191' title='bbox 1617 1584 1705 1627; x_wconf 90' lang='lat' dir='ltr'><strong>aut</strong></span> <span class='ocrx_word' id='word_1_192' title='bbox 1737 1575 1931 1641; x_wconf 89' lang='lat' dir='ltr'><strong>impuri</strong></span> <span class='ocrx_word' id='word_1_193' title='bbox 1964 1588 2058 1625; x_wconf 85' lang='lat' dir='ltr'><strong>na-</strong></span> 
     </span>
    </p>
   </div>
   <div class='ocr_carea' id='block_1_27' title="bbox 2174 1570 3730 1651">
    <p class='ocr_par' dir='ltr' id='par_1_27' title="bbox 2174 1570 3730 1643">
     <span class='ocr_line' id='line_1_27' title="bbox 2174 1570 3730 1643; baseline -0.001 -19"><span class='ocrx_word' id='word_1_194' title='bbox 2174 1573 2213 1624; x_wconf 61' lang='lat' dir='ltr'><strong>se</strong></span> <span class='ocrx_word' id='word_1_195' title='bbox 2231 1571 2482 1642; x_wconf 79' lang='grc' dir='ltr'>ζητήσεις</span> <span class='ocrx_word' id='word_1_196' title='bbox 2500 1573 2591 1625; x_wconf 80' lang='grc' dir='ltr'>καὶ</span> <span class='ocrx_word' id='word_1_197' title='bbox 2607 1571 2888 1643; x_wconf 77' lang='grc' dir='ltr'><strong>φλυαρίας,</strong></span> <span class='ocrx_word' id='word_1_198' title='bbox 2908 1572 2971 1634; x_wconf 74' lang='grc' dir='ltr'>ἃς</span> <span class='ocrx_word' id='word_1_199' title='bbox 2989 1572 3067 1624; x_wconf 86' lang='grc' dir='ltr'><strong>δεῖ</strong></span> <span class='ocrx_word' id='word_1_200' title='bbox 3085 1570 3483 1642; x_wconf 81' lang='grc' dir='ltr'>παραιτεῖσθαι.</span> <span class='ocrx_word' id='word_1_201' title='bbox 3503 1571 3568 1622; x_wconf 89' lang='grc' dir='ltr'>Τί</span> <span class='ocrx_word' id='word_1_202' title='bbox 3588 1571 3730 1640; x_wconf 70' lang='grc' dir='ltr'>γὰρ,</span> 
     </span>
    </p>
   </div>
   <div class='ocr_carea' id='block_1_28' title="bbox 512 1657 2068 1731">
    <p class='ocr_par' dir='ltr' id='par_1_28' title="bbox 512 1661 2062 1731">
     <span class='ocr_line' id='line_1_28' title="bbox 512 1661 2062 1731; baseline -0.001 -15"><span class='ocrx_word' id='word_1_203' title='bbox 512 1665 674 1718; x_wconf 84' lang='lat' dir='ltr'><strong>turali</strong></span> <span class='ocrx_word' id='word_1_204' title='bbox 711 1663 848 1718; x_wconf 87' lang='lat' dir='ltr'><strong>inest</strong></span> <span class='ocrx_word' id='word_1_205' title='bbox 878 1665 1256 1718; x_wconf 82' lang='lat' dir='ltr'><strong>excremento?</strong></span> <span class='ocrx_word' id='word_1_206' title='bbox 1287 1664 1482 1731; x_wconf 79' lang='lat' dir='ltr'><strong>Ecquis</strong></span> <span class='ocrx_word' id='word_1_207' title='bbox 1517 1664 1646 1715; x_wconf 88' lang='lat' dir='ltr'><strong>vitio</strong></span> <span class='ocrx_word' id='word_1_208' title='bbox 1689 1670 1892 1716; x_wconf 80' lang='lat' dir='ltr'><strong>vertere</strong></span> <span class='ocrx_word' id='word_1_209' title='bbox 1941 1661 2062 1714; x_wconf 88' lang='lat' dir='ltr'><strong>velit</strong></span> 
     </span>
    </p>
   </div>
   <div class='ocr_carea' id='block_1_29' title="bbox 2174 1657 3737 1731">
    <p class='ocr_par' dir='ltr' id='par_1_29' title="bbox 2174 1657 3737 1731">
     <span class='ocr_line' id='line_1_29' title="bbox 2174 1657 3737 1731; baseline -0.002 -16"><span class='ocrx_word' id='word_1_210' title='bbox 2174 1664 2280 1716; x_wconf 80' lang='grc' dir='ltr'>εἰπέ</span> <span class='ocrx_word' id='word_1_211' title='bbox 2320 1681 2426 1730; x_wconf 89' lang='grc' dir='ltr'>μοι,</span> <span class='ocrx_word' id='word_1_212' title='bbox 2457 1657 2500 1715; x_wconf 82' lang='grc' dir='ltr'>ὢ</span> <span class='ocrx_word' id='word_1_213' title='bbox 2541 1663 2786 1730; x_wconf 82' lang='grc' dir='ltr'>ἀγαπητὲ</span> <span class='ocrx_word' id='word_1_214' title='bbox 2813 1664 2905 1716; x_wconf 71' lang='grc' dir='ltr'>καὶ</span> <span class='ocrx_word' id='word_1_215' title='bbox 2933 1663 3309 1724; x_wconf 73' lang='grc' dir='ltr'>εύλαϐέστατε,</span> <span class='ocrx_word' id='word_1_216' title='bbox 3336 1662 3439 1731; x_wconf 74' lang='grc' dir='ltr'>ἔχει</span> <span class='ocrx_word' id='word_1_217' title='bbox 3471 1663 3737 1729; x_wconf 75' lang='grc' dir='ltr'>ἁμάρτη-</span> 
     </span>
    </p>
   </div>
   <div class='ocr_carea' id='block_1_30' title="bbox 520 1748 2068 1822">
    <p class='ocr_par' dir='ltr' id='par_1_30' title="bbox 520 1748 2061 1820">
     <span class='ocr_line' id='line_1_30' title="bbox 520 1748 2061 1820; baseline -0.004 -16"><span class='ocrx_word' id='word_1_218' title='bbox 520 1767 792 1806; x_wconf 89' lang='lat' dir='ltr'><strong>mucorem</strong></span> <span class='ocrx_word' id='word_1_219' title='bbox 820 1767 849 1806; x_wconf 90' lang='lat' dir='ltr'><strong>e</strong></span> <span class='ocrx_word' id='word_1_220' title='bbox 887 1752 1110 1805; x_wconf 90' lang='lat' dir='ltr'><strong>naribus</strong></span> <span class='ocrx_word' id='word_1_221' title='bbox 1138 1752 1387 1820; x_wconf 85' lang='lat' dir='ltr'><strong>ejectum,</strong></span> <span class='ocrx_word' id='word_1_222' title='bbox 1417 1751 1498 1804; x_wconf 90' lang='lat' dir='ltr'><strong>vel</strong></span> <span class='ocrx_word' id='word_1_223' title='bbox 1526 1760 1679 1818; x_wconf 91' lang='lat' dir='ltr'><strong>sputa</strong></span> <span class='ocrx_word' id='word_1_224' title='bbox 1711 1765 1804 1804; x_wconf 89' lang='lat' dir='ltr'><strong>ore</strong></span> <span class='ocrx_word' id='word_1_225' title='bbox 1827 1748 2061 1803; x_wconf 87' lang='lat' dir='ltr'><strong>emissa?</strong></span> 
     </span>
    </p>
   </div>
   <div class='ocr_carea' id='block_1_31' title="bbox 2174 1748 3736 1822">
    <p class='ocr_par' dir='ltr' id='par_1_31' title="bbox 2174 1750 3736 1822">
     <span class='ocr_line' id='line_1_31' title="bbox 2174 1750 3736 1822; baseline -0.001 -19"><span class='ocrx_word' id='word_1_226' title='bbox 2174 1769 2238 1819; x_wconf 71' lang='grc' dir='ltr'><strong>μα</strong></span> <span class='ocrx_word' id='word_1_227' title='bbox 2269 1751 2300 1820; x_wconf 81' lang='grc' dir='ltr'><strong>ἦ</strong></span> <span class='ocrx_word' id='word_1_228' title='bbox 2339 1752 2638 1822; x_wconf 74' lang='grc' dir='ltr'>ἀκάθαρτον</span> <span class='ocrx_word' id='word_1_229' title='bbox 2672 1753 2866 1821; x_wconf 81' lang='grc' dir='ltr'>φυσική</span> <span class='ocrx_word' id='word_1_230' title='bbox 2896 1769 2978 1814; x_wconf 88' lang='grc' dir='ltr'><strong>τις</strong></span> <span class='ocrx_word' id='word_1_231' title='bbox 3011 1752 3280 1822; x_wconf 55' lang='grc' dir='ltr'>ἔκκρισις</span> <span class='ocrx_word' id='word_1_232' title='bbox 3315 1753 3387 1814; x_wconf 82' lang='grc' dir='ltr'>ὡς</span> <span class='ocrx_word' id='word_1_233' title='bbox 3418 1751 3579 1812; x_wconf 86' lang='grc' dir='ltr'>εἴτις</span> <span class='ocrx_word' id='word_1_234' title='bbox 3605 1750 3736 1802; x_wconf 77' lang='grc' dir='ltr'>ἐθέ-</span> 
     </span>
    </p>
   </div>
   <div class='ocr_carea' id='block_1_32' title="bbox 523 1839 2068 1911">
    <p class='ocr_par' dir='ltr' id='par_1_32' title="bbox 523 1841 2060 1911">
     <span class='ocr_line' id='line_1_32' title="bbox 523 1841 2060 1911; baseline -0.003 -15"><span class='ocrx_word' id='word_1_235' title='bbox 523 1844 720 1910; x_wconf 81' lang='lat' dir='ltr'><strong>quibus</strong></span> <span class='ocrx_word' id='word_1_236' title='bbox 746 1844 973 1910; x_wconf 87' lang='lat' dir='ltr'><strong>plurima</strong></span> <span class='ocrx_word' id='word_1_237' title='bbox 1020 1857 1302 1911; x_wconf 89' lang='lat' dir='ltr'><strong>possemus</strong></span> <span class='ocrx_word' id='word_1_238' title='bbox 1328 1842 1540 1903; x_wconf 87' lang='lat' dir='ltr'><strong>addere,</strong></span> <span class='ocrx_word' id='word_1_239' title='bbox 1583 1841 1782 1894; x_wconf 83' lang='lat' dir='ltr'><strong>ventris</strong></span> <span class='ocrx_word' id='word_1_240' title='bbox 1809 1841 2060 1893; x_wconf 87' lang='lat' dir='ltr'><strong>nimirum</strong></span> 
     </span>
    </p>
   </div>
   <div class='ocr_carea' id='block_1_33' title="bbox 2174 1839 3736 1911">
    <p class='ocr_par' dir='ltr' id='par_1_33' title="bbox 2174 1839 3736 1908">
     <span class='ocr_line' id='line_1_33' title="bbox 2174 1839 3736 1908; baseline -0.001 -18"><span class='ocrx_word' id='word_1_241' title='bbox 2174 1845 2240 1890; x_wconf 69' lang='lat' dir='ltr'><strong>tat</strong></span> <span class='ocrx_word' id='word_1_242' title='bbox 2293 1840 2557 1891; x_wconf 81' lang='grc' dir='ltr'>ποιεῖσθαι</span> <span class='ocrx_word' id='word_1_243' title='bbox 2603 1841 2847 1908; x_wconf 77' lang='grc' dir='ltr'>ἔγκλημα</span> <span class='ocrx_word' id='word_1_244' title='bbox 2896 1841 2985 1892; x_wconf 72' lang='grc' dir='ltr'>καὶ</span> <span class='ocrx_word' id='word_1_245' title='bbox 3013 1839 3108 1901; x_wconf 84' lang='grc' dir='ltr'><strong>τὰς</strong></span> <span class='ocrx_word' id='word_1_246' title='bbox 3138 1839 3224 1891; x_wconf 84' lang='grc' dir='ltr'>διὰ</span> <span class='ocrx_word' id='word_1_247' title='bbox 3258 1840 3416 1906; x_wconf 76' lang='grc' dir='ltr'>ῥινῶν</span> <span class='ocrx_word' id='word_1_248' title='bbox 3445 1842 3736 1906; x_wconf 63' lang='grc' dir='ltr'>ἐκπεμποι</span> 
     </span>
    </p>
   </div>
   <div class='ocr_carea' id='block_1_34' title="bbox 519 1929 2068 2002">
    <p class='ocr_par' dir='ltr' id='par_1_34' title="bbox 519 1930 2059 2002">
     <span class='ocr_line' id='line_1_34' title="bbox 519 1930 2059 2002; baseline -0.002 -17"><span class='ocrx_word' id='word_1_249' title='bbox 519 1946 876 1997; x_wconf 76' lang='lat' dir='ltr'><strong>excrementa,</strong></span> <span class='ocrx_word' id='word_1_250' title='bbox 915 1949 1034 2002; x_wconf 74' lang='lat' dir='ltr'><strong>quze</strong></span> <span class='ocrx_word' id='word_1_251' title='bbox 1058 1933 1271 1986; x_wconf 84' lang='lat' dir='ltr'><strong>animali</strong></span> <span class='ocrx_word' id='word_1_252' title='bbox 1298 1932 1362 1986; x_wconf 89' lang='lat' dir='ltr'><strong>ad</strong></span> <span class='ocrx_word' id='word_1_253' title='bbox 1391 1934 1552 1984; x_wconf 89' lang='lat' dir='ltr'><strong>vitam</strong></span> <span class='ocrx_word' id='word_1_254' title='bbox 1587 1930 1884 1984; x_wconf 88' lang='lat' dir='ltr'><strong>necessaria</strong></span> <span class='ocrx_word' id='word_1_255' title='bbox 1913 1937 2059 1983; x_wconf 87' lang='lat' dir='ltr'><strong>sunt.</strong></span> 
     </span>
    </p>
   </div>
   <div class='ocr_carea' id='block_1_35' title="bbox 2174 1929 3736 2002">
    <p class='ocr_par' dir='ltr' id='par_1_35' title="bbox 2174 1929 3736 1999">
     <span class='ocr_line' id='line_1_35' title="bbox 2174 1929 3736 1999; baseline 0 -19"><span class='ocrx_word' id='word_1_256' title='bbox 2174 1929 2330 1997; x_wconf 83' lang='grc' dir='ltr'>μένας</span> <span class='ocrx_word' id='word_1_257' title='bbox 2365 1930 2534 1998; x_wconf 79' lang='grc' dir='ltr'>μύξας</span> <span class='ocrx_word' id='word_1_258' title='bbox 2569 1932 2660 1982; x_wconf 72' lang='grc' dir='ltr'><strong>καὶ</strong></span> <span class='ocrx_word' id='word_1_259' title='bbox 2691 1931 2757 1982; x_wconf 73' lang='grc' dir='ltr'>τὰ</span> <span class='ocrx_word' id='word_1_260' title='bbox 2785 1931 2870 1982; x_wconf 79' lang='grc' dir='ltr'>διὰ</span> <span class='ocrx_word' id='word_1_261' title='bbox 2904 1931 3165 1999; x_wconf 79' lang='grc' dir='ltr'>στόματος</span> <span class='ocrx_word' id='word_1_262' title='bbox 3199 1930 3489 1998; x_wconf 84' lang='grc' dir='ltr'>πτύσματα</span> <span class='ocrx_word' id='word_1_263' title='bbox 3509 1945 3521 1958; x_wconf 84' lang='lat'><strong><em>°</em></strong></span> <span class='ocrx_word' id='word_1_264' title='bbox 3551 1929 3641 1980; x_wconf 70' lang='grc' dir='ltr'>ἔτι</span> <span class='ocrx_word' id='word_1_265' title='bbox 3671 1929 3736 1980; x_wconf 77' lang='grc' dir='ltr'>δὲ</span> 
     </span>
    </p>
   </div>
   <div class='ocr_carea' id='block_1_36' title="bbox 517 2017 2068 2090">
    <p class='ocr_par' dir='ltr' id='par_1_36' title="bbox 517 2017 2061 2085">
     <span class='ocr_line' id='line_1_36' title="bbox 517 2017 2061 2085; baseline -0.004 -13"><span class='ocrx_word' id='word_1_266' title='bbox 517 2021 596 2074; x_wconf 83' lang='lat' dir='ltr'><strong>Ad</strong></span> <span class='ocrx_word' id='word_1_267' title='bbox 630 2022 760 2085; x_wconf 67' lang='lat' dir='ltr'><strong>haec,</strong></span> <span class='ocrx_word' id='word_1_268' title='bbox 788 2023 831 2075; x_wconf 88' lang='lat' dir='ltr'><strong>si</strong></span> <span class='ocrx_word' id='word_1_269' title='bbox 869 2023 1136 2075; x_wconf 88' lang='lat' dir='ltr'><strong>hominem</strong></span> <span class='ocrx_word' id='word_1_270' title='bbox 1168 2035 1282 2073; x_wconf 91' lang='lat' dir='ltr'><strong>esse</strong></span> <span class='ocrx_word' id='word_1_271' title='bbox 1309 2033 1563 2071; x_wconf 86' lang='lat' dir='ltr'><strong>manuum</strong></span> <span class='ocrx_word' id='word_1_272' title='bbox 1599 2017 1688 2069; x_wconf 85' lang='lat' dir='ltr'><strong>Dei</strong></span> <span class='ocrx_word' id='word_1_273' title='bbox 1713 2032 1846 2084; x_wconf 91' lang='lat' dir='ltr'><strong>opus</strong></span> <span class='ocrx_word' id='word_1_274' title='bbox 1871 2031 2061 2069; x_wconf 87' lang='lat' dir='ltr'><strong>secun-</strong></span> 
     </span>
    </p>
   </div>
   <div class='ocr_carea' id='block_1_37' title="bbox 2174 2017 3736 2090">
    <p class='ocr_par' dir='ltr' id='par_1_37' title="bbox 2174 2018 3736 2090">
     <span class='ocr_line' id='line_1_37' title="bbox 2174 2018 3736 2090; baseline -0.003 -18"><span class='ocrx_word' id='word_1_275' title='bbox 2174 2022 2256 2073; x_wconf 69' lang='grc' dir='ltr'>καὶ</span> <span class='ocrx_word' id='word_1_276' title='bbox 2283 2021 2482 2072; x_wconf 85' lang='grc' dir='ltr'>τούτων</span> <span class='ocrx_word' id='word_1_277' title='bbox 2512 2022 2702 2090; x_wconf 78' lang='grc' dir='ltr'>ἔχομεν</span> <span class='ocrx_word' id='word_1_278' title='bbox 2734 2021 2909 2088; x_wconf 87' lang='grc' dir='ltr'>λέγειν</span> <span class='ocrx_word' id='word_1_279' title='bbox 2946 2021 3181 2081; x_wconf 82' lang='grc' dir='ltr'>πλείονα,</span> <span class='ocrx_word' id='word_1_280' title='bbox 3209 2021 3305 2082; x_wconf 79' lang='grc' dir='ltr'>τὰς</span> <span class='ocrx_word' id='word_1_281' title='bbox 3329 2018 3415 2070; x_wconf 77' lang='grc' dir='ltr'>διὰ</span> <span class='ocrx_word' id='word_1_282' title='bbox 3440 2019 3736 2087; x_wconf 77' lang='grc' dir='ltr'>γαστέρων</span> 
     </span>
    </p>
   </div>
   <div class='ocr_carea' id='block_1_38' title="bbox 517 2106 2068 2181">
    <p class='ocr_par' dir='ltr' id='par_1_38' title="bbox 517 2109 2062 2178">
     <span class='ocr_line' id='line_1_38' title="bbox 517 2109 2062 2178; baseline -0.002 -16"><span class='ocrx_word' id='word_1_283' title='bbox 517 2111 644 2163; x_wconf 90' lang='lat' dir='ltr'><strong>dum</strong></span> <span class='ocrx_word' id='word_1_284' title='bbox 673 2109 978 2178; x_wconf 88' lang='lat' dir='ltr'><strong>Scripturas</strong></span> <span class='ocrx_word' id='word_1_285' title='bbox 1001 2113 1289 2173; x_wconf 88' lang='lat' dir='ltr'><strong>credimus,</strong></span> <span class='ocrx_word' id='word_1_286' title='bbox 1317 2110 1584 2178; x_wconf 89' lang='lat' dir='ltr'><strong>quomodo</strong></span> <span class='ocrx_word' id='word_1_287' title='bbox 1614 2123 1676 2160; x_wconf 83' lang='lat' dir='ltr'><strong>ex</strong></span> <span class='ocrx_word' id='word_1_288' title='bbox 1710 2123 1841 2174; x_wconf 91' lang='lat' dir='ltr'><strong>pura</strong></span> <span class='ocrx_word' id='word_1_289' title='bbox 1873 2115 2062 2174; x_wconf 83' lang='lat' dir='ltr'><strong>poten-</strong></span> 
     </span>
    </p>
   </div>
   <div class='ocr_carea' id='block_1_39' title="bbox 2174 2106 3738 2181">
    <p class='ocr_par' dir='ltr' id='par_1_39' title="bbox 2174 2106 3738 2181">
     <span class='ocr_line' id='line_1_39' title="bbox 2174 2106 3738 2181; baseline -0.001 -20"><span class='ocrx_word' id='word_1_290' title='bbox 2174 2111 2452 2180; x_wconf 61' lang='grc' dir='ltr'>ἐκκρίσεις,</span> <span class='ocrx_word' id='word_1_291' title='bbox 2483 2111 2623 2181; x_wconf 81' lang='grc' dir='ltr'>ἀπερ</span> <span class='ocrx_word' id='word_1_292' title='bbox 2652 2111 2726 2179; x_wconf 82' lang='grc' dir='ltr'>τῷ</span> <span class='ocrx_word' id='word_1_293' title='bbox 2749 2110 2869 2178; x_wconf 78' lang='grc' dir='ltr'><strong>ξώῳ</strong></span> <span class='ocrx_word' id='word_1_294' title='bbox 2897 2109 3030 2179; x_wconf 74' lang='grc' dir='ltr'>πρὸς</span> <span class='ocrx_word' id='word_1_295' title='bbox 3055 2110 3113 2160; x_wconf 86' lang='grc' dir='ltr'><strong>τὸ</strong></span> <span class='ocrx_word' id='word_1_296' title='bbox 3140 2110 3236 2178; x_wconf 78' lang='grc' dir='ltr'><strong>ζῇν</strong></span> <span class='ocrx_word' id='word_1_297' title='bbox 3265 2110 3533 2174; x_wconf 84' lang='grc' dir='ltr'>ἀναγκαῖα</span> <span class='ocrx_word' id='word_1_298' title='bbox 3593 2106 3738 2159; x_wconf 83' lang='grc' dir='ltr'>καθ-</span> 
     </span>
    </p>
   </div>
   <div class='ocr_carea' id='block_1_40' title="bbox 518 2194 2068 2270">
    <p class='ocr_par' dir='ltr' id='par_1_40' title="bbox 518 2194 2060 2267">
     <span class='ocr_line' id='line_1_40' title="bbox 518 2194 2060 2267; baseline -0.003 -15"><span class='ocrx_word' id='word_1_299' title='bbox 518 2200 592 2252; x_wconf 89' lang='lat' dir='ltr'><strong>tia</strong></span> <span class='ocrx_word' id='word_1_300' title='bbox 620 2214 754 2266; x_wconf 88' lang='lat' dir='ltr'><strong>opus</strong></span> <span class='ocrx_word' id='word_1_301' title='bbox 797 2201 1216 2252; x_wconf 86' lang='lat' dir='ltr'><strong>contaminatum</strong></span> <span class='ocrx_word' id='word_1_302' title='bbox 1249 2199 1460 2267; x_wconf 88' lang='lat' dir='ltr'><strong>prodire</strong></span> <span class='ocrx_word' id='word_1_303' title='bbox 1492 2196 1687 2249; x_wconf 84' lang='lat' dir='ltr'><strong>valuit?</strong></span> <span class='ocrx_word' id='word_1_304' title='bbox 1718 2194 1779 2249; x_wconf 81' lang='lat' dir='ltr'><strong>Et</strong></span> <span class='ocrx_word' id='word_1_305' title='bbox 1808 2196 1881 2261; x_wconf 90' lang='lat' dir='ltr'><strong>si,</strong></span> <span class='ocrx_word' id='word_1_306' title='bbox 1916 2203 1973 2247; x_wconf 90' lang='lat' dir='ltr'><strong>ut</strong></span> <span class='ocrx_word' id='word_1_307' title='bbox 2008 2196 2060 2248; x_wconf 90' lang='lat' dir='ltr'><strong>in</strong></span> 
     </span>
    </p>
   </div>
   <div class='ocr_carea' id='block_1_41' title="bbox 2174 2194 3736 2270">
    <p class='ocr_par' dir='ltr' id='par_1_41' title="bbox 2174 2197 3736 2270">
     <span class='ocr_line' id='line_1_41' title="bbox 2174 2197 3736 2270; baseline -0.002 -19"><span class='ocrx_word' id='word_1_308' title='bbox 2174 2200 2406 2270; x_wconf 75' lang='grc' dir='ltr'>ἕστηκεν.</span> <span class='ocrx_word' id='word_1_309' title='bbox 2442 2201 2557 2252; x_wconf 84' lang='grc' dir='ltr'>Ἔτι</span> <span class='ocrx_word' id='word_1_310' title='bbox 2584 2217 2640 2252; x_wconf 88' lang='grc' dir='ltr'><strong>τε</strong></span> <span class='ocrx_word' id='word_1_311' title='bbox 2690 2236 2705 2261; x_wconf 95' lang='grc'><strong>,</strong></span> <span class='ocrx_word' id='word_1_312' title='bbox 2840 2202 2885 2253; x_wconf 89' lang='grc' dir='ltr'><strong>εί</strong></span> <span class='ocrx_word' id='word_1_313' title='bbox 2914 2199 3019 2250; x_wconf 88' lang='grc' dir='ltr'><strong>τῶν</strong></span> <span class='ocrx_word' id='word_1_314' title='bbox 3043 2199 3132 2250; x_wconf 76' lang='grc' dir='ltr'>τοῦ</span> <span class='ocrx_word' id='word_1_315' title='bbox 3169 2198 3301 2250; x_wconf 84' lang='grc' dir='ltr'><strong>Θεοῦ</strong></span> <span class='ocrx_word' id='word_1_316' title='bbox 3337 2199 3530 2267; x_wconf 86' lang='grc' dir='ltr'>χειρῶν</span> <span class='ocrx_word' id='word_1_317' title='bbox 3564 2197 3736 2266; x_wconf 76' lang='grc' dir='ltr'>ἔργον</span> 
     </span>
    </p>
   </div>
   <div class='ocr_carea' id='block_1_42' title="bbox 521 2284 2068 2359">
    <p class='ocr_par' dir='ltr' id='par_1_42' title="bbox 521 2284 2059 2356">
     <span class='ocr_line' id='line_1_42' title="bbox 521 2284 2059 2356; baseline -0.001 -17"><span class='ocrx_word' id='word_1_318' title='bbox 521 2288 739 2342; x_wconf 78' lang='lat' dir='ltr'><strong>Actibus</strong></span> <span class='ocrx_word' id='word_1_319' title='bbox 767 2289 1136 2356; x_wconf 87' lang='lat' dir='ltr'><strong>apostolorum</strong></span> <span class='ocrx_word' id='word_1_320' title='bbox 1178 2289 1389 2356; x_wconf 80' lang='lat' dir='ltr'><strong>legitur,</strong></span> <span class='ocrx_word' id='word_1_321' title='bbox 1445 2301 1616 2355; x_wconf 89' lang='lat' dir='ltr'><strong>genus</strong></span> <span class='ocrx_word' id='word_1_322' title='bbox 1656 2284 1746 2339; x_wconf 87' lang='lat' dir='ltr'><strong>Dei</strong></span> <span class='ocrx_word' id='word_1_323' title='bbox 1795 2301 1983 2338; x_wconf 90' lang='lat' dir='ltr'><strong>sumus</strong></span> <span class='ocrx_word' id='word_1_324' title='bbox 2017 2291 2059 2348; x_wconf 74' lang='grc' dir='ltr'>ί,</span> 
     </span>
    </p>
   </div>
   <div class='ocr_carea' id='block_1_43' title="bbox 2174 2284 3738 2359">
    <p class='ocr_par' dir='ltr' id='par_1_43' title="bbox 2174 2287 3738 2359">
     <span class='ocr_line' id='line_1_43' title="bbox 2174 2287 3738 2359; baseline -0.001 -19"><span class='ocrx_word' id='word_1_325' title='bbox 2174 2287 2296 2341; x_wconf 68' lang='grc' dir='ltr'>εἶναι</span> <span class='ocrx_word' id='word_1_326' title='bbox 2328 2289 2649 2358; x_wconf 82' lang='grc' dir='ltr'>πιστεύομεν</span> <span class='ocrx_word' id='word_1_327' title='bbox 2680 2289 2767 2341; x_wconf 83' lang='grc' dir='ltr'><strong>τὸν</strong></span> <span class='ocrx_word' id='word_1_328' title='bbox 2795 2289 3096 2359; x_wconf 85' lang='grc' dir='ltr'>ἄνθρωπον,</span> <span class='ocrx_word' id='word_1_329' title='bbox 3127 2288 3264 2340; x_wconf 82' lang='grc' dir='ltr'>κατὰ</span> <span class='ocrx_word' id='word_1_330' title='bbox 3291 2290 3384 2350; x_wconf 67' lang='grc' dir='ltr'><strong>τὰς</strong></span> <span class='ocrx_word' id='word_1_331' title='bbox 3410 2288 3560 2348; x_wconf 82' lang='grc' dir='ltr'>θείας</span> <span class='ocrx_word' id='word_1_332' title='bbox 3583 2287 3738 2355; x_wconf 84' lang='grc' dir='ltr'>Γρα-</span> 
     </span>
    </p>
   </div>
   <div class='ocr_carea' id='block_1_44' title="bbox 521 2375 2068 2449">
    <p class='ocr_par' dir='ltr' id='par_1_44' title="bbox 521 2375 2063 2446">
     <span class='ocr_line' id='line_1_44' title="bbox 521 2375 2063 2446; baseline -0.001 -18"><span class='ocrx_word' id='word_1_333' title='bbox 521 2377 650 2430; x_wconf 90' lang='lat' dir='ltr'><strong>nihil</strong></span> <span class='ocrx_word' id='word_1_334' title='bbox 682 2393 809 2432; x_wconf 85' lang='lat' dir='ltr'><strong>sane</strong></span> <span class='ocrx_word' id='word_1_335' title='bbox 840 2379 892 2432; x_wconf 91' lang='lat' dir='ltr'><strong>in</strong></span> <span class='ocrx_word' id='word_1_336' title='bbox 919 2379 1071 2432; x_wconf 89' lang='lat' dir='ltr'><strong>nobis</strong></span> <span class='ocrx_word' id='word_1_337' title='bbox 1099 2380 1365 2446; x_wconf 89' lang='lat' dir='ltr'><strong>impurum</strong></span> <span class='ocrx_word' id='word_1_338' title='bbox 1409 2379 1687 2432; x_wconf 89' lang='lat' dir='ltr'><strong>habemus.</strong></span> <span class='ocrx_word' id='word_1_339' title='bbox 1732 2376 1882 2430; x_wconf 92' lang='lat' dir='ltr'><strong>Tunc</strong></span> <span class='ocrx_word' id='word_1_340' title='bbox 1921 2375 2063 2430; x_wconf 86' lang='lat' dir='ltr'><strong>enim</strong></span> 
     </span>
    </p>
   </div>
   <div class='ocr_carea' id='block_1_45' title="bbox 2174 2375 3736 2449">
    <p class='ocr_par' dir='ltr' id='par_1_45' title="bbox 2174 2377 3736 2449">
     <span class='ocr_line' id='line_1_45' title="bbox 2174 2377 3736 2449; baseline -0.003 -18"><span class='ocrx_word' id='word_1_341' title='bbox 2174 2379 2286 2448; x_wconf 63' lang='grc' dir='ltr'>ρας,</span> <span class='ocrx_word' id='word_1_342' title='bbox 2319 2380 2432 2442; x_wconf 87' lang='grc' dir='ltr'><strong>πῶς</strong></span> <span class='ocrx_word' id='word_1_343' title='bbox 2466 2381 2690 2449; x_wconf 77' lang='grc' dir='ltr'>ἠδύνατο</span> <span class='ocrx_word' id='word_1_344' title='bbox 2719 2383 2781 2431; x_wconf 84' lang='grc' dir='ltr'>ὲκ</span> <span class='ocrx_word' id='word_1_345' title='bbox 2810 2379 3050 2448; x_wconf 72' lang='grc' dir='ltr'>καθαρᾶς</span> <span class='ocrx_word' id='word_1_346' title='bbox 3075 2380 3350 2448; x_wconf 84' lang='grc' dir='ltr'>δυνάμεως</span> <span class='ocrx_word' id='word_1_347' title='bbox 3376 2379 3532 2449; x_wconf 75' lang='grc' dir='ltr'>ἔργον</span> <span class='ocrx_word' id='word_1_348' title='bbox 3559 2394 3612 2429; x_wconf 83' lang='grc' dir='ltr'><strong>τι</strong></span> <span class='ocrx_word' id='word_1_349' title='bbox 3642 2377 3736 2444; x_wconf 88' lang='grc' dir='ltr'>γί-</span> 
     </span>
    </p>
   </div>
   <div class='ocr_carea' id='block_1_46' title="bbox 520 2467 2068 2542">
    <p class='ocr_par' dir='ltr' id='par_1_46' title="bbox 520 2467 2064 2538">
     <span class='ocr_line' id='line_1_46' title="bbox 520 2467 2064 2538; baseline -0.001 -18"><span class='ocrx_word' id='word_1_350' title='bbox 520 2467 694 2521; x_wconf 87' lang='lat' dir='ltr'><strong>solum</strong></span> <span class='ocrx_word' id='word_1_351' title='bbox 725 2469 1086 2536; x_wconf 89' lang='lat' dir='ltr'><strong>inquinamur,</strong></span> <span class='ocrx_word' id='word_1_352' title='bbox 1131 2483 1251 2523; x_wconf 90' lang='lat' dir='ltr'><strong>cum</strong></span> <span class='ocrx_word' id='word_1_353' title='bbox 1283 2470 1498 2538; x_wconf 79' lang='lat' dir='ltr'><strong>pessimi</strong></span> <span class='ocrx_word' id='word_1_354' title='bbox 1530 2469 1713 2522; x_wconf 86' lang='lat' dir='ltr'><strong>odoris</strong></span> <span class='ocrx_word' id='word_1_355' title='bbox 1741 2483 1874 2536; x_wconf 88' lang='lat' dir='ltr'><strong>opus</strong></span> <span class='ocrx_word' id='word_1_356' title='bbox 1896 2505 1908 2526; x_wconf 83' lang='lat'><strong>.</strong></span> <span class='ocrx_word' id='word_1_357' title='bbox 1942 2482 2064 2535; x_wconf 88' lang='lat' dir='ltr'><strong>pec-</strong></span> 
     </span>
    </p>
   </div>
   <div class='ocr_carea' id='block_1_47' title="bbox 2174 2467 3739 2542">
    <p class='ocr_par' dir='ltr' id='par_1_47' title="bbox 2174 2470 3739 2542">
     <span class='ocr_line' id='line_1_47' title="bbox 2174 2470 3739 2542; baseline -0.003 -16"><span class='ocrx_word' id='word_1_358' title='bbox 2174 2473 2345 2527; x_wconf 68' lang='grc' dir='ltr'>νεσθαι</span> <span class='ocrx_word' id='word_1_359' title='bbox 2377 2472 2811 2542; x_wconf 72' lang='grc' dir='ltr'>μεμολυσμένονς</span> <span class='ocrx_word' id='word_1_360' title='bbox 2842 2472 2948 2522; x_wconf 69' lang='grc' dir='ltr'>Καὶ</span> <span class='ocrx_word' id='word_1_361' title='bbox 2982 2473 3028 2522; x_wconf 86' lang='grc' dir='ltr'><strong>εί</strong></span> <span class='ocrx_word' id='word_1_362' title='bbox 3066 2471 3218 2538; x_wconf 85' lang='grc' dir='ltr'>γένος</span> <span class='ocrx_word' id='word_1_363' title='bbox 3259 2471 3351 2523; x_wconf 83' lang='grc' dir='ltr'>τοῦ</span> <span class='ocrx_word' id='word_1_364' title='bbox 3380 2470 3513 2523; x_wconf 73' lang='grc' dir='ltr'>Θεοῦ</span> <span class='ocrx_word' id='word_1_365' title='bbox 3548 2471 3739 2539; x_wconf 83' lang='grc' dir='ltr'>ὑπάρ-</span> 
     </span>
    </p>
   </div>
   <div class='ocr_carea' id='block_1_48' title="bbox 520 2554 2068 2633">
    <p class='ocr_par' dir='ltr' id='par_1_48' title="bbox 520 2554 2067 2624">
     <span class='ocr_line' id='line_1_48' title="bbox 520 2554 2067 2624; baseline 0.002 -21"><span class='ocrx_word' id='word_1_366' title='bbox 520 2559 698 2604; x_wconf 86' lang='lat' dir='ltr'><strong>catum</strong></span> <span class='ocrx_word' id='word_1_367' title='bbox 731 2554 968 2616; x_wconf 83' lang='lat' dir='ltr'><strong>scilicet,</strong></span> <span class='ocrx_word' id='word_1_368' title='bbox 1004 2569 1308 2622; x_wconf 88' lang='lat' dir='ltr'><strong>operamur.</strong></span> <span class='ocrx_word' id='word_1_369' title='bbox 1344 2555 1410 2608; x_wconf 88' lang='lat' dir='ltr'><strong>At</strong></span> <span class='ocrx_word' id='word_1_370' title='bbox 1443 2570 1564 2609; x_wconf 92' lang='lat' dir='ltr'><strong>cum</strong></span> <span class='ocrx_word' id='word_1_371' title='bbox 1599 2565 1785 2624; x_wconf 68' lang='lat' dir='ltr'><strong>praeter</strong></span> <span class='ocrx_word' id='word_1_372' title='bbox 1824 2554 2067 2608; x_wconf 86' lang='lat' dir='ltr'><strong>volunta-</strong></span> 
     </span>
    </p>
   </div>
   <div class='ocr_carea' id='block_1_49' title="bbox 2174 2554 3737 2633">
    <p class='ocr_par' dir='ltr' id='par_1_49' title="bbox 2174 2561 3737 2633">
     <span class='ocr_line' id='line_1_49' title="bbox 2174 2561 3737 2633; baseline 0 -18"><span class='ocrx_word' id='word_1_373' title='bbox 2174 2581 2327 2633; x_wconf 70' lang='grc' dir='ltr'>χομεν</span> <span class='ocrx_word' id='word_1_374' title='bbox 2358 2563 2493 2615; x_wconf 77' lang='grc' dir='ltr'>κατὰ</span> <span class='ocrx_word' id='word_1_375' title='bbox 2520 2562 2616 2624; x_wconf 71' lang='grc' dir='ltr'>τὰς</span> <span class='ocrx_word' id='word_1_376' title='bbox 2643 2561 2790 2624; x_wconf 81' lang='grc' dir='ltr'>θείας</span> <span class='ocrx_word' id='word_1_377' title='bbox 2811 2561 2919 2613; x_wconf 90' lang='grc' dir='ltr'><strong>τῶν</strong></span> <span class='ocrx_word' id='word_1_378' title='bbox 2948 2562 3256 2615; x_wconf 84' lang='grc' dir='ltr'>ἀποστόλων</span> <span class='ocrx_word' id='word_1_379' title='bbox 3283 2561 3533 2631; x_wconf 81' lang='grc' dir='ltr'>Πράξεις,</span> <span class='ocrx_word' id='word_1_380' title='bbox 3574 2563 3737 2615; x_wconf 61' lang='grc' dir='ltr'>οὐδὲν</span> 
     </span>
    </p>
   </div>
   <div class='ocr_carea' id='block_1_50' title="bbox 521 2638 2068 2723">
    <p class='ocr_par' dir='ltr' id='par_1_50' title="bbox 521 2638 2060 2708">
     <span class='ocr_line' id='line_1_50' title="bbox 521 2638 2060 2708; baseline 0.005 -21"><span class='ocrx_word' id='word_1_381' title='bbox 521 2645 627 2687; x_wconf 92' lang='lat' dir='ltr'><strong>tem</strong></span> <span class='ocrx_word' id='word_1_382' title='bbox 689 2638 930 2692; x_wconf 82' lang='lat' dir='ltr'><strong>naturale</strong></span> <span class='ocrx_word' id='word_1_383' title='bbox 975 2642 1260 2708; x_wconf 88' lang='lat' dir='ltr'><strong>quodpiam</strong></span> <span class='ocrx_word' id='word_1_384' title='bbox 1318 2651 1713 2696; x_wconf 81' lang='lat' dir='ltr'><strong>excrementum</strong></span> <span class='ocrx_word' id='word_1_385' title='bbox 1781 2643 2060 2704; x_wconf 87' lang='lat' dir='ltr'><strong>emittitur,</strong></span> 
     </span>
    </p>
   </div>
   <div class='ocr_carea' id='block_1_51' title="bbox 2174 2638 3736 2723">
    <p class='ocr_par' dir='ltr' id='par_1_51' title="bbox 2174 2652 3736 2723">
     <span class='ocr_line' id='line_1_51' title="bbox 2174 2652 3736 2723; baseline 0 -17"><span class='ocrx_word' id='word_1_386' title='bbox 2174 2655 2355 2723; x_wconf 75' lang='grc' dir='ltr'>ἔχομεν</span> <span class='ocrx_word' id='word_1_387' title='bbox 2385 2654 2441 2704; x_wconf 83' lang='grc' dir='ltr'>ὲν</span> <span class='ocrx_word' id='word_1_388' title='bbox 2473 2655 2678 2714; x_wconf 79' lang='grc' dir='ltr'>ἑαυτοῖς</span> <span class='ocrx_word' id='word_1_389' title='bbox 2709 2653 3032 2721; x_wconf 83' lang='grc' dir='ltr'>ἀκάθαρτον.</span> <span class='ocrx_word' id='word_1_390' title='bbox 3064 2652 3192 2704; x_wconf 85' lang='grc' dir='ltr'>Τότε</span> <span class='ocrx_word' id='word_1_391' title='bbox 3230 2652 3335 2721; x_wconf 85' lang='grc' dir='ltr'><strong>γὰρ</strong></span> <span class='ocrx_word' id='word_1_392' title='bbox 3369 2653 3526 2720; x_wconf 86' lang='grc' dir='ltr'>μόνον</span> <span class='ocrx_word' id='word_1_393' title='bbox 3557 2670 3736 2723; x_wconf 85' lang='grc' dir='ltr'>μεμο-</span> 
     </span>
    </p>
   </div>
   <div class='ocr_carea' id='block_1_52' title="bbox 521 2730 2068 2813">
    <p class='ocr_par' dir='ltr' id='par_1_52' title="bbox 521 2730 2067 2800">
     <span class='ocr_line' id='line_1_52' title="bbox 521 2730 2067 2800; baseline 0.008 -26"><span class='ocrx_word' id='word_1_394' title='bbox 521 2730 650 2777; x_wconf 89' lang='lat' dir='ltr'><strong>tunc</strong></span> <span class='ocrx_word' id='word_1_395' title='bbox 694 2734 900 2780; x_wconf 62' lang='lat' dir='ltr'><strong>natura:</strong></span> <span class='ocrx_word' id='word_1_396' title='bbox 941 2730 1294 2792; x_wconf 85' lang='lat' dir='ltr'><strong>necessitate,</strong></span> <span class='ocrx_word' id='word_1_397' title='bbox 1343 2741 1401 2784; x_wconf 92' lang='lat' dir='ltr'><strong>ut</strong></span> <span class='ocrx_word' id='word_1_398' title='bbox 1441 2747 1600 2800; x_wconf 87' lang='lat' dir='ltr'><strong>supra</strong></span> <span class='ocrx_word' id='word_1_399' title='bbox 1651 2733 1854 2786; x_wconf 84' lang='lat' dir='ltr'><strong>diximu</strong></span> <span class='ocrx_word' id='word_1_400' title='bbox 1903 2772 1916 2795; x_wconf 91' lang='lat'><strong>,</strong></span> <span class='ocrx_word' id='word_1_401' title='bbox 1956 2732 2067 2786; x_wconf 66' lang='grc' dir='ltr'>ιιωο</span> 
     </span>
    </p>
   </div>
   <div class='ocr_carea' id='block_1_53' title="bbox 2174 2730 3748 2813">
    <p class='ocr_par' dir='ltr' id='par_1_53' title="bbox 2174 2743 3748 2813">
     <span class='ocr_line' id='line_1_53' title="bbox 2174 2743 3748 2813; baseline -0.001 -15"><span class='ocrx_word' id='word_1_402' title='bbox 2174 2746 2424 2813; x_wconf 69' lang='grc' dir='ltr'>λύσμεθα,</span> <span class='ocrx_word' id='word_1_403' title='bbox 2455 2746 2539 2796; x_wconf 83' lang='grc' dir='ltr'><strong>ὅτε</strong></span> <span class='ocrx_word' id='word_1_404' title='bbox 2565 2744 2661 2812; x_wconf 81' lang='grc' dir='ltr'>τὴν</span> <span class='ocrx_word' id='word_1_405' title='bbox 2687 2744 3088 2812; x_wconf 78' lang='grc' dir='ltr'>δυσωδεστάτην</span> <span class='ocrx_word' id='word_1_406' title='bbox 3122 2743 3391 2812; x_wconf 76' lang='grc' dir='ltr'>ἁμαρτίαν</span> <span class='ocrx_word' id='word_1_407' title='bbox 3421 2744 3748 2813; x_wconf 73' lang='grc' dir='ltr'>ἐργαζόμεσ·</span> 
     </span>
    </p>
   </div>
   <div class='ocr_carea' id='block_1_54' title="bbox 520 2817 2068 2903">
    <p class='ocr_par' dir='ltr' id='par_1_54' title="bbox 520 2817 2066 2890">
     <span class='ocr_line' id='line_1_54' title="bbox 520 2817 2066 2890; baseline 0.005 -24"><span class='ocrx_word' id='word_1_408' title='bbox 520 2829 642 2867; x_wconf 87' lang='lat' dir='ltr'><strong>cum</strong></span> <span class='ocrx_word' id='word_1_409' title='bbox 676 2817 879 2871; x_wconf 71' lang='lat' dir='ltr'><strong>creteris</strong></span> <span class='ocrx_word' id='word_1_410' title='bbox 928 2818 1237 2873; x_wconf 86' lang='lat' dir='ltr'><strong>toleramus.</strong></span> <span class='ocrx_word' id='word_1_411' title='bbox 1296 2819 1398 2874; x_wconf 88' lang='lat' dir='ltr'><strong>Sed</strong></span> <span class='ocrx_word' id='word_1_412' title='bbox 1433 2823 1554 2889; x_wconf 88' lang='lat' dir='ltr'><strong>quia</strong></span> <span class='ocrx_word' id='word_1_413' title='bbox 1601 2823 1665 2885; x_wconf 88' lang='lat' dir='ltr'><strong>ii,</strong></span> <span class='ocrx_word' id='word_1_414' title='bbox 1713 2823 1909 2890; x_wconf 90' lang='lat' dir='ltr'><strong>quibus</strong></span> <span class='ocrx_word' id='word_1_415' title='bbox 1958 2835 2066 2873; x_wconf 88' lang='lat' dir='ltr'><strong>una</strong></span> 
     </span>
    </p>
   </div>
   <div class='ocr_carea' id='block_1_55' title="bbox 2174 2817 3738 2903">
    <p class='ocr_par' dir='ltr' id='par_1_55' title="bbox 2174 2832 3738 2903">
     <span class='ocr_line' id='line_1_55' title="bbox 2174 2832 3738 2903; baseline 0 -17"><span class='ocrx_word' id='word_1_416' title='bbox 2174 2835 2249 2886; x_wconf 74' lang='lat' dir='ltr'><strong>5st.</strong></span> <span class='ocrx_word' id='word_1_417' title='bbox 2290 2835 2415 2885; x_wconf 85' lang='grc' dir='ltr'>Ὅτε</span> <span class='ocrx_word' id='word_1_418' title='bbox 2447 2834 2501 2885; x_wconf 76' lang='grc' dir='ltr'>δὲ</span> <span class='ocrx_word' id='word_1_419' title='bbox 2529 2834 2727 2903; x_wconf 83' lang='grc' dir='ltr'>φυσική</span> <span class='ocrx_word' id='word_1_420' title='bbox 2760 2849 2842 2895; x_wconf 88' lang='grc' dir='ltr'><strong>τις</strong></span> <span class='ocrx_word' id='word_1_421' title='bbox 2877 2832 3118 2900; x_wconf 74' lang='grc' dir='ltr'>ἔκκρισις</span> <span class='ocrx_word' id='word_1_422' title='bbox 3165 2832 3472 2902; x_wconf 74' lang='grc' dir='ltr'>ἀϐουλήτως</span> <span class='ocrx_word' id='word_1_423' title='bbox 3644 2835 3738 2900; x_wconf 85' lang='grc' dir='ltr'>γί-</span> 
     </span>
    </p>
   </div>
   <div class='ocr_carea' id='block_1_56' title="bbox 522 2904 2068 2992">
    <p class='ocr_par' dir='ltr' id='par_1_56' title="bbox 522 2904 2065 2978">
     <span class='ocr_line' id='line_1_56' title="bbox 522 2904 2065 2978; baseline 0.005 -23"><span class='ocrx_word' id='word_1_424' title='bbox 522 2904 687 2970; x_wconf 90' lang='lat' dir='ltr'><strong>probe</strong></span> <span class='ocrx_word' id='word_1_425' title='bbox 735 2906 912 2969; x_wconf 88' lang='lat' dir='ltr'><strong>dictis,</strong></span> <span class='ocrx_word' id='word_1_426' title='bbox 945 2906 1053 2960; x_wconf 93' lang='lat' dir='ltr'><strong>imo</strong></span> <span class='ocrx_word' id='word_1_427' title='bbox 1097 2922 1127 2960; x_wconf 86' lang='lat' dir='ltr'><strong>a</strong></span> <span class='ocrx_word' id='word_1_428' title='bbox 1175 2907 1283 2963; x_wconf 91' lang='lat' dir='ltr'><strong>Deo</strong></span> <span class='ocrx_word' id='word_1_429' title='bbox 1328 2911 1491 2978; x_wconf 79' lang='lat' dir='ltr'><strong>gestis</strong></span> <span class='ocrx_word' id='word_1_430' title='bbox 1539 2911 1699 2964; x_wconf 84' lang='lat' dir='ltr'><strong>rebus</strong></span> <span class='ocrx_word' id='word_1_431' title='bbox 1734 2909 2065 2978; x_wconf 77' lang='lat' dir='ltr'><strong>repugnandi</strong></span> 
     </span>
    </p>
   </div>
   <div class='ocr_carea' id='block_1_57' title="bbox 2174 2904 3735 2992">
    <p class='ocr_par' dir='ltr' id='par_1_57' title="bbox 2174 2920 3735 2992">
     <span class='ocr_line' id='line_1_57' title="bbox 2174 2920 3735 2992; baseline 0.002 -19"><span class='ocrx_word' id='word_1_432' title='bbox 2174 2937 2311 2973; x_wconf 76' lang='grc' dir='ltr'>νεται</span> <span class='ocrx_word' id='word_1_433' title='bbox 2330 2961 2342 2981; x_wconf 93' lang='grc'><strong>,</strong></span> <span class='ocrx_word' id='word_1_434' title='bbox 2375 2922 2494 2972; x_wconf 87' lang='grc' dir='ltr'>τότε</span> <span class='ocrx_word' id='word_1_435' title='bbox 2525 2923 2588 2991; x_wconf 80' lang='grc' dir='ltr'>τῇ</span> <span class='ocrx_word' id='word_1_436' title='bbox 2617 2922 2713 2990; x_wconf 79' lang='grc' dir='ltr'>τῆς</span> <span class='ocrx_word' id='word_1_437' title='bbox 2746 2921 2958 2989; x_wconf 86' lang='grc' dir='ltr'>φύσεως</span> <span class='ocrx_word' id='word_1_438' title='bbox 2995 2920 3206 2992; x_wconf 81' lang='grc' dir='ltr'>ἀνάγκῃ</span> <span class='ocrx_word' id='word_1_439' title='bbox 3240 2921 3374 2989; x_wconf 76' lang='grc' dir='ltr'>μετὰ</span> <span class='ocrx_word' id='word_1_440' title='bbox 3400 2920 3506 2973; x_wconf 87' lang='grc' dir='ltr'><strong>τῶν</strong></span> <span class='ocrx_word' id='word_1_441' title='bbox 3530 2922 3735 2988; x_wconf 73' lang='grc' dir='ltr'>ἄλλων,</span> 
     </span>
    </p>
   </div>
   <div class='ocr_carea' id='block_1_58' title="bbox 525 2993 2068 3083">
    <p class='ocr_par' dir='ltr' id='par_1_58' title="bbox 525 2993 2063 3069">
     <span class='ocr_line' id='line_1_58' title="bbox 525 2993 2063 3069; baseline 0.005 -23"><span class='ocrx_word' id='word_1_442' title='bbox 525 2993 663 3047; x_wconf 90' lang='lat' dir='ltr'><strong>inest</strong></span> <span class='ocrx_word' id='word_1_443' title='bbox 690 3010 851 3061; x_wconf 88' lang='lat' dir='ltr'><strong>cura,</strong></span> <span class='ocrx_word' id='word_1_444' title='bbox 887 2998 1085 3054; x_wconf 84' lang='lat' dir='ltr'><strong>dictum</strong></span> <span class='ocrx_word' id='word_1_445' title='bbox 1132 3000 1258 3052; x_wconf 91' lang='lat' dir='ltr'><strong>illud</strong></span> <span class='ocrx_word' id='word_1_446' title='bbox 1300 3001 1660 3069; x_wconf 87' lang='lat' dir='ltr'><strong>evangelicum</strong></span> <span class='ocrx_word' id='word_1_447' title='bbox 1698 3003 2014 3067; x_wconf 88' lang='lat' dir='ltr'><strong>detorquent</strong></span> <span class='ocrx_word' id='word_1_448' title='bbox 2052 3019 2063 3054; x_wconf 92' lang='lat'>:</span> 
     </span>
    </p>
   </div>
   <div class='ocr_carea' id='block_1_59' title="bbox 2174 2993 3742 3083">
    <p class='ocr_par' dir='ltr' id='par_1_59' title="bbox 2174 3010 3742 3083">
     <span class='ocr_line' id='line_1_59' title="bbox 2174 3010 3742 3083; baseline 0.001 -21"><span class='ocrx_word' id='word_1_449' title='bbox 2174 3010 2240 3071; x_wconf 79' lang='grc' dir='ltr'>ὡς</span> <span class='ocrx_word' id='word_1_450' title='bbox 2265 3010 2589 3079; x_wconf 80' lang='grc' dir='ltr'>προείπομεν</span> <span class='ocrx_word' id='word_1_451' title='bbox 2607 3050 2621 3072; x_wconf 93' lang='grc'><strong>,</strong></span> <span class='ocrx_word' id='word_1_452' title='bbox 2663 3013 2755 3064; x_wconf 83' lang='grc' dir='ltr'><strong>καὶ</strong></span> <span class='ocrx_word' id='word_1_453' title='bbox 2782 3011 2939 3064; x_wconf 78' lang='grc' dir='ltr'>τοῦτο</span> <span class='ocrx_word' id='word_1_454' title='bbox 2963 3011 3321 3079; x_wconf 80' lang='grc' dir='ltr'>ὑπομένομεν.</span> <span class='ocrx_word' id='word_1_455' title='bbox 3360 3011 3494 3062; x_wconf 83' lang='grc' dir='ltr'>Ἀλλ’</span> <span class='ocrx_word' id='word_1_456' title='bbox 3517 3013 3742 3083; x_wconf 76' lang='grc' dir='ltr'>ἐπειδή-</span> 
     </span>
    </p>
   </div>
   <div class='ocr_carea' id='block_1_60' title="bbox 521 3078 2068 3172">
    <p class='ocr_par' dir='ltr' id='par_1_60' title="bbox 521 3078 2068 3156">
     <span class='ocr_line' id='line_1_60' title="bbox 521 3078 2068 3156; baseline 0.005 -24"><span class='ocrx_word' id='word_1_457' title='bbox 521 3078 638 3136; x_wconf 79' lang='lat' dir='ltr'><strong>Non</strong></span> <span class='ocrx_word' id='word_1_458' title='bbox 670 3097 788 3150; x_wconf 75' lang='lat' dir='ltr'><strong>qua:</strong></span> <span class='ocrx_word' id='word_1_459' title='bbox 819 3084 1203 3154; x_wconf 84' lang='lat' dir='ltr'><strong>ingrediuntur,</strong></span> <span class='ocrx_word' id='word_1_460' title='bbox 1248 3089 1339 3140; x_wconf 88' lang='lat' dir='ltr'><strong>sed</strong></span> <span class='ocrx_word' id='word_1_461' title='bbox 1387 3104 1506 3156; x_wconf 79' lang='lat' dir='ltr'><strong>qme</strong></span> <span class='ocrx_word' id='word_1_462' title='bbox 1546 3089 1890 3153; x_wconf 88' lang='lat' dir='ltr'><strong>egrediuntur</strong></span> <span class='ocrx_word' id='word_1_463' title='bbox 1921 3089 2068 3143; x_wconf 77' lang='lat' dir='ltr'><strong>co‘in—</strong></span> 
     </span>
    </p>
   </div>
   <div class='ocr_carea' id='block_1_61' title="bbox 2174 3078 3740 3172">
    <p class='ocr_par' dir='ltr' id='par_1_61' title="bbox 2174 3078 3740 3172">
     <span class='ocr_line' id='line_1_61' title="bbox 2174 3078 3740 3172; baseline 0.003 -22"><span class='ocrx_word' id='word_1_464' title='bbox 2174 3116 2271 3169; x_wconf 90' lang='grc' dir='ltr'><strong>περ</strong></span> <span class='ocrx_word' id='word_1_465' title='bbox 2305 3078 2352 3151; x_wconf 85' lang='grc' dir='ltr'><strong>οἱ</strong></span> <span class='ocrx_word' id='word_1_466' title='bbox 2386 3098 2627 3162; x_wconf 86' lang='grc' dir='ltr'>Θέλοντες</span> <span class='ocrx_word' id='word_1_467' title='bbox 2659 3101 2813 3169; x_wconf 90' lang='grc' dir='ltr'>μόνον</span> <span class='ocrx_word' id='word_1_468' title='bbox 2843 3078 3137 3166; x_wconf 75' lang='grc' dir='ltr'>ἀντιλέγειν</span> <span class='ocrx_word' id='word_1_469' title='bbox 3167 3078 3276 3163; x_wconf 79' lang='grc' dir='ltr'>τοῖς</span> <span class='ocrx_word' id='word_1_470' title='bbox 3307 3102 3478 3170; x_wconf 81' lang='grc' dir='ltr'>ὀρθῶς</span> <span class='ocrx_word' id='word_1_471' title='bbox 3503 3078 3740 3172; x_wconf 82' lang='grc' dir='ltr'>λεγομέ-</span> 
     </span>
    </p>
   </div>
   <div class='ocr_carea' id='block_1_62' title="bbox 521 3172 2068 3260">
    <p class='ocr_par' dir='ltr' id='par_1_62' title="bbox 521 3172 2068 3244">
     <span class='ocr_line' id='line_1_62' title="bbox 521 3172 2068 3244; baseline 0.005 -19"><span class='ocrx_word' id='word_1_472' title='bbox 521 3172 748 3241; x_wconf 83' lang='lat' dir='ltr'><strong>quinam</strong></span> <span class='ocrx_word' id='word_1_473' title='bbox 799 3176 1068 3230; x_wconf 88' lang='lat' dir='ltr'><strong>hominem</strong></span> <span class='ocrx_word' id='word_1_474' title='bbox 1111 3185 1167 3244; x_wconf 85' lang='grc'><strong>³;</strong></span> <span class='ocrx_word' id='word_1_475' title='bbox 1222 3179 1358 3232; x_wconf 90' lang='lat' dir='ltr'><strong>hanc</strong></span> <span class='ocrx_word' id='word_1_476' title='bbox 1413 3195 1598 3234; x_wconf 87' lang='lat' dir='ltr'><strong>eorum</strong></span> <span class='ocrx_word' id='word_1_477' title='bbox 1655 3180 1950 3242; x_wconf 90' lang='lat' dir='ltr'><strong>insaniam,</strong></span> <span class='ocrx_word' id='word_1_478' title='bbox 2002 3195 2068 3233; x_wconf 90' lang='lat' dir='ltr'><strong>ne</strong></span> 
     </span>
    </p>
   </div>
   <div class='ocr_carea' id='block_1_63' title="bbox 2174 3172 3739 3260">
    <p class='ocr_par' dir='ltr' id='par_1_63' title="bbox 2174 3189 3739 3260">
     <span class='ocr_line' id='line_1_63' title="bbox 2174 3189 3739 3260; baseline 0.001 -18"><span class='ocrx_word' id='word_1_479' title='bbox 2174 3207 2274 3251; x_wconf 81' lang='grc' dir='ltr'>νοις</span> <span class='ocrx_word' id='word_1_480' title='bbox 2299 3227 2314 3252; x_wconf 95' lang='grc'><strong>,</strong></span> <span class='ocrx_word' id='word_1_481' title='bbox 2353 3190 2547 3258; x_wconf 85' lang='grc' dir='ltr'>μᾶλλον</span> <span class='ocrx_word' id='word_1_482' title='bbox 2577 3190 2633 3241; x_wconf 85' lang='grc' dir='ltr'>δὲ</span> <span class='ocrx_word' id='word_1_483' title='bbox 2667 3189 2814 3258; x_wconf 74' lang='grc' dir='ltr'>παρὰ</span> <span class='ocrx_word' id='word_1_484' title='bbox 2857 3190 2989 3242; x_wconf 79' lang='grc' dir='ltr'>Θεοῦ</span> <span class='ocrx_word' id='word_1_485' title='bbox 3023 3191 3431 3259; x_wconf 84' lang='grc' dir='ltr'>πεποιημένοις,</span> <span class='ocrx_word' id='word_1_486' title='bbox 3483 3191 3739 3260; x_wconf 80' lang='grc' dir='ltr'>παραφέ-</span> 
     </span>
    </p>
   </div>
   <div class='ocr_carea' id='block_1_64' title="bbox 522 3262 2068 3351">
    <p class='ocr_par' dir='ltr' id='par_1_64' title="bbox 522 3262 2064 3332">
     <span class='ocr_line' id='line_1_64' title="bbox 522 3262 2064 3332; baseline 0.003 -16"><span class='ocrx_word' id='word_1_487' title='bbox 522 3262 695 3316; x_wconf 82' lang='lat' dir='ltr'><strong>dicam</strong></span> <span class='ocrx_word' id='word_1_488' title='bbox 763 3266 1152 3332; x_wconf 71' lang='lat' dir='ltr'><strong>quaestionem,</strong></span> <span class='ocrx_word' id='word_1_489' title='bbox 1206 3268 1562 3320; x_wconf 79' lang='lat' dir='ltr'><strong>confutemus.</strong></span> <span class='ocrx_word' id='word_1_490' title='bbox 1630 3267 1867 3320; x_wconf 86' lang='lat' dir='ltr'><strong>Primum</strong></span> <span class='ocrx_word' id='word_1_491' title='bbox 1923 3270 2064 3321; x_wconf 89' lang='lat' dir='ltr'><strong>enim</strong></span> 
     </span>
    </p>
   </div>
   <div class='ocr_carea' id='block_1_65' title="bbox 2174 3262 3738 3351">
    <p class='ocr_par' dir='ltr' id='par_1_65' title="bbox 2174 3279 3738 3351">
     <span class='ocr_line' id='line_1_65' title="bbox 2174 3279 3738 3351; baseline 0.001 -21"><span class='ocrx_word' id='word_1_492' title='bbox 2174 3295 2318 3349; x_wconf 87' lang='grc' dir='ltr'>ρουσι</span> <span class='ocrx_word' id='word_1_493' title='bbox 2348 3280 2440 3329; x_wconf 76' lang='grc' dir='ltr'><strong>καὶ</strong></span> <span class='ocrx_word' id='word_1_494' title='bbox 2590 3280 2748 3347; x_wconf 77' lang='grc' dir='ltr'>ῥητὸν</span> <span class='ocrx_word' id='word_1_495' title='bbox 2773 3279 3118 3344; x_wconf 74' lang='grc' dir='ltr'>εὐαγγελικόν</span> <span class='ocrx_word' id='word_1_496' title='bbox 3143 3297 3152 3308; x_wconf 89' lang='grc'>·</span> <span class='ocrx_word' id='word_1_497' title='bbox 3173 3280 3246 3340; x_wconf 85' lang='grc' dir='ltr'><strong>ὡς</strong></span> <span class='ocrx_word' id='word_1_498' title='bbox 3263 3281 3342 3331; x_wconf 81' lang='grc' dir='ltr'><strong>ὅτι</strong></span> <span class='ocrx_word' id='word_1_499' title='bbox 3360 3280 3432 3331; x_wconf 76' lang='grc' dir='ltr'><strong>Οὐ</strong></span> <span class='ocrx_word' id='word_1_500' title='bbox 3462 3279 3528 3330; x_wconf 80' lang='grc' dir='ltr'><strong>τὰ</strong></span> <span class='ocrx_word' id='word_1_501' title='bbox 3551 3281 3738 3351; x_wconf 73' lang='grc' dir='ltr'>εἰσερ-</span> 
     </span>
    </p>
   </div>
   <div class='ocr_carea' id='block_1_66' title="bbox 526 3351 2068 3446">
    <p class='ocr_par' dir='ltr' id='par_1_66' title="bbox 526 3351 2066 3424">
     <span class='ocr_line' id='line_1_66' title="bbox 526 3351 2066 3424; baseline 0.003 -18"><span class='ocrx_word' id='word_1_502' title='bbox 526 3351 830 3421; x_wconf 87' lang='lat' dir='ltr'><strong>Scripturas</strong></span> <span class='ocrx_word' id='word_1_503' title='bbox 857 3370 952 3422; x_wconf 89' lang='lat' dir='ltr'><strong>pro</strong></span> <span class='ocrx_word' id='word_1_504' title='bbox 994 3371 1088 3410; x_wconf 86' lang='lat' dir='ltr'><strong>sua</strong></span> <span class='ocrx_word' id='word_1_505' title='bbox 1137 3357 1463 3424; x_wconf 85' lang='lat' dir='ltr'><strong>ignorantia.</strong></span> <span class='ocrx_word' id='word_1_506' title='bbox 1513 3358 1787 3411; x_wconf 86' lang='lat' dir='ltr'><strong>instabiles</strong></span> <span class='ocrx_word' id='word_1_507' title='bbox 1815 3373 1943 3411; x_wconf 86' lang='lat' dir='ltr'><strong>sane</strong></span> <span class='ocrx_word' id='word_1_508' title='bbox 1973 3358 2066 3410; x_wconf 89' lang='lat' dir='ltr'><strong>ho-</strong></span> 
     </span>
    </p>
   </div>
   <div class='ocr_carea' id='block_1_67' title="bbox 2174 3351 3736 3446">
    <p class='ocr_par' dir='ltr' id='par_1_67' title="bbox 2174 3369 3736 3439">
     <span class='ocr_line' id='line_1_67' title="bbox 2174 3369 3736 3439; baseline 0.003 -19"><span class='ocrx_word' id='word_1_509' title='bbox 2174 3369 2367 3437; x_wconf 77' lang='grc' dir='ltr'>χόμενα</span> <span class='ocrx_word' id='word_1_510' title='bbox 2402 3372 2567 3422; x_wconf 86' lang='grc' dir='ltr'>κοινοῖ</span> <span class='ocrx_word' id='word_1_511' title='bbox 2607 3371 2694 3422; x_wconf 71' lang='grc' dir='ltr'>τὸν</span> <span class='ocrx_word' id='word_1_512' title='bbox 2723 3370 3001 3439; x_wconf 78' lang='grc' dir='ltr'>ἄνθρωπον</span> <span class='ocrx_word' id='word_1_513' title='bbox 3027 3411 3039 3435; x_wconf 91' lang='grc'><strong>,</strong></span> <span class='ocrx_word' id='word_1_514' title='bbox 3092 3370 3224 3422; x_wconf 84' lang='grc' dir='ltr'><strong>ἀλλά</strong></span> <span class='ocrx_word' id='word_1_515' title='bbox 3265 3370 3331 3422; x_wconf 79' lang='grc' dir='ltr'>τὰ</span> <span class='ocrx_word' id='word_1_516' title='bbox 3363 3371 3698 3439; x_wconf 76' lang='grc' dir='ltr'>ὲξερχόμενα</span> <span class='ocrx_word' id='word_1_517' title='bbox 3719 3389 3736 3403; x_wconf 77' lang='grc' dir='ltr'><strong>ο</strong></span> 
     </span>
    </p>
   </div>
   <div class='ocr_carea' id='block_1_68' title="bbox 2092 2083 2134 2135">
    <p class='ocr_par' dir='ltr' id='par_1_68' title="bbox 2092 2083 2134 2135">
     <span class='ocr_line' id='line_1_68' title="bbox 2092 2083 2134 2135; baseline 0 0"><span class='ocrx_word' id='word_1_518' title='bbox 2092 2083 2134 2135; x_wconf 75' lang='grc' dir='ltr'><strong>Β</strong></span> 
     </span>
    </p>
   </div>
   <div class='ocr_carea' id='block_1_69' title="bbox 526 3444 2066 3512">
    <p class='ocr_par' dir='ltr' id='par_1_69' title="bbox 526 3444 2066 3512">
     <span class='ocr_line' id='line_1_69' title="bbox 526 3444 2066 3512; baseline 0.005 -17"><span class='ocrx_word' id='word_1_519' title='bbox 526 3444 736 3506; x_wconf 87' lang='lat' dir='ltr'><strong>mines,</strong></span> <span class='ocrx_word' id='word_1_520' title='bbox 769 3445 1056 3512; x_wconf 86' lang='lat' dir='ltr'><strong>depravant</strong></span> <span class='ocrx_word' id='word_1_521' title='bbox 1092 3449 1129 3497; x_wconf 60' lang='grc' dir='ltr'>δ.</span> <span class='ocrx_word' id='word_1_522' title='bbox 1186 3446 1351 3500; x_wconf 84' lang='grc' dir='ltr'>Ροιϊυ</span> <span class='ocrx_word' id='word_1_523' title='bbox 1383 3448 1620 3499; x_wconf 86' lang='lat' dir='ltr'><strong>divinum</strong></span> <span class='ocrx_word' id='word_1_524' title='bbox 1671 3450 1945 3502; x_wconf 89' lang='lat' dir='ltr'><strong>oraculum</strong></span> <span class='ocrx_word' id='word_1_525' title='bbox 1989 3449 2066 3502; x_wconf 90' lang='lat' dir='ltr'><strong>sic</strong></span> 
     </span>
    </p>
   </div>
   <div class='ocr_carea' id='block_1_70' title="bbox 530 3531 2068 3604">
    <p class='ocr_par' dir='ltr' id='par_1_70' title="bbox 530 3531 2068 3604">
     <span class='ocr_line' id='line_1_70' title="bbox 530 3531 2068 3604; baseline 0.005 -22"><span class='ocrx_word' id='word_1_526' title='bbox 530 3531 686 3584; x_wconf 86' lang='lat' dir='ltr'><strong>habet</strong></span> <span class='ocrx_word' id='word_1_527' title='bbox 717 3551 728 3585; x_wconf 94' lang='lat'><strong>:</strong></span> <span class='ocrx_word' id='word_1_528' title='bbox 754 3547 874 3586; x_wconf 86' lang='lat' dir='ltr'><strong>cum</strong></span> <span class='ocrx_word' id='word_1_529' title='bbox 911 3535 1127 3601; x_wconf 87' lang='lat' dir='ltr'><strong>quidam</strong></span> <span class='ocrx_word' id='word_1_530' title='bbox 1162 3537 1302 3588; x_wconf 91' lang='lat' dir='ltr'><strong>enim</strong></span> <span class='ocrx_word' id='word_1_531' title='bbox 1333 3577 1346 3600; x_wconf 89' lang='lat'><strong>,</strong></span> <span class='ocrx_word' id='word_1_532' title='bbox 1376 3537 1826 3604; x_wconf 85' lang='lat' dir='ltr'><strong>quemadmodum</strong></span> <span class='ocrx_word' id='word_1_533' title='bbox 1863 3539 1968 3600; x_wconf 85' lang='lat' dir='ltr'><strong>isti,</strong></span> <span class='ocrx_word' id='word_1_534' title='bbox 2003 3539 2068 3591; x_wconf 89' lang='lat' dir='ltr'><strong>de</strong></span> 
     </span>
    </p>
   </div>
   <div class='ocr_carea' id='block_1_71' title="bbox 528 3620 2070 3691">
    <p class='ocr_par' dir='ltr' id='par_1_71' title="bbox 528 3620 2070 3691">
     <span class='ocr_line' id='line_1_71' title="bbox 528 3620 2070 3691; baseline 0.005 -19"><span class='ocrx_word' id='word_1_535' title='bbox 528 3620 661 3673; x_wconf 87' lang='lat' dir='ltr'><strong>cibis</strong></span> <span class='ocrx_word' id='word_1_536' title='bbox 708 3623 1036 3691; x_wconf 81' lang='lat' dir='ltr'><strong>ambigerem</strong></span> <span class='ocrx_word' id='word_1_537' title='bbox 1060 3663 1074 3686; x_wconf 91' lang='lat'><strong>,</strong></span> <span class='ocrx_word' id='word_1_538' title='bbox 1106 3624 1216 3691; x_wconf 87' lang='lat' dir='ltr'><strong>ipse</strong></span> <span class='ocrx_word' id='word_1_539' title='bbox 1242 3624 1500 3678; x_wconf 89' lang='lat' dir='ltr'><strong>Dominus</strong></span> <span class='ocrx_word' id='word_1_540' title='bbox 1531 3667 1545 3689; x_wconf 93' lang='lat'><strong>,</strong></span> <span class='ocrx_word' id='word_1_541' title='bbox 1577 3636 1634 3679; x_wconf 92' lang='lat' dir='ltr'><strong>ut</strong></span> <span class='ocrx_word' id='word_1_542' title='bbox 1663 3642 1845 3681; x_wconf 86' lang='lat' dir='ltr'><strong>eorum</strong></span> <span class='ocrx_word' id='word_1_543' title='bbox 1871 3629 2070 3681; x_wconf 76' lang='lat' dir='ltr'><strong>levaret</strong></span> 
     </span>
    </p>
   </div>
   <div class='ocr_carea' id='block_1_72' title="bbox 532 3706 2069 3784">
    <p class='ocr_par' dir='ltr' id='par_1_72' title="bbox 532 3706 2069 3784">
     <span class='ocr_line' id='line_1_72' title="bbox 532 3706 2069 3784; baseline 0.008 -26"><span class='ocrx_word' id='word_1_544' title='bbox 532 3706 882 3775; x_wconf 72' lang='lat' dir='ltr'><strong>ignorantiam</strong></span> <span class='ocrx_word' id='word_1_545' title='bbox 904 3751 918 3774; x_wconf 94' lang='lat'><strong>,</strong></span> <span class='ocrx_word' id='word_1_546' title='bbox 961 3711 1248 3779; x_wconf 89' lang='lat' dir='ltr'><strong>dolumque</strong></span> <span class='ocrx_word' id='word_1_547' title='bbox 1282 3715 1488 3767; x_wconf 88' lang='lat' dir='ltr'><strong>cunctis</strong></span> <span class='ocrx_word' id='word_1_548' title='bbox 1520 3725 1793 3784; x_wconf 80' lang='lat' dir='ltr'><strong>retegeret,</strong></span> <span class='ocrx_word' id='word_1_549' title='bbox 1828 3718 1922 3781; x_wconf 88' lang='lat' dir='ltr'><strong>ait,</strong></span> <span class='ocrx_word' id='word_1_550' title='bbox 1954 3716 2069 3771; x_wconf 88' lang='lat' dir='ltr'><strong>Non</strong></span> 
     </span>
    </p>
   </div>
   <div class='ocr_carea' id='block_1_73' title="bbox 527 3800 2070 3873">
    <p class='ocr_par' dir='ltr' id='par_1_73' title="bbox 527 3800 2070 3873">
     <span class='ocr_line' id='line_1_73' title="bbox 527 3800 2070 3873; baseline 0.006 -22"><span class='ocrx_word' id='word_1_551' title='bbox 527 3813 589 3851; x_wconf 90' lang='lat' dir='ltr'><strong>ea</strong></span> <span class='ocrx_word' id='word_1_552' title='bbox 638 3814 756 3866; x_wconf 72' lang='lat' dir='ltr'><strong>qua:</strong></span> <span class='ocrx_word' id='word_1_553' title='bbox 803 3800 1170 3868; x_wconf 85' lang='lat' dir='ltr'><strong>ingrediuntur</strong></span> <span class='ocrx_word' id='word_1_554' title='bbox 1226 3803 1494 3857; x_wconf 89' lang='lat' dir='ltr'><strong>hominem</strong></span> <span class='ocrx_word' id='word_1_555' title='bbox 1546 3806 1922 3873; x_wconf 87' lang='lat' dir='ltr'><strong>coinquinare,</strong></span> <span class='ocrx_word' id='word_1_556' title='bbox 1979 3808 2070 3861; x_wconf 70' lang='lat' dir='ltr'><strong>sed</strong></span> 
     </span>
    </p>
   </div>
   <div class='ocr_carea' id='block_1_74' title="bbox 528 3890 2069 3960">
    <p class='ocr_par' dir='ltr' id='par_1_74' title="bbox 528 3890 2069 3960">
     <span class='ocr_line' id='line_1_74' title="bbox 528 3890 2069 3960; baseline 0.006 -20"><span class='ocrx_word' id='word_1_557' title='bbox 528 3905 648 3956; x_wconf 72' lang='lat' dir='ltr'><strong>qua:</strong></span> <span class='ocrx_word' id='word_1_558' title='bbox 704 3890 1064 3957; x_wconf 82' lang='lat' dir='ltr'><strong>egrediuntur.</strong></span> <span class='ocrx_word' id='word_1_559' title='bbox 1113 3893 1272 3945; x_wconf 84' lang='lat' dir='ltr'><strong>Addit</strong></span> <span class='ocrx_word' id='word_1_560' title='bbox 1322 3903 1440 3960; x_wconf 89' lang='lat' dir='ltr'><strong>post</strong></span> <span class='ocrx_word' id='word_1_561' title='bbox 1486 3895 1627 3956; x_wconf 73' lang='lat' dir='ltr'><strong>haec,</strong></span> <span class='ocrx_word' id='word_1_562' title='bbox 1689 3905 1741 3948; x_wconf 90' lang='lat' dir='ltr'><strong>et</strong></span> <span class='ocrx_word' id='word_1_563' title='bbox 1803 3899 2069 3950; x_wconf 85' lang='lat' dir='ltr'><strong>undcnam</strong></span> 
     </span>
    </p>
   </div>
   <div class='ocr_carea' id='block_1_75' title="bbox 530 3979 2072 4051">
    <p class='ocr_par' dir='ltr' id='par_1_75' title="bbox 530 3979 2072 4051">
     <span class='ocr_line' id='line_1_75' title="bbox 530 3979 2072 4051; baseline 0.005 -19"><span class='ocrx_word' id='word_1_564' title='bbox 530 3979 874 4048; x_wconf 74' lang='lat' dir='ltr'><strong>egrediuntur</strong></span> <span class='ocrx_word' id='word_1_565' title='bbox 907 3996 1006 4033; x_wconf 82' lang='lat' dir='ltr'><strong>:cx</strong></span> <span class='ocrx_word' id='word_1_566' title='bbox 1053 3982 1230 4034; x_wconf 90' lang='lat' dir='ltr'><strong>corde.</strong></span> <span class='ocrx_word' id='word_1_567' title='bbox 1297 3982 1449 4047; x_wconf 85' lang='lat' dir='ltr'><strong>Quod</strong></span> <span class='ocrx_word' id='word_1_568' title='bbox 1499 3985 1662 4051; x_wconf 89' lang='lat' dir='ltr'><strong>probe</strong></span> <span class='ocrx_word' id='word_1_569' title='bbox 1732 3995 1914 4039; x_wconf 88' lang='lat' dir='ltr'><strong>nosset</strong></span> <span class='ocrx_word' id='word_1_570' title='bbox 1964 3988 2072 4041; x_wconf 88' lang='lat' dir='ltr'><strong>illic</strong></span> 
     </span>
    </p>
   </div>
   <div class='ocr_carea' id='block_1_76' title="bbox 533 4068 2068 4142">
    <p class='ocr_par' dir='ltr' id='par_1_76' title="bbox 533 4068 2068 4142">
     <span class='ocr_line' id='line_1_76' title="bbox 533 4068 2068 4142; baseline 0.008 -26"><span class='ocrx_word' id='word_1_571' title='bbox 533 4068 872 4134; x_wconf 83' lang='lat' dir='ltr'><strong>profanarum</strong></span> <span class='ocrx_word' id='word_1_572' title='bbox 934 4070 1313 4138; x_wconf 81' lang='lat' dir='ltr'><strong>cogitationum</strong></span> <span class='ocrx_word' id='word_1_573' title='bbox 1389 4074 1729 4142; x_wconf 88' lang='lat' dir='ltr'><strong>aliorumque</strong></span> <span class='ocrx_word' id='word_1_574' title='bbox 1806 4077 2068 4128; x_wconf 88' lang='lat' dir='ltr'><strong>scelerum</strong></span> 
     </span>
    </p>
   </div>
   <div class='ocr_carea' id='block_1_77' title="bbox 531 4157 2071 4230">
    <p class='ocr_par' dir='ltr' id='par_1_77' title="bbox 531 4157 2071 4230">
     <span class='ocr_line' id='line_1_77' title="bbox 531 4157 2071 4230; baseline 0.008 -23"><span class='ocrx_word' id='word_1_575' title='bbox 531 4157 701 4208; x_wconf 79' lang='lat' dir='ltr'><strong>malos</strong></span> <span class='ocrx_word' id='word_1_576' title='bbox 747 4157 919 4211; x_wconf 89' lang='lat' dir='ltr'><strong>inesse</strong></span> <span class='ocrx_word' id='word_1_577' title='bbox 964 4160 1260 4212; x_wconf 86' lang='lat' dir='ltr'><strong>thesauros.</strong></span> <span class='ocrx_word' id='word_1_578' title='bbox 1303 4159 1523 4214; x_wconf 83' lang='lat' dir='ltr'><strong>Brevius</strong></span> <span class='ocrx_word' id='word_1_579' title='bbox 1573 4173 1747 4216; x_wconf 88' lang='lat' dir='ltr'><strong>autem</strong></span> <span class='ocrx_word' id='word_1_580' title='bbox 1790 4164 2071 4230; x_wconf 81' lang='lat' dir='ltr'><strong>Apostolus</strong></span> 
     </span>
    </p>
   </div>
   <div class='ocr_carea' id='block_1_78' title="bbox 533 4248 2072 4316">
    <p class='ocr_par' dir='ltr' id='par_1_78' title="bbox 533 4248 2072 4316">
     <span class='ocr_line' id='line_1_78' title="bbox 533 4248 2072 4316; baseline 0.003 -17"><span class='ocrx_word' id='word_1_581' title='bbox 533 4249 760 4316; x_wconf 83' lang='lat' dir='ltr'><strong>i.!ipsum</strong></span> <span class='ocrx_word' id='word_1_582' title='bbox 787 4248 964 4301; x_wconf 86' lang='lat' dir='ltr'><strong>docuit</strong></span> <span class='ocrx_word' id='word_1_583' title='bbox 997 4250 1141 4302; x_wconf 86' lang='lat' dir='ltr'><strong>hisce</strong></span> <span class='ocrx_word' id='word_1_584' title='bbox 1164 4250 1334 4303; x_wconf 83' lang='lat' dir='ltr'><strong>verbis</strong></span> <span class='ocrx_word' id='word_1_585' title='bbox 1360 4267 1370 4300; x_wconf 91' lang='lat'><strong>:</strong></span> <span class='ocrx_word' id='word_1_586' title='bbox 1407 4249 1541 4302; x_wconf 74' lang='lat' dir='ltr'><strong>Esca</strong></span> <span class='ocrx_word' id='word_1_587' title='bbox 1570 4269 1668 4303; x_wconf 85' lang='lat' dir='ltr'><strong>non</strong></span> <span class='ocrx_word' id='word_1_588' title='bbox 1702 4268 1790 4304; x_wconf 84' lang='lat' dir='ltr'><strong>nos</strong></span> <span class='ocrx_word' id='word_1_589' title='bbox 1817 4269 2072 4304; x_wconf 84' lang='lat' dir='ltr'><strong>commcn-</strong></span> 
     </span>
    </p>
   </div>
   <div class='ocr_carea' id='block_1_79' title="bbox 530 4341 2071 4412">
    <p class='ocr_par' dir='ltr' id='par_1_79' title="bbox 530 4341 2071 4412">
     <span class='ocr_line' id='line_1_79' title="bbox 530 4341 2071 4412; baseline 0.003 -18"><span class='ocrx_word' id='word_1_590' title='bbox 530 4341 622 4394; x_wconf 81' lang='lat' dir='ltr'><strong>c&#39;at</strong></span> <span class='ocrx_word' id='word_1_591' title='bbox 657 4344 792 4396; x_wconf 84' lang='lat' dir='ltr'><strong>Dco&#39;</strong></span> <span class='ocrx_word' id='word_1_592' title='bbox 826 4383 838 4396; x_wconf 93' lang='lat'><strong>.</strong></span> <span class='ocrx_word' id='word_1_593' title='bbox 863 4343 978 4397; x_wconf 82' lang='lat' dir='ltr'><strong>Jam</strong></span> <span class='ocrx_word' id='word_1_594' title='bbox 1008 4345 1200 4411; x_wconf 85' lang='lat' dir='ltr'><strong>aliquis</strong></span> <span class='ocrx_word' id='word_1_595' title='bbox 1230 4354 1524 4412; x_wconf 85' lang='lat' dir='ltr'><strong>opportune</strong></span> <span class='ocrx_word' id='word_1_596' title='bbox 1554 4346 1748 4399; x_wconf 62' lang='lat' dir='ltr'><strong>dixerit</strong></span> <span class='ocrx_word' id='word_1_597' title='bbox 1778 4366 1789 4398; x_wconf 92' lang='lat'>:</span> <span class='ocrx_word' id='word_1_598' title='bbox 1822 4346 2071 4399; x_wconf 86' lang='lat' dir='ltr'><strong>Naturale</strong></span> 
     </span>
    </p>
   </div>
   <div class='ocr_carea' id='block_1_80' title="bbox 531 4433 2073 4501">
    <p class='ocr_par' dir='ltr' id='par_1_80' title="bbox 531 4433 2073 4501">
     <span class='ocr_line' id='line_1_80' title="bbox 531 4433 2073 4501; baseline 0.001 -16"><span class='ocrx_word' id='word_1_599' title='bbox 531 4443 926 4486; x_wconf 53' lang='lat' dir='ltr'><strong>excrementum</strong></span> <span class='ocrx_word' id='word_1_600' title='bbox 964 4433 1092 4486; x_wconf 91' lang='lat' dir='ltr'><strong>nulli</strong></span> <span class='ocrx_word' id='word_1_601' title='bbox 1141 4449 1236 4485; x_wconf 88' lang='lat' dir='ltr'><strong>nos</strong></span> <span class='ocrx_word' id='word_1_602' title='bbox 1270 4435 1530 4501; x_wconf 91' lang='lat' dir='ltr'><strong>supplicio</strong></span> <span class='ocrx_word' id='word_1_603' title='bbox 1755 4436 1968 4487; x_wconf 87' lang='lat' dir='ltr'><strong>addicit.</strong></span> <span class='ocrx_word' id='word_1_604' title='bbox 2009 4435 2073 4488; x_wconf 87' lang='lat' dir='ltr'><strong>Et</strong></span> 
     </span>
    </p>
   </div>
   <div class='ocr_carea' id='block_1_81' title="bbox 534 4521 2073 4589">
    <p class='ocr_par' dir='ltr' id='par_1_81' title="bbox 534 4521 2073 4589">
     <span class='ocr_line' id='line_1_81' title="bbox 534 4521 2073 4589; baseline 0.004 -17"><span class='ocrx_word' id='word_1_605' title='bbox 534 4521 760 4575; x_wconf 79' lang='lat' dir='ltr'><strong>fortasse.</strong></span> <span class='ocrx_word' id='word_1_606' title='bbox 794 4523 891 4589; x_wconf 87' lang='lat' dir='ltr'><strong>ipsi</strong></span> <span class='ocrx_word' id='word_1_607' title='bbox 924 4523 1110 4576; x_wconf 85' lang='lat' dir='ltr'><strong>medici</strong></span> <span class='ocrx_word' id='word_1_608' title='bbox 1147 4527 1224 4586; x_wconf 91' lang='lat' dir='ltr'><strong>(ut</strong></span> <span class='ocrx_word' id='word_1_609' title='bbox 1257 4525 1380 4578; x_wconf 86' lang='lat' dir='ltr'><strong>hinc</strong></span> <span class='ocrx_word' id='word_1_610' title='bbox 1410 4525 1650 4578; x_wconf 89' lang='lat' dir='ltr'><strong>homines</strong></span> <span class='ocrx_word' id='word_1_611' title='bbox 1685 4525 1756 4577; x_wconf 88' lang='lat' dir='ltr'><strong>illi</strong></span> <span class='ocrx_word' id='word_1_612' title='bbox 1789 4527 1867 4578; x_wconf 86' lang='lat' dir='ltr'><strong>vel</strong></span> <span class='ocrx_word' id='word_1_613' title='bbox 1893 4527 1958 4578; x_wconf 90' lang='lat' dir='ltr'><strong>ab</strong></span> <span class='ocrx_word' id='word_1_614' title='bbox 1985 4541 2073 4580; x_wconf 78' lang='lat' dir='ltr'><strong>ex-</strong></span> 
     </span>
    </p>
   </div>
   <div class='ocr_carea' id='block_1_82' title="bbox 533 4615 2066 4684">
    <p class='ocr_par' dir='ltr' id='par_1_82' title="bbox 533 4615 2066 4684">
     <span class='ocr_line' id='line_1_82' title="bbox 533 4615 2066 4684; baseline 0.005 -20"><span class='ocrx_word' id='word_1_615' title='bbox 533 4615 732 4666; x_wconf 87' lang='lat' dir='ltr'><strong>traneis</strong></span> <span class='ocrx_word' id='word_1_616' title='bbox 779 4615 979 4682; x_wconf 80' lang='lat' dir='ltr'><strong>pudore</strong></span> <span class='ocrx_word' id='word_1_617' title='bbox 1031 4615 1358 4679; x_wconf 71' lang='lat' dir='ltr'><strong>amtiantur)</strong></span> <span class='ocrx_word' id='word_1_618' title='bbox 1413 4617 1690 4669; x_wconf 84' lang='lat' dir='ltr'><strong>uobiscum</strong></span> <span class='ocrx_word' id='word_1_619' title='bbox 1751 4617 2066 4684; x_wconf 81' lang='lat' dir='ltr'><strong>defendent,</strong></span> 
     </span>
    </p>
   </div>
   <div class='ocr_carea' id='block_1_83' title="bbox 2167 3548 2410 3615">
    <p class='ocr_par' dir='ltr' id='par_1_83' title="bbox 2167 3548 2410 3615">
     <span class='ocr_line' id='line_1_83' title="bbox 2167 3548 2410 3615; baseline 0.004 -18"><span class='ocrx_word' id='word_1_620' title='bbox 2167 3548 2304 3598; x_wconf 79' lang='grc' dir='ltr'>εἴποι</span> <span class='ocrx_word' id='word_1_621' title='bbox 2313 3564 2410 3615; x_wconf 87' lang='grc' dir='ltr'><strong>μεν</strong></span> 
     </span>
    </p>
   </div>
   <div class='ocr_carea' id='block_1_84' title="bbox 2169 3459 3739 3530">
    <p class='ocr_par' dir='ltr' id='par_1_84' title="bbox 2169 3459 3739 3530">
     <span class='ocr_line' id='line_1_84' title="bbox 2169 3459 3739 3530; baseline 0.004 -22"><span class='ocrx_word' id='word_1_622' title='bbox 2169 3459 2478 3523; x_wconf 80' lang='grc' dir='ltr'>ἀναγκαίως</span> <span class='ocrx_word' id='word_1_623' title='bbox 2499 3460 2674 3514; x_wconf 76' lang='grc' dir='ltr'>αὐτῶν</span> <span class='ocrx_word' id='word_1_624' title='bbox 2705 3461 2796 3511; x_wconf 76' lang='grc' dir='ltr'>καὶ</span> <span class='ocrx_word' id='word_1_625' title='bbox 2821 3459 3022 3528; x_wconf 82' lang='grc' dir='ltr'>ταύτην</span> <span class='ocrx_word' id='word_1_626' title='bbox 3053 3460 3147 3528; x_wconf 82' lang='grc' dir='ltr'><strong>τὴν</strong></span> <span class='ocrx_word' id='word_1_627' title='bbox 3176 3461 3413 3526; x_wconf 78' lang='grc' dir='ltr'>ἀλογίαν·</span> <span class='ocrx_word' id='word_1_628' title='bbox 3439 3462 3500 3512; x_wconf 83' lang='grc' dir='ltr'><strong>οὐ</strong></span> <span class='ocrx_word' id='word_1_629' title='bbox 3533 3462 3642 3530; x_wconf 79' lang='grc' dir='ltr'>γὰρ</span> <span class='ocrx_word' id='word_1_630' title='bbox 3666 3462 3739 3514; x_wconf 85' lang='grc' dir='ltr'><strong>ἂν</strong></span> 
     </span>
    </p>
   </div>
   <div class='ocr_carea' id='block_1_85' title="bbox 2556 3547 3739 3620">
    <p class='ocr_par' dir='ltr' id='par_1_85' title="bbox 2556 3547 3739 3620">
     <span class='ocr_line' id='line_1_85' title="bbox 2556 3547 3739 3620; baseline 0.003 -21"><span class='ocrx_word' id='word_1_631' title='bbox 2556 3549 2794 3618; x_wconf 70' lang='grc' dir='ltr'>ζήτησιν,</span> <span class='ocrx_word' id='word_1_632' title='bbox 2819 3547 3118 3617; x_wconf 78' lang='grc' dir='ltr'>ὲλέγξομεν.</span> <span class='ocrx_word' id='word_1_633' title='bbox 3146 3550 3362 3618; x_wconf 87' lang='grc' dir='ltr'>Πρῶτον</span> <span class='ocrx_word' id='word_1_634' title='bbox 3383 3550 3479 3619; x_wconf 81' lang='grc' dir='ltr'>μὲν</span> <span class='ocrx_word' id='word_1_635' title='bbox 3505 3551 3614 3620; x_wconf 76' lang='grc' dir='ltr'>γὰρ</span> <span class='ocrx_word' id='word_1_636' title='bbox 3633 3551 3739 3612; x_wconf 81' lang='grc' dir='ltr'>τὰς</span> 
     </span>
    </p>
   </div>
   <div class='ocr_carea' id='block_1_86' title="bbox 2169 3636 3741 3708">
    <p class='ocr_par' dir='ltr' id='par_1_86' title="bbox 2169 3636 3741 3708">
     <span class='ocr_line' id='line_1_86' title="bbox 2169 3636 3741 3708; baseline 0.004 -21"><span class='ocrx_word' id='word_1_637' title='bbox 2169 3636 2386 3704; x_wconf 68' lang='grc' dir='ltr'>Γραφὰς</span> <span class='ocrx_word' id='word_1_638' title='bbox 2413 3637 2550 3688; x_wconf 82' lang='grc' dir='ltr'>κατὰ</span> <span class='ocrx_word' id='word_1_639' title='bbox 2578 3637 2674 3699; x_wconf 70' lang='grc' dir='ltr'>τὰς</span> <span class='ocrx_word' id='word_1_640' title='bbox 2706 3637 2836 3698; x_wconf 76' lang='grc' dir='ltr'>ἰδίας</span> <span class='ocrx_word' id='word_1_641' title='bbox 2862 3638 3096 3706; x_wconf 77' lang='grc' dir='ltr'>ἀμαθίας</span> <span class='ocrx_word' id='word_1_642' title='bbox 3110 3639 3424 3708; x_wconf 81' lang='grc' dir='ltr'>ἀστήρικτοι</span> <span class='ocrx_word' id='word_1_643' title='bbox 3450 3640 3600 3700; x_wconf 75' lang='grc' dir='ltr'>ὄντες</span> <span class='ocrx_word' id='word_1_644' title='bbox 3620 3640 3741 3708; x_wconf 81' lang='grc' dir='ltr'><strong>βιά-</strong></span> 
     </span>
    </p>
   </div>
   <div class='ocr_carea' id='block_1_87' title="bbox 2171 3725 3740 3797">
    <p class='ocr_par' dir='ltr' id='par_1_87' title="bbox 2171 3725 3740 3797">
     <span class='ocr_line' id='line_1_87' title="bbox 2171 3725 3740 3797; baseline 0.003 -19"><span class='ocrx_word' id='word_1_645' title='bbox 2171 3725 2367 3789; x_wconf 80' lang='grc' dir='ltr'>ζονται.</span> <span class='ocrx_word' id='word_1_646' title='bbox 2389 3729 2539 3796; x_wconf 82' lang='grc' dir='ltr'>Ἔχει</span> <span class='ocrx_word' id='word_1_647' title='bbox 2567 3729 2622 3779; x_wconf 86' lang='grc' dir='ltr'><strong>δὲ</strong></span> <span class='ocrx_word' id='word_1_648' title='bbox 2642 3729 2700 3780; x_wconf 85' lang='grc' dir='ltr'><strong>τὸ</strong></span> <span class='ocrx_word' id='word_1_649' title='bbox 2723 3728 2862 3779; x_wconf 76' lang='grc' dir='ltr'>Θετον</span> <span class='ocrx_word' id='word_1_650' title='bbox 2893 3727 3030 3779; x_wconf 75' lang='grc' dir='ltr'>οὕτω</span> <span class='ocrx_word' id='word_1_651' title='bbox 3052 3729 3227 3793; x_wconf 86' lang='grc' dir='ltr'>λόγιον</span> <span class='ocrx_word' id='word_1_652' title='bbox 3251 3747 3263 3759; x_wconf 87' lang='grc'><strong>·</strong></span> <span class='ocrx_word' id='word_1_653' title='bbox 3297 3730 3467 3782; x_wconf 90' lang='grc' dir='ltr'>Τινῶν</span> <span class='ocrx_word' id='word_1_654' title='bbox 3495 3730 3603 3797; x_wconf 76' lang='grc' dir='ltr'><strong>γὰρ</strong></span> <span class='ocrx_word' id='word_1_655' title='bbox 3626 3731 3740 3784; x_wconf 81' lang='grc' dir='ltr'><strong>πά-</strong></span> 
     </span>
    </p>
   </div>
   <div class='ocr_carea' id='block_1_88' title="bbox 2169 3818 3744 3889">
    <p class='ocr_par' dir='ltr' id='par_1_88' title="bbox 2169 3818 3744 3889">
     <span class='ocr_line' id='line_1_88' title="bbox 2169 3818 3744 3889; baseline 0.002 -20"><span class='ocrx_word' id='word_1_656' title='bbox 2169 3819 2250 3869; x_wconf 88' lang='grc' dir='ltr'><strong>λιν</strong></span> <span class='ocrx_word' id='word_1_657' title='bbox 2283 3818 2489 3880; x_wconf 82' lang='grc' dir='ltr'>τούτοις</span> <span class='ocrx_word' id='word_1_658' title='bbox 2527 3819 2722 3886; x_wconf 86' lang='grc' dir='ltr'>ὁμοίως</span> <span class='ocrx_word' id='word_1_659' title='bbox 2757 3820 3055 3882; x_wconf 84' lang='grc' dir='ltr'>ὲνδυαστῶς</span> <span class='ocrx_word' id='word_1_660' title='bbox 3088 3820 3315 3888; x_wconf 78' lang='grc' dir='ltr'>ἑχόντων</span> <span class='ocrx_word' id='word_1_661' title='bbox 3349 3819 3476 3889; x_wconf 70' lang='grc' dir='ltr'>περὶ</span> <span class='ocrx_word' id='word_1_662' title='bbox 3509 3819 3744 3889; x_wconf 85' lang='grc' dir='ltr'>βρωμά-</span> 
     </span>
    </p>
   </div>
   <div class='ocr_carea' id='block_1_89' title="bbox 2170 3907 3739 3978">
    <p class='ocr_par' dir='ltr' id='par_1_89' title="bbox 2170 3907 3739 3978">
     <span class='ocr_line' id='line_1_89' title="bbox 2170 3907 3739 3978; baseline 0.001 -20"><span class='ocrx_word' id='word_1_663' title='bbox 2170 3925 2303 3968; x_wconf 85' lang='grc' dir='ltr'>των,</span> <span class='ocrx_word' id='word_1_664' title='bbox 2338 3907 2496 3968; x_wconf 85' lang='grc' dir='ltr'>αὺτὺς</span> <span class='ocrx_word' id='word_1_665' title='bbox 2539 3909 2566 3959; x_wconf 87' lang='grc' dir='ltr'>ὁ</span> <span class='ocrx_word' id='word_1_666' title='bbox 2600 3908 2800 3976; x_wconf 87' lang='grc' dir='ltr'>Κύριος</span> <span class='ocrx_word' id='word_1_667' title='bbox 2829 3908 2966 3960; x_wconf 83' lang='grc' dir='ltr'>λύων</span> <span class='ocrx_word' id='word_1_668' title='bbox 3009 3908 3183 3960; x_wconf 79' lang='grc' dir='ltr'>αὐτῶν</span> <span class='ocrx_word' id='word_1_669' title='bbox 3211 3909 3308 3977; x_wconf 81' lang='grc' dir='ltr'>τὴν</span> <span class='ocrx_word' id='word_1_670' title='bbox 3340 3909 3577 3974; x_wconf 78' lang='grc' dir='ltr'>ἄγνοιαν,</span> <span class='ocrx_word' id='word_1_671' title='bbox 3610 3910 3642 3978; x_wconf 74' lang='grc' dir='ltr'>ἦ</span> <span class='ocrx_word' id='word_1_672' title='bbox 3682 3912 3739 3977; x_wconf 81' lang='grc' dir='ltr'>γ’</span> 
     </span>
    </p>
   </div>
   <div class='ocr_carea' id='block_1_90' title="bbox 2171 3989 3741 4065">
    <p class='ocr_par' dir='ltr' id='par_1_90' title="bbox 2171 3989 3741 4065">
     <span class='ocr_line' id='line_1_90' title="bbox 2171 3989 3741 4065; baseline 0.001 -20"><span class='ocrx_word' id='word_1_673' title='bbox 2171 3989 2259 4046; x_wconf 77' lang='grc' dir='ltr'><strong>οὖν</strong></span> <span class='ocrx_word' id='word_1_674' title='bbox 2283 3994 2376 4062; x_wconf 80' lang='grc' dir='ltr'>τὴν</span> <span class='ocrx_word' id='word_1_675' title='bbox 2410 3995 2620 4062; x_wconf 82' lang='grc' dir='ltr'>ἀπάτην</span> <span class='ocrx_word' id='word_1_676' title='bbox 2653 3994 2987 4064; x_wconf 83' lang='grc' dir='ltr'>δημοσιεύων</span> <span class='ocrx_word' id='word_1_677' title='bbox 3007 4033 3020 4054; x_wconf 91' lang='grc'><strong>,</strong></span> <span class='ocrx_word' id='word_1_678' title='bbox 3063 3999 3192 4064; x_wconf 71' lang='grc' dir='ltr'>φησὶ</span> <span class='ocrx_word' id='word_1_679' title='bbox 3216 4035 3229 4057; x_wconf 92' lang='grc'><strong>,</strong></span> <span class='ocrx_word' id='word_1_680' title='bbox 3259 3995 3350 4063; x_wconf 82' lang='grc' dir='ltr'><strong>Μὴ</strong></span> <span class='ocrx_word' id='word_1_681' title='bbox 3384 3994 3452 4046; x_wconf 86' lang='grc' dir='ltr'><strong>τά</strong></span> <span class='ocrx_word' id='word_1_682' title='bbox 3484 3995 3741 4065; x_wconf 62' lang='grc' dir='ltr'>εἰσερχό-</span> 
     </span>
    </p>
   </div>
   <div class='ocr_carea' id='block_1_91' title="bbox 2175 4080 3739 4151">
    <p class='ocr_par' dir='ltr' id='par_1_91' title="bbox 2175 4080 3739 4151">
     <span class='ocr_line' id='line_1_91' title="bbox 2175 4080 3739 4151; baseline 0.003 -20"><span class='ocrx_word' id='word_1_683' title='bbox 2175 4098 2306 4150; x_wconf 90' lang='grc' dir='ltr'>μενα</span> <span class='ocrx_word' id='word_1_684' title='bbox 2341 4080 2683 4133; x_wconf 78' lang='grc' dir='ltr'>κοινοῦν-τὸν</span> <span class='ocrx_word' id='word_1_685' title='bbox 2717 4081 2997 4150; x_wconf 80' lang='grc' dir='ltr'>ἄνθρωπον</span> <span class='ocrx_word' id='word_1_686' title='bbox 3019 4123 3031 4144; x_wconf 93' lang='grc'><strong>,</strong></span> <span class='ocrx_word' id='word_1_687' title='bbox 3086 4081 3217 4133; x_wconf 77' lang='grc' dir='ltr'>ἀλλὰ</span> <span class='ocrx_word' id='word_1_688' title='bbox 3259 4081 3326 4134; x_wconf 79' lang='grc' dir='ltr'>τὰ</span> <span class='ocrx_word' id='word_1_689' title='bbox 3381 4082 3739 4151; x_wconf 73' lang='grc' dir='ltr'>ἐξερχόμενα.</span> 
     </span>
    </p>
   </div>
   <div class='ocr_carea' id='block_1_92' title="bbox 2172 4166 3740 4242">
    <p class='ocr_par' dir='ltr' id='par_1_92' title="bbox 2172 4166 3740 4242">
     <span class='ocr_line' id='line_1_92' title="bbox 2172 4166 3740 4242; baseline 0.003 -21"><span class='ocrx_word' id='word_1_690' title='bbox 2172 4166 2302 4222; x_wconf 74' lang='grc' dir='ltr'>Εἶτα</span> <span class='ocrx_word' id='word_1_691' title='bbox 2331 4171 2540 4237; x_wconf 78' lang='grc' dir='ltr'>ἐπάγει,</span> <span class='ocrx_word' id='word_1_692' title='bbox 2570 4172 2661 4223; x_wconf 73' lang='grc' dir='ltr'><strong>καὶ</strong></span> <span class='ocrx_word' id='word_1_693' title='bbox 2684 4171 2841 4223; x_wconf 82' lang='grc' dir='ltr'>πόθεν</span> <span class='ocrx_word' id='word_1_694' title='bbox 2870 4172 3194 4240; x_wconf 75' lang='grc' dir='ltr'>ἐξερχόμενα</span> <span class='ocrx_word' id='word_1_695' title='bbox 3213 4189 3225 4200; x_wconf 92' lang='grc'><strong>·</strong></span> <span class='ocrx_word' id='word_1_696' title='bbox 3257 4171 3325 4223; x_wconf 74' lang='grc' dir='ltr'>τὰ</span> <span class='ocrx_word' id='word_1_697' title='bbox 3353 4172 3458 4223; x_wconf 86' lang='grc' dir='ltr'><strong>ἀπὸ</strong></span> <span class='ocrx_word' id='word_1_698' title='bbox 3483 4172 3740 4242; x_wconf 80' lang='grc' dir='ltr'>καρδίας.</span> 
     </span>
    </p>
   </div>
   <div class='ocr_carea' id='block_1_93' title="bbox 2185 4258 3746 4331">
    <p class='ocr_par' dir='ltr' id='par_1_93' title="bbox 2185 4258 3746 4331">
     <span class='ocr_line' id='line_1_93' title="bbox 2185 4258 3746 4331; baseline 0.001 -19"><span class='ocrx_word' id='word_1_699' title='bbox 2185 4263 2327 4312; x_wconf 84' lang='grc' dir='ltr'>Ἐκεῖ</span> <span class='ocrx_word' id='word_1_700' title='bbox 2353 4262 2458 4330; x_wconf 75' lang='grc' dir='ltr'>γὰρ</span> <span class='ocrx_word' id='word_1_701' title='bbox 2481 4258 2616 4313; x_wconf 80' lang='grc' dir='ltr'>εἶναι</span> <span class='ocrx_word' id='word_1_702' title='bbox 2647 4263 2768 4322; x_wconf 75' lang='grc' dir='ltr'>τοὺς</span> <span class='ocrx_word' id='word_1_703' title='bbox 2792 4265 3057 4331; x_wconf 62' lang='grc' dir='ltr'>πονηροὺς</span> <span class='ocrx_word' id='word_1_704' title='bbox 3088 4262 3390 4331; x_wconf 74' lang='grc' dir='ltr'>Οησαυροὺς</span> <span class='ocrx_word' id='word_1_705' title='bbox 3419 4260 3525 4313; x_wconf 86' lang='grc' dir='ltr'><strong>τῶν</strong></span> <span class='ocrx_word' id='word_1_706' title='bbox 3575 4263 3746 4331; x_wconf 72' lang='grc' dir='ltr'><strong>βεϐή-</strong></span> 
     </span>
    </p>
   </div>
   <div class='ocr_carea' id='block_1_94' title="bbox 2173 4352 3741 4420">
    <p class='ocr_par' dir='ltr' id='par_1_94' title="bbox 2173 4352 3741 4420">
     <span class='ocr_line' id='line_1_94' title="bbox 2173 4352 3741 4420; baseline 0.002 -18"><span class='ocrx_word' id='word_1_707' title='bbox 2173 4353 2274 4403; x_wconf 88' lang='grc' dir='ltr'><strong>λων</strong></span> <span class='ocrx_word' id='word_1_708' title='bbox 2297 4352 2567 4419; x_wconf 78' lang='grc' dir='ltr'>λογισμῶν</span> <span class='ocrx_word' id='word_1_709' title='bbox 2593 4354 2802 4403; x_wconf 78' lang='grc' dir='ltr'>καὶτῶν</span> <span class='ocrx_word' id='word_1_710' title='bbox 2825 4353 2993 4404; x_wconf 76' lang='grc' dir='ltr'>ᾶλλων</span> <span class='ocrx_word' id='word_1_711' title='bbox 3023 4353 3427 4420; x_wconf 81' lang='grc' dir='ltr'>ἁμαρτημάτων</span> <span class='ocrx_word' id='word_1_712' title='bbox 3451 4353 3741 4418; x_wconf 72' lang='grc' dir='ltr'>γινώσκει.</span> 
     </span>
    </p>
   </div>
   <div class='ocr_carea' id='block_1_95' title="bbox 2172 4439 3746 4510">
    <p class='ocr_par' dir='ltr' id='par_1_95' title="bbox 2172 4439 3746 4510">
     <span class='ocr_line' id='line_1_95' title="bbox 2172 4439 3746 4510; baseline 0.002 -20"><span class='ocrx_word' id='word_1_713' title='bbox 2172 4439 2577 4509; x_wconf 80' lang='grc' dir='ltr'>Συντομώτερον</span> <span class='ocrx_word' id='word_1_714' title='bbox 2627 4442 2681 4492; x_wconf 77' lang='grc' dir='ltr'>δὲ</span> <span class='ocrx_word' id='word_1_715' title='bbox 2727 4443 2753 4492; x_wconf 89' lang='grc' dir='ltr'>ὁ</span> <span class='ocrx_word' id='word_1_716' title='bbox 2815 4441 3128 4503; x_wconf 77' lang='grc' dir='ltr'>’Λπόστολος</span> <span class='ocrx_word' id='word_1_717' title='bbox 3180 4442 3307 4493; x_wconf 77' lang='grc' dir='ltr'>αὐτὸ</span> <span class='ocrx_word' id='word_1_718' title='bbox 3361 4441 3746 4510; x_wconf 75' lang='grc' dir='ltr'>δεδιδαγμένος</span> 
     </span>
    </p>
   </div>
   <div class='ocr_carea' id='block_1_96' title="bbox 2174 4514 3740 4598">
    <p class='ocr_par' dir='ltr' id='par_1_96' title="bbox 2174 4514 3740 4598">
     <span class='ocr_line' id='line_1_96' title="bbox 2174 4514 3740 4598; baseline 0.006 -20"><span class='ocrx_word' id='word_1_719' title='bbox 2174 4529 2334 4596; x_wconf 80' lang='grc' dir='ltr'>φησί·</span> <span class='ocrx_word' id='word_1_720' title='bbox 2372 4529 2578 4596; x_wconf 73' lang='grc' dir='ltr'>Βρῶμίι</span> <span class='ocrx_word' id='word_1_721' title='bbox 2603 4529 2667 4580; x_wconf 83' lang='grc' dir='ltr'>δὲ</span> <span class='ocrx_word' id='word_1_722' title='bbox 2695 4529 2845 4597; x_wconf 67' lang='grc' dir='ltr'>ἡμᾶς</span> <span class='ocrx_word' id='word_1_723' title='bbox 2869 4533 2938 4582; x_wconf 84' lang='grc' dir='ltr'>οὐ</span> <span class='ocrx_word' id='word_1_724' title='bbox 2966 4514 3336 4598; x_wconf 56' lang='grc' dir='ltr'>παρτιστῖἧσει</span> <span class='ocrx_word' id='word_1_725' title='bbox 3494 4531 3570 4594; x_wconf 81' lang='grc' dir='ltr'>τῷ</span> <span class='ocrx_word' id='word_1_726' title='bbox 3590 4531 3740 4595; x_wconf 78' lang='grc' dir='ltr'>Θεῷ.</span> 
     </span>
    </p>
   </div>
   <div class='ocr_carea' id='block_1_97' title="bbox 2172 4614 3745 4690">
    <p class='ocr_par' dir='ltr' id='par_1_97' title="bbox 2172 4614 3745 4690">
     <span class='ocr_line' id='line_1_97' title="bbox 2172 4614 3745 4690; baseline 0.004 -24"><span class='ocrx_word' id='word_1_727' title='bbox 2172 4617 2304 4683; x_wconf 78' lang='grc' dir='ltr'>Φαίη</span> <span class='ocrx_word' id='word_1_728' title='bbox 2339 4617 2380 4667; x_wconf 86' lang='grc' dir='ltr'>δ’</span> <span class='ocrx_word' id='word_1_729' title='bbox 2408 4614 2470 4669; x_wconf 81' lang='grc' dir='ltr'>ἄν</span> <span class='ocrx_word' id='word_1_730' title='bbox 2505 4635 2583 4678; x_wconf 84' lang='grc' dir='ltr'><strong>τις</strong></span> <span class='ocrx_word' id='word_1_731' title='bbox 2613 4619 2701 4668; x_wconf 81' lang='grc' dir='ltr'><strong>καὶ</strong></span> <span class='ocrx_word' id='word_1_732' title='bbox 2728 4617 2818 4668; x_wconf 76' lang='grc' dir='ltr'>νῦν</span> <span class='ocrx_word' id='word_1_733' title='bbox 2849 4619 3081 4686; x_wconf 74' lang='grc' dir='ltr'>εὐλόγως</span> <span class='ocrx_word' id='word_1_734' title='bbox 3101 4638 3112 4648; x_wconf 92' lang='grc'>·</span> <span class='ocrx_word' id='word_1_735' title='bbox 3146 4622 3346 4689; x_wconf 81' lang='grc' dir='ltr'>Φυσική</span> <span class='ocrx_word' id='word_1_736' title='bbox 3376 4638 3458 4682; x_wconf 85' lang='grc' dir='ltr'><strong>τις</strong></span> <span class='ocrx_word' id='word_1_737' title='bbox 3489 4620 3745 4690; x_wconf 77' lang='grc' dir='ltr'>ἔκκρισις</span> 
     </span>
    </p>
   </div>
   <div class='ocr_carea' id='block_1_98' title="bbox 533 4703 2068 4779">
    <p class='ocr_par' dir='ltr' id='par_1_98' title="bbox 533 4703 2064 4769">
     <span class='ocr_line' id='line_1_98' title="bbox 533 4703 2064 4769; baseline 0.003 -15"><span class='ocrx_word' id='word_1_738' title='bbox 533 4703 748 4756; x_wconf 80' lang='lat' dir='ltr'><strong>animali</strong></span> <span class='ocrx_word' id='word_1_739' title='bbox 801 4703 951 4755; x_wconf 86' lang='lat' dir='ltr'><strong>dalos</strong></span> <span class='ocrx_word' id='word_1_740' title='bbox 1002 4718 1119 4756; x_wconf 81' lang='lat' dir='ltr'><strong>esse</strong></span> <span class='ocrx_word' id='word_1_741' title='bbox 1157 4704 1415 4769; x_wconf 85' lang='lat' dir='ltr'><strong>quosdam</strong></span> <span class='ocrx_word' id='word_1_742' title='bbox 1460 4705 1790 4758; x_wconf 84' lang='lat' dir='ltr'><strong>necessarios</strong></span> <span class='ocrx_word' id='word_1_743' title='bbox 1838 4716 2064 4769; x_wconf 80' lang='lat' dir='ltr'><strong>meatus,</strong></span> 
     </span>
    </p>
   </div>
   <div class='ocr_carea' id='block_1_99' title="bbox 2174 4703 3746 4779">
    <p class='ocr_par' dir='ltr' id='par_1_99' title="bbox 2174 4705 3746 4779">
     <span class='ocr_line' id='line_1_99' title="bbox 2174 4705 3746 4779; baseline 0.007 -25"><span class='ocrx_word' id='word_1_744' title='bbox 2174 4705 2314 4774; x_wconf 77' lang='grc' dir='ltr'>ἡμᾶς</span> <span class='ocrx_word' id='word_1_745' title='bbox 2370 4706 2426 4756; x_wconf 82' lang='grc' dir='ltr'>οὐ</span> <span class='ocrx_word' id='word_1_746' title='bbox 2484 4710 2816 4776; x_wconf 78' lang='grc' dir='ltr'>παραστήσει</span> <span class='ocrx_word' id='word_1_747' title='bbox 2862 4710 2995 4778; x_wconf 79' lang='grc' dir='ltr'>πρὸς</span> <span class='ocrx_word' id='word_1_748' title='bbox 3031 4711 3314 4779; x_wconf 81' lang='grc' dir='ltr'>τιμωρίαν.</span> <span class='ocrx_word' id='word_1_749' title='bbox 3354 4712 3505 4778; x_wconf 76' lang='grc' dir='ltr'>Τάχα</span> <span class='ocrx_word' id='word_1_750' title='bbox 3548 4711 3602 4761; x_wconf 83' lang='grc' dir='ltr'><strong>δὲ</strong></span> <span class='ocrx_word' id='word_1_751' title='bbox 3639 4713 3746 4767; x_wconf 77' lang='grc' dir='ltr'><strong>καὶ</strong></span> 
     </span>
    </p>
   </div>
   <div class='ocr_carea' id='block_1_100' title="bbox 533 4791 2068 4858">
    <p class='ocr_par' dir='ltr' id='par_1_100' title="bbox 533 4791 2068 4858">
     <span class='ocr_line' id='line_1_100' title="bbox 533 4791 2068 4858; baseline 0.004 -16"><span class='ocrx_word' id='word_1_752' title='bbox 533 4792 598 4843; x_wconf 79' lang='lat' dir='ltr'><strong>ad</strong></span> <span class='ocrx_word' id='word_1_753' title='bbox 642 4793 886 4844; x_wconf 81' lang='lat' dir='ltr'><strong>humores</strong></span> <span class='ocrx_word' id='word_1_754' title='bbox 916 4791 1005 4858; x_wconf 71' lang='lat' dir='ltr'><strong>qui</strong></span> <span class='ocrx_word' id='word_1_755' title='bbox 1047 4791 1096 4842; x_wconf 91' lang='lat' dir='ltr'><strong>in</strong></span> <span class='ocrx_word' id='word_1_756' title='bbox 1137 4792 1357 4858; x_wconf 76' lang='lat' dir='ltr'><strong>singulis</strong></span> <span class='ocrx_word' id='word_1_757' title='bbox 1386 4793 1646 4844; x_wconf 87' lang='lat' dir='ltr'><strong>habentur</strong></span> <span class='ocrx_word' id='word_1_758' title='bbox 1682 4795 1933 4847; x_wconf 83' lang='lat' dir='ltr'><strong>membris</strong></span> <span class='ocrx_word' id='word_1_759' title='bbox 1969 4812 2068 4848; x_wconf 87' lang='lat' dir='ltr'><strong>no-</strong></span> 
     </span>
    </p>
   </div>
   <div class='ocr_carea' id='block_1_101' title="bbox 535 4879 2068 4947">
    <p class='ocr_par' dir='ltr' id='par_1_101' title="bbox 535 4879 2068 4947">
     <span class='ocr_line' id='line_1_101' title="bbox 535 4879 2068 4947; baseline 0.005 -18"><span class='ocrx_word' id='word_1_760' title='bbox 535 4879 659 4931; x_wconf 78' lang='lat' dir='ltr'><strong>stris</strong></span> <span class='ocrx_word' id='word_1_761' title='bbox 711 4881 997 4946; x_wconf 74' lang='lat' dir='ltr'><strong>egerendos</strong></span> <span class='ocrx_word' id='word_1_762' title='bbox 1032 4880 1250 4946; x_wconf 77' lang='lat' dir='ltr'><strong>:quali1</strong></span> <span class='ocrx_word' id='word_1_763' title='bbox 1304 4891 1426 4934; x_wconf 86' lang='lat' dir='ltr'><strong>sunt</strong></span> <span class='ocrx_word' id='word_1_764' title='bbox 1474 4884 1660 4947; x_wconf 86' lang='lat' dir='ltr'><strong>capitis</strong></span> <span class='ocrx_word' id='word_1_765' title='bbox 1708 4893 2068 4941; x_wconf 70' lang='lat' dir='ltr'><strong>exeiemenln.</strong></span> 
     </span>
    </p>
   </div>
   <div class='ocr_carea' id='block_1_102' title="bbox 2178 4796 3741 4870">
    <p class='ocr_par' dir='ltr' id='par_1_102' title="bbox 2178 4796 3741 4870">
     <span class='ocr_line' id='line_1_102' title="bbox 2178 4796 3741 4870; baseline 0.009 -26"><span class='ocrx_word' id='word_1_766' title='bbox 2178 4796 2356 4856; x_wconf 81' lang='grc' dir='ltr'>παῖδες</span> <span class='ocrx_word' id='word_1_767' title='bbox 2387 4797 2601 4863; x_wconf 80' lang='grc' dir='ltr'>ἰατρῶν,</span> <span class='ocrx_word' id='word_1_768' title='bbox 2630 4798 2713 4848; x_wconf 74' lang='grc' dir='ltr'><strong>ἵνα</strong></span> <span class='ocrx_word' id='word_1_769' title='bbox 2743 4800 2840 4851; x_wconf 81' lang='grc' dir='ltr'><strong>κᾶν</strong></span> <span class='ocrx_word' id='word_1_770' title='bbox 2866 4801 2928 4851; x_wconf 82' lang='grc' dir='ltr'>ὲκ</span> <span class='ocrx_word' id='word_1_771' title='bbox 2957 4799 3062 4850; x_wconf 84' lang='grc' dir='ltr'><strong>τῶν</strong></span> <span class='ocrx_word' id='word_1_772' title='bbox 3096 4800 3288 4863; x_wconf 74' lang='grc' dir='ltr'>ἔξωθεν</span> <span class='ocrx_word' id='word_1_773' title='bbox 3318 4803 3741 4870; x_wconf 76' lang='grc' dir='ltr'>δυσωπηθῶσιν.</span> 
     </span>
    </p>
   </div>
   <div class='ocr_carea' id='block_1_103' title="bbox 2175 4886 3741 4962">
    <p class='ocr_par' dir='ltr' id='par_1_103' title="bbox 2175 4886 3741 4962">
     <span class='ocr_line' id='line_1_103' title="bbox 2175 4886 3741 4962; baseline 0.006 -26"><span class='ocrx_word' id='word_1_774' title='bbox 2175 4886 2311 4954; x_wconf 79' lang='grc' dir='ltr'>ὑπὲρ</span> <span class='ocrx_word' id='word_1_775' title='bbox 2350 4888 2534 4938; x_wconf 86' lang='grc' dir='ltr'>τούτου</span> <span class='ocrx_word' id='word_1_776' title='bbox 2574 4890 2995 4958; x_wconf 82' lang='grc' dir='ltr'>ἀπολογήσονται</span> <span class='ocrx_word' id='word_1_777' title='bbox 3020 4910 3032 4923; x_wconf 71' lang='grc'><strong>⁸</strong></span> <span class='ocrx_word' id='word_1_778' title='bbox 3092 4895 3171 4944; x_wconf 79' lang='grc' dir='ltr'><strong>ὅτι</strong></span> <span class='ocrx_word' id='word_1_779' title='bbox 3201 4893 3276 4961; x_wconf 78' lang='grc' dir='ltr'>τῷ</span> <span class='ocrx_word' id='word_1_780' title='bbox 3327 4893 3449 4962; x_wconf 76' lang='grc' dir='ltr'><strong>ςώῳ</strong></span> <span class='ocrx_word' id='word_1_781' title='bbox 3493 4895 3741 4946; x_wconf 75' lang='grc' dir='ltr'>δέδονταί</span> 
     </span>
    </p>
   </div>
   <div class='ocr_carea' id='block_1_104' title="bbox 526 4973 2073 5042">
    <p class='ocr_par' dir='ltr' id='par_1_104' title="bbox 526 4973 2073 5042">
     <span class='ocr_line' id='line_1_104' title="bbox 526 4973 2073 5042; baseline 0.003 -16"><span class='ocrx_word' id='word_1_782' title='bbox 526 4973 640 5041; x_wconf 80' lang='lat' dir='ltr'><strong>pili,</strong></span> <span class='ocrx_word' id='word_1_783' title='bbox 668 4974 1137 5042; x_wconf 66' lang='lat' dir='ltr'><strong>aquosilatesqua?</strong></span> <span class='ocrx_word' id='word_1_784' title='bbox 1162 4990 1224 5028; x_wconf 89' lang='lat' dir='ltr'><strong>ex</strong></span> <span class='ocrx_word' id='word_1_785' title='bbox 1255 4977 1429 5042; x_wconf 73' lang='lat' dir='ltr'><strong>capite</strong></span> <span class='ocrx_word' id='word_1_786' title='bbox 1461 4977 1782 5028; x_wconf 89' lang='lat' dir='ltr'><strong>emittuntur</strong></span> <span class='ocrx_word' id='word_1_787' title='bbox 1816 4992 1831 5028; x_wconf 85' lang='lat'><strong>:</strong></span> <span class='ocrx_word' id='word_1_788' title='bbox 1868 4977 2073 5031; x_wconf 80' lang='lat' dir='ltr'><strong>ventris</strong></span> 
     </span>
    </p>
   </div>
   <div class='ocr_carea' id='block_1_105' title="bbox 521 5063 2074 5131">
    <p class='ocr_par' dir='ltr' id='par_1_105' title="bbox 521 5063 2074 5131">
     <span class='ocr_line' id='line_1_105' title="bbox 521 5063 2074 5131; baseline 0 -16"><span class='ocrx_word' id='word_1_789' title='bbox 521 5063 647 5115; x_wconf 87' lang='lat' dir='ltr'><strong>item</strong></span> <span class='ocrx_word' id='word_1_790' title='bbox 675 5077 948 5124; x_wconf 85' lang='lat' dir='ltr'><strong>secessus,</strong></span> <span class='ocrx_word' id='word_1_791' title='bbox 975 5063 1169 5131; x_wconf 86' lang='lat' dir='ltr'><strong>illaque</strong></span> <span class='ocrx_word' id='word_1_792' title='bbox 1196 5067 1643 5131; x_wconf 81' lang='lat' dir='ltr'><strong>Spcrmaticorum</strong></span> <span class='ocrx_word' id='word_1_793' title='bbox 1673 5076 1942 5116; x_wconf 82' lang='lat' dir='ltr'><strong>meatuum</strong></span> <span class='ocrx_word' id='word_1_794' title='bbox 1982 5082 2074 5118; x_wconf 79' lang='lat' dir='ltr'><strong>su-</strong></span> 
     </span>
    </p>
   </div>
   <div class='ocr_carea' id='block_1_106' title="bbox 518 5153 2068 5219">
    <p class='ocr_par' dir='ltr' id='par_1_106' title="bbox 518 5153 2068 5219">
     <span class='ocr_line' id='line_1_106' title="bbox 518 5153 2068 5219; baseline 0.005 -17"><span class='ocrx_word' id='word_1_795' title='bbox 518 5154 815 5216; x_wconf 80' lang='lat' dir='ltr'><strong>perﬂuitas.</strong></span> <span class='ocrx_word' id='word_1_796' title='bbox 843 5153 1187 5219; x_wconf 76' lang='lat' dir='ltr'><strong>Ecquoduuni</strong></span> <span class='ocrx_word' id='word_1_797' title='bbox 1215 5154 1312 5206; x_wconf 90' lang='lat' dir='ltr'><strong>hac</strong></span> <span class='ocrx_word' id='word_1_798' title='bbox 1336 5155 1385 5206; x_wconf 89' lang='lat' dir='ltr'><strong>in</strong></span> <span class='ocrx_word' id='word_1_799' title='bbox 1419 5169 1472 5207; x_wconf 88' lang='lat' dir='ltr'><strong>re</strong></span> <span class='ocrx_word' id='word_1_800' title='bbox 1499 5165 1775 5218; x_wconf 88' lang='lat' dir='ltr'><strong>peccatum</strong></span> <span class='ocrx_word' id='word_1_801' title='bbox 1811 5158 1862 5208; x_wconf 92' lang='lat' dir='ltr'><strong>in</strong></span> <span class='ocrx_word' id='word_1_802' title='bbox 1879 5157 2068 5218; x_wconf 88' lang='lat' dir='ltr'><strong>Deum,</strong></span> 
     </span>
    </p>
   </div>
   <div class='ocr_carea' id='block_1_107' title="bbox 511 5229 2069 5311">
    <p class='ocr_par' dir='ltr' id='par_1_107' title="bbox 511 5229 2069 5311">
     <span class='ocr_line' id='line_1_107' title="bbox 511 5229 2069 5311; baseline 0.002 -19"><span class='ocrx_word' id='word_1_803' title='bbox 511 5256 676 5294; x_wconf 81' lang='lat' dir='ltr'><strong>senex</strong></span> <span class='ocrx_word' id='word_1_804' title='bbox 715 5243 1144 5311; x_wconf 82' lang='lat' dir='ltr'><strong>religiosissime.</strong></span> <span class='ocrx_word' id='word_1_805' title='bbox 1182 5259 1303 5296; x_wconf 87' lang='lat' dir='ltr'><strong>cum</strong></span> <span class='ocrx_word' id='word_1_806' title='bbox 1329 5245 1441 5309; x_wconf 86' lang='lat' dir='ltr'><strong>ipse</strong></span> <span class='ocrx_word' id='word_1_807' title='bbox 1467 5229 1729 5296; x_wconf 82' lang='lat' dir='ltr'><strong>Dominus</strong></span> <span class='ocrx_word' id='word_1_808' title='bbox 1751 5245 1840 5310; x_wconf 88' lang='lat' dir='ltr'><strong>qui</strong></span> <span class='ocrx_word' id='word_1_809' title='bbox 1873 5244 2069 5297; x_wconf 83' lang='lat' dir='ltr'><strong>animal</strong></span> 
     </span>
    </p>
   </div>
   <div class='ocr_carea' id='block_1_108' title="bbox 509 5331 2061 5399">
    <p class='ocr_par' dir='ltr' id='par_1_108' title="bbox 509 5331 2061 5399">
     <span class='ocr_line' id='line_1_108' title="bbox 509 5331 2061 5399; baseline 0.003 -18"><span class='ocrx_word' id='word_1_810' title='bbox 509 5331 776 5396; x_wconf 72' lang='lat' dir='ltr'><strong>condidit,</strong></span> <span class='ocrx_word' id='word_1_811' title='bbox 815 5332 864 5383; x_wconf 90' lang='lat' dir='ltr'><strong>id</strong></span> <span class='ocrx_word' id='word_1_812' title='bbox 907 5333 1114 5384; x_wconf 87' lang='lat' dir='ltr'><strong>curarit</strong></span> <span class='ocrx_word' id='word_1_813' title='bbox 1141 5331 1511 5399; x_wconf 72' lang='lat' dir='ltr'><strong>etioccrilque,</strong></span> <span class='ocrx_word' id='word_1_814' title='bbox 1572 5341 1629 5385; x_wconf 93' lang='lat' dir='ltr'><strong>ut</strong></span> <span class='ocrx_word' id='word_1_815' title='bbox 1679 5333 1792 5385; x_wconf 73' lang='lat' dir='ltr'><strong>hazc</strong></span> <span class='ocrx_word' id='word_1_816' title='bbox 1823 5333 2061 5386; x_wconf 87' lang='lat' dir='ltr'><strong>membra</strong></span> 
     </span>
    </p>
   </div>
   <div class='ocr_carea' id='block_1_109' title="bbox 509 5422 2061 5491">
    <p class='ocr_par' dir='ltr' id='par_1_109' title="bbox 509 5422 2061 5491">
     <span class='ocr_line' id='line_1_109' title="bbox 509 5422 2061 5491; baseline 0.003 -20"><span class='ocrx_word' id='word_1_817' title='bbox 509 5431 686 5473; x_wconf 81' lang='lat' dir='ltr'><strong>essent</strong></span> <span class='ocrx_word' id='word_1_818' title='bbox 716 5422 1280 5485; x_wconf 60' lang='lat' dir='ltr'><strong>ejusmodi-meatibus</strong></span> <span class='ocrx_word' id='word_1_819' title='bbox 1308 5434 1593 5476; x_wconf 79' lang='lat' dir='ltr'><strong>instructa.</strong></span> <span class='ocrx_word' id='word_1_820' title='bbox 1639 5423 1906 5476; x_wconf 72' lang='lat' dir='ltr'><strong>Czcterum</strong></span> <span class='ocrx_word' id='word_1_821' title='bbox 1941 5425 2061 5491; x_wconf 83' lang='lat' dir='ltr'><strong>quia</strong></span> 
     </span>
    </p>
   </div>
   <div class='ocr_carea' id='block_1_110' title="bbox 2179 4975 3760 5054">
    <p class='ocr_par' dir='ltr' id='par_1_110' title="bbox 2179 4975 3760 5054">
     <span class='ocr_line' id='line_1_110' title="bbox 2179 4975 3760 5054; baseline 0.006 -31"><span class='ocrx_word' id='word_1_822' title='bbox 2179 4991 2317 5035; x_wconf 85' lang='grc' dir='ltr'>τινες</span> <span class='ocrx_word' id='word_1_823' title='bbox 2359 4975 2657 5043; x_wconf 83' lang='grc' dir='ltr'>ἀναγκαῖαι</span> <span class='ocrx_word' id='word_1_824' title='bbox 2700 4976 2916 5039; x_wconf 82' lang='grc' dir='ltr'>διέξοδοι</span> <span class='ocrx_word' id='word_1_825' title='bbox 2956 4982 3098 5032; x_wconf 85' lang='grc' dir='ltr'><strong>κατά</strong></span> <span class='ocrx_word' id='word_1_826' title='bbox 3143 4980 3249 5031; x_wconf 89' lang='grc' dir='ltr'><strong>τῶν</strong></span> <span class='ocrx_word' id='word_1_827' title='bbox 3281 4980 3337 5030; x_wconf 80' lang='grc' dir='ltr'>ὲν</span> <span class='ocrx_word' id='word_1_828' title='bbox 3368 4982 3501 5048; x_wconf 83' lang='grc' dir='ltr'>ἡμῖν</span> <span class='ocrx_word' id='word_1_829' title='bbox 3532 4982 3760 5054; x_wconf 82' lang='grc' dir='ltr'>ἑκάστῳ</span> 
     </span>
    </p>
   </div>
   <div class='ocr_carea' id='block_1_111' title="bbox 2180 5065 3759 5137">
    <p class='ocr_par' dir='ltr' id='par_1_111' title="bbox 2180 5065 3759 5137">
     <span class='ocr_line' id='line_1_111' title="bbox 2180 5065 3759 5137; baseline 0.009 -24"><span class='ocrx_word' id='word_1_830' title='bbox 2180 5065 2360 5131; x_wconf 83' lang='grc' dir='ltr'>μελῶν</span> <span class='ocrx_word' id='word_1_831' title='bbox 2415 5070 2762 5134; x_wconf 69' lang='grc' dir='ltr'>τρεφομένων</span> <span class='ocrx_word' id='word_1_832' title='bbox 2803 5069 2861 5118; x_wconf 86' lang='grc' dir='ltr'><strong>τὸ</strong></span> <span class='ocrx_word' id='word_1_833' title='bbox 2891 5069 3146 5137; x_wconf 84' lang='grc' dir='ltr'>περιττὸν</span> <span class='ocrx_word' id='word_1_834' title='bbox 3203 5071 3580 5137; x_wconf 83' lang='grc' dir='ltr'>ἀποπέμπειν·</span> <span class='ocrx_word' id='word_1_835' title='bbox 3634 5069 3759 5128; x_wconf 76' lang='grc' dir='ltr'>οἷον</span> 
     </span>
    </p>
   </div>
   <div class='ocr_carea' id='block_1_112' title="bbox 2175 5156 3760 5230">
    <p class='ocr_par' dir='ltr' id='par_1_112' title="bbox 2175 5156 3760 5230">
     <span class='ocr_line' id='line_1_112' title="bbox 2175 5156 3760 5230; baseline 0.006 -24"><span class='ocrx_word' id='word_1_836' title='bbox 2175 5156 2416 5222; x_wconf 77' lang='grc' dir='ltr'>κεφαλῆς</span> <span class='ocrx_word' id='word_1_837' title='bbox 2443 5158 2853 5226; x_wconf 83' lang='grc' dir='ltr'>περιττώματα,</span> <span class='ocrx_word' id='word_1_838' title='bbox 2892 5160 3097 5228; x_wconf 81' lang='grc' dir='ltr'>τρίχες,</span> <span class='ocrx_word' id='word_1_839' title='bbox 3135 5161 3229 5212; x_wconf 86' lang='grc' dir='ltr'><strong>καί</strong></span> <span class='ocrx_word' id='word_1_840' title='bbox 3262 5161 3330 5214; x_wconf 77' lang='grc' dir='ltr'>τὰ</span> <span class='ocrx_word' id='word_1_841' title='bbox 3359 5163 3466 5214; x_wconf 76' lang='grc' dir='ltr'><strong>ἀπὸ</strong></span> <span class='ocrx_word' id='word_1_842' title='bbox 3500 5166 3760 5230; x_wconf 74' lang='grc' dir='ltr'>κεφαλῆς</span> 
     </span>
    </p>
   </div>
   <div class='ocr_carea' id='block_1_113' title="bbox 2176 5245 3761 5321">
    <p class='ocr_par' dir='ltr' id='par_1_113' title="bbox 2176 5245 3761 5321">
     <span class='ocr_line' id='line_1_113' title="bbox 2176 5245 3761 5321; baseline 0.009 -25"><span class='ocrx_word' id='word_1_843' title='bbox 2176 5245 2418 5312; x_wconf 78' lang='grc' dir='ltr'>ὑδατώδη</span> <span class='ocrx_word' id='word_1_844' title='bbox 2453 5249 2801 5316; x_wconf 85' lang='grc' dir='ltr'>πεμπόμενα.</span> <span class='ocrx_word' id='word_1_845' title='bbox 2822 5251 2912 5302; x_wconf 75' lang='grc' dir='ltr'><strong>καὶ</strong></span> <span class='ocrx_word' id='word_1_846' title='bbox 2933 5252 3166 5316; x_wconf 68' lang='grc' dir='ltr'>γαστρὸς</span> <span class='ocrx_word' id='word_1_847' title='bbox 3202 5253 3623 5321; x_wconf 79' lang='grc' dir='ltr'>διαχωρήματα,</span> <span class='ocrx_word' id='word_1_848' title='bbox 3655 5262 3761 5311; x_wconf 74' lang='grc' dir='ltr'><strong>καὶ</strong></span> 
     </span>
    </p>
   </div>
   <div class='ocr_carea' id='block_1_114' title="bbox 2172 5337 3752 5417">
    <p class='ocr_par' dir='ltr' id='par_1_114' title="bbox 2172 5337 3752 5417">
     <span class='ocr_line' id='line_1_114' title="bbox 2172 5337 3752 5417; baseline 0.011 -31"><span class='ocrx_word' id='word_1_849' title='bbox 2172 5337 2348 5388; x_wconf 84' lang='grc' dir='ltr'>τοίνυν</span> <span class='ocrx_word' id='word_1_850' title='bbox 2376 5340 2484 5391; x_wconf 90' lang='grc' dir='ltr'><strong>τῶν</strong></span> <span class='ocrx_word' id='word_1_851' title='bbox 2518 5343 2910 5408; x_wconf 82' lang='grc' dir='ltr'>σπερματικῶν</span> <span class='ocrx_word' id='word_1_852' title='bbox 2949 5343 3134 5410; x_wconf 81' lang='grc' dir='ltr'>πόρων</span> <span class='ocrx_word' id='word_1_853' title='bbox 3182 5347 3359 5396; x_wconf 82' lang='grc' dir='ltr'>ἐκεῖνο</span> <span class='ocrx_word' id='word_1_854' title='bbox 3390 5348 3752 5417; x_wconf 82' lang='grc' dir='ltr'>περίττωμα.</span> 
     </span>
    </p>
   </div>
   <div class='ocr_carea' id='block_1_115' title="bbox 2173 5429 3757 5510">
    <p class='ocr_par' dir='ltr' id='par_1_115' title="bbox 2173 5429 3757 5510">
     <span class='ocr_line' id='line_1_115' title="bbox 2173 5429 3757 5510; baseline 0.009 -31"><span class='ocrx_word' id='word_1_855' title='bbox 2173 5429 2306 5496; x_wconf 74' lang='grc' dir='ltr'>Ποία</span> <span class='ocrx_word' id='word_1_856' title='bbox 2332 5432 2507 5482; x_wconf 82' lang='grc' dir='ltr'>τοίνυν</span> <span class='ocrx_word' id='word_1_857' title='bbox 2523 5432 2640 5483; x_wconf 73' lang='grc' dir='ltr'>ἐστι</span> <span class='ocrx_word' id='word_1_858' title='bbox 2662 5434 2795 5501; x_wconf 81' lang='grc' dir='ltr'>πρὸς</span> <span class='ocrx_word' id='word_1_859' title='bbox 2810 5429 3015 5495; x_wconf 78' lang='grc' dir='ltr'>Θεοῦ,ῶ</span> <span class='ocrx_word' id='word_1_860' title='bbox 3033 5436 3307 5502; x_wconf 72' lang='grc' dir='ltr'>πρεσϐῦτα</span> <span class='ocrx_word' id='word_1_861' title='bbox 3330 5436 3757 5510; x_wconf 76' lang='grc' dir='ltr'>θεοφιλέστατε,</span> 
     </span>
    </p>
   </div>
   <div class='ocr_carea' id='block_1_116' title="bbox 512 5511 2064 5580">
    <p class='ocr_par' dir='ltr' id='par_1_116' title="bbox 512 5511 2064 5580">
     <span class='ocr_line' id='line_1_116' title="bbox 512 5511 2064 5580; baseline 0.005 -22"><span class='ocrx_word' id='word_1_862' title='bbox 512 5511 882 5576; x_wconf 69' lang='lat' dir='ltr'><strong>prmvertenda</strong></span> <span class='ocrx_word' id='word_1_863' title='bbox 912 5522 1038 5564; x_wconf 87' lang='lat' dir='ltr'><strong>sunt</strong></span> <span class='ocrx_word' id='word_1_864' title='bbox 1059 5513 1423 5580; x_wconf 76' lang='lat' dir='ltr'><strong>improborum</strong></span> <span class='ocrx_word' id='word_1_865' title='bbox 1449 5524 1759 5580; x_wconf 81' lang='lat' dir='ltr'><strong>argumenta</strong></span> <span class='ocrx_word' id='word_1_866' title='bbox 1798 5531 1810 5564; x_wconf 91' lang='lat'><strong>:</strong></span> <span class='ocrx_word' id='word_1_867' title='bbox 1839 5514 2064 5567; x_wconf 69' lang='lat' dir='ltr'><strong>fortasse</strong></span> 
     </span>
    </p>
   </div>
   <div class='ocr_carea' id='block_1_117' title="bbox 511 5601 2066 5671">
    <p class='ocr_par' dir='ltr' id='par_1_117' title="bbox 511 5601 2066 5671">
     <span class='ocr_line' id='line_1_117' title="bbox 511 5601 2066 5671; baseline 0.005 -18"><span class='ocrx_word' id='word_1_868' title='bbox 511 5601 654 5654; x_wconf 84' lang='lat' dir='ltr'><strong>enim</strong></span> <span class='ocrx_word' id='word_1_869' title='bbox 693 5603 928 5654; x_wconf 78' lang='lat' dir='ltr'><strong>dixerint</strong></span> <span class='ocrx_word' id='word_1_870' title='bbox 966 5621 979 5656; x_wconf 89' lang='lat'><strong>:</strong></span> <span class='ocrx_word' id='word_1_871' title='bbox 1018 5601 1156 5671; x_wconf 81' lang='lat' dir='ltr'><strong>Ergo</strong></span> <span class='ocrx_word' id='word_1_872' title='bbox 1218 5620 1313 5657; x_wconf 79' lang='lat' dir='ltr'><strong>uec</strong></span> <span class='ocrx_word' id='word_1_873' title='bbox 1356 5620 1516 5658; x_wconf 80' lang='lat' dir='ltr'><strong>verus</strong></span> <span class='ocrx_word' id='word_1_874' title='bbox 1571 5620 1757 5657; x_wconf 86' lang='lat' dir='ltr'><strong>eorum</strong></span> <span class='ocrx_word' id='word_1_875' title='bbox 1821 5622 1949 5659; x_wconf 73' lang='lat' dir='ltr'><strong>usus</strong></span> <span class='ocrx_word' id='word_1_876' title='bbox 1983 5619 2066 5660; x_wconf 83' lang='lat' dir='ltr'><strong>est</strong></span> 
     </span>
    </p>
   </div>
   <div class='ocr_carea' id='block_1_118' title="bbox 589 5721 2065 5793">
    <p class='ocr_par' dir='ltr' id='par_1_118' title="bbox 589 5721 2065 5793">
     <span class='ocr_line' id='line_1_118' title="bbox 589 5721 2065 5793; baseline 0.013 -28"><span class='ocrx_word' id='word_1_877' title='bbox 589 5734 602 5750; x_wconf 77' lang='grc' dir='ltr'>ι</span> <span class='ocrx_word' id='word_1_878' title='bbox 631 5721 734 5769; x_wconf 78' lang='lat' dir='ltr'><strong>Tit.</strong></span> <span class='ocrx_word' id='word_1_879' title='bbox 777 5739 811 5778; x_wconf 74' lang='grc' dir='ltr'><strong>ι.</strong></span> <span class='ocrx_word' id='word_1_880' title='bbox 854 5724 932 5778; x_wconf 76' lang='lat' dir='ltr'><strong>i3.</strong></span> <span class='ocrx_word' id='word_1_881' title='bbox 1017 5729 1032 5756; x_wconf 84' lang='grc'>²</span> <span class='ocrx_word' id='word_1_882' title='bbox 1075 5725 1188 5778; x_wconf 65' lang='lat' dir='ltr'><strong>.‘i-&quot;t.</strong></span> <span class='ocrx_word' id='word_1_883' title='bbox 1238 5742 1362 5789; x_wconf 60' lang='grc' dir='ltr'>ἰι-ιι,</span> <span class='ocrx_word' id='word_1_884' title='bbox 1414 5728 1498 5780; x_wconf 71' lang='lat'><strong>‘23.</strong></span> <span class='ocrx_word' id='word_1_885' title='bbox 1577 5729 1592 5757; x_wconf 81' lang='grc'><strong>³</strong></span> <span class='ocrx_word' id='word_1_886' title='bbox 1625 5729 1808 5784; x_wconf 71' lang='lat' dir='ltr'><strong>Matth.</strong></span> <span class='ocrx_word' id='word_1_887' title='bbox 1853 5747 1936 5793; x_wconf 72' lang='lat' dir='ltr'><strong>xv,</strong></span> <span class='ocrx_word' id='word_1_888' title='bbox 1979 5731 2065 5784; x_wconf 73' lang='lat'><strong>‘20.</strong></span> 
     </span>
    </p>
   </div>
   <div class='ocr_carea' id='block_1_119' title="bbox 2148 5732 2642 5797">
    <p class='ocr_par' dir='ltr' id='par_1_119' title="bbox 2148 5732 2642 5797">
     <span class='ocr_line' id='line_1_119' title="bbox 2148 5732 2642 5797; baseline 0.012 -12"><span class='ocrx_word' id='word_1_889' title='bbox 2148 5732 2160 5760; x_wconf 74' lang='lat'><strong>&#39;*</strong></span> <span class='ocrx_word' id='word_1_890' title='bbox 2198 5733 2235 5786; x_wconf 85' lang='lat' dir='ltr'><strong>ll</strong></span> <span class='ocrx_word' id='word_1_891' title='bbox 2273 5735 2412 5792; x_wconf 79' lang='lat' dir='ltr'><strong>Pctr.</strong></span> <span class='ocrx_word' id='word_1_892' title='bbox 2450 5753 2522 5797; x_wconf 80' lang='grc' dir='ltr'>ιιι,</span> <span class='ocrx_word' id='word_1_893' title='bbox 2567 5737 2642 5791; x_wconf 81' lang='lat' dir='ltr'><strong>l6.</strong></span> 
     </span>
    </p>
   </div>
   <div class='ocr_carea' id='block_1_120' title="bbox 2176 5519 3754 5598">
    <p class='ocr_par' dir='ltr' id='par_1_120' title="bbox 2176 5519 3754 5598">
     <span class='ocr_line' id='line_1_120' title="bbox 2176 5519 3754 5598; baseline 0.009 -30"><span class='ocrx_word' id='word_1_894' title='bbox 2176 5519 2436 5586; x_wconf 84' lang='grc' dir='ltr'>ἁμαρτία,</span> <span class='ocrx_word' id='word_1_895' title='bbox 2458 5522 2619 5573; x_wconf 78' lang='grc' dir='ltr'>αὐτοῦ</span> <span class='ocrx_word' id='word_1_896' title='bbox 2655 5524 2740 5574; x_wconf 82' lang='grc' dir='ltr'>τοῦ</span> <span class='ocrx_word' id='word_1_897' title='bbox 2765 5524 3064 5587; x_wconf 69' lang='grc' dir='ltr'>πλάσαντος</span> <span class='ocrx_word' id='word_1_898' title='bbox 3088 5527 3145 5578; x_wconf 81' lang='grc' dir='ltr'>τὸ</span> <span class='ocrx_word' id='word_1_899' title='bbox 3159 5525 3265 5590; x_wconf 80' lang='grc' dir='ltr'>ζῶν</span> <span class='ocrx_word' id='word_1_900' title='bbox 3282 5531 3559 5582; x_wconf 82' lang='grc' dir='ltr'>Δεσπότου</span> <span class='ocrx_word' id='word_1_901' title='bbox 3577 5531 3711 5598; x_wconf 83' lang='grc' dir='ltr'><strong>Θελή</strong></span> <span class='ocrx_word' id='word_1_902' title='bbox 3735 5562 3754 5575; x_wconf 74' lang='grc' dir='ltr'><strong><em>ο</em></strong></span> 
     </span>
    </p>
   </div>
   <div class='ocr_carea' id='block_1_121' title="bbox 2177 5613 3753 5693">
    <p class='ocr_par' dir='ltr' id='par_1_121' title="bbox 2177 5613 3753 5693">
     <span class='ocr_line' id='line_1_121' title="bbox 2177 5613 3753 5693; baseline 0.011 -33"><span class='ocrx_word' id='word_1_903' title='bbox 2177 5628 2362 5672; x_wconf 59' lang='lat' dir='ltr'><strong>cavsa;</strong></span> <span class='ocrx_word' id='word_1_904' title='bbox 2395 5613 2485 5664; x_wconf 69' lang='grc' dir='ltr'><strong>καὶ</strong></span> <span class='ocrx_word' id='word_1_905' title='bbox 2505 5615 2828 5684; x_wconf 50' lang='lat' dir='ltr'><strong>radiante;</strong></span> <span class='ocrx_word' id='word_1_906' title='bbox 2850 5617 3023 5669; x_wconf 81' lang='grc' dir='ltr'>ταῦτα</span> <span class='ocrx_word' id='word_1_907' title='bbox 3051 5621 3115 5671; x_wconf 71' lang='grc' dir='ltr'>τὰ</span> <span class='ocrx_word' id='word_1_908' title='bbox 3138 5619 3271 5689; x_wconf 87' lang='grc' dir='ltr'>μέλη</span> <span class='ocrx_word' id='word_1_909' title='bbox 3293 5620 3552 5685; x_wconf 76' lang='grc' dir='ltr'>τοιαύτας</span> <span class='ocrx_word' id='word_1_910' title='bbox 3593 5624 3753 5693; x_wconf 66' lang='grc' dir='ltr'>ἔχειν</span> 
     </span>
    </p>
   </div>
   <div class='ocr_carea' id='block_1_122' title="bbox 2724 5740 3186 5801">
    <p class='ocr_par' dir='ltr' id='par_1_122' title="bbox 2724 5740 3186 5801">
     <span class='ocr_line' id='line_1_122' title="bbox 2724 5740 3186 5801; baseline 0.006 -9"><span class='ocrx_word' id='word_1_911' title='bbox 2724 5741 2784 5792; x_wconf 77' lang='grc'><strong>⁵1</strong></span> <span class='ocrx_word' id='word_1_912' title='bbox 2822 5740 2943 5794; x_wconf 67' lang='grc' dir='ltr'>αυτ.</span> <span class='ocrx_word' id='word_1_913' title='bbox 2989 5757 3104 5801; x_wconf 82' lang='lat' dir='ltr'><strong>\‘tu.</strong></span> <span class='ocrx_word' id='word_1_914' title='bbox 3135 5742 3186 5795; x_wconf 83' lang='lat'><strong>8.</strong></span> 
     </span>
    </p>
   </div>
  </div>
