4018 6484
235 365 342 428 ΜΔ)

236 490 505 556 διεξόδους
526 509 540 557 ;
574 494 790 567 Ἐπειδὴ
820 497 874 548 δὲ

237 585 492 654 πονηρῶν
522 587 895 656 ἐναντιώματα
913 630 927 652 ,
956 591 1157 644 εἴποιεν
1187 591 1293 662 γὰρ
1318 593 1381 646 ἄν
1404 610 1416 622 ·
1454 595 1565 645 υύκ
1590 591 1679 646 οὖν
1705 595 1802 646 οὐκ

235 673 388 726 ἐστιν
424 677 669 745 ἁμαρτία
713 678 829 728 οὐδὲ
862 678 892 746 ή
941 678 1142 748 ἀληθὴς
1179 681 1398 749 χρῆσις,
1432 682 1479 732 εἰ
1505 681 1570 732 τά
1601 680 1802 749 ὄργανα

241 765 394 832 παρά
423 765 516 817 τοῦ
544 768 884 835 Δημιουργοῦ
916 768 1328 825 διαπέπλασται.
1480 771 1622 840 Πρὸς
1648 771 1801 824 τοῦτο

237 854 672 924 ἐρωτηματικῶς
706 858 900 918 αὐτοὺς
931 856 1225 927 παύσωμεν
1265 859 1593 926 φάσκοντες·
1635 861 1800 912 Ποίαν

237 940 416 1008 λέγεις
437 943 651 1011 χρῆσιν,
669 944 766 1011 τὴν
793 943 1008 1013 ἔννομον
1025 985 1038 1006 ,
1067 945 1132 1014 ἢν
1159 945 1252 998 καὶ
1281 949 1308 998 ὀ
1332 946 1462 1009 Θεὸς
1485 948 1797 1018 ἐπέτρεψεν,

236 1029 584 1094 Δὺξὰνεσθε
604 1073 616 1093 ,
649 1032 852 1100 λέγων,
885 1034 982 1086 καὶ
1023 1037 1418 1102 πληθύνεσθε,
1455 1037 1550 1088 καὶ
1576 1015 1799 1104 ﬂabit-(b-

236 1137 389 1174 σατε
429 1123 542 1189 τὴν
571 1122 718 1191 τῆν’
767 1125 834 1194 ἢν
865 1127 892 1177 ὁ
928 1126 1243 1188 Ἀπόστολος
1278 1126 1568 1190 ἀπεδέξατο
1597 1127 1761 1179 εἰπών
1781 1143 1794 1157 ·

241 1215 436 1280 Τίμιος
467 1218 500 1266 ό
530 1214 716 1282 γάμος
758 1217 855 1268 καὶ
908 1217 945 1281 ἠ
977 1218 1141 1283 κοίτη
1175 1218 1457 1285 ἀμίαντος
1479 1236 1492 1249 ο
1523 1218 1554 1287 ἢ
1583 1218 1678 1288 τὴν
1710 1220 1801 1288 δη-

237 1301 388 1372 μώδη
417 1303 537 1371 μὲν,
565 1303 831 1372 λαθραίως
853 1304 906 1356 δὲ
938 1306 1028 1356 καὶ¹
1063 1306 1322 1374 μοιχικῶς
1349 1307 1795 1376 ὲπιτελουμὲνηνς

251 1393 403 1444 Ἐπεὶ
428 1393 645 1446 καὶτῶν
666 1393 857 1456 ἄλλων,
882 1393 989 1445 τῶν
1010 1395 1066 1446 ἑν
1089 1393 1165 1463 τῷ
1186 1394 1283 1463 βίῳ
1304 1394 1620 1462 γινομένων,
1643 1395 1800 1464 εὑρή-

234 1498 400 1537 σουεν
425 1484 522 1546 τάς
554 1484 812 1554 διαφοράς
840 1484 979 1537 κατά
1006 1502 1056 1536 τι
1084 1485 1369 1554 γινομένας
1388 1502 1401 1516 ·
1423 1481 1532 1538 οἷον
1558 1485 1798 1553 φονεύειν

234 1574 338 1626 οὔκ
366 1575 591 1638 ἔξεστιν.
626 1574 738 1627 ἀλλ’
767 1576 821 1627 ὲν
839 1575 1091 1645 πολέμοις
1240 1577 1482 1644 ἀναιρεῖν
1506 1576 1628 1637 τοὺς
1648 1575 1797 1626 ἀντι-

234 1663 435 1728 πάλους
457 1666 552 1717 καὶ
581 1665 802 1734 ἔννομον
825 1666 916 1718 καὶ
943 1665 1161 1718 ἐπαίνου
1185 1661 1351 1730 ἀξιον.
1380 1664 1533 1717 Οὕτω
1550 1663 1678 1731 γοῦν
1704 1663 1796 1716 καὶ

234 1755 406 1823 τιμῶν
429 1756 678 1824 μεγάλων
693 1758 741 1808 οί
759 1756 898 1808 κατά
917 1757 1148 1826 πόλεμον
1165 1755 1581 1826 ἀριστεύσαντες
1599 1753 1796 1819 ἀξιοῦν·

1229 376 1310 434 1N
1349 377 1586 436 El‘iS’l‘.
1629 375 1689 437 S.
1735 373 2137 435 ΑΤῙΙΑΝΑΞΙΙ
2173 376 2396 435 ALEX.

1040 496 1119 550 δεῖ
1147 500 1582 571 προσλαμϐάνειν
1611 502 1675 553 τὰ
1699 503 1788 555 τῶι

1901 507 2200 566 peccatum,
2227 497 2491 566 siquidem
2529 513 2723 567 organa
2756 513 2784 552 a
2811 499 3087 554 conditore
3118 498 3259 553 facta
3289 511 3454 564 sunt;

3355 379 3460 441 550

1902 585 1972 637 ita
2021 585 2366 652 loquentibus
2417 585 2522 638 illis
2568 584 2668 639 hac
2718 587 3134 656 interrogatione
3186 586 3454 642 silentium

1901 675 2240 742 imponamus
2269 694 2280 728 :
2313 676 2481 741 Quem
2509 679 2646 732 dicis
2676 695 2854 742 usum,
2889 679 3272 747 legitimumne,
3292 693 3451 746 quem

1900 762 2041 816 Deus
2095 765 2176 818 his
2214 769 2456 834 permisit
2499 769 2718 822 verbis:
2757 767 2998 832 Crescite,
3048 779 3096 821 et
3132 769 3453 836 multiplica-

1901 857 2060 915 mini,
2103 866 2150 909 et
2196 859 2382 925 replete
2429 869 2620 912 terram
2657 869 2674 899 ι
2706 877 2718 911 :
2749 877 2907 929 quem
2963 871 3014 915 et
3055 863 3168 928 ipse
3207 861 3453 928 probavit

1897 946 2215 1012 Apostolus,
2267 963 2386 1001 cum
2439 950 2574 1002 dixit
2612 968 2624 1001 :
2663 950 2982 1004 [fauorabile
3036 951 3346 1003 contmbium
3404 962 3452 1004 et

1902 1035 2076 1087 thorus
2131 1038 2498 1092 immaculata:
2537 1047 2595 1105 ²;
2663 1057 2730 1093 an
2800 1042 3071 1110 publicum
3138 1043 3286 1094 illum
3359 1042 3450 1106 qui

1896 1126 2201 1180 clanculum
2244 1137 2296 1181 et
2341 1130 2623 1184 libidinose
2655 1133 2974 1186 exercetur?
3001 1131 3131 1184 Nam
3162 1133 3214 1184 in
3243 1132 3454 1185 caeteris

1901 1231 2135 1284 quoque,
2161 1233 2258 1286 per
2289 1219 2427 1272 hanc
2451 1222 2611 1274 vitam
2643 1223 2728 1291 agi
2766 1222 2958 1282 solitis,
2984 1222 3227 1290 quaedam
3255 1235 3449 1273 occur-

1898 1310 2027 1354 runt
2058 1304 2245 1372 agendi
2277 1305 2588 1360 discrimina
2621 1328 2634 1361 :
2671 1307 2829 1375 quale
2860 1308 3105 1361 occidere
3140 1322 3244 1361 non
3287 1305 3446 1372 licet;

1898 1399 1952 1442 at
1978 1393 2030 1441 in
2060 1390 2198 1444 bello
2226 1393 2566 1447 adversarios
2596 1393 2917 1457 interficere,
2945 1406 3000 1448 et
3031 1396 3349 1464 legitimum,
3398 1403 3452 1447 et

1899 1475 2055 1530 laude
2079 1478 2297 1546 dignum
2323 1490 2420 1533 est.
2459 1478 2546 1534 Sic
2569 1482 2778 1550 magnis
2803 1481 3071 1535 donantur
3102 1482 3334 1550 praemiis
3355 1483 3448 1551 qui

1897 1583 1955 1622 se
1989 1569 2041 1622 in
2077 1569 2214 1622 bello
2241 1579 2456 1624 strenue
2482 1579 2695 1640 gerunt,
2721 1571 2972 1639 eippique
2998 1571 3299 1639 eriguntur,
3330 1585 3450 1639 qua:

1898 1659 2152 1725 praeclara
2178 1674 2366 1713 eorum
2413 1660 2684 1712 celebrent
2715 1659 2973 1714 facinora.
3005 1659 3185 1727 Itaque
3213 1660 3446 1728 idipsum

1897 1745 2128 1812 quodam
2162 1746 2343 1808 modo,
2373 1756 2426 1799 et
2450 1748 2682 1814 quodam
2719 1757 2956 1815 tempore
2981 1761 3087 1800 non
3117 1747 3276 1800 licet:
3310 1762 3448 1815 qua-

233 1863 322 1898 mt
345 1889 360 1910 ,
407 1849 500 1898 καὶ
550 1846 738 1916 στῆλαι
771 1845 971 1899 τούτων
999 1847 1296 1945 ἐγείρονται
1330 1846 1691 1916 κηρύττουσαι
1729 1847 1788 1897 τὰ

1895 1834 2016 1888 dam
2077 1844 2253 1889 autem
2306 1835 2513 1888 ratione
2560 1845 2612 1889 et
2659 1836 3055 1905 opportunitate
3121 1837 3450 1904 permittitur

2967 1928 3005 1945 .,

233 1936 652 2006 κατορθώματα.
689 1936 848 1988 Ὥστε
877 1936 937 1987 τὺ
971 1936 1272 1990 αὐτδ’κατά
1302 1954 1354 1988 τι
1391 1936 1488 2005 μὲν
1530 1938 1623 1988 καὶ
1657 1938 1795 1990 κατὰ

232 2027 419 2096 καιρὸν
445 2028 544 2078 οὐκ
576 2027 782 2092 ἔξεστι,
813 2027 952 2080 κατά
988 2045 1040 2079 τι
1075 2027 1130 2079 δὲ
1162 2029 1253 2079 καὶ
1281 2027 1548 2096 εὐκαίρως
1579 2027 1792 2094 ἀφίεται

232 2119 329 2168 καὶ
376 2116 807 2187 συγκεχώρηται.
1012 2119 1068 2170 '0
1098 2118 1256 2178 αὐτὸς
1295 2117 1472 2168 τοίνυν
1515 2116 1668 2183 λόγος
1702 2118 1793 2168 καὶ

232 2207 360 2276 περὶ
387 2208 483 2276 τῆς
510 2207 729 2276 μίξεως·
754 2207 1031 2277 Μακάριος
1054 2207 1109 2269 ὃς
1132 2208 1188 2258 ἐν
1217 2207 1444 2276 νεότητι.
1475 2205 1632 2271 ζυγὸν
1657 2204 1792 2274 έχων

232 2296 543 2366 ἐλεύθερον,
578 2300 642 2366 τῇ
688 2297 844 2363 φύσει
889 2299 1017 2367 πρὸς
1047 2296 1382 2350 παιδοποιίαν
1413 2295 1708 2366 κέχρηται·
1743 2296 1789 2347 εί

231 2389 283 2439 δε
323 2389 454 2456 πρὸς
486 2387 789 2454 ἀσέλγειαν,
823 2389 1056 2458 πόρνους
1104 2389 1194 2439 καὶ
1226 2388 1443 2456 μοιχοὺς
1472 2389 1504 2456 ἡ
1539 2387 1686 2456 παρά
1715 2385 1792 2454 τῷ

242 2475 550 2545 Ἀποστόλῳ
573 2479 840 2544 γραφεῖσα
857 2475 1093 2546 τιμωρία
1119 2476 1409 2540 ἐκδέξεται.
1561 2475 1662 2526 Δύο
1683 2476 1791 2546 γὰρ

230 2565 404 2616 οὐσῶν
432 2565 566 2616 ὁδῶν
592 2567 647 2616 ὲν
669 2565 744 2634 τῷ
766 2564 863 2634 βίῳ
885 2565 1009 2634 περὶ
1034 2563 1254 2626 τούτων,
1291 2564 1416 2633 μιᾶς
1443 2565 1538 2633 μὲν
1565 2580 1791 2634 μετριω-

229 2654 392 2722 τέρας
432 2655 525 2704 καὶ
560 2652 845 2721 βιωτικῆς,
876 2651 968 2704 τοῦ
996 2652 1171 2720 γάμου
1195 2652 1338 2719 λέγω
1357 2668 1369 2680 ⁸
1402 2652 1497 2720 τῆς
1523 2652 1578 2705 δὲ
1601 2653 1792 2723 ἑτέρας

229 2741 525 2809 ἀγγελικῖῃ
559 2740 650 2791 καὶ
684 2738 1102 2809 ἀνυπερϐλήτου,
1133 2736 1232 2807 τῆς
1254 2739 1545 2808 παρθενίας
1569 2757 1582 2770 ·
1615 2741 1660 2792 εί
1694 2740 1790 2808 μέν

227 2848 312 2893 τις
339 2831 435 2900 τὴν
462 2830 748 2899 κοσμικὴν,
782 2828 923 2880 τοῦτ’
953 2828 1064 2880 ἐστι
1095 2828 1183 2880 τὸν
1213 2829 1410 2898 γάμον,
1435 2831 1623 2886 ἕλοιτο.
1652 2830 1789 2899 μέμ-

228 2921 321 2987 ψιν
355 2922 450 2988 μὲν
481 2920 580 2971 οὐκ
614 2917 724 2987 ἔχει
743 2934 755 2946 ⁸
788 2917 1019 2970 τοσαῦτα
1041 2917 1096 2969 δὲ
1118 2917 1428 2988 χαρίσματα
1459 2921 1517 2972 ού
1541 2920 1785 2989 λήψεται.

229 3009 470 3078 Λήψεται
505 3008 614 3076 γάρ
634 3047 648 3072 ,
684 3007 907 3077 ἐπείπερ
937 3007 1088 3076 φέρει
1118 3006 1212 3061 καὶ
1256 3010 1415 3072 αὐτὸς
1450 3009 1656 3079 καρπὸν
1683 3008 1788 3060 τῶν

227 3100 547 3167 τριάκοντα.
713 3097 777 3149 Et
802 3097 861 3155 ,δὲ
894 3098 993 3170 τὴν
1020 3099 1185 3168 ἁγνήν
1213 3116 1293 3160 τις
1322 3099 1788 3168 κα¹ιύπερκόσμιον

229 3165 542 3250 ἀσπάσοιτο,
568 3187 616 3239 εί
643 3186 733 3238 καὶ
759 3165 984 3259 τραχεῖα
1005 3165 1153 3259 παρά
1178 3174 1274 3258 τῆν
1301 3187 1517 3259 πρώτην
1539 3165 1640 3240 *καὶ
1667 3165 1788 3238 δυσ-

1887 3179 2204 3235 lentioribus
2257 3181 2344 3236 ille
2393 3183 2706 3237 muneribus
2739 3175 3052 3238 'donandus
3103 3193 3184 3236 est
3233 3199 3246 3236 :

229 3279 567 3348 κατόρθωτος
601 3279 637 3350 ἡ
664 3279 809 3343 ὁδὸς,
839 3281 986 3349 ὅμως
1008 3281 1117 3348 ἔχει
1144 3280 1456 3350 χαρίσματα
1474 3277 1787 3346 θαυμασιώο

225 3386 390 3440 τερα·
424 3371 516 3423 τὸν
546 3371 653 3440 γάρ
683 3370 884 3422 τέλειον
919 3371 1123 3440 καρπὸν
1152 3371 1247 3439 τὴν
1281 3368 1603 3420 ἑκατοντάδα
1632 3368 1787 3420 ὲὸλά-

234 3470 447 3526 στησεν.
487 3459 646 3510 Ὥστε
672 3459 738 3512 τὰ
768 3458 1047 3526 ἀκάθαρτα
1074 3458 1248 3510 αὑτῶν
1275 3457 1367 3508 καὶ
1395 3457 1601 3525 πονηρά
1625 3455 1789 3525 ζητή-

237 3562 380 3612 ματα
407 3545 587 3607 λύσεις
620 3546 753 3607 ἰδίας
784 3545 904 3613 ἔσχε
938 3547 1027 3598 καὶ
1062 3546 1210 3614 παρά
1239 3545 1343 3598 τῶν
1378 3545 1533 3597 θείων
1560 3546 1785 3614 Γραφῶν

234 3635 397 3687 πάλαι
428 3634 802 3704 προλυθείσας.
873 3636 1225 3706 ’Υποστήριζε
1258 3636 1452 3698 τοίνυν,
1505 3631 1549 3688 ὦ
1583 3635 1782 3702 Πάτερ,

232 3725 329 3785 τὰς
361 3724 466 3776 ὑπὸ
502 3725 694 3776 σαυτὸν
724 3724 949 3791 ἀγέλας,
991 3726 1054 3776 ὲκ
1083 3725 1187 3778 τῶν
1213 3725 1578 3778 ἀποστολικῶν
1611 3742 1785 3792 παρα-

234 3811 436 3869 καλῶν,
606 3812 667 3862 ὲκ
690 3810 793 3862 τῶν
821 3811 1184 3878 εύαγγελικῶν
1210 3812 1559 3881 ψυχαγαγῶν,
1592 3812 1655 3863 ὲκ
1676 3811 1781 3864 τῶν

232 3897 456 3966 ψαλμῶν
489 3897 892 3966 συμϐουλεύων·
924 3898 1127 3966 Ζῆσόν
1155 3915 1229 3966 με
1251 3937 1265 3961 ,
1297 3899 1465 3966 λέγων
1487 3936 1501 3960 ,
1547 3897 1693 3950 κατὰ
1718 3898 1784 3949 τὸ

233 3989 435 4055 ,λόγιόν
465 4004 603 4041 σου·
640 3988 812 4055 λόγιον
833 3991 886 4042 δὲ
924 3988 1086 4042 αὑτοῦ
1113 3990 1173 4040 τὸ
1206 3991 1267 4042 ὲκ
1293 3990 1535 4060 καθαρᾶς
1564 3988 1786 4057 καρδίας

232 4073 510 4143 λατρεύειν
533 4073 696 4143 αὐτῷ.
731 4074 896 4127 Τοῦτο
917 4075 1022 4146 γὰρ
1049 4074 1200 4138 εἰδὼς
1227 4077 1255 4128 ὁ
1287 4076 1445 4139 αὐτὸς
1473 4076 1781 4147 Προφήτης,

232 4160 418 4230 ὥσπερ
447 4163 638 4214 ἑαυτὸν
669 4164 1054 4234 μεταφράζων,
1112 4163 1289 4231 λέγει·
1320 4158 1580 4231 Καρδίαν
1605 4167 1786 4217 καθα-

230 4254 342 4316 ρὰν
366 4254 580 4305 κτίσον
606 4254 675 4306 ἐν
697 4254 845 4320 ἐμοὶ.
873 4257 904 4307 ό
936 4256 1074 4319 Θεός
1094 4269 1109 4285 ⁸
1139 4255 1225 4308 ἵνα
1253 4254 1327 4325 μὴ
1357 4253 1618 4324 ρυπώδεις
1641 4253 1787 4321 λογι-

227 4345 350 4415 σμοί
381 4361 447 4414 με
473 4344 765 4414 ταράξωσι.
799 4346 964 4400 Πάλιν
999 4347 1185 4400 Δαϐίδο
1208 4348 1317 4401 Καὶ
1341 4349 1633 4416 Πνεύματι
1651 4349 1785 4420 ἠττ-

227 4437 448 4502 μονικῷ
480 4436 764 4503 στήριξόν
783 4452 890 4504 με·
921 4437 1024 4500 ἵνα,
1054 4439 1152 4491 κάν
1178 4455 1304 4490 ποτε
1325 4438 1569 4509 λογισμοί
1602 4457 1669 4509 με
1697 4440 1788 4496 θο-

1894 1927 2335 1995 concediturque.
2369 1924 2567 1980 Eadem
2617 1927 2776 1995 igitur
2823 1937 2905 1982 est
2949 1928 3013 1982 de
3060 1928 3203 1981 coitu
3255 1928 3392 1981 ratio
3427 1945 3445 1982 :

1895 2013 2089 2070 Beatus
2119 2017 2210 2084 qui
2244 2017 2296 2069 in
2328 2017 2609 2085 juventute
2639 2018 3046 2087 liberojunetus
3081 2019 3446 2083 matrimonio,

1894 2113 2085 2159 natura
2115 2106 2180 2158 ad
2207 2106 2498 2159 liberorum
2528 2108 2950 2174 procreationem
2987 2122 3116 2162 usus
3139 2116 3222 2161 est
3258 2125 3270 2160 :
3301 2106 3446 2174 quod

1893 2194 1938 2247 si
1990 2194 2054 2247 ad
2099 2196 2410 2258 libidinem,
2469 2194 2826 2251 furnicatores
2876 2207 2929 2251 et
2970 2199 3251 2262 moechos,
3301 2197 3446 2266 quod

1893 2285 2033 2353 apud
2065 2283 2380 2353 Apostolum
2427 2295 2757 2338 memoratur
2781 2325 2796 2349 ,
2829 2287 3149 2353 supplicium
3192 2287 3442 2354 excipiet.

1892 2375 2025 2429 Nam
2060 2375 2251 2444 duplex
2283 2390 2405 2428 cum
2435 2375 2504 2427 sit
2543 2373 2625 2427 via
2664 2375 2715 2426 in
2748 2376 2854 2428 vita
2878 2415 2892 2438 ,
2922 2376 3026 2428 alia
3062 2377 3275 2444 quidem
3309 2376 3445 2430 infc-

1895 2466 2002 2518 rior
2025 2465 2422 2533 vulgariorque,
2450 2465 2776 2528 matrimonii
2808 2466 3046 2531 scilicet;
3071 2469 3176 2519 alia
3202 2481 3326 2520 vero
3347 2482 3444 2520 an-‘

1892 2555 2059 2624 gelica
2093 2563 2146 2608 et
2175 2568 2426 2622 suprema
2459 2554 2698 2606 omnium
2729 2593 2743 2618 ,
2777 2570 2966 2623 nempe
2996 2557 3349 2624 virginitatis;
3395 2556 3442 2610 si

1891 2645 2013 2712 quis
2044 2643 2370 2696 mundanam
2397 2682 2410 2704 ,
2444 2643 2663 2711 nuptias
2695 2643 2948 2695 nimirum
2988 2644 3241 2710 elegerit,
3286 2641 3440 2712 culpa

1889 2735 2103 2804 quidem
2139 2739 2322 2797 vacat,
2367 2732 2458 2786 sed
2509 2741 2585 2786 tot
2631 2742 2886 2802 tantaque
2931 2749 3036 2786 non
3084 2744 3441 2804 consequetur

1891 2823 2050 2877 dona.
2076 2821 2453 2889 Consequetur
2480 2826 2657 2874 tamen
2689 2823 2865 2890 aliqua
2884 2863 2898 2885 ,
2927 2824 2971 2876 si
2999 2824 3212 2891 quidem
3242 2833 3296 2878 et
3324 2829 3439 2894 ipse

1890 2910 1992 2965 fert
2022 2910 2251 2964 fructum
2277 2911 2629 2964 tricesimum.
2660 2909 2716 2962 Si
2745 2911 2868 2978 quis
2893 2927 3017 2965 vero
3046 2921 3248 2965 castam
3282 2928 3441 2964 mun-

1887 2998 2065 3066 doque
2117 2999 2448 3065 superiorem
2491 2996 2771 3064 amplexus
2801 2997 2959 3052 fuerit
2986 3000 3147 3052 vitam
3173 3041 3187 3065 ,
3225 3002 3436 3054 tametsi

1888 3089 2002 3142 haec
2031 3087 2195 3141 altera
2225 3087 2467 3158 asperior
2510 3094 2563 3139 et
2597 3085 2863 3143 ditiicilior
2890 3089 2973 3141 via
3002 3099 3112 3154 est,
3147 3099 3199 3142 at
3252 3090 3433 3145 excel-

3305 3197 3433 3250 per-

1887 3269 2083 3324 fectum
2135 3271 2329 3338 quippe
2371 3271 2642 3335 fructum,
2686 3289 2873 3340 nempe
2905 3273 3255 3326 centesimum
3304 3284 3432 3339 pro-

1885 3359 2054 3412 duxit.
2086 3357 2267 3427 Itaque
2295 3360 2545 3414 obscente
2571 3361 2781 3413 illorum
2819 3370 2977 3428 atque
3007 3360 3251 3426 maligna:
3284 3373 3429 3426 quae-

1886 3448 2126 3508 stiones,
2197 3451 2444 3517 proprias
2515 3451 2712 3504 habent
2766 3451 3060 3504 solutiones
3109 3464 3172 3501 ex
3233 3449 3430 3503 divinis

1886 3535 2178 3604 Scripturis
2205 3537 2314 3605 jam
2351 3538 2476 3590 olim
2509 3539 2718 3592 allatas.
2753 3537 3023 3592 Conﬁrma
3060 3551 3218 3605 ergo,
3248 3534 3428 3601 Pater,

1883 3641 2068 3695 greges
2123 3636 2244 3680 tuos
2273 3667 2286 3691 ,
2320 3629 2735 3698 apostolicisque
2777 3629 2954 3683 verbis
2989 3628 3218 3681 hortare.
3257 3623 3433 3678 Evan-

1883 3718 2063 3786 gelicis
2093 3717 2354 3782 demulce,
2384 3735 2446 3772 ex
2475 3720 2696 3788 psalmis
2730 3721 2794 3773 (Ia
2826 3720 3108 3774 consilium
3150 3733 3163 3771 :
3211 3717 3428 3784 Viri/ica

1885 3823 1982 3870 me,
2015 3807 2219 3871 dicens,
2271 3810 2551 3860 secundum
2589 3809 2844 3878 eloquium
2883 3820 3025 3862 tuum
3066 3813 3085 3843 ³
3116 3826 3127 3860 :
3153 3807 3427 3876 eloquium

1879 3906 2054 3949 autem
2087 3896 2204 3966 ejus
2246 3896 2370 3957 illud
2399 3907 2515 3960 est,
2563 3905 2620 3949 ut
2662 3913 2725 3950 ex
2759 3912 2890 3963 puro
2925 3896 3085 3950 corde
3127 3896 3427 3949 serviamus

1879 3985 1977 4037 illi.
2012 3983 2122 4039 lloe
2151 4001 2271 4038 cum
2304 4001 2408 4039 non
2437 3987 2646 4056 ignoret
2673 3988 2784 4054 ipse
2805 3985 3094 4054 Propheta,
3123 3999 3241 4037 sese
3264 3983 3420 4052 quasi

1880 4074 2260 4142 interpretatur
2280 4075 2483 4129 dicens:
2506 4075 2610 4129 Cor
2627 4075 2874 4127 mundum
2887 4091 3002 4129 rrea
3016 4076 3069 4126 in
3095 4073 3338 4137 me,Deus
3375 4074 3422 4134 ⁸,

1878 4183 1945 4220 ηε
1991 4182 2075 4220 me
2123 4168 2367 4222 obscena:
2417 4170 2771 4238 cogitationes
2821 4174 3158 4226 conturbent.
3215 4171 3426 4225 Rursus

1878 4257 1992 4322 ipse
2024 4256 2182 4310 David
2210 4275 2224 4309 ι
2259 4255 2322 4308 Et
2352 4257 2554 4325 Spiritu
2578 4260 2856 4327 principali
2878 4262 3129 4326 conﬁrma
3155 4275 3229 4311 me
3253 4258 3274 4288 ‘
3314 4302 3328 4321 ,
3369 4268 3427 4311 ut

1868 4346 1914 4402 si
1942 4345 2159 4416 quando
2187 4360 2272 4399 me
2298 4345 2650 4416 cogitationes
2683 4350 3008 4402 conturbent
3036 4386 3048 4410 ,
3079 4347 3253 4400 valida
3283 4363 3344 4400 ex
3378 4357 3427 4400 te

1867 4437 2038 4492 virtus
2072 4452 2158 4491 me
2185 4438 2337 4505 quasi
2372 4437 2520 4491 basis
2554 4435 2762 4490 fulciat.
2819 4434 2943 4490 Hrec
2994 4436 3155 4504 igitur
3201 4445 3252 4488 et
3297 4436 3423 4489 talia

236 4513 577 4592 ρυϐήσωσιν,
617 4525 808 4594 ίσχυρά
860 4541 942 4588 τις
991 4525 1137 4595 παρά
1170 4524 1263 4578 σοῦ
1295 4527 1516 4597 δύναμις
1561 4527 1784 4602 στηρίξτι

1886 4528 2196 4584 :onsulendo
2218 4569 2231 4593 ,
2267 4528 2354 4582 dio
2385 4528 2449 4582 iis
2474 4528 2565 4596 qui
2610 4527 2757 4580 tarde
2785 4525 2994 4578 veritati
3030 4525 3424 4592 obtemperant,

234 4627 324 4681 με,
506 4611 693 4682 ῶσπερ
726 4614 925 4684 κρηπὶς
967 4614 1318 4683 τυγχάνουσα.
1379 4616 1546 4678 Αὐτὸς
1587 4617 1783 4685 τοίνυν,

231 4705 399 4755 ταῦτα
428 4703 523 4755 καὶ
556 4703 622 4754 τά
652 4703 870 4756 τοιαῦτα
894 4705 1268 4774 συμϐουλεύων
1291 4745 1305 4768 ,
1341 4706 1462 4774 λέγε
1492 4707 1626 4776 πρὸς
1660 4710 1784 4771 τοὺς

232 4792 442 4863 βράδιον
484 4795 549 4863 τῇ
584 4791 806 4862 ἀληθείᾳ
839 4793 1207 4862 πειθομένους·
1266 4794 1490 4860 Διδὰξω
1526 4798 1782 4866 ἀνόμους

230 4883 332 4946 τὰς
359 4881 538 4946 ὁδούς
560 4898 702 4934 σου·
734 4883 827 4934 καὶ
853 4881 1066 4954 θαρρῶν
1091 4885 1297 4954 Κυρίῳ,
1327 4885 1405 4937 ὅτι
1431 4885 1636 4948 πείσεις
1660 4887 1774 4938 ἀπο

232 4973 452 5042 σχέσθαι
499 4974 598 5042 τῆς
637 4974 887 5054 τοιαύτης
917 4975 1140 5050 κακίας,
1168 4975 1365 5042 ψάλλε·
1401 4976 1513 5030 Καὶ
1550 4977 1780 5042 ἀσεϐεῖς

225 5065 318 5115 ἐπὶ
353 5063 426 5116 σὲ
589 5065 991 5130 ἐπιτρέψουσι.
1021 5065 1229 5117 Γένοιτο
1249 5067 1305 5118 δὲ
1326 5067 1444 5127 τοὺς
1489 5065 1584 5135 μὲν
1623 5083 1771 5118 κακο-

227 5150 367 5218 ήθως
401 5151 693 5221 ζητοῦντας
728 5151 1032 5205 παύσασθαι
1064 5153 1160 5222 τῆς
1192 5153 1441 5224 τοιαύτης
1491 5169 1768 5222 ματαιοπο-

226 5239 371 5301 νίας·
428 5240 556 5302 τοὺς
584 5240 638 5291 δὲ
672 5240 736 5292 δι’
768 5241 1018 5312 εὐήθειαν
1202 5243 1498 5304 ὲκδυαστῶς
1541 5242 1778 5311 ἔχοντας,

225 5327 530 5396 ἡγεμονικῷ
564 5329 834 5397 Πνεύματι
877 5331 1271 5401 κρατυνθῆναι·
1302 5334 1413 5385 ὅσοι
1452 5333 1508 5386 δὲ
1553 5332 1777 5402 βεϐαίως

222 5415 317 5481 τὴν
346 5415 600 5483 ἀλήθειαν
626 5417 934 5480 ἐπίστασθε,
953 5420 1165 5488 ἀρραγῆ
1193 5421 1391 5489 ταύτην
1408 5421 1660 5491 κατέχετε
1688 5421 1779 5475 καὶ

223 5503 509 5556 ἀσάλευτον
561 5505 616 5554 ὲν
667 5503 880 5574 Χριστῷ
923 5499 1095 5577 Ἰησοῦ
1122 5507 1195 5576 τῷ
1222 5509 1409 5578 Κυρίῳ
1437 5509 1622 5579 ἡμῶν,
1660 5508 1776 5578 μεθ’

1869 4619 2069 4673 Docebo
2101 4620 2304 4688 iniquos
2335 4621 2444 4672 ria:
2478 4629 2595 4672 tuas
2619 4658 2632 4681 ,
2676 4618 2728 4670 in
2764 4617 3095 4684 Dominoque
3128 4616 3424 4679 conlidens,

1869 4716 1921 4762 te
1946 4723 2235 4762 suasurum
2262 4708 2366 4761 illis
2398 4717 2455 4761 ut
2484 4709 2551 4761 ab
2578 4706 2891 4776 hujusmodi
2923 4707 3053 4760 vitio
3097 4706 3424 4766 abstineant,

1867 4798 2065 4868 psalle,
2098 4809 2146 4852 et
2191 4799 2338 4867 impii
2382 4799 2449 4850 ad
2494 4807 2540 4851 te
2581 4806 2942 4851 convertentur
2987 4799 3023 4851 ⁸.
3066 4796 3281 4851 Utinam
3331 4797 3426 4866 qui

1868 4887 2010 4940 malo
2043 4887 2223 4941 animo
2259 4891 2418 4941 hasce
2468 4897 2685 4941 movent
2719 4889 3068 4956 quaestiones.
3120 4888 3170 4941 in
3209 4901 3428 4941 cassum

1865 4974 2143 5029 laborandi
2191 4977 2347 5028 linem
2403 4973 2601 5030 fat-iant
2631 4998 2640 5030 :
2670 4979 2761 5046 qui
2806 4992 2932 5031 vero
2970 4977 3039 5030 ob
3087 4975 3251 5028 animi
3294 4975 3426 5028 sim-

1867 5064 2156 5132 plicitatem
2193 5064 2244 5116 in
2277 5064 2612 5118 dubitatione
2643 5073 2947 5125 versantur,
2984 5061 3185 5131 Spiritu
3225 5063 3426 5130 priue-

1867 5152 1971 5221 pali
2026 5151 2414 5205 confirmentur
2447 5169 2457 5202 :
2488 5161 2749 5221 quotquot
2784 5162 2960 5205 autem
3007 5152 3286 5204 veritatem
3336 5151 3426 5203 lir-

1870 5241 2026 5294 miter
2067 5244 2236 5297 nostis
2262 5285 2275 5308 ,
2307 5258 2424 5296 eam
2477 5242 2757 5297 infractam
2789 5251 2840 5295 et
2889 5243 3264 5296 inconcussam
3300 5241 3431 5293 reti-

1870 5332 2040 5384 neatis
2071 5333 2120 5383 in
2350 5332 2564 5387 Christo
2611 5331 2736 5385 Jesu
2773 5331 3002 5385 Domino
3040 5339 3227 5384 nostro
3260 5346 3272 5381 :
3305 5329 3428 5398 qui-

1869 5432 1991 5471 cum
2041 5418 2180 5472 Patri
2234 5421 2404 5487 gloria
2435 5431 2486 5473 ct
2514 5421 2796 5489 imperium
2830 5435 2952 5473 cum
2990 5417 3192 5488 Spiritu
3236 5424 3425 5469 sant-to

1871 5507 1922 5561 in
1951 5509 2163 5562 saecula.
2196 5509 2387 5566 Amen.

221 5607 271 5661 οἱ
300 5606 377 5676 τῷ
409 5607 580 5674 [lupi
607 5603 734 5665 δόξα
775 5605 864 5655 καὶ
892 5602 950 5655 τὺ
982 5602 1178 5671 κράτος
1209 5602 1302 5654 σὺν
1326 5601 1463 5669 ἁγίῳ
1485 5601 1759 5669 Πνεῦμα-ιι
1792 5600 1870 5661 είς
1904 5600 2026 5661 τοὺς
2069 5598 2292 5663 αἰῶνας.
2339 5594 2526 5666 Ἀμὴν.

294 5729 528 5784 ‘Genes.
569 5744 606 5789 ι,
641 5726 730 5780 ‘38.

807 5731 824 5758 ²
862 5724 1023 5780 Hebr.
1054 5740 1168 5788 x-n,
1211 5725 1260 5778 ί.
1338 5724 1355 5754 ³
1385 5723 1518 5777 Psnl.
1561 5737 1744 5782 cxrni.

1896 5761 1908 5774 .
1987 5722 2004 5750 ⁸
2037 5724 2172 5784 Psal.
2206 5739 2253 5780 ι..
2289 5723 2367 5774 ιε.
2445 5724 2462 5753 ⁵
2499 5721 2626 5773 ibid.
2668 5722 2748 5775 ll.
2827 5721 2846 5753 '
2873 5721 3010 5777 l‘sal.
3043 5739 3090 5790 ι,
3126 5721 3210 5780 l5.
