4018 6448
275 393 381 456 553

1191 394 1271 454 IN
1316 394 1560 455 EPIST.
1605 394 1661 454 S.
1702 390 2116 452 ATHANASII
2152 392 2251 452 AD
2294 390 2601 451 AMMUM.
3426 389 3529 450 554

273 504 469 576 ράσσει
515 503 644 566 τοὺς
683 503 1104 575 ἀκεραιοτὲρους
1141 504 1239 573 τὴν
1278 505 1524 574 γνώμην,
1569 505 1690 575 ἦτοι
1731 500 1857 566 τοὺς

1970 506 2134 557 riores
2178 504 2378 568 animo,
2419 501 2778 569 simpliciores
2811 497 3062 555 videlicet
3091 500 3481 569 perturbantur
3518 517 3533 551 :

273 599 684 669 ἁπλουστέρους
713 614 731 632 ο
774 599 907 668 φέρε
949 599 1019 652 δι’
1041 599 1239 669 ὀλίγων
1279 601 1452 667 λόγων
1491 599 1856 668 άπελάσωμεν

271 691 333 743 ιν
366 688 486 759 Θεῷ
519 689 622 760 τὴν
654 687 750 743 τοῦ
788 689 1027 761 πονηροῦ
1067 691 1298 762 πλάνην,
1341 692 1462 744 ἀντὶ
1493 691 1589 744 τοῦ
1627 690 1705 761 τῷ
1740 687 1858 757 Θεῷ

272 780 605 852 θαρροῦντες
624 821 639 846 .
673 781 767 834 καὶ
795 781 894 850 τὴν
921 781 1148 852 γνώμην
1176 783 1284 834 τῶν
1315 781 1698 850 ἁπλουστέρων
1731 796 1860 847 στη-

273 872 536 942 ρίξωμεν.
566 873 832 941 Ἀρχεται
868 871 962 926 οῦν
1001 872 1097 926 τοῦ
1139 873 1321 940 λόγου,
1358 873 1556 941 χρῆσιν
1595 871 1859 941 παράγων

271 963 338 1013 ἐκ
367 963 466 1028 τῆς
496 962 635 1030 πρὸς
666 963 826 1014 Τῖτον
855 963 1143 1033 ἐπιστολῆς
1174 963 1268 1015 τοῦ
1303 963 1460 1031 ἁγίου
1498 963 1735 1025 Παύλου,
1767 961 1862 1015 καί

273 1068 442 1120 φησιν
471 1052 554 1104 ὅτι
586 1051 766 1106 πάντα
793 1052 1013 1123 καθαρά
1039 1054 1152 1115 τοῖς
1182 1051 1475 1124 καθαροῖς,
1506 1054 1611 1107 τῶν
1639 1054 1693 1105 δὲ
1721 1053 1861 1105 ἀκα-

272 1141 488 1210 θάρτων
526 1143 622 1194 καὶ
664 1143 698 1212 ή
746 1142 1051 1213 συνείδησις
1104 1145 1463 1213 μεμόλυνται.
1504 1145 1692 1198 Ταῦτα
1734 1145 1791 1196 δὲ
1835 1147 1861 1196 ὁ

275 1231 548 1299 μακάριος
590 1230 801 1294 Παῦλος
842 1232 967 1302 περὶ
1003 1233 1106 1302 τῆς
1143 1235 1201 1285 ὲν
1244 1233 1529 1304 βρώμασιν
1566 1234 1861 1301 Ἰουδαϊκῆς

270 1323 418 1390 λέγει
453 1324 920 1394 παρατηρήσεως,
955 1325 1034 1378 ὅτι
1065 1325 1173 1377 τῶν
1205 1326 1310 1378 ὑπὸ
1339 1327 1473 1379 Θεοῦ
1509 1325 1858 1389 κτισθέντων,

271 1417 424 1470 οὐδὲν
458 1417 778 1487 ἀκάθαρτον
813 1417 955 1470 κατὰ
989 1418 1088 1485 τὴν
1125 1417 1320 1470 ἑαυτοῦ
1362 1417 1524 1486 φύσιν
1550 1436 1562 1450 ·
1617 1417 1772 1470 οὐδὲν
1805 1418 1862 1470 δὲ

271 1509 382 1570 τοῖς
426 1507 824 1578 μεμιασμένοις
863 1507 1125 1576 καθαρὸν,
1167 1508 1303 1560 ἀλλά
1347 1508 1643 1579 μεμίανται
1683 1507 1862 1560 αὐτῶν

271 1600 364 1651 καὶ
391 1599 420 1651 ό
451 1597 579 1660 νοῦς
606 1602 698 1653 καὶ
727 1602 760 1669 ἡ
794 1600 1098 1670 συνείδησις
1120 1615 1132 1628 ·
1171 1598 1465 1668 μεμίανται
1495 1598 1551 1650 δὲ
1582 1599 1648 1668 τῇ
1683 1599 1862 1667 ἁμαρ.

271 1689 361 1759 τίᾳ
392 1690 488 1741 καὶ
519 1688 598 1759 τῷ
631 1689 944 1759 λογίζεσθαι
977 1691 1044 1743 τά
1082 1690 1157 1762 μὴ
1191 1691 1493 1759 πρέποντα.
1525 1690 1623 1742 Διά
1653 1690 1865 1742 τούτων

270 1775 364 1834 οῦν
388 1779 499 1832 τῶν
525 1780 700 1850 λόγων
727 1781 1258 1853 προκατασκευάσας
1285 1783 1313 1833 ὁ
1341 1781 1518 1850 μέγας
1548 1780 1865 1843 ’Δθανάσιος

271 1866 370 1936 τὴν
399 1868 616 1921 οἰκείαν
646 1870 865 1940 γραφὴν
901 1870 1100 1938 ιπάγει
1127 1884 1142 1900 ⁸
1176 1871 1426 1938 ’Δγαμαι
1459 1870 1516 1923 δὲ
1537 1909 1553 1935 ,
1585 1870 1707 1941 ἦτοι
1737 1870 1867 1924 θαυ-

273 1957 454 2029 μάξω,
483 1959 580 2012 τοῦ
608 1960 858 2014 διασόλου
886 1960 947 2014 τὸ
974 1959 1244 2030 σόφισμα,
1272 1961 1370 2032 τὴν
1397 1961 1615 2034 ἀπάτην
1642 1962 1870 2046 δηλαδὴ,

269 2049 352 2102 ὃτι
382 2048 562 2119 φθορά
589 2049 666 2104 ὣν
697 2050 792 2104 καὶ
822 2050 972 2121 λύμη
999 2051 1283 2119 ἑνθυμίζει
1316 2053 1610 2122 λογισμοὺς
1642 2055 1865 2110 δοκοῦν-

269 2157 368 2204 τας
399 2135 540 2196 εἶναι
568 2141 963 2213 καθαρότητος.
993 2143 1066 2196 Τὸ
1093 2143 1151 2196 δὲ
1180 2145 1311 2215 παρ’
1338 2145 1548 2198 ἐκείνου
1580 2147 1866 2216 γινόμενον

269 2231 463 2300 ἐνέδρα
492 2233 665 2297 ἐστὶν,
691 2234 862 2303 ἧγουν
887 2234 1097 2304 κρυφία
1122 2235 1407 2306 ἐπιϐουλὴ,
1435 2237 1552 2290 ἀλλ’
1574 2237 1692 2306 ούχὶ
1721 2238 1869 2291 δοκι-

271 2322 468 2392 μασία.
498 2324 618 2377 Ἵνα
645 2329 754 2397 γὰρ
781 2325 1046 2398 ἀπαγάγῃ
1076 2327 1201 2388 τοὺς
1230 2329 1476 2399 ἀσκητάς
1505 2327 1604 2397 τῆς
1635 2329 1826 2400 ἐθίμου
1845 2368 1864 2397 ,

265 2415 517 2468 τουτέστι
547 2414 648 2484 τῆς
678 2416 944 2485 συνήθους
974 2418 1071 2470 καὶ
1099 2416 1382 2486 ὠφελίμου
1413 2419 1696 2486 φροντίδος
1718 2459 1732 2484 ,
1765 2421 1859 2473 καὶ

264 2502 394 2572 δόξῃ
427 2504 584 2573 νικᾲν
617 2503 819 2567 αύτούς
847 2521 861 2536 ο
895 2504 1035 2558 κατά
1063 2504 1224 2560 τοῦτο
1256 2505 1380 2577 (διὰ
1410 2507 1604 2578 τοῦτο)
1634 2509 1862 2564 τοιαῦτα

269 2594 413 2646 κινεί
456 2593 752 2662 βομσύκια,
800 2595 918 2664 ἦτοι
964 2596 1233 2667 φόόητρα,
1275 2597 1514 2668 βόμϐους
1554 2599 1715 2668 μόνον
1757 2603 1858 2670 ἒμ-

273 2685 556 2738 ποιοῦντα.
587 2686 654 2739 Τί
686 2689 816 2756 γὰρ,
852 2690 1037 2756 φησιν,
1067 2689 1180 2759 ἔχει
1213 2691 1520 2762 ἁμάρτημα
1549 2692 1580 2761 ἢ
1613 2692 1860 2764 ἀκάθαρ-

271 2793 364 2830 τον
391 2780 425 2847 ἡ
456 2778 665 2847 φυσικὴ
696 2779 985 2847 ἐκκρίσιςς
1018 2778 1208 2850 ὥσπερ
1236 2783 1332 2836 ὲάν
1359 2799 1440 2844 τις
1471 2783 1708 2835 αίτιᾶται
1737 2785 1862 2845 τοὺς

272 2870 595 2940 ἀνθρώπους
626 2874 720 2925 καὶ
746 2873 834 2926 διὰ
859 2873 956 2936 τὰς
985 2874 1151 2937 ἄλλας
1181 2875 1483 2946 ἐκκρίσεις,
1512 2871 1624 2929 οἷον
1649 2876 1735 2930 διὰ
1761 2877 1861 2939 τὰς

276 2961 451 3030 μύξας
484 2965 578 3015 καὶ
607 2965 677 3017 τὰ
712 2965 1042 3034 πτύσματα,
1077 2967 1170 3020 καὶ
1200 2967 1300 3020 ὅσα
1332 2966 1420 3020 διὰ
1451 2969 1733 3038 γαστέρων
1763 2969 1859 3020 ἐκ·

272 3053 553 3125 κρίνονται
575 3094 590 3118 ,
623 3055 793 3124 ἤγουν
823 3055 1180 3109 ὲκϐἀλλονται
1213 3056 1309 3110 καὶ
1342 3057 1624 3111 κενοῦνται
1648 3095 1663 3120 ,
1699 3058 1859 3112 ἅτινα

1963 612 2060 664 age
2094 595 2243 650 brevi
2271 609 2520 650 sermone
2554 593 2631 664 (id
2661 605 2763 657 est,
2795 591 2904 646 Deo
2930 591 3176 661 ﬁdentes)
3204 594 3536 663 disjiuiamus

1966 690 2018 742 in
2070 689 2180 742 Deo
2217 687 2412 743 diaboli
2461 686 2714 749 fraudes,
2769 701 2831 740 ac
2888 685 3276 754 simpliciorum
3329 687 3538 741 animos

1964 781 2370 834 conﬁrmemus.
2429 776 2747 832 Sermonem
2803 777 2986 846 itaque
3043 778 3377 845 auspicatur.
3429 780 3538 835 divi

1965 871 2114 927 Pauli
2145 871 2467 927 sententiam
2516 869 2796 938 proferens
2829 881 2893 922 ex
2928 868 3164 938 Epistula
3200 871 3266 924 ad
3317 869 3498 923 Titum
3525 910 3540 934 ,

1964 967 2146 1033 aitque
2174 965 2352 1018 omnia
2380 963 2579 1017 munda
2615 961 2850 1027 mundis,
2887 963 3216 1029 impurorum
3248 978 3378 1017 vero
3408 979 3542 1018 cun-

1967 1055 2251 1110 scientiam
2283 1070 2501 1126 quoque
2535 1068 2656 1109 esse
2682 1054 2958 1124 pollutam.
2999 1053 3124 1109 llaec
3171 1070 3299 1109 vero
3354 1056 3543 1109 beatus

1969 1149 2164 1204 Paulus
2193 1148 2259 1204 de
2283 1147 2504 1202 Iudaica
2538 1147 2919 1201 observatione
2943 1146 2995 1200 in
3027 1146 3165 1200 cibis
3206 1149 3401 1201 asserit
3432 1189 3447 1212 ,
3481 1148 3545 1200 il-

1972 1241 2142 1296 lorum
2175 1255 2295 1308 quae
2326 1253 2355 1292 a
2397 1238 2504 1293 Deo
2538 1247 2718 1292 creata
2752 1249 2877 1292 sunt
2905 1247 3096 1291 natura
3127 1252 3226 1290 sua
3263 1237 3396 1290 nihil
3423 1252 3548 1290 esse

1967 1331 2236 1400 impurum
2265 1347 2281 1385 :
2307 1343 2481 1398 neque
2504 1343 2632 1383 vero
2671 1327 2887 1396 pollutis
2916 1329 3211 1395 quidquam
3240 1341 3360 1380 esse
3388 1342 3545 1380 mun-

1966 1420 2118 1482 dum,
2147 1419 2242 1474 sed
2273 1419 2508 1487 ipsorum
2535 1431 2749 1486 quoque
2783 1428 3043 1480 mentem,
3071 1426 3125 1471 et
3159 1416 3544 1471 conscientiam

1968 1511 2226 1581 pollutam
2255 1523 2394 1564 esse.
2434 1507 2627 1563 Polluti
2659 1517 2785 1563 sunt
2808 1508 2955 1562 enim
2989 1521 3234 1579 peccato,
3255 1518 3309 1563 et
3333 1522 3396 1562 ra
3425 1524 3545 1576 qua:

1969 1608 2220 1663 indecora
2268 1614 2437 1672 sunt,
2476 1605 2782 1675 cogitando.
2838 1605 2942 1658 Per
2992 1605 3106 1660 haec
3162 1605 3322 1675 igitur
3376 1602 3542 1657 verba

1969 1701 2260 1755 constituto
2284 1713 2396 1753 suae
2422 1698 2731 1767 scriptionis
2760 1697 3022 1765 prooemio
3050 1712 3274 1766 magnus
3304 1698 3546 1748 Athana.

1969 1793 2084 1846 sius
2111 1790 2366 1858 subiicit:
2401 1788 2570 1844 Miror
2618 1798 2827 1853 autem,
2875 1789 2990 1842 sive
3032 1803 3153 1840 cum
3185 1787 3545 1840 admiratiOne

1984 1889 2170 1950 specto
2194 1879 2388 1935 diaboli
2417 1878 2767 1935 calliditatem
2794 1919 2811 1944 ,
2864 1877 3083 1932 fraudes
3125 1878 3370 1933 videlicet
3404 1894 3418 1932 :
3456 1879 3547 1947 qui

1978 1987 2102 2027 cum
2136 1972 2408 2041 corruptio
2435 1970 2504 2025 sit
2531 1979 2587 2024 et
2618 1969 2751 2035 lues,
2786 1969 3141 2039 cogitationes
3187 1978 3398 2032 tamen,
3429 1983 3549 2037 qua:

1983 2080 2129 2134 purae
2158 2065 2407 2120 videntur
2429 2077 2573 2128 esse,
2605 2063 2659 2117 in
2680 2063 2926 2117 animum
2956 2062 3213 2118 insinuat.
3244 2061 3395 2128 Quod
3421 2075 3550 2114 vero

1980 2158 2048 2211 ab
2085 2157 2177 2212 illo
2209 2157 2266 2211 lit
2297 2155 2510 2211 insidiae
2543 2166 2689 2218 sunt,
2721 2155 2823 2208 hoc
2867 2163 2969 2218 est,
3003 2154 3230 2208 occulta:
3270 2153 3554 2207 machina-

1973 2249 2174 2311 tiones,
2209 2261 2312 2301 non
2341 2243 2630 2315 probanda:
2659 2244 2972 2298 constantiae
2991 2243 3444 2312 experimentum.
3477 2241 3548 2297 Ut

1975 2339 2120 2392 enim
2153 2351 2266 2399 eos,
2302 2335 2393 2404 qui
2422 2334 2478 2388 in
2521 2349 2700 2388 rerum
2749 2332 3056 2386 divinarum
3090 2331 3439 2386 meditatione
3486 2346 3548 2385 se

1975 2435 2253 2489 exercent,
2288 2441 2316 2479 a
2341 2435 2628 2486 consueta,
2659 2423 2760 2477 hoc
2790 2431 2894 2488 est,
2922 2423 3122 2478 usitata
3158 2423 3310 2490 ipsis,
3347 2432 3399 2475 et
3432 2421 3548 2476 fru-

1975 2530 2162 2574 ctuosa
2211 2518 2443 2572 abducat
2476 2516 2822 2584 cogitatione,
2892 2523 3053 2584 atque
3100 2515 3244 2586 ipsos
3285 2530 3547 2583 superare

1975 2612 2240 2674 videatur,
2289 2608 2586 2664 secundum
2639 2607 2740 2663 hoc
2786 2609 2923 2678 (sive
2979 2607 3120 2662 banc
3172 2609 3242 2661 ob
3298 2613 3543 2674 causam)

1976 2701 2239 2769 ejusmodi
2270 2709 2448 2755 movet
2479 2699 2792 2771 hombycia,
2816 2715 2912 2754 seu
2943 2697 3380 2754 terriculamenta
3417 2714 3538 2765 quae

1973 2796 2308 2850 solummodo
2341 2793 2566 2848 bombos
2590 2793 2753 2846 cient.
2791 2790 2931 2856 Quid
2978 2798 3060 2844 est
3111 2791 3279 2854 enim,
3334 2792 3447 2855 ait,
3488 2791 3540 2842 in

1976 2887 2205 2942 naturali
2248 2887 2561 2940 excretione
2594 2884 2864 2948 criminis,
2889 2894 2980 2937 ant
3009 2883 3355 2952 impnritatis?
3383 2882 3544 2934 veluti

1973 2982 2017 3035 si
2041 2979 2422 3049 quishomines
2448 2979 2518 3032 ob
2546 2978 2652 3032 alia
2683 2991 2898 3046 quoque
2922 2986 3270 3032 excrementa
3307 2983 3543 3034 aCCUSt‘l.

1971 3079 2032 3125 ut
2075 3071 2143 3125 ob
2179 3083 2453 3122 mucorem
2508 3067 2742 3131 narium,
2798 3075 2853 3119 et
2907 3074 3087 3134 sputa,
3125 3075 3179 3118 et
3211 3079 3546 3132 quaecunque

273 3142 640 3210 ἑκκρινόμενα
668 3143 938 3211 ὠφελοῦσι
972 3144 1109 3214 πρὸς
1137 3145 1238 3215 τὴν
1271 3145 1439 3216 ζωήν.
1477 3147 1777 3217 Ἐπιχειρεῐ
1805 3148 1861 3199 δὲ

1971 3177 2066 3230 per
2100 3159 2454 3214 ventriculum
2487 3165 2873 3222 excernuntur,
2907 3157 3008 3211 hoc
3041 3165 3140 3220 est,
3168 3158 3458 3225 ejiciuntnr
3483 3169 3545 3208 ac

275 3233 370 3281 καὶ
397 3231 684 3301 ἑτέρωθεν.
719 3232 781 3284 Et
813 3233 919 3303 γὰρ
952 3232 1307 3302 πιστεύομεν,
1339 3237 1494 3304 φησι,
1527 3237 1638 3288 τῶν
1666 3239 1865 3307 χειρῶν

273 3323 367 3374 τοῦ
395 3321 530 3375 Θεοῦ
561 3323 774 3393 ποίημα
800 3319 937 3377 εἶναι
962 3325 1054 3377 τὸν
1081 3325 1391 3395 ἄνθρωπον,
1420 3326 1536 3392 πῶς
1561 3330 1679 3380 ἐστι
1706 3329 1864 3380 δυνα-

273 3415 365 3465 τὸν
394 3414 456 3466 ἐκ
481 3412 575 3465 τοῦ
603 3412 740 3466 Θεοῦ
770 3415 1078 3486 ἀκάθαρτόν
1102 3432 1158 3468 τι
1185 3416 1436 3484 γενέσθαι
1464 3419 1558 3471 καὶ
1590 3407 1862 3488 μεμολυσ-

279 3507 475 3575 μένονς
504 3507 613 3559 Καὶ
649 3507 696 3559 εί
730 3506 883 3574 γένος
922 3507 1059 3560 Θεοῦ
1099 3508 1419 3578 ύπάρχομεν
1456 3510 1597 3564 κατά
1628 3514 1726 3574 τὰς
1760 3511 1868 3563 τῶν

276 3596 438 3649 θείων
471 3597 788 3650 ἀποστόλων
821 3598 1095 3666 Πράξεις,
1131 3600 1283 3652 οὐδὲν
1320 3601 1517 3670 ἔχομεν
1553 3602 1612 3652 ὲν
1653 3602 1870 3664 ἑαυτοῖς

275 3685 613 3755 ἀκάθαρτον.
652 3687 743 3740 Ἐν
773 3688 882 3759 γάρ
912 3691 978 3758 τῇ
1011 3688 1182 3759 βίϐλῳ
1212 3689 1321 3742 τῶν
1354 3691 1615 3760 ιΙράξεων
1646 3693 1867 3762 ῑστόρη-

277 3795 366 3830 ται
409 3781 437 3830 ὁ
483 3780 655 3848 μέγας
702 3780 913 3842 Παῦλος
960 3783 1074 3843 τοῖς
1110 3781 1419 3851 Ἀθηναίοις
1460 3783 1865 3852 διαλεγόμενος,

278 3869 375 3920 καὶ
415 3869 553 3937 πρὸς
591 3871 707 3931 τοῖς
745 3869 925 3933 ἀλλοις
967 3871 1063 3922 καὶ
1097 3869 1270 3923 ταῦτα
1308 3871 1479 3940 λέγων
1516 3876 1647 3943 περὶ
1683 3873 1820 3926 Θεοῦ
1851 3890 1865 3904 ο

289 3962 394 4014 Ἐν
422 3959 586 4024 αὑτῷ
618 3962 732 4028 τὰρ
767 3959 950 4028 ζῶμεν
983 3962 1081 4014 καὶ
1116 3965 1442 4031 κινούμεθα
1464 4005 1476 4026 ,
1513 3966 1613 4017 καί
1644 3965 1866 4034 ἐσμεν,

277 4054 358 4118 ὡς
400 4054 502 4107 καί
536 4070 697 4118 τινες
739 4053 857 4106 τῶν
892 4057 1021 4108 καθ’
1055 4054 1212 4123 ὑμᾶς
1251 4056 1512 4123 ποιητῶν
1548 4057 1823 4126 εἰρήκασι
1849 4074 1865 4089 ·

286 4145 399 4198 Τοῦ
429 4146 537 4214 γὰρ
568 4145 742 4211 γένος
771 4147 975 4214 ἐσμέν.
1004 4147 1174 4198 Τοῦτο
1199 4147 1255 4198 δὲ
1293 4148 1370 4216 τῴ
1411 4149 1625 4217 ’Δράτῳ
1654 4150 1866 4219 εῐρηται

278 4239 412 4306 περὶ
443 4238 538 4288 τοῦ
574 4238 695 4299 Διός
723 4251 740 4267 ⁶
774 4239 801 4288 ό
840 4238 896 4289 δὲ
935 4238 1257 4300 ’Λπόστολος
1295 4242 1374 4301 είς
1405 4240 1497 4292 τὸν
1530 4239 1698 4304 ὅντως
1735 4242 1867 4293 Θεὸν

278 4329 339 4379 τὸ
366 4327 544 4397 νόημα
577 4327 947 4397 ῂχμαλώτισε.
982 4327 1168 4397 Τούτῳ
1197 4331 1377 4381 τοίνυν
1408 4331 1489 4393 εις
1521 4332 1865 4398 κατασκευὴν

279 4415 376 4468 τοῦ
409 4417 614 4469 οἰκείου
646 4419 803 4484 λόγου
832 4417 860 4467 ὁ
893 4416 1067 4485 μέγας
1096 4419 1367 4486 ἐχρήσατο
1402 4419 1720 4484 Ἀθανάσιος
1744 4438 1758 4453 ·
1790 4423 1865 4485 ὼς

1969 3261 2355 3316 exoneramur,
2415 3265 2536 3320 qua:
2590 3249 2805 3317 quidem
2859 3263 2954 3317 per
3008 3249 3375 3302 excretionem
3434 3247 3545 3316 39

1971 3343 2170 3397 emissa
2203 3341 2267 3395 ad
2299 3342 2460 3395 vitam
2490 3339 2704 3409 juvant.
2746 3339 2920 3391 Aliam
2958 3353 3082 3392 vero
3117 3347 3374 3407 prmterea
3418 3354 3539 3406 pro-

1967 3435 2244 3490 batlonem
2272 3434 2604 3502 aggreditur.
2640 3431 2696 3486 Si
2726 3432 2890 3493 enim,
2923 3431 3120 3499 inquit,
3142 3446 3278 3499 opus
3307 3430 3397 3484 Dei
3427 3445 3545 3483 ma-

1973 3541 2134 3579 nuum
2166 3539 2282 3579 esse
2315 3524 2584 3578 hominem
2618 3521 2913 3585 credimus,
2953 3523 3050 3590 qul
3077 3519 3190 3574 ﬁeri
3227 3530 3402 3590 potest
3431 3530 3486 3572 nt
3515 3535 3544 3571 a

1970 3615 2081 3670 Deo
2131 3616 2396 3684 impurum
2442 3613 2714 3682 quidpiam
2774 3611 3153 3680 pollutumque-
3189 3613 3544 3680 procreetur?

1969 3709 2048 3762 Ac
2075 3706 2342 3774 siquidem
2380 3703 2476 3758 Dei
2505 3718 2674 3772 genus
2710 3719 2920 3767 smnus,
2953 3713 3008 3756 ut
3060 3706 3111 3754 in
3154 3703 3300 3757 Actis
3333 3703 3544 3756 divinu-

1974 3813 2091 3852 rutu
2130 3796 2496 3866 apostolorum
2546 3795 2761 3864 legitur,
2801 3795 2933 3847 nihil
2971 3795 3022 3848 in
3058 3797 3212 3849 nobis
3261 3796 3391 3864 ipsis
3443 3799 3544 3849 ini-

1972 3889 2228 3942 mundum
2267 3886 2552 3941 habemus.
2578 3885 3050 3939 Commemoratur
3075 3901 3306 3956 namque
3327 3888 3379 3941 in
3409 3889 3543 3941 libro

1968 3981 2225 4035 Actorum
2275 3993 2499 4046 magnus
2534 3975 2731 4028 Paulus
2763 3975 2828 4028 ad
2861 3976 3219 4031 Athenienses
3247 3980 3539 4038 disserens,

1969 4083 2032 4120 ac
2067 4077 2260 4136 prater
2294 4066 2396 4117 alia
2436 4067 2547 4117 INBC
2574 4079 2788 4132 quoque
2816 4064 3013 4118 eﬂ‘atnr
3055 4068 3119 4119 de
3150 4065 3258 4119 Deo
3292 4083 3304 4118 :
3341 4065 3403 4118 In
3430 4069 3542 4134 ἱιηο

1968 4176 2104 4212 erant
2134 4159 2372 4216 vivimus.
2407 4172 2692 4216 moremur,
2720 4165 2768 4208 et
2815 4172 3028 4215 sumus.
3066 4167 3121 4208 ut
3155 4158 3312 4210 etiam
3350 4174 3546 4210 rem-o-

1969 4263 2084 4300 rum
2112 4256 2380 4314 poetarum
2419 4245 2632 4313 quidam
2671 4245 2942 4305 dixerunt,
2991 4242 3166 4312 Ipsius
3207 4261 3430 4313 namque
3461 4251 3546 4313 g’e-

1969 4356 2065 4394 nus
2088 4355 2268 4392 sumus
2326 4341 2365 4392 '.
2398 4335 2509 4391 Hoc
2539 4350 2666 4389 vero
2702 4337 2835 4390 dixit
2869 4338 3071 4390 Aratus
3103 4343 3164 4389 de
3188 4335 3318 4391 Jove
3348 4355 3359 4389 :
3402 4338 3544 4405 Apo-

1969 4431 2141 4485 stolus
2187 4439 2365 4482 autem
2407 4427 2472 4480 ad
2525 4442 2710 4480 verum
2749 4427 2913 4481 Deum
2965 4428 3287 4480 sententiam
3329 4443 3542 4481 accom-

281 4510 330 4562 εί
365 4511 519 4575 γένος
557 4508 690 4560 Θεοῦ
733 4508 920 4577 ἐσμὲν,
958 4509 1032 4571 ὼς
1067 4512 1122 4562 ἐν
1161 4513 1280 4573 ταῖς
1323 4511 1596 4581 Πράξεσιν
1620 4514 1858 4582 εἴρηται,

1970 4523 2225 4577 modavit.
2262 4520 2338 4575 Eo
2365 4521 2529 4589 igitur
2564 4521 2628 4573 ad
2661 4534 2771 4573 sua!
2796 4520 3057 4574 orationis
3083 4519 3542 4574 confirmationem

278 4601 430 4653 οὐδὲν
462 4600 656 4668 ἔχομεν
692 4598 1105 4668 μεμολυσμένον
1135 4601 1168 4670 ἢ
1206 4603 1424 4670 μιαρόν.
1455 4603 1586 4654 Τότε
1621 4605 1728 4672 γάρ
1766 4621 1862 4672 με·

282 4693 624 4762 μιιλύσμεθα,
650 4693 738 4746 ὅτε
765 4692 1156 4762 ἁμαρτάνομεν
1177 4707 1190 4721 ⁸
1217 4696 1250 4763 ἡ
1277 4694 1333 4746 δὲ
1365 4697 1568 4765 φυσικὴ
1599 4696 1865 4764 ἔκκρισις,

280 4787 546 4852 γινομένη
594 4783 654 4845 ἐξ
699 4785 942 4852 ἀνάγκης
989 4784 1087 4852 τῆς
1129 4783 1368 4852 φύσεως,
1409 4786 1470 4835 οὐ
1520 4788 1742 4854 μιαίνει.
1780 4787 1867 4848 Ὠς

279 4875 443 4928 τινῶν
477 4875 532 4926 δὲ
569 4875 958 4940 ἀντιλεγόντων
991 4876 1086 4927 καὶ
1120 4876 1484 4944 παραγόντων
1520 4879 1662 4946 ρητά
1697 4879 1864 4945 εὐαγ-

279 4967 476 5033 γελικά
501 4968 572 5018 τά
603 4967 851 5033 λέγοντα,
889 4969 970 5022 Οὐ
1005 4966 1074 5019 τὰ
1108 4969 1502 5039 εὶσερχόμενα
1537 4968 1730 5021 κοινοῖ
1757 4972 1865 5022 τὸν

279 5061 620 5124 art/pomum
649 5059 805 5111 aut;
832 5059 902 5110 τὰ
933 5059 1298 5127 ἐξερχόμενα
1323 5075 1335 5089 ·
1369 5058 1582 5110 ἵσταται
1612 5061 1704 5111 καὶ
1732 5064 1866 5129 πρὸς

279 5150 440 5203 τοῦτο
466 5149 679 5210 δεικνὺς
712 5151 787 5218 μὴ
814 5150 994 5212 καλῶς
1024 5151 1288 5218 νοούμενα
1316 5152 1385 5202 τὰ
1413 5151 1550 5220 ῥητά
1587 5153 1730 5220 παρὰ
1759 5151 1866 5203 τῶν

281 5241 677 5309 ἀντιλεγόντων
702 5260 715 5272 ·
752 5243 844 5294 καί
879 5260 1012 5311 φησι
1048 5243 1126 5294 ὃτι
1163 5246 1290 5313 περὶ
1328 5243 1632 5314 βρωμάτων
1665 5245 1868 5294 ὲνδοια-

283 5335 424 5396 στῶς
466 5336 702 5403 ἐχόντων
743 5333 906 5385 τινῶν
947 5335 1064 5402 ἦτοι
1108 5333 1457 5398 δειλιώντων,
1496 5335 1864 5404 ἁμφιϐαλλὸν-

279 5447 392 5482 των
414 5469 428 5492 ,
461 5431 534 5490 ὼς
576 5430 913 5497 μολυνόντων
947 5431 1071 5490 τοὺς
1107 5431 1423 5498 χρωμένους
1459 5431 1642 5491 αὐτοῖς
1664 5470 1678 5492 ,
1718 5430 1860 5481 λύων

279 5523 463 5574 αὐτῶν
487 5524 584 5590 τὴν
611 5524 832 5588 άγνοιαν
857 5523 885 5573 ό
912 5521 1115 5592 Κύριός
1144 5538 1277 5591 φησι
1310 5522 1384 5592 μὴ
1412 5525 1478 5575 τά
1507 5525 1861 5591 εἰσερχόμεθα

281 5613 524 5679 κοινοῦν,
559 5615 726 5682 ἤγουν
763 5614 1028 5682 μιαίνειν,
1065 5614 1347 5682 μολύνειν,
1382 5614 1519 5668 άλλά
1551 5615 1615 5667 τὰ
1647 5615 1859 5683 ἐξερχόυ

378 5797 388 5826 ⁸
439 5796 560 5848 Aet.
590 5809 692 5846 .wn
724 5834 738 5858 ,
776 5791 867 5846 ‘23.
971 5788 988 5816 ⁸
1027 5795 1213 5850 Matth.
1253 5813 1316 5849 xv
1351 5837 1364 5856 ,
1398 5799 1478 5850 il.

604 5892 876 5951 Parnm.
922 5893 1038 5954 (in.
1080 5887 1471 5954 CXXXVIII.

1965 4627 2190 4682 magnus
2221 4629 2348 4668 usus
2380 4622 2463 4666 est
2521 4613 2844 4664 Athanasius
2891 4612 3097 4674 diecns,
3147 4611 3410 4680 siquidem
3453 4611 3541 4664 Dei

1965 4721 2133 4776 genus
2158 4719 2365 4769 sumus,
2400 4713 2457 4756 ut
2491 4705 2542 4756 in
2589 4704 2739 4756 Actis
2770 4703 2986 4767 dicitur,
3033 4703 3164 4756 nihil
3201 4703 3398 4756 habere
3445 4720 3540 4756 nos

1966 4795 2253 4864 pollutum,
2287 4804 2382 4846 aut
2407 4793 2767 4847 immundum.
2803 4791 2955 4846 Tunc
2985 4809 3218 4862 namque
3248 4793 3540 4862 polluintnr

1966 4901 2086 4941 cum
2121 4900 2428 4953 peccamus.
2455 4884 2723 4938 Naturalis
2773 4895 2952 4938 autem
3000 4885 3261 4949 excretio,
3307 4901 3424 4952 quce
3478 4901 3540 4936 ex

1974 4990 2180 5031 natura:
2231 4977 2549 5030 necessitate
2602 4975 2698 5040 fit,
2753 4977 2971 5030 minime
3005 4976 3210 5044 polluit.
3275 4977 3542 5029 (Ia-terum

1969 5085 2090 5121 cum
2146 5068 2386 5122 nonnulli
2435 5069 2865 5122 comradicerent
2902 5108 2916 5131 ,
2970 5083 3031 5120 ac.
3087 5067 3401 5135 Evangelica
3457 5068 3543 5119 illa

1971 5163 2130 5213 verba
2163 5159 2489 5229 proferrent,
2526 5157 2646 5212 Non
2679 5175 2796 5223 qua:
2820 5159 3014 5211 intrant
3052 5159 3392 5225 coinquinant
3445 5157 3539 5210 Ito-

1971 5252 2181 5314 minem,
2210 5253 2298 5303 sed
2323 5268 2440 5319 qur:
2471 5261 2658 5304 exeunt
2697 5256 2742 5313 ³,
2767 5251 2833 5302 ad
2864 5251 2963 5302 hoc
2991 5264 3199 5317 quoque
3232 5250 3540 5316 respondet,

1971 5343 2037 5394 ab
2080 5343 2143 5394 iis
2180 5341 2268 5408 qui
2303 5351 2488 5394 contra
2525 5349 2759 5409 arguunt
2796 5353 2902 5391 non
2935 5338 3069 5390 bene
3125 5336 3347 5403 intelligi
3385 5334 3543 5387 \crba

1967 5434 2056 5488 illa
2086 5433 2484 5496 demonstrans;
2512 5433 2694 5498 aitque
2718 5445 2840 5482 unm
2873 5429 2938 5483 de
2967 5429 3102 5481 cibis
3137 5428 3352 5493 quidam
3389 5425 3546 5479 dubi-

1971 5534 2168 5588 tarent,
2215 5525 2328 5577 sive
2376 5521 2740 5576 timidiuscule
2791 5521 3140 5584 hzesitarent,
3180 5519 3287 5571 acsi
3336 5529 3546 5571 utentes

1971 5618 2098 5686 ipsis
2134 5616 2463 5686 polluerent,
2497 5629 2681 5669 eormn
2719 5613 3112 5682 ignorationem
3151 5610 3405 5664 Dominus
3435 5609 3545 5662 sol-

3155 5877 3223 5939 tu
