4018 6452
225 405 326 469 557

1129 411 1215 473 ΙΝ
1248 411 1495 473 EPIST.
1545 412 1608 471 S.
1649 407 2075 470 ATHANASII
2112 408 2212 468 AD
2247 408 2557 470 AMMUM.

3383 412 3482 472 558

227 522 432 592 σφριγᾷ
453 537 465 549 ·
498 519 580 574 διὸ
609 522 763 592 παρᾶ
787 522 886 594 τὴν
917 522 1141 595 πρώτην
1171 525 1407 594 εἴρηται.
1429 524 1558 578 Ὅτε
1584 522 1640 576 δὲ
1672 522 1803 589 πρὸς

1915 517 2049 573 Illud
2085 533 2212 575 vero
2253 517 2427 590 (παρὰ
2454 518 2554 588 τὴν
2597 517 2840 590 πρώτην)
2870 527 2962 574 aut
2990 519 3057 574 de
3107 520 3360 589 praedicta
3398 524 3481 577 via

223 613 396 682 γῆρας
428 612 745 678 ἀπονεύσει,
775 616 823 667 εί
849 615 944 668 καὶ
979 615 1114 685 μηδὲ
1140 616 1259 667 τότε
1291 615 1575 668 σϐέννυται
1603 613 1664 666 τὸ
1694 613 1807 682 πῦρ

222 705 287 756 ἐκ
309 702 414 755 τῶν
439 703 653 770 παθῶν,
680 704 816 758 ἀλλά
839 723 899 774 γε
924 707 1348 776 μαλθακώτερον
1365 706 1599 774 γίνεται.
1623 704 1808 758 Ταῦτα

220 793 394 847 εἰπὼν
427 794 628 863 ιπάγει
664 797 746 850 ὅτι
778 797 843 851 τὰ
877 798 1171 867 ζητήματα
1206 797 1385 851 αὐτῶν
1417 800 1484 851 τὰ
1519 797 1808 866 ἀκάθαρτα

219 885 580 954 προλέλυνται
613 887 770 957 παρὰ
801 887 909 940 τῶν
941 889 1103 941 θείων
1135 889 1387 958 Γραφὼν.
1421 889 1515 940 καὶ
1546 891 1810 957 παραινεῖ

217 977 312 1029 τὸν
352 978 715 1046 ἐρωτήσαντα
762 977 1147 1049 ὑποστηρίζειν
1191 982 1320 1042 τοὺς
1363 979 1454 1031 ὑπ’
1483 980 1666 1042 αὑτὸν,
1713 979 1809 1032 καὶ

217 1071 448 1137 κρήσεσι
480 1069 751 1137 κέχρηται
781 1075 1079 1139 γραφικαῑς
1110 1070 1390 1141 διαφόροις
1409 1086 1426 1102 ο
1457 1067 1573 1123 εἶτα
1605 1072 1700 1123 καὶ
1729 1073 1807 1135 είς

215 1159 384 1226 εὐχὴν
409 1159 618 1228 τρέψας
640 1159 732 1212 τὸν
765 1160 922 1226 λόγον
943 1161 1060 1213 τελε
1071 1163 1140 1214 toi.’
1161 1161 1260 1231 τὴν
1285 1161 1594 1230 ἐπιστολήν.
1621 1161 1807 1216 Ταῦτα

219 1253 321 1317 μὲν
350 1245 444 1303 οὖν
474 1252 503 1302 6
537 1253 712 1319 μέγας
743 1256 908 1321 φησὶν
941 1252 1262 1314 ’Λθανάσιος
1290 1253 1417 1319 περ1⁵
1446 1252 1542 1322 τῆς
1573 1253 1807 1322 φυσικῆς

213 1341 520 1410 ἐκκρίσεως
551 1342 652 1410 τῆς
684 1344 869 1411 γονῆς.
905 1344 965 1396 '0
994 1344 1052 1396 δὲ
1088 1344 1497 1414 ’Δλεξανδρείας
1530 1344 1806 1406 Διονύσιος

212 1436 272 1484 ἐν
304 1435 366 1502 τῇ
404 1433 545 1500 πρὸς
581 1431 899 1504 Βασιλείδην
930 1435 1185 1505 ἐπιστολῇ
1217 1435 1391 1489 ταῦτά
1422 1452 1587 1505 φησιν
1611 1453 1623 1467 ·
1655 1436 1718 1487 Ol
1748 1435 1805 1486 δι

213 1525 272 1575 ἐν
302 1525 657 1594 ἀπροαιρέτῳ
687 1527 977 1595 νυκτερενῇ
1012 1527 1166 1594 ῥύσει
1197 1526 1482 1595 γενόμενοι
1512 1525 1588 1594 τῷ
1616 1524 1804 1593 οἰκείῳ

213 1613 480 1666 συνειδότι
508 1613 1091 1668 κατακολουθείτωσαν
1115 1632 1130 1648 ο
1163 1617 1259 1669 καὶ
1289 1617 1518 1679 ἑαυτοὺς
1549 1617 1659 1668 εἴτε
1687 1616 1805 1668 δια-

209 1707 527 1775 κρίνονται,
560 1708 672 1759 εῐτε
707 1707 815 1776 μὴ,
849 1707 1249 1761 σκοπείτωσαν.
1285 1706 1372 1771 Ὦς
1401 1706 1632 1760 ἐπὶτῶν
1661 1706 1804 1776 βρω-

213 1798 406 1866 μάτων
449 1800 478 1850 6
525 1798 972 1867 διακρινόμενος,
1023 1799 1221 1868 φησὶν,
1263 1799 1360 1852 ἐὰν
1405 1799 1586 1868 φάγῃ,
1635 1814 1805 1852 κατα-

211 1900 468 1956 κεκριται
503 1902 517 1916 ⁸

208 1977 704 2048 τύπαρρησίαστος
738 1979 880 2032 κατὰ
913 1979 973 2031 τὸ
1000 1979 1132 2032 ἴδιον
1167 1979 1423 2050 ἐνθύμιον
1441 1981 1551 2043 πᾶς
1583 1983 1610 2032 6
1634 1996 1805 2048 προσ-

213 2071 308 2122 ιὼν
337 2071 416 2139 τῷ
448 2063 602 2134 Θεῷξ
625 2072 690 2124 '0
718 2069 776 2123 δὲ
806 2071 955 2136 λέγει
982 2071 1226 2125 τοιοῦτόν
1253 2073 1423 2137 ἐστιν,
1470 2072 1553 2124 ὄτι
1598 2072 1658 2123 Ὀ
1706 2071 1807 2142 τὴν

206 2163 302 2216 τοῦ
335 2163 658 2233 σπέρματος
691 2163 931 2225 ὑποστὰς
962 2163 1177 2232 ῥεῦσιν,
1208 2163 1400 2217 ἑαυτὸν
1428 2164 1764 2234 ἁνακρινέτω
1788 2180 1802 2196 ο

207 2256 304 2307 καὶ
331 2256 380 2307 εί
416 2256 516 2325 μὲν
546 2255 823 2324 ἑμπάθειὰ
849 2272 934 2318 τις
964 2257 1318 2326 προηγήσατο
1347 2258 1410 2308 ὲκ
1438 2255 1532 2308 τοῦ
1562 2254 1803 2326 πονηροῦ

210 2346 339 2407 ίσως
374 2348 636 2416 ὲνθυμίου
671 2349 769 2399 καὶ
802 2347 1274 2414 συγκαταθέσεως,
1309 2347 1402 2400 καὶ
1432 2345 1605 2410 οὕτως
1641 2348 1673 2417 ἠ
1707 2349 1805 2415 τῆς

207 2439 374 2505 γονῆς
410 2436 824 2507 ἐπηκολούθησε
858 2437 1076 2507 ῥεῦσις,
1107 2437 1208 2491 οὐκ
1241 2440 1509 2505 ἀμίαντος
1539 2441 1568 2491 6
1598 2439 1805 2506 ταύτην

209 2529 400 2581 παθών
425 2545 440 2558 ο
482 2531 530 2580 εί
568 2527 613 2580 δ’
638 2528 792 2582 οὐδὲν
826 2527 1065 2582 τοιοῦτον
1103 2530 1495 2598 προηγήσατο,
1532 2528 1654 2581 οὐδὲ
1689 2529 1806 2581 δια-

207 2621 458 2690 κρίνεται
491 2619 581 2672 διά
609 2636 663 2672 τι
693 2617 936 2671 τοιοῦτον
957 2659 972 2682 ,
1005 2619 1099 2672 καὶ
1129 2619 1189 2670 οὐ
1227 2619 1558 2688 μεμόλυνται
1592 2619 1740 2688 αὐτῷ
1775 2621 1802 2671 6

205 2711 493 2778 λογισμὸς,
527 2708 772 2778 προσίτω
802 2711 914 2771 τοῖς
944 2709 1276 2776 ἁγιάσμασι.
1307 2708 1464 2771 Τινὲς
1492 2707 1548 2760 δὲ
1580 2709 1671 2761 τὸν
1705 2708 1802 2776 μέ-

204 2819 312 2870 γαν
349 2799 641 2852 Βασίλειον
676 2817 840 2866 φασιν
875 2801 1166 2867 ἀπείργειν
1190 2800 1314 2861 τοὺς
1338 2799 1577 2852 τοιοῦτόν
1613 2817 1664 2851 τι
1700 2816 1804 2853 πα-

205 2894 403 2955 θόντας
448 2893 546 2962 τῆς
590 2892 698 2944 τῶν
745 2892 1105 2961 ἁγιασμάτων
1151 2890 1530 2961 μεταλήψεως.
1564 2891 1803 2960 Ἐρωτηο

204 2986 319 3046 θεὶς
350 2987 458 3054 γὰρ
491 2986 518 3036 6
545 2985 701 3051 ἆγιος
728 2978 884 3046 οὗτος
905 3025 919 3047 ,
949 2983 1026 3045 ὡς
1054 2986 1112 3036 ὲν
1139 2987 1249 3045 τοῖς
1280 2983 1600 3051 ἀσκητικοῖς
1632 2982 1799 3035 αὐτοῦ

203 3077 654 3144 ἀναγέγραπται,
686 3077 732 3127 εἰ
762 3074 871 3126 τῶν
901 3073 1151 3144 συνήθων
1177 3074 1273 3126 καὶ
1302 3077 1446 3127 κατὰ
1474 3074 1636 3143 φύσιν
1661 3090 1804 3142 γινο-

1910 610 2182 680 conjngali
2219 611 2620 679 intelligendum
2653 622 2758 675 εει,
2789 622 2884 666 aut
2907 611 2973 666 de
3002 611 3176 666 initio.
3207 611 3308 679 Qui
3339 617 3482 668 enim

1912 702 2279 770 virginitatem
2314 702 2675 771 amplectitur,
2706 717 2828 756 cum
2866 717 2994 756 caro
3049 703 3115 757 ad
3156 705 3482 772 voluptates.

1911 795 2251 862 maximeque
2274 809 2536 849 venercas
2561 794 2632 849 sit
2661 795 2931 862 proclivis;
2961 793 3304 849 conﬂictatur
3333 796 3487 850 initio

1909 887 2340 948 dimrultatibus,
2372 895 2562 940 natura
2594 887 2658 940 ad
2688 886 2962 941 libidinem
2986 887 3298 950 inclinante,
3327 887 3487 956 idque

1911 980 2214 1047 praesertim
2246 980 2370 1032 dum
2409 979 2461 1032 in
2503 978 2681 1032 aetatis
2731 979 2861 1032 ﬂore
2908 988 3180 1043 versatur,
3212 994 3274 1032 ac
3305 980 3484 1044 viget;

1909 1085 2067 1137 quam
2093 1070 2162 1124 ob
2191 1085 2407 1124 causam
2429 1070 2590 1122 verba
2623 1069 2711 1122 illa
2741 1069 2935 1136 (primo
2963 1071 3134 1137 aditu)
3159 1081 3286 1124 sunt
3319 1071 3485 1122 dicta.

1909 1160 2013 1217 Ubi
2048 1177 2177 1216 vero
2227 1165 2292 1216 ad
2350 1171 2682 1216 senectutem
2734 1165 2930 1229 vergit,
2971 1163 3183 1215 etiamsi
3233 1176 3300 1212 ne
3359 1173 3488 1215 tunc

1908 1253 2124 1320 quidem
2167 1254 2539 1322 exstinguatur
2590 1252 2944 1321 cupiditatum
2995 1253 3258 1315 ﬂamma,
3313 1252 3488 1305 lenior

1911 1355 2086 1398 tamen
2119 1347 2318 1399 evadit.
2355 1343 2448 1397 llis
2495 1345 2655 1398 dictis
2691 1344 2946 1411 subjicit,
2981 1343 3194 1396 illorum
3247 1344 3487 1409 imput'as

1907 1438 2230 1506 quaestiones
2254 1437 2362 1505 jam
2387 1445 2511 1489 ante
2533 1451 2596 1490 ex
2626 1436 2796 1488 sacris
2828 1434 3048 1489 Litteris
3074 1435 3238 1489 fuisse
3260 1437 3487 1498 solutas,

1909 1538 2198 1595 monetque
2250 1528 2700 1592 interrogantem,
2741 1537 2798 1580 ut
2827 1528 2929 1581 sibi
2991 1527 3239 1580 subditos
3287 1526 3490 1579 contir-

1907 1629 2039 1684 met,
2073 1619 2346 1688 variisque
2379 1616 2672 1687 Scriptura
2703 1619 2990 1672 sententiis
3023 1620 3190 1671 utitur
3217 1634 3233 1684 ;
3271 1626 3382 1670 tttm
3421 1617 3488 1669 ad

1905 1710 2272 1779 precationem
2308 1723 2569 1764 conversa
2609 1711 2856 1763 oratione
2904 1710 3186 1778 epistolam
3234 1708 3486 1762 absolvit.

1917 1801 2042 1856 llaec
2069 1817 2196 1872 ergo
2234 1816 2461 1871 magnus
2493 1801 2730 1869 loquitur
2767 1801 3094 1854 Athanasius
3141 1800 3210 1854 de
3257 1800 3491 1852 naturali

574 1859 674 1941 καί
722 1859 796 1939 ὲν·
830 1859 1047 1951 τούτοις
1087 1859 1664 1958 ἐύσύνείδητοςέστω
1713 1889 1803 1941 καὶ

1915 1892 2138 1946 seminis
2171 1893 2505 1946 excretione.
2541 1889 2829 1960 Dionysius
2876 1904 3039 1958 porro
3091 1890 3489 1945 Alexandrinus

1911 1980 1966 2034 in
1999 1979 2226 2050 epistola
2276 1979 2343 2034 ad
2391 1978 2689 2033 Basilidem
2739 1979 2852 2032 haec
2896 1979 3057 2032 habet
3090 1995 3105 2031 :
3142 1978 3242 2043 Qui
3277 1993 3402 2032 vero
3436 1979 3488 2032 in

1912 2085 2016 2125 non
2047 2071 2356 2125 voluntario
2395 2080 2662 2124 nocturno
2689 2067 2836 2122 ﬂuxu
2884 2067 3054 2132 fuere,
3094 2068 3365 2137 propriam
3402 2086 3490 2123 se-

1908 2173 2142 2231 quantur
2173 2162 2586 2226 conscientiam,
2623 2169 2677 2214 et
2708 2176 2915 2222 secum,
2947 2175 3012 2212 an
3037 2160 3102 2214 de
3127 2175 3192 2213 eo
3219 2160 3487 2222 dubitant.

1909 2268 2100 2318 necne,
2146 2254 2509 2306 considerent.
2563 2251 3027 2316 Quemadmodum
3077 2250 3131 2303 in
3182 2251 3338 2312 cibis,
3395 2252 3486 2319 qui

1907 2346 2143 2410 dubitat,
2173 2345 2370 2414 inquit,
2411 2346 2798 2398 condemnatus
2829 2351 2910 2396 est
2939 2384 2954 2407 ,
2985 2343 3028 2395 si
3059 2343 3351 2395 comederit
3377 2380 3392 2404 ,
3436 2343 3489 2394 in

1909 2438 1991 2491 his
2019 2451 2238 2506 quoque
2274 2438 2428 2490 home
2457 2437 2523 2489 sit
2547 2435 2914 2499 conscientite,
2939 2445 2991 2487 et
3017 2433 3183 2488 libere
3212 2436 3482 2501 loquatur,

1900 2525 2052 2593 juxta
2085 2535 2399 2593 conceptam
2437 2524 2618 2577 animo
2642 2526 3047 2591 cogitationem,
3078 2524 3254 2577 omnis
3281 2525 3367 2591 qui
3395 2539 3487 2577 ac-

1915 2618 2061 2673 cedit
2100 2618 2160 2670 ad
2197 2615 2387 2669 Deum.
2418 2614 2568 2680 Quod
2612 2629 2739 2668 vero
2767 2615 2841 2668 ait
2869 2615 3131 2681 ejusmodi
3160 2624 3265 2678 est,
3303 2625 3358 2668 ut
3395 2617 3487 2683 qui

1905 2710 2126 2764 seminis
2153 2709 2358 2762 ﬂuxum
2387 2718 2467 2761 est
2500 2722 2690 2774 passus
2720 2707 2954 2774 seipsum
2987 2707 3283 2773 examinet,
3313 2722 3376 2760 ac
3406 2706 3484 2759 si-

1911 2801 2128 2868 quidem
2183 2799 2394 2854 all‘cctio
2449 2799 2625 2868 aliqua
2685 2799 2982 2866 praeessit,
3013 2815 3078 2853 ex
3138 2814 3302 2867 prava
3349 2800 3488 2854 forte

1908 2893 2236 2960 cogitatiOne
2270 2903 2430 2960 atque
2485 2907 2752 2947 consensu
2777 2933 2790 2954 ,
2826 2901 2880 2945 et
2932 2893 3030 2945 hoc
3066 2901 3220 2959 pacto
3266 2893 3488 2946 seminis

1904 2981 2079 3036 ﬂuxus
2114 2994 2194 3037 est
2227 2994 2574 3048 consecutus,
2607 2982 2692 3036 cui
2727 2984 2771 3036 is
2805 2983 3030 3049 contigit
3067 2983 3481 3052 haudquaquam

1905 3093 2073 3148 purus
2104 3077 2503 3132 existimabitur
2542 3093 2555 3129 :
2593 3078 2676 3131 sin
2715 3077 2848 3130 nihil
2896 3077 3000 3131 tale
3031 3080 3344 3146 praecessit,
3382 3095 3479 3133 nec

208 3169 387 3238 μένων
415 3168 526 3219 τινὶ
557 3167 662 3236 χρὴ
696 3166 900 3236 τολμᾷν
929 3167 1008 3228 είς
1038 3166 1325 3220 κοινωνίαν
1355 3166 1463 3219 τῶν
1495 3167 1668 3234 ἁγίων
1701 3182 1799 3218 πα·

1908 3173 1970 3226 de
2003 3171 2179 3240 aliqua
2212 3169 2476 3238 ejusmodi
2511 3185 2567 3224 re
2595 3170 2816 3237 antbigit
2842 3207 2857 3233 ,
2888 3184 2986 3223 nec
3018 3169 3121 3221 itlla
3161 3173 3355 3222 ralloni
3391 3173 3486 3224 ad-

207 3257 558 3328 ραδέχεσοαι,
601 3257 898 3327 ἀπεκρίθη,
948 3257 1250 3326 Κρείττονα
1291 3256 1389 3326 τῆς
1439 3255 1653 3325 φύσεως
1704 3257 1799 3310 καὶ

203 3352 305 3417 τῆς
338 3349 633 3419 συνηθείας
663 3348 902 3412 ἐδίδαξεν
929 3351 956 3401 6
990 3349 1314 3410 Ἀπθστολος
1346 3344 1483 3401 εἶναι
1515 3349 1606 3401 τὸν
1633 3349 1691 3400 ἑν
1720 3347 1798 3418 τῷ

207 3439 544 3509 βαπτίσματι
579 3437 921 3504 συνταφέντα
951 3435 1204 3506 Χριστῷ·
1237 3435 1366 3487 ποτὲ
1397 3435 1497 3500 μὲν
1522 3435 1692 3486 εἰκὼν
1717 3434 1798 3486 ὅτι

218 3532 275 3584 Ὀ
310 3531 571 3592 παλαιὸς
605 3527 779 3596 ἡμῶν
806 3529 1120 3595 ἅνθρωπος
1153 3525 1624 3594 συνεσταυρώθη
1646 3565 1660 3588 ,
1699 3525 1801 3577 ἵνα

207 3618 558 3690 καταργηθῇ
593 3621 662 3673 τὸ
698 3617 872 3687 σῶμα
905 3620 1016 3685 τῆς
1048 3618 1361 3687 ἁμαρτίας,
1397 3615 1506 3669 τοῦ
1535 3616 1620 3684 μὴ
1658 3614 1797 3668 δου-

204 3717 416 3769 λεύειν
457 3711 617 3780 ἡμᾶς
660 3709 732 3779 τῇ
778 3712 1073 3778 ἁμαρτίᾳ·
1121 3709 1249 3761 ποτε
1292 3709 1349 3760 δὲ
1392 3705 1798 3777 παραγγείλας,

206 3803 566 3872 Νεκρὼσατε
606 3798 721 3856 οὖν
753 3803 825 3854 τὰ
858 3801 1014 3870 μέλη
1056 3801 1224 3868 ὑμῶν
1258 3798 1328 3852 τὰ
1363 3798 1461 3850 ἐπὶ
1497 3797 1609 3866 τῆς
1646 3795 1756 3866 γῆς
1782 3811 1796 3826 ·

208 3909 525 3962 πορνείαν,
556 3893 954 3958 ἀκαθαρσίαν,
986 3890 1197 3954 πάθος,
1227 3889 1552 3956 ἐπιθυμίαν
1577 3884 1796 3952 κακὴν,

208 3993 309 4039 καὶ
340 3987 458 4052 τὴν
488 3983 878 4047 πλεονεξίαν,
913 3981 950 4048 ἦ
985 3998 1074 4047 τις
1106 3979 1282 4034 ἐστίν
1311 3977 1797 4045 είδωλολατρεία,

206 4078 284 4130 δι’
315 4079 355 4131 d
383 4075 683 4144 ἔρχεταιίή
715 4073 861 4142 ὀργὴ
890 4072 994 4126 τοῦ
1027 4071 1170 4126 Θεοῦ
1195 4071 1293 4125 ἐπὶ
1325 4071 1465 4137 τοὺς
1496 4071 1664 4136 υἱοὺς
1693 4068 1801 4137 τῆς

207 4172 522 4232 ἀπειθείας
544 4183 558 4196 ·
589 4167 718 4218 ποτὲ
748 4167 805 4218 δὲ
835 4167 958 4235 ὅρον
983 4165 1274 4233 ἐκθέμενος
1305 4165 1361 4215 ὲν
1382 4162 1464 4233 ’τῷ
1495 4163 1669 4215 εἰπεῖν
1694 4179 1706 4194 ⁸
1737 4164 1800 4216 οι

209 4261 278 4315 δὲ
319 4261 426 4314 τοῦ
468 4257 730 4325 Χριστοῦ
770 4257 961 4324 Ἰησοῦ
1003 4257 1404 4322 ἐσταύρωσαν
1446 4256 1564 4323 τὴν
1602 4254 1802 4321 σάρκα

209 4354 336 4407 σὺν
369 4352 497 4417 τοῖς
531 4349 848 4417 παθήμασι
881 4347 978 4401 καὶ
1011 4347 1141 4411 ταῖς
1173 4347 1536 4415 ἐπιθυμίαις.
1572 4345 1713 4414 Ἐγὼ
1746 4347 1803 4398 δὲ

210 4448 388 4514 ἔγνων
423 4447 506 4497 ὅτι
540 4443 714 4495 ταῦτα
756 4440 1089 4511 κατωρθώθη
1127 4439 1363 4508 Χριστοῦ
1399 4444 1582 4508 χάριτι
1619 4439 1712 4491 καὶ
1746 4439 1802 4488 ὲν

1909 3262 2065 3316 haesit
2091 3262 2322 3325 macula,
2350 3259 2414 3312 ad
2445 3274 2599 3312 sacra
2630 3259 2703 3311 illi
2738 3259 2988 3326 mysteria
3023 3259 3181 3313 liccat
3204 3259 3481 3316 accedere.

1915 3351 2170 3406 Nonnulli
2209 3367 2357 3414 vero,
2393 3351 2574 3417 magni
2606 3348 2790 3403 Basilii
2819 3351 3086 3404 sententia
3117 3391 3131 3412 ,
3159 3355 3248 3419 qui
3283 3352 3486 3418 aliquid

1903 3443 2164 3512 ejusmodi
2199 3442 2339 3512 passi
2372 3452 2516 3503 sunt,
2557 3456 2584 3494 a
2625 3455 2906 3494 Sacrorum
2946 3442 3324 3510 mysteriorum
3359 3457 3483 3509 per-

1902 3536 2155 3607 cepzione
2201 3533 2372 3587 arceri
2413 3546 2681 3587 asserunt.
2729 3531 2967 3600 Rogatus
3015 3549 3248 3603 namque
3285 3533 3370 3586 hic
3408 3537 3489 3588 vir

1903 3637 2126 3682 sanctus
2163 3625 2261 3695 (uti
2317 3625 2368 3677 in
2424 3625 2589 3693 ipsius
2640 3625 2902 3679 Asceticis
2951 3634 3034 3679 cst
3085 3627 3365 3693 scriptum)
3420 3642 3485 3678 an

1905 3733 2051 3779 eum,
2100 3717 2184 3769 cui
2225 3732 2287 3770 ex
2347 3714 2738 3769 c0usuetudine
2800 3723 2894 3768 aut
2949 3724 3140 3768 natura
3201 3716 3476 3782 quidpiam

1902 3809 2106 3871 evenit,
2144 3807 2344 3860 audere
2371 3816 2617 3875 oporteat
2663 3807 2730 3860 ad
2791 3821 3071 3860 sacrorum
3114 3811 3486 3862 communica-

1904 3897 2102 3952 tionem
2136 3897 2461 3953 admittere?
2492 3896 2803 3965 respoudit:
2829 3895 3172 3965 Superiorem
3204 3907 3407 3950 natura:
3437 3907 3491 3950 et

1921 3989 2301 4045 consuetudini
2332 3988 2515 4041 docuit
2542 3987 2832 4055 Apostolus
2862 4002 2983 4042 esse
3022 4003 3166 4051 eum,
3192 3990 3283 4056 qui
3315 3991 3365 4040 in
3401 3990 3490 4042 ba-

1907 4084 2104 4151 ptismo
2140 4081 2486 4148 consepultus
2519 4092 2602 4134 eSt
2655 4080 2876 4134 Christo
2920 4097 2934 4132 :
2973 4095 3118 4134 nunc
3156 4082 3370 4149 quidem
3409 4083 3491 4134 di-

1906 4187 2056 4237 cens,
2089 4172 2242 4237 Quod
2278 4181 2418 4226 retu:
2453 4182 2630 4225 noster
2661 4172 2816 4224 Immo
2844 4188 2958 4224 cum
2991 4189 3049 4223 eo
3085 4174 3368 4240 cruciﬁxus
3394 4185 3488 4234 est,

1906 4275 1963 4318 ut
2000 4267 2274 4318 abolentur
2319 4281 2508 4330 corpus
2554 4265 2776 4327 peccati,
2807 4278 2872 4315 ne
2907 4279 2999 4316 nos
3033 4265 3260 4330 amplius
3292 4263 3492 4316 servia-

1906 4373 2023 4408 mus
2081 4365 2293 4424 peccato
2327 4361 2343 4390 ι
2397 4354 2561 4407 :alihi
2614 4368 2744 4407 vero
2783 4355 3117 4421 prtccipiens,
3173 4353 3487 4419 Mortiﬁcate

1908 4449 2072 4516 igitur
2101 4448 2332 4499 membra
2357 4455 2530 4500 vestra
2563 4447 2862 4506 terrestria,
2889 4445 3287 4502 srortationem,
3317 4446 3491 4510 impu-

209 4535 442 4604 ἀνδράσι
467 4533 564 4585 καὶ
589 4531 802 4599 γυναιξὶ
828 4533 1008 4581 πίστει
1028 4532 1092 4600 τῇ
1120 4532 1197 4591 εἰς
1219 4529 1310 4580 τὸν
1336 4529 1535 4598 Κύριον
1561 4529 1760 4598 γνησίᾳ
1779 4541 1792 4554 '

1908 4541 2132 4602 ritetcm,
2168 4538 2465 4597 mollitiem,
2493 4538 2830 4603 cupiditatem
2861 4534 3082 4595 malum,
3102 4547 3148 4587 et
3175 4535 3485 4592 avaritiam.

207 4627 302 4682 τοῦ
342 4628 401 4678 δὲ
442 4628 500 4678 ἒν
532 4624 845 4693 ἀκαθαρσίᾳ
883 4623 1010 4674 ὄντα
1042 4625 1163 4674 τινὰ
1201 4621 1437 4688 ἐγγίζειν
1471 4625 1582 4684 τοῖς
1623 4624 1799 4690 ἁγίοις

206 4723 304 4773 καὶ
340 4726 406 4770 ὲκ
440 4719 540 4784 τῆς
580 4716 822 4777 Haloti;
857 4714 1129 4782 Διαθὴκης
1167 4713 1398 4782 φοϐερὸν
1432 4715 1800 4783 διδασκόμεθα

207 4813 272 4864 τδ
306 4812 508 4880 κρῖμα.
545 4810 603 4860 Εἰ
639 4807 694 4860 δὲ
733 4808 916 4861 πλεῖον
947 4806 1040 4858 τοῦ
1078 4805 1227 4875 ἱεροῦ
1260 4799 1384 4870 ὦδε,
1420 4807 1799 4876 φοϐερώτερον

209 4912 480 4982 δηλονότι.
531 4905 820 4960 Παιδεύσει
861 4905 918 4957 δὲ
963 4904 1113 4971 ἡμᾶς
1151 4902 1180 4953 ὁ
1219 4902 1540 4963 ’Δπόστολος
1583 4901 1756 4953 εἰπὼν
1786 4912 1800 4928 '

220 5006 284 5057 '0
314 5003 538 5056 ἐσθίων
563 4998 660 5051 καὶ
690 4998 883 5049 πίνων
905 4995 1166 5058 ἀναξίως
1192 4993 1374 5061 κρῖμα
1397 4991 1586 5057 ἐαυτῷ
1610 4994 1801 5046 ἐσθίει

213 5096 311 5147 καὶ
345 5093 530 5145 πίνει.
568 5089 664 5141 Ἐκ
694 5087 826 5155 γοῦν
854 5086 953 5155 τῆς
986 5084 1328 5154 ἀποκρίσεως
1359 5084 1561 5153 ταύτης
1594 5083 1799 5136 οἴονταί

209 5203 358 5250 τινες
391 5184 481 5236 τὸν
518 5183 692 5250 μέγαν
723 5178 1007 5232 Βασίλειον
1037 5175 1384 5244 ἀκαθαρσίαν
1415 5174 1670 5244 ἡγεῖσθαι
1701 5175 1801 5243 τὴν

209 5276 306 5328 τοῦ
341 5275 659 5342 σπέρματος
687 5270 887 5340 ἐκροήν
912 5285 926 5299 ·
959 5267 1075 5320 ἀλλ’
1098 5268 1200 5318 οὐκ
1231 5266 1346 5319 ἐστι
1374 5265 1554 5318 τοῦτο.
1584 5264 1659 5318 Οὐ
1693 5264 1801 5335 γὰρ

213 5368 349 5438 περὶ
380 5364 728 5432 ἀφαντάστου
763 5364 896 5428 φησὶ
928 5359 1140 5429 ῥύσεως
1160 5397 1174 5420 ,
1207 5357 1322 5409 ἀλλ’
1349 5357 1468 5411 οὐδὲ
1504 5357 1643 5427 μετὰ
1676 5374 1803 5423 φαν.

210 5459 407 5519 τασίας
437 5454 763 5525 γενομένης,
792 5453 920 5506 ἄνευ
954 5453 1141 5522 μέντοι
1171 5449 1502 5518 ὲμπαθείας,
1531 5445 1598 5518 ἦς
1629 5449 1814 5502 ἐπιθυ·

218 5551 319 5620 μία
367 5550 426 5602 ού
473 5549 864 5618 προηγήσατο·
911 5543 944 5612 ἢ
990 5542 1091 5595 κᾶν
1141 5541 1520 5612 προηγήσατο,
1567 5540 1813 5593 ἀὶιλόύκ

215 5641 513 5710 ὲνέμεινεν,
544 5637 659 5689 ἀλλ’
685 5637 1026 5705 ἀπεπέμφθη
1051 5632 1145 5686 τοῦ
1176 5631 1490 5702 κρείττονος
1518 5632 1815 5702 ὲπικρατή.

316 5825 328 5854 ¹
359 5824 518 5882 80m.
555 5837 628 5888 νι,
665 5822 717 5878 6.
827 5819 846 5848 ²
886 5819 1097 5877 Coloss.
1137 5835 1198 5876 ιιι
1227 5860 1242 5886 ,
1278 5820 1343 5885 5,
1375 5816 1432 5872 6.

1899 4648 2018 4700 qua:
2049 4642 2124 4684 est
2149 4630 2478 4695 idololatria,
2500 4627 2563 4682 ob
2591 4643 2706 4698 qua:
2738 4629 2870 4680 venit
2906 4631 2984 4679 ira
3017 4627 3110 4679 Dei
3141 4643 3295 4693 super
3326 4627 3493 4679 bcmi-

1902 4737 1988 4773 nes
2035 4730 2368 4772 contumaces
2411 4724 2432 4754 '
2481 4738 2495 4774 :
2537 4720 2665 4772 alibi
2717 4728 2892 4770 autem
2929 4718 3164 4782 regulnn
3199 4733 3492 4785 exponens,

1904 4812 2031 4864 dum
2064 4812 2158 4874 ait,
2203 4810 2306 4876 Qui
2333 4812 2472 4862 enim
2505 4820 2625 4863 sunt
2671 4809 2894 4872 Christi,
2959 4825 3167 4860 carnem
3216 4809 3492 4874 crucifixit-

1904 4911 2030 4954 runt
2078 4918 2197 4954 cum
2265 4902 2542 4970 affectibus
2613 4909 2662 4954 et
2708 4902 3088 4969 cupiditatibus
3136 4900 3179 4955 ³.
3214 4902 3324 4969 Ego
3371 4917 3497 4952 vero

1905 4994 2020 5047 scio
2050 4993 2335 5046 emendata
2364 4991 2480 5046 haec
2510 4991 2679 5045 fuisse
2711 5007 2807 5059 per
2835 4992 3036 5046 Christi
3067 4993 3298 5060 gratiam
3328 4992 3381 5043 in
3413 4992 3497 5042 vi-

1909 5083 1986 5138 ris
2019 5090 2072 5136 et
2108 5081 2444 5146 mulieribus,
2478 5083 2690 5136 sincera
2722 5083 2776 5135 in
2812 5082 3097 5134 Dominum
3145 5081 3247 5134 [ide
3277 5097 3290 5133 :
3325 5081 3390 5133 de
3419 5097 3484 5132 eu

1910 5187 2040 5227 vero
2073 5173 2164 5241 qui
2215 5173 2527 5240 impuritate
2555 5173 2785 5240 pollutus
2821 5173 3048 5225 accessit
3076 5175 3142 5223 ad
3170 5181 3386 5232 sancta,
3431 5185 3497 5222 ex

1911 5265 2090 5320 Veteri
2118 5279 2331 5333 quoque
2363 5261 2710 5317 Testamento
2741 5262 3071 5316 horrendum
3098 5263 3389 5316 e'locemur
3411 5261 3500 5326 ju-

1915 5357 2138 5411 dicium.
2170 5355 2324 5421 Quod
2362 5356 2406 5408 si
2439 5354 2560 5422 plus
2591 5354 2789 5423 templo
2819 5355 2904 5408 hic
2934 5365 3046 5418 est,
3080 5368 3211 5406 sane
3235 5364 3288 5406 et
3310 5350 3500 5404 formi-

1918 5450 2174 5505 dabilius.
2222 5449 2367 5503 ldem
2420 5465 2518 5504 nos
2547 5451 2758 5503 erudiet
2804 5449 3095 5517 Apostolus
3149 5449 3360 5512 dicens,
3396 5444 3500 5509 Qui

1923 5543 2208 5594 manducat
2235 5550 2284 5592 et
2332 5540 2459 5592 bibit
2509 5541 2743 5609 indigne,
2768 5540 3030 5608 judicium
3077 5539 3172 5592 sibi
3217 5539 3498 5590 manducet

1925 5641 1970 5684 et
2004 5630 2131 5683 bibit
2187 5627 2228 5682 δ.
2265 5628 2340 5682 Ex
2376 5631 2478 5683 hoc
2514 5629 2680 5698 igitur
2732 5646 2993 5699 responso
3028 5629 3246 5698 quidam
3296 5625 3498 5695 opinati

1527 5814 1544 5842 ³
1583 5813 1760 5870 Galat.
1803 5831 1833 5868 ν
1861 5855 1876 5881 ,
1905 5813 1997 5869 24.
2079 5814 2098 5843 ⁸
2131 5811 2149 5867 l
2186 5810 2316 5867 Cor.
2349 5823 2432 5876 ιι,
2464 5809 2558 5864 ἳἹ.
