4018 6446
567 400 669 460 55'.)
1806 395 1902 454 ΤΗ
1920 392 2082 451 EOD.
2116 383 2510 449 BALSAMON
3689 368 3723 429 5
3762 368 3802 428 0

564 526 685 568 sunt
720 527 962 581 magmtm
1004 509 1617 575 Basiliunt‘impuritatis
1652 508 1768 562 loco
1802 508 1997 560 ducere
2030 520 2116 558 se-
2148 552 2151 562 ,

2223 514 2411 559 σαντος
2432 492 2691 562 λογισμοῦ
2710 508 2724 523 ·
2765 492 2901 544 ὥστε
2927 487 3062 559 μηδὲ
3085 480 3494 554 συγκατάθεσιν
3515 480 3802 548 γενέσθαι,

566 606 723 659 minis
743 604 959 669 ﬂuxum;
990 604 1081 657 sed
1109 619 1211 655 non
1245 611 1324 654 est
1351 603 1445 654 ita.
1476 599 1589 655 Non
1618 599 1758 653 enim
1790 598 1856 652 de
1885 612 1949 652 eo
1974 595 2117 649 ﬁuxu

2224 591 2353 659 μηδὲ
2397 587 2721 658 μολυνθῆναι
2754 583 2928 654 ταύτῃ
2958 582 3049 634 τὸν
3080 581 3361 646 λογισμόν.
3400 572 3514 627 Καὶ
3545 570 3709 623 τοῦτο
3741 571 3806 634 ἑξ

563 696 822 765 loquitur,
859 694 948 761 qui
984 694 1100 747 sine
1129 688 1511 757 imaginatione
1542 689 1627 754 ﬁt,
1669 689 1773 741 imo
1806 703 1902 739 nec
1933 688 1998 739 de
2030 700 2117 749 eo,

2220 679 2387 747 αὐτῆς
2417 678 2511 744 τῆς
2544 673 2764 745 γραφῆς
2793 673 2887 724 τοῦ
2925 670 3163 740 μεγάλου
3200 665 3413 733 [ἰατρὸς
3448 662 3668 715 ἐκείνου
3701 677 3807 711 κα⁶

566 803 723 852 quem
752 785 1066 850 imaginatio
1095 783 1384 836 comitatur
1410 822 1424 845 ,
1473 783 1588 833 sine
1616 781 1718 832 ulla
1750 787 1926 831 tamen
1956 776 2118 829 animi

2220 767 2621 837 ταληφθήσεται
2643 764 2721 832 τῷ
2745 763 3081 831 προσέχοντι.
3109 758 3189 810 Τά
3214 758 3323 825 γάρ
3344 753 3435 814 τοῦ
3462 755 3521 806 Ἀ
3533 752 3807 805 ποστόλου

565 881 866 939 uli'ectioue,
902 891 1058 944 quam
1085 874 1345 942 cupiditas
1404 887 1505 924 non
1557 869 1922 939 praecesserit;
1953 875 2044 917 aut
2076 864 2121 917 si

2223 860 2287 929 ρή
2300 874 2443 926 ματα
2471 852 2549 918 οἷς
2579 856 2786 915 ἐκεῖνος
2816 857 2893 914 είς
2923 850 3269 916 κατασκευὴν
3299 846 3577 915 ἐχρήσατο
3602 842 3696 896 τοῦ
3725 842 3810 893 οξ-

564 972 853 1038 praect-ssit.
888 966 1027 1021 haud
1071 965 1163 1019 diu
1202 975 1380 1016 tamen
1410 960 1668 1023 substitit,
1701 959 1794 1012 sed
1841 956 2121 1011 exturbata

2292 950 2370 1001 ίου
2409 949 2599 1015 λόγου,
2641 945 2915 1017 ἁμαρτίας
2961 946 3233 1012 μέμνηται
3276 941 3370 992 καὶ
3414 937 3809 1005 ἀκαθαρσίας,
3874 1012 3878 1019 1

564 1073 643 1114 est
682 1041 904 1127 potionis
936 1058 1160 1124 imperio
1194 1054 1451 1117 ratiunis;
1482 1052 1553 1104 ita
1584 1060 1643 1104 ut
1673 1064 1847 1117 neque
1878 1047 2121 1100 assensio

2223 1042 2312 1093 καὶ
2349 1038 2640 1108 ἐπιθυμίας
2684 1037 2881 1105 κακῆς.
2926 1037 3068 1104 Πρδς
3112 1035 3253 1101 ἆπερ
3293 1032 3502 1087 ἐκεῖνος
3550 1026 3810 1095 στηρίξει

564 1154 633 1204 sit
666 1156 977 1210 consecuta,
1010 1160 1107 1198 nec
1128 1144 1312 1211 aliqua
1360 1156 1457 1210 per
1486 1140 1630 1193 illam
1665 1138 1876 1189 macula
1924 1132 2119 1188 rationi

2227 1131 2321 1199 τὴν
2346 1130 2572 1198 γνώμην
2597 1128 2693 1197 τὴν
2722 1126 2939 1185 ἑαυτοῦ.
2971 1127 3145 1191 λέγων
3164 1140 3178 1155 ·
3207 1124 3280 1175 Τὸ
3305 1122 3361 1173 δὲ
3392 1123 3451 1171 ὲν
3479 1118 3814 1187 ἀκαθαρσίᾳ

564 1240 871 1294 :tdltaaserit.
906 1209 1068 1301 quue
1115 1248 1179 1285 ex
1227 1209 1457 1299 ipsumet
1504 1227 1679 1296 magni
1736 1226 1909 1279 Patris
1965 1224 2111 1276 illius

2226 1220 2349 1272 ὗντα
2376 1221 2497 1272 τινά
2524 1220 2763 1286 ἐγγίζειν
2788 1218 2899 1278 τοῖς
2926 1217 3125 1282 ἁγίοις,
3155 1216 3247 1265 καὶ
3273 1213 3341 1265 τὰ
3373 1212 3562 1263 λοιπὰ.
3591 1210 3712 1261 Οὐκ
3741 1209 3813 1260 ἂν

564 1327 853 1394 scriptione
904 1320 1353 1376 auimadvertenti
1404 1316 1559 1369 facile
1602 1315 1706 1369 erit
1769 1326 2115 1382 cognouere.

2229 1311 2279 1365 δὲ
2315 1330 2397 1373 τις
2436 1314 2576 1365 εἷποι
2614 1311 2951 1379 ἀκαθαρσίαν
2988 1308 3248 1375 όνομςὶσαι
3284 1306 3375 1357 τὸν
3415 1305 3598 1373 μέγαν
3640 1301 3816 1353 Βασί-

564 1417 803 1484 Apostoli
834 1427 1063 1480 namque
1089 1410 1270 1473 verba,
1292 1407 1485 1476 quibus
1514 1406 1599 1459 ille
1625 1405 1689 1458 ad
1710 1419 1821 1457 suae
1845 1401 2124 1457 sententiae

2227 1401 2365 1454 λειον
2397 1401 2494 1471 τὴν
2529 1400 2910 1470 σπερματικὴν
2943 1400 3191 1468 ἔκκρισιν
3222 1396 3445 1456 ἀπαθῶς
3480 1395 3814 1462 γινομένην.

566 1483 1020 1558 cuttlirmationent
1054 1509 1137 1553 est
1180 1513 1329 1561 usus,
1382 1494 1589 1564 peccati
1624 1496 1911 1546 meminere
1945 1492 2122 1558 impu-

2230 1493 2395 1546 Τοῦτο
2429 1495 2537 1562 γὰρ
2573 1493 2790 1562 διαῆολὴ
2821 1492 2917 1561 τῆς
2952 1490 3153 1560 σαρκός
3178 1505 3192 1519 ο
3225 1490 3253 1540 ὁ
3284 1486 3341 1538 δὲ
3372 1488 3430 1537 ὲν
3462 1484 3679 1536 πλείοσι
3718 1483 3817 1534 λό-

568 1595 869 1660 uitansque,
896 1599 949 1643 et
981 1583 1430 1654 concupiscentiae
1480 1582 1632 1635 make
1656 1620 1670 1647 ,
1716 1593 1777 1633 ex
1814 1578 2007 1647 quibus
2034 1578 2122 1631 ille

2229 1599 2339 1649 γοις
2367 1583 2790 1652 ἐφιλοσόφησεν,
2819 1582 2895 1643 ὼς
2926 1582 2987 1632 οὺ
3022 1578 3189 1632 κακὸν
3219 1578 3282 1630 τὸ
3313 1576 3474 1645 σῶμα
3495 1615 3509 1637 ,
3541 1575 3667 1627 οὐδὲ
3700 1591 3816 1626 κα-

567 1701 718 1737 suam
763 1681 1021 1735 stabilivit
1063 1677 1407 1739 sententiam,
1453 1673 1659 1736 dicens,
1704 1671 1947 1737 Aliquem
1995 1682 2121 1722 vero

2235 1672 2344 1734 ιιίας
2384 1674 2565 1741 ἀρχὴ,
2604 1670 2783 1733 καθὼς
2825 1671 2969 1733 ἕδοξέ
3005 1686 3167 1723 τισιν.
3207 1669 3329 1720 Οὐδ’
3360 1668 3580 1720 ἐναντία
3624 1665 3822 1731 λέγειν

572 1774 877 1843 impuritate
924 1770 1182 1839 pollutum
1230 1766 1297 1820 ad
1342 1774 1524 1818 sancta
1552 1762 1654 1833 41
1690 1764 1943 1815 accedere
1967 1800 1981 1824 ,
2013 1774 2117 1814 etc.

2235 1764 2382 1817 ιὺτὺν
2424 1764 2500 1831 τῷ
2537 1764 2756 1831 μεγαλῳ
2791 1761 3086 1829 Ἀθανασίῳ
3121 1760 3397 1827 λογίσαιτό
3427 1774 3512 1819 τις
3537 1797 3554 1821 ,
3584 1753 3646 1810 οὗ
3679 1760 3822 1818 τοὺς

572 1866 753 1932 Neque
778 1858 1246 1927 veroimpuritatis
1270 1855 1482 1908 nomine
1502 1854 1720 1907 seminis
1739 1851 2123 1931 egoretionem,
2158 1900 2159 1903 η

2233 1856 2416 1921 λόγους
2444 1856 2681 1915 ἅπαντες
2707 1855 2757 1906 οἱ
2786 1854 2922 1921 ἱεροὶ
2958 1852 3197 1920 Πατίρες
3224 1851 3424 1920 ἐξόχως
3453 1848 3820 1912 σεῦἀζονται.

573 1972 692 2023 qua:
745 1955 951 2019 absque
1001 1947 1163 2000 animi
1214 1942 1616 2012 perturbat'oue
1668 1940 1976 2009 contingit,
2014 1954 2128 1993 ma-

2246 1945 2403 1997 Ἀλλά
2431 1944 2649 2006 πάντως
2679 1943 3021 2012 ἀκαθαρσίαν
3046 1943 3075 1993 ό
3105 1942 3278 2011 μέγας
3307 1940 3589 2002 Βασίλειος
3618 1940 3683 1992 οὐ
3713 1938 3824 2008 τὴν

574 2063 732 2115 μιιιιιιι
759 2041 1347 2097 Basiliumiutellexisse
1370 2037 1629 2106 quispiam
1655 2034 1849 2087 dixerit
1881 2051 1893 2085 :
1924 2042 2008 2085 εει
2027 2031 2131 2083 hoc

2238 2034 2616 2104 σπερματικὴν
2645 2034 2931 2102 ὠνόμασεν
2963 2032 3232 2101 ἔκκρισιν,
3263 2030 3400 2084 ἀλλὰ
3429 2030 3529 2100 τὴν
3560 2030 3825 2100 πονηρὰν

576 2155 803 2205 namque
858 2148 1113 2189 accusare
1156 2146 1392 2184 carnem.
1444 2128 1604 2197 Atqui
1654 2127 1742 2179 ille
1788 2125 1839 2177 in
1889 2122 2130 2191 pluribus

2237 2124 2526 2192 ἐπιθυμίαν
2545 2139 2560 2153 ο
2582 2118 2647 2192 ἦς
2668 2124 2997 2191 ¹ἡγουμένης.
3020 2123 3114 2174 καὶ
3137 2123 3168 2189 ἠ
3193 2122 3333 2173 κατὰ
3353 2120 3599 2173 διάνοιαν
3624 2121 3824 2189 ἀμαρ-

577 2233 692 2284 suis
722 2225 1053 2282 orationibus
1081 2222 1350 2284 disseruit,
1382 2219 1520 2272 haud
1552 2218 1744 2270 malum
1764 2228 1883 2268 esse
1913 2225 2131 2280 corpus,

2237 2215 2317 2267 τία
2346 2215 2578 2266 τελεῖται
2610 2215 2696 2265 διὰ
2729 2213 3206 2280 συγκαταθέσεως.
3240 2211 3353 2263 Καὶ
3382 2211 3559 2269 οὕτως
3593 2210 3824 2276 γίνεται

570 2340 670 2373 m-c
702 2320 821 2371 ntali
850 2316 1191 2387 principium,
1233 2325 1287 2364 ιιι
1320 2309 1562 2364 nonnulli
1596 2308 1995 2361 existimarunt.
2022 2302 2130 2355 Nec

2237 2303 2501 2372 φαντασία
2530 2303 2651 2356 καθ’
2672 2301 2873 2362 ὕπνους
2898 2301 3107 2355 καὶτοῦ
3137 2304 3454 2371 σπέρματος
3480 2303 3674 2373 ἐκροή.
3703 2305 3752 2355 Κ
3769 2305 3824 2355 ιι

576 2412 723 2464 illum
756 2406 1020 2462 contraria
1052 2418 1241 2472 magno
1262 2400 1567 2467 Athanasio
1584 2399 1845 2450 disserere
1866 2395 2129 2463 quispiam

2241 2397 2293 2447 ἐκ
2329 2395 2420 2446 τοῦ
2460 2396 2622 2463 φάναι
2661 2396 2717 2447 δὲ
2758 2396 2840 2446 ὅτι
2878 2393 3019 2460 Ἐγὼ
3053 2394 3223 2460 ἔγνων
3262 2397 3345 2445 ὅτι
3380 2393 3555 2445 ταῦτα
3595 2411 3828 2464 κατωρ-

578 2503 892 2564 arbitretur,
926 2497 1076 2565 cujus
1106 2497 1246 2548 dicta
1277 2506 1463 2545 omnes
1494 2488 1664 2543 sancti
1704 2488 1891 2542 Patres
1935 2487 1985 2538 in
2022 2483 2131 2553 pri-

2239 2484 2376 2554 θώθη
2402 2485 2537 2538 Θεοῦ
2566 2486 2747 2554 χάριτι
2774 2486 2864 2536 καὶ
2891 2484 3115 2552 ἀνδράσι
3142 2484 3236 2535 καὶ
3262 2483 3501 2550 γυναιξὶ,
3527 2484 3826 2537 δείκνυται

574 2594 685 2646 tuis
718 2595 1065 2649 venerantur,
1104 2586 1195 2637 sed
1226 2585 1380 2650 plane
1417 2580 1631 2633 nomine
1669 2577 1993 2645 impuritatis
2019 2590 2130 2627 ma-

2241 2575 2474 2643 ἐναργῶς
2500 2577 2580 2628 ὃτι
2610 2577 2735 2643 περὶ
2763 2574 3061 2644 ἐκκρίσεως
3090 2574 3405 2642 σπέρματος
3434 2574 3575 2641 μετά
3606 2591 3828 2641 φαντα-

572 2698 710 2750 gnus
742 2679 967 2732 Basilius
997 2691 1098 2730 non
1124 2673 1484 2726 excretionem
1514 2669 1755 2730 seminis,
1783 2668 1875 2719 sed
1909 2680 2127 2734 pravam

2239 2666 2353 2729 σίας
2384 2665 2674 2735 γινομένης
2704 2666 2885 2734 φησιν,
2916 2660 2984 2733 ἦς
3018 2666 3291 2733 ὲμπάθεια
3327 2666 3693 2736 προηγήσατο
3722 2668 3826 2717 καὶ

576 2772 926 2840 cupiditatem
962 2765 1245 2835 signiﬁcat,
1278 2778 1394 2831 quae
1426 2760 1514 2814 ubi
1560 2759 1887 2820 dominatur,
1936 2770 2129 2824 pecca-

2240 2756 2264 2824 ή
2292 2756 2430 2808 κατά
2456 2756 2696 2808 διάνοιαν
2720 2757 2982 2825 ἁμαρτία.
3005 2755 3176 2809 Τοῦτο
3198 2758 3305 2823 γάρ
3331 2758 3445 2808 ἐστι
3476 2756 3827 2825 κατόρθωμα

579 2872 685 2912 ιυιιι
721 2873 930 2927 quoque
962 2857 1014 2910 in
1045 2852 1368 2923 cogitatione
1402 2849 1676 2919 perﬁcitur
1709 2860 1776 2899 ex
1810 2858 2074 2898 consensu
2106 2880 2123 2906 ,

2238 2849 2289 2897 τὸ
2314 2848 2411 2916 τὴν
2440 2846 2833 2913 συγκατάθεσιν
2863 2849 3138 2916 ἐκφυγεῖν,
3174 2849 3265 2900 καὶ
3294 2847 3384 2899 τὸν
3413 2847 3479 2898 δι’
3513 2848 3689 2915 αὐτῆς
3720 2847 3825 2899 τοῦ

579 2962 739 3016 atque
768 2950 869 3001 hoc
895 2956 1048 3015 pacto
1065 2944 1438 3011 concipiuntur
1464 2940 1721 3006 imagines
1743 2950 1836 3002 per
1856 2947 2127 2997 somnum,

2239 2937 2492 3005 λογισμοῦ
2529 2938 2803 3005 μολυσμὸν
2823 2976 2838 3001 ,
2873 2938 2989 2991 ἀλλ’
3012 2939 3134 3006 οὐχὶ
3164 2939 3224 2989 τὸ
3261 2937 3336 3006 μὴ
3368 2938 3717 3007 ἐπιθυμῆσαι
3739 2981 3753 3003 ,
3796 2939 3826 2990 ὃ

576 3040 903 3106 semiuisque
936 3036 1094 3088 ﬁuxio
1120 3032 1400 3099 contingit.
1453 3029 1590 3093 Quin
1645 3042 1709 3080 ex
1769 3025 1872 3078 illis
1924 3024 2125 3085 verbis,

2237 3030 2347 3080 ἑστι
2375 3032 2436 3079 τὸ
2471 3030 2546 3097 μὴ
2576 3028 2903 3097 προσϐαλεῖν
2933 3029 3208 3097 λογισμόν.
3242 3028 3412 3081 Τοῦτο
3444 3032 3557 3099 γὰρ
3583 3031 3686 3098 τῆς
3717 3029 3824 3097 φύ-

576 3146 673 3199 ego
703 3144 822 3183 vero
848 3127 959 3180 scio
988 3124 1264 3179 emendata
1301 3125 1412 3174 haec
1440 3120 1606 3171 fuisse
1639 3117 1731 3170 Dei
1764 3114 1935 3183 gratia
1967 3118 2019 3168 in
2043 3115 2125 3167 vi-
2154 3168 2163 3211 ‘

2240 3134 2379 3180 osw;
2417 3118 2449 3186 ἦ
2485 3118 2826 3196 ἠλιθιότητος
2850 3135 2863 3148 ⁸
2895 3118 2957 3171 τὸ
2987 3119 3046 3205 δε
3080 3121 3154 3189 μὴ
3189 3120 3553 3190 ὑποκλιθῆναι
3586 3126 3653 3191 τῇ
3692 3126 3827 3175 ἐπι-

577 3197 652 3273 ris
686 3230 736 3271 et
770 3217 1098 3278 mulieribus;
1126 3224 1311 3281 aperte
1338 3209 1658 3270 ostenditur,
1690 3208 1756 3261 de
1786 3205 2008 3259 seminis
2033 3220 2127 3258 εχ·
2155 3197 2164 3212 ’

2239 3208 2431 3279 θυμίᾳ,
2467 3209 2599 3277 μηδὲ
2634 3197 3071 3275 συγκαταθέσθᾶι
3103 3212 3182 3281 τῷ
3215 3212 3467 3280 λογισμῴ
3490 3253 3506 3277 ,
3542 3213 3683 3282 μηδὲ
3716 3214 3826 3283 τὴν

576 3311 832 3372 ιιοιὶοιιο,
867 3320 1026 3375 quam
1063 3302 1373 3369 imaginatio
1404 3300 1713 3356 comitatur,
1748 3299 1924 3365 ipsum
1959 3295 2130 3365 loqui.

2237 3302 2368 3352 κατὰ
2391 3301 2631 3354 διάνοιαν
2660 3301 2936 3371 ἁμαρτίαν
2961 3303 3345 3373 ἐκτελεσθῆναι
3373 3306 3469 3357 καὶ
3495 3306 3669 3373 ἀρετή
3701 3308 3824 3359 ἔστι

576 3413 843 3469 quamque
896 3409 1056 3463 prava
1110 3393 1320 3446 aﬁ‘cctio
1368 3400 1422 3443 et
1477 3397 1752 3457 peccatum
1807 3385 2132 3453 cogitatione

2239 3392 2324 3444 καὶ
2353 3392 2703 3463 κατόρθωμα.
2735 3394 2870 3447 Οὐδὲ
2897 3396 2959 3446 τὸ
2990 3394 3065 3464 μὴ
3093 3395 3347 3461 γενέσθαι
3375 3396 3485 3449 τινὶ
3511 3397 3607 3449 τοῦ
3641 3402 3826 3467 σπέρ-

577 3500 893 3556 conceptum
928 3486 1221 3555 praecessit.
1251 3481 1346 3535 Est
1390 3482 1532 3535 enim
1569 3481 1880 3546 praeclarum
1927 3478 2134 3530 facinus

2239 3499 2397 3550 ματος
2440 3484 2686 3553 ἔκκρισιν
2735 3486 3077 3553 καθόρθωσις
3122 3487 3534 3556 λογισθήσεται.
3578 3490 3826 3543 Φυσικὸν

579 3579 946 3632 asseusionem
976 3574 1177 3642 fugere,
1210 3582 1263 3626 et
1294 3586 1412 3640 quae
1439 3585 1532 3637 per
1569 3570 1735 3635 ipsam
1773 3569 1967 3621 rationi
2016 3583 2131 3621 ma-

2238 3574 2342 3639 γὰρ
2369 3572 2526 3625 τοῦτο
2551 3590 2564 3604 ’
2596 3576 2674 3625 διὸ
2704 3577 2799 3627 καὶ
2828 3578 3111 3645 γινόμενον
3142 3578 3478 3645 ἀνέγκλητον
3501 3594 3516 3609 ο
3548 3579 3668 3631 ἀλλ’
3694 3582 3825 3633 οὐδὲ

581 3668 699 3721 cula
748 3668 979 3719 adhaeret
1009 3681 1023 3716 :
1060 3679 1162 3717 non
1207 3673 1383 3714 autem
1415 3658 1694 3713 excludere
1730 3658 2124 3726 cupiditatem,

2238 3680 2315 3725 τις
2344 3660 2495 3733 οἶμαι
2522 3665 2619 3734 τὴν
2647 3668 2879 3738 φυσικὴν
2910 3668 3094 3738 ρεῦσιν
3121 3668 3187 3721 δι’
3204 3669 3325 3722 ὅλου
3354 3668 3640 3739 φεύξεται,
3666 3673 3717 3723 εί
3743 3674 3825 3740 μή

582 3758 723 3826 quod
764 3767 842 3810 est
888 3757 1126 3810 animum
1169 3753 1234 3807 ad
1291 3754 1432 3803 illaut
1486 3749 1630 3802 nullo
1663 3759 1818 3813 pacto
1864 3751 2123 3818 adjicere.

1291 3754 1432 3803 illam
1486 3749 1630 3802 nullo
1663 3759 1818 3813 pacto
1864 3751 2123 3818 adjicere.
2235 3770 2317 3816 τις
2346 3757 2431 3824 εἴη
2460 3758 2577 3810 λίαν
2607 3757 2834 3825 ἠλίθιος.

572 3850 695 3903 lloc
727 3864 955 3918 namque
980 3858 1062 3903 est
1094 3862 1123 3899 a
1156 3855 1345 3900 natura
1379 3853 1468 3898 aut
1502 3842 1838 3896 stoliditate.
1902 3842 2093 3897 Verum
2169 3863 2196 3899 a
2240 3849 2537 3913 cupiditate
2570 3854 2793 3906 minime
2823 3854 2993 3919 vinci,
3024 3869 3123 3909 nec
3154 3857 3403 3910 assentiri
3437 3860 3638 3913 rationi
3672 3900 3689 3925 ,
3723 3875 3832 3914 ne!

574 3950 856 4005 peccatum
892 3940 1211 4008 cngitatioue
1254 3936 1547 4005 perlicere,
1587 3936 1686 3988 hoc
1736 3935 1950 3990 virtutis
1998 3949 2133 4004 opus

2241 3948 2250 3991 ι
2286 3937 2598 4010 facinusque
2629 3944 2968 4010 praeclarum.
3015 3944 3199 4015 Neque
3233 3949 3375 4015 quod
3440 3949 3605 4002 alicui
3681 3969 3828 4005 nuu-

585 4049 743 4099 quam
789 4033 1009 4085 seminis
1034 4031 1269 4085 excretio
1317 4030 1621 4097 Contigerit,
1679 4028 1952 4094 egregium
2019 4026 2229 4082 facinus
2264 4031 2682 4087 existimabitur.
2720 4034 2834 4089 Hoc
2877 4037 3021 4090 enim
3057 4040 3301 4091 naturale
3328 4050 3412 4092 est
3458 4055 3472 4091 :
3527 4056 3832 4111 prapterea

586 4142 707 4177 ι-ιιιιι
739 4127 949 4189 accidit,
975 4123 1125 4189 culpa
1152 4132 1315 4176 caret.
1356 4122 1463 4173 huo
1515 4134 1641 4174 vero
1691 4134 1788 4173 nec
1838 4120 2133 4174 naturalem
2174 4123 2312 4177 hanc
2359 4123 2647 4181 ﬁuxiouem
2694 4128 2980 4199 quisquam
3049 4130 3287 4198 penitus,
3336 4129 3445 4184 nisi
3523 4134 3833 4188 admodum

588 4218 834 4285 stupidus
861 4215 1048 4279 fuerit,
1086 4226 1141 4267 ut
1168 4215 1378 4281 opinor,
1430 4211 1669 4280 effugiet.

590 4308 698 4378 42
733 4304 981 4375 Ejusdem
1003 4322 1065 4360 ει
1088 4306 1344 4359 tricesima
1370 4321 1503 4427 upua
1523 4306 1743 4373 epistola
1767 4307 1965 4376 festa“,
1990 4308 2141 4361 initio

1270 4387 1393 4427 mult
1421 4394 1470 4428 α.

2256 4330 2365 4385 Τοῦ
2398 4316 2596 4385 ἀὐτοῦ
2644 4329 2713 4384 se
2743 4328 2855 4398 τῆς
2878 4329 2968 4383 ,ιθι
3019 4329 3412 4397 ἑορταστικῆς
3457 4329 3829 4398 ἐπιστολῆς.

658 4488 727 4540 At
758 4488 1193 4558 quandoquidem
1236 4492 1300 4544 de
1332 4490 1598 4544 haereticis
1630 4499 1888 4559 tanquam
1920 4490 2149 4544 mortuis
2180 4446 2229 4503 ῃ

2327 4504 2463 4557 Ἀλλ’
2487 4504 2669 4571 ἐπειδὴ
2701 4503 2827 4569 περὶ
2861 4500 2958 4571 μὲν
3000 4498 3105 4552 τῶν
3145 4496 3437 4568 αίρετικῶν
3466 4496 3833 4569 ἐμνήσθημεν

588 4578 916 4631 mentionem
948 4578 1195 4642 femmus,
1253 4580 1318 4633 de
1342 4580 1497 4633 nobis
1537 4590 1739 4645 autem,
1785 4589 1844 4633 ut
1890 4581 1982 4647 qui
2012 4580 2150 4633 divi-

2247 4596 2321 4656 ὡς
2349 4593 2575 4660 νεκρῶν·
2615 4593 2741 4661 περὶ
2773 4590 2829 4642 δὲ
2874 4590 3028 4659 ἡμῶν
3055 4588 3128 4651 ὼς
3163 4588 3393 4657 ἐχόντων
3446 4587 3591 4657 πρὸς
3648 4604 3829 4654 σωτη-

589 4688 686 4726 nas
716 4672 780 4723 ad
816 4674 1043 4724 salutem
1072 4669 1275 4724 litteras
1332 4669 1647 4731 habeamus,
1704 4679 1756 4722 et
1799 4670 1923 4739 quia
1959 4684 2145 4722 vereor

2250 4684 2368 4752 ρίαν
2400 4681 2498 4743 τὰς
2537 4680 2680 4741 θείας
2715 4679 2953 4749 Γραφάς·
2992 4679 3085 4729 καὶ
3134 4676 3401 4745 φοϐοῦμαι
3600 4677 3830 4747 μήπως,

588 4776 674 4821 ne,
712 4768 769 4813 ut
796 4761 858 4813 ad
885 4759 1193 4812 Corinthios
1224 4757 1424 4811 Paulus
1479 4758 1693 4825 scripsit
1762 4760 1803 4819 ‘,
1844 4774 1906 4812 ex
1937 4759 2141 4827 simpli-

2245 4772 2317 4833 ὡς
2347 4769 2549 4839 ἔγραψε
2573 4767 2877 4837 Κορινθίοις
2924 4766 3152 4829 Παῦλος,
3191 4765 3359 4831 ὀλίγοι
3403 4764 3515 4815 τῶν
3544 4765 3832 4835 ἀκεραίων

586 4850 823 4903 cioribus
855 4852 1028 4917 pauci,
1058 4865 1087 4903 a
1144 4849 1486 4917 simplicitate
1516 4848 1855 4916 puritateque
1884 4863 2002 4911 sua,
2051 4864 2144 4916 per

2246 4861 2353 4913 ἀπὸ
2376 4862 2471 4928 τῆς
2502 4859 2797 4927 ἁπλότητος
2845 4858 2939 4910 καὶ
2990 4857 3087 4925 τῆς
3128 4856 3421 4925 ἀγνότητος
3470 4854 3833 4923 πλανηθῶσιν

586 4940 941 5005 quorumdam
981 4939 1259 4991 hominum
1316 4936 1581 4990 vafritiem
1627 4946 1935 4991 avertantur
1970 4956 1982 4990 :
2012 4954 2144 4992 neve

2244 4950 2351 5001 ἀπὸ
2377 4949 2477 5017 τῆς
2528 4946 2859 5015 πανουργίας
2898 4945 3058 4998 τινῶν
3111 4944 3442 5014 ἀνθρώπων,
3494 4947 3592 4997 καὶ
3636 4946 3830 4999 λοιπὶκ

583 5029 839 5114 deinceps
871 5028 1038 5080 libros
1086 5027 1219 5080 alios
1246 5028 1446 5095 legant,
1485 5029 1575 5095 qui
1614 5030 1904 5097 apocryphi
1942 5044 2141 5081 vocan—

2245 5040 2584 5106 ἐντυγχάνειν
2658 5036 2862 5104 ἑτέροις
2934 5034 3232 5104 ἄρξωνται,
3305 5036 3417 5095 τοῖς
3498 5032 3832 5102 λεγομένοις

587 5127 694 5179 tur,
724 5117 1000 5170 nominum
1034 5117 1388 5171 similitudine
1447 5117 1676 5186 decepti,
1712 5133 1821 5186 qua
1850 5132 1972 5170 cum
2000 5117 2143 5171 veris

2244 5128 2598 5196 ἀποκρύφοις,
2634 5123 2977 5192 ἀπατώμενοι
3025 5127 3091 5195 τῇ
3148 5124 3439 5194 ὁμωνυμίᾳ
3488 5123 3598 5175 τῶν
3637 5125 3825 5194 ἀληθι·

589 5207 738 5261 libris
768 5209 1124 5271 conveniunt;
1151 5224 1327 5275 aequo,
1365 5224 1571 5275 quaeso,
1623 5209 1757 5263 ferte
1791 5209 1973 5261 animo
2000 5209 2045 5261 si
2078 5210 2145 5262 de

2245 5220 2346 5272 νῶν
2379 5219 2487 5287 (80)
2513 5217 2748 5285 βιϐλίων·
2780 5217 3076 5285 παρακαλῶ
3125 5217 3432 5285 ἀνέχεσθαι,
3492 5218 3539 5267 εί
3589 5218 3720 5287 περὶ
3751 5211 3832 5271 ὧν

588 5296 781 5364 quibus
804 5298 968 5364 probe
1000 5298 1191 5357 nostis,
1219 5297 1284 5349 de
1304 5296 1503 5349 iisdem
1528 5313 1626 5366 ego
1673 5297 1872 5357 scribo,
1908 5297 2050 5365 quod
2079 5311 2143 5348 ex

2245 5308 2555 5368 ἐπίστασθε,
2611 5307 2970 5376 περὶτούτων
2997 5305 3151 5374 κάγὼ
3196 5305 3552 5375 μνημονεύων
3602 5309 3832 5377 γράφω,

592 5402 647 5438 re
682 5386 1015 5454 utilitateque
1045 5386 1297 5440 Ecclesiae.
1321 5386 1434 5439 fore
1464 5389 1791 5441 existiment.
1842 5387 1933 5439 Illa
1960 5396 2140 5439 autem

2243 5400 2328 5451 διά
2352 5416 2408 5451 τε
2432 5399 2527 5467 τὴν
2560 5397 2801 5465 ἀνάγκην
2830 5398 2924 5448 καὶ
2953 5396 3011 5447 τὸ
3040 5395 3307 5463 χρήσιμον
3353 5395 3830 5464 τῆςἙκκλησίας.

591 5482 1008 5539 memoraturus,
1043 5474 1107 5527 ad
1150 5476 1369 5528 audacis
1422 5478 1682 5545 propositi
1719 5477 1821 5529 mni
1846 5476 2141 5530 conﬁrma-

2242 5486 2539 5539 Μέλλωνδὲ
2570 5484 2769 5537 τούτων
2811 5483 3183 5553 μνημονεύειν,
3233 5484 3510 5552 χρήσομαι
3558 5486 3701 5552 πρδς
3736 5485 3829 5538 σύ-

594 5563 812 5625 tionem,
846 5564 1183 5630 evangelista:
1220 5564 1377 5617 Luem
1412 5565 1583 5618 forma
1622 5578 1741 5618 utar
1780 5568 1829 5628 ³,
1866 5565 2093 5618 dicendo
2126 5580 2139 5616 :

2248 5593 2431 5628 στασιν
2488 5576 2586 5645 τῆς
2642 5573 2879 5643 ἐμαυτοῦ
2934 5574 3133 5643 τόλμης
3183 5573 3258 5642 τῷ
3318 5572 3475 5639 τύπῳ
3525 5573 3622 5624 τοῦ
3664 5576 3832 5641 εὐαγ-

592 5652 853 5718 Cmoniam
908 5656 1112 5720 quidem
1168 5656 1330 5721 a'iqui
1374 5658 1707 5719 conruisuttt=
1746 5671 1864 5724 qua!
1886 5656 2143 5710 dicuntur

2243 5666 2488 5731 γελιστοῦ
2515 5667 2713 5727 Λιιυκᾶ,
2751 5664 2922 5733 λέγων
2949 5665 3039 5717 καὶ
3078 5663 3226 5716 αὐτό·
3277 5661 3629 5726 ﬁrmati-rs,“
3670 5666 3830 5732 τευ-ἐς

655 5800 888 5856 'ilCor.
932 5818 999 5865 .\t,
1037 5802 1086 5853 5.
1195 5804 1211 5832 ²
1251 5800 1384 5856 an.
1425 5816 1460 5867 t,
1512 5801 1549 5853 Ι.
