  <div class='ocr_page' id='page_1' title='image "/cluster/home/n/w/nwhite01/storage/ocr_20150623/138/ien.35556001660133/294.png"; bbox 0 0 4018 6454; ppageno 0'>
   <div class='ocr_carea' id='block_1_1' title="bbox 231 388 325 455">
    <p class='ocr_par' dir='ltr' id='par_1_1' title="bbox 231 388 325 455">
     <span class='ocr_line' id='line_1_1' title="bbox 231 388 325 455; baseline 0.021 -2"><span class='ocrx_word' id='word_1_1' title='bbox 231 388 325 455; x_wconf 63' lang='lat'><strong>561</strong></span> 
     </span>
    </p>
   </div>
   <div class='ocr_carea' id='block_1_2' title="bbox 1115 395 2520 475">
    <p class='ocr_par' dir='ltr' id='par_1_2' title="bbox 1115 395 2520 475">
     <span class='ocr_line' id='line_1_2' title="bbox 1115 395 2520 475; baseline -0.002 -17"><span class='ocrx_word' id='word_1_2' title='bbox 1115 395 1199 458; x_wconf 73' lang='lat' dir='ltr'><strong>IN</strong></span> <span class='ocrx_word' id='word_1_3' title='bbox 1243 399 1480 461; x_wconf 76' lang='lat' dir='ltr'><strong>EPlS&#39;l‘.</strong></span> <span class='ocrx_word' id='word_1_4' title='bbox 1523 400 1588 459; x_wconf 92' lang='lat' dir='ltr'><strong>S.</strong></span> <span class='ocrx_word' id='word_1_5' title='bbox 1627 398 2039 460; x_wconf 69' lang='lat' dir='ltr'><strong>ATHANASH</strong></span> <span class='ocrx_word' id='word_1_6' title='bbox 2076 399 2171 475; x_wconf 82' lang='lat' dir='ltr'><strong>AD</strong></span> <span class='ocrx_word' id='word_1_7' title='bbox 2212 396 2520 457; x_wconf 71' lang='lat' dir='ltr'><strong>AMMUM.</strong></span> 
     </span>
    </p>
   </div>
   <div class='ocr_carea' id='block_1_3' title="bbox 3350 398 3454 459">
    <p class='ocr_par' dir='ltr' id='par_1_3' title="bbox 3350 398 3454 459">
     <span class='ocr_line' id='line_1_3' title="bbox 3350 398 3454 459; baseline -0.019 0"><span class='ocrx_word' id='word_1_8' title='bbox 3350 398 3454 459; x_wconf 68' lang='lat'><strong>5632</strong></span> 
     </span>
    </p>
   </div>
   <div class='ocr_carea' id='block_1_4' title="bbox 181 499 1779 584">
    <p class='ocr_par' dir='ltr' id='par_1_4' title="bbox 181 499 1779 584">
     <span class='ocr_line' id='line_1_4' title="bbox 181 499 1779 584; baseline -0.003 -17"><span class='ocrx_word' id='word_1_9' title='bbox 181 499 627 584; x_wconf 60' lang='grc' dir='ltr'><strong>έέπεχείρησαν</strong></span> <span class='ocrx_word' id='word_1_10' title='bbox 689 513 1054 580; x_wconf 78' lang='grc' dir='ltr'><strong>ἀνατάξασθαι</strong></span> <span class='ocrx_word' id='word_1_11' title='bbox 1124 515 1335 576; x_wconf 78' lang='grc' dir='ltr'><strong>ἑαυτοῖς</strong></span> <span class='ocrx_word' id='word_1_12' title='bbox 1401 512 1467 564; x_wconf 87' lang='grc' dir='ltr'><strong>τὰ</strong></span> <span class='ocrx_word' id='word_1_13' title='bbox 1532 511 1779 580; x_wconf 72' lang='grc' dir='ltr'><strong>λεγόμενα</strong></span> 
     </span>
    </p>
   </div>
   <div class='ocr_carea' id='block_1_5' title="bbox 1880 499 3453 584">
    <p class='ocr_par' dir='ltr' id='par_1_5' title="bbox 1891 507 3453 582">
     <span class='ocr_line' id='line_1_5' title="bbox 1891 507 3453 582; baseline -0.002 -16"><span class='ocrx_word' id='word_1_14' title='bbox 1891 510 2195 582; x_wconf 76' lang='lat' dir='ltr'><strong>apocrypha</strong></span> <span class='ocrx_word' id='word_1_15' title='bbox 2222 511 2274 564; x_wconf 94' lang='lat' dir='ltr'><strong>in</strong></span> <span class='ocrx_word' id='word_1_16' title='bbox 2297 526 2455 571; x_wconf 81' lang='lat' dir='ltr'><strong>suum</strong></span> <span class='ocrx_word' id='word_1_17' title='bbox 2480 510 2723 566; x_wconf 84' lang='lat' dir='ltr'><strong>ordinem</strong></span> <span class='ocrx_word' id='word_1_18' title='bbox 2754 512 3012 581; x_wconf 78' lang='lat' dir='ltr'><strong>redigere,</strong></span> <span class='ocrx_word' id='word_1_19' title='bbox 3033 524 3202 580; x_wconf 85' lang='lat' dir='ltr'><strong>caque</strong></span> <span class='ocrx_word' id='word_1_20' title='bbox 3225 507 3453 564; x_wconf 71' lang='lat' dir='ltr'><strong>miscete</strong></span> 
     </span>
    </p>
   </div>
   <div class='ocr_carea' id='block_1_6' title="bbox 227 600 1797 676">
    <p class='ocr_par' dir='ltr' id='par_1_6' title="bbox 227 600 1797 676">
     <span class='ocr_line' id='line_1_6' title="bbox 227 600 1797 676; baseline -0.003 -18"><span class='ocrx_word' id='word_1_21' title='bbox 227 609 552 676; x_wconf 75' lang='grc' dir='ltr'><strong>ἀπόκρυφα,</strong></span> <span class='ocrx_word' id='word_1_22' title='bbox 617 608 708 659; x_wconf 74' lang='grc' dir='ltr'><strong>καὶ</strong></span> <span class='ocrx_word' id='word_1_23' title='bbox 773 604 1020 674; x_wconf 81' lang='grc' dir='ltr'><strong>ὲπιμίξαι</strong></span> <span class='ocrx_word' id='word_1_24' title='bbox 1088 604 1258 656; x_wconf 76' lang='grc' dir='ltr'><strong>ταῦτα</strong></span> <span class='ocrx_word' id='word_1_25' title='bbox 1328 605 1392 671; x_wconf 79' lang='grc' dir='ltr'><strong>τῇ</strong></span> <span class='ocrx_word' id='word_1_26' title='bbox 1458 600 1797 671; x_wconf 82' lang='grc' dir='ltr'><strong>θεοπνεύστῳ</strong></span> 
     </span>
    </p>
   </div>
   <div class='ocr_carea' id='block_1_7' title="bbox 227 691 1796 767">
    <p class='ocr_par' dir='ltr' id='par_1_7' title="bbox 227 691 1796 767">
     <span class='ocr_line' id='line_1_7' title="bbox 227 691 1796 767; baseline -0.004 -17"><span class='ocrx_word' id='word_1_27' title='bbox 227 699 436 767; x_wconf 76' lang='grc' dir='ltr'><strong>Γραφῇ,</strong></span> <span class='ocrx_word' id='word_1_28' title='bbox 473 699 600 765; x_wconf 77' lang='grc' dir='ltr'><strong>περὶ</strong></span> <span class='ocrx_word' id='word_1_29' title='bbox 627 693 693 766; x_wconf 83' lang='grc' dir='ltr'><strong>ἦς</strong></span> <span class='ocrx_word' id='word_1_30' title='bbox 722 694 1264 766; x_wconf 66' lang='grc' dir='ltr'><strong>ὲπληροφορήθημεν,</strong></span> <span class='ocrx_word' id='word_1_31' title='bbox 1297 692 1476 754; x_wconf 86' lang='grc' dir='ltr'><strong>καθὼς</strong></span> <span class='ocrx_word' id='word_1_32' title='bbox 1501 691 1796 760; x_wconf 80' lang='grc' dir='ltr'><strong>παρέδοσαν</strong></span> 
     </span>
    </p>
   </div>
   <div class='ocr_carea' id='block_1_8' title="bbox 225 781 1794 858">
    <p class='ocr_par' dir='ltr' id='par_1_8' title="bbox 225 781 1794 858">
     <span class='ocr_line' id='line_1_8' title="bbox 225 781 1794 858; baseline -0.004 -18"><span class='ocrx_word' id='word_1_33' title='bbox 225 793 332 851; x_wconf 80' lang='grc' dir='ltr'><strong>τοῖς</strong></span> <span class='ocrx_word' id='word_1_34' title='bbox 365 789 640 858; x_wconf 75' lang='grc' dir='ltr'><strong>Πατράσιν</strong></span> <span class='ocrx_word' id='word_1_35' title='bbox 673 788 720 839; x_wconf 76' lang='grc' dir='ltr'><strong>οἱ</strong></span> <span class='ocrx_word' id='word_1_36' title='bbox 745 781 837 840; x_wconf 62' lang='grc' dir='ltr'><strong>ἅττ’</strong></span> <span class='ocrx_word' id='word_1_37' title='bbox 865 787 1037 857; x_wconf 77' lang='grc' dir='ltr'><strong>ἀρχῆς</strong></span> <span class='ocrx_word' id='word_1_38' title='bbox 1075 784 1338 837; x_wconf 75' lang='grc' dir='ltr'><strong>αὐτόπται</strong></span> <span class='ocrx_word' id='word_1_39' title='bbox 1392 783 1484 834; x_wconf 78' lang='lat' dir='ltr'><strong>xu&quot;.</strong></span> <span class='ocrx_word' id='word_1_40' title='bbox 1531 782 1794 850; x_wconf 71' lang='grc' dir='ltr'><strong>ὑπηρέται</strong></span> 
     </span>
    </p>
   </div>
   <div class='ocr_carea' id='block_1_9' title="bbox 227 866 1795 948">
    <p class='ocr_par' dir='ltr' id='par_1_9' title="bbox 227 866 1795 948">
     <span class='ocr_line' id='line_1_9' title="bbox 227 866 1795 948; baseline -0.004 -18"><span class='ocrx_word' id='word_1_41' title='bbox 227 880 505 948; x_wconf 79' lang='grc' dir='ltr'><strong>γενόμενοι</strong></span> <span class='ocrx_word' id='word_1_42' title='bbox 555 878 648 930; x_wconf 75' lang='grc' dir='ltr'><strong>τοῦ</strong></span> <span class='ocrx_word' id='word_1_43' title='bbox 712 879 889 945; x_wconf 84' lang='grc' dir='ltr'><strong>λόγου·</strong></span> <span class='ocrx_word' id='word_1_44' title='bbox 952 866 1096 939; x_wconf 75' lang='grc' dir='ltr'><strong>εδοξε</strong></span> <span class='ocrx_word' id='word_1_45' title='bbox 1159 875 1358 945; x_wconf 74' lang='grc' dir='ltr'><strong>κάμοὶ,</strong></span> <span class='ocrx_word' id='word_1_46' title='bbox 1428 874 1795 943; x_wconf 76' lang='grc' dir='ltr'><strong>προτραπέντι</strong></span> 
     </span>
    </p>
   </div>
   <div class='ocr_carea' id='block_1_10' title="bbox 227 963 1794 1038">
    <p class='ocr_par' dir='ltr' id='par_1_10' title="bbox 227 963 1794 1038">
     <span class='ocr_line' id='line_1_10' title="bbox 227 963 1794 1038; baseline -0.004 -18"><span class='ocrx_word' id='word_1_47' title='bbox 227 969 374 1036; x_wconf 80' lang='grc' dir='ltr'><strong>τιαρά</strong></span> <span class='ocrx_word' id='word_1_48' title='bbox 407 969 642 1038; x_wconf 74' lang='grc' dir='ltr'><strong>γνησίων</strong></span> <span class='ocrx_word' id='word_1_49' title='bbox 697 967 958 1034; x_wconf 64' lang='grc' dir='ltr'><strong>ἀδελφῶν,</strong></span> <span class='ocrx_word' id='word_1_50' title='bbox 1000 966 1095 1018; x_wconf 71' lang='grc' dir='ltr'><strong>καὶ</strong></span> <span class='ocrx_word' id='word_1_51' title='bbox 1149 964 1372 1034; x_wconf 88' lang='grc' dir='ltr'><strong>μαθόντι</strong></span> <span class='ocrx_word' id='word_1_52' title='bbox 1414 963 1636 1025; x_wconf 85' lang='grc' dir='ltr'><strong>ἄνωθεν,</strong></span> <span class='ocrx_word' id='word_1_53' title='bbox 1671 963 1794 1030; x_wconf 79' lang='grc' dir='ltr'><strong>ἑξῆς</strong></span> 
     </span>
    </p>
   </div>
   <div class='ocr_carea' id='block_1_11' title="bbox 226 1053 1793 1126">
    <p class='ocr_par' dir='ltr' id='par_1_11' title="bbox 226 1053 1793 1126">
     <span class='ocr_line' id='line_1_11' title="bbox 226 1053 1793 1126; baseline -0.004 -17"><span class='ocrx_word' id='word_1_54' title='bbox 226 1059 478 1110; x_wconf 71' lang='grc' dir='ltr'><strong>ἐκθέσθαι</strong></span> <span class='ocrx_word' id='word_1_55' title='bbox 512 1058 580 1111; x_wconf 88' lang='grc' dir='ltr'><strong>τά</strong></span> <span class='ocrx_word' id='word_1_56' title='bbox 609 1058 994 1126; x_wconf 77' lang='grc' dir='ltr'><strong>κανονιζόμενα</strong></span> <span class='ocrx_word' id='word_1_57' title='bbox 1018 1056 1112 1107; x_wconf 72' lang='grc' dir='ltr'><strong>καὶ</strong></span> <span class='ocrx_word' id='word_1_58' title='bbox 1159 1053 1547 1124; x_wconf 73' lang='grc' dir='ltr'><strong>παραδοθέντα,</strong></span> <span class='ocrx_word' id='word_1_59' title='bbox 1579 1069 1793 1103; x_wconf 80' lang='grc' dir='ltr'><strong>πιστευ-</strong></span> 
     </span>
    </p>
   </div>
   <div class='ocr_carea' id='block_1_12' title="bbox 228 1138 1782 1215">
    <p class='ocr_par' dir='ltr' id='par_1_12' title="bbox 228 1138 1782 1215">
     <span class='ocr_line' id='line_1_12' title="bbox 228 1138 1782 1215; baseline -0.005 -14"><span class='ocrx_word' id='word_1_60' title='bbox 228 1149 382 1201; x_wconf 74' lang='grc' dir='ltr'><strong>θέντα</strong></span> <span class='ocrx_word' id='word_1_61' title='bbox 412 1165 468 1199; x_wconf 88' lang='grc' dir='ltr'><strong>τε</strong></span> <span class='ocrx_word' id='word_1_62' title='bbox 497 1147 616 1200; x_wconf 79' lang='grc' dir='ltr'><strong>θεῖα</strong></span> <span class='ocrx_word' id='word_1_63' title='bbox 643 1144 779 1199; x_wconf 73' lang='grc' dir='ltr'><strong>εἶναι</strong></span> <span class='ocrx_word' id='word_1_64' title='bbox 808 1147 1001 1215; x_wconf 84' lang='grc' dir='ltr'><strong>βιϐλία·</strong></span> <span class='ocrx_word' id='word_1_65' title='bbox 1053 1138 1137 1198; x_wconf 78' lang='grc' dir='ltr'><strong>ἵνα</strong></span> <span class='ocrx_word' id='word_1_66' title='bbox 1181 1144 1427 1205; x_wconf 78' lang='grc' dir='ltr'><strong>ἕκαστος,</strong></span> <span class='ocrx_word' id='word_1_67' title='bbox 1452 1143 1498 1194; x_wconf 84' lang='grc' dir='ltr'><strong>εί</strong></span> <span class='ocrx_word' id='word_1_68' title='bbox 1533 1143 1626 1212; x_wconf 84' lang='grc' dir='ltr'><strong>μὲν</strong></span> <span class='ocrx_word' id='word_1_69' title='bbox 1660 1143 1782 1209; x_wconf 73' lang='grc' dir='ltr'><strong>ἡπα-</strong></span> 
     </span>
    </p>
   </div>
   <div class='ocr_carea' id='block_1_13' title="bbox 224 1229 1793 1304">
    <p class='ocr_par' dir='ltr' id='par_1_13' title="bbox 224 1229 1793 1304">
     <span class='ocr_line' id='line_1_13' title="bbox 224 1229 1793 1304; baseline -0.004 -18"><span class='ocrx_word' id='word_1_70' title='bbox 224 1236 383 1304; x_wconf 72' lang='grc' dir='ltr'><strong>τήθη,</strong></span> <span class='ocrx_word' id='word_1_71' title='bbox 445 1233 702 1304; x_wconf 84' lang='grc' dir='ltr'><strong>καταγνῷ</strong></span> <span class='ocrx_word' id='word_1_72' title='bbox 751 1235 860 1286; x_wconf 86' lang='grc' dir='ltr'><strong>τῶν</strong></span> <span class='ocrx_word' id='word_1_73' title='bbox 919 1233 1325 1300; x_wconf 80' lang='grc' dir='ltr'><strong>πλανησάντων·</strong></span> <span class='ocrx_word' id='word_1_74' title='bbox 1378 1232 1407 1282; x_wconf 85' lang='grc' dir='ltr'><strong>ό</strong></span> <span class='ocrx_word' id='word_1_75' title='bbox 1453 1229 1508 1282; x_wconf 74' lang='grc' dir='ltr'><strong>δὲ</strong></span> <span class='ocrx_word' id='word_1_76' title='bbox 1558 1229 1793 1299; x_wconf 82' lang='grc' dir='ltr'><strong>καθαρὸς</strong></span> 
     </span>
    </p>
   </div>
   <div class='ocr_carea' id='block_1_14' title="bbox 223 1320 1793 1395">
    <p class='ocr_par' dir='ltr' id='par_1_14' title="bbox 223 1320 1793 1395">
     <span class='ocr_line' id='line_1_14' title="bbox 223 1320 1793 1395; baseline -0.002 -20"><span class='ocrx_word' id='word_1_77' title='bbox 223 1325 501 1394; x_wconf 74' lang='grc' dir='ltr'><strong>διαμείνας</strong></span> <span class='ocrx_word' id='word_1_78' title='bbox 531 1325 696 1395; x_wconf 77' lang='grc' dir='ltr'><strong>χαίρῃ</strong></span> <span class='ocrx_word' id='word_1_79' title='bbox 722 1324 881 1376; x_wconf 79' lang='grc' dir='ltr'><strong>πάλιν</strong></span> <span class='ocrx_word' id='word_1_80' title='bbox 904 1323 1468 1392; x_wconf 77' lang='grc' dir='ltr'><strong>ὑπομιμνησκόμενος.</strong></span> <span class='ocrx_word' id='word_1_81' title='bbox 1505 1322 1659 1372; x_wconf 84' lang='grc' dir='ltr'><strong>Ἐστι</strong></span> <span class='ocrx_word' id='word_1_82' title='bbox 1685 1320 1793 1372; x_wconf 83' lang='grc' dir='ltr'><strong>τοί-</strong></span> 
     </span>
    </p>
   </div>
   <div class='ocr_carea' id='block_1_15' title="bbox 225 1409 1792 1484">
    <p class='ocr_par' dir='ltr' id='par_1_15' title="bbox 225 1409 1792 1484">
     <span class='ocr_line' id='line_1_15' title="bbox 225 1409 1792 1484; baseline -0.002 -19"><span class='ocrx_word' id='word_1_83' title='bbox 225 1433 315 1465; x_wconf 66' lang='grc' dir='ltr'><strong>νυν</strong></span> <span class='ocrx_word' id='word_1_84' title='bbox 337 1415 433 1481; x_wconf 71' lang='grc' dir='ltr'><strong>τῆς</strong></span> <span class='ocrx_word' id='word_1_85' title='bbox 464 1415 561 1477; x_wconf 58' lang='grc' dir='ltr'><strong>μὲν</strong></span> <span class='ocrx_word' id='word_1_86' title='bbox 593 1415 828 1476; x_wconf 77' lang='grc' dir='ltr'><strong>Παλαιᾶς</strong></span> <span class='ocrx_word' id='word_1_87' title='bbox 851 1413 1121 1484; x_wconf 74' lang='grc' dir='ltr'><strong>Διαθήκης</strong></span> <span class='ocrx_word' id='word_1_88' title='bbox 1165 1411 1340 1482; x_wconf 80' lang='grc' dir='ltr'><strong>βιϐλία</strong></span> <span class='ocrx_word' id='word_1_89' title='bbox 1381 1411 1457 1481; x_wconf 81' lang='grc' dir='ltr'><strong>τῷ</strong></span> <span class='ocrx_word' id='word_1_90' title='bbox 1488 1409 1703 1482; x_wconf 83' lang='grc' dir='ltr'><strong>ἀριθμῷ</strong></span> <span class='ocrx_word' id='word_1_91' title='bbox 1725 1409 1792 1463; x_wconf 80' lang='grc' dir='ltr'><strong>τὰ</strong></span> 
     </span>
    </p>
   </div>
   <div class='ocr_carea' id='block_1_16' title="bbox 226 1502 1791 1573">
    <p class='ocr_par' dir='ltr' id='par_1_16' title="bbox 226 1502 1791 1573">
     <span class='ocr_line' id='line_1_16' title="bbox 226 1502 1791 1573; baseline 0.001 -21"><span class='ocrx_word' id='word_1_92' title='bbox 226 1506 397 1554; x_wconf 75' lang='grc' dir='ltr'><strong>πάντα</strong></span> <span class='ocrx_word' id='word_1_93' title='bbox 425 1502 712 1553; x_wconf 78' lang='grc' dir='ltr'><strong>εἰκοσιδύο·</strong></span> <span class='ocrx_word' id='word_1_94' title='bbox 748 1502 982 1554; x_wconf 76' lang='grc' dir='ltr'><strong>τοσαῦτα</strong></span> <span class='ocrx_word' id='word_1_95' title='bbox 1039 1502 1164 1572; x_wconf 87' lang='grc' dir='ltr'><strong>γάρ,</strong></span> <span class='ocrx_word' id='word_1_96' title='bbox 1207 1502 1279 1568; x_wconf 87' lang='grc' dir='ltr'><strong>ὡς</strong></span> <span class='ocrx_word' id='word_1_97' title='bbox 1324 1504 1548 1573; x_wconf 79' lang='grc' dir='ltr'><strong>ῆκουσα,</strong></span> <span class='ocrx_word' id='word_1_98' title='bbox 1593 1503 1686 1556; x_wconf 77' lang='grc' dir='ltr'><strong>καὶ</strong></span> <span class='ocrx_word' id='word_1_99' title='bbox 1724 1503 1791 1554; x_wconf 83' lang='grc' dir='ltr'><strong>τὰ</strong></span> 
     </span>
    </p>
   </div>
   <div class='ocr_carea' id='block_1_17' title="bbox 230 1574 1786 1662">
    <p class='ocr_par' dir='ltr' id='par_1_17' title="bbox 230 1574 1786 1662">
     <span class='ocr_line' id='line_1_17' title="bbox 230 1574 1786 1662; baseline 0 -19"><span class='ocrx_word' id='word_1_100' title='bbox 230 1593 464 1660; x_wconf 81' lang='grc' dir='ltr'><strong>στοιχεῖα</strong></span> <span class='ocrx_word' id='word_1_101' title='bbox 493 1591 559 1642; x_wconf 76' lang='grc' dir='ltr'><strong>τὰ</strong></span> <span class='ocrx_word' id='word_1_102' title='bbox 613 1593 742 1659; x_wconf 79' lang='grc' dir='ltr'><strong>παρ’</strong></span> <span class='ocrx_word' id='word_1_103' title='bbox 786 1574 1055 1662; x_wconf 84' lang='grc' dir='ltr'><strong>Ἑϐραίοις</strong></span> <span class='ocrx_word' id='word_1_104' title='bbox 1102 1590 1241 1644; x_wconf 76' lang='grc' dir='ltr'><strong>εῖναι</strong></span> <span class='ocrx_word' id='word_1_105' title='bbox 1293 1593 1667 1662; x_wconf 74' lang='grc' dir='ltr'><strong>παραδέδοται·</strong></span> <span class='ocrx_word' id='word_1_106' title='bbox 1722 1593 1786 1662; x_wconf 77' lang='grc' dir='ltr'><strong>τῇ</strong></span> 
     </span>
    </p>
   </div>
   <div class='ocr_carea' id='block_1_18' title="bbox 226 1680 1785 1749">
    <p class='ocr_par' dir='ltr' id='par_1_18' title="bbox 226 1680 1785 1749">
     <span class='ocr_line' id='line_1_18' title="bbox 226 1680 1785 1749; baseline 0.001 -18"><span class='ocrx_word' id='word_1_107' title='bbox 226 1681 281 1731; x_wconf 71' lang='grc' dir='ltr'><strong>δὲ</strong></span> <span class='ocrx_word' id='word_1_108' title='bbox 336 1680 490 1745; x_wconf 78' lang='grc' dir='ltr'><strong>τάξει</strong></span> <span class='ocrx_word' id='word_1_109' title='bbox 555 1681 650 1732; x_wconf 83' lang='grc' dir='ltr'><strong>καὶ</strong></span> <span class='ocrx_word' id='word_1_110' title='bbox 698 1681 774 1749; x_wconf 86' lang='grc' dir='ltr'><strong>τῷ</strong></span> <span class='ocrx_word' id='word_1_111' title='bbox 827 1681 1047 1748; x_wconf 79' lang='grc' dir='ltr'><strong>ὀνόματί</strong></span> <span class='ocrx_word' id='word_1_112' title='bbox 1099 1682 1246 1733; x_wconf 75' lang='grc' dir='ltr'><strong>ἐστιν</strong></span> <span class='ocrx_word' id='word_1_113' title='bbox 1303 1681 1529 1733; x_wconf 72' lang='grc' dir='ltr'><strong>ἕκαστον</strong></span> <span class='ocrx_word' id='word_1_114' title='bbox 1593 1680 1785 1743; x_wconf 75' lang='grc' dir='ltr'><strong>οὕτως·</strong></span> 
     </span>
    </p>
   </div>
   <div class='ocr_carea' id='block_1_19' title="bbox 229 1766 1787 1837">
    <p class='ocr_par' dir='ltr' id='par_1_19' title="bbox 229 1766 1787 1837">
     <span class='ocr_line' id='line_1_19' title="bbox 229 1766 1787 1837; baseline 0.002 -18"><span class='ocrx_word' id='word_1_115' title='bbox 229 1771 448 1837; x_wconf 65' lang='lat' dir='ltr'><strong>lipﬁnov</strong></span> <span class='ocrx_word' id='word_1_116' title='bbox 616 1771 848 1832; x_wconf 86' lang='grc' dir='ltr'><strong>Γένεσις,</strong></span> <span class='ocrx_word' id='word_1_117' title='bbox 879 1766 995 1822; x_wconf 72' lang='grc' dir='ltr'><strong>εἶτα</strong></span> <span class='ocrx_word' id='word_1_118' title='bbox 1029 1771 1266 1834; x_wconf 79' lang='grc' dir='ltr'><strong>Ἐξοδος,</strong></span> <span class='ocrx_word' id='word_1_119' title='bbox 1317 1766 1434 1823; x_wconf 76' lang='grc' dir='ltr'><strong>εἶτα</strong></span> <span class='ocrx_word' id='word_1_120' title='bbox 1485 1769 1787 1832; x_wconf 75' lang='grc' dir='ltr'><strong>Δευϊτικὺν,</strong></span> 
     </span>
    </p>
   </div>
   <div class='ocr_carea' id='block_1_20' title="bbox 1891 602 3449 672">
    <p class='ocr_par' dir='ltr' id='par_1_20' title="bbox 1891 602 3449 672">
     <span class='ocr_line' id='line_1_20' title="bbox 1891 602 3449 672; baseline -0.003 -15"><span class='ocrx_word' id='word_1_121' title='bbox 1891 602 2186 670; x_wconf 57' lang='lat' dir='ltr'><strong>Scriptura:</strong></span> <span class='ocrx_word' id='word_1_122' title='bbox 2218 619 2246 656; x_wconf 88' lang='lat' dir='ltr'><strong>a</strong></span> <span class='ocrx_word' id='word_1_123' title='bbox 2277 602 2381 657; x_wconf 88' lang='lat' dir='ltr'><strong>Deo</strong></span> <span class='ocrx_word' id='word_1_124' title='bbox 2419 605 2710 672; x_wconf 72' lang='lat' dir='ltr'><strong>inspiratze,</strong></span> <span class='ocrx_word' id='word_1_125' title='bbox 2746 619 2907 672; x_wconf 87' lang='lat' dir='ltr'><strong>qttam</strong></span> <span class='ocrx_word' id='word_1_126' title='bbox 2941 603 3104 658; x_wconf 80' lang='lat' dir='ltr'><strong>certis</strong></span> <span class='ocrx_word' id='word_1_127' title='bbox 3145 604 3449 671; x_wconf 83' lang='lat' dir='ltr'><strong>accepimus</strong></span> 
     </span>
    </p>
   </div>
   <div class='ocr_carea' id='block_1_21' title="bbox 1890 695 3444 764">
    <p class='ocr_par' dir='ltr' id='par_1_21' title="bbox 1890 695 3444 764">
     <span class='ocr_line' id='line_1_21' title="bbox 1890 695 3444 764; baseline -0.001 -16"><span class='ocrx_word' id='word_1_128' title='bbox 1890 695 2235 758; x_wconf 81' lang='lat' dir='ltr'><strong>testimoniis,</strong></span> <span class='ocrx_word' id='word_1_129' title='bbox 2262 697 2715 764; x_wconf 69' lang='lat' dir='ltr'><strong>quemadntmlum</strong></span> <span class='ocrx_word' id='word_1_130' title='bbox 2742 695 2992 748; x_wconf 84' lang='lat' dir='ltr'><strong>Patrihus</strong></span> <span class='ocrx_word' id='word_1_131' title='bbox 3049 695 3318 748; x_wconf 73' lang='lat' dir='ltr'><strong>tradidere</strong></span> <span class='ocrx_word' id='word_1_132' title='bbox 3352 695 3444 760; x_wconf 88' lang='lat' dir='ltr'><strong>qui</strong></span> 
     </span>
    </p>
   </div>
   <div class='ocr_carea' id='block_1_22' title="bbox 1893 773 3444 860">
    <p class='ocr_par' dir='ltr' id='par_1_22' title="bbox 1893 773 3444 860">
     <span class='ocr_line' id='line_1_22' title="bbox 1893 773 3444 860; baseline 0.001 -23"><span class='ocrx_word' id='word_1_133' title='bbox 1893 786 1961 838; x_wconf 87' lang='lat' dir='ltr'><strong>ab</strong></span> <span class='ocrx_word' id='word_1_134' title='bbox 1990 786 2142 839; x_wconf 88' lang='lat' dir='ltr'><strong>initio</strong></span> <span class='ocrx_word' id='word_1_135' title='bbox 2164 787 2264 854; x_wconf 83' lang='lat' dir='ltr'><strong>ipsi</strong></span> <span class='ocrx_word' id='word_1_136' title='bbox 2287 787 2553 860; x_wconf 66' lang='lat' dir='ltr'><strong>viderunt,</strong></span> <span class='ocrx_word' id='word_1_137' title='bbox 2573 795 2622 839; x_wconf 88' lang='lat' dir='ltr'><strong>et</strong></span> <span class='ocrx_word' id='word_1_138' title='bbox 2650 773 2877 839; x_wconf 77' lang='lat' dir='ltr'><strong>ministri</strong></span> <span class='ocrx_word' id='word_1_139' title='bbox 2903 785 3121 839; x_wconf 80' lang='lat' dir='ltr'><strong>fuerunt</strong></span> <span class='ocrx_word' id='word_1_140' title='bbox 3147 787 3444 838; x_wconf 76' lang='lat' dir='ltr'><strong>sermonis:</strong></span> 
     </span>
    </p>
   </div>
   <div class='ocr_carea' id='block_1_23' title="bbox 1890 875 3448 946">
    <p class='ocr_par' dir='ltr' id='par_1_23' title="bbox 1890 875 3448 946">
     <span class='ocr_line' id='line_1_23' title="bbox 1890 875 3448 946; baseline 0.001 -18"><span class='ocrx_word' id='word_1_141' title='bbox 1890 877 2066 928; x_wconf 84' lang='lat' dir='ltr'><strong>visum</strong></span> <span class='ocrx_word' id='word_1_142' title='bbox 2101 886 2182 930; x_wconf 90' lang='lat' dir='ltr'><strong>est</strong></span> <span class='ocrx_word' id='word_1_143' title='bbox 2208 877 2444 938; x_wconf 70' lang='lat' dir='ltr'><strong>et.milti,</strong></span> <span class='ocrx_word' id='word_1_144' title='bbox 2499 877 2912 930; x_wconf 73' lang='lat' dir='ltr'><strong>adhortantibus</strong></span> <span class='ocrx_word' id='word_1_145' title='bbox 2960 876 3233 946; x_wconf 80' lang='lat' dir='ltr'><strong>germanis</strong></span> <span class='ocrx_word' id='word_1_146' title='bbox 3264 875 3448 929; x_wconf 84' lang='lat' dir='ltr'><strong>fratri-</strong></span> 
     </span>
    </p>
   </div>
   <div class='ocr_carea' id='block_1_24' title="bbox 1891 963 3450 1033">
    <p class='ocr_par' dir='ltr' id='par_1_24' title="bbox 1891 963 3450 1033">
     <span class='ocr_line' id='line_1_24' title="bbox 1891 963 3450 1033; baseline -0.001 -15"><span class='ocrx_word' id='word_1_147' title='bbox 1891 963 2011 1029; x_wconf 88' lang='lat' dir='ltr'><strong>bus,</strong></span> <span class='ocrx_word' id='word_1_148' title='bbox 2037 972 2197 1033; x_wconf 86' lang='lat' dir='ltr'><strong>prout</strong></span> <span class='ocrx_word' id='word_1_149' title='bbox 2236 965 2523 1029; x_wconf 74' lang='lat' dir='ltr'><strong>didici,,.ab</strong></span> <span class='ocrx_word' id='word_1_150' title='bbox 2559 965 2713 1018; x_wconf 91' lang='lat' dir='ltr'><strong>initio</strong></span> <span class='ocrx_word' id='word_1_151' title='bbox 2751 974 2805 1018; x_wconf 82' lang='lat' dir='ltr'><strong>et</strong></span> <span class='ocrx_word' id='word_1_152' title='bbox 2853 965 3047 1018; x_wconf 85' lang='lat' dir='ltr'><strong>ordine</strong></span> <span class='ocrx_word' id='word_1_153' title='bbox 3070 966 3239 1018; x_wconf 87' lang='lat' dir='ltr'><strong>libros</strong></span> <span class='ocrx_word' id='word_1_154' title='bbox 3263 979 3450 1018; x_wconf 88' lang='lat' dir='ltr'><strong>recen-</strong></span> 
     </span>
    </p>
   </div>
   <div class='ocr_carea' id='block_1_25' title="bbox 1892 1056 3452 1124">
    <p class='ocr_par' dir='ltr' id='par_1_25' title="bbox 1892 1056 3452 1124">
     <span class='ocr_line' id='line_1_25' title="bbox 1892 1056 3452 1124; baseline -0.002 -14"><span class='ocrx_word' id='word_1_155' title='bbox 1892 1069 2031 1118; x_wconf 72' lang='lat' dir='ltr'><strong>sere,</strong></span> <span class='ocrx_word' id='word_1_156' title='bbox 2065 1071 2200 1123; x_wconf 90' lang='lat' dir='ltr'><strong>quos</strong></span> <span class='ocrx_word' id='word_1_157' title='bbox 2223 1057 2432 1109; x_wconf 91' lang='lat' dir='ltr'><strong>divinos</strong></span> <span class='ocrx_word' id='word_1_158' title='bbox 2459 1063 2601 1119; x_wconf 83' lang='lat' dir='ltr'><strong>eSse,</strong></span> <span class='ocrx_word' id='word_1_159' title='bbox 2646 1057 2909 1111; x_wconf 83' lang='lat' dir='ltr'><strong>canonice</strong></span> <span class='ocrx_word' id='word_1_160' title='bbox 2971 1057 3253 1124; x_wconf 86' lang='lat' dir='ltr'><strong>scriptum,</strong></span> <span class='ocrx_word' id='word_1_161' title='bbox 3287 1056 3452 1108; x_wconf 87' lang='lat' dir='ltr'><strong>tradi-</strong></span> 
     </span>
    </p>
   </div>
   <div class='ocr_carea' id='block_1_26' title="bbox 1891 1131 3448 1216">
    <p class='ocr_par' dir='ltr' id='par_1_26' title="bbox 1891 1131 3448 1216">
     <span class='ocr_line' id='line_1_26' title="bbox 1891 1131 3448 1216; baseline 0.001 -19"><span class='ocrx_word' id='word_1_162' title='bbox 1891 1152 2004 1197; x_wconf 88' lang='lat' dir='ltr'><strong>tum</strong></span> <span class='ocrx_word' id='word_1_163' title='bbox 2033 1155 2086 1198; x_wconf 90' lang='lat' dir='ltr'><strong>et</strong></span> <span class='ocrx_word' id='word_1_164' title='bbox 2115 1131 2375 1200; x_wconf 80' lang='lat' dir='ltr'><strong>creditum</strong></span> <span class='ocrx_word' id='word_1_165' title='bbox 2399 1157 2510 1201; x_wconf 78' lang='lat' dir='ltr'><strong>est:</strong></span> <span class='ocrx_word' id='word_1_166' title='bbox 2536 1157 2592 1202; x_wconf 80' lang='lat' dir='ltr'><strong>ut</strong></span> <span class='ocrx_word' id='word_1_167' title='bbox 2626 1149 2854 1216; x_wconf 87' lang='lat' dir='ltr'><strong>quisque</strong></span> <span class='ocrx_word' id='word_1_168' title='bbox 2879 1147 2924 1202; x_wconf 90' lang='lat' dir='ltr'><strong>si</strong></span> <span class='ocrx_word' id='word_1_169' title='bbox 2956 1147 3208 1202; x_wconf 84' lang='lat' dir='ltr'><strong>seductus</strong></span> <span class='ocrx_word' id='word_1_170' title='bbox 3235 1147 3448 1215; x_wconf 84' lang='lat' dir='ltr'><strong>quidem</strong></span> 
     </span>
    </p>
   </div>
   <div class='ocr_carea' id='block_1_27' title="bbox 1893 1233 3453 1306">
    <p class='ocr_par' dir='ltr' id='par_1_27' title="bbox 1893 1233 3453 1306">
     <span class='ocr_line' id='line_1_27' title="bbox 1893 1233 3453 1306; baseline 0.002 -20"><span class='ocrx_word' id='word_1_171' title='bbox 1893 1233 2194 1297; x_wconf 80' lang='lat' dir='ltr'><strong>fuerit,eos</strong></span> <span class='ocrx_word' id='word_1_172' title='bbox 2219 1249 2476 1306; x_wconf 83' lang='lat' dir='ltr'><strong>coarguat</strong></span> <span class='ocrx_word' id='word_1_173' title='bbox 2516 1240 2606 1304; x_wconf 86' lang='lat' dir='ltr'><strong>qui</strong></span> <span class='ocrx_word' id='word_1_174' title='bbox 2659 1255 2715 1292; x_wconf 89' lang='lat' dir='ltr'><strong>se</strong></span> <span class='ocrx_word' id='word_1_175' title='bbox 2773 1239 3114 1304; x_wconf 83' lang='lat' dir='ltr'><strong>seduxerint;</strong></span> <span class='ocrx_word' id='word_1_176' title='bbox 3159 1239 3240 1292; x_wconf 89' lang='lat' dir='ltr'><strong>sin</strong></span> <span class='ocrx_word' id='word_1_177' title='bbox 3281 1252 3453 1306; x_wconf 90' lang='lat' dir='ltr'><strong>purus</strong></span> 
     </span>
    </p>
   </div>
   <div class='ocr_carea' id='block_1_28' title="bbox 1893 1328 3448 1399">
    <p class='ocr_par' dir='ltr' id='par_1_28' title="bbox 1893 1328 3448 1399">
     <span class='ocr_line' id='line_1_28' title="bbox 1893 1328 3448 1399; baseline 0.001 -20"><span class='ocrx_word' id='word_1_178' title='bbox 1893 1328 2268 1395; x_wconf 74' lang='lat' dir='ltr'><strong>permanserit,</strong></span> <span class='ocrx_word' id='word_1_179' title='bbox 2295 1328 2448 1382; x_wconf 73' lang='lat' dir='ltr'><strong>laetus</strong></span> <span class='ocrx_word' id='word_1_180' title='bbox 2491 1329 2603 1384; x_wconf 66' lang='lat' dir='ltr'><strong>haec</strong></span> <span class='ocrx_word' id='word_1_181' title='bbox 2649 1330 2850 1383; x_wconf 89' lang='lat' dir='ltr'><strong>monita</strong></span> <span class='ocrx_word' id='word_1_182' title='bbox 2888 1331 3135 1399; x_wconf 87' lang='lat' dir='ltr'><strong>accipiat.</strong></span> <span class='ocrx_word' id='word_1_183' title='bbox 3183 1329 3318 1383; x_wconf 88' lang='lat' dir='ltr'><strong>Sunt</strong></span> <span class='ocrx_word' id='word_1_184' title='bbox 3352 1329 3448 1381; x_wconf 86' lang='lat' dir='ltr'><strong>ita-</strong></span> 
     </span>
    </p>
   </div>
   <div class='ocr_carea' id='block_1_29' title="bbox 1893 1415 3451 1486">
    <p class='ocr_par' dir='ltr' id='par_1_29' title="bbox 1893 1415 3451 1486">
     <span class='ocr_line' id='line_1_29' title="bbox 1893 1415 3451 1486; baseline 0.002 -20"><span class='ocrx_word' id='word_1_185' title='bbox 1893 1431 2000 1484; x_wconf 88' lang='lat' dir='ltr'><strong>que</strong></span> <span class='ocrx_word' id='word_1_186' title='bbox 2028 1415 2236 1474; x_wconf 77' lang='lat' dir='ltr'><strong>Veteris</strong></span> <span class='ocrx_word' id='word_1_187' title='bbox 2261 1417 2591 1473; x_wconf 87' lang='lat' dir='ltr'><strong>Testamenti</strong></span> <span class='ocrx_word' id='word_1_188' title='bbox 2625 1421 2746 1474; x_wconf 79' lang='lat' dir='ltr'><strong>libri</strong></span> <span class='ocrx_word' id='word_1_189' title='bbox 2776 1435 2962 1474; x_wconf 90' lang='lat' dir='ltr'><strong>omnes</strong></span> <span class='ocrx_word' id='word_1_190' title='bbox 2999 1433 3224 1473; x_wconf 86' lang='lat' dir='ltr'><strong>numero</strong></span> <span class='ocrx_word' id='word_1_191' title='bbox 3265 1418 3451 1486; x_wconf 81' lang='lat' dir='ltr'><strong>viginti</strong></span> 
     </span>
    </p>
   </div>
   <div class='ocr_carea' id='block_1_30' title="bbox 1893 1503 3451 1576">
    <p class='ocr_par' dir='ltr' id='par_1_30' title="bbox 1893 1503 3451 1576">
     <span class='ocr_line' id='line_1_30' title="bbox 1893 1503 3451 1576; baseline 0.001 -17"><span class='ocrx_word' id='word_1_192' title='bbox 1893 1503 2022 1559; x_wconf 89' lang='lat' dir='ltr'><strong>duo.</strong></span> <span class='ocrx_word' id='word_1_193' title='bbox 2053 1505 2154 1560; x_wconf 91' lang='lat' dir='ltr'><strong>Tot</strong></span> <span class='ocrx_word' id='word_1_194' title='bbox 2173 1508 2336 1571; x_wconf 88' lang='lat' dir='ltr'><strong>enim,</strong></span> <span class='ocrx_word' id='word_1_195' title='bbox 2369 1519 2428 1562; x_wconf 91' lang='lat' dir='ltr'><strong>ut</strong></span> <span class='ocrx_word' id='word_1_196' title='bbox 2458 1509 2657 1570; x_wconf 77' lang='lat' dir='ltr'><strong>audivi,</strong></span> <span class='ocrx_word' id='word_1_197' title='bbox 2704 1509 2966 1561; x_wconf 89' lang='lat' dir='ltr'><strong>elementa</strong></span> <span class='ocrx_word' id='word_1_198' title='bbox 3003 1508 3142 1576; x_wconf 89' lang='lat' dir='ltr'><strong>apud</strong></span> <span class='ocrx_word' id='word_1_199' title='bbox 3200 1507 3451 1560; x_wconf 64' lang='lat' dir='ltr'><strong>Hebraeos</strong></span> 
     </span>
    </p>
   </div>
   <div class='ocr_carea' id='block_1_31' title="bbox 1892 1597 3452 1666">
    <p class='ocr_par' dir='ltr' id='par_1_31' title="bbox 1892 1597 3452 1666">
     <span class='ocr_line' id='line_1_31' title="bbox 1892 1597 3452 1666; baseline 0.003 -18"><span class='ocrx_word' id='word_1_200' title='bbox 1892 1607 2013 1648; x_wconf 85' lang='lat' dir='ltr'><strong>esse</strong></span> <span class='ocrx_word' id='word_1_201' title='bbox 2042 1598 2295 1651; x_wconf 88' lang='lat' dir='ltr'><strong>traditum</strong></span> <span class='ocrx_word' id='word_1_202' title='bbox 2331 1608 2429 1652; x_wconf 91' lang='lat' dir='ltr'><strong>est.</strong></span> <span class='ocrx_word' id='word_1_203' title='bbox 2494 1597 2700 1666; x_wconf 85' lang='lat' dir='ltr'><strong>Singuli</strong></span> <span class='ocrx_word' id='word_1_204' title='bbox 2738 1609 2916 1652; x_wconf 88' lang='lat' dir='ltr'><strong>autem</strong></span> <span class='ocrx_word' id='word_1_205' title='bbox 2973 1599 3076 1652; x_wconf 90' lang='lat' dir='ltr'><strong>hoc</strong></span> <span class='ocrx_word' id='word_1_206' title='bbox 3103 1598 3311 1660; x_wconf 86' lang='lat' dir='ltr'><strong>ordine,</strong></span> <span class='ocrx_word' id='word_1_207' title='bbox 3350 1599 3452 1653; x_wconf 89' lang='lat' dir='ltr'><strong>hoc</strong></span> 
     </span>
    </p>
   </div>
   <div class='ocr_carea' id='block_1_32' title="bbox 1894 1684 3446 1750">
    <p class='ocr_par' dir='ltr' id='par_1_32' title="bbox 1894 1684 3446 1750">
     <span class='ocr_line' id='line_1_32' title="bbox 1894 1684 3446 1750; baseline 0.003 -17"><span class='ocrx_word' id='word_1_208' title='bbox 1894 1684 2112 1736; x_wconf 87' lang='lat' dir='ltr'><strong>nomine</strong></span> <span class='ocrx_word' id='word_1_209' title='bbox 2142 1695 2269 1738; x_wconf 91' lang='lat' dir='ltr'><strong>sunt</strong></span> <span class='ocrx_word' id='word_1_210' title='bbox 2321 1705 2332 1739; x_wconf 91' lang='lat'>:</span> <span class='ocrx_word' id='word_1_211' title='bbox 2387 1685 2626 1739; x_wconf 87' lang='lat' dir='ltr'><strong>Primum</strong></span> <span class='ocrx_word' id='word_1_212' title='bbox 2684 1686 2928 1748; x_wconf 80' lang='lat' dir='ltr'><strong>Genesis,</strong></span> <span class='ocrx_word' id='word_1_213' title='bbox 2960 1686 3154 1740; x_wconf 88' lang='lat' dir='ltr'><strong>deinde</strong></span> <span class='ocrx_word' id='word_1_214' title='bbox 3205 1685 3446 1750; x_wconf 72' lang='lat' dir='ltr'><strong>Exodus,</strong></span> 
     </span>
    </p>
   </div>
   <div class='ocr_carea' id='block_1_33' title="bbox 1894 1770 3447 1842">
    <p class='ocr_par' dir='ltr' id='par_1_33' title="bbox 1894 1770 3447 1842">
     <span class='ocr_line' id='line_1_33' title="bbox 1894 1770 3447 1842; baseline 0.003 -18"><span class='ocrx_word' id='word_1_215' title='bbox 1894 1770 2020 1825; x_wconf 87' lang='lat' dir='ltr'><strong>hinc</strong></span> <span class='ocrx_word' id='word_1_216' title='bbox 2052 1773 2338 1838; x_wconf 79' lang='lat' dir='ltr'><strong>Leviticus,</strong></span> <span class='ocrx_word' id='word_1_217' title='bbox 2367 1784 2555 1842; x_wconf 85' lang='lat' dir='ltr'><strong>postea</strong></span> <span class='ocrx_word' id='word_1_218' title='bbox 2605 1775 2848 1840; x_wconf 79' lang='lat' dir='ltr'><strong>Numeri,</strong></span> <span class='ocrx_word' id='word_1_219' title='bbox 2885 1776 3079 1830; x_wconf 82' lang='lat' dir='ltr'><strong>eximie</strong></span> <span class='ocrx_word' id='word_1_220' title='bbox 3118 1774 3447 1829; x_wconf 87' lang='lat' dir='ltr'><strong>Deuterono-</strong></span> 
     </span>
    </p>
   </div>
   <div class='ocr_carea' id='block_1_34' title="bbox 233 1847 1779 1926">
    <p class='ocr_par' dir='ltr' id='par_1_34' title="bbox 233 1853 1779 1926">
     <span class='ocr_line' id='line_1_34' title="bbox 233 1853 1779 1926; baseline 0.003 -23"><span class='ocrx_word' id='word_1_221' title='bbox 233 1857 324 1903; x_wconf 74' lang='grc' dir='ltr'><strong>καὶ</strong></span> <span class='ocrx_word' id='word_1_222' title='bbox 355 1853 494 1921; x_wconf 84' lang='grc' dir='ltr'><strong>μετά</strong></span> <span class='ocrx_word' id='word_1_223' title='bbox 530 1853 686 1904; x_wconf 78' lang='grc' dir='ltr'><strong>τοῦτο</strong></span> <span class='ocrx_word' id='word_1_224' title='bbox 731 1853 994 1922; x_wconf 77' lang='grc' dir='ltr'><strong>’Δριθμοὶ,</strong></span> <span class='ocrx_word' id='word_1_225' title='bbox 1045 1855 1134 1905; x_wconf 77' lang='grc' dir='ltr'><strong>καὶ</strong></span> <span class='ocrx_word' id='word_1_226' title='bbox 1187 1856 1367 1906; x_wconf 73' lang='grc' dir='ltr'><strong>λοιπὸν</strong></span> <span class='ocrx_word' id='word_1_227' title='bbox 1433 1855 1491 1907; x_wconf 82' lang='grc' dir='ltr'><strong>τὸ</strong></span> <span class='ocrx_word' id='word_1_228' title='bbox 1539 1859 1779 1926; x_wconf 86' lang='grc' dir='ltr'><strong>Δευτερο-</strong></span> 
     </span>
    </p>
   </div>
   <div class='ocr_carea' id='block_1_35' title="bbox 1880 1847 3443 1926">
    <p class='ocr_par' dir='ltr' id='par_1_35' title="bbox 1893 1855 3443 1925">
     <span class='ocr_line' id='line_1_35' title="bbox 1893 1855 3443 1925; baseline 0.005 -20"><span class='ocrx_word' id='word_1_229' title='bbox 1893 1857 2082 1908; x_wconf 90' lang='lat' dir='ltr'><strong>mium.</strong></span> <span class='ocrx_word' id='word_1_230' title='bbox 2115 1856 2223 1910; x_wconf 85' lang='lat' dir='ltr'><strong>Hos</strong></span> <span class='ocrx_word' id='word_1_231' title='bbox 2251 1859 2542 1925; x_wconf 76' lang='lat' dir='ltr'><strong>excipiunt,</strong></span> <span class='ocrx_word' id='word_1_232' title='bbox 2594 1855 2751 1910; x_wconf 88' lang='lat' dir='ltr'><strong>Jesus</strong></span> <span class='ocrx_word' id='word_1_233' title='bbox 2806 1858 2947 1911; x_wconf 84' lang='lat' dir='ltr'><strong>ﬁlius</strong></span> <span class='ocrx_word' id='word_1_234' title='bbox 2997 1856 3160 1922; x_wconf 80' lang='lat' dir='ltr'><strong>Nave,</strong></span> <span class='ocrx_word' id='word_1_235' title='bbox 3208 1855 3443 1912; x_wconf 77' lang='lat' dir='ltr'><strong>Judiccs.</strong></span> 
     </span>
    </p>
   </div>
   <div class='ocr_carea' id='block_1_36' title="bbox 229 1945 1788 2015">
    <p class='ocr_par' dir='ltr' id='par_1_36' title="bbox 229 1945 1788 2015">
     <span class='ocr_line' id='line_1_36' title="bbox 229 1945 1788 2015; baseline 0.001 -19"><span class='ocrx_word' id='word_1_236' title='bbox 229 1945 436 2012; x_wconf 81' lang='grc' dir='ltr'><strong>νόμιον.</strong></span> <span class='ocrx_word' id='word_1_237' title='bbox 488 1945 639 2015; x_wconf 79' lang='grc' dir='ltr'><strong>Ἑξῆς</strong></span> <span class='ocrx_word' id='word_1_238' title='bbox 662 1946 717 1998; x_wconf 76' lang='grc' dir='ltr'><strong>δὲ</strong></span> <span class='ocrx_word' id='word_1_239' title='bbox 760 1945 967 2008; x_wconf 77' lang='grc' dir='ltr'><strong>τούτοις</strong></span> <span class='ocrx_word' id='word_1_240' title='bbox 1017 1948 1159 1998; x_wconf 77' lang='grc' dir='ltr'><strong>ἐστὶν</strong></span> <span class='ocrx_word' id='word_1_241' title='bbox 1196 1947 1400 2015; x_wconf 80' lang='grc' dir='ltr'><strong>Ἰησοῦς</strong></span> <span class='ocrx_word' id='word_1_242' title='bbox 1441 1947 1584 1998; x_wconf 63' lang='lat' dir='ltr'><strong>deo-3</strong></span> <span class='ocrx_word' id='word_1_243' title='bbox 1613 1947 1788 2014; x_wconf 84' lang='grc' dir='ltr'><strong>Ναυῆ,</strong></span> 
     </span>
    </p>
   </div>
   <div class='ocr_carea' id='block_1_37' title="bbox 231 2032 1789 2109">
    <p class='ocr_par' dir='ltr' id='par_1_37' title="bbox 231 2032 1789 2109">
     <span class='ocr_line' id='line_1_37' title="bbox 231 2032 1789 2109; baseline -0.003 -21"><span class='ocrx_word' id='word_1_244' title='bbox 231 2037 322 2088; x_wconf 78' lang='grc' dir='ltr'><strong>καὶ</strong></span> <span class='ocrx_word' id='word_1_245' title='bbox 347 2037 562 2109; x_wconf 79' lang='grc' dir='ltr'><strong>Κριταί·</strong></span> <span class='ocrx_word' id='word_1_246' title='bbox 595 2037 688 2088; x_wconf 75' lang='grc' dir='ltr'><strong>καὶ</strong></span> <span class='ocrx_word' id='word_1_247' title='bbox 727 2035 858 2105; x_wconf 87' lang='grc' dir='ltr'><strong>μετά</strong></span> <span class='ocrx_word' id='word_1_248' title='bbox 885 2035 1039 2087; x_wconf 80' lang='grc' dir='ltr'><strong>τοῦτο</strong></span> <span class='ocrx_word' id='word_1_249' title='bbox 1069 2037 1102 2104; x_wconf 82' lang='grc' dir='ltr'>ἡ</span> <span class='ocrx_word' id='word_1_250' title='bbox 1141 2035 1315 2086; x_wconf 83' lang='grc' dir='ltr'><strong>Ῥούθ·</strong></span> <span class='ocrx_word' id='word_1_251' title='bbox 1357 2036 1448 2086; x_wconf 75' lang='grc' dir='ltr'><strong>καὶ</strong></span> <span class='ocrx_word' id='word_1_252' title='bbox 1483 2034 1640 2085; x_wconf 80' lang='grc' dir='ltr'><strong>τιάλιν</strong></span> <span class='ocrx_word' id='word_1_253' title='bbox 1665 2032 1789 2100; x_wconf 76' lang='grc' dir='ltr'><strong>ἑξῆς</strong></span> 
     </span>
    </p>
   </div>
   <div class='ocr_carea' id='block_1_38' title="bbox 230 2123 1790 2198">
    <p class='ocr_par' dir='ltr' id='par_1_38' title="bbox 230 2123 1790 2198">
     <span class='ocr_line' id='line_1_38' title="bbox 230 2123 1790 2198; baseline -0.002 -21"><span class='ocrx_word' id='word_1_254' title='bbox 230 2127 521 2178; x_wconf 83' lang='grc' dir='ltr'><strong>Βασιλειῶν</strong></span> <span class='ocrx_word' id='word_1_255' title='bbox 549 2127 788 2193; x_wconf 83' lang='grc' dir='ltr'><strong>τέσσαρα</strong></span> <span class='ocrx_word' id='word_1_256' title='bbox 829 2124 1007 2193; x_wconf 85' lang='grc' dir='ltr'><strong>βιϐλία</strong></span> <span class='ocrx_word' id='word_1_257' title='bbox 1043 2160 1059 2185; x_wconf 85' lang='lat'><strong>,</strong></span> <span class='ocrx_word' id='word_1_258' title='bbox 1153 2188 1162 2198; x_wconf 43' lang='grc'><em>,</em></span> <span class='ocrx_word' id='word_1_259' title='bbox 1215 2125 1308 2178; x_wconf 79' lang='grc' dir='ltr'><strong>καὶ</strong></span> <span class='ocrx_word' id='word_1_260' title='bbox 1359 2126 1556 2177; x_wconf 89' lang='grc' dir='ltr'><strong>τούτων</strong></span> <span class='ocrx_word' id='word_1_261' title='bbox 1603 2123 1664 2176; x_wconf 81' lang='grc' dir='ltr'><strong>τὸ</strong></span> <span class='ocrx_word' id='word_1_262' title='bbox 1695 2123 1790 2190; x_wconf 85' lang='grc' dir='ltr'><strong>μὲν</strong></span> 
     </span>
    </p>
   </div>
   <div class='ocr_carea' id='block_1_39' title="bbox 230 2213 1790 2284">
    <p class='ocr_par' dir='ltr' id='par_1_39' title="bbox 230 2213 1790 2284">
     <span class='ocr_line' id='line_1_39' title="bbox 230 2213 1790 2284; baseline -0.002 -17"><span class='ocrx_word' id='word_1_263' title='bbox 230 2217 444 2284; x_wconf 61' lang='grc' dir='ltr'><strong>⁴πρῶτον</strong></span> <span class='ocrx_word' id='word_1_264' title='bbox 473 2217 564 2267; x_wconf 79' lang='grc' dir='ltr'><strong>καὶ</strong></span> <span class='ocrx_word' id='word_1_265' title='bbox 597 2215 843 2284; x_wconf 88' lang='grc' dir='ltr'><strong>δεύτερον</strong></span> <span class='ocrx_word' id='word_1_266' title='bbox 864 2215 941 2275; x_wconf 74' lang='grc' dir='ltr'><strong>εἰς</strong></span> <span class='ocrx_word' id='word_1_267' title='bbox 966 2215 1022 2265; x_wconf 82' lang='grc' dir='ltr'><strong>ἓν</strong></span> <span class='ocrx_word' id='word_1_268' title='bbox 1061 2214 1261 2283; x_wconf 83' lang='grc' dir='ltr'><strong>βιϐλίον</strong></span> <span class='ocrx_word' id='word_1_269' title='bbox 1287 2215 1618 2284; x_wconf 83' lang='grc' dir='ltr'><strong>ἀριθμεῖται·</strong></span> <span class='ocrx_word' id='word_1_270' title='bbox 1646 2214 1706 2264; x_wconf 85' lang='grc' dir='ltr'><strong>τὸ</strong></span> <span class='ocrx_word' id='word_1_271' title='bbox 1733 2213 1790 2264; x_wconf 79' lang='grc' dir='ltr'><strong>δὲ</strong></span> 
     </span>
    </p>
   </div>
   <div class='ocr_carea' id='block_1_40' title="bbox 229 2304 1788 2376">
    <p class='ocr_par' dir='ltr' id='par_1_40' title="bbox 229 2304 1788 2376">
     <span class='ocr_line' id='line_1_40' title="bbox 229 2304 1788 2376; baseline -0.001 -19"><span class='ocrx_word' id='word_1_272' title='bbox 229 2308 406 2374; x_wconf 87' lang='grc' dir='ltr'><strong>τρίτον</strong></span> <span class='ocrx_word' id='word_1_273' title='bbox 432 2307 525 2356; x_wconf 81' lang='grc' dir='ltr'><strong>καὶ</strong></span> <span class='ocrx_word' id='word_1_274' title='bbox 558 2306 808 2376; x_wconf 82' lang='grc' dir='ltr'><strong>τέταρτον</strong></span> <span class='ocrx_word' id='word_1_275' title='bbox 854 2306 1049 2374; x_wconf 83' lang='grc' dir='ltr'><strong>ὁμοίως</strong></span> <span class='ocrx_word' id='word_1_276' title='bbox 1104 2307 1182 2366; x_wconf 87' lang='grc' dir='ltr'><strong>εἰς</strong></span> <span class='ocrx_word' id='word_1_277' title='bbox 1226 2305 1302 2356; x_wconf 73' lang='grc' dir='ltr'><strong>ἓν.</strong></span> <span class='ocrx_word' id='word_1_278' title='bbox 1339 2304 1490 2356; x_wconf 82' lang='grc' dir='ltr'><strong>Μετὰ</strong></span> <span class='ocrx_word' id='word_1_279' title='bbox 1535 2304 1588 2354; x_wconf 80' lang='grc' dir='ltr'><strong>δὲ</strong></span> <span class='ocrx_word' id='word_1_280' title='bbox 1620 2304 1788 2355; x_wconf 80' lang='grc' dir='ltr'><strong>ταῦτα</strong></span> 
     </span>
    </p>
   </div>
   <div class='ocr_carea' id='block_1_41' title="bbox 231 2392 1788 2466">
    <p class='ocr_par' dir='ltr' id='par_1_41' title="bbox 231 2392 1788 2466">
     <span class='ocr_line' id='line_1_41' title="bbox 231 2392 1788 2466; baseline -0.001 -19"><span class='ocrx_word' id='word_1_281' title='bbox 231 2396 720 2466; x_wconf 80' lang='grc' dir='ltr'><strong>Ιίαραλειπομένων</strong></span> <span class='ocrx_word' id='word_1_282' title='bbox 803 2399 846 2446; x_wconf 87' lang='grc' dir='ltr'><strong>α’</strong></span> <span class='ocrx_word' id='word_1_283' title='bbox 933 2398 1029 2447; x_wconf 71' lang='grc' dir='ltr'><strong>καὶ</strong></span> <span class='ocrx_word' id='word_1_284' title='bbox 1123 2392 1165 2461; x_wconf 83' lang='grc' dir='ltr'><strong>β’</strong></span> <span class='ocrx_word' id='word_1_285' title='bbox 1239 2397 1438 2464; x_wconf 81' lang='grc' dir='ltr'><strong>ὁμοίως</strong></span> <span class='ocrx_word' id='word_1_286' title='bbox 1482 2398 1560 2458; x_wconf 76' lang='grc' dir='ltr'><strong>εἰς</strong></span> <span class='ocrx_word' id='word_1_287' title='bbox 1608 2397 1663 2448; x_wconf 82' lang='grc' dir='ltr'><strong>ἓν</strong></span> <span class='ocrx_word' id='word_1_288' title='bbox 1711 2395 1788 2463; x_wconf 86' lang='grc' dir='ltr'><strong>βι-</strong></span> 
     </span>
    </p>
   </div>
   <div class='ocr_carea' id='block_1_42' title="bbox 229 2483 1786 2556">
    <p class='ocr_par' dir='ltr' id='par_1_42' title="bbox 229 2483 1786 2556">
     <span class='ocr_line' id='line_1_42' title="bbox 229 2483 1786 2556; baseline -0.002 -17"><span class='ocrx_word' id='word_1_289' title='bbox 229 2489 375 2540; x_wconf 76' lang='grc' dir='ltr'><strong>ϐλίον</strong></span> <span class='ocrx_word' id='word_1_290' title='bbox 427 2488 588 2540; x_wconf 77' lang='grc' dir='ltr'><strong>πάλιν</strong></span> <span class='ocrx_word' id='word_1_291' title='bbox 645 2487 1036 2556; x_wconf 70' lang='grc' dir='ltr'><strong>ἀριθμούμενα·</strong></span> <span class='ocrx_word' id='word_1_292' title='bbox 1072 2483 1187 2538; x_wconf 70' lang='grc' dir='ltr'><strong>εἶτα</strong></span> <span class='ocrx_word' id='word_1_293' title='bbox 1237 2488 1468 2555; x_wconf 82' lang='grc' dir='ltr'><strong>Ἔσδρας</strong></span> <span class='ocrx_word' id='word_1_294' title='bbox 1507 2493 1552 2538; x_wconf 88' lang='grc' dir='ltr'><strong>α’</strong></span> <span class='ocrx_word' id='word_1_295' title='bbox 1605 2487 1694 2537; x_wconf 75' lang='grc' dir='ltr'><strong>καὶ</strong></span> <span class='ocrx_word' id='word_1_296' title='bbox 1744 2487 1786 2554; x_wconf 89' lang='grc' dir='ltr'><strong>β’</strong></span> 
     </span>
    </p>
   </div>
   <div class='ocr_carea' id='block_1_43' title="bbox 225 2576 1787 2646">
    <p class='ocr_par' dir='ltr' id='par_1_43' title="bbox 225 2576 1787 2646">
     <span class='ocr_line' id='line_1_43' title="bbox 225 2576 1787 2646; baseline -0.002 -17"><span class='ocrx_word' id='word_1_297' title='bbox 225 2580 425 2646; x_wconf 74' lang='grc' dir='ltr'><strong>ὁμοίως</strong></span> <span class='ocrx_word' id='word_1_298' title='bbox 458 2581 536 2641; x_wconf 86' lang='grc' dir='ltr'><strong>είς</strong></span> <span class='ocrx_word' id='word_1_299' title='bbox 559 2580 635 2630; x_wconf 80' lang='grc' dir='ltr'><strong>ἓν.</strong></span> <span class='ocrx_word' id='word_1_300' title='bbox 663 2580 814 2630; x_wconf 83' lang='grc' dir='ltr'><strong>Μετά</strong></span> <span class='ocrx_word' id='word_1_301' title='bbox 870 2578 925 2628; x_wconf 81' lang='grc' dir='ltr'><strong>δὲ</strong></span> <span class='ocrx_word' id='word_1_302' title='bbox 960 2577 1129 2630; x_wconf 81' lang='grc' dir='ltr'><strong>ταῦτα</strong></span> <span class='ocrx_word' id='word_1_303' title='bbox 1163 2578 1342 2646; x_wconf 81' lang='grc' dir='ltr'><strong>βίϐλος</strong></span> <span class='ocrx_word' id='word_1_304' title='bbox 1390 2576 1651 2642; x_wconf 77' lang='grc' dir='ltr'><strong>Ψαλμῶν,</strong></span> <span class='ocrx_word' id='word_1_305' title='bbox 1695 2577 1787 2628; x_wconf 75' lang='grc' dir='ltr'><strong>καὶ</strong></span> 
     </span>
    </p>
   </div>
   <div class='ocr_carea' id='block_1_44' title="bbox 225 2661 1784 2738">
    <p class='ocr_par' dir='ltr' id='par_1_44' title="bbox 225 2661 1784 2738">
     <span class='ocr_line' id='line_1_44' title="bbox 225 2661 1784 2738; baseline -0.003 -18"><span class='ocrx_word' id='word_1_306' title='bbox 225 2671 351 2737; x_wconf 77' lang='grc' dir='ltr'><strong>ἑξῆς</strong></span> <span class='ocrx_word' id='word_1_307' title='bbox 406 2669 721 2738; x_wconf 87' lang='grc' dir='ltr'><strong>Παροιμίαι·</strong></span> <span class='ocrx_word' id='word_1_308' title='bbox 776 2664 892 2720; x_wconf 77' lang='grc' dir='ltr'><strong>εἶτα</strong></span> <span class='ocrx_word' id='word_1_309' title='bbox 955 2667 1409 2735; x_wconf 77' lang='grc' dir='ltr'><strong>Ἐκκλησιαστὴς,</strong></span> <span class='ocrx_word' id='word_1_310' title='bbox 1457 2668 1548 2717; x_wconf 73' lang='grc' dir='ltr'><strong>καὶ</strong></span> <span class='ocrx_word' id='word_1_311' title='bbox 1598 2661 1784 2734; x_wconf 67' lang='grc' dir='ltr'><strong>τᾼσμα</strong></span> 
     </span>
    </p>
   </div>
   <div class='ocr_carea' id='block_1_45' title="bbox 224 2755 1785 2826">
    <p class='ocr_par' dir='ltr' id='par_1_45' title="bbox 224 2755 1785 2826">
     <span class='ocr_line' id='line_1_45' title="bbox 224 2755 1785 2826; baseline -0.002 -19"><span class='ocrx_word' id='word_1_312' title='bbox 224 2759 506 2825; x_wconf 78' lang='grc' dir='ltr'><strong>ᾀσμάτων.</strong></span> <span class='ocrx_word' id='word_1_313' title='bbox 555 2758 697 2826; x_wconf 74' lang='grc' dir='ltr'><strong>Πρὸς</strong></span> <span class='ocrx_word' id='word_1_314' title='bbox 739 2757 946 2818; x_wconf 75' lang='grc' dir='ltr'><strong>τούτοις</strong></span> <span class='ocrx_word' id='word_1_315' title='bbox 999 2757 1113 2807; x_wconf 66' lang='grc' dir='ltr'><strong>ἐστὶ</strong></span> <span class='ocrx_word' id='word_1_316' title='bbox 1177 2755 1266 2807; x_wconf 74' lang='grc' dir='ltr'><strong>καὶ</strong></span> <span class='ocrx_word' id='word_1_317' title='bbox 1315 2755 1453 2816; x_wconf 86' lang='grc' dir='ltr'><strong>Ἰὼϐ,</strong></span> <span class='ocrx_word' id='word_1_318' title='bbox 1483 2755 1572 2806; x_wconf 79' lang='lat' dir='ltr'><strong>xui</strong></span> <span class='ocrx_word' id='word_1_319' title='bbox 1606 2755 1785 2806; x_wconf 78' lang='grc' dir='ltr'><strong>λοιπὸν</strong></span> 
     </span>
    </p>
   </div>
   <div class='ocr_carea' id='block_1_46' title="bbox 225 2844 1780 2915">
    <p class='ocr_par' dir='ltr' id='par_1_46' title="bbox 225 2844 1780 2915">
     <span class='ocr_line' id='line_1_46' title="bbox 225 2844 1780 2915; baseline -0.002 -17"><span class='ocrx_word' id='word_1_320' title='bbox 225 2847 520 2915; x_wconf 67' lang='grc' dir='ltr'><strong>προφῆται·</strong></span> <span class='ocrx_word' id='word_1_321' title='bbox 547 2849 594 2898; x_wconf 91' lang='grc' dir='ltr'><strong>οἱ</strong></span> <span class='ocrx_word' id='word_1_322' title='bbox 630 2848 726 2915; x_wconf 76' lang='grc' dir='ltr'>μὲν</span> <span class='ocrx_word' id='word_1_323' title='bbox 750 2846 952 2897; x_wconf 81' lang='grc' dir='ltr'><strong>δώδεκά</strong></span> <span class='ocrx_word' id='word_1_324' title='bbox 973 2848 1050 2907; x_wconf 84' lang='grc' dir='ltr'><strong>είς</strong></span> <span class='ocrx_word' id='word_1_325' title='bbox 1073 2847 1129 2897; x_wconf 84' lang='grc' dir='ltr'><strong>ἓν</strong></span> <span class='ocrx_word' id='word_1_326' title='bbox 1151 2845 1347 2912; x_wconf 81' lang='grc' dir='ltr'><strong>βιϐλίον</strong></span> <span class='ocrx_word' id='word_1_327' title='bbox 1377 2844 1780 2913; x_wconf 69' lang='grc' dir='ltr'>ἀριθμούμενον</span> 
     </span>
    </p>
   </div>
   <div class='ocr_carea' id='block_1_47' title="bbox 224 2933 1781 3005">
    <p class='ocr_par' dir='ltr' id='par_1_47' title="bbox 224 2933 1781 3005">
     <span class='ocr_line' id='line_1_47' title="bbox 224 2933 1781 3005; baseline -0.003 -17"><span class='ocrx_word' id='word_1_328' title='bbox 224 2933 341 2988; x_wconf 80' lang='grc' dir='ltr'><strong>εἶτα</strong></span> <span class='ocrx_word' id='word_1_329' title='bbox 409 2936 653 2998; x_wconf 78' lang='grc' dir='ltr'><strong>Ἡσαΐας,</strong></span> <span class='ocrx_word' id='word_1_330' title='bbox 716 2933 1014 3005; x_wconf 79' lang='grc' dir='ltr'><strong>Ἱερεμίας,</strong></span> <span class='ocrx_word' id='word_1_331' title='bbox 1073 2937 1164 2987; x_wconf 69' lang='grc' dir='ltr'><strong>καὶ</strong></span> <span class='ocrx_word' id='word_1_332' title='bbox 1215 2936 1310 2987; x_wconf 82' lang='grc' dir='ltr'><strong>σὺν</strong></span> <span class='ocrx_word' id='word_1_333' title='bbox 1363 2935 1781 3004; x_wconf 67' lang='grc' dir='ltr'><strong>αύτῷ-Βαροῦχ,</strong></span> 
     </span>
    </p>
   </div>
   <div class='ocr_carea' id='block_1_48' title="bbox 221 3023 1784 3095">
    <p class='ocr_par' dir='ltr' id='par_1_48' title="bbox 221 3023 1784 3095">
     <span class='ocr_line' id='line_1_48' title="bbox 221 3023 1784 3095; baseline 0 -20"><span class='ocrx_word' id='word_1_334' title='bbox 221 3026 440 3095; x_wconf 75' lang='grc' dir='ltr'><strong>θρῆνοι,</strong></span> <span class='ocrx_word' id='word_1_335' title='bbox 485 3025 768 3092; x_wconf 84' lang='grc' dir='ltr'><strong>Ἐπιστολὴ</strong></span> <span class='ocrx_word' id='word_1_336' title='bbox 809 3041 821 3055; x_wconf 90' lang='grc'><strong>·</strong></span> <span class='ocrx_word' id='word_1_337' title='bbox 956 3025 1048 3075; x_wconf 81' lang='lat' dir='ltr'><strong>xui.</strong></span> <span class='ocrx_word' id='word_1_338' title='bbox 1075 3023 1189 3093; x_wconf 86' lang='grc' dir='ltr'><strong>μετ’</strong></span> <span class='ocrx_word' id='word_1_339' title='bbox 1224 3025 1384 3076; x_wconf 80' lang='grc' dir='ltr'><strong>αύτδν</strong></span> <span class='ocrx_word' id='word_1_340' title='bbox 1415 3025 1670 3091; x_wconf 76' lang='grc' dir='ltr'><strong>Ἰεζεκιὴλ</strong></span> <span class='ocrx_word' id='word_1_341' title='bbox 1693 3025 1784 3075; x_wconf 72' lang='grc' dir='ltr'><strong>καὶ</strong></span> 
     </span>
    </p>
   </div>
   <div class='ocr_carea' id='block_1_49' title="bbox 220 3114 1784 3185">
    <p class='ocr_par' dir='ltr' id='par_1_49' title="bbox 220 3114 1784 3185">
     <span class='ocr_line' id='line_1_49' title="bbox 220 3114 1784 3185; baseline -0.001 -19"><span class='ocrx_word' id='word_1_342' title='bbox 220 3115 440 3184; x_wconf 73' lang='grc' dir='ltr'><strong>Δανιὴλ.</strong></span> <span class='ocrx_word' id='word_1_343' title='bbox 487 3115 649 3184; x_wconf 77' lang='grc' dir='ltr'><strong>’Ἄχρι</strong></span> <span class='ocrx_word' id='word_1_344' title='bbox 712 3114 911 3166; x_wconf 83' lang='grc' dir='ltr'><strong>τούτων</strong></span> <span class='ocrx_word' id='word_1_345' title='bbox 965 3115 1030 3167; x_wconf 74' lang='grc' dir='ltr'><strong>τὰ</strong></span> <span class='ocrx_word' id='word_1_346' title='bbox 1085 3115 1182 3183; x_wconf 78' lang='grc' dir='ltr'><strong>τῆς</strong></span> <span class='ocrx_word' id='word_1_347' title='bbox 1229 3115 1467 3177; x_wconf 82' lang='grc' dir='ltr'><strong>Παλαιᾶς</strong></span> <span class='ocrx_word' id='word_1_348' title='bbox 1513 3115 1784 3185; x_wconf 80' lang='grc' dir='ltr'><strong>Διαθήκης</strong></span> 
     </span>
    </p>
   </div>
   <div class='ocr_carea' id='block_1_50' title="bbox 221 3205 1783 3275">
    <p class='ocr_par' dir='ltr' id='par_1_50' title="bbox 221 3205 1783 3275">
     <span class='ocr_line' id='line_1_50' title="bbox 221 3205 1783 3275; baseline 0 -19"><span class='ocrx_word' id='word_1_349' title='bbox 221 3205 456 3258; x_wconf 73' lang='grc' dir='ltr'><strong>ἵσταται.</strong></span> <span class='ocrx_word' id='word_1_350' title='bbox 511 3205 592 3257; x_wconf 66' lang='lat' dir='ltr'><strong>Tu</strong></span> <span class='ocrx_word' id='word_1_351' title='bbox 641 3207 698 3258; x_wconf 76' lang='grc' dir='ltr'><strong>δὲ</strong></span> <span class='ocrx_word' id='word_1_352' title='bbox 758 3207 853 3275; x_wconf 90' lang='grc' dir='ltr'><strong>τῆς</strong></span> <span class='ocrx_word' id='word_1_353' title='bbox 916 3207 1119 3273; x_wconf 83' lang='grc' dir='ltr'><strong>Καινῆς</strong></span> <span class='ocrx_word' id='word_1_354' title='bbox 1169 3206 1326 3257; x_wconf 82' lang='grc' dir='ltr'><strong>πάλιν</strong></span> <span class='ocrx_word' id='word_1_355' title='bbox 1385 3207 1481 3256; x_wconf 79' lang='grc' dir='ltr'><strong>οὐκ</strong></span> <span class='ocrx_word' id='word_1_356' title='bbox 1533 3206 1783 3274; x_wconf 81' lang='grc' dir='ltr'><strong>ὀκνητέον</strong></span> 
     </span>
    </p>
   </div>
   <div class='ocr_carea' id='block_1_51' title="bbox 218 3295 1785 3363">
    <p class='ocr_par' dir='ltr' id='par_1_51' title="bbox 218 3295 1785 3363">
     <span class='ocr_line' id='line_1_51' title="bbox 218 3295 1785 3363; baseline 0.001 -18"><span class='ocrx_word' id='word_1_357' title='bbox 218 3298 412 3346; x_wconf 77' lang='grc' dir='ltr'><strong>εἰπεῖν·</strong></span> <span class='ocrx_word' id='word_1_358' title='bbox 439 3295 552 3347; x_wconf 82' lang='grc' dir='ltr'><strong>ἔστι</strong></span> <span class='ocrx_word' id='word_1_359' title='bbox 593 3296 700 3363; x_wconf 79' lang='grc' dir='ltr'><strong>γὰρ</strong></span> <span class='ocrx_word' id='word_1_360' title='bbox 745 3296 940 3347; x_wconf 77' lang='grc' dir='ltr'><strong>ταῦτα·</strong></span> <span class='ocrx_word' id='word_1_361' title='bbox 970 3295 1270 3361; x_wconf 80' lang='grc' dir='ltr'><strong>Εὐαγγέλια</strong></span> <span class='ocrx_word' id='word_1_362' title='bbox 1332 3295 1588 3362; x_wconf 79' lang='grc' dir='ltr'><strong>τέσσαρα·</strong></span> <span class='ocrx_word' id='word_1_363' title='bbox 1645 3298 1785 3346; x_wconf 83' lang='grc' dir='ltr'><strong>κατά</strong></span> 
     </span>
    </p>
   </div>
   <div class='ocr_carea' id='block_1_52' title="bbox 223 3381 1784 3453">
    <p class='ocr_par' dir='ltr' id='par_1_52' title="bbox 223 3381 1784 3453">
     <span class='ocr_line' id='line_1_52' title="bbox 223 3381 1784 3453; baseline -0.001 -20"><span class='ocrx_word' id='word_1_364' title='bbox 223 3383 523 3440; x_wconf 75' lang='grc' dir='ltr'><strong>Ματθαῖον,</strong></span> <span class='ocrx_word' id='word_1_365' title='bbox 549 3383 688 3434; x_wconf 87' lang='grc' dir='ltr'><strong>κατά</strong></span> <span class='ocrx_word' id='word_1_366' title='bbox 717 3385 960 3453; x_wconf 77' lang='grc' dir='ltr'><strong>Μάρκον,</strong></span> <span class='ocrx_word' id='word_1_367' title='bbox 990 3382 1131 3434; x_wconf 82' lang='grc' dir='ltr'><strong>κατὰ</strong></span> <span class='ocrx_word' id='word_1_368' title='bbox 1171 3384 1400 3444; x_wconf 87' lang='grc' dir='ltr'><strong>Λουκᾶν,</strong></span> <span class='ocrx_word' id='word_1_369' title='bbox 1429 3381 1568 3432; x_wconf 83' lang='grc' dir='ltr'><strong>κατά</strong></span> <span class='ocrx_word' id='word_1_370' title='bbox 1607 3381 1784 3432; x_wconf 83' lang='grc' dir='ltr'><strong>Ἰωάν-</strong></span> 
     </span>
    </p>
   </div>
   <div class='ocr_carea' id='block_1_53' title="bbox 218 3469 1783 3541">
    <p class='ocr_par' dir='ltr' id='par_1_53' title="bbox 218 3469 1783 3541">
     <span class='ocr_line' id='line_1_53' title="bbox 218 3469 1783 3541; baseline -0.001 -20"><span class='ocrx_word' id='word_1_371' title='bbox 218 3491 332 3539; x_wconf 58' lang='grc' dir='ltr'><strong>νην.</strong></span> <span class='ocrx_word' id='word_1_372' title='bbox 372 3469 504 3524; x_wconf 78' lang='grc' dir='ltr'><strong>Εἶτα</strong></span> <span class='ocrx_word' id='word_1_373' title='bbox 533 3473 668 3541; x_wconf 81' lang='grc' dir='ltr'><strong>μετά</strong></span> <span class='ocrx_word' id='word_1_374' title='bbox 695 3473 862 3524; x_wconf 75' lang='grc' dir='ltr'><strong>ταῦτα</strong></span> <span class='ocrx_word' id='word_1_375' title='bbox 1039 3471 1270 3541; x_wconf 75' lang='grc' dir='ltr'><strong>Πράξεις</strong></span> <span class='ocrx_word' id='word_1_376' title='bbox 1300 3471 1629 3531; x_wconf 82' lang='grc' dir='ltr'><strong>ἀποστόλων,</strong></span> <span class='ocrx_word' id='word_1_377' title='bbox 1691 3471 1783 3521; x_wconf 77' lang='grc' dir='ltr'><strong>καὶ</strong></span> 
     </span>
    </p>
   </div>
   <div class='ocr_carea' id='block_1_54' title="bbox 229 3560 1781 3630">
    <p class='ocr_par' dir='ltr' id='par_1_54' title="bbox 229 3560 1781 3630">
     <span class='ocr_line' id='line_1_54' title="bbox 229 3560 1781 3630; baseline -0.003 -16"><span class='ocrx_word' id='word_1_378' title='bbox 229 3563 537 3615; x_wconf 75' lang='grc' dir='ltr'><strong>Ἐπιστολαὶ</strong></span> <span class='ocrx_word' id='word_1_379' title='bbox 600 3563 899 3615; x_wconf 76' lang='grc' dir='ltr'><strong>Καθολικαὶ</strong></span> <span class='ocrx_word' id='word_1_380' title='bbox 959 3561 1285 3630; x_wconf 76' lang='grc' dir='ltr'><strong>καλούμεναι</strong></span> <span class='ocrx_word' id='word_1_381' title='bbox 1323 3561 1427 3613; x_wconf 84' lang='grc' dir='ltr'><strong>τῶν</strong></span> <span class='ocrx_word' id='word_1_382' title='bbox 1474 3560 1781 3612; x_wconf 82' lang='grc' dir='ltr'><strong>ἀποστόλων</strong></span> 
     </span>
    </p>
   </div>
   <div class='ocr_carea' id='block_1_55' title="bbox 217 3645 1780 3722">
    <p class='ocr_par' dir='ltr' id='par_1_55' title="bbox 217 3645 1780 3722">
     <span class='ocr_line' id='line_1_55' title="bbox 217 3645 1780 3722; baseline -0.003 -18"><span class='ocrx_word' id='word_1_383' title='bbox 217 3656 376 3707; x_wconf 73' lang='grc' dir='ltr'><strong>ὲτττάο</strong></span> <span class='ocrx_word' id='word_1_384' title='bbox 427 3653 569 3705; x_wconf 75' lang='grc' dir='ltr'><strong>οὓτω</strong></span> <span class='ocrx_word' id='word_1_385' title='bbox 626 3654 722 3722; x_wconf 75' lang='grc' dir='ltr'><strong>μὲν</strong></span> <span class='ocrx_word' id='word_1_386' title='bbox 769 3651 1018 3703; x_wconf 81' lang='grc' dir='ltr'><strong>Ἰακώϐου</strong></span> <span class='ocrx_word' id='word_1_387' title='bbox 1075 3657 1142 3711; x_wconf 91' lang='grc' dir='ltr'><strong>α’,</strong></span> <span class='ocrx_word' id='word_1_388' title='bbox 1185 3651 1386 3719; x_wconf 78' lang='grc' dir='ltr'>Πέτρου</span> <span class='ocrx_word' id='word_1_389' title='bbox 1433 3650 1487 3701; x_wconf 83' lang='grc' dir='ltr'><strong>δὲ</strong></span> <span class='ocrx_word' id='word_1_390' title='bbox 1547 3649 1612 3716; x_wconf 85' lang='grc' dir='ltr'><strong>β’,</strong></span> <span class='ocrx_word' id='word_1_391' title='bbox 1663 3645 1780 3700; x_wconf 82' lang='grc' dir='ltr'><strong>εἶτα</strong></span> 
     </span>
    </p>
   </div>
   <div class='ocr_carea' id='block_1_56' title="bbox 227 3739 1780 3811">
    <p class='ocr_par' dir='ltr' id='par_1_56' title="bbox 227 3739 1780 3811">
     <span class='ocr_line' id='line_1_56' title="bbox 227 3739 1780 3811; baseline -0.003 -17"><span class='ocrx_word' id='word_1_392' title='bbox 227 3743 471 3794; x_wconf 83' lang='grc' dir='ltr'><strong>Ίωάννου</strong></span> <span class='ocrx_word' id='word_1_393' title='bbox 497 3743 566 3808; x_wconf 86' lang='grc' dir='ltr'><strong>γ’,</strong></span> <span class='ocrx_word' id='word_1_394' title='bbox 599 3743 692 3793; x_wconf 79' lang='grc' dir='ltr'><strong>καὶ</strong></span> <span class='ocrx_word' id='word_1_395' title='bbox 728 3742 862 3811; x_wconf 85' lang='grc' dir='ltr'><strong>μετά</strong></span> <span class='ocrx_word' id='word_1_396' title='bbox 915 3740 1111 3802; x_wconf 88' lang='grc' dir='ltr'><strong>ταύτας</strong></span> <span class='ocrx_word' id='word_1_397' title='bbox 1166 3739 1329 3791; x_wconf 75' lang='grc' dir='ltr'><strong>Ἰούδα</strong></span> <span class='ocrx_word' id='word_1_398' title='bbox 1359 3747 1426 3790; x_wconf 85' lang='grc' dir='ltr'><strong>α’.</strong></span> <span class='ocrx_word' id='word_1_399' title='bbox 1488 3739 1628 3808; x_wconf 77' lang='grc' dir='ltr'><strong>Πρὸς</strong></span> <span class='ocrx_word' id='word_1_400' title='bbox 1660 3739 1780 3789; x_wconf 87' lang='grc' dir='ltr'><strong>τού-</strong></span> 
     </span>
    </p>
   </div>
   <div class='ocr_carea' id='block_1_57' title="bbox 213 3828 1774 3897">
    <p class='ocr_par' dir='ltr' id='par_1_57' title="bbox 213 3828 1774 3897">
     <span class='ocr_line' id='line_1_57' title="bbox 213 3828 1774 3897; baseline -0.003 -15"><span class='ocrx_word' id='word_1_401' title='bbox 213 3849 326 3893; x_wconf 82' lang='grc' dir='ltr'><strong>τοις</strong></span> <span class='ocrx_word' id='word_1_402' title='bbox 356 3832 568 3883; x_wconf 83' lang='grc' dir='ltr'><strong>Παύλου</strong></span> <span class='ocrx_word' id='word_1_403' title='bbox 592 3831 886 3882; x_wconf 82' lang='grc' dir='ltr'><strong>ἀποστόλου</strong></span> <span class='ocrx_word' id='word_1_404' title='bbox 915 3830 1048 3881; x_wconf 74' lang='grc' dir='ltr'><strong>εἰσὶν</strong></span> <span class='ocrx_word' id='word_1_405' title='bbox 1071 3829 1345 3881; x_wconf 69' lang='grc' dir='ltr'><strong>ἐπιστολαὶ</strong></span> <span class='ocrx_word' id='word_1_406' title='bbox 1365 3828 1774 3897; x_wconf 79' lang='grc' dir='ltr'><strong>δεκατέσσαρες,</strong></span> 
     </span>
    </p>
   </div>
   <div class='ocr_carea' id='block_1_58' title="bbox 213 3917 1774 3988">
    <p class='ocr_par' dir='ltr' id='par_1_58' title="bbox 213 3917 1774 3988">
     <span class='ocr_line' id='line_1_58' title="bbox 213 3917 1774 3988; baseline -0.004 -17"><span class='ocrx_word' id='word_1_407' title='bbox 213 3925 277 3988; x_wconf 79' lang='grc' dir='ltr'><strong>τῇ</strong></span> <span class='ocrx_word' id='word_1_408' title='bbox 307 3921 457 3982; x_wconf 80' lang='grc' dir='ltr'><strong>τάξει</strong></span> <span class='ocrx_word' id='word_1_409' title='bbox 480 3922 820 3988; x_wconf 62' lang='grc' dir='ltr'><strong>γραψόμεναι</strong></span> <span class='ocrx_word' id='word_1_410' title='bbox 855 3918 1042 3980; x_wconf 71' lang='grc' dir='ltr'><strong>οὕτως·</strong></span> <span class='ocrx_word' id='word_1_411' title='bbox 1074 3917 1260 3986; x_wconf 82' lang='grc' dir='ltr'><strong>πρώτη</strong></span> <span class='ocrx_word' id='word_1_412' title='bbox 1294 3917 1426 3981; x_wconf 85' lang='grc' dir='ltr'><strong>πρὸς</strong></span> <span class='ocrx_word' id='word_1_413' title='bbox 1459 3918 1774 3983; x_wconf 83' lang='grc' dir='ltr'><strong>Ῥωμαίους·</strong></span> 
     </span>
    </p>
   </div>
   <div class='ocr_carea' id='block_1_59' title="bbox 216 4007 1776 4078">
    <p class='ocr_par' dir='ltr' id='par_1_59' title="bbox 216 4007 1776 4078">
     <span class='ocr_line' id='line_1_59' title="bbox 216 4007 1776 4078; baseline -0.003 -15"><span class='ocrx_word' id='word_1_414' title='bbox 216 4010 330 4063; x_wconf 74' lang='grc' dir='ltr'><strong>εἶτα</strong></span> <span class='ocrx_word' id='word_1_415' title='bbox 365 4012 500 4078; x_wconf 78' lang='grc' dir='ltr'><strong>πρὸς</strong></span> <span class='ocrx_word' id='word_1_416' title='bbox 521 4009 838 4078; x_wconf 82' lang='grc' dir='ltr'><strong>Κορινθίους</strong></span> <span class='ocrx_word' id='word_1_417' title='bbox 859 4009 950 4060; x_wconf 78' lang='grc' dir='ltr'><strong>δύο</strong></span> <span class='ocrx_word' id='word_1_418' title='bbox 972 4025 985 4038; x_wconf 88' lang='grc'><strong>·</strong></span> <span class='ocrx_word' id='word_1_419' title='bbox 1021 4009 1112 4058; x_wconf 71' lang='grc' dir='ltr'><strong>καὶ</strong></span> <span class='ocrx_word' id='word_1_420' title='bbox 1147 4010 1278 4076; x_wconf 81' lang='grc' dir='ltr'><strong>μετά</strong></span> <span class='ocrx_word' id='word_1_421' title='bbox 1311 4008 1475 4059; x_wconf 73' lang='grc' dir='ltr'><strong>ταῦτα</strong></span> <span class='ocrx_word' id='word_1_422' title='bbox 1643 4007 1776 4076; x_wconf 79' lang='grc' dir='ltr'><strong>πρὸς</strong></span> 
     </span>
    </p>
   </div>
   <div class='ocr_carea' id='block_1_60' title="bbox 215 4093 1776 4167">
    <p class='ocr_par' dir='ltr' id='par_1_60' title="bbox 215 4093 1776 4167">
     <span class='ocr_line' id='line_1_60' title="bbox 215 4093 1776 4167; baseline -0.003 -15"><span class='ocrx_word' id='word_1_423' title='bbox 215 4100 480 4162; x_wconf 75' lang='grc' dir='ltr'><strong>Γαλάτας·</strong></span> <span class='ocrx_word' id='word_1_424' title='bbox 529 4100 622 4150; x_wconf 66' lang='grc' dir='ltr'><strong>καὶ</strong></span> <span class='ocrx_word' id='word_1_425' title='bbox 687 4098 812 4166; x_wconf 79' lang='grc' dir='ltr'><strong>ἑξῆς</strong></span> <span class='ocrx_word' id='word_1_426' title='bbox 882 4099 1018 4167; x_wconf 74' lang='grc' dir='ltr'><strong>πρὸς</strong></span> <span class='ocrx_word' id='word_1_427' title='bbox 1097 4098 1404 4166; x_wconf 71' lang='grc' dir='ltr'><strong>Ἐφεσίους·</strong></span> <span class='ocrx_word' id='word_1_428' title='bbox 1457 4093 1572 4149; x_wconf 81' lang='grc' dir='ltr'><strong>εἶτα</strong></span> <span class='ocrx_word' id='word_1_429' title='bbox 1642 4098 1776 4166; x_wconf 79' lang='grc' dir='ltr'><strong>πρὸς</strong></span> 
     </span>
    </p>
   </div>
   <div class='ocr_carea' id='block_1_61' title="bbox 212 4187 1776 4260">
    <p class='ocr_par' dir='ltr' id='par_1_61' title="bbox 212 4187 1776 4260">
     <span class='ocr_line' id='line_1_61' title="bbox 212 4187 1776 4260; baseline -0.002 -19"><span class='ocrx_word' id='word_1_430' title='bbox 212 4190 622 4260; x_wconf 69' lang='grc' dir='ltr'><strong>Φιλιππησίους,</strong></span> <span class='ocrx_word' id='word_1_431' title='bbox 654 4191 748 4241; x_wconf 82' lang='grc' dir='ltr'><strong>καὶ</strong></span> <span class='ocrx_word' id='word_1_432' title='bbox 794 4189 927 4257; x_wconf 78' lang='grc' dir='ltr'><strong>πρὸς</strong></span> <span class='ocrx_word' id='word_1_433' title='bbox 971 4189 1316 4251; x_wconf 86' lang='grc' dir='ltr'><strong>Κολασσαεῖς·</strong></span> <span class='ocrx_word' id='word_1_434' title='bbox 1361 4188 1453 4240; x_wconf 71' lang='grc' dir='ltr'><strong>καὶ</strong></span> <span class='ocrx_word' id='word_1_435' title='bbox 1489 4189 1622 4256; x_wconf 85' lang='grc' dir='ltr'><strong>μετά</strong></span> <span class='ocrx_word' id='word_1_436' title='bbox 1649 4187 1776 4238; x_wconf 88' lang='grc' dir='ltr'><strong>ταύ-</strong></span> 
     </span>
    </p>
   </div>
   <div class='ocr_carea' id='block_1_62' title="bbox 213 4277 1768 4348">
    <p class='ocr_par' dir='ltr' id='par_1_62' title="bbox 213 4277 1768 4348">
     <span class='ocr_line' id='line_1_62' title="bbox 213 4277 1768 4348; baseline -0.003 -15"><span class='ocrx_word' id='word_1_437' title='bbox 213 4299 307 4343; x_wconf 87' lang='grc' dir='ltr'><strong>τας</strong></span> <span class='ocrx_word' id='word_1_438' title='bbox 339 4281 473 4348; x_wconf 79' lang='grc' dir='ltr'><strong>πρδς</strong></span> <span class='ocrx_word' id='word_1_439' title='bbox 504 4279 908 4339; x_wconf 86' lang='grc' dir='ltr'><strong>Θεσσαλονικείς</strong></span> <span class='ocrx_word' id='word_1_440' title='bbox 932 4277 1044 4341; x_wconf 74' lang='grc' dir='ltr'><strong>δύο,</strong></span> <span class='ocrx_word' id='word_1_441' title='bbox 1084 4278 1176 4330; x_wconf 70' lang='grc' dir='ltr'><strong>καὶ</strong></span> <span class='ocrx_word' id='word_1_442' title='bbox 1210 4280 1240 4348; x_wconf 81' lang='grc' dir='ltr'>ἠ</span> <span class='ocrx_word' id='word_1_443' title='bbox 1291 4278 1425 4348; x_wconf 81' lang='grc' dir='ltr'><strong>πρὸς</strong></span> <span class='ocrx_word' id='word_1_444' title='bbox 1475 4278 1768 4346; x_wconf 86' lang='grc' dir='ltr'><strong>Ἐϐραίους·</strong></span> 
     </span>
    </p>
   </div>
   <div class='ocr_carea' id='block_1_63' title="bbox 215 4367 1771 4440">
    <p class='ocr_par' dir='ltr' id='par_1_63' title="bbox 215 4367 1771 4440">
     <span class='ocr_line' id='line_1_63' title="bbox 215 4367 1771 4440; baseline -0.002 -17"><span class='ocrx_word' id='word_1_445' title='bbox 215 4373 303 4423; x_wconf 78' lang='grc' dir='ltr'><strong>καὶ</strong></span> <span class='ocrx_word' id='word_1_446' title='bbox 337 4371 496 4431; x_wconf 75' lang='grc' dir='ltr'><strong>εὐθὺς</strong></span> <span class='ocrx_word' id='word_1_447' title='bbox 527 4370 662 4439; x_wconf 79' lang='grc' dir='ltr'><strong>πρὸς</strong></span> <span class='ocrx_word' id='word_1_448' title='bbox 698 4370 792 4438; x_wconf 74' lang='grc' dir='ltr'><strong>μὲν</strong></span> <span class='ocrx_word' id='word_1_449' title='bbox 822 4370 1078 4437; x_wconf 88' lang='grc' dir='ltr'><strong>Τιμόθεον</strong></span> <span class='ocrx_word' id='word_1_450' title='bbox 1234 4368 1344 4429; x_wconf 89' lang='grc' dir='ltr'><strong>δύο,</strong></span> <span class='ocrx_word' id='word_1_451' title='bbox 1381 4368 1514 4440; x_wconf 75' lang='grc' dir='ltr'><strong>πρὸς</strong></span> <span class='ocrx_word' id='word_1_452' title='bbox 1537 4369 1592 4420; x_wconf 80' lang='grc' dir='ltr'><strong>δὲ</strong></span> <span class='ocrx_word' id='word_1_453' title='bbox 1616 4367 1771 4420; x_wconf 88' lang='grc' dir='ltr'><strong>Τίτον</strong></span> 
     </span>
    </p>
   </div>
   <div class='ocr_carea' id='block_1_64' title="bbox 215 4456 1779 4533">
    <p class='ocr_par' dir='ltr' id='par_1_64' title="bbox 215 4456 1771 4526">
     <span class='ocr_line' id='line_1_64' title="bbox 215 4456 1771 4526; baseline 0.001 -19"><span class='ocrx_word' id='word_1_454' title='bbox 215 4459 329 4526; x_wconf 77' lang='grc' dir='ltr'><strong>μία·</strong></span> <span class='ocrx_word' id='word_1_455' title='bbox 381 4459 474 4510; x_wconf 72' lang='grc' dir='ltr'><strong>καὶ</strong></span> <span class='ocrx_word' id='word_1_456' title='bbox 514 4457 795 4509; x_wconf 85' lang='grc' dir='ltr'><strong>τελευταία</strong></span> <span class='ocrx_word' id='word_1_457' title='bbox 853 4458 885 4526; x_wconf 84' lang='grc' dir='ltr'>ἠ</span> <span class='ocrx_word' id='word_1_458' title='bbox 943 4456 1076 4526; x_wconf 68' lang='grc' dir='ltr'><strong>πρὸς</strong></span> <span class='ocrx_word' id='word_1_459' title='bbox 1133 4458 1425 4526; x_wconf 74' lang='grc' dir='ltr'><strong>Φιλήμονα·</strong></span> <span class='ocrx_word' id='word_1_460' title='bbox 1474 4458 1567 4510; x_wconf 76' lang='grc' dir='ltr'><strong>καὶ</strong></span> <span class='ocrx_word' id='word_1_461' title='bbox 1614 4457 1771 4509; x_wconf 77' lang='grc' dir='ltr'><strong>πάλιν</strong></span> 
     </span>
    </p>
   </div>
   <div class='ocr_carea' id='block_1_65' title="bbox 1880 4456 3086 4533">
    <p class='ocr_par' dir='ltr' id='par_1_65' title="bbox 1880 4459 3086 4533">
     <span class='ocr_line' id='line_1_65' title="bbox 1880 4459 3086 4533; baseline 0.003 -19"><span class='ocrx_word' id='word_1_462' title='bbox 1880 4461 2114 4514; x_wconf 85' lang='lat' dir='ltr'><strong>docetur.</strong></span> <span class='ocrx_word' id='word_1_463' title='bbox 2144 4459 2312 4516; x_wconf 88' lang='lat' dir='ltr'><strong>Nemo</strong></span> <span class='ocrx_word' id='word_1_464' title='bbox 2343 4464 2408 4516; x_wconf 88' lang='lat' dir='ltr'><strong>iis</strong></span> <span class='ocrx_word' id='word_1_465' title='bbox 2457 4465 2636 4529; x_wconf 85' lang='lat' dir='ltr'><strong>addat,</strong></span> <span class='ocrx_word' id='word_1_466' title='bbox 2668 4472 2758 4517; x_wconf 90' lang='lat' dir='ltr'><strong>aut</strong></span> <span class='ocrx_word' id='word_1_467' title='bbox 2785 4464 2986 4533; x_wconf 87' lang='lat' dir='ltr'><strong>aliquid</strong></span> <span class='ocrx_word' id='word_1_468' title='bbox 3018 4465 3086 4518; x_wconf 90' lang='lat' dir='ltr'><strong>ab</strong></span> 
     </span>
    </p>
   </div>
   <div class='ocr_carea' id='block_1_66' title="bbox 222 4543 1763 4615">
    <p class='ocr_par' dir='ltr' id='par_1_66' title="bbox 222 4543 1763 4615">
     <span class='ocr_line' id='line_1_66' title="bbox 222 4543 1763 4615; baseline 0.001 -19"><span class='ocrx_word' id='word_1_469' title='bbox 222 4547 467 4597; x_wconf 71' lang='grc' dir='ltr'><strong>Ἰωάννου</strong></span> <span class='ocrx_word' id='word_1_470' title='bbox 519 4544 902 4612; x_wconf 76' lang='grc' dir='ltr'><strong>Ἀποκάλυψις.</strong></span> <span class='ocrx_word' id='word_1_471' title='bbox 943 4543 1122 4597; x_wconf 75' lang='grc' dir='ltr'><strong>Ταῦτα</strong></span> <span class='ocrx_word' id='word_1_472' title='bbox 1148 4546 1319 4613; x_wconf 77' lang='grc' dir='ltr'><strong>πηγαὶ</strong></span> <span class='ocrx_word' id='word_1_473' title='bbox 1354 4546 1446 4597; x_wconf 79' lang='grc' dir='ltr'><strong>τοῦ</strong></span> <span class='ocrx_word' id='word_1_474' title='bbox 1477 4547 1763 4615; x_wconf 78' lang='grc' dir='ltr'><strong>σωτηρίου,</strong></span> 
     </span>
    </p>
   </div>
   <div class='ocr_carea' id='block_1_67' title="bbox 208 4634 1764 4704">
    <p class='ocr_par' dir='ltr' id='par_1_67' title="bbox 208 4634 1764 4704">
     <span class='ocr_line' id='line_1_67' title="bbox 208 4634 1764 4704; baseline -0.001 -17"><span class='ocrx_word' id='word_1_475' title='bbox 208 4635 344 4687; x_wconf 74' lang='grc' dir='ltr'><strong>ὥστε</strong></span> <span class='ocrx_word' id='word_1_476' title='bbox 382 4636 472 4687; x_wconf 78' lang='grc' dir='ltr'><strong>τὸν</strong></span> <span class='ocrx_word' id='word_1_477' title='bbox 505 4635 742 4700; x_wconf 67' lang='grc' dir='ltr'><strong>διψῶντα</strong></span> <span class='ocrx_word' id='word_1_478' title='bbox 784 4634 890 4685; x_wconf 84' lang='grc' dir='ltr'><strong>τῶν</strong></span> <span class='ocrx_word' id='word_1_479' title='bbox 947 4634 1003 4685; x_wconf 85' lang='grc' dir='ltr'><strong>ὲν</strong></span> <span class='ocrx_word' id='word_1_480' title='bbox 1049 4635 1254 4696; x_wconf 84' lang='grc' dir='ltr'><strong>τούτοις</strong></span> <span class='ocrx_word' id='word_1_481' title='bbox 1291 4634 1640 4704; x_wconf 75' lang='grc' dir='ltr'><strong>ἐμφορεῖσθαι</strong></span> <span class='ocrx_word' id='word_1_482' title='bbox 1679 4636 1764 4687; x_wconf 88' lang='grc' dir='ltr'><strong>λο-</strong></span> 
     </span>
    </p>
   </div>
   <div class='ocr_carea' id='block_1_68' title="bbox 208 4723 1764 4796">
    <p class='ocr_par' dir='ltr' id='par_1_68' title="bbox 208 4723 1764 4796">
     <span class='ocr_line' id='line_1_68' title="bbox 208 4723 1764 4796; baseline 0.001 -23"><span class='ocrx_word' id='word_1_483' title='bbox 208 4727 362 4789; x_wconf 78' lang='grc' dir='ltr'><strong>γίων·</strong></span> <span class='ocrx_word' id='word_1_484' title='bbox 396 4725 452 4774; x_wconf 82' lang='grc' dir='ltr'><strong>ὲν</strong></span> <span class='ocrx_word' id='word_1_485' title='bbox 486 4723 692 4782; x_wconf 77' lang='grc' dir='ltr'><strong>τούτοις</strong></span> <span class='ocrx_word' id='word_1_486' title='bbox 730 4723 906 4790; x_wconf 90' lang='grc' dir='ltr'><strong>μόνοις</strong></span> <span class='ocrx_word' id='word_1_487' title='bbox 954 4723 1013 4774; x_wconf 77' lang='grc' dir='ltr'><strong>τὸ</strong></span> <span class='ocrx_word' id='word_1_488' title='bbox 1046 4723 1142 4796; x_wconf 75' lang='grc' dir='ltr'><strong>τῆς</strong></span> <span class='ocrx_word' id='word_1_489' title='bbox 1189 4723 1465 4784; x_wconf 79' lang='grc' dir='ltr'><strong>εὐσεϐείας</strong></span> <span class='ocrx_word' id='word_1_490' title='bbox 1514 4723 1764 4776; x_wconf 85' lang='grc' dir='ltr'><strong>διδασκα-</strong></span> 
     </span>
    </p>
   </div>
   <div class='ocr_carea' id='block_1_69' title="bbox 205 4809 1761 4880">
    <p class='ocr_par' dir='ltr' id='par_1_69' title="bbox 205 4809 1761 4880">
     <span class='ocr_line' id='line_1_69' title="bbox 205 4809 1761 4880; baseline 0.003 -20"><span class='ocrx_word' id='word_1_491' title='bbox 205 4811 346 4860; x_wconf 63' lang='lat' dir='ltr'><strong>lziav</strong></span> <span class='ocrx_word' id='word_1_492' title='bbox 392 4809 820 4876; x_wconf 76' lang='grc' dir='ltr'><strong>εὐαγγελίζεται.</strong></span> <span class='ocrx_word' id='word_1_493' title='bbox 881 4812 1084 4880; x_wconf 78' lang='grc' dir='ltr'><strong>Μηδεὶς</strong></span> <span class='ocrx_word' id='word_1_494' title='bbox 1129 4811 1340 4873; x_wconf 87' lang='grc' dir='ltr'><strong>τούτοις</strong></span> <span class='ocrx_word' id='word_1_495' title='bbox 1397 4813 1761 4874; x_wconf 82' lang='grc' dir='ltr'><strong>ὲπιϐαλλέτω,</strong></span> 
     </span>
    </p>
   </div>
   <div class='ocr_carea' id='block_1_70' title="bbox 209 4899 1765 4971">
    <p class='ocr_par' dir='ltr' id='par_1_70' title="bbox 209 4899 1765 4971">
     <span class='ocr_line' id='line_1_70' title="bbox 209 4899 1765 4971; baseline 0.003 -21"><span class='ocrx_word' id='word_1_496' title='bbox 209 4901 342 4967; x_wconf 72' lang='grc' dir='ltr'><strong>μηδὲ</strong></span> <span class='ocrx_word' id='word_1_497' title='bbox 374 4899 574 4951; x_wconf 88' lang='grc' dir='ltr'><strong>τούτων</strong></span> <span class='ocrx_word' id='word_1_498' title='bbox 597 4899 931 4968; x_wconf 80' lang='grc' dir='ltr'><strong>ἀφαιρείσθω</strong></span> <span class='ocrx_word' id='word_1_499' title='bbox 958 4917 1028 4952; x_wconf 90' lang='grc' dir='ltr'><strong>τι.</strong></span> <span class='ocrx_word' id='word_1_500' title='bbox 1051 4902 1184 4970; x_wconf 73' lang='grc' dir='ltr'><strong>Περὶ</strong></span> <span class='ocrx_word' id='word_1_501' title='bbox 1211 4902 1265 4952; x_wconf 77' lang='grc' dir='ltr'><strong>δὲ</strong></span> <span class='ocrx_word' id='word_1_502' title='bbox 1290 4903 1490 4954; x_wconf 83' lang='grc' dir='ltr'><strong>τούτων</strong></span> <span class='ocrx_word' id='word_1_503' title='bbox 1511 4905 1538 4954; x_wconf 83' lang='grc' dir='ltr'><strong>ό</strong></span> <span class='ocrx_word' id='word_1_504' title='bbox 1567 4903 1765 4971; x_wconf 84' lang='grc' dir='ltr'><strong>Κύριος</strong></span> 
     </span>
    </p>
   </div>
   <div class='ocr_carea' id='block_1_71' title="bbox 205 4988 1759 5061">
    <p class='ocr_par' dir='ltr' id='par_1_71' title="bbox 205 4988 1759 5061">
     <span class='ocr_line' id='line_1_71' title="bbox 205 4988 1759 5061; baseline 0.004 -22"><span class='ocrx_word' id='word_1_505' title='bbox 205 4989 593 5049; x_wconf 74' lang='grc' dir='ltr'><strong>Σαδδουκαίους</strong></span> <span class='ocrx_word' id='word_1_506' title='bbox 625 4990 720 5056; x_wconf 84' lang='grc' dir='ltr'><strong>μὲν</strong></span> <span class='ocrx_word' id='word_1_507' title='bbox 758 4988 1042 5052; x_wconf 80' lang='grc' dir='ltr'><strong>ἐδυσώπει,</strong></span> <span class='ocrx_word' id='word_1_508' title='bbox 1090 4990 1278 5056; x_wconf 84' lang='grc' dir='ltr'><strong>λέγων·</strong></span> <span class='ocrx_word' id='word_1_509' title='bbox 1339 4991 1653 5046; x_wconf 76' lang='grc' dir='ltr'><strong>Πλανᾶσθε</strong></span> <span class='ocrx_word' id='word_1_510' title='bbox 1675 4993 1759 5061; x_wconf 73' lang='grc' dir='ltr'><strong>μὴ</strong></span> 
     </span>
    </p>
   </div>
   <div class='ocr_carea' id='block_1_72' title="bbox 202 5079 1762 5155">
    <p class='ocr_par' dir='ltr' id='par_1_72' title="bbox 202 5079 1762 5155">
     <span class='ocr_line' id='line_1_72' title="bbox 202 5079 1762 5155; baseline 0.004 -26"><span class='ocrx_word' id='word_1_511' title='bbox 202 5080 425 5144; x_wconf 57' lang='lat' dir='ltr'><strong>aldine</strong></span> <span class='ocrx_word' id='word_1_512' title='bbox 457 5079 561 5143; x_wconf 78' lang='grc' dir='ltr'><strong>τὰς</strong></span> <span class='ocrx_word' id='word_1_513' title='bbox 590 5079 848 5146; x_wconf 63' lang='grc' dir='ltr'><strong>Γραφάς·</strong></span> <span class='ocrx_word' id='word_1_514' title='bbox 882 5082 993 5142; x_wconf 81' lang='grc' dir='ltr'><strong>τοῖς</strong></span> <span class='ocrx_word' id='word_1_515' title='bbox 1041 5079 1097 5132; x_wconf 75' lang='grc' dir='ltr'><strong>δὲ</strong></span> <span class='ocrx_word' id='word_1_516' title='bbox 1157 5080 1421 5142; x_wconf 83' lang='grc' dir='ltr'><strong>Ἰουδαίοις</strong></span> <span class='ocrx_word' id='word_1_517' title='bbox 1623 5101 1762 5155; x_wconf 85' lang='grc' dir='ltr'><strong>παρ-</strong></span> 
     </span>
    </p>
   </div>
   <div class='ocr_carea' id='block_1_73' title="bbox 203 5168 1758 5237">
    <p class='ocr_par' dir='ltr' id='par_1_73' title="bbox 203 5168 1758 5237">
     <span class='ocr_line' id='line_1_73' title="bbox 203 5168 1758 5237; baseline 0.008 -21"><span class='ocrx_word' id='word_1_518' title='bbox 203 5168 340 5234; x_wconf 69' lang='grc' dir='ltr'><strong>ῄνει·</strong></span> <span class='ocrx_word' id='word_1_519' title='bbox 413 5168 716 5234; x_wconf 73' lang='grc' dir='ltr'><strong>Ἐρευνᾶτε</strong></span> <span class='ocrx_word' id='word_1_520' title='bbox 747 5171 850 5233; x_wconf 79' lang='grc' dir='ltr'><strong>τὰς</strong></span> <span class='ocrx_word' id='word_1_521' title='bbox 883 5170 1143 5237; x_wconf 64' lang='grc' dir='ltr'><strong>Γραφάς·</strong></span> <span class='ocrx_word' id='word_1_522' title='bbox 1179 5171 1265 5222; x_wconf 78' lang='grc' dir='ltr'><strong>ὅτι</strong></span> <span class='ocrx_word' id='word_1_523' title='bbox 1298 5174 1472 5225; x_wconf 69' lang='lat' dir='ltr'><strong>acta!</strong></span> <span class='ocrx_word' id='word_1_524' title='bbox 1518 5177 1675 5226; x_wconf 77' lang='grc' dir='ltr'><strong>εἰσιν</strong></span> <span class='ocrx_word' id='word_1_525' title='bbox 1702 5180 1758 5229; x_wconf 80' lang='lat' dir='ltr'><strong><em>al</em></strong></span> 
     </span>
    </p>
   </div>
   <div class='ocr_carea' id='block_1_74' title="bbox 198 5257 1760 5328">
    <p class='ocr_par' dir='ltr' id='par_1_74' title="bbox 198 5257 1760 5328">
     <span class='ocr_line' id='line_1_74' title="bbox 198 5257 1760 5328; baseline 0.007 -22"><span class='ocrx_word' id='word_1_526' title='bbox 198 5257 604 5322; x_wconf 67' lang='grc' dir='ltr'><strong>μηρτιιροῦσαι</strong></span> <span class='ocrx_word' id='word_1_527' title='bbox 662 5259 789 5323; x_wconf 76' lang='grc' dir='ltr'><strong>περὶ</strong></span> <span class='ocrx_word' id='word_1_528' title='bbox 849 5259 1011 5325; x_wconf 83' lang='grc' dir='ltr'><strong>ἐμοῦ.</strong></span> <span class='ocrx_word' id='word_1_529' title='bbox 1055 5259 1190 5312; x_wconf 85' lang='grc' dir='ltr'><strong>Ἀλλ’</strong></span> <span class='ocrx_word' id='word_1_530' title='bbox 1225 5260 1386 5313; x_wconf 83' lang='grc' dir='ltr'><strong>ἓνεκά</strong></span> <span class='ocrx_word' id='word_1_531' title='bbox 1435 5280 1495 5328; x_wconf 85' lang='grc' dir='ltr'><strong>γε</strong></span> <span class='ocrx_word' id='word_1_532' title='bbox 1522 5265 1760 5328; x_wconf 81' lang='grc' dir='ltr'><strong>πλείονος</strong></span> 
     </span>
    </p>
   </div>
   <div class='ocr_carea' id='block_1_75' title="bbox 204 5346 1755 5419">
    <p class='ocr_par' dir='ltr' id='par_1_75' title="bbox 204 5346 1755 5419">
     <span class='ocr_line' id='line_1_75' title="bbox 204 5346 1755 5419; baseline 0.006 -23"><span class='ocrx_word' id='word_1_533' title='bbox 204 5346 482 5414; x_wconf 80' lang='grc' dir='ltr'><strong>ἀκριϐείας</strong></span> <span class='ocrx_word' id='word_1_534' title='bbox 506 5346 832 5416; x_wconf 81' lang='grc' dir='ltr'><strong>προστίθημι</strong></span> <span class='ocrx_word' id='word_1_535' title='bbox 863 5349 955 5400; x_wconf 75' lang='grc' dir='ltr'><strong>καὶ</strong></span> <span class='ocrx_word' id='word_1_536' title='bbox 987 5348 1140 5401; x_wconf 81' lang='grc' dir='ltr'><strong>τοῦτο</strong></span> <span class='ocrx_word' id='word_1_537' title='bbox 1174 5350 1396 5418; x_wconf 73' lang='grc' dir='ltr'><strong>γράφων</strong></span> <span class='ocrx_word' id='word_1_538' title='bbox 1428 5352 1755 5419; x_wconf 77' lang='grc' dir='ltr'><strong>ἀναγκαίως,</strong></span> 
     </span>
    </p>
   </div>
   <div class='ocr_carea' id='block_1_76' title="bbox 444 5434 1753 5503">
    <p class='ocr_par' dir='ltr' id='par_1_76' title="bbox 444 5434 1753 5503">
     <span class='ocr_line' id='line_1_76' title="bbox 444 5434 1753 5503; baseline 0.006 -19"><span class='ocrx_word' id='word_1_539' title='bbox 444 5434 522 5484; x_wconf 85' lang='grc' dir='ltr'><strong>ὃτι</strong></span> <span class='ocrx_word' id='word_1_540' title='bbox 549 5435 662 5486; x_wconf 71' lang='grc' dir='ltr'><strong>ἐστὶ</strong></span> <span class='ocrx_word' id='word_1_541' title='bbox 694 5435 786 5485; x_wconf 79' lang='grc' dir='ltr'><strong>καὶ</strong></span> <span class='ocrx_word' id='word_1_542' title='bbox 813 5435 973 5503; x_wconf 75' lang='grc' dir='ltr'><strong>ἕτερα</strong></span> <span class='ocrx_word' id='word_1_543' title='bbox 1022 5435 1199 5502; x_wconf 83' lang='grc' dir='ltr'><strong>βιϐλία</strong></span> <span class='ocrx_word' id='word_1_544' title='bbox 1226 5436 1425 5488; x_wconf 76' lang='grc' dir='ltr'><strong>τούτων</strong></span> <span class='ocrx_word' id='word_1_545' title='bbox 1459 5434 1669 5501; x_wconf 76' lang='grc' dir='ltr'><strong>ἔξωθεν·</strong></span> <span class='ocrx_word' id='word_1_546' title='bbox 1696 5443 1753 5492; x_wconf 87' lang='grc' dir='ltr'><strong>ού</strong></span> 
     </span>
    </p>
   </div>
   <div class='ocr_carea' id='block_1_77' title="bbox 204 5513 1753 5596">
    <p class='ocr_par' dir='ltr' id='par_1_77' title="bbox 204 5513 1753 5596">
     <span class='ocr_line' id='line_1_77' title="bbox 204 5513 1753 5596; baseline 0.005 -22"><span class='ocrx_word' id='word_1_547' title='bbox 204 5523 585 5592; x_wconf 73' lang='grc' dir='ltr'><strong>κανονιζόμενα</strong></span> <span class='ocrx_word' id='word_1_548' title='bbox 621 5525 740 5593; x_wconf 86' lang='grc' dir='ltr'><strong>μὲν,</strong></span> <span class='ocrx_word' id='word_1_549' title='bbox 784 5513 1136 5594; x_wconf 78' lang='grc' dir='ltr'><strong>τετυπωμένα</strong></span> <span class='ocrx_word' id='word_1_550' title='bbox 1164 5525 1219 5578; x_wconf 81' lang='grc' dir='ltr'><strong>δὲ</strong></span> <span class='ocrx_word' id='word_1_551' title='bbox 1247 5527 1393 5596; x_wconf 67' lang='grc' dir='ltr'><strong>παρὰ</strong></span> <span class='ocrx_word' id='word_1_552' title='bbox 1444 5529 1549 5579; x_wconf 72' lang='grc' dir='ltr'><strong>τῶν</strong></span> <span class='ocrx_word' id='word_1_553' title='bbox 1586 5531 1753 5582; x_wconf 80' lang='grc' dir='ltr'><strong>Πατέ-</strong></span> 
     </span>
    </p>
   </div>
   <div class='ocr_carea' id='block_1_78' title="bbox 202 5432 276 5492">
    <p class='ocr_par' dir='ltr' id='par_1_78' title="bbox 202 5432 276 5492">
     <span class='ocr_line' id='line_1_78' title="bbox 202 5432 276 5492; baseline 0 -12"><span class='ocrx_word' id='word_1_554' title='bbox 202 5432 276 5492; x_wconf 79' lang='grc' dir='ltr'><strong>ὡς</strong></span> 
     </span>
    </p>
   </div>
   <div class='ocr_carea' id='block_1_79' title="bbox 288 5713 1274 5790">
    <p class='ocr_par' dir='ltr' id='par_1_79' title="bbox 288 5713 1274 5790">
     <span class='ocr_line' id='line_1_79' title="bbox 288 5713 1274 5790; baseline 0.012 -22"><span class='ocrx_word' id='word_1_555' title='bbox 288 5713 300 5744; x_wconf 87' lang='grc'>¹</span> <span class='ocrx_word' id='word_1_556' title='bbox 333 5715 517 5771; x_wconf 71' lang='grc' dir='ltr'><strong>Μειῖιὴ.</strong></span> <span class='ocrx_word' id='word_1_557' title='bbox 555 5716 796 5782; x_wconf 66' lang='lat'><strong>1311,29.</strong></span> <span class='ocrx_word' id='word_1_558' title='bbox 873 5722 891 5753; x_wconf 83' lang='grc'>³</span> <span class='ocrx_word' id='word_1_559' title='bbox 927 5719 1077 5776; x_wconf 80' lang='lat' dir='ltr'><strong>Joan.</strong></span> <span class='ocrx_word' id='word_1_560' title='bbox 1107 5742 1153 5790; x_wconf 78' lang='grc' dir='ltr'><strong>ν,</strong></span> <span class='ocrx_word' id='word_1_561' title='bbox 1185 5726 1274 5780; x_wconf 80' lang='grc'><strong>59.</strong></span> 
     </span>
    </p>
   </div>
   <div class='ocr_carea' id='block_1_80' title="bbox 1891 1944 3443 2015">
    <p class='ocr_par' dir='ltr' id='par_1_80' title="bbox 1891 1944 3443 2015">
     <span class='ocr_line' id='line_1_80' title="bbox 1891 1944 3443 2015; baseline 0.002 -19"><span class='ocrx_word' id='word_1_562' title='bbox 1891 1955 1943 1997; x_wconf 78' lang='lat' dir='ltr'><strong>et</strong></span> <span class='ocrx_word' id='word_1_563' title='bbox 1983 1955 2164 2013; x_wconf 78' lang='lat' dir='ltr'><strong>postea</strong></span> <span class='ocrx_word' id='word_1_564' title='bbox 2192 1944 2355 1998; x_wconf 72' lang='lat' dir='ltr'><strong>Ruth.</strong></span> <span class='ocrx_word' id='word_1_565' title='bbox 2387 1944 2522 2000; x_wconf 83' lang='lat' dir='ltr'><strong>Hinc</strong></span> <span class='ocrx_word' id='word_1_566' title='bbox 2560 1961 2776 1999; x_wconf 89' lang='lat' dir='ltr'><strong>rursum</strong></span> <span class='ocrx_word' id='word_1_567' title='bbox 2819 1944 3127 2014; x_wconf 81' lang='lat' dir='ltr'><strong>Regnorum</strong></span> <span class='ocrx_word' id='word_1_568' title='bbox 3167 1947 3286 1999; x_wconf 82' lang='lat' dir='ltr'><strong>libri</strong></span> <span class='ocrx_word' id='word_1_569' title='bbox 3310 1961 3443 2015; x_wconf 86' lang='lat' dir='ltr'><strong>qua-</strong></span> 
     </span>
    </p>
   </div>
   <div class='ocr_carea' id='block_1_81' title="bbox 1889 2033 3442 2103">
    <p class='ocr_par' dir='ltr' id='par_1_81' title="bbox 1889 2033 3442 2103">
     <span class='ocr_line' id='line_1_81' title="bbox 1889 2033 3442 2103; baseline 0 -17"><span class='ocrx_word' id='word_1_570' title='bbox 1889 2042 2009 2086; x_wconf 89' lang='lat' dir='ltr'><strong>tuor</strong></span> <span class='ocrx_word' id='word_1_571' title='bbox 2043 2052 2056 2087; x_wconf 88' lang='lat'><strong>:</strong></span> <span class='ocrx_word' id='word_1_572' title='bbox 2089 2049 2153 2088; x_wconf 84' lang='lat' dir='ltr'><strong>ex</strong></span> <span class='ocrx_word' id='word_1_573' title='bbox 2179 2036 2375 2103; x_wconf 80' lang='lat' dir='ltr'><strong>quibus</strong></span> <span class='ocrx_word' id='word_1_574' title='bbox 2421 2037 2628 2103; x_wconf 88' lang='lat' dir='ltr'><strong>primus</strong></span> <span class='ocrx_word' id='word_1_575' title='bbox 2653 2043 2705 2086; x_wconf 89' lang='lat' dir='ltr'><strong>et</strong></span> <span class='ocrx_word' id='word_1_576' title='bbox 2740 2033 3009 2086; x_wconf 87' lang='lat' dir='ltr'><strong>secundus</strong></span> <span class='ocrx_word' id='word_1_577' title='bbox 3073 2048 3169 2102; x_wconf 87' lang='lat' dir='ltr'><strong>pro</strong></span> <span class='ocrx_word' id='word_1_578' title='bbox 3202 2049 3308 2086; x_wconf 86' lang='lat' dir='ltr'><strong>uno</strong></span> <span class='ocrx_word' id='word_1_579' title='bbox 3336 2048 3442 2089; x_wconf 82' lang='lat' dir='ltr'><strong>nu-</strong></span> 
     </span>
    </p>
   </div>
   <div class='ocr_carea' id='block_1_82' title="bbox 1891 2125 3442 2193">
    <p class='ocr_par' dir='ltr' id='par_1_82' title="bbox 1891 2125 3442 2193">
     <span class='ocr_line' id='line_1_82' title="bbox 1891 2125 3442 2193; baseline 0.001 -15"><span class='ocrx_word' id='word_1_580' title='bbox 1891 2127 2343 2193; x_wconf 87' lang='lat' dir='ltr'><strong>meranturlibro;</strong></span> <span class='ocrx_word' id='word_1_581' title='bbox 2401 2127 2591 2180; x_wconf 88' lang='lat' dir='ltr'><strong>tertius</strong></span> <span class='ocrx_word' id='word_1_582' title='bbox 2622 2134 2676 2179; x_wconf 85' lang='lat' dir='ltr'><strong>et</strong></span> <span class='ocrx_word' id='word_1_583' title='bbox 2716 2133 2943 2193; x_wconf 82' lang='lat' dir='ltr'><strong>quartus</strong></span> <span class='ocrx_word' id='word_1_584' title='bbox 2988 2140 3084 2192; x_wconf 84' lang='lat' dir='ltr'><strong>pro</strong></span> <span class='ocrx_word' id='word_1_585' title='bbox 3115 2139 3223 2177; x_wconf 91' lang='lat' dir='ltr'><strong>uno</strong></span> <span class='ocrx_word' id='word_1_586' title='bbox 3250 2125 3442 2179; x_wconf 83' lang='lat' dir='ltr'><strong>simili-</strong></span> 
     </span>
    </p>
   </div>
   <div class='ocr_carea' id='block_1_83' title="bbox 1890 2213 3442 2282">
    <p class='ocr_par' dir='ltr' id='par_1_83' title="bbox 1890 2213 3442 2282">
     <span class='ocr_line' id='line_1_83' title="bbox 1890 2213 3442 2282; baseline -0.001 -14"><span class='ocrx_word' id='word_1_587' title='bbox 1890 2225 1991 2268; x_wconf 89' lang='lat' dir='ltr'><strong>ter.</strong></span> <span class='ocrx_word' id='word_1_588' title='bbox 2019 2213 2147 2268; x_wconf 81' lang='lat' dir='ltr'><strong>Post</strong></span> <span class='ocrx_word' id='word_1_589' title='bbox 2179 2217 2290 2269; x_wconf 67' lang='lat' dir='ltr'><strong>hanc</strong></span> <span class='ocrx_word' id='word_1_590' title='bbox 2328 2215 2774 2282; x_wconf 82' lang='lat' dir='ltr'><strong>Paralipomenon</strong></span> <span class='ocrx_word' id='word_1_591' title='bbox 2820 2215 3027 2281; x_wconf 88' lang='lat' dir='ltr'><strong>primus</strong></span> <span class='ocrx_word' id='word_1_592' title='bbox 3077 2223 3130 2266; x_wconf 88' lang='lat' dir='ltr'><strong>et</strong></span> <span class='ocrx_word' id='word_1_593' title='bbox 3175 2215 3442 2267; x_wconf 89' lang='lat' dir='ltr'><strong>secundus</strong></span> 
     </span>
    </p>
   </div>
   <div class='ocr_carea' id='block_1_84' title="bbox 1893 2302 3442 2372">
    <p class='ocr_par' dir='ltr' id='par_1_84' title="bbox 1893 2302 3442 2372">
     <span class='ocr_line' id='line_1_84' title="bbox 1893 2302 3442 2372; baseline 0.002 -17"><span class='ocrx_word' id='word_1_594' title='bbox 1893 2319 1987 2369; x_wconf 89' lang='lat' dir='ltr'><strong>pro</strong></span> <span class='ocrx_word' id='word_1_595' title='bbox 2019 2319 2128 2358; x_wconf 92' lang='lat' dir='ltr'><strong>uno</strong></span> <span class='ocrx_word' id='word_1_596' title='bbox 2162 2306 2358 2372; x_wconf 87' lang='lat' dir='ltr'><strong>pariter</strong></span> <span class='ocrx_word' id='word_1_597' title='bbox 2381 2305 2517 2358; x_wconf 83' lang='lat' dir='ltr'><strong>libro</strong></span> <span class='ocrx_word' id='word_1_598' title='bbox 2545 2312 2854 2358; x_wconf 81' lang='lat' dir='ltr'><strong>censentur.</strong></span> <span class='ocrx_word' id='word_1_599' title='bbox 2876 2302 3010 2356; x_wconf 82' lang='lat' dir='ltr'><strong>Hinc</strong></span> <span class='ocrx_word' id='word_1_600' title='bbox 3041 2302 3220 2356; x_wconf 79' lang='lat' dir='ltr'><strong>Esdra:</strong></span> <span class='ocrx_word' id='word_1_601' title='bbox 3241 2305 3442 2370; x_wconf 80' lang='lat' dir='ltr'><strong>primus</strong></span> 
     </span>
    </p>
   </div>
   <div class='ocr_carea' id='block_1_85' title="bbox 1888 2393 3443 2462">
    <p class='ocr_par' dir='ltr' id='par_1_85' title="bbox 1888 2393 3443 2462">
     <span class='ocr_line' id='line_1_85' title="bbox 1888 2393 3443 2462; baseline 0.001 -15"><span class='ocrx_word' id='word_1_602' title='bbox 1888 2404 1941 2447; x_wconf 82' lang='lat' dir='ltr'><strong>et</strong></span> <span class='ocrx_word' id='word_1_603' title='bbox 1991 2395 2293 2455; x_wconf 85' lang='lat' dir='ltr'><strong>secundus,</strong></span> <span class='ocrx_word' id='word_1_604' title='bbox 2360 2410 2457 2462; x_wconf 91' lang='lat' dir='ltr'><strong>pro</strong></span> <span class='ocrx_word' id='word_1_605' title='bbox 2514 2409 2622 2446; x_wconf 92' lang='lat' dir='ltr'><strong>uno</strong></span> <span class='ocrx_word' id='word_1_606' title='bbox 2686 2393 2932 2447; x_wconf 88' lang='lat' dir='ltr'><strong>similiter</strong></span> <span class='ocrx_word' id='word_1_607' title='bbox 2989 2410 3003 2446; x_wconf 91' lang='lat'><strong>:</strong></span> <span class='ocrx_word' id='word_1_608' title='bbox 3075 2402 3255 2458; x_wconf 80' lang='lat' dir='ltr'><strong>postea</strong></span> <span class='ocrx_word' id='word_1_609' title='bbox 3311 2394 3443 2448; x_wconf 87' lang='lat' dir='ltr'><strong>liber</strong></span> 
     </span>
    </p>
   </div>
   <div class='ocr_carea' id='block_1_86' title="bbox 1889 2483 3438 2552">
    <p class='ocr_par' dir='ltr' id='par_1_86' title="bbox 1889 2483 3438 2552">
     <span class='ocr_line' id='line_1_86' title="bbox 1889 2483 3438 2552; baseline 0.001 -16"><span class='ocrx_word' id='word_1_610' title='bbox 1889 2485 2249 2549; x_wconf 84' lang='lat' dir='ltr'><strong>Psalmorum,</strong></span> <span class='ocrx_word' id='word_1_611' title='bbox 2281 2484 2535 2552; x_wconf 73' lang='lat' dir='ltr'><strong>deinceps</strong></span> <span class='ocrx_word' id='word_1_612' title='bbox 2557 2483 2870 2548; x_wconf 66' lang='lat' dir='ltr'><strong>Proverbia,</strong></span> <span class='ocrx_word' id='word_1_613' title='bbox 2905 2493 3016 2537; x_wconf 90' lang='lat' dir='ltr'><strong>tum</strong></span> <span class='ocrx_word' id='word_1_614' title='bbox 3067 2483 3438 2546; x_wconf 71' lang='lat' dir='ltr'><strong>Ecclesiastes,</strong></span> 
     </span>
    </p>
   </div>
   <div class='ocr_carea' id='block_1_87' title="bbox 1887 2574 3441 2644">
    <p class='ocr_par' dir='ltr' id='par_1_87' title="bbox 1887 2574 3441 2644">
     <span class='ocr_line' id='line_1_87' title="bbox 1887 2574 3441 2644; baseline 0.001 -16"><span class='ocrx_word' id='word_1_615' title='bbox 1887 2587 1938 2629; x_wconf 91' lang='lat' dir='ltr'><strong>et</strong></span> <span class='ocrx_word' id='word_1_616' title='bbox 1964 2577 2243 2629; x_wconf 89' lang='lat' dir='ltr'><strong>Canticum</strong></span> <span class='ocrx_word' id='word_1_617' title='bbox 2280 2576 2636 2629; x_wconf 88' lang='lat' dir='ltr'><strong>canticorum.</strong></span> <span class='ocrx_word' id='word_1_618' title='bbox 2671 2575 2748 2628; x_wconf 78' lang='lat' dir='ltr'><strong>Ad</strong></span> <span class='ocrx_word' id='word_1_619' title='bbox 2782 2576 2893 2628; x_wconf 69' lang='lat' dir='ltr'><strong>haec</strong></span> <span class='ocrx_word' id='word_1_620' title='bbox 2939 2574 3060 2640; x_wconf 90' lang='lat' dir='ltr'><strong>Job,</strong></span> <span class='ocrx_word' id='word_1_621' title='bbox 3108 2590 3170 2628; x_wconf 87' lang='lat' dir='ltr'><strong>ac</strong></span> <span class='ocrx_word' id='word_1_622' title='bbox 3193 2576 3441 2644; x_wconf 75' lang='lat' dir='ltr'><strong>deinceps</strong></span> 
     </span>
    </p>
   </div>
   <div class='ocr_carea' id='block_1_88' title="bbox 1887 2665 3440 2736">
    <p class='ocr_par' dir='ltr' id='par_1_88' title="bbox 1887 2665 3440 2736">
     <span class='ocr_line' id='line_1_88' title="bbox 1887 2665 3440 2736; baseline -0.003 -17"><span class='ocrx_word' id='word_1_623' title='bbox 1887 2667 2176 2736; x_wconf 75' lang='lat' dir='ltr'><strong>prophetze,</strong></span> <span class='ocrx_word' id='word_1_624' title='bbox 2208 2682 2272 2720; x_wconf 81' lang='lat' dir='ltr'><strong>ex</strong></span> <span class='ocrx_word' id='word_1_625' title='bbox 2298 2666 2494 2734; x_wconf 86' lang='lat' dir='ltr'><strong>quibus</strong></span> <span class='ocrx_word' id='word_1_626' title='bbox 2515 2665 2794 2718; x_wconf 77' lang='lat' dir='ltr'><strong>duodecim</strong></span> <span class='ocrx_word' id='word_1_627' title='bbox 2828 2679 2924 2733; x_wconf 90' lang='lat' dir='ltr'><strong>pro</strong></span> <span class='ocrx_word' id='word_1_628' title='bbox 2954 2681 3059 2717; x_wconf 92' lang='lat' dir='ltr'><strong>uno</strong></span> <span class='ocrx_word' id='word_1_629' title='bbox 3087 2665 3231 2717; x_wconf 75' lang='lat' dir='ltr'><strong>libro</strong></span> <span class='ocrx_word' id='word_1_630' title='bbox 3255 2681 3440 2718; x_wconf 80' lang='lat' dir='ltr'><strong>nume-</strong></span> 
     </span>
    </p>
   </div>
   <div class='ocr_carea' id='block_1_89' title="bbox 1887 2754 3438 2822">
    <p class='ocr_par' dir='ltr' id='par_1_89' title="bbox 1887 2754 3438 2822">
     <span class='ocr_line' id='line_1_89' title="bbox 1887 2754 3438 2822; baseline -0.002 -13"><span class='ocrx_word' id='word_1_631' title='bbox 1887 2767 2093 2810; x_wconf 84' lang='lat' dir='ltr'><strong>rantur.</strong></span> <span class='ocrx_word' id='word_1_632' title='bbox 2123 2755 2259 2809; x_wconf 84' lang='lat' dir='ltr'><strong>Hinc</strong></span> <span class='ocrx_word' id='word_1_633' title='bbox 2293 2757 2480 2817; x_wconf 86' lang='lat' dir='ltr'><strong>Isaias,</strong></span> <span class='ocrx_word' id='word_1_634' title='bbox 2511 2755 2774 2808; x_wconf 86' lang='lat' dir='ltr'><strong>Jeremias</strong></span> <span class='ocrx_word' id='word_1_635' title='bbox 2813 2764 2865 2808; x_wconf 90' lang='lat' dir='ltr'><strong>et</strong></span> <span class='ocrx_word' id='word_1_636' title='bbox 2893 2771 3012 2808; x_wconf 90' lang='lat' dir='ltr'><strong>cum</strong></span> <span class='ocrx_word' id='word_1_637' title='bbox 3049 2756 3163 2822; x_wconf 89' lang='lat' dir='ltr'><strong>ipso</strong></span> <span class='ocrx_word' id='word_1_638' title='bbox 3205 2754 3438 2819; x_wconf 87' lang='lat' dir='ltr'><strong>Baruch,</strong></span> 
     </span>
    </p>
   </div>
   <div class='ocr_carea' id='block_1_90' title="bbox 1888 2842 3435 2912">
    <p class='ocr_par' dir='ltr' id='par_1_90' title="bbox 1888 2842 3435 2912">
     <span class='ocr_line' id='line_1_90' title="bbox 1888 2842 3435 2912; baseline -0.001 -13"><span class='ocrx_word' id='word_1_639' title='bbox 1888 2847 2343 2906; x_wconf 76' lang='lat' dir='ltr'><strong>Lamentationes,</strong></span> <span class='ocrx_word' id='word_1_640' title='bbox 2405 2842 2639 2912; x_wconf 86' lang='lat' dir='ltr'><strong>Epistola</strong></span> <span class='ocrx_word' id='word_1_641' title='bbox 2677 2861 2691 2898; x_wconf 89' lang='lat'><strong>:</strong></span> <span class='ocrx_word' id='word_1_642' title='bbox 2735 2853 2917 2911; x_wconf 90' lang='lat' dir='ltr'><strong>postea</strong></span> <span class='ocrx_word' id='word_1_643' title='bbox 2969 2843 3212 2898; x_wconf 80' lang='lat' dir='ltr'><strong>Ezechiel</strong></span> <span class='ocrx_word' id='word_1_644' title='bbox 3249 2851 3300 2898; x_wconf 90' lang='lat' dir='ltr'><strong>et</strong></span> <span class='ocrx_word' id='word_1_645' title='bbox 3339 2844 3435 2897; x_wconf 87' lang='lat' dir='ltr'><strong>Da-</strong></span> 
     </span>
    </p>
   </div>
   <div class='ocr_carea' id='block_1_91' title="bbox 1886 2935 3436 2992">
    <p class='ocr_par' dir='ltr' id='par_1_91' title="bbox 1886 2935 3436 2992">
     <span class='ocr_line' id='line_1_91' title="bbox 1886 2935 3436 2992; baseline -0.001 -2"><span class='ocrx_word' id='word_1_646' title='bbox 1886 2939 2012 2991; x_wconf 92' lang='lat' dir='ltr'><strong>niel.</strong></span> <span class='ocrx_word' id='word_1_647' title='bbox 2037 2937 2305 2991; x_wconf 86' lang='lat' dir='ltr'><strong>Hactenus</strong></span> <span class='ocrx_word' id='word_1_648' title='bbox 2331 2935 2534 2990; x_wconf 85' lang='lat' dir='ltr'><strong>Veteris</strong></span> <span class='ocrx_word' id='word_1_649' title='bbox 2564 2935 2887 2992; x_wconf 86' lang='lat' dir='ltr'><strong>Tcstamenti</strong></span> <span class='ocrx_word' id='word_1_650' title='bbox 2918 2937 3056 2989; x_wconf 87' lang='lat' dir='ltr'><strong>libri.</strong></span> <span class='ocrx_word' id='word_1_651' title='bbox 3095 2935 3227 2990; x_wconf 79' lang='lat' dir='ltr'><strong>Novi</strong></span> <span class='ocrx_word' id='word_1_652' title='bbox 3260 2947 3436 2990; x_wconf 90' lang='lat' dir='ltr'><strong>autem</strong></span> 
     </span>
    </p>
   </div>
   <div class='ocr_carea' id='block_1_92' title="bbox 1887 3025 3433 3094">
    <p class='ocr_par' dir='ltr' id='par_1_92' title="bbox 1887 3025 3433 3094">
     <span class='ocr_line' id='line_1_92' title="bbox 1887 3025 3433 3094; baseline 0.001 -16"><span class='ocrx_word' id='word_1_653' title='bbox 1887 3026 2214 3080; x_wconf 85' lang='lat' dir='ltr'><strong>Testamenti</strong></span> <span class='ocrx_word' id='word_1_654' title='bbox 2254 3027 2419 3080; x_wconf 88' lang='lat' dir='ltr'><strong>libros</strong></span> <span class='ocrx_word' id='word_1_655' title='bbox 2462 3026 2661 3080; x_wconf 67' lang='lat' dir='ltr'><strong>referre</strong></span> <span class='ocrx_word' id='word_1_656' title='bbox 2689 3043 2753 3080; x_wconf 88' lang='lat' dir='ltr'><strong>ne</strong></span> <span class='ocrx_word' id='word_1_657' title='bbox 2785 3028 2979 3094; x_wconf 77' lang='lat' dir='ltr'><strong>pigeat.</strong></span> <span class='ocrx_word' id='word_1_658' title='bbox 3012 3025 3147 3080; x_wconf 89' lang='lat' dir='ltr'><strong>Sunt</strong></span> <span class='ocrx_word' id='word_1_659' title='bbox 3180 3027 3319 3080; x_wconf 89' lang='lat' dir='ltr'><strong>enim</strong></span> <span class='ocrx_word' id='word_1_660' title='bbox 3347 3027 3395 3080; x_wconf 88' lang='lat' dir='ltr'><strong>hi</strong></span> <span class='ocrx_word' id='word_1_661' title='bbox 3422 3045 3433 3079; x_wconf 91' lang='lat'>:</span> 
     </span>
    </p>
   </div>
   <div class='ocr_carea' id='block_1_93' title="bbox 1841 3115 3436 3186">
    <p class='ocr_par' dir='ltr' id='par_1_93' title="bbox 1841 3115 3436 3186">
     <span class='ocr_line' id='line_1_93' title="bbox 1841 3115 3436 3186; baseline 0 -18"><span class='ocrx_word' id='word_1_662' title='bbox 1841 3161 1852 3181; x_wconf 84' lang='grc'><strong>,</strong></span> <span class='ocrx_word' id='word_1_663' title='bbox 1887 3116 2172 3186; x_wconf 78' lang='lat' dir='ltr'><strong>Evangelia</strong></span> <span class='ocrx_word' id='word_1_664' title='bbox 2196 3128 2446 3186; x_wconf 83' lang='lat' dir='ltr'><strong>quatuor,</strong></span> <span class='ocrx_word' id='word_1_665' title='bbox 2467 3117 2759 3169; x_wconf 86' lang='lat' dir='ltr'><strong>secundum</strong></span> <span class='ocrx_word' id='word_1_666' title='bbox 2793 3115 3121 3180; x_wconf 66' lang='lat' dir='ltr'><strong>Mattharum,</strong></span> <span class='ocrx_word' id='word_1_667' title='bbox 3143 3119 3436 3170; x_wconf 85' lang='lat' dir='ltr'><strong>secundum</strong></span> 
     </span>
    </p>
   </div>
   <div class='ocr_carea' id='block_1_94' title="bbox 1886 3204 3434 3270">
    <p class='ocr_par' dir='ltr' id='par_1_94' title="bbox 1886 3204 3434 3270">
     <span class='ocr_line' id='line_1_94' title="bbox 1886 3204 3434 3270; baseline 0.001 -13"><span class='ocrx_word' id='word_1_668' title='bbox 1886 3205 2145 3270; x_wconf 82' lang='lat' dir='ltr'><strong>Marcum,</strong></span> <span class='ocrx_word' id='word_1_669' title='bbox 2185 3208 2476 3260; x_wconf 90' lang='lat' dir='ltr'><strong>secundum</strong></span> <span class='ocrx_word' id='word_1_670' title='bbox 2532 3204 2752 3270; x_wconf 88' lang='lat' dir='ltr'><strong>Lucam,</strong></span> <span class='ocrx_word' id='word_1_671' title='bbox 2807 3208 3102 3260; x_wconf 88' lang='lat' dir='ltr'><strong>secundum</strong></span> <span class='ocrx_word' id='word_1_672' title='bbox 3156 3206 3434 3259; x_wconf 85' lang='lat' dir='ltr'><strong>Joannem.</strong></span> 
     </span>
    </p>
   </div>
   <div class='ocr_carea' id='block_1_95' title="bbox 1884 3293 3438 3362">
    <p class='ocr_par' dir='ltr' id='par_1_95' title="bbox 1884 3293 3438 3362">
     <span class='ocr_line' id='line_1_95' title="bbox 1884 3293 3438 3362; baseline 0.004 -18"><span class='ocrx_word' id='word_1_673' title='bbox 1884 3293 2073 3347; x_wconf 78' lang='lat' dir='ltr'><strong>Postea</strong></span> <span class='ocrx_word' id='word_1_674' title='bbox 2125 3295 2252 3346; x_wconf 82' lang='lat' dir='ltr'><strong>Acta</strong></span> <span class='ocrx_word' id='word_1_675' title='bbox 2313 3295 2710 3361; x_wconf 85' lang='lat' dir='ltr'><strong>apostolorum,</strong></span> <span class='ocrx_word' id='word_1_676' title='bbox 2769 3303 2820 3347; x_wconf 91' lang='lat' dir='ltr'><strong>et</strong></span> <span class='ocrx_word' id='word_1_677' title='bbox 2883 3293 3128 3362; x_wconf 68' lang='lat' dir='ltr'><strong>Epistula:</strong></span> <span class='ocrx_word' id='word_1_678' title='bbox 3207 3295 3438 3351; x_wconf 85' lang='lat' dir='ltr'><strong>Catholi-</strong></span> 
     </span>
    </p>
   </div>
   <div class='ocr_carea' id='block_1_96' title="bbox 1885 3383 3435 3454">
    <p class='ocr_par' dir='ltr' id='par_1_96' title="bbox 1885 3383 3435 3454">
     <span class='ocr_line' id='line_1_96' title="bbox 1885 3383 3435 3454; baseline 0.002 -19"><span class='ocrx_word' id='word_1_679' title='bbox 1885 3397 1990 3442; x_wconf 68' lang='lat' dir='ltr'><strong>cae,</strong></span> <span class='ocrx_word' id='word_1_680' title='bbox 2032 3399 2152 3450; x_wconf 70' lang='lat' dir='ltr'><strong>quae</strong></span> <span class='ocrx_word' id='word_1_681' title='bbox 2200 3383 2578 3451; x_wconf 83' lang='lat' dir='ltr'><strong>Apostolorum</strong></span> <span class='ocrx_word' id='word_1_682' title='bbox 2620 3395 2918 3448; x_wconf 85' lang='lat' dir='ltr'><strong>vocantur,</strong></span> <span class='ocrx_word' id='word_1_683' title='bbox 2971 3399 3194 3438; x_wconf 91' lang='lat' dir='ltr'><strong>numero</strong></span> <span class='ocrx_word' id='word_1_684' title='bbox 3231 3398 3435 3454; x_wconf 77' lang='lat' dir='ltr'><strong>septem</strong></span> 
     </span>
    </p>
   </div>
   <div class='ocr_carea' id='block_1_97' title="bbox 1884 3471 3438 3538">
    <p class='ocr_par' dir='ltr' id='par_1_97' title="bbox 1884 3471 3438 3538">
     <span class='ocr_line' id='line_1_97' title="bbox 1884 3471 3438 3538; baseline 0.004 -15"><span class='ocrx_word' id='word_1_685' title='bbox 1884 3487 2094 3538; x_wconf 82' lang='lat' dir='ltr'><strong>nempe,</strong></span> <span class='ocrx_word' id='word_1_686' title='bbox 2129 3471 2310 3526; x_wconf 85' lang='lat' dir='ltr'><strong>Jacobi</strong></span> <span class='ocrx_word' id='word_1_687' title='bbox 2344 3488 2468 3535; x_wconf 89' lang='lat' dir='ltr'><strong>una,</strong></span> <span class='ocrx_word' id='word_1_688' title='bbox 2521 3472 2827 3537; x_wconf 14' lang='lat' dir='ltr'><strong>l’etri‘dure,</strong></span> <span class='ocrx_word' id='word_1_689' title='bbox 2887 3473 3105 3528; x_wconf 86' lang='lat' dir='ltr'><strong>Joannis</strong></span> <span class='ocrx_word' id='word_1_690' title='bbox 3134 3485 3258 3538; x_wconf 86' lang='lat' dir='ltr'><strong>tres,</strong></span> <span class='ocrx_word' id='word_1_691' title='bbox 3287 3475 3438 3530; x_wconf 69' lang='lat' dir='ltr'><strong>Judze</strong></span> 
     </span>
    </p>
   </div>
   <div class='ocr_carea' id='block_1_98' title="bbox 1883 3562 3434 3632">
    <p class='ocr_par' dir='ltr' id='par_1_98' title="bbox 1883 3562 3434 3632">
     <span class='ocr_line' id='line_1_98' title="bbox 1883 3562 3434 3632; baseline 0.004 -19"><span class='ocrx_word' id='word_1_692' title='bbox 1883 3577 2010 3614; x_wconf 88' lang='lat' dir='ltr'><strong>una.</strong></span> <span class='ocrx_word' id='word_1_693' title='bbox 2066 3562 2141 3614; x_wconf 84' lang='lat' dir='ltr'><strong>Ad</strong></span> <span class='ocrx_word' id='word_1_694' title='bbox 2194 3563 2306 3615; x_wconf 63' lang='lat' dir='ltr'><strong>haec</strong></span> <span class='ocrx_word' id='word_1_695' title='bbox 2358 3562 2509 3617; x_wconf 87' lang='lat' dir='ltr'><strong>Pauli</strong></span> <span class='ocrx_word' id='word_1_696' title='bbox 2572 3565 2800 3632; x_wconf 83' lang='lat' dir='ltr'><strong>apostoli</strong></span> <span class='ocrx_word' id='word_1_697' title='bbox 2851 3565 3254 3632; x_wconf 79' lang='lat' dir='ltr'><strong>quatuordecitn</strong></span> <span class='ocrx_word' id='word_1_698' title='bbox 3308 3577 3434 3619; x_wconf 89' lang='lat' dir='ltr'><strong>sunt</strong></span> 
     </span>
    </p>
   </div>
   <div class='ocr_carea' id='block_1_99' title="bbox 1882 3649 3436 3722">
    <p class='ocr_par' dir='ltr' id='par_1_99' title="bbox 1882 3649 3436 3722">
     <span class='ocr_line' id='line_1_99' title="bbox 1882 3649 3436 3722; baseline 0.006 -21"><span class='ocrx_word' id='word_1_699' title='bbox 1882 3649 2154 3717; x_wconf 71' lang='lat' dir='ltr'><strong>Epistolaa,</strong></span> <span class='ocrx_word' id='word_1_700' title='bbox 2209 3654 2287 3705; x_wconf 90' lang='lat' dir='ltr'><strong>sic</strong></span> <span class='ocrx_word' id='word_1_701' title='bbox 2340 3654 2526 3706; x_wconf 89' lang='lat' dir='ltr'><strong>ordine</strong></span> <span class='ocrx_word' id='word_1_702' title='bbox 2579 3656 2898 3721; x_wconf 72' lang='lat' dir='ltr'><strong>descriptae:</strong></span> <span class='ocrx_word' id='word_1_703' title='bbox 2959 3656 3153 3722; x_wconf 82' lang='lat' dir='ltr'><strong>prima,</strong></span> <span class='ocrx_word' id='word_1_704' title='bbox 3217 3657 3278 3711; x_wconf 78' lang='lat' dir='ltr'><strong>ad</strong></span> <span class='ocrx_word' id='word_1_705' title='bbox 3326 3655 3436 3711; x_wconf 75' lang='lat' dir='ltr'><strong>Ro-</strong></span> 
     </span>
    </p>
   </div>
   <div class='ocr_carea' id='block_1_100' title="bbox 1879 3739 3428 3804">
    <p class='ocr_par' dir='ltr' id='par_1_100' title="bbox 1879 3739 3428 3804">
     <span class='ocr_line' id='line_1_100' title="bbox 1879 3739 3428 3804; baseline 0.003 -14"><span class='ocrx_word' id='word_1_706' title='bbox 1879 3752 2071 3791; x_wconf 71' lang='lat' dir='ltr'><strong>manos</strong></span> <span class='ocrx_word' id='word_1_707' title='bbox 2102 3757 2113 3790; x_wconf 93' lang='lat'>:</span> <span class='ocrx_word' id='word_1_708' title='bbox 2161 3749 2271 3791; x_wconf 91' lang='lat' dir='ltr'><strong>tum</strong></span> <span class='ocrx_word' id='word_1_709' title='bbox 2317 3739 2436 3792; x_wconf 67' lang='lat' dir='ltr'><strong>dua:</strong></span> <span class='ocrx_word' id='word_1_710' title='bbox 2489 3739 2552 3791; x_wconf 86' lang='lat' dir='ltr'><strong>ad</strong></span> <span class='ocrx_word' id='word_1_711' title='bbox 2583 3739 2890 3793; x_wconf 85' lang='lat' dir='ltr'><strong>Corinthios</strong></span> <span class='ocrx_word' id='word_1_712' title='bbox 2925 3758 2936 3792; x_wconf 92' lang='lat'>:</span> <span class='ocrx_word' id='word_1_713' title='bbox 2970 3740 3184 3804; x_wconf 81' lang='lat' dir='ltr'><strong>dehinc,</strong></span> <span class='ocrx_word' id='word_1_714' title='bbox 3237 3745 3300 3795; x_wconf 88' lang='lat' dir='ltr'><strong>ad</strong></span> <span class='ocrx_word' id='word_1_715' title='bbox 3333 3742 3428 3796; x_wconf 84' lang='lat' dir='ltr'><strong>Ca-</strong></span> 
     </span>
    </p>
   </div>
   <div class='ocr_carea' id='block_1_101' title="bbox 1879 3827 3435 3901">
    <p class='ocr_par' dir='ltr' id='par_1_101' title="bbox 1879 3827 3435 3901">
     <span class='ocr_line' id='line_1_101' title="bbox 1879 3827 3435 3901; baseline 0.004 -21"><span class='ocrx_word' id='word_1_716' title='bbox 1879 3827 2051 3882; x_wconf 85' lang='lat' dir='ltr'><strong>latas:</strong></span> <span class='ocrx_word' id='word_1_717' title='bbox 2085 3838 2293 3896; x_wconf 78' lang='lat' dir='ltr'><strong>postea,</strong></span> <span class='ocrx_word' id='word_1_718' title='bbox 2351 3831 2415 3882; x_wconf 85' lang='lat' dir='ltr'><strong>ad</strong></span> <span class='ocrx_word' id='word_1_719' title='bbox 2465 3829 2724 3898; x_wconf 85' lang='lat' dir='ltr'><strong>Ephesios</strong></span> <span class='ocrx_word' id='word_1_720' title='bbox 2764 3848 2776 3881; x_wconf 95' lang='lat'>:</span> <span class='ocrx_word' id='word_1_721' title='bbox 2827 3830 3073 3897; x_wconf 84' lang='lat' dir='ltr'><strong>deindc,_</strong></span> <span class='ocrx_word' id='word_1_722' title='bbox 3113 3833 3176 3885; x_wconf 83' lang='lat' dir='ltr'><strong>ad</strong></span> <span class='ocrx_word' id='word_1_723' title='bbox 3233 3832 3435 3901; x_wconf 73' lang='lat' dir='ltr'><strong>Philip-</strong></span> 
     </span>
    </p>
   </div>
   <div class='ocr_carea' id='block_1_102' title="bbox 1879 3919 3434 3990">
    <p class='ocr_par' dir='ltr' id='par_1_102' title="bbox 1879 3919 3434 3990">
     <span class='ocr_line' id='line_1_102' title="bbox 1879 3919 3434 3990; baseline 0.006 -20"><span class='ocrx_word' id='word_1_724' title='bbox 1879 3934 2104 3986; x_wconf 89' lang='lat' dir='ltr'><strong>penscs:</strong></span> <span class='ocrx_word' id='word_1_725' title='bbox 2137 3929 2271 3982; x_wconf 83' lang='lat' dir='ltr'><strong>tum,</strong></span> <span class='ocrx_word' id='word_1_726' title='bbox 2333 3921 2397 3971; x_wconf 89' lang='lat' dir='ltr'><strong>ad</strong></span> <span class='ocrx_word' id='word_1_727' title='bbox 2446 3919 2844 3973; x_wconf 79' lang='lat' dir='ltr'><strong>Colosscnses:</strong></span> <span class='ocrx_word' id='word_1_728' title='bbox 2902 3932 3108 3990; x_wconf 76' lang='lat' dir='ltr'><strong>postea,</strong></span> <span class='ocrx_word' id='word_1_729' title='bbox 3169 3925 3230 3976; x_wconf 88' lang='lat' dir='ltr'><strong>ad</strong></span> <span class='ocrx_word' id='word_1_730' title='bbox 3262 3922 3434 3979; x_wconf 51' lang='lat' dir='ltr'><strong>&#39;l&#39;hcse</strong></span> 
     </span>
    </p>
   </div>
   <div class='ocr_carea' id='block_1_103' title="bbox 1879 4008 3432 4081">
    <p class='ocr_par' dir='ltr' id='par_1_103' title="bbox 1879 4008 3432 4081">
     <span class='ocr_line' id='line_1_103' title="bbox 1879 4008 3432 4081; baseline 0.003 -18"><span class='ocrx_word' id='word_1_731' title='bbox 1879 4008 2246 4063; x_wconf 84' lang='lat' dir='ltr'><strong>salonicenses</strong></span> <span class='ocrx_word' id='word_1_732' title='bbox 2275 4008 2413 4070; x_wconf 75' lang='lat' dir='ltr'><strong>duae,</strong></span> <span class='ocrx_word' id='word_1_733' title='bbox 2438 4017 2490 4060; x_wconf 93' lang='lat' dir='ltr'><strong>et</strong></span> <span class='ocrx_word' id='word_1_734' title='bbox 2513 4023 2572 4061; x_wconf 89' lang='lat' dir='ltr'><strong>ca</strong></span> <span class='ocrx_word' id='word_1_735' title='bbox 2605 4024 2724 4075; x_wconf 61' lang='lat' dir='ltr'><strong>qute</strong></span> <span class='ocrx_word' id='word_1_736' title='bbox 2755 4011 2819 4063; x_wconf 89' lang='lat' dir='ltr'><strong>ad</strong></span> <span class='ocrx_word' id='word_1_737' title='bbox 2855 4009 3105 4065; x_wconf 55' lang='lat' dir='ltr'><strong>Hebraeos</strong></span> <span class='ocrx_word' id='word_1_738' title='bbox 3144 4013 3432 4081; x_wconf 72' lang='lat' dir='ltr'><strong>dirigitur:</strong></span> 
     </span>
    </p>
   </div>
   <div class='ocr_carea' id='block_1_104' title="bbox 1876 4098 3430 4158">
    <p class='ocr_par' dir='ltr' id='par_1_104' title="bbox 1876 4098 3430 4158">
     <span class='ocr_line' id='line_1_104' title="bbox 1876 4098 3430 4158; baseline 0.004 -5"><span class='ocrx_word' id='word_1_739' title='bbox 1876 4101 2069 4153; x_wconf 89' lang='lat' dir='ltr'><strong>deinde</strong></span> <span class='ocrx_word' id='word_1_740' title='bbox 2098 4100 2162 4152; x_wconf 91' lang='lat' dir='ltr'><strong>ad</strong></span> <span class='ocrx_word' id='word_1_741' title='bbox 2208 4098 2548 4151; x_wconf 91' lang='lat' dir='ltr'><strong>Timotheum</strong></span> <span class='ocrx_word' id='word_1_742' title='bbox 2586 4101 2702 4155; x_wconf 70' lang='lat' dir='ltr'><strong>dum</strong></span> <span class='ocrx_word' id='word_1_743' title='bbox 2737 4104 2854 4156; x_wconf 74' lang='lat' dir='ltr'><strong>:‘ad</strong></span> <span class='ocrx_word' id='word_1_744' title='bbox 2908 4102 3088 4155; x_wconf 90' lang='lat' dir='ltr'><strong>Titum</strong></span> <span class='ocrx_word' id='word_1_745' title='bbox 3154 4100 3296 4157; x_wconf 68' lang='lat' dir='ltr'><strong>una&#39;:</strong></span> <span class='ocrx_word' id='word_1_746' title='bbox 3349 4107 3430 4158; x_wconf 76' lang='grc' dir='ltr'><strong>υι-</strong></span> 
     </span>
    </p>
   </div>
   <div class='ocr_carea' id='block_1_105' title="bbox 1877 4189 3432 4266">
    <p class='ocr_par' dir='ltr' id='par_1_105' title="bbox 1877 4189 3432 4266">
     <span class='ocr_line' id='line_1_105' title="bbox 1877 4189 3432 4266; baseline 0.003 -23"><span class='ocrx_word' id='word_1_747' title='bbox 1877 4189 2030 4252; x_wconf 87' lang='lat' dir='ltr'><strong>tirno,</strong></span> <span class='ocrx_word' id='word_1_748' title='bbox 2067 4189 2131 4242; x_wconf 93' lang='lat' dir='ltr'><strong>ad</strong></span> <span class='ocrx_word' id='word_1_749' title='bbox 2162 4189 2529 4241; x_wconf 80' lang='lat' dir='ltr'><strong>Philemonem</strong></span> <span class='ocrx_word' id='word_1_750' title='bbox 2569 4205 2679 4245; x_wconf 87' lang='lat' dir='ltr'><strong>una</strong></span> <span class='ocrx_word' id='word_1_751' title='bbox 2707 4209 2718 4244; x_wconf 91' lang='lat'><strong>:</strong></span> <span class='ocrx_word' id='word_1_752' title='bbox 2773 4192 2838 4246; x_wconf 89' lang='lat' dir='ltr'><strong>ad</strong></span> <span class='ocrx_word' id='word_1_753' title='bbox 2899 4195 3010 4247; x_wconf 76' lang='lat' dir='ltr'><strong>haec</strong></span> <span class='ocrx_word' id='word_1_754' title='bbox 3039 4193 3263 4248; x_wconf 90' lang='lat' dir='ltr'><strong>Joannis</strong></span> <span class='ocrx_word' id='word_1_755' title='bbox 3289 4197 3432 4266; x_wconf 81' lang='lat' dir='ltr'><strong>Apo-</strong></span> 
     </span>
    </p>
   </div>
   <div class='ocr_carea' id='block_1_106' title="bbox 1873 4279 3428 4351">
    <p class='ocr_par' dir='ltr' id='par_1_106' title="bbox 1873 4279 3428 4351">
     <span class='ocr_line' id='line_1_106' title="bbox 1873 4279 3428 4351; baseline 0.005 -17"><span class='ocrx_word' id='word_1_756' title='bbox 1873 4281 2122 4350; x_wconf 85' lang='lat' dir='ltr'><strong>calypsis.</strong></span> <span class='ocrx_word' id='word_1_757' title='bbox 2163 4279 2224 4333; x_wconf 79' lang='lat' dir='ltr'><strong>lli</strong></span> <span class='ocrx_word' id='word_1_758' title='bbox 2255 4289 2380 4333; x_wconf 91' lang='lat' dir='ltr'><strong>sunt</strong></span> <span class='ocrx_word' id='word_1_759' title='bbox 2411 4282 2602 4336; x_wconf 89' lang='lat' dir='ltr'><strong>salutis</strong></span> <span class='ocrx_word' id='word_1_760' title='bbox 2630 4281 2825 4347; x_wconf 84' lang='lat' dir='ltr'><strong>fontes,</strong></span> <span class='ocrx_word' id='word_1_761' title='bbox 2875 4293 2929 4336; x_wconf 91' lang='lat' dir='ltr'><strong>ut</strong></span> <span class='ocrx_word' id='word_1_762' title='bbox 2962 4286 3050 4351; x_wconf 90' lang='lat' dir='ltr'><strong>qui</strong></span> <span class='ocrx_word' id='word_1_763' title='bbox 3070 4285 3216 4349; x_wconf 85' lang='lat' dir='ltr'><strong>sitit,</strong></span> <span class='ocrx_word' id='word_1_764' title='bbox 3241 4300 3428 4341; x_wconf 88' lang='lat' dir='ltr'><strong>eorum</strong></span> 
     </span>
    </p>
   </div>
   <div class='ocr_carea' id='block_1_107' title="bbox 1873 4372 3426 4443">
    <p class='ocr_par' dir='ltr' id='par_1_107' title="bbox 1873 4372 3426 4443">
     <span class='ocr_line' id='line_1_107' title="bbox 1873 4372 3426 4443; baseline 0.005 -17"><span class='ocrx_word' id='word_1_765' title='bbox 1873 4372 2102 4440; x_wconf 85' lang='lat' dir='ltr'><strong>eloquiis</strong></span> <span class='ocrx_word' id='word_1_766' title='bbox 2150 4374 2477 4442; x_wconf 84' lang='lat' dir='ltr'><strong>impleatur:</strong></span> <span class='ocrx_word' id='word_1_767' title='bbox 2532 4375 2584 4428; x_wconf 91' lang='lat' dir='ltr'><strong>in</strong></span> <span class='ocrx_word' id='word_1_768' title='bbox 2649 4375 2732 4429; x_wconf 90' lang='lat' dir='ltr'><strong>his</strong></span> <span class='ocrx_word' id='word_1_769' title='bbox 2767 4375 2895 4429; x_wconf 90' lang='lat' dir='ltr'><strong>solis</strong></span> <span class='ocrx_word' id='word_1_770' title='bbox 2936 4376 3147 4443; x_wconf 88' lang='lat' dir='ltr'><strong>pietatis</strong></span> <span class='ocrx_word' id='word_1_771' title='bbox 3184 4377 3426 4434; x_wconf 64' lang='lat' dir='ltr'><strong>doctrina</strong></span> 
     </span>
    </p>
   </div>
   <div class='ocr_carea' id='block_1_108' title="bbox 1870 4551 3425 4623">
    <p class='ocr_par' dir='ltr' id='par_1_108' title="bbox 1870 4551 3425 4623">
     <span class='ocr_line' id='line_1_108' title="bbox 1870 4551 3425 4623; baseline 0.004 -19"><span class='ocrx_word' id='word_1_772' title='bbox 1870 4551 2134 4606; x_wconf 87' lang='lat' dir='ltr'><strong>detrahat.</strong></span> <span class='ocrx_word' id='word_1_773' title='bbox 2176 4552 2247 4605; x_wconf 89' lang='lat' dir='ltr'><strong>De</strong></span> <span class='ocrx_word' id='word_1_774' title='bbox 2294 4553 2374 4608; x_wconf 92' lang='lat' dir='ltr'><strong>his</strong></span> <span class='ocrx_word' id='word_1_775' title='bbox 2428 4553 2689 4608; x_wconf 87' lang='lat' dir='ltr'><strong>Dominus</strong></span> <span class='ocrx_word' id='word_1_776' title='bbox 2722 4553 3044 4609; x_wconf 66' lang='lat' dir='ltr'><strong>Sadduczcos</strong></span> <span class='ocrx_word' id='word_1_777' title='bbox 3070 4555 3270 4623; x_wconf 81' lang='lat' dir='ltr'><strong>pudOrc</strong></span> <span class='ocrx_word' id='word_1_778' title='bbox 3311 4558 3425 4610; x_wconf 83' lang='lat' dir='ltr'><strong>alii-</strong></span> 
     </span>
    </p>
   </div>
   <div class='ocr_carea' id='block_1_109' title="bbox 1867 4642 3425 4712">
    <p class='ocr_par' dir='ltr' id='par_1_109' title="bbox 1867 4642 3425 4712">
     <span class='ocr_line' id='line_1_109' title="bbox 1867 4642 3425 4712; baseline 0.003 -16"><span class='ocrx_word' id='word_1_779' title='bbox 1867 4642 2061 4706; x_wconf 89' lang='lat' dir='ltr'><strong>ciebat,</strong></span> <span class='ocrx_word' id='word_1_780' title='bbox 2088 4643 2170 4696; x_wconf 88' lang='lat' dir='ltr'><strong>his</strong></span> <span class='ocrx_word' id='word_1_781' title='bbox 2200 4644 2378 4697; x_wconf 85' lang='lat' dir='ltr'><strong>verbis</strong></span> <span class='ocrx_word' id='word_1_782' title='bbox 2417 4662 2430 4695; x_wconf 92' lang='lat'><strong>:</strong></span> <span class='ocrx_word' id='word_1_783' title='bbox 2482 4643 2686 4697; x_wconf 80' lang='lat' dir='ltr'><strong>Erratis</strong></span> <span class='ocrx_word' id='word_1_784' title='bbox 2718 4646 2996 4699; x_wconf 77' lang='lat' dir='ltr'><strong>nescientes</strong></span> <span class='ocrx_word' id='word_1_785' title='bbox 3025 4644 3319 4712; x_wconf 83' lang='lat' dir='ltr'><strong>Scripturas</strong></span> <span class='ocrx_word' id='word_1_786' title='bbox 3366 4649 3378 4677; x_wconf 89' lang='grc'>¹</span> <span class='ocrx_word' id='word_1_787' title='bbox 3410 4666 3425 4702; x_wconf 87' lang='lat'><strong>:</strong></span> 
     </span>
    </p>
   </div>
   <div class='ocr_carea' id='block_1_110' title="bbox 1865 4729 3422 4790">
    <p class='ocr_par' dir='ltr' id='par_1_110' title="bbox 1865 4729 3422 4790">
     <span class='ocr_line' id='line_1_110' title="bbox 1865 4729 3422 4790; baseline 0.004 -8"><span class='ocrx_word' id='word_1_788' title='bbox 1865 4729 2079 4786; x_wconf 72' lang='lat' dir='ltr'><strong>Jutlaeos</strong></span> <span class='ocrx_word' id='word_1_789' title='bbox 2110 4748 2234 4785; x_wconf 87' lang='lat' dir='ltr'><strong>vero</strong></span> <span class='ocrx_word' id='word_1_790' title='bbox 2283 4733 2602 4785; x_wconf 87' lang='lat' dir='ltr'><strong>hortabatur</strong></span> <span class='ocrx_word' id='word_1_791' title='bbox 2647 4733 2875 4787; x_wconf 89' lang='lat' dir='ltr'><strong>dicens:</strong></span> <span class='ocrx_word' id='word_1_792' title='bbox 2925 4733 3245 4788; x_wconf 81' lang='lat' dir='ltr'><strong>Scrutamim‘</strong></span> <span class='ocrx_word' id='word_1_793' title='bbox 3281 4736 3422 4790; x_wconf 82' lang='lat' dir='ltr'><strong>Scri-</strong></span> 
     </span>
    </p>
   </div>
   <div class='ocr_carea' id='block_1_111' title="bbox 1863 4821 3422 4892">
    <p class='ocr_par' dir='ltr' id='par_1_111' title="bbox 1863 4821 3422 4892">
     <span class='ocr_line' id='line_1_111' title="bbox 1863 4821 3422 4892; baseline 0.004 -22"><span class='ocrx_word' id='word_1_794' title='bbox 1863 4829 2067 4886; x_wconf 82' lang='lat' dir='ltr'><strong>pturas,</strong></span> <span class='ocrx_word' id='word_1_795' title='bbox 2121 4822 2244 4887; x_wconf 83' lang='lat' dir='ltr'><strong>quia</strong></span> <span class='ocrx_word' id='word_1_796' title='bbox 2286 4821 2394 4873; x_wconf 72' lang='lat' dir='ltr'><strong>iure</strong></span> <span class='ocrx_word' id='word_1_797' title='bbox 2442 4830 2563 4872; x_wconf 74' lang='lat' dir='ltr'><strong>sunt</strong></span> <span class='ocrx_word' id='word_1_798' title='bbox 2609 4836 2724 4889; x_wconf 65' lang='lat' dir='ltr'><strong>qua</strong></span> <span class='ocrx_word' id='word_1_799' title='bbox 2776 4823 3125 4875; x_wconf 77' lang='lat' dir='ltr'><strong>testimonium</strong></span> <span class='ocrx_word' id='word_1_800' title='bbox 3164 4825 3422 4892; x_wconf 80' lang='lat' dir='ltr'><strong>perhibent</strong></span> 
     </span>
    </p>
   </div>
   <div class='ocr_carea' id='block_1_112' title="bbox 1864 4908 3420 4975">
    <p class='ocr_par' dir='ltr' id='par_1_112' title="bbox 1864 4908 3420 4975">
     <span class='ocr_line' id='line_1_112' title="bbox 1864 4908 3420 4975; baseline 0.005 -15"><span class='ocrx_word' id='word_1_801' title='bbox 1864 4910 1926 4960; x_wconf 89' lang='lat' dir='ltr'><strong>de</strong></span> <span class='ocrx_word' id='word_1_802' title='bbox 1970 4925 2048 4961; x_wconf 82' lang='lat' dir='ltr'><strong>me</strong></span> <span class='ocrx_word' id='word_1_803' title='bbox 2138 4910 2178 4960; x_wconf 80' lang='lat'><strong>’.</strong></span> <span class='ocrx_word' id='word_1_804' title='bbox 2228 4908 2330 4962; x_wconf 89' lang='lat' dir='ltr'><strong>Sed</strong></span> <span class='ocrx_word' id='word_1_805' title='bbox 2395 4910 2616 4975; x_wconf 88' lang='lat' dir='ltr'><strong>majoris</strong></span> <span class='ocrx_word' id='word_1_806' title='bbox 2663 4913 3027 4967; x_wconf 88' lang='lat' dir='ltr'><strong>aceurationis</strong></span> <span class='ocrx_word' id='word_1_807' title='bbox 3080 4929 3247 4968; x_wconf 85' lang='lat' dir='ltr'><strong>causa</strong></span> <span class='ocrx_word' id='word_1_808' title='bbox 3293 4915 3420 4968; x_wconf 91' lang='lat' dir='ltr'><strong>illud</strong></span> 
     </span>
    </p>
   </div>
   <div class='ocr_carea' id='block_1_113' title="bbox 1863 4984 3419 5072">
    <p class='ocr_par' dir='ltr' id='par_1_113' title="bbox 1863 4984 3419 5072">
     <span class='ocr_line' id='line_1_113' title="bbox 1863 4984 3419 5072; baseline 0.004 -21"><span class='ocrx_word' id='word_1_809' title='bbox 1863 5015 2078 5069; x_wconf 83' lang='lat' dir='ltr'><strong>quoque</strong></span> <span class='ocrx_word' id='word_1_810' title='bbox 2110 4999 2310 5072; x_wconf 91' lang='lat' dir='ltr'><strong>scripto</strong></span> <span class='ocrx_word' id='word_1_811' title='bbox 2343 5002 2538 5056; x_wconf 89' lang='lat' dir='ltr'><strong>addere</strong></span> <span class='ocrx_word' id='word_1_812' title='bbox 2577 5017 2798 5057; x_wconf 88' lang='lat' dir='ltr'><strong>necesse</strong></span> <span class='ocrx_word' id='word_1_813' title='bbox 2825 5003 2980 5068; x_wconf 76' lang='lat' dir='ltr'><strong>duxi;</strong></span> <span class='ocrx_word' id='word_1_814' title='bbox 3008 5019 3127 5057; x_wconf 85' lang='lat' dir='ltr'><strong>esse</strong></span> <span class='ocrx_word' id='word_1_815' title='bbox 3167 4984 3419 5058; x_wconf 82' lang='lat' dir='ltr'><strong>nimirum</strong></span> 
     </span>
    </p>
   </div>
   <div class='ocr_carea' id='block_1_114' title="bbox 1863 5092 3419 5163">
    <p class='ocr_par' dir='ltr' id='par_1_114' title="bbox 1863 5092 3419 5163">
     <span class='ocr_line' id='line_1_114' title="bbox 1863 5092 3419 5163; baseline 0.004 -19"><span class='ocrx_word' id='word_1_816' title='bbox 1863 5093 1999 5146; x_wconf 88' lang='lat' dir='ltr'><strong>alios</strong></span> <span class='ocrx_word' id='word_1_817' title='bbox 2023 5092 2190 5146; x_wconf 87' lang='lat' dir='ltr'><strong>libros</strong></span> <span class='ocrx_word' id='word_1_818' title='bbox 2223 5105 2412 5160; x_wconf 55' lang='lat' dir='ltr'><strong>prater</strong></span> <span class='ocrx_word' id='word_1_819' title='bbox 2443 5093 2596 5159; x_wconf 88' lang='lat' dir='ltr'><strong>istos,</strong></span> <span class='ocrx_word' id='word_1_820' title='bbox 2651 5110 2755 5149; x_wconf 91' lang='lat' dir='ltr'><strong>non</strong></span> <span class='ocrx_word' id='word_1_821' title='bbox 2812 5095 2862 5146; x_wconf 93' lang='lat' dir='ltr'><strong>in</strong></span> <span class='ocrx_word' id='word_1_822' title='bbox 2897 5110 3160 5148; x_wconf 86' lang='lat' dir='ltr'><strong>eanonem</strong></span> <span class='ocrx_word' id='word_1_823' title='bbox 3202 5097 3419 5163; x_wconf 84' lang='lat' dir='ltr'><strong>quidem</strong></span> 
     </span>
    </p>
   </div>
   <div class='ocr_carea' id='block_1_115' title="bbox 1860 5181 3421 5254">
    <p class='ocr_par' dir='ltr' id='par_1_115' title="bbox 1860 5181 3421 5254">
     <span class='ocr_line' id='line_1_115' title="bbox 1860 5181 3421 5254; baseline 0.003 -21"><span class='ocrx_word' id='word_1_824' title='bbox 1860 5181 2128 5242; x_wconf 89' lang='lat' dir='ltr'><strong>redactos,</strong></span> <span class='ocrx_word' id='word_1_825' title='bbox 2160 5181 2250 5233; x_wconf 89' lang='lat' dir='ltr'><strong>sed</strong></span> <span class='ocrx_word' id='word_1_826' title='bbox 2280 5197 2415 5248; x_wconf 91' lang='lat' dir='ltr'><strong>quos</strong></span> <span class='ocrx_word' id='word_1_827' title='bbox 2440 5196 2468 5234; x_wconf 86' lang='lat' dir='ltr'><strong>a</strong></span> <span class='ocrx_word' id='word_1_828' title='bbox 2500 5181 2750 5236; x_wconf 85' lang='lat' dir='ltr'><strong>Patribus</strong></span> <span class='ocrx_word' id='word_1_829' title='bbox 2794 5183 3067 5235; x_wconf 85' lang='lat' dir='ltr'><strong>decretum</strong></span> <span class='ocrx_word' id='word_1_830' title='bbox 3103 5192 3204 5246; x_wconf 86' lang='lat' dir='ltr'><strong>est,</strong></span> <span class='ocrx_word' id='word_1_831' title='bbox 3247 5185 3421 5254; x_wconf 71' lang='lat' dir='ltr'><strong>legen-</strong></span> 
     </span>
    </p>
   </div>
   <div class='ocr_carea' id='block_1_116' title="bbox 1860 5270 3414 5340">
    <p class='ocr_par' dir='ltr' id='par_1_116' title="bbox 1860 5270 3414 5340">
     <span class='ocr_line' id='line_1_116' title="bbox 1860 5270 3414 5340; baseline 0.001 -16"><span class='ocrx_word' id='word_1_832' title='bbox 1860 5271 1958 5324; x_wconf 89' lang='lat' dir='ltr'><strong>dos</strong></span> <span class='ocrx_word' id='word_1_833' title='bbox 1981 5270 2136 5324; x_wconf 89' lang='lat' dir='ltr'><strong>abiis</strong></span> <span class='ocrx_word' id='word_1_834' title='bbox 2169 5285 2288 5323; x_wconf 85' lang='lat' dir='ltr'><strong>esse</strong></span> <span class='ocrx_word' id='word_1_835' title='bbox 2315 5271 2406 5338; x_wconf 89' lang='lat' dir='ltr'><strong>qui</strong></span> <span class='ocrx_word' id='word_1_836' title='bbox 2465 5287 2638 5339; x_wconf 84' lang='lat' dir='ltr'><strong>nuper</strong></span> <span class='ocrx_word' id='word_1_837' title='bbox 2689 5273 2959 5326; x_wconf 89' lang='lat' dir='ltr'><strong>ediscendi</strong></span> <span class='ocrx_word' id='word_1_838' title='bbox 3015 5273 3223 5340; x_wconf 84' lang='lat' dir='ltr'><strong>pictatis</strong></span> <span class='ocrx_word' id='word_1_839' title='bbox 3273 5275 3414 5328; x_wconf 73' lang='lat' dir='ltr'><strong>verbi</strong></span> 
     </span>
    </p>
   </div>
   <div class='ocr_carea' id='block_1_117' title="bbox 1860 5359 3416 5430">
    <p class='ocr_par' dir='ltr' id='par_1_117' title="bbox 1860 5359 3416 5430">
     <span class='ocr_line' id='line_1_117' title="bbox 1860 5359 3416 5430; baseline 0.002 -18"><span class='ocrx_word' id='word_1_840' title='bbox 1860 5361 2030 5428; x_wconf 80' lang='lat' dir='ltr'><strong>gratia</strong></span> <span class='ocrx_word' id='word_1_841' title='bbox 2062 5361 2407 5414; x_wconf 89' lang='lat' dir='ltr'><strong>accesserint.</strong></span> <span class='ocrx_word' id='word_1_842' title='bbox 2446 5360 2722 5428; x_wconf 81' lang='lat' dir='ltr'><strong>Sapientia</strong></span> <span class='ocrx_word' id='word_1_843' title='bbox 2757 5359 3083 5422; x_wconf 90' lang='lat' dir='ltr'><strong>Salomonis,</strong></span> <span class='ocrx_word' id='word_1_844' title='bbox 3116 5375 3168 5414; x_wconf 87' lang='lat' dir='ltr'><strong>et</strong></span> <span class='ocrx_word' id='word_1_845' title='bbox 3202 5362 3416 5430; x_wconf 79' lang='lat' dir='ltr'><strong>sapien-</strong></span> 
     </span>
    </p>
   </div>
   <div class='ocr_carea' id='block_1_118' title="bbox 1861 5446 3415 5517">
    <p class='ocr_par' dir='ltr' id='par_1_118' title="bbox 1861 5446 3415 5517">
     <span class='ocr_line' id='line_1_118' title="bbox 1861 5446 3415 5517; baseline 0.002 -14"><span class='ocrx_word' id='word_1_846' title='bbox 1861 5452 1930 5504; x_wconf 87' lang='lat' dir='ltr'><strong>tia</strong></span> <span class='ocrx_word' id='word_1_847' title='bbox 1960 5450 2172 5512; x_wconf 87' lang='lat' dir='ltr'><strong>Sirach,</strong></span> <span class='ocrx_word' id='word_1_848' title='bbox 2201 5446 2410 5516; x_wconf 82' lang='lat' dir='ltr'><strong>Esther,</strong></span> <span class='ocrx_word' id='word_1_849' title='bbox 2437 5451 2644 5513; x_wconf 88' lang='lat' dir='ltr'><strong>Judith,</strong></span> <span class='ocrx_word' id='word_1_850' title='bbox 2677 5449 2894 5515; x_wconf 86' lang='lat' dir='ltr'><strong>Tobias,</strong></span> <span class='ocrx_word' id='word_1_851' title='bbox 2928 5451 3203 5517; x_wconf 88' lang='lat' dir='ltr'><strong>Doctrina,</strong></span> <span class='ocrx_word' id='word_1_852' title='bbox 3235 5462 3292 5505; x_wconf 90' lang='lat' dir='ltr'><strong>ut</strong></span> <span class='ocrx_word' id='word_1_853' title='bbox 3327 5469 3415 5506; x_wconf 83' lang='lat' dir='ltr'><strong>vo-</strong></span> 
     </span>
    </p>
   </div>
   <div class='ocr_carea' id='block_1_119' title="bbox 1859 5540 3410 5612">
    <p class='ocr_par' dir='ltr' id='par_1_119' title="bbox 1859 5540 3410 5612">
     <span class='ocr_line' id='line_1_119' title="bbox 1859 5540 3410 5612; baseline 0 -16"><span class='ocrx_word' id='word_1_854' title='bbox 1859 5551 2003 5605; x_wconf 87' lang='lat' dir='ltr'><strong>cant,</strong></span> <span class='ocrx_word' id='word_1_855' title='bbox 2059 5543 2447 5612; x_wconf 75' lang='lat' dir='ltr'><strong>apostolorum,</strong></span> <span class='ocrx_word' id='word_1_856' title='bbox 2495 5551 2547 5596; x_wconf 90' lang='lat' dir='ltr'><strong>et</strong></span> <span class='ocrx_word' id='word_1_857' title='bbox 2599 5540 2810 5597; x_wconf 88' lang='lat' dir='ltr'><strong>Pastor.</strong></span> <span class='ocrx_word' id='word_1_858' title='bbox 2861 5543 3143 5606; x_wconf 86' lang='lat' dir='ltr'><strong>Attamen,</strong></span> <span class='ocrx_word' id='word_1_859' title='bbox 3209 5543 3410 5607; x_wconf 79' lang='lat' dir='ltr'><strong>dilecti,</strong></span> 
     </span>
    </p>
   </div>
  </div>
