4018 6456
527 396 637 464 563

1789 399 2066 486 TllEOp.
2109 399 2503 459 BALSAMON

3687 400 3795 461 564

525 523 655 566 cum
705 513 777 566 illi
825 514 877 567 in
937 526 1196 565 can0nem
1253 511 1453 564 redacti
1510 513 1636 573 sint,
1692 509 1747 563 hi
1818 509 2087 577 lcgantur,

2210 526 2314 577 ρων
2343 508 2820 577 ἀναγινώσκεσθαι
2859 512 2974 572 τοῖς
3006 512 3139 581 ἄρτι
3187 512 3655 579 προσερχομένας
3697 518 3797 566 καὶ

500 619 793 671 ,ιιυδιιιιιιιιι
827 603 1260 673 apocryphorum
1295 602 1496 656 mentio
1534 602 1762 656 habetur
1793 601 1905 671 (9'2)
1934 619 1947 667 ;
2004 600 2096 654 sed

533 697 569 751 li
627 709 751 751 sunt
817 697 1195 750 luereticorum
1248 705 1630 760 commentum,
1690 694 1777 761 qui
1833 693 2094 746 arbitratu

534 802 633 841 suo
662 788 824 841 libros
844 788 1215 851 conscribunt,
1257 787 1455 855 quibus
1500 788 1784 853 assignant
1829 794 2092 850 tempora,

533 888 593 930 ut
617 894 675 930 ea
707 894 868 946 quam
906 880 1036 944 ipsis
1083 869 1356 931 ascribunt
1397 877 1736 937 antiquitatis
1770 875 1971 944 specie,
2007 887 2097 924 oc-

528 970 800 1024 casionem
829 978 1042 1039 captent
1068 969 1419 1039 simpliciores
1455 966 1697 1021 fallendi.

2209 600 2553 669 βουλομένοις
2615 601 2971 670 κατηχεϊσθαι
3033 604 3126 655 τὸν
3189 605 3291 672 τῆς
3350 606 3642 662 εὐσεϐείας
3705 604 3796 656 λό-

2205 710 2299 759 γον
2331 711 2343 724 ⁸
2419 693 2584 759 Σοφία
2639 693 3011 761 Σολομῶντος,
3069 695 3164 746 καὶ
3211 697 3383 763 Σοφία
3439 697 3639 765 Σιράχ,
3695 700 3794 749 καὶ

2219 783 2436 852 Ἐσθὴρ,
2468 786 2565 838 καὶ
2604 785 2813 849 Ἰουδὶθ,
2846 787 2940 839 καὶ
2968 783 3188 849 Τοϐίας,
3225 787 3318 838 καὶ
3347 785 3551 855 Διδαχὴ
3581 789 3790 840 καλου-

2214 875 2349 944 μένη
2409 875 2515 928 τῶν
2569 876 2904 939 ἀποστόλων,
2961 879 3057 930 καὶ
3103 879 3132 929 6
3179 878 3410 947 Ποιμήν.
3458 881 3574 932 Καὶ
3611 881 3793 946 ὅμως,

2206 966 2514 1034 ἀγαπητοὶ,
2569 967 2838 1019 κάκείνων
2909 967 3343 1038 κανονιζομένων
3410 973 3502 1024 κα)
3577 969 3795 1022 τούτων

2211 1060 2760 1127 ἀναγινωσκομένων,
2781 1060 3018 1130 οὐδαμοῦ
3047 1060 3156 1113 τῶν
3187 1061 3530 1131 ἀποκρύφων
3567 1043 3792 1131 μνήμηῖ

526 1156 663 1211 ἀλλὰ
691 1158 979 1228 αἱρετικῶν
1019 1160 1164 1214 ἐστιν
1207 1156 1450 1222 ἐπίνοια,
1513 1155 1830 1224 γραφόντων
1883 1150 1981 1220 μὲν
2041 1150 2128 1201 ὅτε
2188 1149 2430 1202 θέλουσιν
2492 1152 2662 1215 αὐτὰ,
2708 1153 3080 1220 χαριζομένων
3127 1154 3183 1206 δὲ
3234 1154 3325 1204 καὶ
3377 1153 3793 1220 προστιθέντων

526 1251 708 1310 αὐτοῖς
747 1252 994 1318 χρῦνηυί,
1033 1251 1120 1314 ἵν’,
1149 1249 1222 1310 ὡς
1254 1248 1458 1300 παλαιὰ
1485 1248 1866 1315 προφέροντες,
1902 1243 2171 1310 πρόφασιν
2199 1239 2390 1308 ἔχωσιν
2425 1243 2640 1312 ἀπατᾷν
2671 1245 2735 1295 ἐκ
2765 1244 2952 1296 τούτου
2982 1246 3106 1307 τοὺς
3134 1247 3443 1316 ἀκεραίους.

599 1339 794 1392 ΒΑι,5.
851 1339 1160 1391 Postremus
1195 1351 1366 1390 canon
1428 1335 1759 1400 apostolicus
1811 1338 2095 1386 enumerat

529 1433 696 1484 libros
728 1430 816 1495 qui
857 1429 959 1495 legi
993 1427 1211 1491 debent,
1251 1436 1304 1479 et
1362 1425 1572 1478 Veteris
1627 1423 1980 1481 Testniucuti,
2043 1430 2090 1472 ct

529 1522 685 1575 Novi.
725 1519 824 1573 llic
870 1529 1046 1571 autem
1095 1529 1337 1577 sanctus,
1369 1532 1490 1570 cum
1533 1513 1839 1567 rescirisset
1891 1512 1971 1581 (ut
2017 1520 2098 1564 est

540 1611 856 1676 verisimile)
899 1610 1038 1679 quod
1094 1609 1358 1673 nonnulli,
1395 1608 1633 1660 volentes
1673 1620 1788 1666 eos,
1843 1606 1932 1672 qui
1977 1613 2100 1655 Sunt

537 1703 588 1754 in
617 1695 818 1771 pietate
857 1717 918 1754 ac
953 1702 1211 1768 religione
1245 1693 1436 1767 integri
1469 1697 1686 1768 (quibus
1726 1695 1930 1749 Scilicet
1966 1693 2094 1746 nihil

533 1794 732 1857 deﬁcit,
754 1808 851 1846 nec
875 1794 999 1860 quid
1033 1794 1228 1845 habent
1253 1790 1631 1857 compositum,
1653 1788 1737 1841 vel
1768 1796 2096 1851 contortum,

535 1887 630 1938 sed
686 1893 812 1938 sunt
859 1883 1153 1952 simplices)
1205 1885 1484 1946 seducere,
1538 1881 1722 1935 dicunt
1765 1894 1913 1933 essae
1964 1877 2098 1930 alios

534 1981 798 2043 quosdam
870 1975 1054 2040 libros,
1127 1975 1219 2043 qui
1268 1973 1480 2043 quidem
1531 1982 1655 2026 sunt
1723 1983 2095 2038 perversorum

2277 1331 2468 1385 ΒΛΛΣ.
2521 1331 2581 1383 Ὀ
2622 1332 2929 1396 τελευταῖος
2962 1335 3316 1398 ἀποστολικδς
3355 1339 3538 1390 κανὼν
3577 1339 3796 1404 ἀπαρι-

2205 1423 2421 1490 θμεῖ-ται
2465 1426 2532 1476 τά
2577 1424 2865 1491 ὀφείλοντα
2921 1428 3396 1494 ἀναγινώσκεσθαι
3443 1429 3627 1499 βιϐλία
3685 1433 3798 1496 τῆς

2206 1515 2449 1575 Παλαιᾶς
2483 1515 2758 1583 Διαθήκης
2791 1517 2886 1568 καὶ
2940 1517 3040 1585 τῆς
3087 1518 3252 1580 Νέας.
3315 1520 3586 1572 Ἐνταῦθα
3645 1520 3704 1572 δὲ
3765 1523 3795 1572 6

2207 1607 2384 1671 ἅγιος,
2415 1607 2486 1668 ὡς
2523 1608 2693 1671 ἔοικε,
2727 1607 2914 1674 μαθὼν
2964 1609 3047 1663 ὃτι
3093 1611 3240 1672 τινὲς
3272 1611 3526 1674 θέλοντες
3561 1613 3793 1681 ἀπατᾷν

2208 1701 2333 1760 τοὺς
2361 1700 2656 1768 ἀκεραίους
2683 1702 2826 1753 κατὰ
2849 1701 2946 1770 τὴν
2987 1702 3297 1765 εὐσέϐειαν,
3330 1703 3500 1771 ἤγουν
3528 1705 3659 1764 τοὺς
3711 1703 3793 1770 μὴ

2205 1789 2427 1858 ἔχοντας
2477 1790 2690 1852 ἐλλιπές
2736 1807 2788 1842 τι
2838 1791 2869 1858 ἢ
2929 1793 3180 1844 σύνθετον
3211 1793 3304 1844 καὶ
3349 1792 3588 1854 σκολιὸν,
3645 1791 3798 1845 ἀλλὰ

2204 1882 2362 1942 ὂντας
2396 1880 2620 1945 ἁπλοῦς,
2661 1881 2909 1948 λέγουσιν
2940 1878 3078 1936 εἶναι
3111 1884 3204 1936 καὶ
3232 1883 3396 1951 ἓτερά
3424 1901 3547 1935 τινα
3574 1882 3794 1950 βιϐλία,

2203 1972 2650 2040 διεστραμμένων
2705 1972 2803 2041 μὲν
2849 1972 2979 2025 ὄντα
3024 1973 3332 2040 δογμάτων,
3375 1974 3678 2040 ἀπόκρυφα
3729 1973 3796 2024 δὲ

533 2065 871 2132 dogmatum,
894 2075 945 2118 et
974 2066 1224 2117 dicuntur
1252 2062 1555 2132 apocrypha
1583 2077 1597 2124 ;
1631 2059 1846 2127 scripsit
1883 2069 1936 2110 et
1964 2058 2098 2126 ipse,

2210 2062 2492 2130 λεγόμενα,
2539 2063 2744 2132 ἔγραψε
2775 2064 2832 2116 δὲ
2872 2065 3034 2125 αὐτος
3064 2066 3132 2117 τὰ
3169 2066 3453 2133 ὀφείλοντα
3504 2066 3796 2130 ἀναγινώ-

536 2159 698 2210 libros
741 2172 874 2226 quos
925 2157 1026 2225 legi
1057 2164 1321 2225 oporteat.
1358 2153 1435 2206 Ne
1465 2151 1676 2205 mireris
1710 2159 1908 2211 autem,
1943 2149 1987 2201 si
2019 2149 2100 2200 in-

535 2249 750 2304 veneris
780 2263 1040 2302 canouem
1072 2247 1449 2315 apostolicum,
1483 2245 1573 2313 qui
1620 2243 1755 2297 alios
1783 2255 1996 2311 quoque
2033 2240 2098 2293 li-

531 2343 664 2394 bros
689 2348 1012 2394 enumerat:
1051 2338 1146 2391 sed
1192 2338 1309 2406 lege
1342 2351 1464 2406 quae
1508 2336 1563 2390 in
1607 2334 1750 2390 dicto
1801 2333 2100 2403 apostolico

535 2444 744 2483 canone
778 2431 977 2498 scripta
1015 2440 1161 2484 sunt.

609 2519 855 2576 ZONAR.
890 2521 988 2574 Hic
1011 2537 1232 2589 magnus
1252 2520 1578 2574 Athanasius
1605 2519 1813 2573 Veteris
1836 2517 2102 2585 Novasque

542 2612 833 2680 Scriptura:
872 2613 1035 2667 libros
1073 2623 1376 2679 enumerat,
1411 2614 1556 2680 quia
1599 2611 1846 2665 ﬁdelibus
1877 2610 1975 2678 legi
2011 2611 2104 2661 de-

539 2704 709 2768 bent;
743 2718 808 2755 ne
840 2704 931 2769 qui
970 2703 1172 2770 decepti
1206 2703 1372 2756 libros
1422 2703 1756 2772 apocryphos
1810 2701 1982 2755 dictos
2021 2700 2098 2754 le-

541 2809 689 2864 eant,
723 2802 812 2862 qui
840 2817 943 2855 non
979 2809 1122 2855 recte
1158 2816 1215 2855 se
1246 2798 1466 2861 habent,
1495 2806 1548 2850 et
1572 2797 1838 2864 ἀκέραιοι,
1867 2795 1968 2849 hoc
1997 2805 2098 2861 est,

540 2891 814 2958 simplices
843 2901 896 2943 et
926 2893 1149 2961 deceptu
1181 2890 1363 2945 faciles
1391 2888 1582 2942 exinde
1613 2887 1954 2941 inconunodo
1989 2887 2102 2942 alli-

537 2983 779 3036 eiuntur.
818 2983 920 3036 Eos
968 2994 1144 3036 autem
1189 2991 1243 3036 et
1287 2996 1457 3035 canon
1512 2979 1580 3034 85
1605 2979 1702 3033 SS.
1737 2980 2101 3048 apostolorum

539 3083 694 3126 antea
732 3074 1021 3126 recensuit.
1060 3072 1157 3126 llic
1188 3082 1363 3124 autem
1393 3073 1568 3135 Pater,
1605 3083 1863 3139 quantum
1903 3071 1968 3124 ad
2002 3084 2101 3122 nu-

541 3181 746 3221 merum
774 3182 956 3219 eurum
982 3176 1208 3234 spectat,
1251 3165 1436 3218 ultimo
1474 3164 1554 3217 isti
1592 3163 1884 3231 apostolico
1909 3161 2101 3216 canoni

539 3260 592 3310 in
622 3258 874 3311 omnibus
910 3273 1013 3310 non
1049 3258 1321 3310 convenit.
1354 3255 1595 3324 Apostuli
1627 3256 1768 3308 enim
1817 3253 2014 3308 Esther
2047 3262 2103 3306 et

546 3347 880 3416 Sapientiam
915 3348 1105 3401 Sirach
1145 3357 1198 3402 et
1235 3347 1402 3402 libros
1442 3346 1861 3417 Maccabmorum
1894 3359 2103 3398 connu-

539 3450 817 3494 meruruut
859 3459 872 3493 :
907 3441 992 3494 hic
1035 3451 1212 3493 autem
1270 3455 1364 3494 ens
1419 3438 1780 3507 praetermisit.
1837 3437 1894 3490 In
1944 3436 2103 3489 Nova:

538 3532 703 3583 etiam
741 3530 1226 3598 Seripturmlibris,
1258 3531 1423 3584 divini
1455 3529 1672 3600 quidem
1708 3527 1938 3598 apostoli
1968 3541 2100 3578 con-

541 3622 848 3675 stitutiones
902 3636 1029 3675 Suas
1055 3637 1081 3672 a
1115 3620 1390 3674 Cletuente
1437 3620 1777 3686 conscriptas
1815 3631 2102 3671 enumera-

547 3721 671 3784 ruut
706 3730 717 3765 :
758 3713 844 3765 hic
876 3725 1054 3765 autem
1079 3727 1172 3764 eas
1197 3711 1396 3765 omisit.
1443 3710 1662 3764 Addidit
1691 3725 1818 3761 vero
1848 3707 2103 3777 Theologi

550 3805 941 3872 Apncalypsim.
982 3803 1106 3856 Post
1143 3803 1308 3856 libros
1349 3812 1526 3855 autem
1586 3810 1952 3863 enumeratos,
2007 3801 2103 3864 ait,

545 3896 684 3965 quod
715 3896 803 3949 alii
836 3895 941 3948 sint
970 3904 1161 3962 praeter
1187 3909 1279 3948 eos
1310 3893 1453 3958 libri,
1501 3893 1554 3946 iu
1591 3907 1851 3947 can0nem
1888 3892 2104 3959 quidem

552 4003 654 4039 nou
683 3988 865 4057 relati,
897 3986 1108 4054 legendi
1157 3995 1371 4048 tamen;
1409 3999 1542 4053 quos
1571 3983 1701 4036 dicit
1729 3998 1848 4036 esse
1879 3981 2108 4049 Sapien-

553 4081 678 4130 tiam
709 4079 1034 4140 Salomonis,
1072 4087 1122 4131 et
1157 4077 1481 4146 Sapientiam
1513 4075 1721 4140 Siraeh,
1763 4075 1974 4135 Esther,
2009 4072 2105 4126 Ju.

548 4165 684 4227 dith,
720 4177 771 4216 et
804 4165 982 4228 Tubit,
1018 4175 1073 4217 et
1115 4167 1413 4218 doctrinam
1469 4165 1831 4231 apostolorum
1881 4164 2103 4228 dictam,

542 4271 680 4324 quas
725 4264 978 4310 asserunt
1019 4270 1140 4309 esse
1187 4255 1610 4309 Constitutiones
1669 4255 2036 4322 apostolorum
2075 4267 2104 4305 a

544 4348 820 4400 Clemente
851 4347 1218 4415 conscriptas;
1267 4361 1401 4414 quas
1449 4361 1510 4400 ea
1563 4362 1680 4414 quae
1717 4355 1865 4398 sexta
1907 4344 2106 4397 dicitur

527 4437 786 4503 ssyuudus
816 4436 912 4501 legi
947 4452 1050 4490 non
1079 4437 1362 4504 permittit,
1395 4446 1451 4489 ut
1478 4436 1806 4489 ailulteratas
1839 4443 1892 4487 et
1921 4447 2104 4487 corru-

546 4539 665 4591 ptas
708 4527 774 4578 ab
815 4527 1110 4580 llil‘l'eliCiS.
1159 4529 1257 4590 Qui
1314 4535 1494 4578 autem
1551 4525 1868 4594 apocryphi,
1907 4526 2102 4591 inquit,

542 4628 803 4670 vocantur
834 4618 979 4683 libri,
1011 4633 1188 4686 neque
1233 4617 1370 4670 inter
1399 4630 1513 4679 eos,
1545 4615 1634 4683 qui
1671 4627 1824 4668 extra
1871 4617 2001 4668 istos
2031 4615 2106 4668 le-

2206 2155 2430 2206 σκεσθαι
2491 2154 2690 2224 βιϐλία.
2748 2155 2840 2225 Μὴ
2898 2155 3185 2226 θαυμάσῃς
3251 2156 3308 2207 δὲ
3356 2155 3632 2226 εὑρίσκων
3693 2157 3797 2209 τὸν

2203 2245 2558 2298 ἀποστολικδν
2588 2246 2786 2298 κανόνα
2819 2247 2912 2299 καὶ
2942 2247 3149 2312 ἐτέρων
3182 2247 3405 2313 βιϐλίων
3455 2247 3786 2315 ἀπαρίθμηο

2205 2353 2289 2387 σιν
2329 2337 2687 2403 ποιούμενον·
2721 2335 2858 2388 ἀλλά
2906 2336 3181 2401 ἀνάγνωθι
3225 2336 3297 2388 τὰ
3340 2339 3399 2389 ὲν
3447 2336 3526 2405 τῷ
3559 2336 3794 2407 ῥηθέντι

2203 2426 2544 2493 ἀποστολικῷ
2577 2427 2765 2480 κανόνι
2795 2427 3100 2494 γραφέντα.

2277 2518 2520 2571 ΖΩΝΑΡ.
2550 2517 2816 2570 Ἐνταῦθα
2844 2519 2918 2584 (a)
2945 2521 2973 2571 6
3008 2517 3516 2588 μέγαςἈθανάσιος
3546 2521 3796 2583 ἀπαρίθ-

2207 2627 2376 2679 μησιν
2404 2613 2640 2663 ποιεῖται
2660 2610 2770 2662 τῶν
2807 2611 3026 2679 βιϐλίων
3048 2611 3146 2678 τῆς
3172 2628 3231 2661 τε
3266 2612 3513 2675 Παλαιᾶς
3555 2614 3796 2680 Γραφῆς

2204 2704 2297 2754 καὶ
2328 2703 2427 2769 τῆς
2459 2692 2600 2763 Νέας
2636 2702 2743 2753 τῶν
2769 2701 3092 2768 ὀφειλόντων
3123 2703 3603 2769 ἀναγινώσκεσθαι
3633 2704 3794 2773 παρὰ

2203 2797 2312 2847 τιῖιν
2365 2795 2608 2847 πιστῶν·
2643 2795 2732 2846 ἶνα
2796 2797 2868 2863 μή
2923 2812 3072 2858 τινες
3107 2796 3454 2864 πλανώμενοι
3502 2796 3789 2863 ἀναγινώ-

2206 2904 2380 2940 σκωσι
2415 2887 2510 2938 καὶ
2551 2887 2650 2949 τὰς
2686 2887 2986 2954 λεγομένας
3034 2887 3393 2955 ἀποκρύφους
3449 2888 3693 2957 βίϐλους,
3728 2888 3791 2941 αἱ

2203 2980 2303 3032 οὐκ
2355 2978 2531 3047 ὀρθῶς
2559 2978 2760 3047 ἔχουσι,
2785 2980 2880 3030 καὶ
2910 2978 3158 3030 ἐντεῦθεν
3183 2979 3514 3048 βλάπτονται
3533 2979 3788 3045 ἀκέραιοι

2203 3073 2353 3134 ὅντες
2396 3073 2514 3141 ἦτοι
2558 3071 2827 3124 ἄπλαστοι
2872 3071 2968 3124 καὶ
3013 3071 3433 3136 εὐεξαπάτητοι.
3483 3069 3678 3123 Ταῦτα
3727 3069 3791 3123 δὲ

2208 3165 2300 3218 καὶ
2342 3166 2369 3216 6
2405 3163 2485 3216 πε¹
2534 3164 2716 3218 κανὼν
2749 3165 2856 3218 τῶν
2892 3164 3062 3232 ἁγίων
3092 3166 3412 3216 ἀποστόλων
3443 3165 3550 3232 πρδ
3590 3165 3790 3216 τούτου

2207 3257 2513 3326 ἀπαριθμεῖ
2541 3274 2552 3286 ³
2585 3257 2684 3307 οὐκ
2717 3257 2774 3307 ἐν
2802 3258 2933 3308 πᾶσι
2968 3256 3024 3307 δὲ
3071 3257 3097 3306 6
3137 3254 3328 3323 Πατὴρ
3365 3248 3522 3317 οὗτος
3555 3271 3788 3322 συμφω-

2208 3349 2288 3398 νεῖ
2317 3344 2392 3413 τῷ
2425 3342 2765 3412 ἀποστολικῷ
2807 3343 3100 3409 τελευταίῳ
3143 3344 3328 3396 κανόνι
3376 3345 3432 3394 ὲν
3475 3346 3540 3410 τῇ
3578 3347 3793 3412 ἀπαρι-

2131 3415 2172 3472 C
2208 3438 2432 3506 θμήσει.
2484 3437 2545 3488 Οἱ
2578 3438 2677 3505 μὲν
2710 3437 2816 3504 γὰρ
2847 3435 3135 3489 ἀπόστολοι
3170 3437 3264 3487 καὶ
3291 3436 3392 3503 τὴν
3434 3435 3638 3503 Ἐσθὴρ
3678 3437 3796 3487 ἀπ-

2210 3529 2610 3596 ηριθμὴσαντο,
2645 3527 2854 3595 κα“ιΙτὴν
2878 3525 3087 3592 Σοφίαν
3110 3525 3301 3594 Σιράχ,
3327 3526 3420 3578 καὶ
3450 3525 3520 3576 τὰ
3554 3527 3797 3577 Μακκα-

2209 3621 2374 3672 ϐαῖκά
2395 3635 2410 3649 ο
2444 3614 2596 3678 οὗτο;
2622 3618 2675 3670 δὲ
2707 3617 3073 3686 παραλέλοιπε
3102 3616 3298 3670 ταῦτα.
3342 3617 3431 3667 Ἐν
3458 3617 3513 3667 δὲ
3538 3619 3664 3677 ταῖς
3683 3617 3794 3681 τῆς

2207 3711 2349 3771 Νέας
2379 3709 2597 3777 Γραφῆς
2627 3706 2851 3775 βίϐλοις,
2876 3706 2924 3757 οἱ
2959 3705 3054 3772 μὲν
3084 3704 3215 3756 θεῖοι
3251 3704 3542 3757 ἀπόστολοι
3570 3704 3797 3765 καὶτὰς

2206 3802 2293 3855 διά
2325 3800 2417 3852 τοῦ
2463 3799 2776 3866 Κλήμεντος
2807 3796 3220 3864 συγγραζείσας
3273 3794 3539 3862 διαταγὰς
3604 3794 3797 3845 αὐτῶν

2209 3890 2638 3962 ἀπηρίθμησανθ
2672 3883 2827 3951 οὗτος
2871 3886 2928 3939 δὲ
2973 3885 3177 3947 ταύτας
3235 3885 3330 3953 μὲν
3373 3885 3750 3953 παραλέλοιπε
3783 3903 3794 3915 ”

2207 3981 2502 4054 προσέθετο
2547 3980 2603 4033 δὲ
2643 3979 2740 4047 τὴν
2783 3977 3148 4043 ’Δποκάλυψιν
3172 3975 3266 4028 τοῦ
3306 3977 3598 4045 Θεολόγου.
3631 3980 3799 4032 Μετὰ

2207 4075 2263 4127 δέ
2297 4090 2357 4140 γε
2388 4073 2488 4140 τὴν
2519 4071 2920 4139 ἀπαρίθμησιν,
2967 4071 3153 4138 φησὶν,
3186 4069 3268 4120 ὅτι
3308 4068 3458 4119 ἐστιν
3503 4070 3672 4138 ’ἐτερα
3710 4073 3792 4138 βι.

2208 4164 2332 4216 ϐλία
2363 4164 2567 4214 τούτων
2596 4159 2816 4225 ἔξωθεν,
2844 4159 2903 4210 οὐ
2936 4158 3330 4227 κανονιζόμενα
3362 4159 3484 4225 μὲν,
3517 4160 3799 4226 ἀναγινω-

2211 4257 2446 4324 σκόμενα
2477 4253 2555 4314 δὲ,
2607 4251 2768 4304 ἅτινα
2817 4249 2966 4315 λέγει
3011 4244 3152 4301 εἶναι
3206 4251 3307 4322 τὴν
3341 4250 3537 4316 σοφίαν
3590 4251 3794 4320 sum,

2221 4345 2443 4410 Ἐσθὴρ,
2487 4341 2715 4410 Ἰουδὴθ,
2741 4343 2833 4392 καὶ
2867 4338 3085 4408 Τωϐἡτ,
3117 4341 3213 4392 κα1⁵
3253 4339 3476 4409 διδαχὴν
3511 4341 3800 4409 καλουμέ-

2210 4453 2307 4502 νην
2333 4435 2439 4486 τῶν
2472 4433 2783 4485 ἀποστόλων
2817 4431 3071 4499 λέγουσιν
3099 4427 3240 4483 εἶναι
3267 4432 3362 4491 τὰς
3402 4431 3492 4482 διὰ
3514 4431 3610 4482 τοῦ
3641 4433 3802 4502 Κλή-

2212 4543 2404 4597 μεντος
2431 4523 2847 4592 συγγραφείσας
2891 4525 2999 4575 τῶν
3033 4521 3350 4576 ἀποστόλων
3381 4521 3687 4587 διατάξεις,
3726 4524 3799 4587 ἃς

2210 4623 2243 4691 ἡ
2263 4621 2529 4687 λεγομένη
2554 4619 2687 4684 ’ἐκτη
2718 4617 2935 4677 σύνοδος
2969 4613 3447 4681 ἀναγινώσκεσθαι
3470 4616 3531 4666 οὐ
3573 4616 3799 4684 obum-

544 4710 700 4777 gendi
736 4711 1159 4772 constituuntur,
1207 4709 1297 4775 qui
1337 4709 1544 4761 scilicet
1580 4707 1634 4758 in
1681 4720 1947 4759 can0nem
1998 4721 2101 4758 non

2214 4713 2315 4782 ρεῖ,
2333 4710 2406 4772 ὡς
2431 4706 2775 4768 νοθευθείσας
2800 4706 2894 4758 καὶ
2922 4704 3220 4774 φθαρείσας
3252 4705 3355 4756 ὑπὸ
3373 4705 3702 4775 αίρετικῶν.
3730 4710 3799 4759 Δί

411 4868 422 4875 ⁵
510 4853 516 4858 _
545 4800 870 4852 referuntur.
906 4800 1209 4853 CauOnicos
1234 4809 1409 4852 autem
1441 4799 1553 4852 sire
1585 4798 1636 4850 in
1667 4812 1929 4851 eanonem
1965 4798 2106 4851 rela-

547 4900 630 4944 tos
653 4890 818 4943 libros
853 4901 1071 4944 sanctus
1099 4892 1409 4944 denominat
1441 4906 1504 4943 ex
1542 4904 1747 4943 canone
1764 4889 1877 4943 sive
1903 4889 2104 4958 regula,

545 4984 686 5048 quod
715 4982 913 5049 lignum
946 4991 1049 5044 est,
1083 4996 1188 5048 quo
1220 4982 1454 5035 artilices
1484 4990 1706 5035 utuntur
1745 4983 1811 5034 ad
1838 4981 2104 5050 lignorum

546 5081 642 5125 aut
677 5072 912 5140 lapidum
949 5071 1347 5154 rectitttdit/tcm.
1387 5073 1645 5142 Regulam
1678 5074 1823 5126 enim
1857 5073 1942 5138 iis,
1990 5086 2109 5141 quae

547 5174 862 5231 operantur,
899 5172 1252 5230 appnncules,
1292 5177 1385 5230 per
1412 5178 1527 5216 eam
1562 5163 1608 5217 si
1637 5179 1773 5231 quas
1825 5164 2106 5218 inveniunt

549 5257 600 5308 in
636 5256 750 5308 istis
790 5256 1152 5323 obliquitates,
1192 5255 1559 5308 imminentias
1599 5265 1652 5310 et
1701 5255 2108 5323 prominentias,

550 5344 618 5398 ad
645 5347 1017 5399 rectitudiuem
1054 5347 1316 5398 aliradunt
1373 5355 1426 5398 et
1481 5345 1556 5398 sic
1607 5360 1740 5413 opus
1794 5345 2111 5399 rectilicant.

550 5434 661 5488 lloc
694 5434 878 5503 itaque
910 5436 960 5487 in
990 5435 1109 5489 istis
1140 5435 1292 5490 libris
1326 5436 1464 5488 ratio
1489 5446 1740 5504 tanquam
1775 5436 1954 5504 regula
1979 5435 2110 5490 eﬂe-

552 5527 645 5587 cit,
679 5526 799 5579 illos
829 5525 1160 5594 distinguens
1195 5525 1261 5578 ab
1304 5526 1443 5590 i5tis,
1481 5527 1569 5594 qui
1605 5541 1707 5578 non
1752 5537 1896 5580 recte
1923 5541 1980 5579 se
2011 5526 2110 5578 ha-

552 5616 700 5672 bent.
735 5615 826 5664 sed
859 5612 1095 5678 perversi
1129 5621 1252 5664 sunt
1284 5626 1298 5666 :
1327 5623 1379 5665 et
1415 5614 1511 5666 hos
1546 5613 1760 5680 quidem
1801 5615 2108 5676 admittens,

555 5715 612 5756 et
653 5705 976 5771 approbatis,
1010 5713 1061 5756 et
1092 5705 1190 5771 piis
1217 5704 1470 5773 legendos
1501 5719 1836 5772 proponens;
1867 5705 1985 5758 illos
2013 5719 2110 5758 au-

2212 4803 2268 4854 δὲ
2319 4800 2673 4868 καλούμεναι,
2729 4798 2915 4868 φησὶν,
2954 4797 3264 4866 ἀπόκρυφοι
3312 4796 3508 4866 βίϐλοι,
3575 4796 3704 4851 οὔτε
3738 4801 3800 4853 ὲν

2192 4895 2332 4956 ’ταῖς
2361 4889 2844 4959 ἀπηριθμημὲναις
2883 4886 3087 4955 βίϐλοις
3143 4886 3520 4955 εὑρίσκονται,
3575 4889 3703 4941 οὗτε
3738 4893 3802 4943 ὲν

2214 4985 2422 5045 τούτοις
2443 4981 2596 5041 ὲκτδς
2624 4979 2846 5032 ἐκείνων
2877 4979 3234 5047 τεταγμένοις
3281 4979 3801 5046 ἀναγινώσκεσθαι,

2215 5075 2413 5146 δηλαδὴ
2463 5076 2573 5135 τοῖς
2597 5072 2990 5131 ἀκανονίστοις.
3047 5071 3496 5138 Κεκανονισμένα
3523 5070 3580 5122 δὲ
3610 5071 3804 5139 βιϐλία

2217 5170 2319 5238 ἔφη
2365 5171 2392 5220 6
2425 5169 2576 5234 ἆγιος
2607 5165 2672 5215 ὲκ
2699 5163 2796 5216 τοῦ
2828 5163 3071 5228 κανόνος,
3104 5164 3132 5214 ὃ
3158 5167 3274 5216 ἐστι
3301 5163 3459 5226 ξύλον
3480 5157 3523 5228 ᾧ
3559 5164 3804 5234 κέχρην-

2215 5277 2302 5310 ται
2332 5259 2382 5310 ol.
2409 5259 2651 5325 τεχνῖται
2688 5256 2768 5315 είς
2795 5253 2966 5318 ξύλων
2999 5254 3030 5322 ἢ
3060 5252 3226 5305 λίθων
3254 5252 3532 5320 εὐθύτητα
3556 5269 3569 5283 ·
3616 5272 3807 5322 παρα-

2214 5348 2460 5408 τεθέντες
2505 5345 2613 5415 γὰρ
2643 5345 2732 5396 τὸν
2762 5345 2965 5395 κανόνα
2994 5345 3106 5404 τοῖς
3168 5340 3299 5409 παρ’
3335 5340 3520 5391 αὐτῶν
3557 5342 3803 5411 ἐργαζο.

2219 5438 2419 5506 μένοις,
2470 5436 2536 5488 δι’
2574 5432 2741 5488 αὑτοῦ
2793 5433 2844 5484 εἰ
2895 5449 3045 5494 τινας
3103 5431 3457 5499 εὑρίσκουσιν
3511 5432 3572 5483 ἐν
3608 5434 3804 5496 αὐτοῖς

2215 5527 2508 5594 λοξότητας
2565 5525 2781 5593 εἰσοχάς
2829 5540 2889 5576 τε
2952 5525 3048 5575 καὶ
3096 5521 3309 5589 ἐξοχὰς,
3367 5522 3448 5583 εἱς
3510 5521 3806 5589 εὐθύτητα

2219 5616 2529 5680 ἁποξέουσι,
2563 5616 2654 5667 καὶ
2693 5613 2913 5684 όρθοῦσι
2957 5612 3020 5664 τὸ
3052 5611 3460 5679 ἐργαζόμενον⁸
3509 5611 3674 5665 τοῦτο
3710 5613 3806 5665 οὖν

2219 5706 2314 5759 καὶ
2343 5707 2433 5758 ἐπὶ
2475 5706 2583 5758 τῶν
2617 5705 2836 5774 βιδλίων
2867 5702 3074 5757 τούτων
3122 5704 3149 5755 6
3180 5701 3340 5769 λόγος
3393 5701 3590 5774 ὥσπερ
3621 5703 3806 5758 κανὼν

617 5823 689 5880 (α)
715 5825 854 5882 Apud
882 5824 1207 5879 Beverezium
1235 5826 1284 5875 in
1313 5824 1463 5879 notis.
1491 5838 1538 5879 ο.
1561 5825 1671 5884 221,
1706 5838 1765 5875 ex
1792 5826 1958 5876 codice
1987 5826 2392 5876 Amerbachiano.
2418 5825 2552 5876 Eorr.
