4018 6454
256 419 361 481 565

1196 415 1282 476 ΙΝ
1318 414 1565 477 EPIST.
1597 415 1662 477 S.
1695 415 2123 481 ATHANASII
2161 423 2263 483 AD
2300 423 2569 488 RUFIN.

3417 429 3524 493 566

257 537 551 603 ἐποίησεν·
584 528 885 586 ἀποδιελὼν
904 528 1049 583 αὒτά
1079 527 1190 583 τῶν
1226 528 1303 598 μὴ
1348 524 1527 618 ὀρθῷς
1577 527 1836 596 ἐχόντων,

1945 540 2053 587 tem
2084 537 2481 604 condemnans,
2515 549 2569 596 et
2599 541 2704 612 legi
2733 541 3051 610 prohibens.
3101 542 3299 618 Quare
3350 548 3523 599 etiam

262 625 398 678 ἀλλά
428 624 885 693 διεστραμμένων
908 635 924 653 ο
959 618 1057 674 καὶ
1085 619 1155 673 τά
1205 619 1304 689 μέν
1331 617 1589 691 ἐγκρίνας
1612 618 1707 671 καὶ
1746 618 1834 671 δο-

255 715 503 785 κιμάσας
525 714 620 769 καὶ
637 714 972 786 προθέμενος
993 713 1074 775 είς
1097 711 1406 780 ἀνάγνωσιν
1421 710 1537 771 τοῖς
1552 708 1802 762 εὐσεϐέσι
1818 722 1834 739 ·

253 806 325 861 τὰ
352 808 414 863 δὲ
445 807 853 875 ἀποδοκιμάσας
871 845 887 872 ,
929 802 1023 858 καὶ
1051 800 1317 875 ἀπείρξας
1345 798 1838 871 ἀναγινώσκεσθαι.

485 1009 853 1064 ΕΠΙΣΊὈΛΙΙ
890 1004 1085 1059 ΠΡΟΣ
1130 997 1655 1054 ΡΟΥΦΙΝΙΑΝΟΝ.

345 1123 535 1193 Κυρίῳ
562 1122 663 1191 υἱῷ
693 1120 787 1173 καὶ
811 1115 1176 1184 ποθεινοτάτῳ
1208 1110 1604 1184 συλλειτουργῷ
1643 1110 1857 1176 Ῥουφι-

272 1214 463 1285 νιανῷ,
513 1213 833 1273 ’Λθανάσιος
860 1211 919 1262 ἐν
944 1208 1135 1279 Κυρίῳ
1165 1205 1396 1276 χαίρειν.

264 1280 277 1289 ⁸
346 1280 424 1358 Si:
456 1305 555 1374 μὲν
606 1301 673 1356 τὰ
726 1301 827 1372 υίῷ
879 1296 1218 1369 ἠγαπημένῳ
1263 1294 1544 1365 πρέποντα
1720 1289 1853 1358 πρὸς

275 1394 495 1465 Πατέρα
522 1396 773 1465 γράφεις·
810 1392 1101 1459 ἐγγίσαντα
1131 1387 1260 1455 γοῦν
1312 1403 1369 1437 σε
1425 1383 1514 1437 διὰ
1555 1381 1649 1435 τοῦ
1677 1382 1854 1453 γράμ-

279 1502 447 1554 ματος
498 1482 981 1554 περιεπτυξάμην,
1047 1478 1263 1531 πάντων
1322 1474 1444 1544 ἐμοὶ
1514 1473 1854 1527 ποθεινότατε

287 1574 645 1642 Ῥουφινιανέ·
679 1571 834 1639 κάγὼ
863 1571 939 1633 δὲ,
968 1571 1043 1631 ὡς
1066 1566 1166 1637 υίῷ
1215 1566 1508 1634 δυνάμενος
1538 1564 1769 1635 γράφειν
1798 1561 1855 1615 ἓν

276 1681 335 1717 τε
361 1667 475 1727 τοῖς
653 1660 959 1734 προοιμίοις
1010 1659 1105 1712 καὶ
1136 1658 1320 1729 μέσοις
1374 1656 1468 1708 καὶ
1504 1653 1854 1737 τελευταίοις,

275 1754 527 1823 ἐπέσχον,
572 1754 660 1807 ἵνα
718 1753 791 1821 μὴ
842 1752 907 1803 ἐκ
936 1747 1274 1818 γραμμάτων
1324 1747 1357 1816 ἡ
1409 1744 1664 1806 σύστασις
1696 1743 1791 1796 καὶ
1818 1743 1855 1812 ὴ

1943 639 2064 693 quae
2091 627 2143 681 in
2171 628 2424 686 ultimum
2474 640 2789 690 sanctorum
2837 635 3209 706 apostolorum
3253 650 3519 694 canonem

1944 716 2145 787 scripta
2171 730 2311 775 sunt.

2069 1000 2179 1073 44
2197 1006 2559 1065 EPISTOLA
2613 1010 2708 1064 AD
2747 1009 3265 1068 RUFINIANUH.

2012 1118 2240 1173 Domino
2273 1122 2404 1185 filio,
2459 1130 2513 1176 et
2564 1123 2909 1191 optatissime
2955 1123 3334 1179 comministro
3360 1123 3510 1179 Ruti-

1940 1208 2125 1271 niano,
2154 1210 2481 1266 Athanasius
2503 1211 2557 1264 in
2592 1210 2819 1265 Domino
2843 1213 3098 1267 salutem.

2010 1297 2091 1352 Tu
2118 1300 2332 1368 quidem
2366 1316 2486 1369 qua:
2509 1302 2767 1355 dilectum
2803 1301 2971 1354 filium
2994 1302 3184 1355 decent
3203 1302 3269 1356 ad
3297 1301 3507 1357 Patrem

1940 1387 2170 1442 scribis:
2201 1397 2251 1442 te
2282 1390 2463 1459 itaque
2485 1390 2679 1444 litteris
2711 1392 3053 1445 accedentem
3092 1392 3197 1446 tuis
3225 1395 3510 1461 amplexus

1941 1493 2088 1543 sum,
2134 1479 2379 1534 omnium
2438 1480 2789 1536 dilectissime
2836 1481 2969 1535 mihi
3018 1481 3324 1536 Rutiniane.
3369 1483 3506 1538 Cum

1941 1578 2121 1621 autem
2179 1577 2233 1622 et
2277 1570 2331 1623 in
2389 1570 2654 1625 sermonis
2688 1571 2912 1626 exordio
2933 1582 2987 1626 et
3025 1572 3079 1625 in
3132 1573 3310 1627 medio
3358 1583 3411 1628 et
3454 1575 3507 1628 iu

1940 1657 2067 1721 fine,
2103 1658 2220 1722 tibi,
2272 1661 2427 1728 quasi
2485 1661 2596 1713 filio
2651 1662 2891 1715 scribere
2948 1676 3205 1731 possem,
3262 1677 3349 1717 me
3394 1664 3510 1731 ipse

1941 1747 2181 1811 cohibui,
2213 1763 2279 1802 ne
2305 1765 2367 1802 ex
2396 1749 2590 1803 litteris
2616 1752 3016 1805 commendatio
3046 1761 3098 1806 et
3132 1751 3504 1806 testimonium

279 1844 556 1914 μαρτυρία
598 1842 949 1917 γνωρίςηται.
985 1840 1056 1891 Σὺ
1085 1838 1193 1908 γὰρ
1240 1837 1362 1908 ἐμοὶ
1416 1833 1694 1903 ἐπιστολὴ,
1716 1832 1848 1887 κατά

1941 1836 2116 1904 palam
2175 1838 2344 1891 tieret.
2392 1836 2471 1891 Tu
2527 1839 2669 1892 enim
2741 1839 2873 1893 mihi
2934 1855 2992 1894 es
3050 1841 3308 1908 epistola,
3367 1842 3511 1895 sicut

271 1934 334 1986 τὸ
358 1933 763 2003 γεγραμμένον,
822 1930 1291 1998 ἐπιγινωσκομένη
1350 1926 1444 1979 καὶ
1490 1926 1857 1992 ἀναγινωσκο-

277 2024 411 2094 μένη
437 2027 494 2076 ἐν
527 2021 745 2091 καρδίᾳ.
773 2019 930 2074 Οὕτω
950 2019 1128 2072 τοίνυν
1179 2019 1401 2070 πίστευε
1582 2012 1855 2083 διακείμε-

1939 1923 2201 1992 scriptum
2235 1934 2320 1979 cst
2346 1926 2411 1989 ⁸³,
2446 1928 2624 1995 agnita
2653 1929 2896 1997 lectaque
2926 1930 2981 1982 in
3015 1931 3197 1985 corde.
3229 1929 3320 1984 Sic
3344 1930 3508 1997 igitur

1941 2014 2166 2077 credito,
2203 2024 2255 2069 et
2308 2016 2379 2069 ita
2435 2017 2656 2071 affectus
2685 2027 2825 2079 esto,
2882 2016 3042 2072 etiam
3069 2020 3293 2074 credito.
3320 2020 3508 2074 Saluto

273 2129 383 2174 νος,
409 2112 500 2164 ναὶ
560 2111 802 2164 πίστευε.
854 2108 1254 2179 Προσαγορεύω
1312 2123 1371 2159 σε
1424 2106 1519 2159 καὶ
1562 2104 1848 2174 προτρέπω

1938 2111 2014 2170 te,
2048 2113 2190 2159 etut
2234 2106 2505 2161 rescribas
2557 2108 2777 2174 hortor;
2828 2124 2939 2162 non
2988 2123 3179 2176 parum
3204 2110 3369 2172 enim,
3410 2109 3505 2163 sed

273 2203 526 2270 γράφειν·
561 2202 621 2254 οὐ
655 2201 764 2271 γὰρ
800 2200 1013 2266 ὀλίγως,
1070 2197 1205 2252 ἀλλὰ
1260 2195 1511 2273 μεγάλως
1546 2193 1848 2264 εὐφραίνεις

1940 2206 2284 2261 summopere
2341 2208 2445 2257 me,
2524 2196 2597 2249 ita
2641 2197 2867 2264 agendo,
2919 2197 3173 2251 delectas.
3234 2196 3504 2262 Quoniam

271 2291 429 2344 τοῦτο
457 2291 646 2343 ποιῶν.
824 2289 1042 2358 Ἐπειδὴ
1071 2288 1127 2340 δὲ
1180 2285 1483 2354 φιλοκάλως
1532 2283 1627 2335 καὶ
1653 2281 1848 2348 ἐκκλη-

1940 2292 2121 2336 autem
2148 2283 2390 2339 studiose
2415 2293 2469 2338 et
2512 2285 2899 2349 ecclesiastice,
2950 2294 3011 2340 ut
3049 2287 3231 2355 pietati
3256 2288 3505 2342 convenit

276 2380 600 2443 σιαστικῶς,
628 2378 786 2433 τοῦτο
819 2380 926 2449 γὰρ
949 2378 1110 2431 πάλιν
1140 2377 1341 2447 πρέπει
1371 2378 1439 2445 τῇ
1472 2377 1537 2443 σῇ
1574 2372 1848 2442 εὐλαϐείᾳ,

1940 2379 2069 2435 tute,
2132 2371 2477 2444 interrogasti
2535 2376 2601 2429 de
2634 2375 2700 2429 iis
2735 2376 2828 2443 qui
2876 2376 2928 2430 vi
2976 2377 3195 2445 quidem
3225 2376 3505 2441 subducti,

274 2468 568 2539 ἠρώτησας
593 2467 853 2537 περὶτῶν
908 2466 976 2519 δι’
1007 2465 1251 2534 ἀνάγκην
1312 2462 1688 2533 ὺποσυρέντων
1735 2462 1848 2529 μὲν¹

1940 2461 2073 2530 lapsi
2114 2473 2258 2524 sunt,
2286 2480 2382 2519 nec
2421 2474 2598 2519 tamen
2618 2481 2783 2534 prava
2826 2466 2931 2521 fide
2989 2469 3272 2536 corrupti:
3308 2477 3363 2522 et
3411 2482 3507 2522 voc

277 2561 353 2630 μὴ
380 2550 696 2629 φθαρέντων
740 2558 798 2610 δὲ
832 2560 889 2609 ὲν
917 2560 984 2628 τῇ
1032 2554 1380 2623 κακοπιστία,
1429 2554 1524 2606 καὶ
1577 2551 1848 2620 ἠθέλησας

1940 2551 2088 2606 luisti
2118 2569 2203 2607 me
2235 2557 2555 2620 rescribere,
2589 2572 2710 2626 quae
2733 2559 2798 2612 de
2832 2558 2961 2621 illis,
2991 2573 3115 2612 cum
3149 2559 3201 2611 iu
3257 2560 3500 2628 synodis,

266 2652 475 2722 ,γράνζιαι
518 2666 585 2720 με
618 2650 685 2703 τὰ
712 2649 936 2713 δόξαντα
964 2648 1093 2718 περὶ
1146 2645 1325 2699 αὐτῶν
1357 2646 1413 2696 ἐν
1452 2645 1573 2705 ταῖς
1620 2641 1848 2705 συνόδοις

1939 2653 2051 2698 tum
2081 2644 2277 2713 ubique
2303 2649 2435 2703 alias
2503 2649 2718 2703 decreta
2770 2659 2930 2715 sunt;
2988 2650 3125 2704 scito
3175 2649 3399 2704 Domine
3428 2651 3500 2703 mi

274 2740 369 2790 καὶ
400 2735 676 2806 πανταχοῦ
707 2752 722 2767 ο
855 2736 1114 2801 γίνωσκε,
1150 2733 1324 2804 Κύριέ
1356 2747 1455 2801 μου
1488 2729 1848 2789 ποθεινότατε.

1938 2733 2307 2800 Optatissime,
2375 2737 2427 2789 in
2504 2737 2770 2806 principio
2820 2738 3038 2807 quidem
3091 2752 3214 2791 cum
3272 2738 3355 2792 vis
3411 2737 3501 2791 illa

274 2830 355 2882 ὅτι
389 2829 449 2880 ἐν
476 2828 617 2896 ἀρχῇ
654 2826 774 2894 μὲν,
823 2824 1180 2892 παυσαμένης
1228 2822 1329 2890 τῆς
1371 2820 1660 2889 γινομένης
1714 2818 1848 2887 βίας,

1938 2822 2206 2887 desiisset,
2240 2834 2480 2880 coactam
2521 2827 2787 2897 synodum
2840 2826 3010 2881 fuisse
3056 2827 3189 2896 (99),
3224 2827 3503 2895 praesenti-

272 2919 462 2985 γέγονε
497 2915 735 2977 σύνοδος,
768 2915 1046 2986 παρόντων
1078 2912 1185 2964 ἀπὸ
1215 2911 1321 2964 τῶν
1372 2909 1477 2974 ἔξω
1523 2907 1701 2978 μερῶν
1733 2907 1848 2959 ἐπι-

1938 2912 2042 2966 bus
2072 2923 2378 2969 exterarum
2404 2917 2637 2983 partium
2671 2917 2943 2985 episcopis
2977 2936 2989 2970 :
3020 2918 3345 2970 celebratam
3372 2917 3499 2969 item

274 3007 512 3060 σκόπων·
542 3006 732 3073 γέγονε
752 3005 810 3057 δὲ
847 3004 945 3056 καὶ
974 3001 1127 3073 παρά
1152 3003 1265 3063 τοῖς
1291 3000 1390 3069 τὴν
1424 2999 1647 3051 Ἐλλάδα
1671 3012 1848 3049 κατοι-

1938 3004 2099 3058 aliam
2134 3003 2297 3058 fuisse
2330 3005 2469 3073 apud
2503 3005 2721 3059 Graeciaa
2768 3006 3191 3069 connuinistros,
3225 3007 3503 3077 nihiloque

273 3078 429 3147 κοῦσι
466 3093 914 3163 συλλειτουργοῖς·
943 3091 1095 3144 οὐδὲν
1110 3089 1167 3141 δὲ
1188 3085 1348 3159 ἦττον
1379 3088 1597 3150 καὶτοῖς
1629 3087 1687 3137 ὲν
1709 3085 1848 3137 Σπα-

1938 3092 2115 3146 secius
2141 3093 2275 3161 apud
2305 3093 2425 3148 illos
2464 3095 2557 3162 qui
2612 3096 2664 3148 in
2708 3093 2967 3164 llispania
3025 3104 3080 3149 et
3110 3096 3162 3148 in
3208 3094 3378 3149 Gallia
3407 3097 3503 3151 de-

271 3185 361 3254 νία
392 3186 486 3238 καὶ
515 3184 716 3256 Γαλλίᾳ
736 3202 748 3214 ·
788 3184 881 3237 καὶ
939 3183 1136 3253 ἧρεσεν
1270 3181 1407 3249 ὅπερ
1460 3172 1560 3231 ὦδε
1592 3176 1686 3230 καὶ
1720 3192 1853 3229 παν-

271 3271 437 3339 ταχοῦ
467 3306 482 3328 .
578 3270 717 3324 ὥστε
736 3274 847 3334 τοῖς
877 3272 973 3341 μὲν
995 3268 1459 3323 κακαπεπτωκόσι
1491 3267 1583 3321 καὶ
1606 3269 1851 3335 προῖστα·

266 3362 458 3431 μένοις
486 3363 588 3432 τῆς
610 3361 866 3423 ἀσεϐείας
930 3358 1323 3427 συγγινώσκειν
1371 3357 1468 3426 μὲν
1511 3353 1851 3424 μετανοοῦσι,

276 3451 351 3520 μὴ
376 3450 578 3503 διδόναι
603 3451 658 3503 δὲ
682 3451 867 3511 αὐτοῖς
904 3449 1067 3501 τόπον
1118 3448 1339 3517 κλήρουο
1400 3447 1511 3510 τοῖς
1555 3445 1612 3497 δὲ
1646 3443 1719 3513 μὴ
1755 3444 1853 3497 αὑ-

273 3540 517 3593 θεντοῦσι
584 3542 682 3610 μὲν
748 3540 847 3609 τῆς
909 3537 1197 3600 ἀσεϐείας,
1260 3538 1619 3606 παρασυρείοι
1672 3536 1728 3587 δὲ
1785 3535 1882 3587 δι’·

272 3629 522 3700 ἀνάγκην
554 3630 647 3682 καὶ
676 3629 818 3698 βίαν,
872 3628 1015 3693 ἔδοξε
1060 3625 1293 3680 δίδοσθαι
1359 3625 1456 3696 μὲν
1501 3624 1849 3694 συγγνώμην,

270 3720 417 3789 ἐχειν
442 3720 500 3772 δὲ
523 3721 620 3772 καὶ
648 3719 741 3771 τὸν
763 3719 925 3771 τόπον
947 3716 1038 3769 τοῦ
1085 3716 1308 3787 κλήρου·
1340 3714 1573 3784 μάλιστα
1597 3714 1678 3766 ὅτι
1716 3714 1852 3767 ἀποι-

272 3810 461 3877 λογίαν
510 3808 745 3877 πιθανὴν
804 3805 1146 3875 ἐπορίσαντο,
1192 3806 1283 3857 καὶ
1323 3804 1469 3869 ἔδοξε
1519 3801 1676 3856 τοῦτό
1733 3819 1849 3865 πως

271 3899 633 3969 οἰκονομικῶς
663 3896 939 3965 γενέσθαι.
1103 3892 1564 3948 Διεϐεϐαιώσαντο
1617 3895 1726 3965 γὰρ
1776 3894 1851 3965 μὴ

276 3987 717 4060 μεταϐεϐλῆσθαι
743 3987 824 4048 είς
854 3985 1128 4039 ἀσέϐειαν⁸
1160 3985 1245 4037 ἵνα
1285 3984 1341 4037 δὲ
1379 3985 1451 4054 μὴ
1487 3984 1851 4037 κατασταθὲν-

273 4094 363 4141 τες
392 4077 541 4139 τινὲς
570 4074 923 4128 ἀσεϐέστατοι
964 4074 1319 4142 διαφθείρωσι
1362 4071 1460 4134 τὰς
1503 4073 1846 4143 Ἐκκλησίας,

275 4167 477 4221 εἴλοντο
515 4166 714 4236 μᾶλλον
750 4165 1074 4235 συνδραμεῖν
1132 4168 1198 4234 τῇ
1230 4165 1321 4233 βίᾳ
1351 4167 1444 4217 καὶ
1479 4164 1740 4233 βαστάσαι
1786 4167 1849 4220 τὸ

278 4259 460 4330 βάρος,
485 4259 517 4328 ἦ
545 4258 710 4318 λαοὺς
736 4257 1050 4309 ἀπολέσθαι.
1081 4255 1251 4308 Τοῦτο
1382 4256 1436 4308 δὲ
1459 4256 1707 4323 λέγοντες
1735 4256 1849 4309 ἔδο-

278 4345 371 4411 ξαν
404 4348 535 4417 ἡμῖν
563 4344 806 4407 πιθανῶς
834 4343 1030 4410 λέγειν·
1070 4343 1156 4395 διὰ
1190 4343 1251 4395 τὸ
1301 4343 1395 4395 καὶ
1422 4339 1847 4411 προφασίζεσθαι

1938 3190 2069 3249 gunt
2107 3202 2119 3236 :
2176 3192 2336 3251 atque
2371 3184 2603 3252 idipsum
2638 3184 2725 3239 hic
2755 3193 2807 3238 et
2853 3185 3053 3253 ubique
3086 3184 3374 3252 placuisse,
3415 3187 3502 3239 ni-

1939 3270 2134 3322 mirum
2164 3280 2219 3324 ut
2271 3271 2337 3325 iis
2390 3272 2481 3340 qui
2515 3271 2649 3341 lapsi
2679 3281 2824 3332 sunt,
2881 3270 2927 3324 si
2970 3270 3260 3337 impietatis
3299 3268 3501 3325 fuerint

1936 3358 2193 3427 praefecti,
2225 3362 2378 3413 venia
2411 3362 2762 3424 concedatur,
2803 3360 2849 3413 si
2904 3360 3122 3428 quidem
3155 3360 3496 3428 resipiscam,

1938 3464 2036 3502 nec
2060 3448 2215 3502 detur
2243 3456 2423 3503 tamen
2486 3450 2538 3503 iu
2576 3450 2722 3505 clero
2753 3449 2907 3503 locus
2943 3468 2957 3503 :
2992 3449 3057 3502 iis
3094 3464 3220 3502 vero
3254 3450 3347 3518 qui
3397 3450 3501 3502 im-

1937 3541 2120 3608 pietati
2157 3541 2479 3609 patrocinati
2504 3557 2611 3595 non
2647 3550 2796 3603 sunt,
2826 3541 2918 3595 sed
2950 3541 3265 3593 necessitate
3295 3555 3357 3594 ac
3384 3541 3500 3595 vio-

1938 3626 2100 3681 lentia
2136 3630 2290 3683 tracti
2328 3628 2498 3692 fuere,
2533 3629 2807 3684 decretum
2853 3638 2955 3691 est,
2991 3637 3130 3682 utet
3162 3632 3317 3683 venia
3370 3644 3501 3684 con-

1935 3721 2178 3782 cedatur,
2201 3726 2253 3772 et
2281 3717 2335 3772 in
2368 3718 2513 3773 clero
2537 3718 2695 3773 detur
2723 3719 2910 3781 locus;
2975 3720 3321 3786 potissimum
3371 3721 3499 3790 quia

1935 3814 2355 3860 consentaneum
2402 3807 2702 3863 attulerunt
2757 3808 3186 3871 excusationem,
3255 3819 3308 3863 et
3355 3813 3500 3879 quod

1934 3897 2234 3949 (economia
2270 3897 2504 3965 quadam
2534 3897 2587 3951 id
2620 3897 2821 3953 factum
2866 3899 3130 3953 videatur.
3151 3898 3501 3954 Afﬁrmabant

1934 3983 2131 4050 quippe
2153 3997 2210 4037 se
2236 3984 2461 4039 minime
2491 3985 2543 4038 in
2574 3986 2904 4054 impietatem
2938 3986 3120 4056 lapsos
3169 3986 3337 4042 fuisse
3366 4006 3377 4040 :
3404 3989 3498 4041 sed

1935 4085 2001 4124 ne
2047 4071 2358 4140 impiissimi
2409 4074 2629 4142 quidam
2687 4076 2935 4131 homines
3002 4076 3067 4131 ad
3123 4078 3497 4145 episcopatum

1931 4159 2123 4222 evecti,
2152 4156 2427 4214 Ecclesias
2487 4173 2917 4230 corrumperent,
2968 4178 3028 4219 se
3076 4165 3333 4219 maluisse
3375 4179 3498 4218 cum

1932 4247 2186 4304 violentia
2242 4266 2598 4315 concurrere,
2652 4262 2704 4305 et
2772 4253 2825 4306 id
2881 4255 3064 4308 oneris
3121 4253 3282 4316 ferre,
3337 4269 3500 4323 quam

1932 4337 2162 4404 populos
2192 4339 2434 4407 perdere.
2492 4338 2617 4395 Ilaec
2674 4340 2750 4394 illi
2792 4343 2949 4395 verba
2985 4357 3094 4396 non
3120 4343 3218 4397 abs
3242 4359 3299 4397 re
3352 4344 3500 4412 loqui

275 4439 469 4498 αὐτοὺς
487 4438 576 4489 τὸν
621 4434 830 4500 Ἀαρὼν
857 4437 944 4487 τὸν
994 4435 1087 4485 τοῦ
1134 4432 1409 4494 Μωῦσέως
1444 4430 1668 4499 ἀδελφὸν
1692 4434 1750 4484 ὲν
1776 4434 1843 4501 τῇ

1938 4425 2090 4480 nobis
2114 4426 2215 4481 visi
2258 4438 2386 4483 sunt
2417 4448 2431 4484 :
2492 4432 2639 4500 quod
2698 4433 2934 4487 maxime
2966 4433 3068 4501 ipsi
3116 4435 3167 4487 in
3196 4436 3499 4503 exemplum

281 4507 466 4577 ἐρήμῳ
492 4507 816 4575 συνδραμεῖν
846 4509 940 4576 μὲν
972 4510 1036 4575 τῇ
1068 4506 1161 4559 τοῦ
1190 4507 1316 4559 λαοῦ
1347 4510 1670 4577 παραύάσει·
1701 4514 1838 4565 ἀπο-

1938 4511 2207 4579 aﬂ‘errent,
2241 4517 2530 4580 Aaronem,
2556 4513 2753 4581 Moysis
2784 4514 3024 4577 fratrem,
3065 4516 3117 4568 in
3148 4501 3368 4567 deserta
3404 4528 3501 4583 po-

280 4594 462 4661 λογίαν
493 4594 551 4647 δέ
584 4595 896 4663 ἐσχηκέναι,
923 4595 1008 4647 ἵνα
1037 4596 1111 4664 μὴ
1165 4598 1192 4648 ὁ
1241 4596 1365 4659 λαὸς

280 4681 356 4741 είς
387 4682 661 4747 Αἴγυπτον
717 4682 971 4753 επεμείνῃ
1027 4685 1091 4751 τῇ
1138 4682 1563 4755 είδωλολατρείᾳ·
1614 4688 1706 4738 καὶ
1737 4688 1845 4756 γὰρ

282 4762 343 4836 ἢν
369 4768 430 4820 τὺ
466 4767 789 4837 φαινόμενον
814 4768 1049 4836 εὔλογον·
1080 4772 1161 4823 δτι
1197 4773 1445 4841 μένοντες
1471 4776 1529 4827 ἐν
1561 4776 1626 4843 τῇ
1656 4775 1845 4844 ἐρήμῳ

280 4851 525 4909 δύνανται
554 4852 864 4906 παύσασθαι
903 4855 1001 4925 τῆς
1029 4857 1300 4920 ἀσεϐείας*
1325 4860 1653 4925 εἰσελθόντες
1681 4863 1736 4915 δὲ
1767 4865 1845 4925 εἰς

281 4940 564 5007 Αἴγυπτον,
626 4942 972 5012 ἐπετρίϐοντο
1032 4947 1125 4998 καὶ
1170 4947 1396 5016 ηῡξανον
1437 4952 1493 5003 ἐν
1632 4950 1841 5013 ἑαυτοῖς

280 5029 373 5098 τὴν
398 5031 676 5083 ἀσέϐειαν.
726 5032 939 5086 Τούτων
988 5035 1164 5087 τοίνυν
1217 5038 1379 5089 ἕνεκα
1422 5040 1759 5106 συγγνωστὸν
1781 5041 1843 5094 τὸ

281 5120 410 5189 πρὸς
440 5119 529 5172 τὸν
558 5120 760 5190 κλῆρον
787 5122 995 5189 γέγονε*
1025 5127 1134 5186 τοῖς
1159 5125 1214 5177 δὲ
1249 5128 1571 5196 ἁπατηθεῖσι
1603 5130 1695 5181 καὶ
1722 5129 1841 5197 βίαν

283 5209 503 5262 παθοῦσι
557 5209 856 5281 συγγνώμη
913 5211 1128 5265 δίδοται.
1176 5213 1359 5269 Ταῦτα
1534 5218 1628 5270 καὶ
1677 5222 1741 5288 τῇ
1775 5222 1839 5289 σῇ

281 5298 525 5371 εὐσεϐείᾳ
544 5298 710 5369 δηλῶ,
736 5298 974 5370 θαρρῶν,
1011 5302 1091 5353 ὃτι
1119 5303 1211 5354 καὶ
1242 5305 1309 5357 τά
1334 5305 1556 5369 δόξαντα
1586 5307 1841 5371 ἀποδέξε-

280 5388 362 5441 ταί
395 5405 485 5441 σου
517 5392 549 5459 ἡ
580 5373 988 5449 θεοσέϐεια,καὶ
1019 5393 1078 5443 οὐ
1114 5395 1516 5461 καταγνώσεται
1538 5396 1841 5468 ἐκεχειρίας

281 5476 379 5527 τῶν
414 5476 778 5529 συνελθόντων
810 5477 997 5540 οὕτως.
1051 5481 1398 5546 Καταξίωσον
1450 5485 1505 5537 δὲ
1536 5486 1676 5539 αὐτὰ
1707 5487 1842 5556 ἀναε-

281 5567 472 5632 γνῶναι
506 5568 586 5637 τῷ
608 5567 872 5637 γίερατείῳ
895 5571 987 5622 καὶ
1015 5570 1091 5639 τῷ
1121 5571 1234 5641 λαῷ
1270 5571 1348 5642 τῷ
1379 5575 1483 5629 ὑπὸ
1516 5577 1575 5628 σὲ
1602 5614 1618 5637 ,
1730 5578 1837 5642 fva,

282 5656 367 5707 καὶ
391 5658 545 5709 αὐτοὶ
578 5654 956 5725 γινώσκοντες,
994 5659 1066 5728 μὴ
1101 5660 1419 5729 μέμφωνται
1449 5663 1590 5724 οὕτω
1620 5666 1678 5718 σὲ
1732 5667 1842 5720 δια-

283 5742 519 5810 κείμενον
547 5746 675 5815 περὶ
707 5746 830 5809 τοὺς
858 5746 1145 5812 τοιούτους.
1195 5750 1462 5815 Ἀποεπὲς
1509 5754 1614 5822 γὰρ
1642 5750 1706 5824 ἦν
1742 5756 1837 5825 ἐμὲ

1515 4596 1839 4665 ἐπιστρέψας

1946 4603 2055 4669 puli
2081 4604 2506 4671 prazvaricationi
2534 4605 2879 4659 concurrisse
3004 4619 3019 4656 :
3156 4603 3294 4656 bane
3321 4614 3497 4656 tamen

1944 4694 2349 4747 excusationem
2411 4693 2690 4757 habuisse,
2761 4710 2830 4747 ne
2894 4694 3129 4763 populus
3181 4693 3385 4747 scilicet
3446 4693 3499 4745 in

1943 4779 2232 4851 Egyptum
2259 4797 2509 4837 reversus
2538 4782 2593 4836 in
2620 4783 2916 4837 idololatria
2953 4791 3290 4851 permaneret
3324 4800 3338 4836 :
3375 4797 3500 4836 nam

1943 4872 1994 4924 id
2030 4871 2222 4924 rationi
2250 4880 2392 4925 certe
2424 4882 2850 4927 consentaneum
2889 4872 3204 4936 videbatur;
3234 4871 3499 4939 siquidem

1942 4956 1995 5007 in
2029 4956 2245 5008 deserto
2296 4951 2623 5022 'mauentes,
2690 4966 2941 5026 peterant
2998 4958 3289 5026 impietatis
3337 4959 3500 5011 tinent

1943 5042 2135 5106 facere,
2160 5042 2243 5096 sin
2275 5052 2455 5097 autem
2484 5044 2535 5097 in
2574 5042 2864 5114 [Egyptum
2915 5045 3141 5112 ingressi
3164 5043 3410 5105 fuissent,
3443 5044 3499 5097 in

1943 5135 2212 5202 impietate
2250 5134 2446 5186 versati
2472 5134 2724 5201 auctique
2758 5133 3009 5188 fuissent.
3066 5133 3403 5203 Quapropter
3429 5134 3499 5187 ad

1939 5221 2141 5274 clerum
2175 5220 2377 5273 reditus
2401 5220 2506 5274 illis
2530 5234 2820 5275 concessus
2845 5230 2963 5286 est;
3009 5221 3078 5276 iis
3121 5222 3263 5274 enim
3291 5222 3382 5290 qui
3411 5224 3501 5275 de-

1939 5310 2075 5377 cepti
2110 5318 2161 5364 et
2187 5309 2294 5362 vim
2327 5308 2475 5377 passi
2534 5320 2660 5364 sunt
2719 5310 2876 5364 venia
2918 5308 3078 5363 facile
3136 5312 3318 5364 datur.
3373 5308 3502 5366 llaec

1940 5408 2043 5452 tuae
2066 5413 2279 5467 quoque
2320 5398 2506 5466 pietati
2546 5399 2817 5469 significo,
2850 5399 3154 5464 confidens,
3188 5410 3335 5454 tuam
3371 5402 3502 5455 reli-

1939 5489 2148 5557 gionem
2182 5503 2302 5557 quae
2337 5490 2550 5543 decreta
2598 5498 2727 5545 sunt
2759 5501 3155 5560 suscepturam,
3184 5508 3282 5546 nec
3305 5491 3501 5547 lenita-

1941 5591 2043 5635 tem
2071 5597 2256 5635 eorum
2293 5583 2382 5651 qui
2407 5598 2707 5639 convenere
2732 5584 3135 5639 damnaturam.
3176 5584 3297 5640 Haec
3321 5586 3500 5657 legere

1937 5670 2175 5739 digneris
2198 5671 2367 5725 sacris
2400 5672 2664 5726 ministris
2711 5682 2761 5726 et
2796 5673 2993 5742 pepulo
3026 5675 3118 5744 qui
3154 5675 3249 5729 tibi
3279 5676 3496 5740 subest;

1939 5767 1995 5812 ut
2028 5767 2079 5811 et
2106 5761 2203 5828 ipsi
2232 5760 2314 5814 his
2347 5762 2656 5830 compertis,
2691 5771 2742 5817 te
2796 5763 2937 5819 circa
2976 5764 3096 5820 illos
3138 5763 3208 5819 ita
3248 5764 3497 5820 affectum
