4018 6454
501 396 600 460 567

1716 389 1987 449 THEOD.
2021 390 2249 451 BALSA
2261 386 2418 446 ΜΟΝ

3634 397 3744 459 568

496 519 600 558 non
631 515 940 576 coarguant.
983 506 1092 561 Abs
1114 521 1173 560 re
1199 507 1340 560 enim
1368 514 1508 561 esset
1537 519 1623 558 me
1644 504 1894 566 scribere,
1918 517 2039 556 cum

2176 498 2421 566 γράφειν,
2450 499 2749 571 δυναμένης
2779 503 2876 571 τῆς
2908 507 3004 575 σῆς
3024 507 3304 571 εὐλαϐείας
3341 511 3432 561 καὶ
3459 512 3554 579 τὴν
3583 512 3748 580 ἡμῶν

495 607 583 654 tua
612 599 781 668 pietas
816 597 1008 665 possit,
1043 607 1096 651 et
1149 605 1392 650 nostrum
1438 611 1564 663 erga
1615 595 1735 647 illos
1793 591 2041 645 aﬂ'ectum

495 690 760 748 mintiare,
789 699 839 741 et
870 689 1050 742 omnia
1074 701 1193 754 qua:
1221 685 1417 739 desunt
1469 686 1708 752 implere.
1741 683 1921 738 Gratia
1946 682 2043 734 Do-

494 779 663 841 mino,
695 779 786 846 qui
813 778 1049 846 implevit
1074 787 1124 830 te
1151 778 1298 829 omni
1330 776 1494 829 verbo
1517 785 1570 828 et
1613 774 1757 828 omni
1796 774 2040 827 scientia.

492 869 594 935 Qui
625 869 805 936 itaque
841 867 1211 935 paenitentiam
1252 874 1437 934 agunt,
1488 865 1833 918 anathemate
1891 863 2043 916 dam-

495 966 641 1016 nent,
670 968 924 1023 expresso
957 953 1198 1018 nomine,
1244 969 1464 1022 pravam
1514 952 1705 1006 Euzoii
1733 961 1787 1006 et
1817 950 2043 1004 Eudoxii

493 1047 814 1098 doctrinam.
845 1044 922 1097 Illi
972 1044 1114 1097 enim
1166 1045 1380 1097 Arianae
1413 1044 1682 1096 hareseos
1725 1043 1959 1111 patroni,
1987 1041 2040 1093 in

493 1136 770 1188 Christum
835 1133 1270 1202 blasphemantes
1345 1142 1648 1185 creaturam
1732 1146 1856 1184 eum
1925 1145 2044 1184 esse

495 1225 852 1292 scripserunt.
899 1223 1266 1276 Conﬁteantur
1316 1237 1529 1290 quoque
1587 1221 1743 1274 tidem
1795 1218 1984 1273 Nicaeae
2013 1235 2044 1272 a

496 1313 743 1366 Patribus
792 1313 1149 1375 declaratam,
1208 1319 1262 1364 et
1309 1311 1512 1363 nullam
1570 1311 1728 1362 aliam
1781 1308 2045 1378 synodum

497 1403 622 1456 huic
689 1410 1032 1471 anteponant.
1107 1399 1292 1453 Saluta
1366 1398 1560 1453 fratres
1616 1399 1706 1468 qui
1787 1398 1928 1466 apud
1994 1407 2046 1450 te

498 1501 653 1554 sunt;
703 1491 796 1560 qui
859 1491 1000 1561 apud
1050 1505 1136 1544 me
1183 1490 1404 1560 degunt,
1459 1499 1511 1545 te
1562 1489 1616 1544 in
1678 1488 1905 1543 Domino
1956 1501 2047 1542 sa-

496 1581 763 1713 Ῐωὲλῖδ.
796 1657 874 1712 De
906 1657 996 1722 iis,
1028 1659 1119 1725 qui
1138 1656 1307 1712 idolis
1356 1657 1633 1712 immolata
1683 1658 2059 1720 comederunt.

500 1763 549 1804 et
575 1753 666 1820 qui
702 1751 860 1806 idolis
901 1751 1295 1816 sacriﬁcarunt,
1337 1758 1572 1822 synodus
1624 1753 1974 1822 Gangrensis,
2007 1763 2060 1807 et

499 1841 670 1893 sancti
699 1838 840 1893 Petri
870 1841 1262 1909 archiepiscopi
1316 1841 1684 1905 Alexandrini,
1710 1851 1763 1897 et
1787 1843 2058 1912 martyris,

481 1946 734 1985 .nuuones
765 1930 871 2001 45
907 1931 1075 1985 fusius
1110 1941 1362 1987 tractant.
1392 1931 1637 1987 Praesens
1669 1943 1853 1987 autem
1889 1935 2058 1987 sancti

498 2022 777 2077 Athanasii
823 2023 1048 2090 epistola
1110 2031 1304 2077 tractat
1363 2025 1429 2078 de
1495 2025 1582 2088 iis,
1635 2025 1727 2092 qui
1794 2024 2060 2078 haereticis

498 2115 1037 2178 communicarunt,et
1064 2116 1130 2169 ad
1157 2115 1449 2172 Ecclesiam
1489 2115 1768 2170 accedunt.
1795 2117 1870 2168 Ad
1896 2113 2061 2168 Rulli-

499 2202 716 2254 nianum
751 2201 917 2266 enim,
947 2202 1038 2269 qui
1089 2201 1237 2256 illum
1293 2204 1739 2270 interrogaverat,
1787 2203 2057 2268 scribens,

495 2305 718 2350 sanctus
748 2300 846 2360 ait,
875 2297 1046 2365 quod,
1071 2298 1164 2366 qui
1201 2297 1336 2367 lapsi
1361 2306 1488 2352 sunt
1511 2306 1563 2352 et
1600 2298 1868 2353 haereticis
1911 2313 2061 2352 com-

497 2389 847 2441 mnnicarunt
872 2397 926 2441 et
972 2389 1269 2457 impietatis
1293 2390 1575 2458 praesides,
1601 2399 1653 2444 et
1680 2391 1893 2460 patroni
1941 2388 2060 2442 fue-

497 2487 648 2544 runt,
684 2480 749 2532 ad
777 2481 1147 2548 paenitentiam
1175 2481 1392 2549 quidem
1435 2481 1834 2536 admittuntur:
1867 2481 1913 2536 si
1963 2495 2062 2533 au-

497 2584 601 2626 tem
633 2575 740 2626 sint
773 2574 976 2638 clerici,
1002 2574 1085 2628 vel
1123 2575 1255 2629 alias
1295 2576 1348 2629 in
1393 2577 1563 2630 sacris
1617 2577 1918 2641 ordinibus,
1969 2587 2060 2630 sa-

491 2663 739 2718 cerdotio
768 2665 911 2731 digni
943 2680 1046 2718 non
1079 2666 1366 2720 habentur.
1418 2666 1520 2732 Qui
1557 2676 1734 2722 autem
1767 2667 2060 2734 impietatis

497 2771 602 2808 non
646 2756 842 2811 fuerint
896 2768 1165 2819 auctores,
1211 2773 1305 2813 seu
1353 2759 1442 2828 qui
1489 2775 1585 2814 sua
1643 2761 1964 2816 auctoritate
2006 2771 2059 2815 et

497 2841 770 2896 voluntate
803 2858 924 2897 cum
964 2845 1233 2899 ha'reticis
1263 2861 1371 2900 non
1402 2849 1936 2913 communicaveriut,
1965 2851 2058 2903 sed

495 2945 523 2981 ιι
550 2933 749 2998 pietate
783 2933 851 2986 ad
891 2934 1217 3003 impietatem
1260 2937 1310 2990 vi
1359 2937 1512 2991 tracti
1557 2937 1792 3002 fuerint;
1852 2939 1898 2992 si
1951 2938 2060 2993 sint

492 3025 707 3091 quidem
741 3025 945 3092 clerici,
978 3035 1028 3080 et
1067 3028 1220 3081 venia
1263 3029 1408 3099 digni
1437 3029 1721 3094 habentur,
1771 3039 1825 3084 et
1849 3045 1877 3083 a
1912 3029 2060 3083 clere

2173 589 2298 654 περὶ
2325 589 2518 652 αὐτοὺς
2535 591 2768 646 διάθεσιν
2796 595 3146 662 ἀπαγγείλαι,
3174 601 3266 652 καί
3323 601 3500 653 πάντα
3537 603 3606 654 τὰ
3632 601 3747 656 λεε-

2173 696 2340 731 ποντα
2401 683 2819 755 ἀποπληρῶσαι.
2874 687 3048 756 Χάρις
3098 687 3174 757 τῷ
3227 691 3416 760 Κυρίῳ
3463 691 3542 762 τῷ
3599 693 3744 764 πλη-

2175 768 2405 838 ρώσαντί
2436 788 2492 823 σε
2525 772 2582 824 ἐν
2620 777 2781 826 παντὶ
2805 775 2946 845 λόγῳ
2985 779 3078 829 καὶ
3110 779 3259 850 πάσῃ
3293 781 3512 847 γνώσει.
3548 784 3611 835 Οί
3645 785 3752 852 μὲν

2171 856 2263 912 οῦν
2288 861 2668 928 μετανοοῦντες
2700 866 2944 935 φανερῶς
2973 867 3515 938 ἀναθεματιζέτωσαν
3545 873 3747 936 ὀνομά-

2172 947 2352 1010 ζοντες
2383 950 2629 1015 Εὑδοξίου
2665 953 2758 1004 καὶ
2785 955 3020 1018 Εύζωῖου
3047 955 3144 1028 τὴν
3169 961 3512 1025 κακοδοξίαν.
3639 964 3750 1013 Δύ-

2170 1037 2252 1088 ’τοὶ⁵
2273 1039 2380 1107 γὰρ
2403 1040 2583 1092 λοιπὸν
2619 1040 3058 1112 βλασφημοῦντες
3083 1074 3104 1108 ,-
3160 1047 3322 1099 αὑτὸν
3372 1049 3580 1117 κτίσμα
3639 1052 3753 1102 ἀπ-

2170 1128 2479 1197 εγράψαντο
2518 1131 2615 1199 τῆς
2651 1134 2924 1202 Ἀρειανῆς
2953 1135 3214 1204 αἱρέσεως
3232 1139 3549 1207 προστάται.
3582 1140 3751 1210 Ὁμο-

2173 1216 2495 1284 λογεὶτωσαν
2545 1219 2601 1272 δέ
2650 1222 2746 1290 τὴν
2801 1223 2858 1272 ἐν
2880 1223 3081 1293 Νικαίᾳ
3135 1225 3284 1294 παρὰ
3330 1225 3434 1278 τῶν
3470 1228 3750 1298 Πατέρων

2169 1307 2580 1376 ὁμολογηθεῖσαν
2615 1310 2810 1372 πίστιν,
2864 1312 2957 1363 καὶ
3017 1312 3280 1381 μηδεμίαν
3325 1314 3489 1385 ἄλλην
3521 1317 3748 1371 σύνοδον

2171 1398 2480 1467 προκρίνειν
2507 1398 2705 1467 ταύτης
2732 1400 2827 1467 τῆς
2862 1401 3096 1454 συνόδου.
3148 1403 3417 1472 Πρόσειπε
3449 1406 3546 1475 τὴν
3577 1409 3736 1475 παρὰ

2174 1484 2255 1535 σοὶ
2301 1484 2658 1554 ἀδελφότητα·
2705 1485 2766 1537 σὲ
2810 1488 2844 1552 ἡ
2887 1487 2983 1540 σὺν
3035 1489 3164 1558 ἡμῖν
3210 1491 3267 1540 ἐν
3318 1490 3507 1561 Κυρίῳ
3555 1509 3745 1562 προσ-

2171 1573 2438 1642 αγορεύει.

2241 1663 2438 1717 ΒΛΛΣ.
2467 1665 2600 1734 Περὶ
2633 1666 2740 1718 τῶν
2771 1665 3094 1719 εἰδωλόθυτα
3145 1666 3452 1732 φαγόντων,
3486 1664 3583 1716 καὶ
3610 1663 3752 1730 περὶ

2167 1752 2274 1805 τῶν
2300 1753 2577 1807 θυσάντων
2607 1759 2718 1816 τοῖς
2765 1757 3023 1818 εἰδώλοις,
3062 1758 3094 1824 ἠ
3147 1758 3211 1827 ἐν
3239 1755 3471 1824 Γάγγρᾳ
3517 1753 3752 1815 σύνοδος

2165 1846 2256 1896 καὶ
2315 1847 2362 1896 οἱ
2411 1847 2633 1908 κανόνες
2681 1847 2774 1898 τοῦ
2812 1846 2965 1913 ἀγίου
3022 1847 3232 1916 Πέτρου
3293 1845 3750 1917 ἀρχιεπισκὸπου

2177 1935 2580 2005 Ἀλεξανδρείας
2608 1938 2702 1989 καὶ
2736 1938 3011 2006 μάρτυρος
3042 1937 3380 2006 πλατύτερον
3420 1936 3750 2003 διαλαμϐἀο

2162 2044 2364 2079 νουσιν.
2400 2025 2464 2079 Ἥ
2503 2029 2559 2080 δὲ
2590 2028 2840 2096 παροῦσα
2882 2028 3137 2098 ἐπιστολὴ
3175 2029 3271 2082 τοῦ
3303 2029 3465 2094 ἁγίου
3497 2029 3750 2082 Ἀθανα-

2165 2119 2283 2170 σίου
2314 2117 2669 2186 διαλαμϐάνει
2693 2121 2822 2188 περὶ
2849 2117 2956 2171 τῶν
2999 2119 3556 2187 συγκοινωνησὰντων
3590 2121 3757 2187 αἱρε-

2160 2212 2352 2275 τικοῖς,
2385 2211 2477 2263 καὶ
2533 2211 2986 2280 προσερχομένων
3013 2214 3079 2279 τῇ
3109 2211 3427 2279 Ἐκκλησία.
3459 2211 3598 2278 Φησῖ
3626 2210 3747 2281 γὰρ

2161 2302 2190 2353 ὁ
2223 2301 2379 2368 ἅγιος
2410 2299 2741 2353 ἐπιστέλλων
2768 2301 2904 2371 πρὸς
2930 2301 3031 2354 τὸν.
3049 2299 3753 2370 ἐρωτήσανταῬουφιανὶν

2161 2393 2243 2445 ὅτι
2263 2392 2322 2444 ὀί
2374 2392 2448 2462 μὴ
2481 2393 2989 2460 παραπεπτωκότες
3021 2394 3116 2444 καὶ
3143 2391 3580 2459 κοινωνήσαντες
3626 2395 3752 2452 τοῖς

2161 2481 2482 2549 αἱρετικοῖς,
2531 2481 2624 2532 καὶ⁵
2659 2480 2960 2550 προστάται
3004 2481 3098 2532 καὶ
3132 2479 3424 2546 συνήγοροι
3457 2477 3560 2546 τῆς
3603 2481 3751 2530 ἀσε-

2162 2571 2313 2632 ϐείας
2338 2572 2640 2641 γενόμενοι,
2675 2573 2754 2633 είς
2788 2571 3080 2640 μετάνοιαν
3113 2571 3210 2639 μὲν
3238 2570 3508 2639 δέχονται,
3542 2570 3750 2638 κληρι-

2161 2664 2246 2717 κοὶ
2274 2663 2330 2716 δὲ
2357 2664 2507 2724 ὄντες
2533 2662 2566 2730 ἢ
2609 2662 2780 2721 ἄλλως
2831 2663 3114 2731 ίερωμένοι
3147 2662 3246 2727 τῆς
3290 2659 3598 2727 ἱερωσύνης
3643 2659 3753 2712 οὐκ

2160 2755 2456 2821 ἀξιοῦνται.
2506 2754 2570 2807 Oi
2619 2753 2691 2822 μὴ
2714 2751 3097 2814 αὑθεντοῦντες
3147 2753 3285 2820 ὑπὲρ
3320 2751 3421 2819 τῆς
3453 2750 3749 2816 ἀσεϐείας,

2159 2847 2327 2915 ῆγουν
2354 2846 2426 2914 μὴ
2465 2844 2605 2898 κατὰ
2631 2842 2917 2895 αὑθεντίαν
2944 2844 3037 2895 καὶ
3063 2843 3205 2894 κατά
3231 2841 3482 2894 ἑκούσιον
3508 2839 3750 2909 γνώμην

2161 2939 2581 3004 κοινωνήσαντες
2615 2936 2726 2996 τοῖς
2749 2935 3065 3003 αίρετικοτς,
3105 2934 3238 2986 ἀλλά
3271 2933 3464 3000 βιαίως
3501 2932 3743 2998 ἐξελκυο

2162 3027 2376 3088 σθέντες
2405 3027 2511 3079 ἀπὸ
2538 3028 2634 3093 τῆς
2685 3025 2973 3086 εὐσεϐείας
3017 3025 3098 3086 είς
3147 3023 3424 3083 ἀσέϐειαν,
3476 3021 3747 3092 κληρικοὶ

493 3129 596 3167 non
630 3116 1004 3187 abalienantur
1049 3135 1062 3171 :
1091 3133 1266 3186 eoque
1299 3123 1488 3190 magis,
1526 3121 1666 3189 quod
1716 3129 1969 3174 asserunt
2001 3134 2049 3172 se

2160 3117 2332 3180 ὄντες,
2393 3117 2720 3186 συγγνώμης
2753 3114 3050 3178 ἀξιοῦνται,
3103 3113 3198 3166 καὶ
3245 3112 3339 3165 τοῦ
3389 3112 3598 3181 κλήρου
3640 3112 3749 3163 οὐκ

492 3205 556 3257 ad
586 3205 912 3275 impietatem
957 3224 1060 3262 non
1095 3210 1262 3265 fuisse
1295 3212 1602 3276 traductos,
1640 3225 1732 3265 seu
1775 3209 2054 3264 haeretico-

492 3307 609 3346 rum
649 3296 926 3350 sententize
980 3311 1084 3350 non
1135 3297 1302 3353 fuisse
1347 3313 1620 3360 assensos,
1677 3299 1770 3354 sed
1823 3300 2052 3367 quodam

489 3385 712 3440 consilio
743 3387 822 3441 eis
849 3391 1300 3455 communicasse,
1335 3405 1401 3444 ne
1441 3392 1506 3445 iis
1562 3390 1629 3445 ab
1665 3391 1911 3446 ecclesiis
1961 3404 2054 3444 ex-

488 3477 677 3546 pulsis,
725 3481 813 3534 alii
846 3481 996 3549 impil
1029 3483 1081 3536 in
1111 3497 1299 3538 eorum
1334 3483 1509 3538 locum
1555 3484 2050 3545 introducerentur,

487 3581 540 3623 ιτι
573 3573 825 3640 pupulum
877 3575 1232 3628 orthodoxam
1279 3583 1706 3643 corrumperent.
1764 3573 1876 3630 Visi
1926 3584 2054 3630 aunt

491 3660 670 3728 igitur,
705 3663 904 3732 inquit,
931 3665 1044 3718 haec
1083 3664 1266 3719 dicere
1287 3665 1658 3732 probabiliter,
1697 3666 1874 3719 Aaron
1909 3679 2045 3731 quo-

489 3769 592 3821 que
627 3755 869 3822 exemplo
899 3764 1132 3810 utentes.
1183 3755 1272 3809 Ille
1324 3759 1488 3817 enim,
1552 3771 1671 3811 cum
1734 3756 1944 3826 Moyses
1993 3757 2046 3809 in

489 3852 671 3897 monte
696 3845 894 3900 diutius
925 3855 1071 3900 esset
1100 3857 1365 3912 moratus,
1407 3856 1460 3900 et
1489 3849 1840 3902 Hebraeorum
1880 3862 2050 3917 popu-

489 3935 571 3988 lus
599 3937 726 3989 deos
761 3945 1046 4003 quzererct,
1087 3941 1253 3993 cessit
1283 3955 1467 3992 eorum
1512 3939 1972 4007 prmvaricatioui,
1996 3951 2050 3994 et

487 4025 697 4078 t'usilcm
728 4027 949 4079 vitulum
983 4029 1029 4081 ei
1072 4028 1187 4082 ﬁeri
1227 4031 1490 4098 permisit.
1531 4027 1643 4084 Hoc
1685 4041 1861 4083 autem
1903 4030 2045 4094 fecit,

485 4131 550 4169 ne
597 4132 844 4171 reversus
889 4118 942 4170 in
997 4118 1288 4188 Egyptum
1343 4119 1574 4190 populus
1627 4119 1679 4172 in
1729 4119 2043 4188 Egyptiaea

483 4207 780 4261 idololatria
810 4219 1170 4274 permaneret,
1197 4221 1471 4278 reputans,
1501 4211 1665 4279 quod,
1709 4224 1831 4262 cum
1862 4209 1971 4264 sint
1996 4212 2045 4264 in

479 4300 711 4360 deserto,
755 4305 1007 4365 poterunt
1055 4301 1120 4354 ab
1149 4302 1421 4368 impietate
1469 4302 1725 4354 desistere
1759 4317 1774 4356 :
1809 4302 1898 4354 sed
1917 4301 1960 4355 si
1991 4301 2045 4355 in

481 4388 713 4458 {Egypto
739 4389 959 4455 fuerint,
990 4393 1338 4460 eruntmagis
1364 4392 1533 4459 impii,
1568 4406 1744 4446 mores
1769 4391 2046 4461 Egyptia-

480 4497 597 4534 rum
634 4491 940 4550 sequentes.
977 4483 1054 4536 Ac
1087 4484 1153 4536 de
1185 4483 1252 4537 iis
1285 4483 1521 4550 quidem,
1557 4484 1648 4551 qui
1681 4498 1867 4538 sacros
1900 4483 2045 4536 ordi-

479 4587 574 4624 nes
603 4582 968 4639 Sumpserunt,
1016 4575 1126 4625 haec
1161 4574 1308 4627 dicit.
1345 4572 1591 4640 Deceptis
1616 4583 1817 4638 autem,
1851 4583 1903 4626 et
1937 4574 2042 4625 vim

478 4664 654 4730 passis
680 4664 831 4717 laicis
864 4663 1021 4717 venia
1054 4665 1234 4726 datur,
1267 4665 1553 4732 susceptis,
1595 4674 1645 4717 et
1686 4665 1754 4718 ab
1779 4664 2043 4733 episc0pis

477 4756 738 4807 canonice
771 4753 1117 4821 dispensatis,
1148 4763 1334 4819 utpote
1382 4755 1472 4820 qui
1516 4755 1766 4807 haeretica
1812 4755 2045 4807 debeant

478 4855 662 4914 aperte
699 4845 1158 4898 anathematizare
1211 4861 1307 4899 seu
1357 4844 1408 4897 in
1459 4844 1700 4900 Ecclesia
1744 4844 2041 4899 :Nicrnam

479 4951 659 4990 autem
697 4937 1049 4990 orthodoxam
1083 4937 1240 4988 [idem
1269 4937 1536 4990 conﬁteri.
1583 4939 1889 5007 Ἐκεχειρία
1918 4954 2045 4993 vero

477 5031 679 5082 dicitur
704 5028 879 5096 quies,
911 5037 967 5081 et
1013 5028 1196 5095 operis
1241 5029 1508 5093 remissio,
1568 5045 1688 5098 quae
1737 5039 1792 5083 et
1839 5031 2042 5084 vacatio

479 5123 703 5176 remissa
727 5122 945 5183 dicitur,
979 5135 1005 5172 a
1038 5121 1287 5174 manibus
1320 5121 1678 5186 continendis,
1722 5133 1778 5174 ut
1818 5138 1935 5190 quae
1974 5123 2045 5178 sit

479 5228 730 5265 manuum
756 5212 1109 5266 continentia.
1128 5211 1262 5267 Nota
1285 5226 1415 5281 ergo
1434 5227 1495 5266 ex
1523 5215 1769 5280 przesenti
1797 5215 2042 5281 epistola,

475 5304 618 5370 quod
650 5303 800 5357 aliter
836 5305 1152 5372 puniuntur,
1182 5306 1270 5373 qui
1317 5321 1418 5373 per-
1454 5307 1556 5359 vim
1606 5321 1725 5360 cum
1782 5307 2044 5361 haereticis

476 5396 648 5450 solum
677 5399 1163 5462 connnunicarunt,
1191 5397 1343 5450 aliter
1369 5399 1460 5466 qui
1514 5399 1597 5453 his
1627 5410 2042 5466 consenserunt,

476 5497 530 5540 et
555 5488 877 5554 impieiatem
907 5487 1280 5553 defenderunt,
1302 5489 1458 5542 aliter
1488 5491 1578 5558 qui
1615 5491 1678 5542 ad
1710 5491 2039 5559 impietatem

477 5579 897 5648 transfugerunt,
928 5580 1083 5633 aliter
1118 5581 1210 5651 qui
1252 5582 1334 5634 his
1361 5583 1847 5646 communicarunt,
1875 5593 1928 5638 et
1957 5599 2043 5638 sa-

481 5667 810 5733 crificarunt,
843 5672 1000 5725 aliter
1034 5672 1126 5741 qui
1171 5671 1464 5742 idolotbyta
1497 5675 1542 5726 vi
1572 5677 1941 5741 comederunt,
1993 5684 2046 5728 et

480 5757 844 5827 aliterquibus
871 5761 934 5818 ad
957 5764 1056 5818 hoc
1089 5763 1283 5835 ipsum,
1303 5773 1359 5821 ut
1387 5767 1748 5836 comedereut,
1776 5767 1855 5822 vis
1887 5767 2044 5822 allata

2161 3207 2583 3274 ὀνηεοξενοῦνται⁸
2645 3205 2978 3274 καὶμᾶλλον
3030 3204 3114 3256 ὅτι
3166 3200 3614 3255 διαϐεϐαιοῦνται
3667 3199 3748 3269 μὴ

2165 3299 2567 3368 μεταϐληθῆναι
2599 3298 2677 3356 είς
2706 3295 2981 3358 ἀσέϐειαν,
3017 3296 3188 3364 ήγουν
3235 3294 3310 3362 μὴ
3341 3291 3636 3346 συνθέσθαι
3673 3295 3744 3363 τῇ

2161 3392 2286 3462 δόξῃ
2338 3393 2447 3444 τῶν
2493 3391 2814 3459 αἱρετικῶν.
2859 3391 2993 3444 ἀλλὰ
3038 3389 3178 3442 κατὰ
3218 3389 3377 3455 λόγον
3424 3387 3748 3454 οἰκονομίας

2162 3481 2598 3549 συγκοινωνῆσαι
2623 3480 2855 3544 τούτοις,
2885 3483 2971 3533 ῐνα
2997 3478 3095 3548 μὴ.
3119 3479 3300 3532 αὐτῶν
3330 3477 3750 3545 ἐκδιωχθέντων

2159 3567 2269 3621 ἀπὸ
2317 3567 2423 3621 τῶν
2477 3568 2803 3637 ἐκκλησιῶν,
2837 3568 3017 3638 ἕτεροι
3065 3567 3285 3628 ἀσεϐεῖς
3333 3566 3748 3634 ἀντεισαχθῶσι

2159 3657 2254 3709 καὶ
2309 3657 2666 3726 διαφθείρωσι
2704 3658 2796 3711 τὸν
2854 3657 3135 3727 όρθόδοξον
3165 3657 3316 3710 λαόν.
3348 3657 3580 3720 Ἐδοξαν
3619 3651 3744 3720 οὖν,

2159 3744 2312 3813 φησὶ,
2345 3745 2593 3809 πιθανῶς
2623 3746 2797 3799 ταῦτα
2824 3747 3028 3815 λέγειν,
3079 3745 3356 3817 χρώμενοι
3401 3747 3497 3798 καὶ
3539 3763 3748 3815 παρα-

2157 3835 2410 3905 δείγματι
2449 3836 2679 3906 Ἀαρών.
2723 3837 2965 3900 Ἐκεῖνος
3013 3837 3125 3905 γὰρ
3167 3837 3264 3888 τοῦ
3298 3835 3580 3896 Μωῦσὲως
3612 3852 3751 3904 χρο-

2158 3925 2404 3988 νίσαντος
2437 3928 2498 3980 ἐν
2551 3925 2627 3996 τῷ
2678 3926 2815 3997 ὄρει,
2867 3927 3090 3980 καὶτοῦ
3123 3927 3256 3980 λαοῦ
3312 3926 3422 3978 τῶν
3465 3925 3749 3994 Ἐϐραίων

2159 4015 2315 4078 θεοὺς
2345 4017 2653 4086 ζητοῦντος,
2688 4019 2915 4070 ἐνέδωκε
2943 4019 3006 4088 τῇ
3037 4016 3243 4071 τούτων
3275 4016 3613 4084 παραϐάσει.
3644 4017 3749 4068 καὶ

2157 4107 2412 4173 γενέσθαι
2436 4109 2620 4170 αὐτοῖς
2643 4108 3005 4178 παρεχώρησε
3023 4107 3295 4179 χωνευτὸν
3323 4106 3543 4175 μόσχον.
3566 4105 3749 4157 Τοῦτο

2153 4199 2209 4250 δὲ
2243 4200 2525 4264 ἐποίησεν,
2575 4200 2660 4252 ἵνα
2710 4201 2784 4268 μὴ
2829 4202 2858 4252 ό
2906 4200 3031 4262 λαὸς
3061 4198 3422 4268 ὑποστρέψας
3452 4199 3534 4260 είς
3568 4197 3744 4265 Αἴγυ-

2154 4308 2285 4343 πτον
2310 4294 2399 4345 ἐπι
2409 4293 2566 4362 μείνῃ
2588 4294 2652 4362 τῇ
2679 4291 3093 4362 εἰδωλολατρείᾳ
3116 4294 3181 4360 τῇ
3199 4292 3570 4360 Αίγυπτιακῇ,
3591 4290 3750 4357 λογι-

2157 4383 2386 4452 σάμενος
2404 4383 2504 4446 δτι,
2528 4386 2584 4435 ἐν
2603 4386 2667 4452 τῇ
2688 4383 2876 4453 ἐρήμῳ
2893 4383 3068 4445 ὅντες,
3085 4383 3408 4453 δυνήσονται
3429 4383 3745 4449 ἀποστῆναι

2085 4465 2124 4517 ο
2152 4474 2251 4538 τῆς
2282 4473 2538 4535 ἀσεϐείας
2563 4489 2578 4504 ·
2618 4474 2677 4524 ἐν
2704 4472 2759 4524 δὲ
2798 4475 2864 4541 τῇ
2899 4472 3160 4541 Αἰγύπτῳ
3189 4472 3495 4539 γενόμενοι,
3531 4470 3744 4538 μᾶλλον

2149 4565 2624 4634 ἀσεϐήσουσιτοῖς
2678 4564 2995 4632 Αἰγυπτίων
3055 4565 3312 4631 ἑπόμενοι
3377 4563 3550 4615 ἔθεσι.
3621 4562 3743 4615 Καὶ

2148 4656 2276 4724 περὶ
2307 4655 2403 4724 μὲν
2431 4655 2746 4723 ἱερωμένων
2773 4653 2949 4708 ταῦτά
2972 4671 3125 4721 φησι.
3161 4655 3291 4715 Τοῖς.
3310 4653 3367 4705 δέ
3401 4651 3732 4720 ἀπατηθείσι

2146 4751 2240 4800 καὶ
2271 4747 2392 4817 βίαν
2423 4747 2660 4799 παθοῦσι
2685 4747 2897 4807 λαῖκοῖς
2927 4744 3226 4812 συγγνώμη
3252 4744 3480 4804 δίδοται,
3511 4743 3736 4812 δεχομέ-

2148 4856 2262 4900 νοις
2294 4839 2386 4890 καὶ
2434 4835 2912 4906 οίκονομουμένοις
2951 4836 3106 4902 παρά
3135 4834 3245 4885 τῶν
3277 4833 3598 4885 ἐπισκόπων
3637 4850 3741 4883 κα-

2147 4929 2392 4990 νονικῶς,
2423 4928 2497 4990 ὡς
2551 4928 2643 4980 καὶ
2688 4926 3002 4995 ὀφείλουσιν
3046 4924 3477 4992 ἀναθεματίζειν
3534 4925 3635 4990 μὲν
3671 4924 3742 4976 τὰ

2146 5017 2254 5070 τῶν
2299 5017 2590 5083 αίρετικῶν
2649 5013 2942 5084 φανερῶς,
2998 5016 3170 5083 ἤγουν
3238 5015 3327 5066 ἐπ’
3385 5013 3737 5080 ἐκκλησίας’

2147 5105 2428 5173 ὁμολογεῖν
2453 5105 2509 5156 δὲ
2543 5103 2642 5174 τὴν
2682 5105 2740 5155 ἐν
2767 5102 2974 5173 Νικαία
3005 5103 3295 5174 ὁρθόδοξον
3329 5103 3538 5156 πίστιν.
3580 5102 3742 5154 Ἐκε-

2150 5198 2332 5267 χειρία
2361 5197 2418 5249 δὲ
2474 5197 2694 5264 λέγεται
2737 5199 2771 5267 ή
2803 5196 2972 5266 ἀργία
3029 5197 3126 5250 καὶ
3177 5193 3441 5264 ἀπραξία,
3483 5195 3608 5263 ήτις
3640 5196 3741 5247 καὶ

2147 5291 2336 5352 ἄνετος
2368 5289 2522 5341 ἀδεια
2560 5289 2800 5356 λέγεται,
2832 5289 2942 5341 ἀπὸ
2988 5288 3082 5340 τοῦ
3134 5287 3358 5358 ἐπέχειν
3389 5285 3487 5348 τὰς
3519 5287 3740 5354 χεῖρας,

2148 5382 2426 5450 ἐκεχειρία
2478 5399 2564 5442 τις
2602 5375 2757 5434 οὖσα.
2817 5381 3134 5448 Σημείωσαι
3185 5378 3278 5431 οὖν
3338 5378 3432 5429 καὶ
3489 5377 3599 5428 ἀπὸ
3634 5377 3741 5446 τῆς

2151 5472 2432 5542 παρούσης
2475 5473 2763 5541 ἐπιστολῆς
2789 5474 2870 5524 ὅτι
2918 5473 3098 5536 ἄλλως
3130 5470 3455 5533 κολάζονται
3488 5469 3539 5520 οἱ
3592 5470 3742 5521 κατά

2150 5566 2274 5629 {ﬂiam
2310 5567 2739 5634 κοινωνήσαντες
2770 5564 2934 5632 μόκον
2959 5567 3069 5625 τοῖς
3100 5563 3418 5629 αὶρετικοῖς,
3464 5559 3646 5622 ἄλλως
3687 5563 3739 5614 οἱ

2150 5657 2624 5726 ὀμοφρονήσαντες
2653 5654 2864 5717 τούτοις
2901 5655 2992 5706 καὶ
3024 5653 3162 5720 ὑπὲρ
3187 5652 3286 5721 τῆς
3320 5650 3580 5712 ἀσεϐείας
3612 5667 3748 5703 συν-ν

2154 5749 2551 5817 τογορήσαντες,
2575 5746 2746 5810 ἄλλως
2767 5749 2812 5799 οἱ
2843 5744 3335 5814 αὐτομολήσαντες,
3353 5742 3532 5807 ἄλλως
3551 5745 3596 5796 οί
3621 5759 3737 5796 κοιο
