4018 6470
177 421 278 480 569

1103 425 1184 486 IN
1214 427 1457 488 EPIST.
1488 429 1557 486 S.
1593 427 2018 487 ATIMNASII
2062 432 2164 490 AD
2204 430 2470 492 RUFIN.

3332 426 3441 487 570

180 531 514 594 νωνήσαντες
536 532 745 595 τούτοις
771 535 862 587 καὶ
890 533 1173 601 θύσαντες,
1197 539 1369 601 ἄλλως
1395 540 1447 592 οἰ
1469 539 1609 593 κατὰ
1633 541 1755 608 βίαν

1875 551 1959 594 est
1989 558 2003 594 :
2037 555 2090 595 et
2117 555 2173 595 ut
2197 542 2361 596 semel
2393 543 2596 602 dicam,
2631 553 2826 605 magna
2889 539 3005 594 haec
3052 538 3455 593 examinatione

180 623 449 688 φαγνῖντες
461 624 788 679 εἰδωλόθυτα
804 641 819 656 ·
849 629 942 680 καὶ
966 628 1142 691 ἄλλως
1162 632 1209 682 οἰ
1231 631 1498 698 παθόντες
1519 632 1641 703 βξαν
1666 631 1765 684 καὶ

1879 632 2136 699 indigent,
2163 633 2419 701 quoniam
2450 632 2613 686 etiam
2645 631 2929 683 difﬁculter
2962 639 3219 682 curantur

183 718 306 782 περὶ
328 717 464 769 αὐτὸ
495 718 554 771 τὸ
577 722 791 786 φαγεῖν,
815 727 910 772 καὶ
941 722 1127 783 ἁπλῶς
1153 726 1219 776 τὰ
1238 725 1350 777 τῶν
1374 726 1632 780 τοιούτων
1655 723 1899 792 μεγάλης
1920 725 2218 789 ἐξετάσεως
2246 727 2478 790 δέονται,
2502 725 2584 777 ὅτι
2616 725 2710 776 καὶ
2734 723 3011 792 δυσχερῶς
3032 717 3453 788 θεραπεύονται.

247 805 497 861 ΖΩΝΛΡ.
535 808 611 860 Οὐ
669 809 796 877 περὶ
849 810 958 862 τῶν
991 811 1236 875 εἰδώλοις
1293 815 1600 876 θυσάντων,
1657 815 1776 866 καὶ-

184 895 352 961 οὖτως
409 901 933 964 παραπεπτωκότων
981 883 1021 973 ἦ
1077 905 1349 974 ἐρώτησις
1386 906 1527 976 αὕτη
1585 907 1758 968 ἐστὶν,

183 989 312 1044 ἀλλά
347 993 478 1059 περὶ
500 992 606 1046 τῶν
631 993 929 1059 αἰρετικοῖς
963 1000 1548 1066 συγκοινωνησάντων,
1587 982 1758 1068 ἧγουν

188 1081 514 1150 ’Δρειανοῖς.
569 1084 632 1138 Of
668 1085 777 1154 γὰρ
804 1087 902 1156 τῆς
940 1088 1149 1157 Ἀρείου
1182 1091 1472 1158 αἱρέσεως,
1522 1107 1758 1160 προστε-

181 1175 366 1236 θὲντας
420 1178 606 1239 αὐτοῖς
659 1179 885 1247 σχόντες
944 1179 1186 1246 βασιλεῖς
1223 1181 1320 1234 τὸν
1373 1184 1758 1237 Κωνστάντιον

181 1269 270 1314 καὶ
299 1265 391 1314 τὸν
421 1264 720 1329 Οὐάλεντα,
766 1268 1066 1322 κάντεῦθεν
1101 1272 1246 1338 μέγα
1276 1273 1590 1340 δυνάμενοι,
1624 1271 1757 1324 πολ-

179 1355 299 1414 λοὺς
337 1354 633 1434 ἐϐιάσαντο
686 1359 1055 1428 προστεθῆναι
1107 1365 1172 1431 τῇ
1232 1362 1357 1433 δόξῃ
1413 1363 1616 1422 αὐτῶν.
1655 1356 1756 1416 Ὧν

179 1442 402 1511 ὕστερον
433 1447 862 1514 μετανοούντων,
901 1452 995 1502 καὶ
1028 1456 1484 1521 προσερχομένων
1519 1456 1585 1522 τῇ
1619 1452 1757 1506 καθ-

177 1533 330 1604 ολικῇ
387 1536 711 1610 Ἐκκλησία,
760 1540 1107 1611 ὴρώτησεν’ό
1142 1542 1758 1611 Ῥουφινιανδςὲπίσκο-

177 1644 276 1691 πος
303 1627 402 1692 ὣν,
431 1630 583 1693 ὅπως
611 1630 719 1701 χρὴ
747 1632 874 1695 τοὺς
901 1633 1178 1696 τοιούτους
1205 1633 1457 1704 δέχεσθαι
1484 1649 1498 1664 ⁸
1525 1635 1662 1704 πρὸς
1691 1634 1758 1702 ἢν

177 1715 446 1789 ἐρώτησιν
479 1721 753 1792 ἀπεκρίθη
784 1725 813 1777 ό
850 1724 1020 1793 μέγας
1064 1724 1379 1787 Ἀθανάσιος
1408 1727 1515 1788 ὅτι,
1547 1726 1758 1779 πολλῶν

176 1813 487 1873 γενομένων
538 1813 774 1864 συνόδων
810 1813 1052 1868 τοπικῶν
1090 1815 1290 1885 δηλαδὴ
1349 1818 1480 1886 περὶ
1525 1817 1760 1879 τούτων,

176 1903 373 1967 ἔδοξεν,
405 1906 547 1958 ῶστε
568 1909 680 1968 τοῖς
717 1907 814 1975 μὲν
835 1910 1219 1976 παραπεσοῦσι
1239 1911 1614 1978 κοινωνήσασι
1645 1913 1758 1972 τοῖς

175 1996 495 2060 αἱρετικοῖς,
532 1994 625 2046 καὶ
657 1995 724 2047 τὰ
770 1996 910 2050 αὒτᾶ
960 1997 1196 2061 ἐκείνοις
1229 2002 1452 2066 φρονεῖν
1480 1998 1755 2066 ὁμολογή-

178 2097 322 2176 σασι.
361 2084 458 2134 καὶ
497 2083 560 2136 οὐ
617 2083 779 2152 μόνον
813 2085 996 2151 τοῦτο,
1028 2087 1163 2139 ἀλλὰ
1209 2089 1302 2139 καὶ
1329 2089 1756 2156 προῐσναμένοις
1791 2123 1833 2176 Β

173 2172 272 2241 τῆς
305 2173 604 2236 ἀσεϐείαςο
649 2177 817 2245 ἤγουν
853 2179 1426 2249 ὑπεραγωνιζομένοις
1464 2180 1634 2248 αὐτῆς
1662 2178 1763 2237 καὶ

174 2263 560 2334 συνηγοροῦσι,
608 2267 703 2318 καὶ
760 2266 972 2320 πείθειν
1010 2267 1339 2321 σπεύδουσιν
1383 2269 1458 2332 ὡς
1499 2268 1755 2339 ἀσφαλὴς

173 2355 470 2422 ήὲκείνων
514 2356 632 2409 ἐστὶ
673 2355 824 2421 δόξα,
874 2357 1196 2426 μετανοοῦσι
1247 2359 1343 2412 καὶ
1387 2359 1762 2429 προσερχομὲο

172 2463 282 2508 νοις
335 2450 402 2515 τῇ
464 2447 729 2518 όρθοδόξῳ
777 2449 1095 2521 Ἐκκλησία,
1142 2449 1381 2504 δίδοσθαι
1432 2451 1530 2519 μὲν
1588 2451 1759 2519 μετά-

172 2557 321 2593 νοιαν
380 2543 476 2595 καὶ
538 2542 870 2613 συγγνώμην
898 2559 912 2574 ·
975 2545 1050 2613 μὴ
1106 2544 1291 2614 μέντοι
1322 2561 1388 2612 γε
1451 2545 1546 2597 καὶ
1593 2545 1758 2598 τόπον

171 2630 380 2699 κλήρου
435 2632 622 2695 αὺτοῖς
677 2633 1106 2702 παραδέχεσθαι.
1162 2635 1283 2687 Κᾶν
1311 2633 1422 2702 γὰρ
1457 2633 1755 2686 ἐπίσκοποι

171 2723 332 2790 τυχὸν
358 2717 504 2793 ἦσαν
525 2723 560 2792 ἢ
589 2723 861 2794 κληρικοί,
893 2725 1078 2788 οὐκέτι
1107 2725 1464 2795 δεχθήσονται
1487 2726 1569 2787 είς
1591 2726 1756 2779 τόπον

170 2815 508 2884 ἰερωμενων,
537 2815 653 2868 ἀλλ’
685 2815 761 2879 ὡς
779 2814 961 2894 λαῖακοὶ
990 2816 1225 2871 ἔσονται.
1260 2817 1386 2880 Τοῖς
1414 2819 1470 2870 δὲ
1505 2818 1580 2887 μὴ
1609 2817 1747 2870 αὐθ-

171 2907 384 2959 εντοῦσι
428 2907 529 2975 μὲν
571 2908 671 2974 τῆς
729 2907 1009 2972 ἀσεϐείας,
1060 2909 1229 2980 ἧγουν
1269 2910 1344 2979 μὴ
1375 2909 1516 2962 κατά
1560 2908 1756 2962 αὐθεν-

169 2999 289 3051 τίαν
320 2999 418 3051 καὶ
449 2999 678 3070 γνώμην
727 2999 976 3054 ἑκούσιον
1009 3002 1391 3071 κοινωνήσασι
1437 3002 1554 3061 τοῖς
1601 3001 1755 3068 αἱρε-

169 3093 376 3153 τικοῖςυ
415 3094 786 3160 παρασυρεῖσι
819 3091 878 3144 δὲ
935 3091 1007 3143 δι’
1033 3091 1282 3161 ἀνάγκην
1313 3091 1410 3144 καὶ
1459 3090 1600 3159 βίαν,
1635 3090 1755 3158 ἦτοι

169 3181 362 3251 βιαίως
415 3181 770 3251 συνθεμένοις
816 3184 884 3252 τῇ
935 3181 1186 3250 ἀσεϐείᾳ,
1215 3181 1323 3235 -καὶ
1374 3179 1753 3246 ὲξελκυσθεῐσι

170 3275 263 3342 τῆς
294 3273 584 3337 εὐσεϐείας
626 3272 842 3344 (ῶσπερ
902 3273 1014 3343 γὰρ
1052 3275 1079 3326 ὁ
1117 3273 1222 3325 ὑπὸ
1270 3272 1507 3341 σφοδρᾶς
1541 3270 1753 3322 ὑδάτων

169 3367 345 3436 φορᾶς
399 3365 862 3436 παρασυρόμενος
896 3366 958 3420 οὗ
989 3365 1136 3419 κατὰ
1181 3365 1508 3434 προαίρεσιν
1540 3360 1752 3414 οἰκείαν

1893 865 1898 869 ,
1933 813 2328 870 ΖΟΝΑΒ.’Νοιι
2359 818 2425 866 de
2453 814 2541 876 iis,
2561 816 2653 882 qui
2679 815 2834 868 idolis
2862 813 3238 873 immolavere,
3285 824 3347 862 ac
3377 807 3452 860 ita

1863 906 1992 976 lapsi
2028 920 2177 971 sunt,
2217 908 2328 963 haec
2361 908 2588 976 quaestio
2616 915 2722 970 cst,
2755 921 2940 960 verum
2995 905 3064 957 de
3100 903 3167 955 iis
3197 901 3288 967 qui
3321 916 3450 955 cum

1862 999 2135 1054 haereticis
2165 1000 2656 1065 connntmicavere,
2681 1000 2897 1053 Arianis
2938 995 3212 1049 nimirum.
3241 992 3452 1046 Etenim

1863 1090 2075 1152 Ariani,
2111 1106 2235 1144 cum
2271 1091 2373 1144 sibi
2431 1093 2842 1145 consentientes
2895 1090 3159 1144 haberent
3209 1087 3449 1148 imPP-l'a'

1865 1195 2011 1237 tores
2043 1181 2426 1239 Constantium
2459 1193 2514 1237 et
2543 1183 2850 1244 Valentem,
2893 1195 2959 1234 ex
3009 1191 3182 1240 eoque
3217 1174 3448 1228 multum

1866 1277 2140 1341 valerent,
2170 1276 2498 1344 complures,
2531 1284 2588 1328 ut
2627 1276 2865 1343 ipsorum
2896 1272 3205 1339 opinionem
3235 1271 3447 1333 ample-

1863 1376 2165 1429 cterentur,
2205 1381 2302 1435 per
2331 1367 2438 1419 vim
2472 1365 2721 1431 adegere.
2748 1363 2875 1430 Qui,
2930 1376 3055 1417 cum
3109 1375 3233 1413 mox
3276 1356 3452 1426 paeni-

1861 1459 2028 1512 tentia
2061 1458 2210 1512 ducti
2236 1458 2301 1511 ad
2335 1456 2632 1512 Ecclesiam
2663 1455 2988 1511 catholicam
3021 1466 3082 1508 se
3111 1451 3447 1511 conferrent,

1864 1548 2461 1616 rogavitkuliinianns,
2513 1548 2712 1617 quippe
2762 1547 3070 1616 episcopus,
3096 1534 3355 1612 quaenam
3393 1542 3449 1592 in

1860 1639 2126 1708 ejusmodi
2184 1639 2496 1699 hominibus
2563 1637 2918 1714 admittendis
2985 1633 3254 1690 servanda
3309 1631 3450 1686 ratio

1860 1738 2025 1784 esset.
2057 1729 2135 1782 Ad
2166 1743 2333 1798 quam
2391 1715 2875 1796 interrogationem
2929 1737 3160 1793 magnus
3207 1719 3451 1774 Athana-

1861 1821 1972 1876 sius
2019 1820 2298 1888 respondit
2327 1859 2343 1885 ,
2387 1835 2510 1874 cum
2545 1819 2727 1871 multae
2763 1815 2977 1887 synodi,
3028 1813 3229 1866 locales
3285 1809 3452 1865 nimi-

1863 1926 2004 1975 rum,
2031 1911 2098 1964 de
2123 1911 2209 1966 his
2241 1910 2529 1964 celebrata:
2557 1908 2688 1972 sint,
2729 1908 3008 1960 decretum
3044 1901 3236 1965 fuisse,
3283 1906 3344 1952 ut
3369 1899 3449 1952 la-

1862 2003 1994 2071 psis,
2019 2001 2110 2070 qui
2141 2016 2262 2056 cum
2308 2000 2580 2054 haereticis
2610 1997 3113 2056 communicarunt,
3150 1992 3449 2058 eademque

1864 2111 1985 2149 cum
2019 2094 2357 2149 illis~sentire
2396 2107 2458 2148 se
2490 2091 2721 2162 professi
2759 2099 2911 2148 sunt.
2947 2101 3125 2157 neque
3176 2085 3282 2138 hoc
3333 2094 3451 2136 tan-

1864 2198 2003 2250 tum,
2030 2186 2123 2241 sed
2146 2194 2200 2240 et
2224 2184 2526 2255 impietatis
2560 2181 2842 2253 primipili,
2872 2180 2977 2233 hoc
3002 2188 3109 2240 est,
3138 2176 3448 2244 propugnaé

1864 2286 2011 2332 tores
2034 2287 2087 2332 et
2113 2277 2323 2346 patroni
2360 2275 2602 2338 fuerunt,
2624 2288 2687 2328 ac
2711 2262 2879 2326 tutam
2900 2270 3116 2323 illorum
3136 2267 3446 2333 opinionem

1862 2384 1983 2425 esse
2009 2370 2341 2439 persuadere
2368 2367 2727 2430 studuerunt;
2776 2366 2822 2419 si
2877 2359 3231 2429 resipnerint,
3282 2371 3449 2425 seque

1863 2463 2185 2517 orthodoxae
2225 2460 2480 2514 Ecclesiae
2515 2457 2886 2525 adiunxerint,
2942 2452 3281 2523 pmnitentize
3323 2449 3447 2516 qui-

1863 2555 1984 2607 dem
2007 2554 2074 2607 sit
2106 2554 2256 2607 locus
2287 2560 2342 2606 et
2372 2550 2540 2604 venia:
2572 2568 2587 2604 :
2632 2557 2889 2603 czeterum
2919 2546 2986 2600 ad
3017 2545 3196 2598 locum
3227 2544 3278 2596 in
3301 2541 3448 2594 clero

1857 2643 2213 2699 obtinendum
2253 2641 2562 2695 nullatenus
2605 2638 2991 2693 admittantur.
3047 2634 3183 2688 Nam
3224 2631 3446 2688 etiamsi

1857 2733 2095 2805 episcopi
2132 2732 2360 2787 fuissent
2419 2730 2651 2784 forsitan
2701 2728 2786 2783 vel
2836 2726 3044 2791 clerici,
3104 2736 3447 2791 nequaquam

1857 2829 1911 2882 in
1941 2839 2224 2881 sacrorum
2261 2825 2542 2879 hominum
2579 2823 2830 2876 ordinem
2878 2819 3233 2890 recipientur,
3262 2814 3356 2871 sed
3389 2824 3451 2869 ut

1859 2917 1984 2971 laici
2016 2928 2198 2971 erunt.
2242 2915 2345 2982 Qui
2379 2931 2509 2969 vero
2560 2913 2862 2984 impietatis
2907 2922 3163 2968 auctores
3226 2909 3449 2963 minime

1857 3007 2099 3070 fuerunt,
2134 3008 2238 3061 hoc
2267 3017 2371 3069 est,
2402 3008 2493 3074 qui
2527 3018 2721 3074 sponte
2767 3014 2822 3062 et
2853 3003 3160 3058 voluntarie
3189 3017 3310 3055 cum
3338 3001 3450 3054 bte-

1858 3098 2044 3152 reticis
2088 3112 2196 3151 nou
2249 3097 2744 3159 communicarnnt,
2805 3095 3138 3148 necessitate
3175 3099 3354 3146 autem
3388 3102 3446 3145 et.

1853 3188 1907 3243 vi
1937 3188 2098 3242 tracti
2134 3196 2281 3250 sunt,
2318 3187 2454 3251 sive,
2479 3202 2575 3255 per
2596 3187 2702 3240 vim
2728 3185 2991 3255 impietati
3023 3192 3442 3244 consenserunt.

1853 3287 2089 3348 suntque
2111 3296 2141 3332 a
2170 3279 2374 3354 pietate
2398 3277 2656 3333 abstracti
2689 3277 2771 3348 (nt
2821 3276 2988 3340 enim,
3021 3274 3111 3343 qui
3133 3272 3445 3329 vehementi

1862 3387 2128 3442 aquarum
2183 3372 2384 3440 impetu
2415 3370 2645 3438 rapitur,
2676 3384 2781 3422 non
2813 3383 2908 3421 sua
2932 3366 3211 3420 voluntate
3265 3363 3448 3418 deier-

172 3458 418 3527 φὲρεται,
454 3457 592 3512 ἀλλά
627 3457 818 3526 βιαίως
870 3457 1125 3510 ἕλκεται·
1176 3455 1351 3519 οὕτως
1388 3456 1634 3507 κάκεῖνοι
1685 3453 1753 3522 τῇ

1866 3475 1972 3527 tur,
2000 3462 2094 3517 sed
2127 3462 2364 3515 trahitur
2394 3462 2446 3514 vi
2480 3459 2593 3532 46
2623 3458 2852 3514 adactus
2881 3475 2895 3512 :
2927 3459 3006 3512 sic
3030 3466 3085 3512 et
3111 3457 3210 3522 illi,
3236 3454 3306 3510 ob
3330 3455 3446 3509 vim

174 3549 264 3620 βίξν⁵
300 3549 622 3618 νικηθέντες
665 3547 773 3600 τῶν
823 3547 1141 3616 αἰρετικῶν,
1190 3546 1601 3615 παρεσύρησαν
1661 3544 1756 3595 καὶ

171 3640 480 3711 ὑπέκυψαν)
532 3638 704 3704 εδοξε,
755 3641 911 3708 φησὶ,
957 3638 1050 3692 καὶ
1103 3637 1440 3705 συγγνώμην
1506 3633 1754 3688 δίδοσθαι

173 3730 642 3801 μεταμελομένοις
663 3745 679 3760 ’
717 3729 1014 3797 ἀπονέμειν
1043 3725 1103 3780 δι
1133 3728 1318 3790 αὐτοῖς
1345 3725 1558 3779 καὶτὸν
1586 3725 1754 3777 τόπον

171 3822 259 3875 τοῦ
289 3822 519 3894 κλήρου.
551 3821 665 3874 Καὶ
690 3821 752 3874 οὐ
787 3821 970 3890 μόνον,
1010 3820 1093 3873 ὅτι
1154 3818 1474 3890 βιασθέντες
1529 3816 1755 3869 ενδεδώ-

173 3931 320 3980 κασι,
351 3912 894 3987 συγγνωμονοῦνται,
925 3912 1114 3981 φησὶν,
1151 3910 1268 3964 ἀλλ’
1309 3911 1391 3963 δτι
1435 3910 1531 3962 καὶ
1559 3907 1756 3960 ἀπολο-

173 4008 294 4074 γίαν
323 4007 565 4078 πιθανὴν
603 4006 908 4061 ποιούνται⁸
946 4007 1017 4060 δι’
1048 4009 1115 4076 ἢν
1150 4005 1300 4071 ἔδοξε
1358 4004 1421 4057 τὸ
1471 4002 1753 4069 ὑποκύψαι

174 4100 368 4162 αὐτοὺς
395 4100 510 4162 τοῖς
560 4098 862 4168 αἰρετικοϊς
910 4097 1275 4162 οἰκονομικῶς
1324 4095 1602 4165 γενέσθαι.
1660 4096 1753 4146 Δι-

175 4192 572 4247 εϐεϐαιώσαντο
592 4190 724 4262 γὰρ,
748 4193 864 4245 ἀντὶ
876 4190 994 4252 τοῦ,
1014 4191 1248 4260 βεϐαίως
1273 4189 1754 4260 ἐπληροφόρησαν,

181 4282 252 4350 μὴ
289 4281 701 4351 μεταϐληθῆναι
737 4282 816 4344 εἰς
855 4280 1116 4334 ἀσέϐειαν
1144 4294 1158 4308 ·
1211 4280 1381 4348 ἤγουν
1430 4278 1506 4348 μὴ
1542 4276 1755 4330 ισυνθέ-

181 4374 300 4427 σθαι
325 4376 392 4444 τῇ
449 4373 579 4444 δόξῃ
632 4371 744 4425 τῶν
778 4371 1097 4442 αἰρετικῶν,
1139 4371 1277 4426 ἀλλὰ
1303 4374 1402 4440 τῆς
1427 4368 1598 4440 ὀρθῆς
1633 4368 1755 4435 ἐχε-

181 4466 299 4518 οθαι
330 4465 568 4526 πίστεως
593 4481 608 4495 ·
647 4464 808 4534 μόνον
847 4465 905 4518 δὲ
941 4464 1379 4533 συγκοινωνῆσαι
1413 4463 1528 4521 τοῖς
1594 4459 1752 4528 αἱρε-

179 4559 365 4622 τικοῖς,
397 4557 486 4608 ῖνα
527 4556 622 4626 μὴ,
664 4556 846 4609 αὐτῶν
884 4555 1286 4625 ἔκδιωχθέντων
1312 4553 1421 4606 τῶν
1445 4549 1753 4620 ἐκκλησιῶν

179 4648 349 4717 ἕτεροι
386 4647 607 4710 ἀσεϐεῖς
644 4645 1067 4714 ἀντεισαχθῶσι,
1124 4646 1221 4698 καὶ
1243 4642 1598 4713 διαφθείρωσι
1649 4640 1788 4703 τάςιο

181 4739 464 4807 ἐκκλησίας
516 4738 636 4808 ἦτοι
685 4738 778 4790 τὸν
808 4737 1097 4808 όρθόδοξον
1127 4737 1284 4790 λαόν.
1332 4736 1442 4789 Καὶ
1469 4733 1558 4787 διὰ
1590 4731 1751 4785 τοῦτο

183 4827 494 4895 ᾐρετίσαντο
536 4826 863 4896 συνδραμεῖν
907 4829 973 4896 τῇ
1012 4826 1126 4897 βίᾳ,
1163 4825 1439 4894 βαστάσαι
1473 4822 1534 4875 τὸ
1586 4821 1752 4892 βάρος

185 4917 270 4970 τοῦ
291 4919 590 4988 ἐπιτιμίου,
613 4918 701 4972 διά
721 4920 783 4971 τὸ
809 4918 959 4986 δόξαι
985 4917 1294 4986 ὑποκύψαι,
1322 4918 1418 4969 καὶ
1446 4916 1521 4984 μὴ
1547 4915 1751 4985 μᾶλλον

186 5011 298 5072 τοὺς
335 5013 496 5075 λαοὺς
525 5010 848 5072 ἀπολέσθαι.
884 5010 1109 5075 Ἔδοξαν
1144 5009 1266 5073 οὖν,
1300 5009 1456 5079 φησὶ,
1507 5005 1755 5069 πιθανῶς

185 5099 346 5155 ταῦτα
362 5101 562 5170 λέγειν,
582 5103 857 5174 χρώμενοι
879 5103 976 5156 καὶ
993 5102 1402 5171 παραδείγματι
1415 5098 1493 5169 τῷ
1507 5095 1746 5167 Ἀαρών.

194 5189 415 5256 Ἐκεῖνος
436 5195 565 5263 γὰρ,
589 5193 680 5247 τοῦ
699 5194 943 5256 Μωσέως
961 5193 1307 5263 χρονίσαντος
1324 5192 1381 5244 ὲν
1398 5189 1474 5258 τῷ
1490 5189 1630 5259 ὄρει,
1651 5189 1748 5240 καὶ

188 5282 273 5335 τοῦ
299 5285 425 5337 λαοῦ
453 5283 844 5350 τῶνἘϐραίων
871 5283 1028 5347 θεούς
1057 5283 1366 5351 ζητοῦντος,
1398 5281 1658 5334 ἐνδεδωκε
1681 5282 1747 5350 τῇ

186 5373 270 5426 τοῦ
301 5375 427 5429 λαοῦ
455 5375 791 5444 παραϐάσει,
846 5377 941 5428 καί
984 5375 1243 5443 γενέσθαι
1269 5375 1454 5436 αὐτοῖς
1478 5371 1746 5441 παρεχώ-

189 5480 313 5532 ρησε
347 5466 618 5534 χωνευτὸν
658 5467 877 5536 μόσχον.
911 5467 1086 5519 Τοῦτο
1115 5467 1170 5519 δὲ
1218 5465 1501 5534 ἐποίησεν,
1544 5465 1631 5517 ἵνα
1671 5465 1746 5533 μὴ

184 5558 208 5604 ὁ
239 5556 381 5622 λαὸς,
419 5556 769 5626 ὑποστρέψας
815 5559 896 5621 εἰς
929 5557 1234 5624 Αἴγυπτον,
1270 5555 1534 5626 ἐπιμείνῃ
1569 5558 1636 5625 τῇ
1670 5555 1748 5606 εί-

183 5642 532 5718 δωλολατρείᾳ
585 5651 653 5718 τῇ
708 5650 1083 5719 Αἰγυπτιακῇ,
1125 5648 1488 5716 λογισάμενος
1546 5650 1651 5710 ὅτι,
1686 5648 1745 5697 ἐν

183 5737 241 5804 τῇ
277 5738 464 5809 ἐρήμῳ
502 5740 679 5802 ὄντες,
739 5739 1064 5809 δυνήσονται
1115 5739 1422 5810 ἀποστῆναι
1457 5739 1558 5807 τῆς
1614 5740 1745 5790 ἀσε-

181 5825 316 5896 ϐείας
341 5848 354 5861 ο
379 5835 435 5886 εν
468 5832 525 5885 δὲ
554 5834 618 5902 τῇ
655 5831 915 5901 Αἰγύπτῳ
960 5833 1262 5903 γενόμενοι,
1306 5829 1505 5902 μᾶλλον
1545 5829 1744 5902 ἀσεϐή-

1865 3555 1933 3610 ab
1969 3555 2243 3610 hazreticis
2269 3552 2472 3606 illatam
2515 3553 2787 3611 cedentes.
2825 3547 3120 3602 transversi
3154 3547 3257 3600 acti
3294 3556 3444 3608 sunt,

1857 3656 1912 3701 ct
1949 3646 2398 3710 succubuerunt),
2449 3642 2672 3710 placuit,
2709 3639 2906 3708 inquit,
2957 3647 3012 3693 et
3054 3625 3271 3693 veniam
3312 3637 3451 3706 ipsis

1858 3735 2108 3800 concedi,
2142 3735 2190 3790 si
2221 3733 2600 3803 pcenitentiam
2636 3739 2826 3801 agant,
2857 3741 2912 3785 et
2962 3730 3143 3784 locum
3176 3738 3443 3798 praterea

1857 3830 1989 3886 cleri
2022 3827 2315 3896 assignari.
2357 3824 2472 3880 Nec
2501 3835 2736 3888 tantum,
2765 3822 2910 3894 quod
2940 3822 2992 3876 vi
3040 3821 3220 3876 adacti
3272 3833 3449 3873 cesse-

1857 3929 2008 3984 runt,
2043 3919 2243 3987 inquit,
2280 3919 2412 3987 ipsis
2443 3916 2743 3985 ignoscitur
2785 3934 2800 3970 :
2857 3913 2952 3968 sed
3003 3912 3133 3983 quia
3182 3921 3449 3981 praterea

1857 4009 2224 4064 defensionem
2277 4006 2613 4078 probabilem
2649 4004 2910 4067 aderunt,
2946 4019 3040 4073 per
3068 4017 3257 4073 quam,
3296 3997 3447 4070 quod

1859 4100 2134 4156 hmreticis
2165 4099 2461 4163 cesserint,
2511 4096 2765 4168 prudenti
2821 4096 2878 4150 id
2929 4094 3164 4150 consilio
3204 4094 3273 4148 ab
3311 4093 3453 4162 ipsis

1858 4191 2067 4247 factum
2117 4205 2240 4247 esse
2287 4189 2531 4245 videtur.
2584 4187 2992 4242 Conﬁrmarunt
3023 4186 3098 4240 illi
3147 4184 3473 4254 siquidem,

1858 4285 1963 4339 hoc
1993 4291 2100 4346 est,
2137 4291 2292 4338 certo
2325 4282 2486 4351 plane
2525 4281 2832 4350 probarunt
2862 4278 3091 4334 minime
3141 4293 3202 4333 se
3236 4276 3303 4330 ad
3337 4276 3447 4329 im-

1854 4377 2113 4447 pietatem
2142 4373 2451 4438 traductos,
2482 4387 2831 4442 nequaquam
2863 4371 3120 4427 videlicet
3150 4368 3444 4424 haeretico-

1854 4481 1976 4521 rum
2008 4464 2360 4535 opinionibus
2386 4463 2738 4527 adhzesisse,-
2777 4463 2872 4519 sed
2928 4471 3134 4517 rectam
3193 4462 3448 4516 tenuisse

1857 4551 2017 4604 fidem
2072 4567 2084 4600 :
2135 4550 2518 4604 tantummodo
2573 4561 2758 4604 autem
2813 4551 3254 4605 communicasse
3308 4563 3442 4603 cum

1855 4641 2156 4707 haereticis,
2207 4657 2275 4694 ne
2305 4642 2439 4696 dum
2493 4642 2563 4696 ab
2601 4642 2852 4697 ecclesiis
2893 4642 2994 4710 ipsi
3055 4641 3294 4706 depulsi,
3351 4640 3450 4693 alii

1856 4730 2080 4800 quidem
2126 4732 2277 4802 impii
2320 4734 2829 4797 introducerentur,
2883 4741 2937 4786 et
2992 4731 3284 4793 ecclesias,
3343 4732 3450 4785 hoc

1861 4832 1966 4887 est,
2013 4823 2275 4892 populum
2341 4823 2712 4878 orthodoxum
2772 4833 3212 4892 corrumperent.
3267 4823 3447 4890 Atque

1865 4916 2006 4969 hanc
2029 4917 2099 4969 ob
2128 4930 2350 4970 causam
2379 4915 2642 4970 maluisse
2676 4916 2727 4969 vi
2752 4915 2974 4980 cedere,
3003 4930 3068 4969 ac
3099 4915 3280 4969 mtth
3301 4930 3445 4969 onus

1863 4998 2076 5072 subire,
2106 5022 2172 5062 ex
2199 5023 2265 5062 eo
2296 5008 2443 5077 quod
2494 5008 2853 5063 succubuisse
2884 5008 3202 5063 viderentur
3223 5048 3238 5069 ,
3276 5023 3444 5076 quam

1857 5099 2119 5171 populum
2154 5101 2400 5168 perdere.
2452 5097 2577 5153 llaec
2617 5115 2770 5169 ergo,
2828 5100 3026 5170 inquit,
3085 5099 3452 5169 probabiliter

1858 5189 2007 5259 loqui
2039 5189 2144 5243 visi
2174 5200 2326 5253 sunt,
2356 5189 2669 5256 exemplum
2703 5204 2924 5258 quoque
2950 5189 3132 5243 Aaron
3158 5191 3446 5259 proferem-

1857 5291 1962 5336 tes.
2007 5281 2102 5337 Ille
2150 5295 2413 5349 namque.
2479 5297 2602 5335 cum
2647 5282 2837 5336 Moses
2893 5281 3104 5336 diutius
3153 5282 3206 5334 in
3254 5292 3443 5335 monte

1854 5385 2232 5436 cunctaretur,
2265 5388 2329 5426 ac
2362 5372 2718 5427 Hebraeorum
2763 5373 2994 5442 populus
3035 5373 3166 5427 deos
3198 5373 3443 5440 require-

1859 5478 1967 5531 ret,
2030 5467 2450 5536 transgressioni
2518 5465 2708 5535 populi
2767 5465 2955 5527 cessit,
3001 5463 3330 5534 fusilemque
3372 5465 3445 5519 ab

1856 5559 1992 5627 ipsis
2027 5559 2262 5614 vitulum
2301 5557 2418 5611 ﬂeri
2475 5558 2750 5625 permisit.
2789 5555 2844 5608 Id
2884 5565 3066 5610 autem
3106 5569 3174 5610 eo
3206 5555 3449 5608 consilio

1853 5649 2084 5704 fecitne
2134 5649 2366 5720 populus
2409 5649 2464 5701 in
2493 5647 2787 5718 Egyptum
2847 5661 3103 5702 reversus
3162 5647 3214 5701 in
3267 5644 3440 5715 ΛΕΜ-

1854 5745 2032 5813 ptiaca
2064 5742 2376 5797 idololatria
2428 5741 2753 5809 pcrsisterct
2789 5757 2802 5793 :
2835 5753 3022 5793 secum
3079 5740 3197 5803 ipse
3258 5753 3435 5805 repn—

1855 5834 2174 5903 tans,qu0d
2231 5835 2283 5887 in
2337 5831 2556 5888 (lcscrio
2604 5832 2890 5887 continere
2947 5845 3006 5887 sc
3051 5831 3118 5887 ab
3158 5829 3293 5900 ἰωρὶ
3327 5839 3441 5883 tate
