4018 6450
525 407 627 470 573

1802 387 2074 451 THEOD.
2122 393 2411 452 BALSAH:
2424 391 2519 452 ON

3672 381 3781 447 5⁸ξῦ

523 530 771 597 peritum,
817 527 1038 598 fugerit,
1075 524 1298 594 Antiqui
1348 521 1492 575 enim
1533 519 1665 573 illud
1699 519 1970 588 baptisma
2009 535 2108 574 su-

2221 512 2366 566 λοεν.
2429 511 2635 563 Ἐκεῖνο
2710 507 2817 581 γὰρ
2881 521 3094 580 εκρινον
3149 512 3198 563 oi
3248 513 3473 564 παλαιοὶ
3524 511 3778 580 δέχεσοαι

528 617 871 685 Spiciendum
924 627 1217 685 putavere,
1265 610 1413 680 quod
1467 608 1602 662 nihil
1649 623 1677 662 a
1714 609 1817 664 ﬁde
1863 610 2105 680 recedit;

2186 605 2489 670 βάπτισμα.
2527 601 2588 652 τὸ
2611 599 2774 669 μηδὲν
2819 601 2919 670 τῆς
2954 600 3190 662 πίστεως
3221 604 3597 670 παρεκίιαῖνον
3630 601 3707 668 (4
3730 605 3743 660 l
3769 616 3782 630 '

530 708 670 760 unde
697 707 834 760 alias
871 705 1090 772 quidem
1129 703 1386 763 haereses,
1438 699 1543 751 alia
1596 698 1916 766 schismata,
1973 701 2106 755 alia:

2217 695 2302 745 Γἐν
2325 693 2425 755 τὰς
2441 693 2539 762 μὲν
2565 691 2804 762 αἱρέσεις
2825 691 3137 761 ὠνόμασαν,
3162 692 3231 743 τὰ
3259 692 3316 743 δὲ
3343 691 3627 760 σχίσματα
3649 693 3721 759 (5
3745 691 3784 752 ),

529 810 981 864 parasynagogas
1029 793 1400 862 appellarunt.
1437 789 1684 844 llazreses
1722 790 1943 858 quidem
1992 806 2109 854 eos,

527 888 618 952 qui
657 885 875 952 penitus
910 883 1105 937 resecti
1137 888 1287 940 sunt.
1319 891 1370 934 et
1402 881 1454 932 iu
1487 880 1603 948 ipsa
1636 879 1742 932 lide
1775 881 2104 946 abalienati;

528 976 821 1027 schismata
885 989 1036 1034 vero,
1100 988 1218 1036 eos,
1267 972 1361 1040 qui
1415 980 1636 1039 propter
1700 972 2104 1026 ecclesiasticas

527 1066 794 1134 quasdam
823 1079 1018 1118 causas
1053 1071 1108 1116 et
1137 1063 1472 1132 quaestiones
1500 1063 1642 1114 inter
1675 1068 1958 1129 utramque
1988 1077 2107 1130 par-

527 1167 634 1212 tem
667 1171 772 1209 non
817 1156 1155 1208 insanabiles
1189 1153 1494 1216 dissident;
1527 1166 1970 1222 parasynagogas
2014 1170 2106 1205 au-

529 1257 658 1310 tem,
700 1256 1010 1300 conventus
1042 1246 1167 1298 illos
1197 1246 1290 1314 qui
1330 1245 1398 1297 ab
1436 1244 1802 1313 itnmoriget'is
1833 1244 2114 1311 presbyte-

529 1340 607 1390 ris
663 1347 756 1390 aut
815 1338 1091 1406 episcopis
1148 1344 1202 1389 et
1254 1350 1282 1387 a
1344 1335 1560 1404 populis
1807 1335 2105 1403 disciplinas

529 1429 848 1497 expertibus
897 1429 1056 1480 tiunt.
1100 1424 1262 1479 Velut
1303 1427 1349 1478 si
1400 1425 1525 1492 quis
1586 1423 1638 1478 in
1674 1422 1872 1478 delicto
1914 1425 2102 1492 depre-

532 1523 755 1574 hensus.
791 1531 819 1568 a
862 1515 1175 1569 ministerio
1231 1523 1504 1573 arceatur.
1557 1528 1656 1566 nec
1702 1529 1762 1567 se
1808 1514 2108 1566 canonitius

531 1607 857 1668 summittat,
909 1605 1004 1660 sed
1059 1605 1164 1659 sibi
1225 1603 1591 1673 principatum
1648 1609 1703 1656 et
1748 1601 2109 1656 ministerium

531 1698 791 1759 vindicet,
823 1712 886 1751 ac
918 1696 1169 1751 nonnulli
1197 1711 1302 1748 una
1327 1709 1451 1748 cum
1496 1709 1580 1756 eo,
1618 1693 1808 1746 relicta
1840 1692 2109 1747 catholica

2193 784 2284 844 τὰς
2315 785 2369 836 δὲ
2403 783 2901 853 παρασυναγωγὰς.
2944 783 3190 852 Αἱρέσεις
3224 783 3322 852 μὲν
3353 784 3480 844 τοὺς
3505 780 3790 842 παντελῶς

2186 875 2663 944 ἀπεῤῥηγμένους,
2711 875 2802 925 καὶ
2838 874 2957 925 κατ’
3001 873 3169 942 αὐτὴν
3202 874 3299 942 τὴν
3333 873 3516 924 πίστιν
3552 870 3796 938 ἀπηλλο-

2186 966 2563 1035 τριωμένους·
2601 967 2874 1035 σχίσματα
2914 966 2970 1016 δὲ
3021 966 3148 1027 τοὺς
3187 965 3255 1016 δι’
3293 965 3478 1024 αἰτίας
3501 961 3662 1023 τινὰς
3694 962 3794 1012 ἐκ·

2188 1057 2585 1126 κλησιαστικέις
2623 1057 2718 1108 καὶ
2771 1056 3061 1125 ζητήματα
3109 1055 3303 1124 ἰάσιμα
3345 1054 3481 1119 πρὸς
3519 1051 3798 1121 ἀλλήλους

2190 1147 2594 1214 διενεχθέντας
2659 1145 3138 1215 παρασυναγωγὰς
3182 1145 3236 1196 δὲ
3264 1144 3362 1207 τὰς
3400 1143 3657 1208 συνάξεις
3695 1141 3798 1203 τὰς

2199 1237 2344 1305 παρὰ
2369 1235 2478 1287 τῶν
2516 1235 2907 1288 ἀνυποτάκτων
2950 1234 3338 1305 πρεσῦυτέρων
3383 1235 3416 1302 ἦ
3448 1233 3798 1284 ἐπισκόπων

2196 1327 2286 1378 καὶ
2331 1326 2481 1395 παρὰ
2515 1325 2622 1376 τῶν
2658 1324 2999 1377 ἀπαιδεύτων
3037 1323 3181 1377 λαῶν
3225 1323 3538 1393 γινομένας.
3575 1317 3706 1375 Οἷον
3745 1321 3805 1374 εἴ

2194 1433 2298 1479 τις,
2356 1417 2415 1467 ὲν
2455 1417 2758 1486 πταίσματι
2820 1415 3164 1480 ἐξετασθείς,
3217 1416 3487 1484 ἐπεσχέθη
3537 1414 3640 1482 τῆς
3681 1414 3801 1466 λει-

2195 1509 2476 1578 τουργίας,
2509 1508 2603 1559 καὶ
2629 1507 2704 1577 μὴ
2735 1506 2984 1574 ὑπέκυψε
3035 1509 3148 1569 τοῖς
3189 1505 3430 1566 κανόσιν,
3457 1505 3575 1557 ἀλλ’
3615 1503 3803 1572 ἑαυτῷ

2197 1600 2474 1668 ἐξεδίκησε
2523 1598 2619 1667 τὴν
2667 1592 2962 1666 προεδρίαν
3012 1595 3107 1648 καὶ
3149 1596 3249 1666 τὴν
3291 1595 3663 1663 λειτουργίαν,
3702 1592 3803 1645 καὶ

2200 1686 2548 1755 συναπῆλοον
2572 1686 2748 1754 τούτῳ
2768 1684 2912 1747 τινὲς
2951 1683 3348 1744 καταλιπόντες
3376 1684 3475 1751 τὴν
3497 1680 3804 1751 καθολικὴν

534 1788 799 1849 Ecclesia,
868 1787 1204 1855 discedant;
1267 1787 1370 1839 hoc
1423 1785 1626 1838 dicitur
1679 1798 2108 1854 parasynagoga.

2217 1779 2563 1848 Ἐκκλησίαν,
2613 1777 3058 1846 παρασυναγωγὴ
3113 1775 3174 1826 τὸ
3218 1774 3447 1827 τοιοῦτο.
3483 1773 3705 1842 Σχίσμα
3737 1773 3805 1824 δὲ

527 1877 776 1930 Schisma
825 1886 1009 1931 autem
1051 1887 1157 1938 est,
1206 1877 1275 1930 de
1327 1875 1652 1945 pmnitentia
1697 1875 1765 1928 ab
1800 1875 1865 1927 iis
1895 1876 1986 1943 qui
2037 1889 2106 1928 ex

537 1967 780 2021 Ecclesia
837 1975 990 2030 sunt,
1043 1967 1362 2021 dissentire.
1420 1963 1669 2018 llzereses
1718 1971 1922 2023 autem,
1965 1964 2111 2016 velut

533 2057 972 2121 lllanichazorum,
996 2067 1051 2112 et
1089 2056 1591 2111 Valentinianorum
1611 2095 1623 2117 ,
1649 2061 1701 2108 et
1732 2053 2111 2107 Marcionista-

530 2165 649 2200 rum
667 2187 683 2212 ,
709 2159 762 2202 et
789 2150 982 2202 horum
1019 2149 1261 2219 ipsorum
1285 2147 1695 2217 Pepuzenorutn
1717 2162 1729 2208 ;
1763 2145 1943 2199 statim
1968 2143 2109 2199 enim

531 2236 600 2288 de
637 2239 753 2304 ipsa
786 2239 839 2290 in
877 2237 1046 2291 Deum
1076 2237 1179 2291 (ide
1208 2237 1485 2290 dissensio
1518 2244 1621 2289 est.
1652 2233 1839 2288 Visum
1871 2240 1954 2287 est
1984 2247 2114 2301 ergo

534 2327 777 2394 antiquis
805 2328 1189 2381 haereticorum
1225 2327 1446 2397 quidem
1479 2327 1750 2396 baptisma
1783 2328 2000 2396 penitus
2029 2339 2114 2379 re-

531 2469 780 2538 prianttm
815 2467 879 2519 de
910 2466 1487 2538 baptismoisensisse.
1541 2463 1771 2520 Videtur
1807 2468 2013 2538 tiac__in
2046 2481 2106 2521 re

533 2534 705 2604 inajur
731 2537 1026 2589 auctoritas
1073 2534 1273 2590 Basilio
1311 2538 1656 2589 attribuenda
1699 2552 1861 2604 quam
1920 2535 2110 2590 lliero~

534 2621 719 2675 nytuo.
777 2607 904 2659 Plus
951 2621 1131 2675 operae
1179 2606 1550 2674 insumpserat
1601 2605 1836 2659 Basilius
1873 2606 1927 2658 in
1959 2621 2020 2659 ea
2051 2621 2108 2659 re

531 2674 908 2729 etaminanda.
947 2674 1212 2728 Prmterea
1257 2690 1380 2727 cum
1431 2675 1577 2728 illius
1634 2677 1948 2728 testimonio
1984 2691 2106 2728 con-

534 2748 679 2812 gruit
709 2755 818 2798 tota
859 2745 1098 2814 Dionysii
1143 2745 1335 2813 agendi
1368 2747 1529 2807 ratio,
1565 2746 1656 2810 qui
1690 2749 2100 2814 deprecatorem

534 2830 594 2868 se
656 2829 752 2881 pro
794 2815 1049 2867 Asiaticis
1099 2822 1153 2866 et
1195 2814 1344 2867 Afris
1403 2815 1730 2882 interposuit
1767 2832 1778 2865 :
1817 2815 2013 2868 nedum
2053 2814 2106 2865 in

532 2887 719 2937 eadem
743 2897 804 2935 ac
827 2883 903 2936 illi
935 2897 1098 2936 causa
1134 2896 1466 2937 versaretur.
1497 2883 1824 2948 Quinetiam
1859 2898 2011 2936 suam
2045 2899 2110 2936 ac

534 2954 887 3005 decessurum
950 2967 1175 3006 suorum
1229 2953 1558 3007 sententiam
1595 2955 1729 3006 satis
1778 2953 2106 3014 declaravit,

534 3021 955 3100 cumhoiniuem
987 3021 1163 3100 impio
1183 3029 1235 3074 et
1260 3023 1611 3100 blasphemiae
1627 3023 1806 3100 pleno
1835 3023 2110 3100 baptisino

2200 1871 2262 1922 τὸ
2281 1872 2407 1939 περὶ
2437 1871 2534 1938 τῆς
2568 1869 2857 1938 μετανοίας
2881 1868 3152 1938 διαφόρως
3188 1866 3331 1936 ἔχειν
3363 1867 3502 1936 πρὸς
3532 1868 3664 1928 τοὺς
3687 1865 3807 1918 ἀπὺ

2201 1960 2300 2027 τῆς
2342 1958 2688 2026 Ἐκκλησίας.
2725 1956 2973 2027 Αίρὲσεις
2994 1956 3072 2017 δὲ,
3103 1949 3214 2006 οἷον
3244 1956 3276 2023 ἡ
3308 1952 3414 2005 τῶν
3450 1952 3805 2022 Μανιχαίων,

2204 2051 2298 2102 καὶ
2329 2047 2720 2108 Οὑαλεντίνων,
2745 2048 2839 2097 καὶ
2879 2045 3316 2115 Μαρκιονιστῶν,
3345 2045 3439 2096 καὶ
3461 2042 3644 2094 αὐτῶν
3671 2042 3808 2094 τού-

2204 2159 2312 2192 των
2333 2139 2441 2190 τῶν
2473 2134 2837 2206 Πεπουζηνῶν
2860 2152 2872 2164 ο
2902 2135 3064 2197 εὐθὺς
3091 2136 3197 2206 γὰρ
3233 2133 3361 2203 περὶ
3391 2133 3562 2200 αὐτῆς
3587 2133 3689 2201 τῆς
3719 2133 3808 2193 είς

2206 2231 2337 2282 Θεὸν
2389 2226 2625 2287 πίστεώς
2673 2228 2822 2278 ἐστιν
2868 2226 3189 2296 ﬂata-popa.
3237 2223 3421 2288 Ἔδοξε
3473 2223 3659 2275 τοίνυν
3689 2225 3812 2285 τοῖς

2208 2321 2266 2386 ἐξ
2323 2321 2496 2390 ἀρχῆς
2547 2317 2699 2388 t6),
2743 2318 2804 2369 τὸ
2867 2318 2964 2388 μὲν
3008 2315 3116 2369 τῶν
3172 2315 3470 2385 αἱρετικῶν
3521 2312 3818 2376 παντελῶς

2209 2468 2275 2518 At
2303 2466 2550 2535 profecto
2576 2481 2854 2534 nunquam
2896 2475 3046 2518 tanta
3083 2483 3218 2520 usus
3254 2473 3400 2520 esset
3433 2465 3815 2533 indulgentia,

2213 2538 2257 2589 si
2295 2539 2564 2605 baptisma
2597 2553 2627 2588 a
2667 2537 2771 2590 ﬁde
2798 2539 3050 2589 recedere
3080 2547 3173 2588 aut
3206 2551 3312 2588 non
3337 2536 3600 2589 recedere
3623 2537 3821 2588 existi-

2213 2616 2434 2669 tuasset,
2471 2615 2628 2675 prout
2667 2607 2987 2726 Brzescripta
3031 2621 3059 2657 a
3104 2607 3321 2660 Christo
3356 2605 3527 2656 forma
3568 2606 3821 2657 violatur

2213 2686 2303 2726 aut
2339 2685 2607 2726 servatur.
2713 2676 2910 2726 eninue
2938 2676 3118 2726 sancit
3178 2691 3301 2726 can.
3334 2674 3401 2725 47
3443 2674 3819 2726 baptizandus

2213 2686 2303 2727 aut
2339 2674 2607 2728 servatur.
2667 2674 2910 2742 Denique
2938 2676 3118 2728 sancit
3178 2691 3301 2728 can.
3334 2674 3401 2725 47
3443 2674 3819 2742 baptizandus

2213 2742 2538 2805 Encratitas,
2566 2747 2817 2812 quamvis
2848 2745 3053 2803 dicant.
3097 2743 3162 2796 In
3198 2743 3413 2795 Patrem
3449 2754 3498 2795 et
3528 2743 3732 2794 Filium
3765 2756 3818 2797 et

2215 2812 2472 2877 Spiritum
2523 2824 2762 2867 sanctum
2797 2814 3055 2880 baptizari
3105 2830 3307 2866 sumus.
3342 2812 3652 2878 Rejiciebat
3681 2829 3822 2880 ergo

2215 2882 2346 2936 illud
2379 2885 2646 2951 baptisma
2705 2899 2813 2936 non
2862 2889 2932 2936 ob
2980 2884 3208 2935 violatos
3271 2883 3582 2951 baptizandi
3646 2883 3816 2946 ritus,

2215 2953 2309 3005 sed
2343 2950 2467 3021 quia
2505 2952 2816 3014 Eucratitar,
2858 2963 2915 3005 ut
2946 2953 3144 3006 ibidem
3179 2961 3432 3013 testatur,
3483 2950 3655 3021 Deum
3707 2969 3818 3004 au-

2216 3020 2420 3075 ctorem
2446 3023 2713 3074 malorum
2739 3024 3150 3086 existimabant,
3174 3022 3360 3074 itidem
3391 3028 3449 3072 ut
3482 3020 3734 3076 Marcion
3760 3030 3820 3075 et

537 3093 680 3158 apud
732 3093 1016 3145 haereticos
1049 3090 1341 3153 initiatum,
1369 3091 1462 3144 sed
1492 3091 1811 3160 jamdudum
1846 3091 1966 3142 sine
2017 3091 2109 3142 ba-
2140 3106 2181 3160 ο
2217 3092 2333 3143 alia:
2356 3093 2607 3160 haereses.

537 3165 737 3230 ptismo
769 3163 836 3214 ab
869 3160 1307 3214 antecessoribus
1342 3161 1459 3230 suis
1497 3168 1793 3228 receptum,
1845 3167 1972 3212 ante
1998 3174 2107 3230 non

538 3227 707 3284 ausus
735 3243 818 3285 est
849 3231 1147 3300 baptizare,
1172 3244 1333 3300 quain
1370 3228 1598 3300 Xystirm
1628 3227 1956 3298 episcopum
1996 3227 2108 3300 Ro-

539 3315 759 3351 manum
811 3297 1204 3361 consuluisset,
1263 3297 1458 3351 Euseb.
1523 3297 1736 3353 Ilist.’l.
1799 3313 1897 3360 vti,
1959 3312 2009 3351 c.
2053 3298 2107 3349 9.

537 3369 594 3421 2°
623 3369 733 3423 Etsi
777 3378 1009 3422 testatur
1041 3369 1279 3437 Basilius
1313 3385 1422 3421 non
1453 3369 1713 3436 reiectum
1769 3381 1798 3419 a
1850 3367 2112 3437 Dionysio

543 3443 713 3492 luisse
752 3440 1022 3507 baptisma
1056 3436 1504 3507 Pepuzenorum;
1550 3453 1658 3490 non
1696 3445 1876 3490 tamen
1899 3436 2114 3489 videtur

540 3510 888 3562 existimasse
915 3521 1169 3574 magnum
1201 3509 1351 3560 illuni
1392 3509 1566 3575 virum
1597 3507 1786 3559 eadem
1828 3507 2115 3575 indulgent-

543 3580 616 3628 tia
649 3579 701 3628 in
736 3579 871 3629 alios
927 3577 1209 3629 haereticos
1259 3592 1416 3629 usum
1457 3574 1646 3629 fuisse.
1691 3575 1918 3629 Miratur
1968 3574 2113 3627 enim

544 3662 642 3697 cur
691 3655 799 3697 tam
841 3644 1134 3698 liberaliter
1183 3648 1354 3712 egerit
1403 3661 1525 3698 cum
1566 3644 1866 3712 Pepuzenis
1930 3653 2115 3711 utpote

547 3717 850 3778 ltml'ettcis;
905 3715 1048 3780 quod
1110 3713 1358 3782 proiecto
1414 3716 1610 3765 mirum
1670 3713 1747 3782 eL
1779 3714 1951 3766 visum
2007 3729 2113 3765 non

547 3784 764 3844 fuisset,
797 3785 840 3837 si
873 3786 1024 3854 ipsos
1043 3779 1207 3854 etiam
1237 3782 1586 3836 Marcionitas
1619 3789 1672 3854 et
1702 3779 2116 3854 Yalentipianos

546 3857 614 3907 ab
644 3869 708 3908 eo
752 3855 869 3908 sine
897 3850 1189 3921 baptismo
1233 3859 1481 3922 receptos
1533 3851 1874 3906 credidisset.
1910 3850 2116 3922 Quam-

544 3927 734 3977 obrem
761 3923 944 3976 Basilii
967 3920 1234 3975 sententia
1263 3920 1423 3992 paulo
1446 3922 1752 3992 restrictius
1775 3920 2113 3992 accipienda,

549 4009 711 4061 quam
763 3994 924 4062 vulgo
957 3992 1242 4061 accipitur.
1264 3989 1505 4046 'Constat
1537 3993 1682 4044 illius
1716 3991 1782 4044 de
1817 3989 2117 4062 Pepuzenis

547 4071 667 4118 sine
704 4061 974 4132 baptismo
1014 4064 1250 4132 receptis
1288 4063 1685 4121 testimonium,
1719 4071 1880 4130 atque
1911 4076 1977 4132 ett
2012 4061 2115 4113 hoc

549 4130 863 4188 testimonio
922 4131 1054 4184 illud
1101 4130 1266 4185 etiam
1330 4133 1510 4200 colligi
1561 4138 1775 4200 potest,
1838 4130 2119 4198 quodlibet

550 4204 838 4268 baptisma,
876 4201 1036 4253 modo
1065 4201 1203 4254 ritus
1239 4199 1510 4268 legitimus
1542 4216 1649 4252 non
1681 4199 1914 4258 deesset.
1942 4214 2117 4252 ratqu

549 4289 577 4324 a
623 4271 879 4341 Dionysio
921 4269 1164 4322 habitum
1205 4270 1395 4325 fuisse.
1454 4270 1559 4322 Sed
1596 4269 1831 4341 Basilius
1891 4270 2008 4336 ipse
2053 4268 2120 4320 de

550 4344 686 4396 solis
720 4339 1022 4408 Pepuzenis
1051 4341 1341 4408 loquitur,
1374 4347 1428 4392 et
1483 4341 1558 4408 in,
1595 4339 1698 4391 hoc
1743 4339 1863 4406 ipso
1911 4352 2120 4408 (alioue

2290 3162 2401 3226 (5)
2442 3161 2515 3229 Τὰ
2569 3159 2635 3210 δὲ
2679 3161 3008 3227 σχΙσματα.
3059 3159 3152 3212 Sic
3200 3159 3449 3229 plerique
3484 3174 3622 3213 mss.
3659 3157 3818 3214 Edili

2209 3229 2306 3291 τὰς
2339 3231 2415 3282 δέ.
2448 3227 2708 3282 Nonnulli
2757 3231 2982 3283 codices
3042 3227 3243 3284 habent
3295 3227 3392 3292 τὰς
3430 3229 3488 3282 δὲ
3535 3246 3823 3301 παρασυν-

2212 3301 2452 3367 αγωγάς.

2286 3367 2400 3438 (6)
2440 3367 2567 3438 Τοῖς
2626 3367 2693 3429 ἐξ
2747 3367 2962 3438 ἀρχῆς.
2995 3368 3275 3432 Quosnam
3312 3368 3398 3421 hic
3432 3368 3695 3436 antiquos
3730 3370 3822 3423 in-

2215 3436 2408 3506 telligit
2439 3437 2715 3490 Basdius?
2746 3439 2827 3489 An
2860 3436 3263 3506 Firmilianuin,
3300 3452 3367 3490 an
3402 3438 3524 3506 ejus
3557 3447 3822 3492 anteces-

2216 3505 2392 3572 sores,
2429 3523 2496 3559 an
2530 3507 2922 3561 successores?
2945 3505 3063 3561 Non
3090 3509 3332 3576 loquitur
3356 3507 3422 3561 de
3445 3505 3776 3562 Firmiliano
3800 3527 3819 3575 ;

2215 3579 2334 3644 ejus
2367 3578 2509 3629 enim
2533 3576 2998 3646 sententianrnou
3029 3592 3221 3644 parum
3255 3577 3323 3629 ab
3348 3579 3451 3629 ista
3475 3577 3815 3646 discrepan-

2215 3654 2322 3698 tem
2360 3647 2500 3698 iul'ra
2552 3658 2792 3713 exponit.
2848 3644 2902 3696 Si
2951 3645 3018 3698 de
3073 3648 3489 3700 successoribus
3529 3644 3812 3712 loquitur,

2217 3715 2351 3767 nihil
2383 3715 2768 3782 eritauibigui,
2801 3715 2939 3767 nihil
2971 3730 3080 3767 non
3113 3722 3369 3767 accurate
3408 3715 3640 3768 dictum.
3675 3715 3821 3768 Nam

2217 3798 2340 3836 cum
2379 3782 2727 3837 Firmilianus
2769 3785 2920 3836 nullo
2959 3783 3273 3837 discrimine
3312 3784 3822 3854 habuissetbaptt-

2218 3868 2335 3908 sma
2362 3855 2476 3907 sive
2507 3854 2560 3905 in
2587 3854 2802 3923 haeresi,
2837 3857 2951 3908 sive
2985 3853 3040 3906 in
3068 3853 3388 3915 schismate,
3444 3855 3562 3907 sive
3606 3853 3664 3907 in
3704 3853 3822 3923 pa-

2219 3923 2571 3992 rasynagogis
2617 3922 2825 3984 datum,
2861 3932 2924 3976 ut
2967 3931 3114 3991 patet
3155 3937 3219 3974 ex
3272 3923 3393 3990 ejus
3438 3924 3679 3992 epistola
3719 3922 3822 3979 ’ad

2219 3991 2550 4062 Cyprianum
2575 4000 2629 4062 et
2661 4006 2726 4044 ex
2757 3993 2862 4046 hoc
2887 3994 3003 4060 ipso
3037 4007 3282 4055 canone;
3316 3993 3383 4045 de
3412 3991 3562 4046 illius
3601 3995 3825 4046 severi-

2222 4061 2332 4115 tate
2386 4061 2589 4130 aliquid
2630 4071 2816 4130 postea
2846 4064 3115 4122 limatum,
3158 4070 3214 4114 et
3247 4076 3309 4113 ca
3339 4063 3565 4116 inducta
3615 4063 3828 4116 distin-

2220 4132 2330 4183 ctio
2361 4146 2524 4200 quam
2579 4130 2813 4200 Basilius
2833 4141 3244 4185 couuneniorat.
3273 4130 3380 4185 Sed
3411 4134 3626 4185 videtur
3658 4131 3829 4185 Itasi-

2223 4201 2328 4254 lius
2382 4199 2674 4269 episcopos
2724 4199 3047 4253 Firmiliauo
3098 4201 3436 4269 antiquiores
3493 4201 3822 4269 designare.

2225 4269 2347 4322 llaec
2373 4274 2515 4322 enim
2555 4271 2715 4322 verba
2746 4273 2860 4332 τοῖς
2897 4269 2956 4332 ἐξ
2997 4271 3170 4338 ἀρχῆς
3211 4272 3344 4324 satis
3377 4280 3504 4338 apte
3532 4286 3628 4324 eos
3666 4271 3826 4324 indi-

2224 4348 2370 4402 cant,
2409 4339 2498 4406 qui
2528 4339 2594 4392 de
2626 4339 2894 4405 baptismo
2926 4341 3085 4408 primi
3136 4348 3554 4406 pertractarunt.
3582 4338 3828 4393 Priman-

551 4413 732 4499 magni
765 4407 1008 4499 Dionysii
1047 4407 1430 4499 erraitutit.(sic
1476 4407 1624 4499 enim
1673 4407 1931 4499 appellaAt)
1966 4409 2020 4499 in
2054 4421 2119 4499 eo
2155 4441 2204 4499 Β
2229 4409 2568 4499 ξδ’·ιιὲξιειιιιιχ
2610 4408 2868 4499 Basilius:
2907 4407 3431 4499 Quod._DioiiysiusJ..
3457 4412 3551 4478 qui
3581 4410 3824 4499 aequalis

552 4477 987 4534 manifesmm‘et
1038 4489 1164 4531 ante
1199 4478 1390 4532 oculos
1430 4477 1668 4545 positum
1715 4493 1838 4530 esse
1863 4477 2124 4538 declarat,

552 4552 696 4617 quod
721 4547 1042 4601 discesserit
1075 4561 1106 4617 a
1131 4547 1340 4599 saucila
1372 4547 1568 4617 priscis
1598 4547 1903 4617 canonibus
1921 4549 2126 4617 regula,

555 4629 612 4670 ut
644 4620 802 4671 aliter
851 4616 1122 4676 haeretici,
1175 4617 1332 4668 aliter
1385 4616 1719 4668 schisuiatici
1767 4616 2125 4682 recipiantur.

551 4689 822 4741 Credebat
851 4701 982 4753 ergo
1017 4688 1290 4754 opinatam
1339 4686 1482 4738 illam
1516 4686 1754 4754 regulam
1791 4686 1847 4737 in
1869 4685 1992 4738 aliis
2021 4687 2132 4738 ha:-

559 4759 776 4810 resihus
805 4773 832 4807 a
861 4753 1117 4810 Dionvsio
1134 4756 1478 4808 observatam
1521 4753 1704 4806 inisse.

627 4827 739 4896 (.t)
774 4823 863 4896 _Td
883 4821 1087 4896 μηδὲν
1125 4823 1236 4896 τῆς
1274 4827 1543 4896 Δπίστεως
1578 4822 2000 4896 παρεκὸαῖνον,
2033 4821 2130 4878 His

554 4893 738 4949 verbis
773 4893 1030 4953 Basilius,
1074 4895 1161 4961 qui
1208 4893 1338 4946 nihil
1373 4913 1402 4946 a
1441 4895 1543 4962 ﬁde
1591 4894 1806 4952 recedit,
1857 4893 2128 4961 baptisma

557 4965 829 5032 intelligit,
865 4962 1008 5032 quod
1037 4965 1103 5015 ab
1125 4964 1433 5017 hominibus
1461 4963 1594 5032 nihil
1621 4964 1674 5032 in
1711 4962 1865 5015 Iidem
1899 4979 2130 5031 peccan-

558 5039 706 5087 tibus
735 5031 890 5088 extra
940 5031 1235 5086 Ecclesiam
1287 5033 1467 5085 datur.
1495 5031 1628 5083 Nam
1665 5031 1719 5083 in
1751 5041 1863 5083 toto
1895 5038 1997 5085 hoc
2038 5049 2128 5084 ca-

557 5119 700 5159 none
755 5118 863 5155 non
909 5101 1124 5170 quierit,
1181 5109 1361 5153 utrum
1414 5101 1702 5154 observata
1753 5115 1928 5154 necne
1963 5101 2126 5155 fuerit

558 5175 874 5243 praescripti
916 5189 944 5223 a
985 5174 1202 5223 Christo
1226 5170 1396 5224 forma
1434 5171 1576 5243 :_sed
1609 5184 1726 5243 eam
1765 5185 1900 5243 rem,
1940 5180 1998 5243 ut
2026 5173 2128 5243 mi-

560 5240 705 5296 nime
757 5240 1163 5296 controversam
1210 5241 1656 5308 praitermittens,
1715 5240 1969 5307 baptismi
2013 5241 2130 5305 reji-

559 5315 735 5367 ciendi
775 5322 866 5363 aut
929 5310 1190 5380 probandi
1248 5311 1486 5380 regulam
1531 5309 1722 5377 repetit
1766 5325 1828 5361 ex
1867 5325 1997 5362 sana
2035 5319 2126 5362 aut

561 5385 814 5435 haeretica
845 5379 1114 5433 doctrina.
1154 5379 1288 5431 llinc
1326 5381 1414 5431 illa
1445 5379 1736 5438 luerosum,
1769 5380 2124 5432 schismatum

559 5465 612 5506 et
647 5465 1174 5521 parasynagogarum
1205 5448 1514 5521 distinctio,
1542 5464 1604 5500 es
1637 5463 1740 5515 qua
1771 5452 2013 5521 proiecto
2043 5449 2125 5521 di-

559 5519 747 5587 gnosci
807 5519 910 5573 non
946 5521 1135 5587 possit,
1171 5529 1350 5570 utrum
1396 5520 1666 5570 observat:
1708 5534 1873 5571 necne
1924 5519 2125 5571 fuerint

563 5591 784 5659 legi'iiui
833 5593 989 5643 ritus.
1053 5589 1187 5640 llinc
1239 5592 1399 5640 etiam
1446 5588 1684 5641 Basilius
1748 5588 2122 5641 lnereticorum

563 5661 851 5729 baptisma,
891 5661 991 5713 etsi
1041 5676 1072 5710 α
1112 5659 1213 5725 [ide
1245 5659 1453 5720 recedit,
1503 5659 1768 5729 interdum
1815 5667 1991 5710 tamen
2040 5673 2124 5709 ra-

565 5728 677 5783 unn
714 5744 834 5782 esse
877 5731 1101 5797 patitur,
1143 5732 1186 5782 si
1242 5732 1309 5780 ita
1346 5729 1574 5795 postulet
1634 5728 1846 5795 publica
1896 5730 2120 5781 utilitas.

2234 4478 2333 4530 fuit
2365 4475 2688 4538 Firmiliani,
2737 4481 2804 4531 ab
2851 4475 2952 4531 hac
2981 4475 3335 4533 distinctione
3381 4475 3709 4532 discesserit
3761 4479 3824 4533 in

2234 4547 2546 4628 [eripienda
2577 4546 3315 4628 Pepuzenorutnbaptisaro.
3351 4545 3625 4628 lant-tuin
3670 4563 3821 4628 ergo

2233 4617 2376 4669 illam
2407 4618 2641 4686 viguisse
2660 4615 2931 4670 credebat.
2963 4618 3087 4670 Haec
3121 4628 3298 4670 autem
3343 4617 3520 4670 sancti
3557 4615 3822 4674 doctoris

2233 4688 2417 4754 opinio
2441 4703 2566 4739 cum
2599 4703 2698 4740 sua
2729 4697 2922 4754 sponte
2957 4703 3066 4738 non
3101 4687 3416 4739 verisimilis
3452 4696 3559 4748 est,
3589 4695 3707 4741 tum
3748 4689 3826 4744 ab

2233 4757 2352 4824 ipso
2393 4757 2710 4808 l’irmilian‘o
2747 4755 3032 4814 refellitur,
3083 4757 3174 4822 qui
3224 4759 3550 4809 sententiam
3583 4772 3743 4811 suam
3793 4773 3828 4811 ι

2235 4827 2532 4891 majoribus
2564 4824 2838 4891 accepisse
2886 4840 2944 4877 se
2991 4833 3244 4878 testatur.
3305 4827 3414 4878 Aec
3455 4828 3825 4891 meminimus,

2233 4895 2408 4962 inquit
2439 4895 2491 4948 in
2523 4895 2749 4962 epistola
2777 4895 2929 4964 inter
2961 4895 3321 4963 Cyprianicas
3345 4896 3431 4958 75,
3482 4913 3533 4964 p.
3582 4898 3685 4948 M9
3713 4913 3827 4949 no-

2231 4981 2309 5016 vae
2343 4965 2497 5025 cdil.,
2529 4964 2622 5014 hoc
2646 4963 2784 5027 apud
2824 4980 2916 5015 nos
2944 4964 3232 5032 aliquando
3257 4963 3492 5032 cwpisse,
3525 4981 3643 5016 cum
3686 4982 3829 5017 sem-

2230 5051 2318 5097 per
2340 5035 2459 5086 istic
2497 5033 2824 5085 obseruatum
2858 5033 2946 5095 sit,
2978 5044 3158 5085 utnon
3186 5035 3290 5085 nisi
3320 5052 3478 5086 unam
3499 5033 3598 5087 Dei
3627 5033 3828 5088 Eccle—

2230 5106 2360 5154 siam
2385 5119 2672 5163 nossemus,
2704 5112 2752 5154 et
2783 5114 3024 5155 sanctum
3057 5103 3321 5169 baptisma
3344 5121 3445 5156 non
3476 5105 3580 5156 nisi
3608 5114 3826 5159 sancta:

2235 5172 2483 5225 Ecclesia:
2508 5183 2951 5238 computaremus.
2989 5172 3257 5226 Credebat
3295 5188 3422 5240 ergo
3455 5171 3821 5230 Finnilianus

2231 5242 2471 5308 ignotam
2511 5243 2814 5309 majoribus
2845 5242 2960 5296 suis
3000 5241 3172 5294 fuisse
3199 5242 3610 5295 distinctionem
3639 5243 3822 5298 hiare-

2229 5319 2462 5383 ttcoruni
2505 5321 2558 5363 et
2611 5313 3088 5383 schismaticorum
3130 5312 3184 5363 in
3220 5313 3551 5377 baptismate
3593 5331 3604 5363 :
3652 5314 3824 5383 longe

2229 5381 2388 5433 aliter
2417 5383 2592 5434 visunt
2624 5383 2843 5435 Basilio.
2865 5379 3018 5434 Unde
3040 5389 3185 5448 patet
3215 5395 3463 5434 summos
3494 5383 3618 5436 illos
3647 5379 3825 5447 viros,

2230 5448 2606 5503 Firniiliantnn
2643 5462 2697 5505 et
2727 5452 3010 5514 Basiliutn,
3037 5465 3277 5508 errasse.
3301 5450 3429 5503 dum
3465 5466 3625 5504 suam
3665 5461 3817 5507 uter-

2227 5535 2333 5586 que
2362 5522 2675 5588 opinionem
2703 5523 2855 5589 justo
2889 5522 3109 5593 longius
3138 5521 3357 5588 repetit,
3394 5522 3533 5593 al_ter
3569 5523 3642 5576 ab
3684 5524 3824 5593 ipsis

2228 5593 2512 5656 apostolis,
2581 5593 2716 5646 alter
2761 5607 2790 5644 a
2861 5590 3202 5659 temporibus
3249 5597 3378 5645 ante
3429 5589 3824 5647 Firniiliatium

2226 5662 2447 5729 elapsis.
