4018 6452
539 403 644 466 579

1808 393 2088 452 THEOD.
2137 397 2365 455 BALSA
2380 394 2530 454 MUN

3693 403 3795 462 580

536 524 692 590 ’ἔσχον
725 530 824 592 τὴν
875 537 1034 592 χαριν
1076 521 1169 576 τοῦ
1213 525 1369 593 ἁγίου
1417 526 1731 598 Πνεὺματος
1757 531 1841 598 ἐφ’
1874 535 2112 596 ἑαυτοῖς·

2227 534 2464 602 Spiritus
2496 533 2706 586 sancti:
2733 531 3007 586 defecerat
3042 535 3188 586 enim
3219 528 3682 590 communicatio,
3713 528 3796 581 in—

537 611 763 664 ὲπέλιπε
798 613 899 682 γὰρ
929 615 960 684 ἡ
996 615 1280 683 μετάδοσις
1306 617 1382 686 τῷ
1418 617 1741 688 διακοπῆναι
1769 623 1868 690 τὴν
1897 623 2116 676 ἀκολου-

537 700 675 752 θίαν.
726 702 790 752 Ol
832 702 929 770 μὲν
972 704 1080 773 γὰρ
1121 704 1323 774 πρῶτοι
1346 709 1801 777 ἀναχωρήσαντες
1835 712 1984 779 παρὰ
2012 712 2117 763 τῶν

537 792 789 860 πατέρων
827 793 984 862 ἔσχον
1023 795 1122 856 τὰς
1166 797 1520 865 χειροτονίας,
1548 801 1641 850 καὶ
1668 800 1756 852 διὰ
1795 801 1892 871 τῆς
1933 801 2118 854 ἐπιθέ-

539 898 674 944 σεως
702 883 810 934 τῶν
838 885 1035 954 χειρῶν
1073 889 1252 939 αὐτῶν
1297 885 1441 958 εἶχον
1481 890 1542 942 τὸ
1580 893 1822 962 χάρισμα
1867 893 1927 944 τὸ
1960 911 2119 945 πνευ-

539 974 765 1040 ματικόν
787 991 800 1003 ο
836 977 884 1026 οί
905 976 960 1027 δὲ
999 979 1427 1048 ἀπορραγέντες,
1457 981 1633 1034 λαῖκοὶ
1663 983 1960 1052 γενόμενοι,
1993 982 2119 1034 οὔτε

536 1062 628 1113 τοῦ
672 1062 972 1130 βαπτίζειν,
1007 1068 1128 1121 οὗτε
1167 1071 1257 1121 τοῦ
1286 1076 1609 1140 χειροτονεῖν
1638 1071 1782 1142 εἶχον
1825 1075 1922 1144 τὴν
1973 1073 2120 1138 ἐξου-

537 1151 678 1218 σίαν,
731 1156 912 1208 οὐκέτι
940 1159 1226 1227 δυνάμενοι
1269 1162 1426 1231 χάριν
1467 1164 1782 1234 Πνεύματος
1827 1165 2120 1233 ἁγίουὲτέ-

541 1261 656 1312 ροις
714 1249 1014 1316 παρέχειν,
1065 1247 1130 1320 ἧς
1185 1253 1338 1303 αὑτοὶ
1399 1255 1808 1309 έκπεπτώκασι.
1865 1258 1988 1317 Διὸ,
2046 1255 2120 1316 ὡς

537 1340 688 1408 παρᾶ
718 1339 923 1392 λαῖκῶν
963 1343 1391 1413 βαπτιζομένους
1419 1347 1543 1408 τοὺς
1579 1351 1702 1416 παρ’
1739 1348 1939 1409 αὐτῶν,
1998 1348 2121 1400 ὲκέ-

536 1427 734 1483 λευσαν
801 1433 1128 1502 ἐρχομένους
1189 1436 1280 1486 ἐπὶ
1341 1439 1441 1505 τὴν
1494 1427 1819 1508 Ἐκκλησίαν
1985 1439 2121 1507 ἁλη-

538 1519 669 1590 θινῷ
717 1521 1053 1593 βαπτίσματι
1110 1524 1187 1594 τῷ
1225 1526 1326 1595 τῆς
1393 1527 1718 1598 Ἐκκλησίας
1762 1529 2122 1599 ἀνακαθαίρε-

539 1610 678 1666 σθαι.
709 1613 925 1684 Ἐπειδὴ
948 1616 1003 1668 δὲ
1026 1616 1161 1678 ὅλως
1186 1615 1330 1681 ἔδοξέ
1362 1635 1469 1669 τισι
1506 1619 1613 1670 τῶν
1639 1620 1780 1672 κατὰ
1808 1620 1904 1690 τὴν
1940 1621 2122 1672 Ἀσίαν

536 1703 850 1773 οἰκονομίας
899 1707 1059 1760 ἓνεκα
1108 1708 1214 1760 τῶν
1267 1711 1476 1762 πολλῶν
1507 1712 1761 1780 δεχθῆναι
1826 1713 2004 1765 αὐτῶν
2061 1713 2120 1764 τὸ

541 1792 845 1865 βάπτισμα,
888 1797 1026 1849 ἔστω
1057 1799 1353 1853 δεκτόν.Ί’ὸ
1375 1803 1429 1854 δὲ
1462 1803 1567 1853 τῶν
1611 1803 1978 1873 Ἐγκρατιτῶν
2007 1803 2116 1874 (12)

538 1886 904 1956 κακούργημα
929 1890 1119 1957 νοῆσαι
1147 1891 1292 1958 ἡμᾶς
1327 1892 1424 1954 δεῖ,
1461 1894 1566 1954 δτι,
1589 1893 1654 1944 ἵν’
1685 1895 1880 1957 αὐτοὺς
1912 1896 2117 1963 ἀπροσ-

535 1974 753 2037 δέκτους
789 1978 1056 2046 ποιήσωσι
1102 1981 1166 2047 τῇ
1199 1979 1512 2051 Ἐκκλησία,
1545 1983 1909 2052 ἐπεχείρησαν
1933 1982 2116 2035 λοιπὸν

541 2064 653 2133 ἰδίῳ
697 2067 1251 2137 προκαταλαμϐάνειν
1307 2070 1676 2141 βαπτίσματι·
1721 2072 1844 2124 ὅθεν
1883 2074 1977 2126 καὶ
2020 2073 2117 2144 τὴν

536 2155 824 2226 συνήθειαν
853 2157 950 2224 τὴν
987 2159 1195 2211 ἑαυτῶν
1223 2161 1627 2230 παρεχάραξαν.
1667 2161 1888 2231 Νομίζω
1917 2162 2112 2227 τοίνυν,

534 2247 636 2310 ὅτι,
672 2249 855 2319 ἐπειδὴ
887 2250 1038 2302 οὐδέν
1084 2254 1199 2303 ἐστι
1256 2253 1384 2322 περὶ
1423 2253 1604 2304 αὐτῶν
1644 2255 1893 2324 φανερῶς
1938 2255 2118 2324 διηγο-

539 2339 820 2409 ρευμένον,
843 2344 990 2412 ἡμᾶς
1007 2344 1282 2413 προσῆκεν
1301 2345 1509 2396 ἀθετεῖν
1539 2345 1717 2396 αὐτῶν
1739 2346 1796 2396 τὸ
1814 2345 2114 2416 βάπτισμα’

536 2431 638 2483 κᾶν
671 2449 751 2494 τις
877 2434 1002 2502 παρ’
1055 2435 1234 2486 αὐτῶν
1275 2435 1531 2503 εἰληφὼς,
1561 2435 1857 2505 προσιόντα
1887 2439 1950 2506 τῇ
1991 2437 2110 2488 Ἑκ-

535 2521 732 2590 κλησίᾳ
761 2521 1061 2590 βαπτίζειν.
1092 2524 1108 2588 (
1139 2524 1262 2575 Ἐὰν
1298 2525 1480 2593 μέντοι
1510 2525 1691 2594 μέλλοι
1727 2524 1834 2596 (i5)
1879 2527 1944 2594 τῇ
1985 2523 2118 2577 καθ-

535 2610 656 2660 ὀῖιου
683 2611 964 2681 οἰκονομίᾳ
997 2613 1250 2681 ἐμπόδιον
1283 2612 1499 2665 ἔσεσθαι
1525 2613 1702 2675 τοῦτο,
1729 2611 1885 2663 πάλιν
1912 2612 1987 2681 τῷ
2007 2612 2116 2664 ἔθει

536 2702 820 2770 χρηστέον,
880 2704 976 2754 καὶ
1028 2707 1139 2764 τοῖς
1169 2705 1559 2772 οἱκονομήσασι
1585 2701 1652 2755 τὰ
1687 2703 1806 2755 καθ’
1829 2705 1977 2772 ἡμᾶς
2006 2705 2116 2756 Πα-

534 2792 727 2860 τράσιν
785 2791 1197 2862 ἀκολουθητέον.
1259 2793 1581 2864 ’Υφορῶμαι
1630 2793 1737 2864 γὰρ
1788 2797 2013 2864 μήποτε.
2043 2795 2118 2857 ὠς

535 2881 836 2951 βουλόμεθα
863 2882 1132 2954 ὀκνηροὺς
1168 2885 1362 2948 αὐτοὺς
1392 2887 1518 2956 περὶ
1555 2885 1614 2936 τὸ
1653 2886 1934 2954 βαπτίζειν
1959 2889 2117 2956 ποιῆ-

539 2989 648 3034 σαι,
685 2973 1064 3043 ἐμποδίσωμεν
1114 2979 1225 3036 τοῖς
1267 2976 1594 3044 σωζομένοις
1631 2977 1719 3029 διὰ
1759 2978 1817 3028 τὸ
1853 2977 1951 3046 τῆς
1987 2995 2118 3048 προσ

537 3059 742 3121 τάσεως
781 3063 1094 3131 αὐστηρὸν.)
1136 3065 1196 3114 Ei
1229 3064 1285 3115 δὲ
1323 3066 1519 3114 ἐκεῖνοι
1550 3065 1878 3131 φυλάσσουσι
1900 3064 1958 3114 τὸ
1984 3065 2119 3134 ἠμέ-

544 3165 691 3219 τερον
718 3150 1019 3220 βάπτισμα,
1053 3152 1210 3204 τοῦτο
1244 3154 1389 3221 ἡμᾶς
1427 3151 1499 3221 μὴ
1533 3151 1864 3206 δυσωπείτω.
1903 3155 1976 3204 Οὐ
2013 3153 2119 3224 γὰρ

536 3241 851 3294 ἀντιδιδόναι
909 3245 1094 3305 αὐτοῖς
1162 3244 1451 3295 ὑπεύθυνοι
1509 3245 1669 3313 χάριν
1720 3245 1920 3313 ἐσμὲν,
1976 3245 2113 3297 ἀλλὰ

533 3331 805 3384 δουλεύειν
856 3333 1112 3404 ἀκριϐείᾳ
1151 3336 1412 3389 κανόνων.
1456 3337 1624 3387 Παντὶ
1675 3337 1730 3388 δὲ
1774 3336 1915 3406 λόγῳ
1939 3354 2118 3389 τυπω-

537 3425 704 3494 θήτω,
737 3426 862 3486 τοὺς
902 3426 1008 3477 ἀπὸ
1044 3426 1138 3477 τοῦ
1177 3429 1483 3497 βαπτισμοῦ
1537 3429 1760 3481 ἐκείνων
1801 3430 1911 3498 (Μ)
1953 3446 2120 3497 προσ-

536 3514 862 3584 ερχομένους
919 3515 1167 3584 χρίεσθαι
1231 3518 1321 3569 ἐπὶ
1391 3519 1499 3570 τῶν
1575 3518 1781 3570 πιστῶν
1843 3518 2117 3587 δηλονότι,

538 3605 633 3656 κει)⁸
679 3603 822 3655 οὕτω
868 3605 1150 3673 προσιέναι
1200 3609 1310 3668 τοῖς
1362 3609 1702 3677 μυστηρίοις.
1754 3606 1881 3660 Οἶδα
1930 3610 2006 3671 δὲ,
2039 3611 2120 3660 ὅτι

539 3699 665 3759 τοὺς
720 3697 979 3764 ἀδελφοὺς
1015 3700 1139 3760 τοὺς
1185 3699 1312 3768 περὶ
1355 3699 1509 3762 Ίζοῖν
1547 3703 1678 3770 (15),
1719 3703 1811 3753 καὶ
1859 3702 2116 3771 Σατορνῖ-

543 3806 651 3852 νον,
691 3791 788 3841 dm”
840 3790 1056 3857 ἐκείνης
1101 3790 1258 3853 ὄντας
1285 3791 1382 3860 τῆς
1410 3791 1640 3857 τάξεως,
1675 3793 2118 3864 προσεδεξάμεθα

541 3885 620 3946 εἰς
675 3881 773 3952 τὴν
825 3881 1097 3953 καθέδραν
1145 3882 1254 3935 τῶν
1290 3885 1624 3936 ἐπισκόπων.
1676 3885 1836 3936 Ὥστε
1883 3885 2006 3947 τοὺς
2042 3883 2120 3955 τῷ

617 4078 728 4146 (Ιὲ)
770 4077 892 4132 Τῶν
934 4078 1349 4148 Ἐγκρατιτῶν.
1388 4078 1502 4134 Hoc
1547 4081 1946 4135 Eucratitarum
1989 4081 2122 4136 faei-

542 4164 674 4202 nore
705 4164 811 4201 non
858 4162 1116 4217 eorrupta
1153 4151 1460 4203 essentialis
1496 4152 1751 4218 baptisuzi
1780 4153 1978 4215 I'orma,
2025 4153 2118 4205 sed

527 4234 694 4275 morm
724 4219 966 4285 qua‘ilam
991 4221 1214 4286 adjectae
1243 4221 1599 4272 caeremonias.
1632 4220 1763 4272 Nam
1806 4224 1856 4274 in
1908 4237 2119 4275 canone

543 4288 610 4339 47
643 4291 721 4341 sic
747 4304 840 4340 eos
873 4291 1154 4355 loquentes
1193 4290 1422 4350 inducit,
1463 4287 1527 4340 In
1564 4289 1779 4342 Patrem
1822 4302 1868 4343 et
1917 4289 2116 4342 Filium

539 4369 592 4410 et
622 4357 877 4425 Spiritum
918 4358 1174 4424 baptizati
1213 4374 1415 4411 sumus.
1462 4357 1600 4410 llinc
1629 4376 1817 4413 eorum
1849 4362 2113 4426 baptisma

543 4437 723 4480 ratum
755 4427 937 4485 habet.
969 4431 1012 4479 si
1063 4443 1168 4494 qua
1209 4428 1460 4480 inciderit
1490 4431 1666 4496 magni
1706 4433 1962 4482 momenti
1993 4445 2116 4481 eau-

2223 632 2466 692 tcrrupta
2509 624 2945 676 continuatione.
2997 621 3098 686 Qui
3152 622 3296 675 enim
3343 620 3509 690 primi
3551 633 3800 673 recesse-

2221 720 2366 773 rant,
2419 713 2824 765 ordinationem
2873 726 2902 763 a
2959 712 3206 779 patribus
3252 711 3550 772 habebant,
3609 717 3664 762 et
3709 725 3801 777 per

2221 818 2482 856 manuum
2540 817 2727 856 eorum
2801 801 3203 870 impositiouem
3257 801 3532 853 habebant
3597 801 3799 852 donum

2219 895 2540 962 spirituale;
2581 893 2676 962 qui
2737 901 2914 946 autem
2965 893 3162 946 resecti
3217 899 3365 953 sunt,
3419 892 3548 944 laici
3602 891 3801 951 ell'ecti,

2221 1001 2318 1040 nec
2364 985 2701 1053 baptizandi,
2755 999 2854 1037 nec
2897 982 3187 1036 ordinandi
3237 983 3510 1035 habebant
3559 991 3804 1050 potesta-

2222 1086 2352 1136 tem,
2395 1086 2455 1128 ut
2497 1075 2588 1143 qui
2632 1091 2740 1128 non
2793 1084 3014 1141 possent
3046 1075 3282 1141 amplius
3327 1073 3573 1140 Spiritus
3626 1073 3805 1126 sancti

2222 1167 2450 1235 gratiam
2476 1166 2599 1218 aliis
2630 1166 2893 1232 praebere,
2920 1180 2947 1215 a
2975 1180 3081 1232 qua
3113 1165 3217 1232 ipsi
3248 1163 3598 1217 exciderant.
3621 1164 3805 1226 Quare

2224 1274 2338 1320 eos,
2371 1258 2462 1325 qui
2505 1257 2571 1308 ab
2601 1257 2842 1325 ipsorum
2881 1255 3129 1324 partibus
3181 1255 3421 1317 stabant,
3469 1263 3743 1321 tanquam
3781 1268 3808 1303 a

2224 1350 2378 1402 laieis
2431 1348 2757 1414 baptizatos,
2801 1347 3090 1413 jusserunt
3135 1360 3264 1397 vero
3315 1343 3579 1398 Ecclesia:
3627 1345 3811 1411 bapti-

2225 1446 2397 1493 smate
2433 1437 2496 1491 ad
2533 1436 2836 1490 Ecclesiam
2865 1437 3145 1488 venientes
3176 1434 3491 1502 cxpurgari.
3525 1432 3636 1486 Sed
3674 1446 3811 1501 quo-

2225 1529 2368 1581 niam
2398 1527 2678 1580 nonnullis
2722 1524 2981 1579 Asiaticis
3017 1524 3242 1576 omniuo
3275 1525 3450 1575 visum
3487 1535 3576 1576 est
3615 1536 3810 1575 eorum

2224 1617 2518 1686 baptisma,
2567 1616 2817 1684 pluribus
2867 1611 3192 1666 consulendi
3243 1625 3433 1669 causa.
3495 1609 3810 1678 suscipien-

2225 1707 2352 1761 dum
2403 1721 2547 1768 esse,
2601 1707 2962 1774 suscipiatur.
2999 1703 3405 1756 Encratitarum
3447 1709 3634 1753 autem
3679 1700 3815 1752 faei-

2225 1811 2330 1851 nus
2366 1801 2580 1864 oportet
2624 1810 2725 1847 nos
2758 1793 3084 1862 intelligere.
3121 1791 3418 1851 Nimirum,
3457 1798 3516 1841 ut
3568 1791 3814 1842 reditum

2225 1889 2329 1944 sibi
2357 1890 2411 1942 in
2444 1887 2746 1942 Ecclesiam
2789 1886 3179 1947 intercludant,
3209 1885 3452 1954 aggressi
3486 1894 3622 1938 sunt
3651 1884 3814 1938 deiu-

2224 1994 2354 2048 ccps
2401 1979 2621 2046 proprio
2679 1977 3008 2046 baptismate
3060 1990 3450 2044 prmoccupare
3499 1994 3513 2028 :
3567 1976 3718 2029 unde
3764 1986 3815 2028 et

2225 2085 2379 2124 suam
2414 2070 2658 2138 ipsorum
2701 2066 3161 2121 consuetudinem
3189 2066 3494 2119 violarunt.
3535 2065 3816 2118 Existimo

2226 2160 2430 2228 itaque.
2476 2159 2734 2228 quoniam
2784 2157 2920 2210 nihil
2971 2157 3042 2210 de
3074 2156 3184 2209 illis
3215 2165 3406 2224 aperte
3454 2157 3669 2209 dictum
3709 2164 3816 2218 est,

2225 2265 2417 2304 eorum
2457 2249 2728 2317 baptisma
2774 2263 2803 2301 a
2851 2247 3009 2301 nobis
3059 2246 3420 2311 rejiciendum
3461 2262 3625 2310 esse;
3665 2262 3730 2299 ac
3771 2249 3816 2300 si

2225 2342 2349 2409 quis
2386 2341 2454 2393 ab
2497 2341 2578 2393 eis
2627 2340 2936 2408 acceperit,
2985 2339 3337 2393 accedentem
3387 2339 3453 2390 ad
3505 2337 3818 2393 Ecclesiam

2223 2430 2633 2498 baptizanduin.
2694 2430 2874 2498 (Quod
2928 2431 2973 2484 si
3033 2430 3139 2482 hoc
3191 2431 3433 2498 generali
3485 2430 3821 2484 oeconomiae

2228 2522 2614 2590 impedimento
2659 2521 2788 2583 erit,
2842 2536 3039 2574 rursus
3091 2521 3496 2573 consuetudine
3542 2521 3817 2573 utendum

2226 2623 2329 2675 est,
2365 2623 2416 2667 et
2447 2613 2600 2682 sequi
2643 2619 2861 2681 Oportet
2895 2610 3112 2675 Patres,
3147 2611 3239 2683 qui
3282 2626 3404 2680 quae
3441 2612 3506 2664 ad
3545 2627 3651 2664 nos
3689 2628 3822 2680 pcr-

2226 2704 2423 2764 tinent,
2466 2704 2946 2772 dispensaverunt.
2978 2701 3180 2755 Vereor
3208 2703 3375 2765 enim,
3409 2717 3499 2765 ne,
3537 2701 3672 2755 dum
3714 2717 3816 2755 eos

2226 2794 2476 2848 volumus
2525 2794 2590 2846 ad
2643 2793 3026 2861 baptizandum
3066 2793 3253 2845 tardos
3304 2792 3526 2855 facere,
3577 2792 3820 2861 impedi-

2225 2893 2410 2938 mento
2444 2893 2664 2953 propter
2700 2885 2985 2937 sententize
3013 2884 3365 2936 severitatem
3405 2885 3585 2936 simus
3621 2886 3692 2936 iis
3717 2886 3820 2952 qtti

2226 2975 2556 3043 salvantur.)
2596 2974 2752 3038 Quod
2803 2973 2847 3026 si
2893 2973 2970 3025 illi
3022 2980 3274 3025 nostrum
3316 2973 3656 3040 baptismum
3704 2990 3824 3028 ser-

2224 3073 2374 3125 vant,
2419 3066 2521 3116 hoc
2570 3079 2670 3115 nos
2698 3078 2808 3116 non
2855 3070 3092 3115 moveat.
3127 3061 3315 3131 Neque
3353 3063 3502 3116 enim
3546 3065 3825 3121 debemus

2228 3168 2326 3222 par
2367 3154 2482 3222 pari
2535 3152 2760 3214 referre,
2813 3152 2906 3207 sed
2961 3161 3236 3207 accurata:
3291 3168 3574 3207 canonum
3626 3157 3821 3210 obser-

2226 3244 2429 3299 vationi
2467 3246 2698 3299 servire.
2731 3244 2890 3299 Omni
2933 3257 3118 3300 autem
3169 3247 3384 3300 ratione
3418 3255 3726 3310 statuatur,
3761 3258 3817 3301 ut

2225 3336 2260 3390 ii
2293 3337 2384 3406 qui
2423 3336 2491 3389 ab
2523 3336 2743 3388 illorum
2784 3335 3061 3405 baptismo
3107 3337 3357 3398 veniunt,
3404 3346 3693 3406 nngantur
3729 3353 3816 3391 c0-

2224 3442 2340 3482 ram
2376 3426 2626 3481 ﬁdelibus
2657 3427 2928 3491 videlicet,
2963 3436 3016 3480 et
3063 3427 3135 3479 ita
3176 3427 3397 3480 demum
3447 3428 3515 3480 ad
3549 3428 3816 3498 mysteria

2226 3517 2508 3572 accedant.
2549 3517 2675 3570 Scio
2719 3527 2925 3582 autem,
2964 3517 3187 3580 fratres,
3221 3517 3490 3581 lzoinum,
3530 3528 3587 3572 et
3617 3520 3817 3571 Satur-

2227 3613 2444 3673 ninum,
2489 3611 2582 3677 qui
2615 3618 2772 3663 erant
2804 3625 2869 3662 ex
2912 3610 3130 3661 illorum
3161 3609 3378 3672 ordine,
3412 3610 3469 3662 in
3519 3612 3816 3678 episeopo-

2225 3718 2346 3757 rum
2393 3701 2707 3755 cathedram
2743 3715 2770 3751 a
2803 3700 2964 3753 nobis
2999 3714 3125 3752 esse
3154 3707 3467 3768 susceptos.
3507 3697 3694 3764 Quare
3723 3714 3819 3753 eos

2227 3796 2318 3863 qui
2361 3795 2576 3846 illorum
2617 3792 2801 3846 ordini
2851 3790 3136 3859 conjuncti
3177 3801 3332 3851 sunt,
3367 3806 3480 3844 non
3517 3806 3820 3859 possumus

2228 3885 2464 3954 amplius
2513 3885 2582 3937 ab
2629 3881 2874 3937 Ecclesia
2917 3896 3213 3952 separare:
3262 3881 3355 3950 qui
3405 3881 3624 3935 scilicet
3667 3896 3818 3934 com-

2225 4083 2314 4135 do.
2341 4082 2646 4150 Sperabam
2675 4095 2804 4149 ergo
2839 4079 3106 4133 Catholici
3137 4077 3410 4150 tardiores
3430 4077 3507 4150 ad
3537 4078 3820 4145 ejusmodi

2225 4147 2495 4220 baptiisma
2544 4147 2855 4204 Encratitas
2903 4152 3138 4209 futuros,
3161 4150 3216 4220 isi
3249 4149 3384 4220 illud
3417 4147 3692 4201 Catholici
3731 4164 3821 4200 ra-

2225 4217 2336 4272 tum
2375 4222 2578 4275 habere
2629 4223 2870 4282 nollent;
2907 4220 3106 4273 nedum
3158 4219 3259 4287 ipsi
3306 4217 3603 4270 Encratita:
3645 4220 3820 4286 bapti-

2223 4294 2416 4344 smatis
2465 4291 2897 4350 immutationem
2950 4305 3014 4342 eo
3075 4290 3307 4342 consilio
3355 4288 3701 4347 induxerint.
3762 4299 3821 4339 ut

2221 4359 2492 4424 ejusmodi
2527 4360 2795 4428 baptisma
2841 4375 2869 4412 a
2900 4360 3201 4411 Catholicis
3232 4357 3579 4428 rejieeiietur.
3613 4359 3822 4419 Unam-

2219 4431 2406 4481 obrem
2463 4425 2793 4489 hare—verba,
2827 4440 2881 4480 ιιι
2913 4431 3136 4480 reditum
3173 4427 3274 4479 sibi
3315 4427 3367 4477 in
3411 4425 3706 4478 Ecclesiam
3736 4429 3821 4478 in-

541 4512 624 4550 sa.
657 4498 808 4560 Quod
860 4509 1038 4550 autem
1073 4493 1148 4548 ait
1201 4503 1304 4551 hoc
1365 4493 1602 4550 facinus-
1625 4514 1720 4552 eos
1765 4499 2024 4565 incipere,
2057 4510 2112 4550 ut
2151 4493 2190 4546 ι)
2223 4500 2542 4558 terr/udam,
2577 4515 2686 4551 non
2721 4501 3014 4552 consilium
3047 4506 3102 4550 et
3138 4497 3480 4564 propositum
3510 4495 3821 4548 Eni-rarita-

541 4568 776 4619 reditum
815 4569 914 4619 sibi
975 4569 1029 4618 in
1070 4565 1363 4620 Ecclesium
1414 4569 2028 4629 intercludant,videtur
2069 4567 2122 4622 id

545 4639 720 4702 prima
782 4637 963 4703 specie
1025 4637 1076 4688 in
1130 4652 1248 4689 eam
1318 4640 1640 4691 sententiam
1699 4638 2117 4704 accipiendum,

539 4710 705 4772 quasi
745 4708 1031 4758 Eneratitaa
1063 4708 1325 4773 baptisma
1377 4722 1532 4760 suum
1563 4722 1626 4761 ea
1687 4719 1868 4761 mente
1919 4710 2119 4760 immu-

548 4785 780 4838 tassent,
821 4785 875 4826 ut
907 4775 1220 4828 Catlinlicos
1250 4777 1313 4828 ad
1347 4777 1476 4830 illud
1523 4778 1876 4845 rejiciendum
1925 4779 2120 4830 incita.

543 4853 693 4905 a-ent,
724 4846 912 4913 sicque
949 4848 1130 4912 plures
1189 4847 1242 4896 in
1295 4854 1440 4897 secta
1489 4849 1792 4900 contineret
1826 4849 2010 4900 odium
2065 4855 2120 4900 et

551 4915 679 4982 fuga
714 4916 836 4966 novi
895 4915 1257 4981 baptismatis.
1310 4915 1648 4969 Abhorrebat
1699 4920 1843 4969 enim
1894 4919 1964 4971 ab
2011 4932 2121 4969 om-

546 4988 699 5038 nium
726 4984 925 5036 animis
962 4987 1187 5036 iteratus
1228 4984 1552 5052 baptisuins,
1579 4995 1632 5036 ut
1661 4987 1908 5051 pluribus
1937 5002 2122 5040 exem-

550 5059 655 5124 plis
687 5056 878 5123 probat
933 5054 1290 5119 Augustinus,
1329 5054 1420 5106 lib.
1473 5071 1502 5105 ν
1534 5055 1608 5107 De
1643 5055 1921 5121 baptismo,
1973 5073 2027 5109 n.
2066 5057 2118 5111 6.

552 5124 782 5178 Videtur
839 5138 967 5192 ergo
1010 5125 1182 5190 prima
1249 5125 1431 5190 specie
1475 5124 1794 5188 Etttzt'atitis,
1832 5141 1915 5187 ea,
1958 5141 2120 5194 quam

549 5196 689 5262 dixi,
723 5197 1000 5247 exstitisse
1035 5208 1223 5254 causa,
1251 5208 1349 5245 cur
1382 5194 1710 5262 baptismum
1749 5196 2119 5248 immutat-ent.

553 5251 844 5332 Atqueita
891 5264 1032 5315 hunc
1063 5251 1239 5332 locum
1279 5251 1668 5332 interprezatur
1718 5263 2120 5329 Tillemontius,

559 5330 666 5385 tom
708 5331 798 5395 IV,
827 5348 889 5404 p.
918 5332 1041 5404 628.
1077 5330 1166 5384 Sic
1188 5330 1532 5404 etiamillius
1569 5336 1816 5401 exemplo
1860 5335 2124 5404 interpre-

558 5413 704 5455 tatus
737 5419 855 5454 smn
881 5403 932 5453 in
965 5401 1126 5453 Praef.
1162 5417 1312 5454 novae
1340 5403 1594 5470 tivpriani
1638 5420 1861 5471 operum
1897 5401 2123 5457 editioni

557 5473 840 5539 pra-missa
893 5485 1013 5538 cap.
1043 5471 1096 5533 4,
1135 5486 1188 5539 p.
1230 5472 1315 5524 12.
1360 5471 1464 5526 Sed
1505 5475 1631 5526 huic
1688 5476 2121 5540 interpretationi

560 5557 667 5593 non
703 5541 958 5593 ionvenit
999 5555 1122 5590 cum
1171 5540 1256 5594 his
1303 5558 1423 5607 qua:
1466 5544 1614 5596 addit
1656 5545 1904 5596 Basilius.
1937 5542 2123 5596 Vereri

555 5614 703 5663 enim
728 5627 785 5663 se
820 5608 1177 5678 signiﬁcatnc
1215 5612 1501 5670 Catholici.
1531 5616 1656 5664 dum
1708 5613 2015 5667 Encratitas
2057 5615 2124 5665 ab

559 5681 663 5732 hac
685 5679 937 5746 baptisiui
967 5679 1342 5734 immutatione
1371 5683 1645 5735 deterrere
1667 5685 1872 5742 volunt,
1894 5683 2119 5735 nimium

560 5749 795 5804 reatricti
829 5749 936 5801 sint
967 5756 1018 5802 et
1051 5751 1224 5802 severi
1257 5752 1308 5802 in
1346 5767 1532 5803 eorum
1566 5752 1834 5820 baptismo
1872 5753 2122 5822 rejicien-

2226 4585 2344 4621 rum
2372 4568 2660 4636 designant
2687 4608 2699 4627 .
2739 4569 2832 4621 sed
2887 4566 3292 4620 incommodum
3321 4567 3465 4630 quod
3505 4582 3573 4618 rx
3622 4581 3818 4618 eorum

2227 4638 2472 4690 facinore
2500 4635 3000 4705 iconsequebatnr;
3039 4637 3188 4688 velut
3230 4635 3554 4705 sidicaznns
3578 4638 3816 4702 aliquem

2225 4709 2406 4761 scelus
2465 4703 2788 4761 admittere.
2835 4716 2892 4760 ut
2921 4715 3180 4759 aeternam
3230 4703 3335 4756 sibi
3391 4704 3819 4757 damnationem

2223 4784 2490 4829 accersat.
3626 4829 3635 4836 ,

2295 4846 2409 4914 (15)
2448 4844 2692 4899 Maium.
2725 4846 2816 4897 Sic
2845 4846 3091 4914 plerique
3128 4859 3264 4899 mss.
3299 4843 3440 4898 Editi
3479 4843 3676 4913 μέλλῃ.

2299 4912 2409 4985 (14)
2458 4916 2588 4970 Ἀπὸ
2622 4915 2728 4968 τοῦ
2749 4913 3395 4985 βαπτισμοῦᾷἐκεήηων.
3429 4915 3521 4966 Sic
3552 4929 3620 4965 eu
3645 4912 3820 4985 enda-

2224 4983 2403 5040 vimus
2429 5001 2528 5053 ope
2551 4987 2782 5038 duorum
2817 4986 3067 5038 codicum
3104 4983 3422 5051 Regiorum,
3452 4998 3651 5053 nempe
3673 4983 3816 5053 9.50:3

2225 5067 2276 5110 et
2301 5052 2472 5114 2508,
2499 5056 2642 5120 quod
2685 5056 2965 5122 legebatur
3000 5056 3052 5105 in
3095 5053 3384 5122 editisiént
3414 5052 3491 5120 τῷ
3521 5052 3817 5122 βαπτισμῷ

2225 5127 2438 5193 ἐκείνῳ.
2489 5124 2721 5189 Quidam
2746 5121 2984 5178 codices
3017 5125 3109 5174 ἐπὶ
3141 5125 3220 5192 τῷ
3264 5121 3560 5193 βαπτισμῷ
3597 5124 3813 5193 ἐκείνῳ.

2225 5197 2332 5248 Alii
2359 5191 2481 5248 cum
2513 5195 2676 5248 editis
2715 5194 3089 5254 consentiunt,
3121 5191 3228 5245 niSi
3253 5192 3398 5260 quod
3435 5191 3642 5243 habent
3675 5191 3816 5242 ἐκεῖ·

2227 5283 2351 5319 νων.
2388 5265 2586 5318 Ibidem
2623 5264 2755 5318 editi
2787 5263 2893 5315 ὑπὸ
2931 5262 3036 5314 τῶν
3075 5262 3302 5314 πιστῶν.
3343 5262 3553 5314 Omnes
3583 5276 3720 5314 mss.
3756 5274 3813 5314 ut

2229 5336 2281 5387 in
2311 5343 2481 5387 textu.

2300 5409 2410 5473 (15)
2464 5403 2640 5457 Ἰζοΐν.
2677 5402 2811 5454 Cum
2845 5416 3038 5471 magna
3064 5403 3134 5455 sit
3174 5401 3275 5454 hac
3306 5402 3358 5453 in
3389 5414 3524 5473 voce
3559 5400 3819 5473 codicum

2227 5490 2358 5527 mss.
2394 5471 2655 5531 varii-tas,
2687 5473 2839 5540 sequi
2875 5473 3167 5525 maluimus
3199 5479 3309 5524 tres
3339 5471 3562 5522 codices
3597 5472 3819 5536 optima!

2226 5554 2387 5596 none.
2418 5559 2611 5610 nempe
2641 5543 2780 5596 duos
2813 5541 3011 5610 Regios
3034 5550 3087 5594 et
3109 5541 3815 5610 Coislinianurnprimum.

2230 5615 2321 5664 llis
2359 5607 2762 5680 favent'plures
2790 5613 2878 5664 alii
2898 5607 2966 5664 'in
2998 5612 3197 5678 quibus
3223 5611 3439 5675 legitur,
3483 5607 3699 5680 Ἱζώην,
3727 5615 3815 5660 vel

2237 5682 2457 5744 Ὶζωίον.
2509 5673 2594 5732 vel
2646 5681 2834 5750 Ἰζόην.
2885 5680 2986 5733 Alii
3017 5673 3230 5733 habent
3262 5673 3452 5732 Ζωῖον.
3484 5673 3656 5730 Pauci
3689 5692 3817 5729 cum

2225 5753 2386 5805 editis
2421 5751 2560 5802 Ζοῖν.
