4018 6454
601 383 626 418 ιι

600 383 708 446 583

594 588 857 650 srliisma,
893 595 947 640 et
975 587 1100 654 quid
1145 601 1550 657 parasynagoga
1587 588 1678 648 sit,
1716 587 1896 651 docet,
1942 601 2006 640 ac
2061 585 2171 639 hac-

599 678 898 733 reticorum
967 677 1186 744 quidem
1247 677 1572 744 baptismum
1639 676 1795 746 plane
1861 679 2172 730 damnatum

594 772 792 833 fuisse,
845 768 1322 822 schismaticorum
1369 784 1498 822 vero
1547 771 1866 825 admissum.
1903 770 2003 834 Qui
2050 780 2175 819 vero

593 873 1035 931 parasynagOgas
1091 874 1183 914 seu
1247 859 1468 914 illicitos
1499 872 1802 913 conventus
1835 867 2076 928 agerem,
2129 859 2174 910 si

592 951 753 1018 digna
783 949 1102 1018 pmuitcntia
1143 956 1614 1013 converterentur,
1656 948 1914 1003 Ecclesiae
1959 964 2173 1001 rursum

597 1042 842 1110 adiungi,
886 1050 1048 1109 atque
1079 1041 1149 1094 ita
1186 1042 1442 1094 Ecclesia:
1470 1043 1710 1109 adjungi,
1755 1053 1809 1094 ut
1855 1042 1922 1096 ad
1956 1042 2174 1094 eosdem

593 1146 812 1200 quoque
845 1133 1047 1198 gradus
1079 1144 1240 1198 sa‘pe,
1269 1130 1320 1182 id
1356 1139 1438 1183 est
1467 1130 1788 1198 quandoque
1817 1131 2168 1184 admitteren-

598 1235 704 1274 tur.
744 1220 1061 1288 Pcpuzenos
1105 1233 1290 1286 porro,
1335 1221 1532 1287 quippe
1578 1221 1669 1290 qui
1711 1231 1900 1287 aperte
1937 1221 2175 1272 haeretici

597 1323 797 1377 essent,
851 1314 896 1365 si
926 1327 983 1365 se
1007 1300 1303 1365 Catholica:
1333 1310 1592 1366 Ectlesia:
1633 1313 1832 1364 sistant
1852 1351 1865 1377 ,
1899 1312 2179 1380 baptizan-

599 1407 698 1459 dos
729 1418 850 1458 esse
890 1404 1255 1457 demonstrat.
1293 1404 1393 1470 Qui
1421 1403 1566 1456 enim
1598 1405 1751 1470 juxta
1793 1405 1946 1457 nobis
1981 1402 2178 1455 tradita

601 1496 856 1562 baptizati
894 1510 996 1546 non
1029 1504 1174 1557 sunt,
1215 1495 1465 1548 videlicet
1509 1496 1562 1548 in
1597 1497 1817 1548 nomine
1857 1494 2070 1558 Patris,
2125 1502 2179 1546 et

597 1587 742 1649 Filii,
782 1597 836 1638 et
866 1585 1104 1653 Spiritus
1132 1585 1332 1648 sancti,
1383 1599 1450 1637 ne
1501 1585 1762 1651 baptizati
1794 1585 2014 1652 quidem
2059 1598 2179 1639 esse

599 1676 873 1729 videntur.
931 1673 1049 1738 Quo
1091 1673 1248 1726 modo
1294 1686 1423 1726 vero
1465 1688 1531 1727 ex
1576 1674 1832 1728 Ecclesiae
1897 1675 2178 1730 catholica:

603 1771 900 1824 traditione
931 1770 1234 1835 baptizatus
1270 1764 1434 1820 fuerit
1465 1766 1557 1835 qui
1604 1765 1940 1832 Montanum,
1972 1779 2026 1822 et
2057 1767 2170 1821 Pr'r-

600 1865 807 1917 sirillam
850 1863 1189 1916 Paracletum
1238 1860 1589 1913 nominabat?
1639 1860 1909 1913 Catltaros
1951 1871 2132 1914 autem
2159 1899 2174 1922 ,

601 1955 700 2019 ait,
748 1964 802 2007 et
847 1952 1170 2016 Encratitas,
1199 1962 1255 2005 et
1289 1950 1803 2019 Hydroparastatas,
1877 1953 2050 2005 visum
2095 1963 2180 2006 est

601 2045 900 2114 Cypriano,
949 2053 1004 2098 et
1059 2042 1377 2098 Firmiiiano
1425 2053 1612 2098 nostro
1654 2046 1924 2114 (nostrum
1972 2045 2182 2099 scilicet

601 2136 984 2190 Firmilianmn
1024 2135 1283 2204 appellat,
1321 2137 1517 2205 quippe
1547 2137 1638 2205 qui
1678 2137 1938 2192 Caesareae
1969 2136 2182 2206 episco-

601 2240 704 2295 pus
736 2223 917 2293 fuerit)
952 2224 1238 2278 universos
1279 2225 1477 2280 iterum
1527 2227 1817 2297 baptizari.
1845 2227 2182 2297 Carthagine

601 2316 893 2382 siquidem,
940 2313 1097 2383 cujus
1124 2315 1414 2384 episcopus
1464 2327 1584 2370 erat
1623 2319 1946 2388 Cyprianus,
1994 2320 2182 2373 habita

598 2408 809 2478 synodo
860 2406 1107 2461 omnium
1164 2405 1546 2476 antiquissima
1597 2408 1880 2464 decretum
1951 2423 2036 2466 est
2125 2422 2185 2467 ut

600 2511 797 2552 omnes
856 2507 974 2551 tum
1025 2498 1284 2562 haeretici,
1340 2509 1451 2554 tum
1519 2500 1851 2556 schismatici
1902 2506 1969 2557 ad
2002 2502 2185 2558 Eccle-

600 2593 737 2645 siam
774 2591 1095 2644 accedentes
1133 2591 1547 2660 baptizarentur
1581 2613 1593 2648 :
1659 2597 1906 2664 quamvis
1942 2597 2087 2652 enim
2130 2600 2182 2653 in

604 2675 750 2736 nullo
780 2684 1033 2750 dogmate
1067 2683 1406 2738 schismatici
1448 2685 1808 2754 decipiantur,
1843 2698 2020 2743 tamen
2052 2707 2187 2758 quo-

605 2776 747 2829 niam
771 2791 798 2827 a
822 2791 1050 2843 corpore
1079 2777 1330 2830 Ecclesiae
1358 2778 1569 2845 abrupti
1597 2789 1742 2844 sunt,
1779 2793 2182 2848 permanentem

603 2864 660 2919 in
710 2865 838 2932 ipsis
887 2864 1124 2933 Spiritus
1176 2865 1353 2917 sancti
1408 2871 1637 2933 gratiam
1671 2870 1905 2936 amplius
1948 2887 2052 2923 non
2101 2873 2188 2924 lia-

607 2957 758 3009 bem.
794 2953 944 3019 Quod
981 2956 1147 3024 igitur
1177 2969 1282 3008 non
1337 2958 1539 3008 habent
1585 2958 1709 3025 ipsi,
1741 2974 1974 3026 anttaln
2025 2963 2188 3015 modo

612 3047 734 3100 aliis
759 3047 1274 3100 communicaliunt?
1311 3047 1416 3101 Sed
1459 3058 1676 3117 tamen,
1724 3053 2184 3121 quandoquidem,

1865 383 2141 444 ΤΗΕΟΙ).
2199 380 2599 440 ΒειιδΑΜΟΝ

658 497 772 552 Hoc
823 496 945 575 loco
992 509 1219 561 magnus
1250 494 1482 550 Basilius
1509 536 1523 561 ,
1578 494 1707 564 quid
1754 495 2001 559 heresis,
2046 495 2173 565 quid
2209 502 2253 557 Α

3771 381 3870 439 53:

2367 493 2631 546 Ἐνταῦθα
2680 493 2706 543 6
2759 491 2936 561 μέγας
2971 488 3250 549 Βασίλειος
3301 487 3554 541 διδάσκει
3612 487 3668 540 τί
3730 489 3869 540 ἐστιν

2278 585 2512 653 αἵρεσις,
2551 585 2642 636 καὶ
2669 584 2720 634 τί
2757 582 2985 650 σχίσμα,
3019 583 3114 634 καὶ
3158 580 3211 632 τί
3247 580 3738 648 παρασυναγωγὴ,
3776 583 3868 632 καὶ

2275 676 2339 728 τὸ
2380 675 2481 744 μὲν
2541 675 2650 726 τῶν
2705 672 3001 742 αἱρετικῶν
3053 688 3187 740 φησι
3239 671 3531 739 βάπτισμα
3588 671 3867 735 παντελῶς

2275 765 2610 828 ἁθετεῖτθαι,
2643 767 2702 818 τὸ
2731 765 2788 818 δέ
2820 766 2929 817 τῶν
2963 764 3382 833 ἀποσχισάντων
3425 763 3863 833 παραδέχεσθαι.

2277 859 2415 918 Τοὺς
2467 858 2521 909 δὲ
2583 859 3076 927 παρασυνάγοντας
3134 856 3508 909 συνάπτεσθαι
3574 856 3744 909 πάλιν
3803 861 3868 927 τῇ

2291 951 2584 1019 Ἐκκλησία
2616 952 3050 1019 ἐπιστρέφοντας
3107 952 3166 1003 ἐν
3233 951 3500 1020 μετανοίᾳ
3553 947 3865 1016 ἀξιολόγῳο

2280 1043 2373 1092 καὶ
2403 1041 2658 1092 τοσοῦτον
2692 1041 3065 1094 συνάπτεσθαι
3119 1043 3186 1112 τῇ
3227 1041 3553 1111 Ἐκκλησία,
3588 1040 3736 1092 ὥστε
3780 1042 3871 1093 καὶ

2278 1135 2360 1196 εἰς
2397 1135 2487 1186 τὸν
2519 1135 2680 1186 αὑτὸν
2707 1135 2991 1200 πολλάκις,
3037 1135 3161 1186 ἀντὶ
3204 1133 3324 1198 τοῦ,
3356 1135 3506 1185 ἐστιν
3539 1135 3660 1198 ὅτε,
3692 1149 3874 1198 napa-

2279 1227 2532 1294 δέχεσθαι
2556 1227 2750 1287 αὐτοὺς
2777 1225 3004 1294 βαθμόν.
3037 1226 3178 1285 Τοὺς
3215 1224 3270 1276 δὲ
3298 1225 3695 1292 Πεπουζηνοίδς
3741 1240 3870 1292 προ·

2277 1320 2453 1388 δήλως
2505 1320 2664 1380 ὄντας
2715 1320 3027 1387 αἱρετικοῖις
3065 1318 3425 1386 βαπτίζεςθαι
3474 1319 3874 1385 ἀποφαίνεται,

2280 1408 2760 1477 προσερχομένους
2802 1411 2868 1477 τῇ
2928 1408 3191 1477 καθολικῇ
3261 1407 3592 1477 Ἐκκλησία.
3633 1409 3700 1459 Ol
3762 1409 3873 1475 γὰρ

2283 1503 2360 1570 μὴ
2386 1503 2465 1564 είς
2515 1501 2582 1552 τὰ
2625 1500 3038 1571 παραδεδομένα
3081 1502 3212 1569 ἡμῖν
3245 1500 3668 1568 βαπτισθέντες,
3700 1500 3878 1569 ἢγουν

2280 1593 2362 1654 εἰς
2389 1593 2631 1661 Πατέρα,
2655 1592 2748 1644 καὶ
2764 1591 2913 1655 Υίὸν,
2937 1592 3030 1643 καὶ
3056 1590 3207 1658 ἅγιον
3227 1590 3474 1660 Πνεῦμα,
3505 1591 3630 1643 οὺόὶ
3659 1590 3878 1642 δοκοῦσι

2283 1682 2669 1753 βαπτισθῆναι.
2709 1683 2832 1745 Πῶς
2863 1683 2920 1735 δὲ
2956 1683 3098 1736 κατὰ
3132 1681 3235 1752 τὴν
3269 1684 3369 1752 τῆς
3399 1684 3708 1752 καθολικῆς
3744 1682 3876 1735 Ἐκ-

2281 1775 2511 1844 κλησίας
2548 1774 2849 1842 παράδοσιν
2889 1774 3187 1828 ἐϐάπτισεν
3228 1775 3293 1826 ἂν
3323 1777 3350 1827 6
3383 1774 3758 1844 Παράκλητον
3783 1777 3881 1826 τὶν

2281 1865 2560 1919 Μοντανὺν
2604 1863 2892 1934 ὀνομάζων
2923 1867 3018 1916 καὶ
3068 1864 3168 1934 τὴν
3197 1863 3582 1934 Πρισκίλλαν;
3621 1865 3771 1926 Τοὺς
3822 1865 3881 1917 δέ

2283 1956 2594 2026 Καθαροὺς,
2636 1955 2794 2024 φησὶ,
2821 1958 2913 2007 καὶ
2959 1955 3346 2024 Ἐγκρατίτας,
3380 1955 3474 2007 καὶ
3523 1954 3888 2023 ’Υδροπαρα-

2283 2045 2507 2110 στάτας,
2540 2044 2688 2109 ἔδοξε
2732 2045 2844 2104 τοῖς
2894 2047 3023 2114 περὶ
3061 2045 3398 2113 Κυπριανὸν,
3436 2046 3533 2097 καὶ
3580 2043 3883 2114 Φιρμιλια-

2281 2137 2370 2189 νὺν
2399 2137 2489 2188 τὸν
2517 2134 2788 2204 ἡμέτερον
2815 2135 3136 2202 (οἰκειοῦται
3166 2136 3223 2190 δὲ
3252 2138 3342 2189 τὸν
3372 2137 3762 2206 Φιρμιλιανὸν,
3801 2137 3881 2198 ὠς

2280 2227 2379 2295 τῆς
2423 2225 2767 2293 Καισαρείας
2795 2224 3058 2291 γεγονότα
3112 2223 3460 2294 ἐπίσκοπον),
3495 2224 3712 2286 πάντας
3743 2223 3884 2276 άνα-

2283 2315 2671 2380 δαπτίζεσθαι.
2709 2312 2800 2368 Ἐν
2826 2316 2935 2394 γάρ
2963 2317 3031 2385 τῇ
3078 2314 3415 2386 Καρχηδόνι,
3445 2309 3516 2386 ἦς
3566 2315 3883 2377 ἐπίσκοπος

2281 2401 2352 2478 ἦν
2401 2408 2429 2459 ό
2482 2405 2822 2478 Κυπριανδς,
2882 2405 3102 2458 συνόδου
3170 2407 3444 2477 συστάσης
3499 2406 3882 2477 ἀρχαιοτέρας

2287 2501 2500 2562 πασῶν,
2535 2500 2682 2564 ἔδοξε
2737 2499 2947 2562 πάντας
2992 2499 3119 2561 τούς
3168 2515 3228 2551 τε
3259 2497 3601 2568 αἱρετικοὺς,
3635 2500 3770 2562 τούς
3823 2518 3882 2553 τε

2288 2591 2705 2662 σχισματικοὺς,
2737 2589 3096 2659 βαπτίζεσθαι
3139 2591 3472 2658 προσιόντας
3506 2592 3574 2660 τῇ
3640 2590 3878 2658 Ἐκκληο

2289 2687 2382 2754 σίᾳ
2410 2701 2422 2713 °
2459 2683 2562 2736 κᾶν
2589 2686 2695 2752 γὰρ
2735 2682 2810 2750 μὴ
2843 2681 2973 2750 περὶ
3004 2681 3181 2749 δόγμα
3211 2682 3258 2731 oi
3297 2681 3661 2749 σχισματικοὶ
3707 2682 3887 2747 σφάλ-

2287 2777 2490 2837 λονται,
2561 2774 2677 2826 ἀλλ’
2721 2773 2846 2825 ἐπεὶ
2892 2771 2987 2825 τοῦ
3048 2770 3306 2835 σώματος
3365 2769 3466 2837 τῆς
3543 2769 3884 2838 Ἐκκλησίας

2287 2863 2928 2938 άπερῤάγησαν,-οὺκέτι
2959 2861 3174 2932 ἔχουσιν
3220 2861 3404 2922 αὐτοῖς
3437 2861 3884 2928 παραμένουσαν

2288 2962 2387 3030 τὴν
2411 2961 2573 3030 χάριν
2599 2956 2693 3010 τοῦ
2731 2956 2889 3024 ἁγίου
2923 2953 3264 3022 Πνεύματος.
3295 2954 3362 3005 Ὃ
3398 2952 3530 3020 γοῦν
3563 2954 3666 3004 οὐκ
3711 2953 3880 3022 ἐχου-

2293 3070 2367 3117 σι,
2427 3051 2544 3114 πῶς
2605 3050 2786 3112 ἄλλοις
2815 3045 2982 3100 αὑτοῦ
3036 3045 3480 3116 μεταδώσουσινς
3524 3043 3673 3097 Ἀλλ’
3732 3046 3887 3113 ὅμως

605 3139 787 3206 inquit
839 3141 924 3192 hic
964 3154 1190 3208 magnus
1240 3139 1436 3200 Pater,
1487 3140 1846 3196 Catharorum
1916 3145 2183 3214 baptisma

2294 3145 2461 3214 φησιν
2495 3144 2523 3194 6
2561 3143 2731 3212 μέγας
2783 3134 2938 3202 οὗτος
2964 3139 2992 3189 6
3021 3140 3214 3208 Πατὴρ
3245 3139 3349 3200 ὅτι,
3395 3137 3516 3189 ἐπεί
3549 3153 3699 3189 τισιν
3733 3136 3886 3198 ἔδοξε⁵

608 3228 822 3282 admitti
855 3230 1109 3298 prudenti
1130 3230 1356 3284 consilio
1381 3231 1704 3297 quibusdam
1738 3233 1960 3302 placuit,
1986 3239 2186 3290 admit-

609 3331 806 3376 tamus.
853 3321 1103 3375 Secunda
1155 3337 1374 3390 quoque
1415 3325 1754 3378 mcumenica
1817 3330 2094 3396 synodus,
2133 3336 2190 3380 ut

605 3422 766 3465 antea
797 3413 998 3466 dictum
1033 3421 1136 3475 est,
1171 3412 1571 3466 admittendum
1603 3415 1833 3469 censuit.
1875 3415 1950 3468 De
1987 3416 2187 3469 Encra-

607 3507 722 3558 titis
758 3521 906 3567 vero,
939 3506 1178 3575 ipsorum
1211 3507 1479 3575 baptisma
1520 3507 1742 3561 minime
1779 3508 1994 3561 admitti
2023 3525 2188 3578 opor-

608 3603 727 3646 tere
773 3594 992 3647 asserit.
1048 3593 1320 3647 Utendum
1374 3609 1502 3647 vero
1546 3594 1623 3646 ait
1669 3597 2084 3660 consuetudine,
2131 3613 2193 3652 ac

609 3684 766 3751 sequi
816 3693 1066 3753 Oportere
1112 3685 1321 3745 Patres,
1359 3687 1449 3754 qui
1479 3700 1566 3739 res
1601 3695 1814 3740 nostras
1843 3688 2193 3742 administra—

615 3782 764 3836 runt,
817 3788 882 3826 ne
926 3775 995 3826 ob
1045 3773 1268 3825 nimium
1303 3775 1532 3842 rigorem
1568 3777 1852 3843 segniores
1893 3790 1984 3829 eos
2013 3777 2078 3830 ad
2110 3793 2196 3830 ca-

615 3863 872 3916 tholicam
909 3861 1206 3916 Ecclesiam
1240 3864 1608 3916 accedendam
1648 3866 1961 3918 reddamus.
2011 3865 2198 3933 Neque

615 3970 748 4008 vero
785 3970 848 4008 eo
892 3954 1035 4022 quod
1085 3953 1157 4004 illi
1204 3964 1447 4005 nastrum
1495 3955 1760 4021 baptisma
1795 3970 2049 4020 SerVent,
2097 3975 2195 4014 nos

615 4060 833 4114 quoque
863 4043 1312 4105 verecundantes,
1349 4041 1456 4111 50
1503 4042 1718 4095 illorum
1763 4059 1983 4098 servare
2031 4061 2192 4114 Opor-

621 4148 718 4191 tet.
757 4135 869 4190 Nec
914 4137 1058 4190 enim
1092 4134 1353 4188 debemus
1386 4135 1595 4201 gratias
1632 4135 1763 4204 ipsis
1813 4136 2052 4199 referre,
2099 4140 2192 4192 sed

614 4237 860 4282 exactam
896 4236 1116 4277 servare
1156 4222 1510 4287 diligentiam.
1559 4221 1770 4276 Interea
1808 4238 1958 4287 vero,
1995 4225 2086 4292 qui
2124 4241 2191 4278 ex

621 4318 754 4386 ipsis
803 4315 868 4367 ad
919 4330 1018 4368 nos
1059 4319 1296 4381 adeunt,
1340 4329 1530 4369 sancto
1560 4355 1575 4380 ,
1634 4315 1807 4382 inquit
1835 4354 1847 4376 ,
1897 4315 2198 4366 chrismate

623 4409 978 4478 iniungantur,
1017 4424 1082 4461 ac
1129 4410 1202 4462 ita
1245 4412 1419 4463 sacris
1465 4409 1738 4478 mysteriis
1767 4408 2195 4460 communicent.

2291 3238 2357 3291 6.‘
2382 3239 2700 3306 οἰκονομίαν
2726 3235 2786 3287 τὸ
2812 3232 2921 3286 τῶν
2949 3233 3221 3302 Καθαρῶν
3253 3231 3544 3300 βάπτισμα
3592 3229 3883 3297 δέχεσθαι,

2293 3323 2431 3374 ἔστω
2461 3323 2670 3374 δεκτόν.
2703 3321 2811 3374 Καὶ
2853 3323 2885 3388 ἡ
2937 3320 3169 3390 δευτέρα
3213 3317 3573 3386 οἱκουμενικὴ
3636 3317 3888 3380 σύνοδος,

2292 3415 2366 3476 ὡς
2414 3412 2777 3483 προείρηται,
2836 3413 3024 3463 δεκτὸν
3098 3409 3229 3462 αὐτὸ
3291 3411 3566 3480 ἡγήσατο.
3633 3409 3777 3479 Περὶ
3832 3411 3888 3462 δὲ

2305 3504 2681 3573 Ἐγκρατιτὼν
2712 3519 2878 3573 φησιν
2911 3502 2984 3566 ὡς
3018 3503 3252 3573 aeneae:
3285 3503 3344 3554 τὸ
3376 3503 3559 3555 αὐτῶν
3592 3501 3889 3570 βάπτισμα

2293 3597 2566 3664 δέχεσθαι.
2599 3597 2879 3666 Χρηστέον
2925 3596 3004 3658 δὲ,
3035 3595 3189 3665 φησι,
3239 3593 3316 3664 τῷ
3348 3594 3486 3658 ἔθει,
3529 3596 3625 3647 καὶ
3657 3596 3893 3647 ἀκολου-

2297 3689 2412 3740 θεῖν
2442 3687 2521 3738 δεῖ
2543 3689 2654 3748 τοῖς
2684 3687 2750 3738 τὰ
2781 3685 2904 3737 καθ’
2937 3687 3083 3754 ἡμᾶς
3125 3686 3523 3755 οἰκονομήσασι
3570 3687 3892 3753 Πατράσιν,

2298 3778 2386 3830 ἵνα
2447 3779 2522 3847 μὴ
2575 3779 2664 3830 διὰ
2716 3778 2814 3846 τὴν
2868 3777 3177 3846 ἀκρίϐειαν,
3231 3778 3632 3847 όκνηροτέρους
3684 3779 3895 3840 αὐτοὺς

2299 3870 2622 3937 ποιήσωμεν
2657 3870 2735 3929 είς
2783 3867 2843 3920 τὺ
2890 3867 3392 3937 προσέρχεσθαιτῇ
3430 3868 3706 3938 κσθολικῇ
3757 3871 3893 3921 Ἐκ-

2301 3962 2519 4030 κλησίᾳ.
2565 3961 2676 4030 Οὐχ
2707 3961 2791 4012 ὅτι
2843 3961 2898 4012 δέ
2952 3979 3087 4030 φησι
3137 3962 3512 4028 φυλάσσουσιν
3565 3965 3781 4018 ἐκεῖνοι
3835 3968 3895 4018 τὸ

2299 4054 2567 4124 ἡμέτερον
2609 4054 2914 4122 βάπτισμα,
2967 4054 3046 4106 δεῖ
3094 4054 3186 4106 καὶ
3231 4056 3379 4123 ἡμᾶς
3421 4058 3898 4127 δυσωπουμένους

2299 4145 2359 4196 τὸ
2397 4145 2623 4197 ἐκείνων
2662 4146 2978 4212 φυλάσσειν.
3018 4147 3092 4198 0-3
3144 4149 3253 4216 γὰρ
3300 4149 3595 4219 ὀφείλομεν
3651 4153 3898 4223 χάριτας

2300 4237 2625 4290 ἀντιδιδόναι
2686 4240 2903 4301 αὐτοῖς,
2957 4239 3091 4291 ἀλλά
3154 4245 3344 4309 τηρεῖν
3400 4243 3501 4312 τὴν
3558 4245 3892 4312 ἀκρίϐειαν.

2303 4331 2451 4391 Τέως
2501 4330 2556 4381 δὲ
2606 4332 2653 4382 οἱ
2706 4331 3137 4400 προσερχόμενοι
3171 4332 3230 4396 ἐξ
3253 4333 3435 4386 αὐτῶν
3463 4351 3476 4364 ·
3512 4338 3894 4406 χριέσθωσαν,

2304 4423 2460 4490 φησι,
2493 4421 2568 4490 τῷ
2593 4422 2734 4492 ἁγίῳ
2791 4423 2971 4492 μύρῳ,
3018 4425 3114 4476 καὶ
3159 4425 3301 4477 οὓτω
3353 4427 3464 4480 τῶν
3516 4431 3898 4500 άγιασμάτων

627 4502 1031 4555 Eucratitarum
1078 4516 1243 4566 porro
1290 4501 1475 4568 Opinio
1524 4502 1637 4554 lia-.c
1680 4501 1798 4554 fuit.
1832 4503 1914 4554 Ab
1953 4501 2098 4553 omni
2146 4514 2188 4553 rt

2309 4511 2908 4580 μεταλαμϐανέτωσαν.
2949 4513 3014 4566 Ἥ
3069 4515 3126 4567 δέ
3171 4516 3282 4568 τῶν
3326 4518 3710 4587 Ἐγκρατιτὼν
3769 4525 3902 4589 δόξα

623 4596 860 4647 animata
890 4593 1256 4652 abstinebant,
1299 4607 1365 4645 ac
1402 4605 1616 4660 llllpllas
1648 4595 2006 4656 recusabant,
2042 4593 2198 4646 Sata-

622 4689 780 4742 nicas
811 4687 931 4740 illas
960 4688 1323 4740 nominantes.
1360 4685 1630 4739 Praeterea
1667 4685 1958 4740 Marcionis
1983 4701 2199 4756 quoque

622 4782 908 4847 epinioues
951 4791 1136 4833 tenere
1181 4779 1459 4833 dicuntur.
1495 4779 1764 4842 Quoniam
1803 4793 1966 4841 vero,
2006 4781 2198 4846 inquit,

624 4873 947 4926 admisimus
975 4871 1084 4938 jam
1117 4873 1169 4923 in
1202 4870 1517 4925 cathedram
1547 4874 1927 4938 episc0porum
1953 4871 2117 4933 hunc,
2147 4879 2204 4923 et.

627 4965 799 5028 illum,
835 4965 926 5033 qui
971 4979 1037 5018 ex
1080 4964 1292 5017 illorum
1347 4976 1572 5016 numero
1612 4972 1757 5025 sunt,
1793 4962 2196 5014 Encratitarum

629 5057 901 5119 Videlicet,
945 5057 1086 5109 haud
1136 5057 1260 5110 licet
1289 5057 1446 5109 nobis
1478 5055 1706 5124 amplius
1741 5057 1807 5108 ab
1834 5054 2076 5111 Ecclesia
2115 5069 2203 5108 se-

629 5164 872 5216 gregare,
913 5162 976 5201 ac
1007 5162 1318 5212 secernere,
1343 5149 1432 5214 qui
1472 5147 1686 5200 illorum
1711 5147 1888 5200 ordini
1933 5157 2058 5200 sunt
2101 5147 2194 5200 ad-

627 5241 824 5306 juncti,
859 5240 950 5307 qui
986 5237 1176 5291 eadem
1203 5239 1458 5291 nimirum
1495 5253 1614 5291 cum
1646 5237 1776 5308 ipsis
1801 5239 2060 5292 sentiunt.
2092 5237 2203 5291 Ad-

633 5327 814 5381 missis
844 5343 1077 5395 namque
1105 5329 1340 5396 ipsorum
1377 5327 1666 5394 episcopis,
1717 5327 1880 5379 veluti
1932 5340 2199 5379 canonem

631 5429 684 5471 et
715 5427 892 5488 typum
920 5427 1141 5473 caeteros
1172 5432 1385 5487 quoque
1415 5417 1734 5472 admittendi
1777 5432 1874 5487 per
1903 5431 1998 5472 eos
2035 5417 2207 5472 edidi-

637 5525 776 5562 lllllb‘.

707 5597 931 5652 AltlST.
977 5597 1276 5652 llmreticus
1320 5605 1434 5664 est,
1487 5601 1576 5668 qui
1617 5599 1761 5653 circa
1817 5599 1971 5654 ﬁdem
2018 5609 2206 5655 errat:

632 5691 724 5758 qui
770 5705 897 5744 vero
929 5690 1071 5744 circa
1116 5691 1484 5744 niediraliilcm
1542 5691 1777 5759 aliquam
1823 5693 2205 5761 quaestionem,

634 5783 1014 5844 schismaticus
1060 5801 1071 5836 :
1124 5782 1452 5853 innnorigcri
1495 5799 1658 5850 vero,
1731 5788 1822 5855 qui
1874 5797 2203 5854 congrrgzmt

2303 4604 2523 4674 τοιαύτη
2575 4601 2680 4671 ἦν·
2719 4606 2968 4675 ἐμψύχου
3021 4609 3223 4671 παντὸς
3276 4611 3598 4679 ἀπείχοντο,
3659 4618 3757 4666 καὶ
3802 4620 3901 4669 τὸν

2303 4695 2480 4764 γάμον
2531 4695 2815 4764 ἠρνοῦντο,
2877 4697 2970 4749 τοῦ
3035 4699 3254 4752 Σατανᾶ
3323 4701 3626 4764 καλοῦντες
3683 4705 3900 4759 αὐτόν’

2303 4785 2552 4852 λέγονται
2580 4786 2639 4837 δέ
2707 4790 2929 4854 φρονεῖν
2970 4788 3066 4840 καὶ
3116 4789 3186 4841 τὰ
3235 4789 3331 4842 τοῦ
3375 4791 3733 4860 Μαρκίωνος.
3768 4795 3899 4849 Ὀτι

2305 4878 2383 4941 δὲ,
2419 4883 2605 4946 φησιν,
2647 4879 2954 4947 ἐδεξάμεθα
3004 4881 3104 4950 ἤδη
3165 4884 3248 4944 είς
3307 4885 3405 4951 τὴν
3465 4885 3746 4955 καθέδραν
3785 4889 3900 4940 τῶν

2306 4968 2623 5020 ἐπισκόπων
2669 4969 2816 5021 τόνδε
2858 4971 2951 5022 καὶ
2993 4972 3160 5036 τόνδε,
3199 4974 3258 5039 ἐξ
3300 4975 3532 5027 ἐκείνων
3568 4977 3760 5041 ὄντας,
3791 4981 3905 5031 τῶν

2321 5060 2693 5130 Ἐγκρατιτῶν
2737 5060 2961 5130 δηλαδὴ,
3007 5062 3192 5116 οὐκέτι
3252 5067 3533 5136 δυνάμεθα
3584 5071 3902 5141 διακρίνειν

2310 5151 2398 5200 καὶ
2452 5149 2802 5218 διαχωρίξειν
2858 5152 2967 5204 ἀπὸ
3031 5151 3133 5220 τῆς
3200 5154 3533 5225 Ἐκκλησίας
3623 5165 3754 5224 τοὺς
3822 5163 3902 5232 τῷ

2306 5239 2547 5306 τάγματι
2608 5240 2835 5292 ἐκείνων
2889 5245 3311 5312 συνημμένουςο
3367 5249 3536 5318 ἠγουν
3591 5255 3721 5314 τοὺς
3770 5258 3905 5324 όμο-

2306 5331 2490 5393 δόξους
2541 5330 2789 5395 ἐκείνοις.
2844 5333 3138 5404 Δεξάμενοι
3199 5339 3308 5407 γάρ
3359 5342 3488 5403 τοὺς
3551 5343 3904 5408 ἐπισκόπους

2305 5423 2504 5485 αὐτῶν,
2545 5425 2746 5477 κανόνα
2792 5429 2888 5476 καὶ
2927 5426 3099 5481 τύπον
3132 5430 3324 5500 ὥσπερ
3360 5432 3605 5500 ἐθέμεθα
3642 5437 3712 5489 δι’
3747 5439 3899 5490 ἐκεί-

2305 5533 2430 5576 νων,
2473 5517 2566 5567 καὶ
2602 5516 2727 5578 τοὺς
2763 5517 2987 5580 λοιποὺς
3023 5518 3298 5588 δέχεσθαι.

2377 5604 2598 5654 ΛΡΙΣΤ.
2627 5605 2912 5673 Αίρετικὸς
2945 5624 2972 5658 ο
3027 5612 3167 5660 κατά
3217 5617 3314 5679 τῂν
3343 5612 3526 5662 πῖστιν
3572 5614 3862 5685 ἀλλότριος
3891 5634 3901 5643 ·

2309 5697 2334 5746 6
2378 5699 2434 5748 δέ
2479 5700 2618 5749 κατὰ
2651 5717 2702 5750 τι
2752 5701 2970 5768 ίασιμον
3025 5701 3250 5771 ζήτημα
3289 5709 3688 5773 σχίσματικός.
3740 5711 3807 5762 Οἱ
3849 5712 3901 5762 es

2315 5789 2634 5852 συάγατες
2691 5793 3054 5846 άνυπύῑακτοι
3095 5801 3320 5860 τοέτους
3355 5799 3387 5868 ἧ
3427 5799 3680 5859 ἐκείνους
3717 5817 3896 5869 παρα-
