4018 6444
206 336 311 405 585

1120 348 1202 412 IN
1244 353 1490 415 EPIST.
1523 357 1582 417 S.
1621 357 1900 419 BASILII
1964 361 2401 426 CANONICAM
2451 366 2496 432 Ι.

3341 379 3438 444 586

213 456 541 523 συνάγίηγοι.
596 455 666 510 Τὸ
726 456 784 525 ἐξ
841 461 1118 530 αἱρετικοῦ
1169 463 1453 535 βάπτισμα
1505 467 1729 522 ἄδεκτον

1882 469 1977 524 bos
2007 471 2085 523 Vc]
2121 473 2269 535 istos,
2312 487 2438 530 sunt
2480 481 2889 549 parasynagosi.
2925 480 3195 552 Baptisma
3230 487 3299 542 ab
3333 489 3441 545 hat-

207 546 397 598 δεκτδν
430 545 487 598 δὲ
519 545 580 598 τὸ
613 547 946 616 ἀποσχὶστου
974 551 1071 602 καὶ
1122 554 1622 622 παρασυναγώγου.
1666 557 1781 609 Πα-

209 636 482 703 ράκλητον
509 637 559 688 ol
593 637 928 706 Πεπουζηνοὶ
954 641 1045 692 τὸν
1087 639 1361 695 Μοντανδν
1385 643 1740 713 ὀνομάζουσιν
1759 660 1777 677 ⁶

203 727 327 778 ὅθεν
361 728 453 778 καὶ
484 727 565 788 είς
599 727 762 780 αὐτὸν
792 727 1172 798 βαπτιζόμενοι
1208 731 1551 788 ἀϐάπτιστοι.
1574 736 1648 788 Τὸ
1671 735 1781 790 τῶν

211 819 486 889 Καθαρῶν
529 819 622 872 καὶ
683 817 1207 889 ’Υδροπαραστατῶν
1251 823 1344 875 καὶ
1405 825 1778 893 Ἐ’γκρατιτῶν

207 910 513 980 βάπτισμα,
543 914 590 963 εί
619 914 712 965 καὶ
743 913 984 976 ἄδεκτον,
1018 914 1104 966 διὰ
1134 916 1196 966 τὸ
1239 915 1516 983 ἐπιλεῖψαι
1561 917 1778 980 τούτοις

203 1001 265 1052 e5
320 999 543 1071 Πνεῦμα
597 1003 657 1056 τὸ
715 1002 890 1072 ἅγιόν,
917 1005 1036 1059 ἀλλ’
1092 1005 1186 1059 οὖν
1239 1008 1552 1078 οἰκονομίας
1610 1011 1775 1081 χάριν

201 1094 359 1147 ἔστω.

273 1362 332 1414 Oi
376 1363 452 1432 μὴ
514 1365 896 1427 κιινωνοῦντες
945 1368 1011 1434 τῇ
1062 1365 1322 1436 καθολικῇ
1366 1366 1661 1439 Ἐκκλησῐᾳ
1691 1371 1774 1432 εἰς

196 1452 326 1520 τρία
356 1452 689 1520 διαιροῦνται
712 1467 727 1482 ⁸
761 1455 841 1516 εις
870 1455 1199 1524 αίρετικοὺς,
1241 1458 1322 1518 είς
1356 1460 1768 1527 σχίσματικοὺς,

200 1544 296 1595 καὶ
341 1544 868 1612 παρασυναγώγους.
901 1547 1009 1598 Καὶ
1063 1548 1331 1615 αίρετικοὶ
1379 1549 1480 1618 μέν
1527 1550 1668 1602 εἰσιν
1717 1552 1767 1602 oi

194 1635 399 1701 τῆςεξς
439 1635 574 1688 Θεὸν
610 1636 848 1700 πίστεως
893 1638 1171 1700 παντελῶς
1224 1639 1766 1710 ἀπαλλοτριῶσαντες

195 1727 424 1789 ἑαυτούς
443 1741 458 1757 ⁸
483 1727 558 1788 ὡς
585 1729 632 1780 οἱ
656 1729 1013 1797 Πεπουζηνοὶ,
1038 1732 1083 1782 οί
1111 1730 1425 1801 Μανιχαῦιι,
1457 1735 1504 1785 σί
1536 1733 1766 1786 Οὐαλεν-

1886 561 2054 614 retico
2075 562 2424 632 celebratum,
2467 583 2571 621 non
2626 570 2988 640 recipiendum
3025 590 3041 628 :
3081 577 3442 646 recipiendum

1883 662 2011 702 vero
2053 651 2194 717 quod
2244 668 2274 707 a
2329 655 2681 713 schismatico
2719 661 2802 714 vel
2860 678 3266 739 parasynagogo
3310 672 3451 726 cele-

1881 737 2091 796 bratur.
2142 740 2408 812 Pepuzeni
2446 745 2761 804 Montanum
2807 737 3147 812 nominarnnt
3198 737 3446 818 βαι-σείε-

1884 836 2018 890 tutn,
2052 841 2380 900 qnapmpter
2407 836 2496 903 qui
2533 837 2583 889 in
2625 854 2745 892 eum
2785 840 3142 911 baptizantur,
3175 865 3280 903 non
3316 864 3442 905 sunt

1879 917 2160 986 baptizati.
2195 921 2551 979 Catharorum
2572 938 2625 981 et
2647 927 3251 1006 Hydroparastatarum,
3281 953 3443 1012 atque

1879 1005 2278 1065 Encratitarum
2339 1014 2603 1082 baptisma
2641 1022 2852 1075 etiamsi
2896 1039 3002 1078 non
3056 1027 3129 1081 sit
3177 1005 3441 1100 recipien—

1877 1093 2025 1155 dum,
2061 1106 2280 1162 propter
2327 1098 2560 1167 Spiritus
2606 1107 2778 1160 sancti
2828 1114 2967 1179 apud
2995 1128 3088 1168 eos
3132 1093 3438 1190 defectum,

1877 1183 2231 1244 nihilominus
2265 1194 2582 1248 oeconomia:
2617 1211 2778 1252 causa
2811 1202 3157 1271 suscipiatur.

1947 1362 2046 1428 Qui
2072 1380 2194 1420 cum
2230 1365 2471 1424 Ecclesia
2504 1374 2770 1430 catholica
2796 1393 2901 1433 non
2933 1389 3351 1459 communicant,
3386 1394 3440 1449 in

1873 1455 1974 1505 tria
1999 1469 2192 1522 genera
2217 1457 2546 1528 dividuntur,
2575 1463 2630 1518 in
2655 1465 2954 1538 haereticos,
2974 1472 3026 1526 in
3042 1455 3435 1549 schiSmaticos,

1872 1553 1926 1596 et
1957 1560 2418 1620 parasynagogos.
2445 1550 2515 1606 Et
2543 1554 2783 1613 haeretici
2816 1562 3035 1630 quidem
3072 1578 3196 1639 sunt
3235 1572 3313 1638 ii,
3345 1577 3436 1644 qui

1867 1649 1987 1690 sese
2027 1651 2054 1688 a
2087 1636 2188 1692 ﬁde
2214 1639 2271 1693 in
2307 1641 2471 1696 Deum
2502 1646 2722 1701 omnino
2747 1636 3145 1724 abalienarunt,
3181 1670 3239 1714 ut
3262 1636 3436 1732 Pop-n-

1867 1726 2006 1788 zeni,
2033 1728 2335 1796 Manichaii,
2361 1732 2749 1805 Valentiniani,
2784 1739 3178 1816 Marcionistaa,’
3198 1760 3251 1807 et
3281 1726 3432 1811 miihi

192 1818 445 1876 τινιανοὶ,
479 1818 528 1869 oi
568 1816 1001 1887 Μαρκιωνισταὶ,
1033 1818 1129 1872 καὶ
1157 1818 1305 1872 ἄλλοι
1337 1818 1544 1873 πολλοί.
1570 1820 1635 1874 Ol
1663 1820 1752 1890 μὲι

1864 1818 1977 1872 alii.
1997 1817 2269 1890 Pepuaeni
2287 1825 2429 1879 enim
2444 1826 2754 1885 Montanum
2772 1835 3052 1914 nominant
3071 1839 3429 1914 Paracletum,

193 1903 299 1974 γὰρ
327 1906 668 1977 Πεπουζηνοὶ
714 1907 806 1960 τὸν
849 1909 1121 1962 Μοντανὸν
1167 1910 1518 1979 παράκλητον
1562 1913 1758 1982 ὀνομά-

191 1994 364 2060 ζουσι,
394 1997 490 2049 καὶ
516 1996 614 2058 τὰς
649 1997 1014 2064 συναφθείσας
1053 1999 1200 2067 αὐτῷ
1234 1999 1507 2069 πορνικῶς
1536 2001 1629 2054 δύο
1658 2019 1757 2069 γυ-

192 2087 404 2151 ναῖκας,
443 2088 772 2158 Πρίσκιλλαν
807 2091 896 2143 καὶ
928 2090 1289 2158 Μαξίμιλλαν,
1320 2092 1396 2155 ὥς
1423 2094 1758 2165 προφήτιδας

189 2179 392 2248 ἔχουσι.
423 2180 563 2243 Τοὺς
612 2180 824 2249 γάμους
856 2182 1161 2253 ἀδιαφόρως
1200 2182 1427 2237 λύουσι·
1470 2184 1532 2238 τὸ
1568 2186 1758 2254 Πάσχα

187 2270 218 2322 δ
242 2271 604 2340 αστρέφουσισ
642 2271 739 2335 τὰς
773 2275 921 2342 τρεῖς
947 2273 1282 2337 ὑποστάσεις
1324 2275 1425 2346 τῆς
1469 2278 1754 2345 ὁμοουσίου

194 2360 461 2432 Θεότητος
482 2363 562 2425 είς
586 2362 644 2416 ἒν
673 2365 958 2433 συγχέουσι
982 2366 1288 2433 πρόσωπον,
1316 2368 1409 2418 καὶ
1445 2367 1610 2438 ἕτερά
1638 2386 1756 2421 τινα

187 2451 357 2520 ἀσεϐῆ
386 2452 613 2506 τοιαῦτα
649 2454 957 2522 φρονοῦσιν.
979 2456 1041 2509 Ol
1065 2454 1119 2507 δὲ
1143 2456 1436 2527 Μανιχαῖοι
1464 2457 1558 2510 δύο
1582 2461 1755 2529 ἀρχὰς

188 2543 506 2607 εἰσάγουσιν,
543 2544 810 2607 ἐναντίας,
863 2545 958 2598 καὶ
1005 2547 1330 2608 ἰσοσθενείς·
1371 2549 1466 2600 καὶ
1507 2548 1605 2620 τὴν
1654 2550 1756 2618 μὲν

191 2633 364 2699 φωτὸς
395 2633 712 2698 δοξάζουσιν
753 2632 890 2688 εἶναι
931 2636 1239 2705 παραίτιον,
1274 2637 1374 2706 τὴν
1417 2638 1473 2690 δὲ
1508 2640 1752 2702 σκότους.

189 2725 298 2778 Καὶ
326 2726 479 2797 ἧλιον
513 2727 606 2779 καὶ
648 2727 876 2798 σελήνην
930 2726 1300 2782 θεοποιοῦνται
1328 2745 1343 2760 ’
1378 2728 1473 2782 καὶ
1508 2731 1598 2783 τὸν
1643 2731 1755 2784 διὰ-

187 2815 339 2868 6ο).ον
367 2820 467 2887 τῆς
510 2816 644 2884 ὕλης
686 2818 1183 2887 προσαγορεύουσιν
1226 2819 1465 2889 ἄρχοντα
1491 2837 1505 2850 ·
1540 2822 1753 2875 καὶτὸν

186 2907 362 2975 γάμον
416 2907 736 2976 νομοθεσίαν
778 2907 1002 2960 καλοῦσι
1060 2910 1152 2960 τοῦ
1204 2909 1458 2978 δαίμονος
1483 2927 1494 2939 ·
1531 2913 1625 2962 καὶ
1653 2912 1752 2979 τὴν

188 3001 268 3062 είς
311 3001 437 3063 τοὺς
468 3000 762 3069 δεομένους
824 3002 1108 3069 μετάδοσιν
1158 3002 1414 3069 ἀνόμημα
1467 3001 1749 3068 κρίνουσιο

188 3097 279 3146 καὶ
303 3093 393 3144 τὸν
427 3091 631 3160 Κύριον
665 3091 817 3144 οὐδὲν
847 3090 1185 3160 ἀνθρώπινον
1218 3091 1497 3160 εἰληφέναι
1529 3109 1747 3161 σαρκωο

185 3185 343 3238 θέντα
376 3184 658 3248 δοξάζουσι
680 3197 694 3213 ⁶
733 3183 824 3236 καὶ
851 3183 941 3236 τὸν
970 3184 1220 3253 σταυρὸν,
1255 3187 1347 3236 καὶ
1377 3185 1469 3238 τὸν
1492 3184 1742 3251 θάνατον,
1774 3157 1814 3215 c

186 3276 274 3326 καὶ
317 3275 415 3345 τὴν
471 3275 790 3338 ἀνάστασιν,
819 3274 893 3338 ὡς
952 3273 1026 3344 μὴ
1078 3277 1142 3345 τῇ
1194 3275 1421 3346 ἀληθείᾳ
1457 3277 1743 3346 γενόμενα,

183 3362 536 3434 δτασύρουσι·
574 3363 668 3416 καὶ
698 3363 867 3432 μύρια
915 3363 1048 3416 ἀλλα
1082 3363 1248 3432 ἀσεϐῆ
1306 3363 1744 3431 δογματίζουσιν.

182 3456 241 3506 0i
268 3456 320 3507 δὲ
349 3455 788 3508 Οὐαλεντινιανοὶ
815 3454 914 3522 τῆς
948 3455 1146 3523 σαρκὸς
1194 3457 1598 3525 ἀπαγορεύουσι
1646 3459 1746 3528 τὴν

182 3550 512 3602 ὸνάστασιν·
545 3548 643 3615 τὴν
684 3546 920 3599 παλαιὰν
967 3546 1220 3598 ἁθετοῦσι
1272 3547 1571 3617 Διαθήκην,
1622 3555 1746 3613 τοὺς

183 3642 464 3708 προφήτας
519 3637 982 3702 ἀναγινώσκοντες
1033 3638 1125 3687 καὶ
1173 3638 1306 3705 πρὶς
1351 3637 1449 3707 τὴν
1493 3638 1745 3706 αἴσθησιν

180 3733 352 3783 aitEn
389 3731 615 3791 τούτους
663 3729 1183 3797 μεθερμηνεύοντες,
1214 3727 1539 3796 μυθολογίας
1591 3732 1743 3792 τινὰς

178 3822 624 3873 ἀναπλάττουσιο
673 3820 766 3873 καὶ
807 3820 898 3872 τὸν
953 3820 1185 3888 Χριστὸν
1241 3821 1337 3872 ἀπ’
1384 3821 1614 3892 οὐρανοῦ
1662 3823 1746 3876 λέ-

179 3929 329 3977 γουτι
363 3915 465 3982 τὴν
503 3911 684 3980 σάρκα
716 3913 1087 3977 κατενεγκεῖν,
1121 3911 1216 3962 καὶ
1256 3911 1330 3974 ὡς
1361 3911 1450 3964 διὰ
1480 3913 1738 3981 σωλῆνος,

177 4002 403 4055 διελθεῖν
453 4000 554 4067 τῆς
616 3998 936 4068 Παρθένον’
986 3999 1080 4051 καὶ
1143 3997 1280 4052 ἄλλα
1341 4001 1466 4052 τινὰ
1517 4000 1743 4052 τοιαῦτα

179 4093 475 4160 βλάσφημα
509 4087 862 4158 ληρωδοῦσιν.
896 4089 958 4140 Οἱ
990 4088 1044 4140 δὲ
1072 4089 1484 4157 Μαρκιωνισταί
1512 4092 1652 4142 εἰσιν
1690 4091 1741 4142 οι

177 4184 543 4244 Μασαλιανοὶ,
568 4183 616 4233 oi
648 4183 740 4233 καὶ
791 4180 1013 4247 Εύχῖται
1050 4179 1511 4248 ἑρμηνευόμενον
1540 4181 1739 4244 οἵτινες

175 4275 552 4342 πολυκέφαλον
588 4271 678 4323 καὶ
719 4269 1071 4337 πολυώνυμον
1099 4268 1198 4338 τὴν
1239 4269 1450 4336 αἵρεσιν
1503 4269 1737 4339 ἔχουσιν.

175 4360 330 4422 Οὗτοι
359 4366 495 4435 γοῦν
530 4364 728 4424 πάντες
760 4361 857 4431 τῆς
907 4361 1172 4430 αἱρέσεως
1202 4359 1383 4412 αὐτῶν
1434 4377 1742 4433 μετασιιτρα⁴¹

177 4467 382 4534 φέντες,
420 4458 515 4513 καὶ
545 4459 612 4526 τῇ
644 4455 931 4525 ἀμωμήτῳ
973 4451 1152 4504 πίστει
1196 4451 1607 4520 προσελθόντες,
1642 4453 1740 4522 βας
1771 4485 1815 4540 D

175 4559 478 4621 πτξζονται,
519 4549 610 4602 διὰ
644 4549 704 4599 τὸ
736 4545 1042 4599 ἀθετεῖσθαι
1096 4545 1228 4612 παρ’
1273 4545 1427 4614 ἡμῶν
1453 4543 1512 4596 τὸ
1545 4545 1738 4613 βάπτιω

176 4666 284 4715 σμα
313 4645 518 4700 αὐτῶν.
563 4638 919 4709 Σχισματικοὶ
946 4636 1002 4688 δέ
1032 4636 1172 4687 εἰσιν
1201 4635 1247 4687 oi
1282 4635 1379 4703 τῆς
1412 4635 1738 4705 Ἐκκλησίας

173 4740 398 4798 ἑαυτοὺς
457 4733 906 4801 ἀποστήσαντεςο
940 4728 1014 4790 ὡς
1065 4728 1115 4778 oi
1170 4729 1508 4790 Δονατισταὶ,
1538 4728 1635 4779 καὶ
1686 4730 1735 4779 οῑ

172 4829 457 4895 λεγόμενοι
491 4823 760 4890 Καθαροὶ,
808 4817 903 4872 καὶ
961 4817 1009 4867 oi
1063 4814 1610 4884 ’Υδροπιιραστάται,
1644 4817 1740 4868 καὶ

170 4921 216 4970 οἱ
262 4915 639 4983 Ἐγκρατῖται.
688 4903 847 4963 Οὗτοι
899 4911 1026 4977 γὰρ,
1061 4910 1110 4959 εἰ
1155 4906 1546 4974 ἐπιστρέφουσι
1599 4906 1738 4975 πρὸς

171 5011 264 5078 τὴν
299 5007 600 5074 καθολικὴν
646 5002 993 5070 Ἐκκλησίαν,
1025 5000 1116 5051 καὶ
1147 4998 1245 5060 τὰς
1271 4999 1512 5067 αἱρέσεις
1557 4997 1736 5048 αὐτῶν

172 5094 684 5163 ἀναθεματίσουσιν,
714 5087 789 5149 ὡς
821 5085 1240 5156 βεϐαπτισμένοι
1294 5085 1737 5154 παραδεχθήσον-

169 5205 277 5252 ται,
306 5187 402 5238 καὶ
436 5182 583 5251 μόνῳ
605 5180 684 5248 τῷ
731 5179 870 5248 ἁγίῳ
901 5175 1059 5246 μύρῳ
1110 5174 1519 5244 χρισθήσονται.
1558 5176 1740 5244 Παρα-

171 5279 479 5344 συνάγωγοι
561 5271 618 5324 δέ
692 5271 830 5322 εἰσιν
890 5268 940 5318 oi
992 5267 1413 5334 κατακριθέντες
1479 5267 1572 5318 ἐπί
1623 5283 1736 5319 τισι

169 5369 509 5436 πταίσμασιν
546 5363 854 5425 ἐπίσκοποι,
885 5359 918 5429 ἦ
949 5356 1332 5428 πρεσϐύτεροι,
1382 5359 1474 5410 καὶ
1506 5375 1735 5425 μετακι-

170 5460 425 5530 νηθέντες
454 5457 551 5520 τῆς
583 5451 945 5521 λειτουργίας,
969 5451 1065 5500 καὶ
1107 5449 1182 5516 μὴ
1212 5447 1590 5515 ὑποκύψαντες
1619 5450 1733 5508 τοῖς

169 5541 410 5610 κανόσιν,
440 5546 555 5601 ἀλλ’
587 5547 816 5606 ἑαυτοὺς
839 5541 1168 5603 αὑθεντικῶς
1196 5540 1603 5609 ἑκδικήσαντες,
1628 5540 1728 5610 τὴν

170 5641 483 5714 προεδρίαν,
519 5638 612 5691 καὶ
656 5636 754 5706 τὴν
799 5632 1164 5702 λειτουργίαν,
1202 5631 1293 5683 καὶ
1335 5631 1726 5702 θυσιαστήριον

1861 1918 1917 1964 et
1959 1912 2090 1965 duas
2122 1914 2376 1971 mulieres
2402 1918 2663 1977 adulterio
2695 1923 2743 1977 ei
2773 1912 3086 1996 conjunctas
3123 1912 3425 1995 Priscillam

1859 2011 1912 2054 et
1937 1999 2277 2059 Maximillam
2318 2022 2413 2076 pro
2442 2012 2798 2080 prophetissis
2825 2016 3043 2075 habent.
3086 2021 3310 2092 Nuptias
3347 2033 3429 2085 in-

1859 2089 2166 2146 dilferenter
2193 2093 2430 2162 solvunt,
2461 2098 2667 2154 Pascha
2691 2116 3024 2172 pervertunt,
3060 2089 3429 2174 tres—consub-

1860 2183 2127 2238 stantialis
2152 2184 2378 2240 Deitatis
2417 2189 2796 2248 subsistentias
2838 2197 2889 2250 in
2923 2213 3085 2254 unam
3128 2218 3419 2272 personam

1859 2271 2228 2339 confundunt,
2260 2286 2312 2332 et
2345 2279 2448 2332 alia
2483 2283 2734 2350 quaedam
2762 2286 3063 2343 istiusmodi
3112 2271 3272 2361 impia
3301 2312 3424 2352 sen-

1861 2364 2017 2419 tiunt.
2051 2363 2330 2422 Manichtei
2386 2381 2564 2425 autem
2607 2373 2714 2427 duo
2763 2378 3027 2449 principia
3081 2383 3426 2446 introducunt

1857 2455 2150 2519 contraria,
2200 2464 2256 2510 ct
2304 2461 2497 2529 aequali
2549 2466 2789 2532 potentia
2855 2471 3114 2538 pravdita,
3160 2487 3216 2530 et
3257 2494 3421 2536 unum

1857 2547 2074 2613 quidem
2111 2548 2248 2605 lucis
2278 2564 2496 2607 causam
2532 2569 2653 2611 esse
2694 2559 3007 2628 opinantur,
3045 2565 3276 2624 alterum
3320 2585 3422 2626 au-

1861 2643 1966 2688 tem
2011 2638 2382 2694 tenebrarum.
2421 2641 2603 2699 Solem
2633 2656 2686 2702 et
2717 2648 2896 2704 lunam
2929 2653 3060 2710 deos
3102 2655 3339 2728 faciunt,
3370 2677 3425 2718 et

1860 2726 2138 2782 diabolum
2187 2732 2432 2787 materiae
2476 2736 2778 2806 principem
2811 2742 3084 2811 appellant
3121 2756 3176 2803 et
3210 2726 3423 2820 nuptias

1855 2818 2113 2874 daemonis
2148 2833 2473 2892 preceptum
2505 2839 2719 2892 vocant,
2750 2839 2804 2886 et
2839 2835 2904 2886 ad
2926 2849 3126 2906 egenos
3154 2818 3416 2898 distribu-

1857 2908 2052 2963 tionem
2088 2909 2344 2981 ﬂagitium
2378 2915 2641 2986 iudicant,
2668 2929 2721 2976 et
2751 2923 3035 2981 Dominum
3075 2929 3417 2991 inciti-natum

1856 2999 1988 3053 nihil
2008 3003 2298 3058 humanum
2320 3009 2681 3076 assumpsisse
2703 3012 3054 3082 arbitrantur,
3083 3030 3135 3074 et
3164 3036 3378 3080 erucem
3405 3071 3416 3092 ,

1855 3097 1910 3142 et
1943 3099 2171 3146 mortem
2211 3104 2264 3149 et
2282 3099 2729 3155 resurrectionem
2769 3111 2826 3156 ut
2848 3119 2954 3160 non
2979 3121 3106 3164 vere
3139 3111 3279 3169 facta
3306 3117 3418 3171 ele-

1852 3189 1996 3246 vant,
2021 3186 2476 3256 etquamplurima
2507 3192 2664 3260 impia
2687 3194 2902 3251 docent.
2933 3199 3293 3260 Valentiniani
3321 3224 3416 3263 ιιτι-

1850 3279 1955 3325 tetn
2010 3276 2193 3329 carnis
2239 3283 2694 3338 resurrectionem
2757 3300 2974 3357 negant,
3036 3303 3191 3350 vetus
3224 3298 3412 3352 Testa-

1852 3377 2088 3421 mcntum
2139 3371 2409 3438 rejiciunt,
2445 3377 2735 3444 praphetas
2772 3379 3014 3450 legentes
3052 3393 3105 3439 et
3149 3390 3216 3441 ad
3259 3405 3412 3444 suam

1848 3459 2250 3523 perceptionem
2283 3475 2377 3515 eos
2395 3463 2838 3533 interpretantes,
2863 3473 3217 3544 mythologias
3245 3494 3409 3548 quas.

1848 3547 1968 3595 dant
2025 3547 2304 3618 ellingunt,
2346 3563 2400 3605 et
2442 3552 2713 3608 Christum
2761 3573 2789 3610 a
2833 3561 2970 3615 ctelo
2998 3577 3217 3620 carnem
3268 3578 3414 3623 attu-

1849 3636 1995 3700 lisse,
2026 3648 2079 3689 et
2110 3636 2381 3709 Virginem
2421 3651 2681 3712 tanquam
2723 3663 2819 3716 per
2847 3653 3089 3707 canalem
3133 3661 3415 3719 transiisse

1846 3725 2052 3789 tlit'tttll,
2075 3737 2130 3781 et
2160 3728 2263 3781 alia
2293 3733 2549 3785 nonnulla
2593 3735 2897 3791 istiusmodi
2943 3740 3254 3809 blasphema
3279 3750 3413 3805 deli-

1849 3827 2028 3870 rantes
2062 3818 2366 3886 prol'erunt.
2409 3821 2770 3882 Marcionistte
2803 3841 2929 3883 vero
2961 3844 3087 3887 sunt
3118 3838 3208 3904 qni
3233 3837 3414 3895 Masa-

1846 3905 1976 3958 liani
2016 3918 2072 3960 et
2138 3907 2381 3965 Euchitaa
2428 3914 2868 3983 interpretantur,
2900 3935 3131 3988 quorum
3190 3928 3414 3985 hmresis

1846 3997 2196 4054 multiformis
2240 4009 2323 4055 est
2365 4013 2420 4056 et
2455 4006 2868 4063 multinominis.
2906 4010 2966 4065 Hi
2997 4013 3178 4084 itaque
3220 4031 3410 4075 omnes

1843 4091 1911 4144 ab
1949 4094 2135 4146 haeresi
2168 4109 2265 4147 sua
2296 4099 2565 4162 conversi,
2611 4109 2665 4153 et
2697 4103 2761 4154 ad
2805 4113 3005 4157 rectam
3048 4107 3206 4163 Iidem
3251 4127 3412 4166 acce-

1843 4180 2052 4247 dentes,
2085 4183 2453 4254 baptizantur,
2500 4191 2624 4257 quia
2665 4205 2850 4246 eorum
2893 4194 3158 4264 baptisma
3190 4216 3219 4252 a
3254 4203 3411 4257 nobis

1843 4282 1942 4338 pro
1983 4273 2152 4328 nihilo
2181 4276 2416 4330 ducitur.
2467 4278 2809 4336 Schismatiei
2835 4296 3014 4339 autem
3045 4299 3194 4354 sunt,
3221 4293 3307 4358 qui
3343 4295 3412 4347 ah

1841 4359 2082 4417 Ecclesia
2110 4381 2230 4421 sese
2265 4367 2633 4435 absciderunt,
2661 4382 2716 4425 nt
2741 4375 3029 4432 Donatista:
3049 4417 3062 4439 ,
3099 4391 3152 4433 et
3181 4384 3268 4449 qni
3301 4383 3409 4438 Ca-

1844 4451 1980 4505 thari
2005 4453 2276 4518 dicuntur,
2315 4464 2367 4510 et
2386 4455 2885 4528 Ilydroparastatte,
2916 4475 2970 4518 et
3006 4466 3312 4526 Encratltae.
3343 4472 3408 4527 lii

1845 4541 1991 4594 enim
2045 4543 2092 4596 si
2139 4544 2203 4598 ad
2231 4547 2555 4602 catholicam
2599 4553 2818 4606 redeant
2851 4554 3163 4624 Ecclesiam,
3201 4571 3254 4615 et
3300 4563 3408 4618 ha:-

1849 4646 1994 4687 reses
2040 4648 2166 4688 suas
2207 4637 2686 4707 anathematizcnt,
2718 4653 2776 4696 ιιι
2816 4644 3069 4713 baptizati
3121 4651 3408 4707 admitten-

1845 4732 1953 4787 tur,
1991 4734 2045 4778 et
2075 4725 2192 4779 solo
2230 4739 2420 4782 sancto
2463 4730 2755 4788 chrismate
2784 4745 3070 4802 ungentur.
3109 4725 3408 4811 Parasyna-

1842 4815 1964 4884 gogi
1989 4827 2171 4872 autem
2205 4831 2331 4872 sunt
2364 4823 2599 4891 episcopi
2628 4836 2718 4878 aut
2751 4826 3049 4895 presbyteri
3077 4833 3168 4901 qui
3197 4837 3267 4887 ob
3296 4838 3405 4890 cri-

1845 4907 1990 4960 mina
2031 4909 2208 4977 aliqna
2242 4913 2606 4977 condemnati,
2640 4923 2695 4969 et
2732 4917 3032 4973 ministerio
3064 4938 3220 4978 sacro
3254 4930 3404 4991 moti,

1843 5011 1896 5054 et
1919 5001 2216 5055 canonibus
2245 5019 2347 5057 non
2389 5005 2776 5072 auscultantes,
2809 5009 2904 5064 sed
2936 5027 2996 5064 se
3021 5027 3142 5068 cum
3173 5021 3404 5072 auctori-

1844 5100 1953 5144 tate
1972 5091 2344 5157 delendentes,
2373 5096 2792 5163 praesidentium.
2843 5109 2895 5152 et
2928 5101 3222 5173 liturgiam,
3246 5117 3298 5160 et
3323 5110 3402 5160 aI-

1841 5191 1956 5236 tare
1973 5181 2075 5252 51
2113 5184 2254 5239 aliud
2272 5195 2606 5251 struxerunt,
2631 5191 2822 5244 et-aIiis
2843 5207 2953 5247 suae
2972 5208 3094 5250 esse
3124 5201 3403 5254 sementim

1841 5282 2248 5336 persuaserunt,
2298 5284 2355 5327 nt
2409 5276 2553 5342 ipsos
2594 5288 2913 5346 sequantur,
2959 5292 3017 5336 et
3076 5287 3398 5342 catholicam

1842 5363 2092 5416 deserant
2121 5363 2438 5418 Ecclesiam.
2478 5367 2637 5421 Tales
2666 5370 2809 5423 enim
2834 5374 3206 5439 pmnitentiam
3235 5393 3399 5446 agen-

1851 5465 1931 5506 tes
1961 5464 2014 5507 et
2047 5455 2385 5509 memorabili
2424 5458 2795 5525 resipiscentia
2831 5471 2879 5516 et
2909 5467 3261 5521 conversione
3288 5455 3399 5521 me.

1838 5545 2002 5599 liores
2024 5548 2332 5607 evadentes.
2359 5545 2616 5602 Ecclesiae
2641 5550 2858 5620 iterum,
2887 5564 2943 5607 ut
2967 5571 3130 5609 unum
3177 5573 3397 5624 corpus.

1835 5631 2254 5702 coniunguntur.

172 5737 471 5807 πηξάμενοι
498 5733 706 5800 ιτερον,
767 5731 861 5782 καὶ
905 5729 1008 5794 τῆς
1069 5727 1291 5793 γνώμης
1336 5727 1514 5780 αὐτῶν
1554 5729 1800 5794 γενέσθαι
1834 5730 1984 5790 τινὰς
2033 5732 2494 5800 παραπείσαντες,
2527 5734 2667 5788 ὥστε
2703 5735 3161 5806 συνακολουθῆσαι
3193 5739 3400 5808 αὐτοῖς,

369 5829 641 5888 Pyrum.
689 5825 805 5885 ῦιι.
853 5824 953 5884 CX
969 5820 1225 5881 XXVIII.

2973 5827 3042 5888 19
