4018 6434
599 363 700 428 587

1843 348 2126 408 THEOD.
2163 341 2559 404 BALSASION

3741 323 3849 388 588

590 476 686 530 καὶ
746 474 840 542 τὴν
912 467 1201 538 καθολικὴν
1249 466 1568 519 καταλιπεῖν
1639 462 1982 533 Ἐκκλησίαν.
2055 460 2119 510 Οἱ
2176 457 2406 511 τοιοῦτοι
2471 457 2597 525 γὰρ,
2670 451 3159 523 μεταμεληθέντες,
3223 448 3318 503 καὶ
3368 444 3636 515 μετανοίᾳ
3699 444 3839 509 ἀξιο-

593 568 755 636 λόγῳ,
807 562 902 617 καῖ
957 562 1256 628 ἐπιστροφῇ
1322 557 1724 628 βελτιωθὲντες,
1779 555 2140 606 συνάπτονται
2174 550 2354 611 πάλιν,
2389 549 2460 611 ὠ;
2494 548 2550 600 ἓν
2582 548 2761 615 σῶμα,
2791 549 2854 616 τῇ
2897 543 3216 612 Ἐκκλησία.

1208 650 1436 705 ΟΑΝΟΝ
1470 650 1529 704 ll.

598 754 724 815 Quae
756 751 820 803 de
848 748 1104 803 industria
1148 744 1316 799 fetum
1340 743 1601 812 corrupit,
1627 741 1788 796 cmdis
1817 753 2008 808 pcenas
2031 737 2159 790 luat.

671 839 907 894 Formati
939 847 1116 892 autem
1144 835 1228 890 vel
1266 834 1512 889 informis
1536 832 1802 886 subtilitas
1821 845 1846 882 a
1873 829 2026 882 nobis
2059 840 2164 878 non

673 927 964 982 attenditur
993 947 1005 980 :
1039 927 1125 980 hic
1170 926 1339 988 enim,
1372 939 1477 977 non
1521 921 1692 975 solum
1746 919 1886 988 quod
1918 917 2167 981 inascitn-

672 1037 785 1075 rum
815 1019 933 1081 fuit,
968 1016 1287 1080 vindicatur,
1317 1017 1408 1070 sed
1431 1013 1593 1066 etiam
1620 1014 1730 1079 ipsa
1760 1025 1876 1078 qua:
1907 1007 2006 1062 sibi
2040 1006 2169 1058 insi-

676 1113 794 1167 dias
846 1109 1091 1179 paravit,
1148 1107 1404 1174 quoniam
1453 1115 1509 1157 ut
1564 1102 1850 1171 plurimum
1905 1095 2166 1165 ejusmodi

675 1201 904 1268 inceptis
928 1212 1028 1251 una
1079 1191 1293 1264 quoque
1343 1193 1598 1248 mulieres
1643 1193 1932 1246 intereunt.
1968 1188 2028 1241 Ei
2066 1201 2161 1238 au-

687 1297 792 1341 tem
842 1283 1045 1339 accedit
1092 1283 1232 1337 fetus
1281 1297 1491 1350 quoque
1541 1281 1814 1339 interitus,
1841 1278 1940 1329 alia
1970 1276 2169 1337 caedes,

685 1389 871 1430 eorum
917 1374 1153 1442 quidem,
1189 1373 1278 1441 qui
1325 1373 1452 1430 haec
1480 1373 1698 1432 audent,
1749 1367 2167 1423 existimatione.

681 1462 897 1530 Oportet
932 1470 1111 1514 autem
1142 1475 1246 1514 non
1286 1474 1457 1528 usque
1496 1459 1560 1511 at!
1585 1458 1792 1512 obitum
1818 1468 2002 1509 eorum
2036 1465 2168 1506 cen-

693 1552 981 1606 fessionem
1011 1549 1324 1613 extendere,
1373 1551 1466 1603 sed
1509 1539 1639 1617 post
1679 1547 1864 1601 decem
1903 1555 2168 1597 annorum

690 1656 991 1698 mensuram
1039 1640 1341 1694 admittere.
1381 1639 1613 1693 Definirc
1643 1647 1821 1691 autem
1873 1651 1978 1689 non
2032 1643 2168 1688 tem-

692 1745 841 1801 pore,
876 1733 966 1787 sed
992 1731 1146 1786 modo
1176 1731 1503 1800 ρωιιὶιθιιιὶαι
1537 1727 1881 1782 medicinam.

693 1911 886 1968 BALS.
925 1910 996 1966 De
1025 1911 1087 1964 iis
1111 1924 1226 1978 quae
1251 1909 1606 1972 fornicamur,
1639 1918 1691 1962 et
1711 1921 1842 1962 suos
1871 1906 2009 1960 fetus
2043 1920 2167 1974 per—

617 2001 790 2055 imunt
841 2000 1265 2064 medicamentis,
1311 2000 1392 2054 vel
1425 2000 1600 2069 aliquo
1630 1997 1733 2051 alio
1755 1996 1935 2060 modo,
1969 1997 2168 2050 dictum
2204 1970 2245 2026 Β

616 2103 697 2146 est
734 2093 787 2146 in
812 2106 933 2160 cap.
968 2108 1023 2156 ι,
1054 2092 1136 2144 tit.
1172 2091 1260 2153 l3,
1297 2092 1578 2159 praesentis
1621 2089 1823 2157 operis,
1878 2097 1930 2142 et
1983 2088 2035 2140 in
2079 2101 2171 2140 ca-

621 2198 760 2238 none
792 2183 854 2236 21
889 2182 1079 2253 synodi
1120 2182 1440 2252 Ancyrante.
1495 2180 1739 2234 Praesens
1781 2187 1958 2232 autem
1999 2191 2170 2231 canon

616 2273 933 2338 decernens,
973 2286 1063 2328 eas
1093 2288 1212 2342 quae
1253 2272 1356 2327 tale
1393 2271 1520 2340 quid
1556 2280 1738 2340 agunt,
1781 2269 2173 2322 homicidarum

619 2365 791 2434 ptrnis
820 2364 1027 2430 subjici,
1061 2365 1245 2434 adjicit
1291 2378 1395 2418 non
1441 2378 1559 2418 esse
1611 2361 1963 2417 differentiam
2008 2360 2172 2413 ullam

573 2455 841 2514 .abortivi
921 2454 1061 2508 fetus
1121 2454 1294 2509 :sive
1353 2457 1496 2507 enim
1558 2464 1641 2507 est
1707 2451 1971 2513 informe,
2032 2449 2174 2517 quod

619 2544 808 2598 abortu
867 2544 1136 2612 abjectum
1193 2549 1316 2605 est,
1359 2541 1470 2593 sive
1536 2538 1863 2598 formatum,
1927 2543 1981 2588 et
2034 2533 2175 2602 quod

623 2635 783 2689 habet
844 2634 1076 2686 hominis
1137 2631 1548 2694 characterem,
1610 2628 1797 2681 eadem
1867 2634 1949 2679 est
2017 2625 2176 2677 ratio.

622 2727 735 2780 lloe
782 2734 958 2777 autem
1007 2723 1207 2776 dictum
1272 2731 1355 2775 est
1415 2729 1632 2789 propter
1671 2731 1784 2780 eos,
1833 2716 1924 2784 qui
1970 2715 2176 2779 dicunt,

619 2814 784 2885 quod,
819 2813 1075 2882 quoniam
1119 2825 1302 2866 semen
1335 2811 1387 2864 iu
1421 2808 1697 2863 matricem
1741 2807 2006 2875 dejectum
2076 2818 2178 2857 non

625 2907 808 2960 statim
844 2906 1108 2958 formatur
1139 2903 1189 2955 in
1219 2901 1512 2964 hominem,
1544 2903 1636 2953 sed
1675 2899 1825 2966 prius
1865 2896 2076 2964 quidem
2124 2894 2181 2946 tit

623 2998 877 3067 sanguis,
914 2996 1108 3049 deinde
1157 2996 1208 3047 in
1250 3008 1466 3047 carnem
1517 2992 1803 3044 humanam
1855 2986 2178 3050 concrescit,

623 3091 818 3144 deinde
845 3088 1130 3155 effingitur,
1160 3095 1214 3139 et
1249 3085 1508 3138 formatur
1535 3086 1586 3135 in
1619 3082 1856 3136 membra
1899 3089 1953 3132 et
1977 3089 2181 3147 partes,

625 3192 729 3231 non
757 3178 813 3230 ﬁt
836 3178 1030 3240 caedes,
1068 3175 1280 3243 quando
1308 3173 1512 3225 abortio
1537 3170 1674 3225 facta
1719 3167 2058 3236 fucritfetus,
2093 3168 2182 3236 qui

2189 648 2239 703 Δ

2858 637 3096 690 ΚΛΝΩΝ
3159 637 3238 689 B'.

2265 735 2538 802 Φθείρασα
2596 732 2717 784 κατ’
2780 729 3150 799 ἐπιτήδευσιν.
3184 727 3346 796 φόνου
3391 725 3556 795 δίκην
3609 724 3846 796 ὑπέχειν

2338 823 2691 892 ἀκριϐολογία
2725 822 2779 873 δὲ
2816 817 3321 888 ἐκμεμορφωμένου
3376 820 3471 868 καὶ
3504 814 3822 880 ἁνεξεικονί

2345 933 2470 968 στου
2489 915 2619 982 παρ’
2638 913 2770 980 ἡμῖν
2800 912 2898 963 οὐκ
2931 910 3096 962 ἐστιν.
3130 908 3395 960 Ἐνταῦθα
3415 907 3526 977 γὰρ
3545 908 3850 959 ἐκδικεῖταο

2313 1005 2397 1059 ¹“οὖ
2437 1005 2594 1074 μόνον
2624 1002 2683 1053 τὸ
2735 999 3228 1068 γεννηθησόμενον,
3278 996 3413 1049 ἀλλὰ
3468 995 3567 1048 καὶ
3621 995 3765 1061 αὑτὴ
3817 995 3848 1062 ἡ

2339 1098 2503 1165 ἑαυτῇ
2533 1091 2989 1155 ἐπιϐουλεύσασα,
3018 1090 3152 1142 διότι
3184 1090 3259 1151 ὡς
3305 1089 3398 1140 ἐπὶ
3427 1088 3490 1140 τὸ
3541 1089 3682 1140 πολὺ
3723 1089 3846 1137 ἐνα-

2343 1187 2713 1255 ποθνήσκουσι
2740 1185 2862 1245 ταῖς
2885 1181 3162 1241 τοιαύταις
3201 1179 3621 1247 ἐπιχειρήσεων
3655 1177 3713 1228 αί
3751 1193 3846 1242 γυ-

2341 1275 2544 1339 ναῖκες.
2592 1275 2857 1343 Πρόσεστι
2908 1272 2964 1326 δέ
3013 1271 3189 1340 τούτῳ
3243 1270 3338 1322 καὶ
3409 1270 3441 1337 ἠ
3507 1268 3690 1337 φθορὰ
3757 1265 3853 1317 τοῦ

2337 1369 2598 1439 ἐμϐρύου,
2633 1365 2818 1436 ἕτερος
2845 1364 3002 1432 φόνος
3043 1362 3184 1415 κατὰ
3217 1377 3282 1430 γε
3324 1363 3424 1429 τὴν
3453 1360 3708 1410 ἐπίκοιαν
3742 1356 3855 1408 τῶν

2338 1459 2510 1514 ταῦτα
2566 1454 2921 1524 τολμώντωνο
2982 1453 3061 1504 δεῖ
3112 1452 3297 1521 μέντοι
3372 1451 3448 1520 μὴ
3523 1449 3692 1518 μέχρι
3758 1448 3856 1514 τῆς

2342 1550 2522 1617 ἐξόδου
2557 1547 2906 1616 παρατείνειν
2934 1543 3111 1596 αὐτῶν
3143 1542 3241 1608 τὴν
3265 1539 3693 1610 ἐξομολόγησιν,
3713 1537 3858 1590 ἀλλὰ

2342 1639 2591 1710 δέχεσθαι
2627 1637 2762 1709 μετὰ
2786 1637 2845 1689 τὸ
2879 1635 3079 1705 μέτρον
3110 1635 3218 1686 τῶν
3247 1633 3382 1686 δέκα
3412 1632 3553 1685 ἐτῶν
3573 1648 3587 1662 ο
3636 1629 3858 1699 ὁρίζειν

2333 1735 2390 1787 δὲ
2425 1732 2500 1802 μὴ
2544 1731 2745 1801 χρόνῳ,
2779 1727 2913 1782 ἀλλὰ
2942 1727 3129 1796 τρόπῳ
3161 1726 3260 1796 τὴν
3309 1725 3408 1794 τῆς
3437 1722 3734 1793 μετανοίας
3769 1720 3858 1773 θε-

2343 1825 2597 1894 ραπείαν.

2348 1915 2542 1968 ΒΑΛΣ.
2585 1913 2717 1982 Περὶ
2763 1912 2873 1965 τῶν
2920 1906 3303 1979 πορνευουσῶν
3359 1905 3457 1958 καὶ
3506 1902 3860 1971 ἀναιρουσῶν

2274 2010 2342 2062 τὰ
2363 2007 2482 2060 κατ’
2506 2007 2675 2067 αὑτὰς
2709 2003 2924 2073 ἔμϐρυα
2957 2002 3047 2053 διὰ
3085 1999 3394 2068 φαρμάκων
3438 1997 3473 2066 ἢ
3507 1995 3684 2055 ἄλλως
3715 2009 3862 2054 πως,

2271 2099 2490 2168 εἴρηται
2523 2099 2579 2150 ἐν
2609 2094 2685 2165 τῷ
2715 2094 2928 2162 δεκάτῳ
2971 2090 3254 2160 κεφαλαίῳ
3282 2087 3378 2141 τοῦ
3427 2093 3498 2155 ιγ’
3532 2085 3722 2138 τίτλου
3757 2086 3861 2136 τοῦ

2272 2193 2537 2262 παρόντος
2579 2188 2985 2256 συντάγματος,
3026 2185 3121 2237 καὶ
3163 2185 3220 2236 ἐν
3274 2181 3350 2250 τῷ
3376 2186 3462 2234 κα¹
3516 2179 3709 2232 κανόνι
3751 2176 3861 2243 τῆς

2272 2289 2332 2339 ἐν
2371 2282 2613 2352 Ἀγκύρᾳ
2648 2279 2892 2332 συνόδου.
2938 2277 2997 2330 '0
3041 2274 3097 2327 δέ
3144 2272 3340 2342 παρὼν
3373 2269 3577 2332 κανὼν,
3608 2266 3860 2336 διοριζόο

2277 2391 2435 2444 μενος
2495 2375 2594 2434 τὰς
2642 2369 2880 2422 τοιοῦτόν
2929 2384 2984 2419 τι
3038 2364 3300 2425 ποιούσας
3347 2363 3458 2422 τοῖς
3489 2361 3600 2411 τῶν
3639 2359 3863 2426 φονέων

2273 2441 2570 2533 ἐπιτιμίοις
2617 2457 3157 2518 καθυποϐαλλεσθαι,
3203 2452 3533 2525 προστίθησι
3582 2448 3660 2518 μὴ
3710 2441 3858 2499 εἶναι

2273 2553 2532 2624 διαφορὰν
2561 2550 2653 2605 τοῦ
2679 2548 3065 2620 ἀμϐλώματος.
3093 2547 3208 2598 Κᾶν
3228 2547 3338 2614 γὰρ
3368 2540 3699 2612 ἀμόρφωτόν
3735 2542 3862 2591 ἐστι

2277 2649 2338 2702 τὸ
2387 2644 2694 2715 ἀμϐλωθέν,
2743 2642 2848 2696 κᾶν
2901 2638 3341 2710 μεμορφωμένον
3383 2637 3479 2687 καὶ
3523 2633 3866 2703 χαρακτῆρα

2280 2740 2402 2809 ἔχον
2424 2737 2734 2806 ἀνθρώπου,
2758 2735 2786 2786 ό
2817 2733 2977 2793 αὐτὸς
2998 2731 3154 2797 λόγος
3184 2728 3323 2782 ἐστί.
3358 2725 3532 2778 Τοῦτο
3556 2725 3609 2777 δὲ
3643 2724 3862 2794 ἐρρέθη

2280 2829 2368 2882 διὰ
2405 2828 2529 2885 τοὺς
2575 2826 2830 2891 λέγοντας
2861 2820 2955 2884 ὡς,
3005 2820 3127 2872 ἐπεὶ
3165 2819 3229 2871 τὸ
3279 2819 3529 2886 σπέρμα,
3563 2815 3629 2884 τῇ
3672 2816 3864 2882 μήτρᾳ

2280 2914 2776 2984 καταϐαλλόμενον,
2822 2914 2922 2967 οὐκ
2987 2909 3316 2966 ἀπεειτεῦθιν
3369 2909 3725 2961 είδοποιεῑται
3783 2907 3866 2968 είς

2282 3011 2587 3081 ἄνθρωπον,
2618 3006 2757 3059 ἀλλὰ
2800 3006 3067 3074 πρότερον
3128 3001 3228 3071 μὲν
3287 2997 3707 3067 ἐξαιματοῦται,
3743 2991 3866 3050 εἶτα

2283 3109 2363 3167 είς
2395 3104 2573 3172 σάρκα
2600 3101 2875 3168 πήγνυται
2902 3095 3269 3166 ἀνθρωπίνην,
3295 3089 3419 3145 εἶτα
3453 3089 3860 3155 ἐξεικονίζεται

2286 3199 2378 3248 καὶ
2404 3192 2756 3246 διατυποῦται
2811 3192 2887 3261 είς
2945 3189 3080 3258 μέλη
3139 3187 3234 3238 καὶ
3269 3186 3471 3255 μόρια·
3522 3185 3584 3235 οὐ
3639 3182 3866 3248 γίνεται

623 3269 855 3323 nondum
883 3276 965 3320 est
987 3266 1265 3318 formatus.
1288 3263 1553 3316 Prmteiea
1573 3263 1751 3327 adjicit
1773 3271 2013 3322 sanctus,
2039 3259 2178 3326 quod

2293 3287 2466 3355 φόνος,
2497 3286 2625 3336 ὅταν
2671 3259 2932 3350 ἀμϐλωθῇ
2982 3279 3043 3329 τὸ
3073 3277 3335 3347 ἔμϐρυον,
3373 3277 3432 3327 τὸ
3483 3275 3654 3342 μήπω
3715 3272 3868 3324 είδο-

627 3374 730 3414 non
767 3359 940 3411 solum
972 3365 1190 3424 propter
1231 3354 1370 3407 fetus
1407 3354 1683 3406 interitum
1723 3352 1777 3403 tit
1808 3351 1968 3404 caedis
1994 3351 2180 3401 vindi-

626 3449 788 3511 catio,
819 3448 908 3499 sed
940 3448 1101 3498 etiam
1142 3455 1355 3512 propter
1383 3443 1627 3506 insidias,
1664 3458 1797 3510 quas
1830 3443 1931 3495 sibi
1971 3441 2184 3508 paravit

629 3539 818 3592 mulier
850 3537 1090 3605 gravida.
1123 3533 1191 3586 Ut
1232 3534 1518 3601 plurimum
1549 3535 1689 3585 enim
1724 3543 1926 3587 matres
1964 3547 2182 3600 quoque

629 3644 731 3682 una
759 3637 986 3688 pereunt
1031 3636 1250 3693 propter
1288 3625 1626 3692 ejectionem.
1663 3623 1824 3676 Pinna
1860 3635 2063 3686 autem,
2099 3625 2183 3675 iu-

629 3721 767 3787 quit,
804 3731 869 3771 tte
897 3717 1218 3768 extendatur
1261 3729 1430 3784 usque
1458 3715 1524 3767 ad
1560 3714 1716 3766 linem
1752 3714 1874 3766 vita:
1907 3715 2020 3780 ejus
2069 3727 2186 3781 qua:

631 3811 830 3863 caedem
864 3807 1210 3875 perpetravit,
1242 3807 1334 3860 sed
1372 3805 1423 3857 in
1450 3805 1633 3858 decem
1662 3817 1852 3856 annos.
1891 3803 2054 3855 l’orro
2084 3802 2186 3855 tale

630 3913 840 3967 quoque
904 3909 1111 3964 tempus
1172 3895 1299 3948 licet
1356 3895 1428 3948 sit
1477 3907 1507 3945 a
1552 3907 1758 3946 canone
1805 3891 2182 3953 constitutum,

629 3999 837 4057 oportet
867 3999 1041 4041 tamen
1085 3983 1427 4048 medicinam,
1455 3997 1562 4036 non
1593 3992 1856 4050 tempore,
1904 3983 1996 4034 sed
2028 3983 2187 4034 modo

631 4080 1002 4134 circumscribi
1037 4093 1050 4127 :
1086 4076 1289 4130 scilicet
1318 4076 1361 4129 si
1388 4089 1508 4143 qua:
1532 4075 1776 4140 peccavit
1807 4073 2040 4138 quidem,
2071 4085 2186 4139 poe-

641 4169 920 4220 nitentiam
955 4164 1235 4231 aspernari
1296 4163 1560 4226 videatur,
1612 4177 1714 4214 non
1767 4162 1938 4214 solum
1989 4160 2186 4213 decen-

635 4259 777 4310 nium
814 4255 1050 4319 finietur,
1099 4253 1196 4307 sed
1239 4254 1402 4306 etiam
1442 4252 1744 4320 augebitur.
1798 4249 1900 4304 Sed
1956 4250 2000 4302 si
2048 4250 2188 4302 serio

631 4357 754 4416 agat
779 4346 1169 4414 pmtiitentiatn,
1196 4344 1511 4398 decennium
1540 4356 1749 4410 quoque
1774 4342 2059 4394 minuetur.
2094 4338 2190 4391 At-

631 4458 734 4511 que
763 4443 873 4494 hmc
897 4439 1110 4507 quidem
1142 4452 1377 4506 praesens
1393 4451 1584 4490 canon.
1611 4435 1687 4489 Tu
1719 4446 1897 4489 autem
1918 4435 2029 4502 lege
2049 4448 2172 4486 ean.

632 4534 693 4585 9l
741 4548 858 4600 syn.
887 4531 938 4582 in
970 4528 1173 4592 Ttullo,
1203 4539 1254 4581 et
1277 4544 1396 4595 qua:
1425 4529 1476 4580 in
1507 4543 1570 4580 eo
1601 4537 1746 4589 sunt,
1773 4537 1826 4578 et
1849 4528 2008 4577 linem
2030 4539 2189 4577 cano-

2283 3375 2528 3442 ποιηθέν.
2561 3369 3052 3441 Ἐπιπροστίθησιν
3086 3370 3113 3420 ό
3148 3367 3305 3435 ἅγιος
3335 3366 3411 3427 ὡς
3449 3365 3508 3416 οὐ
3556 3364 3722 3432 μόνον
3771 3364 3868 3415 διὰ

2281 3468 2380 3537 τὴν
2432 3466 2526 3518 τοῦ
2575 3461 2819 3532 ἐμϐρύου
2871 3460 3080 3529 φθορὰν
3135 3461 3168 3528 ἡ
3219 3456 3314 3510 τοῦ
3365 3457 3528 3524 φόνου
3570 3454 3866 3522 ἐκδίκησις

2282 3555 2514 3620 γίνεται,
2533 3552 2669 3604 ἀλλά
2697 3550 2784 3602 διὰ
2809 3549 2906 3619 τὴν
2941 3548 3232 3614 ἐπιϐουλὴν
3258 3546 3356 3615 τῆς
3384 3544 3870 3613 κυοφορουμένης.

2295 3644 2381 3706 Ὦς
2410 3643 2501 3694 ἐπὶ
2533 3641 2594 3693 τὸ
2623 3639 2756 3693 πολὺ
2793 3640 2899 3708 γὰρ
2936 3637 3369 3691 συναπόλλυνται
3399 3638 3494 3690 καὶ
3530 3637 3585 3690 αἱ
3618 3636 3871 3705 μητέρες

2284 3735 2371 3789 διὰ
2400 3734 2498 3802 τὴν
2540 3732 2832 3801 ἀποϐολήν.
2867 3732 2939 3784 Τὸ
2975 3730 3032 3782 δὲ
3077 3712 3352 3798 ἐπιτίμιόν
3405 3747 3544 3798 φησι
3589 3731 3666 3798 μὴ
3716 3747 3873 3800 παρ-

2287 3825 2628 3879 εκτείνεσθαι
2668 3825 2831 3892 μέχρι
2867 3822 3053 3882 τέλους
3085 3820 3228 3888 ζωῆς
3255 3821 3423 3889 αὐτῆς
3453 3824 3552 3889 τῆς
3579 3823 3670 3874 τὸν
3705 3824 3874 3888 φόνον

2287 3915 2663 3985 ἁμαρτούσης,
2694 3912 2830 3965 ἀλλᾶ
2859 3915 2915 3962 ἐν
2944 3911 3077 3965 δέκα
3107 3911 3281 3964 ἔτεσι.
3316 3912 3424 3963 Καὶ
3451 3913 3478 3962 ό
3512 3912 3773 3974 τοιοῦτος
3809 3913 3870 3965 δὲ

2286 4011 2496 4078 χρόνος,
2527 4006 2628 4058 κᾶν
2656 4003 3065 4066 κεκανόνισται,
3100 4001 3232 4054 ἀλλὰ
3257 4003 3365 4070 χρὴ
3399 4003 3499 4069 τὴν
3541 4001 3872 4071 θεραπείαν

2290 4096 2364 4165 μὴ
2388 4095 2586 4165 χρόνῳ,
2620 4092 2755 4145 ἀλλὰ
2797 4091 2986 4161 τρόπῳ
3019 4089 3482 4159 περιγράφεσθαι.
3517 4087 3757 4156 Ἠγουν,
3815 4092 3868 4141 εί

2291 4187 2387 4256 μὲν
2424 4183 2912 4254 καταφρονητικῶς
2947 4182 3219 4234 διάκειται
3251 4182 3388 4250 πρὸς
3423 4181 3523 4250 τὴν
3565 4182 3874 4248 μετάνοιαν

2288 4280 2321 4346 ὴ
2357 4275 2703 4346 ἁμαρτοῦσα,
2727 4273 2784 4325 οὐ
2824 4273 2984 4343 μόνον
3024 4274 3058 4342 ἡ
3099 4271 3354 4323 δεκαετία
3388 4272 3874 4340 περαιωθήσεται,

2289 4367 2426 4421 ἀλλα
2486 4366 2580 4418 καὶ
2629 4363 3094 4433 ἐπιτιμηθήσεται
3121 4379 3134 4392 ·
3166 4363 3212 4413 εί
3244 4361 3300 4413 δὲ
3333 4361 3665 4422 σπουδαίως,
3703 4365 3804 4413 καὶ
3840 4365 3873 4431 ἡ

2288 4458 2541 4512 δεκαετία
2586 4455 3040 4525 κολοϐωθήσεται.
3077 4454 3183 4506 Καὶ
3234 4454 3409 4506 ταῦτα
3451 4455 3548 4522 μὲν
3591 4456 3618 4505 ό
3670 4452 3875 4524 παρὼν

2290 4550 2490 4604 κανών.
2523 4551 2594 4602 Σὺ
2630 4549 2686 4601 δὲ
2721 4549 3034 4614 ἁνάγνωσον
3065 4548 3276 4599 καὶτὸν
3317 4555 3406 4611 ςα⁹
3441 4547 3644 4599 κανόνα
3673 4549 3778 4615 τῆς
3815 4551 3876 4600 ἐν

635 4624 721 4678 nis
742 4612 780 4674 '8
810 4624 1083 4691 praesentis
1112 4622 1345 4688 epistola:
1376 4638 1390 4673 :
1426 4628 1479 4673 et
1518 4619 1656 4672 scies
1685 4618 1826 4686 quod
1869 4633 1976 4671 non
2011 4617 2181 4670 solum

2293 4639 2366 4708 τῷ
2395 4637 2647 4707 Τρούλλῳ
2682 4612 2922 4699 συνόδου,
2958 4639 3050 4692 καὶ
3078 4638 3144 4689 τὰ
3189 4637 3245 4689 ἐν
3287 4636 3458 4706 αὐτῷ,
3488 4638 3584 4688 καὶ
3621 4636 3684 4687 τὸ
3712 4612 3874 4699 τέλος

635 4728 753 4782 qua:
787 4711 946 4766 fetum
1003 4714 1054 4766 in
1103 4723 1256 4766 utero
1302 4711 1562 4778 corrupit,
1608 4709 1887 4774 subjicitur
1925 4711 2185 4762 canonico

636 4805 916 4857 homicida:
942 4804 1220 4871 sapplicio,
1247 4804 1336 4857 sed
1367 4803 1528 4855 etiam
1558 4815 1675 4868 qua:
1703 4803 1792 4852 dat
1817 4814 2018 4852 venena
2049 4802 2187 4852 fetus

632 4897 970 4961 perimentia,
1000 4905 1052 4948 ct
1087 4910 1202 4962 quae
1233 4896 1411 4957 habet,
1442 4903 1496 4946 ct
1531 4907 1650 4961 qua:
1695 4891 1922 4958 accepit,
1974 4890 2184 4944 etiamsi

633 4989 795 5042 fctum
828 5002 931 5039 non
962 4988 1306 5054 peremerint.
1344 4988 1474 5038 Cum
1517 4996 1692 5038 autem
1733 4998 1971 5051 praesens
2009 4996 2182 5035 canon

633 5082 769 5135 hanc
802 5080 1081 5131 mulierem
1124 5077 1401 5130 decennali
1447 5077 1711 5144 supplicio
1759 5077 1946 5143 puniat
1995 5088 2188 5127 consc-

631 5183 856 5240 qnenter
900 5170 1092 5222 canoni
1138 5169 1201 5221 21
1239 5170 1534 5238 Ancyrante
1592 5170 1807 5237 synodi,
1859 5177 1914 5220 et
1958 5181 2081 5219 ean.
2118 5165 2185 5218 56

631 5268 804 5318 sancti
841 5264 1019 5318 Basilii
1059 5265 1139 5318 sic
1169 5274 1352 5333 aperte
1381 5262 1624 5314 "dicentis
1661 5277 1674 5311 :
1709 5259 1811 5324 Qui
1854 5275 1957 5312 nou
1991 5267 2184 5327 sponte

633 5357 922 5420 interfecit,
974 5356 1131 5410 annis
1173 5355 1418 5408 undecim
1459 5369 1561 5405 non
1600 5353 1668 5404 sit
1717 5363 2182 5404 sacramentorum

633 5451 924 5520 particeps;
981 5449 1165 5500 dicunt
1218 5437 1434 5512 quidam
1512 5445 1928 5497 involuntariam
1984 5442 2182 5496 cmdem

631 5549 937 5612 perpetrare
965 5553 1107 5602 eam,
1136 5551 1252 5604 qua:
1278 5539 1397 5589 data
1427 5551 1588 5602 opera
1637 5535 1826 5598 fetum,
1857 5536 1948 5601 qui
1985 5542 2103 5587 erat
2131 5535 2181 5587 in

631 5649 802 5699 utero,
835 5634 1092 5702 corrupit.
1126 5632 1254 5685 Mihi
1292 5643 1465 5684 autent
1505 5633 1735 5694 videtur,
1771 5645 1887 5684 eam
1935 5630 2185 5683 \nluula-

634 5729 765 5782 riam
815 5737 1026 5791 quoque
1074 5725 1272 5779 caedem
1318 5735 1648 5793 perpetrare,
1704 5735 1759 5777 ut
1807 5725 1906 5777 hoc
1959 5740 2022 5778 ex
2083 5723 2187 5776 fine

2285 4728 2379 4782 τοῦ
2410 4734 2458 4798 η’
2489 4729 2708 4789 κανόνος
2738 4729 2835 4797 τῆς
2872 4728 3152 4797 παρούσης
3184 4728 3472 4797 ἐπιστολῆς
3493 4743 3509 4760 ο
3553 4729 3648 4780 καὶ
3679 4728 3875 4798 μάθῃς

2286 4822 2359 4883 ὡς
2418 4821 2478 4872 ού
2540 4821 2672 4889 μόνη
2704 4821 2736 4886 ἡ
2766 4818 3036 4887 φθείρασα
3066 4818 3124 4870 τὸ
3169 4817 3410 4887 ἔμϐρυον
3462 4817 3755 4873 ὑπόκειται
3794 4823 3875 4890 τῷ

2288 4911 2553 4980 κανονικῷ
2592 4909 2684 4962 τοῦ
2717 4910 2919 4978 φονέως
2974 4910 3257 4978 ἐπιτιμίῳ,
3288 4908 3421 4961 ἀλλὰ
3447 4910 3541 4963 καὶ
3576 4912 3608 4977 ἡ
3641 4910 3874 4964 διδοῦσα

2288 5002 2660 5072 ἐμϐρυοκτόνα
2701 5000 3026 5071 δηλητήρια,
3064 4999 3158 5051 καὶ
3206 5001 3238 5068 ἡ
3285 4998 3507 5068 ἔχουσα,
3541 5001 3636 5052 καὶ
3681 5002 3714 5068 ή
3770 5001 3867 5055 λαο

2289 5091 2476 5156 ϐοὖσα,
2513 5090 2614 5142 κᾶν
2653 5089 2726 5158 μὴ
2771 5089 3007 5158 φονεύσῃ
3039 5088 3100 5142 τὸ
3129 5087 3390 5158 ἔμϐρυον.
3423 5089 3531 5142 Τοῦ
3565 5090 3622 5142 δὲ
3657 5093 3873 5160 παρόν-

2291 5199 2378 5242 τος
2409 5182 2627 5243 κανόνος
2655 5180 2742 5232 διὰ
2769 5180 3049 5247 ἐπιτιμίου
3078 5179 3365 5243 δεκαετίας
3391 5180 3724 5245 κολάζοντος
3765 5183 3873 5254 τὴν

2290 5274 2543 5343 τοιαύτην
2575 5276 2806 5341 γυναῖκα
2847 5274 3154 5334 ἀκολούθως
3187 5274 3265 5343 τῷ
3301 5273 3386 5327 κα¹
3433 5278 3619 5329 κανόνι
3658 5282 3761 5348 τῆς
3807 5284 3870 5334 ἐν

2303 5366 2545 5435 Ἀγκύρα
2599 5365 2837 5426 συνόδου,
2869 5367 2963 5418 καὶ
3016 5363 3111 5417 τοῦ
3168 5364 3244 5429 νζ⁴
3295 5368 3519 5430 κανόνος
3553 5368 3650 5422 τοῦ
3706 5371 3872 5436 ἁγίου

2293 5458 2574 5510 Βασιλείου
2616 5458 2866 5524 λέγοντος
2909 5457 3049 5510 οὕτω
3098 5457 3301 5526 ῥητῶς,
3345 5459 3403 5511 '0
3449 5461 3726 5523 ἀκουσίως
3772 5480 3864 5530 φο-

2291 5547 2484 5608 νεύσας
2514 5546 2702 5598 ἓνδεκα
2750 5546 2925 5598 ἔτεσιν
2960 5549 3323 5618 ἀκοινώνητος
3375 5549 3531 5600 ἔσται
3567 5551 3680 5602 τῶν
3715 5553 3864 5618 ἁγια-

2294 5638 2551 5705 σμάτων·
2581 5637 2798 5698 λέγουσί
2853 5655 2996 5700 τινες
3041 5639 3294 5690 ἀκούσιον
3322 5639 3482 5706 φόνον
3528 5641 3869 5710 ἁμαρτάνειν

2289 5725 2388 5792 τὴν
2439 5725 2736 5793 φθείρασαν
2791 5726 2908 5778 κατ’
2969 5726 3310 5793 ἐπιτήδευσιν
3363 5727 3424 5780 τὸ
3473 5731 3868 5794 παρὴταύτης
