4018 6460
547 341 645 404 591

1805 340 1902 399 ΤΗ
1914 340 2082 399 ΕΟῙ).
2113 336 2511 400 BALSAMON

3684 343 3796 404 592

543 458 711 511 nebit.
743 458 853 511 Nos
881 468 1078 523 autem,
1119 456 1294 528 inquit
1344 467 1580 519 sanctus,
1617 457 1660 510 si
1686 457 1997 510 ciTormatus
2024 455 2098 508 fe-

2237 456 2429 523 ἱολογία
2485 459 2541 510 δὲ
2609 459 3112 528 ἐκμεμορφωμένου
3172 462 3266 512 καὶ
3345 457 3797 524 ἀδεξεικονίστου

541 559 649 611 tus,
685 564 750 600 au
782 549 1054 610 informis,
1093 565 1198 605 non
1235 550 1449 603 curiose
1473 559 1798 602 scrutamur.
1839 547 1972 600 Sunt
1999 549 2109 598 haec

539 640 800 706 siquidem
833 641 884 692 iu
919 640 1054 694 libro
1085 641 1252 696 Exodi
1282 642 1594 708 consignata
1622 657 1637 695 :
1670 638 1728 692 Si
1758 640 1861 691 duo
1897 637 2113 703 viripo-

539 741 715 797 gnent,
736 748 794 784 ac
807 743 1159 801 prwgnautem
1183 734 1448 787 mulierem
1467 733 1780 801 percutiant,
1803 740 1850 782 et
1873 745 2108 798 egressus

538 822 697 889 fuerit
731 823 913 891 infans
964 841 1064 877 non
1111 827 1394 894 formatus,
1434 841 1497 878 ea
1537 841 1685 892 paena
1720 823 2106 885 multabumur,

536 931 695 982 quam
741 918 974 969 mulieris
1016 917 1239 968 maritus
1278 918 1608 984 imposuerit.
1650 916 1746 968 Sin
1793 923 1968 966 autem
1997 913 2107 979 for-

537 1010 711 1053 matus
759 1001 944 1068 fuerit,
981 1002 1127 1054 dabit
1160 1003 1397 1055 animam
1437 1017 1530 1065 pro
1582 1002 1786 1053 anima.
1843 998 2108 1063 Quoniam

539 1093 704 1162 igitur
739 1095 959 1159 antiqua
984 1094 1092 1158 lex,
1121 1108 1241 1147 cum
1275 1095 1412 1148 fetus
1436 1093 1654 1162 quidem
1681 1092 1914 1144 nondum
1945 1089 2111 1143 εποι-

539 1194 714 1236 matus
757 1194 896 1246 erat,
922 1184 1168 1253 abortus,
1200 1185 1572 1252 pecuniariam
1607 1181 1830 1234 multam
1867 1181 2112 1249 impone-

539 1276 652 1338 bat,
685 1290 807 1327 cum
841 1290 969 1329 vero
1021 1286 1137 1329 erat
1162 1278 1468 1335 formatus,—
1492 1277 1600 1329 vita
1654 1274 1934 1341 puniebat,
1971 1272 2107 1325 muri

530 1363 727 1426 iubens
769 1376 888 1418 eum
920 1367 1015 1434 qui
1062 1365 1343 1419 mulierem
1372 1365 1732 1428 verberasset,
1778 1362 1915 1416 facta
1950 1359 2107 1426 hujus

538 1457 670 1525 legis
701 1458 993 1522 nentione,
1024 1456 1151 1521 Nos,
1199 1457 1372 1525 inquit
1403 1463 1645 1518 sanctus,
1681 1455 1884 1508 nullum
1915 1454 2108 1506 discrio

537 1564 658 1603 men
714 1551 1024 1608 statuimus.
1061 1551 1178 1602 sive
1227 1549 1458 1602 tenuata
1502 1548 1609 1603 sint
1648 1546 2102 1616 qua-ejiciuntur,

534 1643 648 1695 sive
699 1641 950 1695 informia
982 1664 995 1708 ;
1027 1657 1125 1696 nec
1157 1643 1300 1695 enim
1355 1641 1722 1710 pecuniariam
1758 1639 1976 1694 multum
2013 1637 2108 1690 de-

534 1732 828 1797 cernimus,
863 1733 956 1784 sed
986 1733 1147 1784 caedis
1170 1746 1310 1797 eam,
1337 1747 1455 1798 qua:
1490 1731 1539 1784 id
1562 1731 1816 1800 patravit,
1844 1728 2100 1782 condem-

534 1837 747 1884 namus,
779 1833 886 1875 tum
921 1828 988 1875 ob
1026 1823 1189 1875 letum
1215 1833 1546 1892 corruptum,
1574 1832 1683 1876 tum
1719 1825 1787 1876 ob
1819 1821 2098 1875 mulierem

535 1933 561 1966 ιι
591 1929 693 1982 qua
730 1919 772 1968 is
804 1914 1032 1982 ejeclus,
1078 1915 1340 1983 siquidem
1387 1930 1506 1971 cum
1544 1915 1652 1969 fetu
1681 1916 1848 1983 ipsam
1885 1929 2099 1984 quoque

537 2006 757 2059 interire
791 2021 931 2074 satpe
957 2007 1235 2075 contingit.

605 2183 828 2238 ARIST.
871 2183 999 2248 Quae
1032 2184 1096 2238 de
1123 2184 1388 2237 industria
1429 2183 1596 2239 fetum
1628 2184 1890 2253 corrupit,
1922 2200 2100 2254 quan-

537 2278 818 2344 docunque
849 2278 1171 2345 corruperit,
1215 2277 1504 2331 homicidio
1539 2287 1778 2331 tenetur.

604 2366 835 2422 Gratida
866 2368 1294 2435 quandocumque
1324 2382 1585 2420 venenum
1621 2368 1891 2436 acceperit
1929 2367 1992 2420 ad
2019 2366 2097 2420 fe-

538 2469 646 2513 tum
673 2457 1051 2520 auferendum,
1081 2458 1356 2511 homicidii
1393 2473 1476 2512 rea
1511 2469 1613 2520 est,
1642 2470 1822 2511 etnon
1849 2470 2100 2510 accurate

534 2550 909 2603 examiuamus
959 2561 1027 2598 an
1076 2547 1219 2600 fetus
1263 2545 1510 2600 informis
1562 2548 1633 2600 sit
1681 2557 1771 2599 aut
1809 2546 2096 2610 formatus,

535 2639 784 2706 quoniam
820 2635 1135 2704 plerumque
1161 2652 1262 2688 una
1298 2651 1420 2690 cum
1449 2636 1555 2690 fetu
1600 2638 1867 2690 intereant
1892 2649 1944 2691 et
1979 2653 2100 2689 mu-

535 2728 719 2792 lieres,
751 2740 804 2780 et
830 2735 1086 2794 quantum
1123 2726 1186 2777 ad
1211 2742 1393 2779 earum
1421 2727 1873 2780 existimationem
1906 2728 2098 2796 duplex

535 2818 628 2870 tiat
651 2817 1022 2881 homicidium,
1049 2832 1210 2868 unum
1237 2818 1450 2883 quidem
1477 2817 1725 2885 gravidae,
1753 2817 1892 2869 aliud
1922 2827 2098 2870 autem

535 2906 696 2960 fetus.
733 2905 891 2960 Tales
929 2907 1110 2973 itaque
1144 2907 1328 2960 decem
1377 2922 1546 2960 annos
1597 2910 1770 2975 pennis
1807 2907 2100 2974 subjicien-

538 3014 656 3065 tur,
720 3001 854 3054 duos
896 3003 1112 3068 quidem
1182 3014 1353 3053 annos
1399 2998 1692 3061 deﬂentes,
1751 3012 1857 3054 tres
1917 3010 2095 3052 autem

2215 547 2347 616 παρ’
2380 549 2508 615 ἡμῖν
2534 553 2632 601 οὑκ
2660 549 2833 616 ἐστιν,
2863 551 2967 619 ἔφη
3013 555 3040 603 6
3083 552 3268 618 ἅγιοςο
3295 551 3433 604 διότι
3468 552 3694 620 εἴρηται
3730 550 3794 600 ἐν

2213 641 2277 705 τῇ
2313 638 2482 708 βίϐλῳ
2513 641 2608 706 τῆς
2645 639 2857 703 Ἐξάδου
2894 642 3064 694 ταῦτα
3087 658 3102 673 ⁸
3135 642 3278 695 Ἐὰν
3307 643 3627 711 μάχωνται
3673 641 3794 694 δύο

2214 730 2427 795 ἄνδρες
2456 730 2551 780 καὶ
2588 729 2895 790 πατὰεωσι
2939 733 3195 799 γυναῖκα
3240 735 3308 787 ὲν
3352 733 3575 802 γαστρὶ
3617 733 3801 801 ἔχου-

2213 836 2354 882 σαν,
2385 820 2483 872 καὶ
2521 820 2738 887 ἐξέλθῃ
2773 822 2836 875 τὸ
2878 823 3120 876 παιδίον
3143 826 3230 892 μὴ
3262 826 3798 893 ἐξεικονισμένον,

2213 911 2516 980 ἐπιζήμιον
2547 913 2976 981 ζημιωθήσεται
3013 920 3282 972 καθόσον
3305 919 3382 972 ἂν
3423 918 3736 982 ἐπιϐάλλῃ
3766 921 3799 968 d

2213 1003 2366 1069 ἀνὴρ
2396 1002 2503 1068 τῆς
2547 1007 2850 1071 γυναικός.
2889 1007 3030 1059 Ἐὰν
3069 1008 3137 1059 δὲ
3179 1009 3688 1077 ἐξεικονισμένον
3732 1002 3800 1076 ᾗ.

2214 1093 2392 1144 δώσει
2440 1093 2656 1162 ψυχὴν
2703 1095 2839 1148 ἀντὶ
2890 1099 3122 1165 ψυχῆς.
3160 1100 3281 1152 Ὅτι
3329 1099 3462 1164 γοῦν
3498 1101 3526 1151 6
3558 1099 3801 1160 παλαιὸς

2213 1183 2398 1249 νόμος,
2446 1185 2532 1236 ὅτε
2592 1185 2690 1252 μὲν
2747 1187 2822 1255 μὴ
2885 1186 3318 1258 ἐξεικρνισρένον
3375 1192 3639 1259 ἧμὸὶωτο
3693 1191 3803 1258 ἔμε

2213 1273 2398 1342 ϐρυον,
2429 1277 2509 1336 εἰς
2537 1276 2795 1344 χρήματα
2827 1276 3082 1347 ἐζημίου,
3107 1281 3194 1331 ὅτε
3215 1280 3270 1332 δὲ
3304 1277 3372 1349 ἦν
3414 1278 3804 1348 ἐξεικονισμέο

2211 1381 2322 1426 νον,
2355 1368 2434 1427 είς
2463 1365 2644 1435 ψυχὴν
2700 1368 3024 1431 κατεδίκαζε
3081 1369 3343 1439 θνήσκειν
3389 1374 3482 1423 τὶν
3535 1371 3640 1435 τὴν
3698 1389 3802 1437 γυο

2211 1455 2369 1505 ναῖκα
2407 1456 2756 1518 πατάξαντα·
2803 1456 2995 1510 τούτου
3048 1457 3141 1510 τοῦ
3207 1459 3376 1527 νόμου
3431 1460 3706 1529 μνησθεὶς
3771 1463 3802 1512 6

2210 1544 2365 1606 ἅγιος
2422 1545 2524 1613 ἔφη
2577 1547 2658 1597 ὃτι
2708 1546 2896 1616 Ἡμεῖς
2947 1547 3006 1599 ού
3068 1549 3335 1618 διαφορὰν
3391 1551 3618 1619 ἔχομεν,
3681 1552 3802 1601 εἴτε

2209 1636 2684 1703 ἐκμεμοριρωμένα
2733 1639 2841 1689 εἰσὶ
2875 1639 2941 1690 τὰ
2990 1639 3428 1707 ἁποὸαλλόμενα,
3461 1641 3576 1692 εἴτε
3609 1640 3804 1708 ἀμόρ-

2209 1743 2381 1792 φωτα,
2439 1729 2513 1779 Ού
2575 1730 2681 1798 γὰρ
2741 1731 3003 1800 χρήματα
3051 1732 3380 1801 ζημιοῦμεν,
3416 1733 3554 1785 ἀλλὰ
3624 1734 3799 1799 φόνου

2206 1816 2462 1884 κρίομεν
2510 1819 2606 1887 τὴν
2656 1818 2812 1871 τοῦτο
2848 1823 3149 1890 ποιήσασαν
3188 1823 3276 1874 διά
3323 1839 3382 1874 τε
3431 1821 3530 1892 τὴν
3560 1823 3658 1874 τοῦ
3693 1823 3802 1891 ἐμ-

2205 1909 2370 1978 ϐρύου
2407 1909 2614 1977 φθορὰν
2641 1912 2734 1964 καὶ
2758 1911 2845 1964 διὰ
2875 1910 2970 1980 τὴν
3004 1911 3159 1963 τοῦτο
3184 1913 3630 1974 ἀποϐάλλουσαν,
3662 1917 3796 1966 ἐπεὶ

2205 1999 2495 2068 συμϐαίνει
2551 1999 2811 2063 πολλάκις
2863 2001 2940 2070 τῷ
2991 2002 3217 2072 ἐμϐρύῳ
3268 2003 3797 2073 συνδιαφθειιιεσθαι.

2202 2090 2299 2142 καὶ
2326 2091 2520 2158 αὑτήν.

2268 2179 2493 2231 ΔΡΙΣΤ.
2542 2180 2675 2232 Κατ’
2717 2182 3064 2252 ἐπιτήδευσιν
3095 2184 3384 2253 φθείρασα,
3410 2185 3497 2237 ὅτε
3531 2186 3599 2238 ἂν
3634 2187 3801 2254 φθεί-

2205 2286 2306 2339 ροι,
2339 2271 2649 2339 φονεύτρια.

2285 2363 2348 2414 Ἠ
2394 2364 2797 2432 ἐγκυμονοῦσα,
2836 2368 3036 2419 ὁπόταν
3087 2368 3151 2419 ἂν
3192 2368 3410 2439 δέξηται
3450 2371 3789 2440 φάρμακον,

2199 2457 2292 2507 ἐπὶ
2326 2457 2384 2509 τὸ
2413 2455 2624 2510 ἀνελεῖν
2670 2460 2727 2510 τὸ
2768 2459 3273 2528 ἐγκυμονούμενον,
3309 2462 3603 2530 φονεύτριά
3645 2465 3794 2517 ἐστι.

2202 2547 2312 2598 Καὶ
2337 2549 2436 2599 οὐκ
2471 2547 2954 2616 ἀκριϐολογοῦμεν,
2985 2551 3037 2600 εῖ
3065 2566 3127 2615 γε
3156 2551 3596 2614 ἁνεξεικόνιστον
3631 2547 3704 2619 ἦν
3730 2554 3799 2602 τὸ

2201 2637 2458 2706 ἔμϐρυον,
2496 2638 2528 2706 ἢ
2567 2640 2660 2689 καὶ
2725 2640 3158 2706 μεμορφωμένον
3189 2655 3202 2668 ’
3257 2640 3392 2692 διότι
3451 2641 3526 2702 ὡς
3568 2643 3666 2693 ἐπὶ
3725 2643 3795 2693 τδ

2201 2729 2334 2780 πολὺ
2367 2728 2873 2797 συναποθνῄσκουσι
2910 2729 2987 2797 τῷ
3017 2729 3244 2800 ἐμϐρύῳ
3271 2731 3368 2782 καὶ
3397 2732 3452 2782 αἱ
3486 2735 3785 2798 γυναῖκες·

2202 2815 2295 2868 καὶ
2331 2817 2452 2867 ὅσον
2484 2816 2624 2868 κατὰ
2651 2815 2747 2886 τὴν
2772 2817 3015 2870 ἐπίνοιαν
3061 2817 3242 2869 αὐτῶν
3273 2818 3366 2870 δύο
3394 2819 3644 2886 γίνονται
3681 2821 3790 2887 φό-

2200 2923 2299 2969 νοι,
2326 2903 2406 2967 εἷς
2459 2906 2576 2972 μὲν,
2625 2907 2652 2957 6
2686 2907 2784 2973 τῆς
2807 2906 3118 2976 τικτούσης,
3159 2908 3344 2978 ἔτερος
3390 2910 3446 2960 δὲ
3481 2911 3509 2960 6
3541 2910 3636 2962 τοῦ
3679 2913 3790 2979 ἐμ-

2201 2995 2390 3066 ϐρύου.
2435 2996 2557 3047 Ἐπὶ
2603 2997 2732 3048 δέκα
2765 2996 2898 3061 γοῦν
2951 2997 3130 3049 ἐτεσιν
3177 2999 3233 3050 αι
3295 2999 3545 3053 τοιαῦται
3602 3003 3795 3054 ἐπιτιο

535 3107 706 3146 annos
731 3107 850 3146 cum
884 3090 1227 3144 audientibus
1271 3102 1516 3159 agentes,
1552 3099 1782 3157 quatuor
1811 3091 2092 3153 substrati,

2237 3087 2428 3147 ,ὧνται,
2474 3086 2566 3138 δύο
2615 3087 2712 3155 μὲν
2761 3088 2855 3154 ἔτη
2907 3089 3356 3156 προσκλαίουσαι,
3395 3091 3520 3161 τρία
3573 3092 3633 3145 δὲ
3685 3094 3794 3162 ἔτη

534 3194 587 3237 et
623 3198 760 3237 anno
791 3197 912 3237 cum
942 3181 1184 3236 ﬁdelibus
1217 3180 1518 3244 constituti,
1542 3190 1595 3234 et
1629 3181 1708 3234 sic
1751 3191 1868 3246 post
1898 3181 2097 3234 decen.

534 3277 681 3329 nium
709 3277 1011 3330 divinorum
1066 3285 1524 3330 sacramentorum
1577 3275 1866 3343 participes
1916 3284 2094 3329 erunt.

1057 3544 1159 3614 53
1203 3542 1431 3598 CANON
1480 3543 1565 3596 ιιι.

537 3641 810 3696 Diaconus
839 3647 962 3708 post
1005 3638 1348 3691 diaconatum
1383 3634 1698 3699 fornicatus,
1743 3647 1770 3686 a
1811 3633 2096 3688 diaconatu

607 3731 826 3799 quidem
871 3729 1116 3796 ejicietur
1153 3771 1167 3794 ,
1199 3729 1251 3780 iu
1288 3728 1546 3780 laicorum
1585 3735 1761 3776 autem
1803 3724 1977 3777 locum
2010 3739 2101 3776 ex-

599 3829 801 3883 trusus,
847 3833 875 3870 a
927 3817 1312 3872 communione
1345 3831 1453 3870 non
1502 3816 1772 3868 arcebitur
1804 3832 1814 3864 :
1842 3814 2094 3882 quoniam

595 3911 851 3978 antiquus
890 3916 972 3962 est
1017 3923 1211 3971 canon,
1239 3916 1297 3961 ut
1327 3908 1415 3974 qui
1461 3921 1489 3958 a
1544 3907 1710 3972 gradu
1751 3905 2090 3963 exciderunt,

603 4002 727 4055 huic
769 4001 870 4054 soli
915 3998 1211 4068 puuitimiis
1263 3997 1445 4066 generi
1495 3996 1852 4063 Subjiciautur
1907 4008 1920 4043 :
1961 3992 2096 4044 auti-

602 4094 753 4162 quis,
799 4103 855 4144 ut
887 4089 1161 4151 existimo,
1193 4092 1358 4158 legem
1397 4087 1540 4138 illum
1576 4087 1800 4147 secutis,
1832 4085 1942 4137 Νοιι
1981 4085 2098 4136 viu-

604 4183 815 4238 dicahis
870 4183 952 4235 bis
992 4182 1044 4232 in
1082 4180 1309 4246 idipsum
1346 4196 1356 4228 :
1395 4187 1446 4227 cl
1494 4178 1652 4229 etiam
1695 4185 1911 4243 propter
1940 4174 2096 4225 aliam

601 4289 840 4338 causam,
879 4272 1022 4340 quod
1062 4271 1149 4339 qui
1181 4279 1305 4323 sunt
1339 4269 1552 4336 quidem
1599 4269 1649 4319 in
1704 4268 1894 4318 ordine
1940 4263 2096 4325 laico,

603 4384 631 4420 a
682 4366 804 4418 loco
849 4364 1087 4416 [idolium
1136 4361 1314 4429 ejecti,
1362 4375 1547 4413 rursus
1601 4359 1652 4410 in
1700 4372 1844 4421 cum,
1884 4371 1947 4408 ex
1991 4369 2100 4423 quo

603 4457 933 4518 ceciderunt,
995 4454 1172 4506 locum
1239 4452 1589 4519 recipiuntur.
1651 4449 1915 4500 Diaconos
1969 4431 2173 4498 veroo

602 4554 763 4604 semel
799 4546 982 4609 habet,
1003 4542 1142 4611 quod
1170 4541 1418 4604 suﬂiciat,
1443 4541 1792 4608 depositionis
1815 4537 2096 4604 judicium.

606 4635 1044 4706 Quandoquidem
1072 4649 1200 4704 ergo
1233 4647 1338 4686 non
1370 4632 1674 4684 reddendus
1720 4630 1767 4680 ei
1814 4630 1883 4679 sit
1911 4628 2097 4678 diaco-

611 4739 790 4793 natus,
816 4729 865 4780 iu
899 4742 961 4780 ea
990 4727 1103 4780 sola
1123 4725 1402 4794 punitione
1422 4729 1708 4775 steterunt.
1739 4717 1861 4770 Ilaec
1883 4718 2098 4783 quidem

608 4828 734 4872 sunt
767 4833 883 4886 qua:
911 4831 972 4869 ex
995 4814 1466 4870 constitutionibus
1485 4813 1770 4864 habentur.
1804 4806 1860 4859 lu
1888 4821 2098 4860 summa

611 4919 790 4960 autem
847 4908 1025 4960 verior
1072 4904 1336 4958 inedicina
1373 4911 1456 4955 est
1499 4916 1748 4956 recessus
1782 4915 1810 4950 a
1850 4909 2100 4966 peccato.

609 4999 787 5065 Quare
813 4999 904 5066 qui
931 5008 1147 5066 propter
1176 4997 1357 5050 carnis
1403 4993 1731 5061 voluptatem
1762 4991 1987 5059 gratiam
2021 4989 2101 5039 vi-

615 5092 852 5162 lipendit,
897 5105 990 5158 per
1047 5091 1228 5143 carnis
1273 5088 1622 5143 amictionem
1671 5094 1724 5139 et
1758 5086 2101 5152 omnigenum

603 5201 666 5238 cx
702 5184 1066 5250 temperantia:
1109 5181 1421 5247 praascripto
1451 5179 1762 5233 servitutem
1800 5190 1828 5227 a
1858 5175 2102 5240 volupta-

613 5278 753 5329 "bus
800 5274 1057 5328 recedens
1103 5287 1130 5324 a
1171 5272 1371 5340 quibus
1418 5270 1522 5323 fuit
1561 5279 1924 5336 oppugnatus,
1979 5281 2104 5334 per-

604 5367 792 5416 iectam
847 5376 958 5415 sua:
1013 5361 1313 5413 curationis
1366 5357 1884 5410 demonstrationem
1949 5351 2105 5406 nobis

605 5455 895 5510 exhibebit.
951 5452 1058 5506 Nos
1085 5466 1212 5519 ergo
1257 5459 1545 5514 utrumque
1593 5446 1733 5498 scire
1771 5453 2004 5512 oportet,
2049 5451 2104 5495 et

609 5563 726 5616 qua:
769 5555 894 5599 sunt
925 5543 1122 5596 summi
1171 5541 1332 5607 juris,
1379 5534 1432 5592 et
1483 5552 1602 5605 quae
1645 5545 1769 5588 sunt
1815 5544 2104 5589 consuetu—

612 5639 750 5690 diuis
783 5654 795 5688 ε
830 5633 979 5703 sequi
1010 5647 1187 5686 autem
1223 5632 1272 5684 in
1310 5631 1396 5694 iis,
1423 5643 1537 5696 qua
1574 5641 1841 5682 summmn
1872 5625 1958 5695 jUs
1993 5640 2098 5677 nou

604 5731 909 5793 admittunt,
940 5724 1166 5778 formam
1197 5722 1470 5778 traditam.

2202 3174 2570 3244 ἀκροωμένοις
2602 3175 2963 3240 διατελοῦσαι,
2995 3179 3051 3229 ἐν
3094 3179 3388 3248 τέσσαρσιν
3434 3182 3796 3236 ὑποπίπτου-

2204 3281 2312 3328 σαι,
2345 3265 2432 3316 καὶ
2461 3266 2517 3316 ἐν
2543 3266 2772 3334 ἐνιαυτῷ
2811 3269 3197 3335 συνιστάμεναι
3230 3272 3344 3330 τοῖς
3398 3276 3608 3334 πιστοῖς
3633 3290 3647 3303 ·
3686 3285 3795 3326 και

2201 3353 2342 3408 οὓτω
2373 3355 2510 3422 μετὰ
2539 3356 2628 3406 τὸν
2666 3356 2898 3424 δεκαετῆ
2947 3359 3138 3426 χρόνον
3165 3359 3273 3411 τῶν
3301 3359 3462 3413 θείων
3491 3363 3786 3434 ἁγιασμά-

2202 3461 2310 3497 των
2344 3445 2682 3514 μεθέξουσιν.

2817 3541 3054 3594 ΚΑΝΩΝ
3089 3543 3156 3598 Γ’.

2203 3633 2452 3693 Διάκονος
2495 3633 2628 3700 μετὰ
2658 3632 2755 3699 τὴν
2793 3633 3067 3686 διακονίαν
3101 3636 3428 3704 πορνεύσας,
3467 3639 3794 3708 ἀπᾷϐλητος

2278 3723 2376 3791 μὲν
2405 3722 2503 3788 τῆς
2537 3722 2810 3783 διακονίας
2841 3721 3034 3774 ἔσται’
3080 3726 3156 3786 είς
3189 3726 3243 3776 δὲ
3285 3727 3378 3777 τὶν
3423 3727 3535 3777 τῶν
3564 3729 3789 3783 λμῖκῶν

2272 3814 2545 3872 ἀπωσθεὶς
2575 3813 2759 3876 τόπον,
2789 3813 2885 3880 τῆς
2915 3815 3200 3876 κοινωνίας
3241 3817 3339 3867 ούκ
3367 3817 3740 3885 είρχθήσεται
3773 3837 3790 3851 ⁸

2271 3903 2404 3954 διότι
2440 3904 2661 3970 ἀρχαῖός
2709 3904 2824 3953 ἐστι
2882 3904 3083 3968 κανὼν,
3114 3906 3243 3965 τοὺς
3290 3907 3400 3958 ἀπὸ
3430 3908 3650 3976 βαθμῖῧ
3684 3929 3792 3962 πε-

2273 3991 2576 4051 πτωκότας,
2609 3991 2782 4058 τούτῳ
2835 3991 2982 4057 μόνῳ
3017 3992 3092 4059 τῷ
3133 3993 3317 4060 τρόπῳ
3363 3995 3458 4060 της
3495 3997 3792 4060 κολάσεως

2272 4079 2692 4134 ύποόἁλλεσθαι”
2727 4081 3339 4149 ἁκολουθησάντων,-ὡς
3367 4077 3542 4149 οἶμαι,
3571 4085 3684 4136 τῶν
3718 4087 3789 4151 ἐξ

2272 4177 2442 4245 ἀρχῆς
2491 4173 2566 4243 τῷ
2605 4173 2754 4243 νόμῳ
2801 4173 2994 4240 ἐκείνῳ
3043 4172 3140 4241 τῷ,
3174 4174 3287 4224 Ούκ
3329 4173 3643 4241 ὲκδικήσεις
3701 4177 3794 4239 δίς

2274 4269 2366 4321 ἐπὶ
2395 4268 2454 4318 τὸ
2503 4267 2654 4320 αύτόο
2714 4266 2809 4317 καὶ
2855 4265 2920 4316 δι’
2951 4265 3142 4334 ἑτέραν
3166 4264 3221 4316 δὲ
3253 4264 3429 4316 αἰτίαν
3461 4265 3544 4317 ὅτι
3581 4267 3630 4317 οἱ
3681 4268 3795 4336 μὲν

2274 4361 2329 4410 ἐν
2365 4353 2439 4426 τῷ
2481 4356 2652 4424 λαῐκῲ
2705 4357 2856 4418 ὄντες
2909 4355 3174 4423 τάγματι,
3220 4353 3620 4422 ἐκϐεϐλημένοι
3686 4357 3792 4407 τοῦ

2268 4449 2436 4499 τόπου
2467 4448 2573 4499 τῶν
2605 4446 2830 4508 πιστῶν,
2863 4446 3026 4498 πάλιν
3050 4446 3130 4507 είς
3170 4445 3260 4496 τὸν
3292 4444 3387 4511 ἀφ’
3417 4439 3478 4495 οὗ
3511 4445 3791 4508 ἐξέπεσον

2268 4539 2433 4592 τόπον
2490 4539 2961 4607 ἀναλαμϐάνονται
2983 4553 2997 4568 ο
3026 4539 3053 4588 6
3085 4538 3142 4589 δὲ
3173 4538 3417 4598 διάκονος
3461 4535 3607 4600 ἅπαξ
3669 4535 3797 4606 ἔχει

2273 4630 2468 4699 διαρκῆ
2515 4629 2613 4699 τὴν
2643 4629 2799 4697 δίκην
2840 4631 2936 4694 τῆς
2966 4628 3359 4696 καθαιρέσεως.
3405 4628 3499 4688 Ὠς
3543 4626 3636 4677 οὖν
3684 4629 3797 4681 οὐκ

2272 4720 2662 4790 ἀποδιδομένης
2713 4719 2860 4788 αὐτῷ
2914 4720 3012 4787 τῆς
3061 4717 3382 4780 διακονίας,
3433 4719 3525 4769 ἐπὶ
3574 4716 3802 4784 ταύτης

2273 4811 2504 4880 ἔστησαν
2557 4811 2724 4879 μόνης
2774 4809 2875 4878 τῆς
2921 4809 3280 4876 ἐκδικήσεως.
3313 4806 3502 4859 Ταῦτα
3558 4808 3658 4875 μὲν
3693 4807 3802 4862 οὖν

2272 4902 2341 4953 τὰ
2363 4902 2425 4953 ἐκ
2448 4900 2556 4952 τῶν
2581 4901 2766 4952 τύπων
2792 4915 2805 4927 ·
2840 4899 3067 4953 καθόλου
3116 4898 3174 4950 δέ
3222 4897 3592 4966 ἀληθέστερόν
3632 4903 3804 4952 ἐστιν

2279 4991 2473 5060 ῐαμαή
2510 4991 2608 5058 τῆς
2666 4988 2938 5058 ἁμαρτίας
2988 4987 3378 5058 ἀναχώρησιςο
3434 4987 3576 5040 ὥστε
3625 4990 3656 5039 6
3700 4990 3801 5042 διὰ

2272 5079 2474 5148 σαρκὸς
2521 5078 2712 5147 ἡδονὴν
2756 5079 3025 5146 ἀθετήσας
3057 5077 3154 5146 τὴν
3185 5080 3370 5146 χάριν,
3396 5077 3488 5129 διὰ
3517 5075 3611 5128 τοῦ
3658 5094 3804 5129 συν-

2275 5169 2515 5239 τριμμοῦ
2549 5168 2644 5236 τῆς
2674 5170 2893 5236 σαρκὸς,
2926 5169 3020 5220 καὶ
3059 5169 3241 5236 πάσης
3276 5167 3654 5234 δουλαγωγίας
3691 5170 3803 5236 τῆς

2276 5261 2396 5313 κατ’
2454 5259 2800 5327 ἐγκράτειαν.
2847 5257 3093 5320 ἀποστὰς
3149 5258 3257 5309 τῶν
3302 5257 3530 5320 ἡδονῶν,
3567 5257 3663 5322 ὑφ’
3714 5256 3802 5310 ὼν

2275 5347 2882 5417 κατεστρὰρη,τελείαν
2905 5349 3037 5416 ἡμῖν
3069 5349 3292 5418 παρέξει
3316 5347 3415 5414 τῆς
3452 5345 3799 5416 ἰατρεύσειυς

2275 5441 2438 5494 αὐτοῦ
2461 5441 2558 5509 τὴν
2611 5438 2906 5502 ἀπόδειξιν.
2963 5441 3280 5510 Ἀμφότερα
3337 5438 3523 5491 τοίνυν
3575 5439 3796 5492 εἰδὲιαι

2282 5534 2429 5602 ἡμᾶς
2463 5533 2563 5596 δεῖ,
2601 5533 2783 5585 καὶτὰ
2819 5531 2916 5598 τῆς
2952 5529 3262 5598 ἀκριϐείας»
3293 5528 3484 5580 καὶτὰ
3526 5527 3628 5596 τῆς
3664 5546 3806 5580 συν-

2275 5624 2482 5692 ηθείας.
2533 5623 2756 5674 ἕπεσθαι
2812 5622 2867 5674 δὲ
2914 5621 3008 5673 ἐπὶ
3052 5619 3160 5672 τῶν
3210 5617 3286 5688 μὴ
3330 5617 3808 5689 καταδεξαμένων

2281 5717 2378 5784 τὴν
2415 5716 2691 5784 ἀκρότητα
2723 5712 2796 5783 τῷ
2830 5710 3189 5783 παραδοθέντι
3223 5708 3398 5777 τύπῳ.
