4018 6466
208 401 300 461 5⁸33

1115 404 1198 468 ΙΝ
1237 403 1476 469 EPIST.
1516 405 1578 467 S.
1609 404 1892 468 BASlLlI
1925 405 2361 471 CANONICAM
2393 411 2442 469 Ι.

3321 415 3424 476 594

271 510 462 562 ΒΔΛΣ.
507 511 570 562 Ὅ
602 511 701 578 μὲν
736 509 813 564 κε’
863 511 1212 577 ἁποστολικδς
1246 514 1423 568 κανὼν
1455 515 1548 569 καὶ
1570 516 1598 567 6
1627 530 1768 583 παρ-

1943 515 2134 572 BA‘LS.
2167 518 2468 577 Vicesimus
2497 522 2711 592 quidem
2743 524 2959 591 quintus
2991 540 3161 580 canon
3209 535 3430 590 aposto‘

205 603 274 654 ὼν
309 602 514 667 κανὼν,
548 605 677 674 περὶ
712 607 1015 659 ἐπισκόπου
1056 608 1152 662 καὶ
1187 608 1438 662 διακόνου
1477 608 1644 676 φασίν
1675 625 1689 641 ·
1743 611 1770 661 ὸ

206 697 256 748 δὲ
286 693 363 765 λβ¹
396 695 577 749 κανὼν
603 696 697 748 τοῦ
745 697 902 764 ἁγίου
931 699 1215 753 Βασιλείου
1244 699 1541 767 διορίζεται
1589 698 1771 754 πάντα

211 789 519 856 ἱερωμένον,
546 787 653 840 κᾶν
683 788 781 856 τὴν
811 788 946 858 πρὸς
974 789 1199 844 θάνατον
1222 792 1494 861 ἁμαρτίαν
1520 794 1767 863 ἁμάρτῃ.

208 875 581 946 καθαιρεῖσθαι
612 878 807 946 μόνον·
847 879 908 930 ού
942 879 1048 949 μὴν
1093 881 1187 934 καὶ
1216 881 1323 934 ἀπὸ
1356 883 1454 950 τῆς
1487 881 1773 946 κοινωνίας

209 968 309 1022 τῶν
365 968 596 1029 πιστῶν,
632 969 803 1036 ἤγουν
855 971 964 1023 ἀπὸ
1012 971 1105 1023 τοῦ
1153 971 1558 1038 ἐκκλησιάζειν,
1607 972 1774 1042 χωρί-

211 1060 410 1121 ζεσθαι.
462 1059 728 1113 Ἐνταῦθα
748 1059 806 1112 δέ
830 1077 995 1130 φησιν
1023 1063 1050 1113 6
1075 1061 1230 1128 ἅγιος
1253 1065 1346 1114 καὶ
1373 1062 1553 1126 αιτίας
1580 1063 1771 1117 τούτου

209 1151 298 1204 δύο
320 1167 336 1183 δ
379 1151 508 1220 μίαν
537 1152 641 1219 μιν
669 1151 753 1216 τὸ,
787 1153 900 1204 Οὐκ
935 1153 1242 1222 ὲκδικήσεις
1271 1154 1352 1215 δὶς
1375 1155 1468 1208 ἰπὶ
1497 1155 1576 1224 τῷ
1600 1156 1769 1226 αὐτῷ’

213 1243 397 1312 ἑτέραν
445 1241 500 1293 δὲ
543 1243 602 1295 τὸ
633 1244 758 1303 τοὺς
788 1242 1008 1306 λαῖκοῦς
1036 1244 1406 1308 ἐκπίπτοντας
1453 1246 1538 1299 διὰ
1590 1247 1775 1317 ἁμαρ-

211 1330 422 1401 τήματα
451 1331 552 1399 τῆς
575 1332 684 1384 τῶν
719 1333 925 1385 πιστῶν
961 1335 1274 1396 συστάσεως
1299 1335 1460 1388 πάλιν
1492 1336 1580 1389 διὰ
1612 1348 1777 1405 μετα-

212 1422 354 1484 νοίας
379 1422 858 1476 ἀποκαθίστασθαι
897 1427 977 1484 είς
1013 1426 1104 1478 τὸν
1140 1427 1305 1479 τόπον
1338 1427 1460 1480 ὅθεν
1493 1428 1772 1493 ἐξέπεσονο

211 1513 329 1570 τοὺς
383 1511 716 1580 ίερωμένους
770 1512 826 1565 δὲ
877 1515 1076 1582 μηκέτι
1121 1515 1519 1584 ἐπανέρχεσθαι
1566 1517 1645 1578 είς
1678 1517 1774 1585 τὴν

216 1604 532 1671 ἱερωσύνην,
588 1599 656 1673 ἦς
704 1604 1146 1658 ὲκπεπτώκασιν.
1206 1607 1292 1669 Ὠς
1355 1605 1448 1662 οὖν
1501 1609 1775 1677 ἀρκοῦσαν

215 1694 424 1762 ἔχοντες
472 1695 747 1764 τιμωρίαν
806 1697 947 1764 ὑπὲρ
995 1698 1092 1764 τῆς
1123 1698 1397 1767 ἁμαρτίας
1442 1700 1646 1759 αὐτῶν,
1675 1700 1776 1766 τὴν

215 1786 555 1856 καθαίρεσιν,
597 1786 698 1855 τῆς
756 1788 1039 1848 κοινωνίας
1083 1789 1182 1842 οὐκ
1246 1789 1546 1858 εἴργονται.
1617 1789 1775 1842 Ἀλλὰ

216 1875 403 1937 ταῦτα,
444 1876 601 1945 φησὶ,
644 1877 753 1927 τῶν
785 1875 972 1933 τύπων
1024 1876 1056 1945 ἢ
1102 1875 1211 1928 τῶν
1267 1878 1569 1930 κανονικῶν
1599 1880 1779 1931 διατα-

216 1965 464 2034 γμάτων.
511 1965 576 2019 Ἦ
601 1964 659 2018 δὲ
687 1965 894 2034 ἀληθὴς
943 1965 1154 2035 ἰατρεία
1186 1966 1284 2034 τῆς
1324 1968 1602 2037 ἁμαρτίας
1631 1970 1779 2023 ἐστὶν

215 2059 247 2126 ἡ
307 2058 368 2122 ἔξ
412 2057 585 2127 αὐτῆς
633 2057 1000 2128 ἀναχώρησις.
1059 2057 1174 2110 Κᾶν
1235 2059 1345 2128 γὰρ
1397 2061 1424 2112 6
1479 2060 1783 2130 πορνεύσας

218 2146 556 2217 καθαιρεθῇ,
613 2146 713 2200 οὐκ
779 2147 1142 2216 ἐπιτιμᾶσθαι
1194 2149 1344 2200 δοκεῖ
1398 2149 1782 2217 ἐνδεχομένως,

217 2239 352 2294 ὥστε
393 2240 490 2291 καὶ
522 2237 622 2307 τὴν
647 2239 754 2291 ἁπδ
784 2239 876 2291 τοῦ
905 2240 1039 2292 Θεοῦ
1073 2241 1256 2293 λαϐεῖν
1289 2240 1649 2308 συμπάθειαν,
1686 2242 1781 2291 ἐὰν

220 2336 306 2384 καὶ
334 2333 417 2384 ἔτι
443 2331 703 2401 ὲπιμείνῃ
738 2333 802 2400 τῇ
849 2332 1114 2401 ἁμαρτία,
1165 2334 1260 2385 καὶ
1317 2332 1434 2383 οὐδὲ
1487 2333 1556 2383 δι’
1592 2333 1785 2402 ἑτέρας

223 2422 517 2492 συντριόἧς
577 2423 877 2489 ἐξιλεοῦται
925 2426 1019 2478 τὸν
1077 2427 1229 2479 Θεόν.
1291 2427 1454 2480 Ὥστε
1507 2427 1712 2492 ὀφείλει
1761 2427 1788 2476 6

227 2513 406 2581 ίατρδς
455 2515 569 2576 τοῖς
597 2513 852 2582 ψυχικοῖς
909 2516 1072 2569 αὑτοῦ
1107 2517 1418 2586 τραύμασιν
1445 2517 1643 2569 ειδέναι
1684 2516 1784 2584 μὲν

225 2601 312 2656 καὶ
337 2601 437 2670 τὴν
466 2601 777 2669 ἀκρίϐειαν,
801 2603 967 2673 ἧγουν
1005 2604 1102 2673 τὴν
1142 2605 1231 2657 διὰ
1281 2606 1378 2672 τῆς
1412 2605 1790 2674 καθαιρέσεως

227 2696 445 2748 κόλασιν
473 2695 568 2747 τοῦ
605 2695 963 2767 πορνεύοντος
995 2695 1263 2766 κληρικοῦ
1288 2709 1301 2724 ’
1341 2697 1413 2764 μὴ
1473 2695 1789 2748 ἁκολουθείν

226 2785 278 2837 δὲ
314 2785 490 2857 ταύτῃ
523 2787 580 2851 ἐξ
612 2787 880 2857 ἀνάγκης,
905 2789 997 2842 καὶ
1027 2789 1118 2842 τὸν
1149 2789 1286 2858 μετὰ
1324 2789 1422 2858 τὴν
1465 2788 1786 2857 καθαίρεσιν

229 2878 558 2946 πορνεύοντα
615 2881 1008 2952 ἀνεπιτίμητον
1059 2880 1520 2949 καταλιμπάνειν,
1561 2881 1637 2944 ὥς
1687 2882 1788 2953 ἤδη

225 2974 554 3025 κολασθέντα
596 2973 683 3027 διὰ
719 2975 815 3043 τῆς
850 2974 1240 3043 καθαιρέσεως.
1285 2975 1419 3028 ἀλλὰ
1469 2976 1561 3027 καὶ
1595 2975 1791 3044 ἀφορί-

230 3063 337 3126 ζειν
363 3067 438 3126 ὡς
473 3066 556 3127 είς
582 3065 745 3117 τόπον
776 3064 997 3118 ἐλθόντα
1025 3065 1239 3126 λαῖκοῦ,
1267 3067 1360 3117 καὶ
1391 3065 1563 3127 ἄλλως
1613 3067 1791 3118 ἐπιτι-

232 3158 333 3225 μᾷν
387 3156 532 3207 κατὰ
575 3153 674 3223 τὴν
735 3154 964 3221 δύναμιν
1009 3152 1105 3205 τοῦ
1162 3154 1565 3222 ίατρευομένου.
1635 3153 1784 3206 ’Λνάι

230 3263 437 3313 γνωσον
469 3247 566 3299 καὶ
595 3248 686 3298 τὸν
715 3242 790 3298 νθ¹
823 3245 1021 3297 κανόνα
1053 3247 1151 3313 τῆς
1175 3245 1455 3314 παρούσης
1483 3244 1790 3313 ἐπιστολῆς,

229 3341 281 3390 ἐν
302 3337 443 3392 ἐπτὰ
469 3337 615 3390 ἔτεσι
640 3339 732 3390 τὸν
764 3336 1100 3407 πορνεύοντα
1131 3335 1453 3399 κολάζοντα.

297 3428 546 3481 ΖΩΝΑΡ.
577 3426 716 3489 Τοὺς
763 3426 1044 3488 διακόνους
1094 3426 1504 3496 πορνεύσαντας
1545 3426 1647 3495 τῆς
1697 3427 1794 3494 μὲν

229 3520 504 3582 διακονίας
550 3516 911 3571 ἐκϐάλλεσθαι
961 3517 1131 3586 λέγει,
1157 3520 1258 3586 τῆς
1308 3519 1594 3580 κοινωνίας
1630 3517 1686 3570 δὲ
1720 3518 1793 3586 μὴ

229 3610 567 3664 κωλύεσθαι·
599 3609 694 3661 καλ⁸
728 3608 825 3670 τὰς
867 3608 1048 3671 αίτίας
1101 3609 1297 3676 ἐπάγει
1328 3626 1340 3640 ο
1375 3608 1502 3678 μίαν
1551 3608 1670 3675 μὲν,
1725 3609 1794 3677 ῆν

230 3701 316 3752 καὶ
352 3701 380 3751 6
410 3705 486 3750 κε’
518 3698 875 3759 ἁποστολικδς
928 3696 1107 3751 κανὼν
1153 3697 1300 3765 λέγει
1324 3714 1338 3729 ο
1375 3699 1456 3758 τὺ,
1493 3699 1605 3749 Οὐκ
1643 3697 1791 3750 ἑκδι-

231 3793 414 3858 κὴσεις
443 3791 525 3847 δὶς
557 3790 651 3841 ἐπὶ
694 3788 756 3841 τὸ
796 3789 928 3841 αὐτό
950 3804 965 3817 ⁸
995 3788 1192 3857 ἑτέραν
1221 3788 1276 3841 δὲ
1314 3789 1372 3840 τὸ
1422 3789 1548 3850 τοὺς
1577 3787 1796 3850 λαῖκοῦς

230 3882 595 3942 ἐκπίπτοντας
635 3879 721 3932 διὰ
761 3881 1130 3949 ἁμαρτήματα
1171 3880 1268 3948 τῆς
1305 3880 1412 3931 τῶν
1460 3880 1666 3932 πιστῶν
1701 3898 1794 3932 συ-

231 3975 468 4034 στάσεως
503 3973 666 4025 πάλιν
714 3971 801 4024 δια
855 3971 1146 4040 μετανοίας
1198 3971 1666 4024 ἀποκαθίστασθαι
1719 3973 1798 4034 είς

229 4065 316 4115 τὸν
347 4065 513 4115 τόπον
543 4063 668 4114 ὃθεν
699 4061 974 4123 ἐξέπεσον.
1015 4060 1153 4122 Τοὺς
1204 4059 1258 4111 δὶ
1307 4063 1638 4129 ίεριυμένους
1696 4076 1800 4127 μη-

229 4156 342 4207 κέτι
369 4153 770 4222 ὶπανέρχεσθαι
800 4154 876 4215 εἰς
912 4153 1008 4222 τὴν
1059 4151 1360 4221 ἱερωσύνην
1392 4151 1461 4221 ἦς
1501 4151 1798 4205 ἐκπεπτώ-

230 4262 407 4299 κασιν.
450 4244 542 4306 Ὧς
593 4243 685 4294 οὖν
723 4242 999 4310 ἀρκοῦσαν
1049 4242 1260 4309 ἔχοντες
1319 4243 1590 4312 τιμωρίαν
1654 4243 1798 4312 ὑπὲρ

228 4341 322 4406 τῆς
353 4335 628 4405 ἁμαρτίας
656 4334 833 4386 αὐτῶν
863 4333 953 4404 τὴν
983 4333 1324 4403 καθαίρεσιν,
1365 4337 1461 4403 τῆς
1503 4334 1793 4396 κοινωνίας

228 4427 324 4478 οὔκ
370 4425 652 4494 εἴργονται
683 4440 699 4456 ο
735 4424 870 4476 ἁλλὰ
904 4423 1095 4488 ταῦτα,
1135 4415 1289 4493 (prfle
1329 4425 1397 4478 τὰ
1451 4426 1559 4478 τῶν
1589 4425 1797 4488 τύπων,

1807 1830 1850 1884 Β

1873 610 2030 674 licus,
2083 623 2134 666 et
2177 628 2430 681 prmsens.
2473 613 2540 668 de
2562 614 2814 682 episcopo
2848 628 2897 666 et
2946 617 3172 670 diacono
3200 617 3379 666 dicunt
3413 631 3428 668 :

1872 702 1965 756 sed
1995 716 2166 756 canon
2197 704 2269 757 '52
2298 705 2466 760 sancti
2500 703 2678 758 Basilii
2709 704 2956 759 decernit
2980 707 3224 772 quemvis
3257 705 3430 758 sacris

1872 792 2155 848 ordinibus
2190 794 2477 852 initiatum,
2518 796 2562 850 si
2589 803 2864 864 peccatum
2897 802 2962 847 ad
2994 803 3218 847 mortem
3243 808 3434 861 pecca-

1873 882 2033 941 verit,
2063 880 2440 950 deponendum
2487 890 2692 935 tantum
2731 895 2872 945 esse,
2905 895 3012 935 non
3045 889 3218 933 tamen
3246 896 3274 934 a
3308 881 3435 934 tide-

1871 971 2002 1025 lium
2029 972 2194 1026 etiam
2225 973 2622 1037 communione,
2649 988 2714 1027 ne
2741 973 2948 1030 scilicet
2974 973 3026 1027 itt
3053 971 3278 1028 ecclesia
3307 987 3435 1028 con-

1873 1073 2148 1134 gregetur,
2184 1064 2444 1133 separari.
2492 1062 2589 1118 llic
2620 1073 2796 1120 autem
2844 1065 2974 1119 dicit
3019 1074 3237 1119 sanctus
3305 1067 3438 1118 duas

1873 1153 1992 1222 ejus
2017 1155 2094 1208 rei
2121 1167 2314 1210 causas
2339 1170 2351 1206 :
2383 1169 2541 1208 unam
2567 1155 2781 1224 quidem
2813 1153 2962 1216 illud.
2992 1153 3107 1208 Non
3140 1153 3438 1208 vindicaltis

1875 1245 1958 1300 bis
1992 1245 2044 1299 in
2076 1245 2328 1313 idipsum,
2380 1245 2601 1301 alteram
2651 1261 2798 1310 vero,
2835 1245 2977 1314 quod
3033 1245 3152 1298 laici
3193 1243 3432 1312 quidem,

1880 1346 2100 1404 propter
2132 1351 2228 1391 sua
2261 1347 2478 1405 peccata
2515 1352 2542 1390 a
2581 1337 2815 1392 ﬁdelium
2846 1338 3267 1405 congregatione
3291 1335 3441 1389 exci-

1878 1428 2086 1491 dentes,
2121 1443 2216 1494 per
2245 1428 2615 1495 paenitentiam
2650 1442 2837 1483 rursus
2868 1428 2920 1481 in
2947 1427 3232 1497 pristinum
3263 1426 3436 1479 locum

1876 1517 2284 1571 restituantur:
2335 1518 2511 1572 sacris
2547 1517 2830 1573 ordinibus
2875 1527 3052 1573 autem
3104 1516 3297 1570 initiati
3336 1531 3441 1569 nou

1878 1610 2110 1677 amplius
2139 1618 2481 1663 revertuntur
2515 1611 2580 1663 ad
2612 1611 2993 1672 sacerdotium,
3031 1625 3058 1661 a
3093 1625 3197 1676 quo
3225 1607 3442 1661 ext-ide-

1878 1707 2024 1752 ruut.
2054 1696 2334 1765 Tanquam
2362 1713 2489 1768 ergo
2513 1698 2782 1754 sufﬁciens
2806 1698 3065 1751 habentes
3089 1712 3186 1765 pro
3210 1705 3436 1763 peccato

1879 1803 1978 1844 suo
2017 1789 2338 1860 supplicium
2401 1791 2811 1858 depositionem,
2856 1802 2885 1840 a
2916 1786 3293 1841 communione
3339 1801 3445 1839 nou

1881 1895 2154 1938 arcentur.
2187 1884 2290 1938 Sed
2317 1893 2444 1937 sunt
2473 1883 2610 1946 haec,
2641 1881 2837 1948 inquit,
2862 1889 3110 1952 typorutn
3143 1880 3256 1934 sive
3285 1895 3450 1932 cano—

1888 1977 2130 2030 nicarnm
2179 1973 2643 2028 constitutionum.
2700 1971 2795 2024 Est
2843 1979 3020 2026 autem
3066 1985 3191 2024 vera
3245 1971 3445 2038 peccati

1887 2064 2150 2118 medicina
2186 2063 2252 2116 ab
2283 2063 2398 2130 ipso
2445 2075 2714 2116 recessus.
2764 2059 2877 2113 Etsi
2917 2060 3079 2126 enim,
3139 2060 3228 2128 qui
3281 2058 3449 2113 forni-

1887 2164 2039 2207 catus
2071 2165 2172 2217 est,
2207 2154 2486 2222 depositus
2508 2153 2686 2220 fuerit,
2715 2168 2819 2207 nou
2855 2163 3060 2206 tantum
3095 2151 3311 2219 punitus
3333 2164 3451 2201 esse

1891 2246 2127 2309 videtur,
2152 2254 2209 2299 ιιι
2239 2245 2402 2300 etiam
2429 2245 2858 2301 misericordiam
2887 2260 2914 2296 a
2941 2244 3051 2298 Deo
3068 2249 3449 2308 consequatur,

1889 2340 1930 2391 si
1974 2340 2149 2392 adhuc
2185 2340 2240 2392 in
2269 2349 2485 2407 peccato
2513 2336 2959 2408 perseveraverit,
2995 2349 3121 2389 nec,
3144 2333 3307 2387 Deum
3340 2333 3440 2382 alit

1891 2432 2224 2485 contritione
2281 2431 2596 2501 placaverit.
2671 2429 2851 2495 Quare
2920 2428 3079 2482 debet
3136 2425 3450 2479 animalium

1894 2521 2049 2588 ltujus
2085 2523 2366 2578 vulnerum
2412 2522 2655 2576 medicus
2687 2521 2826 2574 scire
2857 2519 3068 2588 quidem
3101 2527 3153 2570 et
3184 2530 3454 2570 summum

1890 2615 2002 2684 jus.
2034 2616 2243 2670 scilicet
2273 2612 2841 2693 punitionemgerici,
2873 2610 2964 2677 qui
3016 2608 3310 2661 fornicatus
3352 2617 3454 2665 est.

1894 2718 1988 2770 per
2017 2700 2401 2768 depositionem
2433 2717 2446 2754 :
2479 2713 2597 2753 eam
2625 2710 2797 2752 tamen
2819 2713 2922 2752 non
2955 2697 3258 2751 necessario
3277 2696 3453 2764 sequi,

1897 2803 1955 2846 ttt
1989 2808 2112 2846 eum
2150 2792 2335 2854 etiam,
2384 2791 2472 2860 qui
2521 2799 2644 2859 post
2697 2790 3083 2856 depositionem
3136 2788 3455 2850 fornicatur,

1896 2882 2213 2951 impunitum
2244 2882 2532 2948 relinquat,
2566 2888 2626 2934 ut
2668 2880 2777 2946 jam
2813 2895 2904 2946 per
2938 2879 3321 2947 depositionem
3361 2891 3461 2943 pu-

1897 2973 2101 3037 uittttn;
2136 2971 2228 3027 sed
2262 2981 2320 3024 ut
2352 2972 2515 3025 etiam
2551 2984 2670 3022 eum
2703 2979 2970 3036 segreget,
3007 2969 3094 3036 qui
3125 2967 3242 3020 laici
3275 2968 3451 3019 locum

1896 3064 2080 3123 subiit.
2112 3072 2161 3116 et
2190 3063 2343 3116 aliter
2371 3076 2491 3115 eum
2527 3062 2733 3129 puniat,
2764 3076 2861 3128 pro
2909 3059 3027 3122 ejus
3063 3059 3316 3111 facultate
3364 3056 3452 3110 cui

1899 3154 2162 3210 medicina
2196 3155 2481 3222 praebetur.
2517 3152 2654 3224 Lege
2678 3162 2730 3206 et
2756 3167 3013 3205 canonem
3063 3151 3131 3206 49
3167 3149 3326 3217 hujus
3352 3148 3464 3218 epi-

1904 3247 2073 3312 stolae,
2096 3247 2187 3316 qui
2223 3246 2606 3301 fornicatorem
2636 3253 2837 3315 septem
2869 3242 3022 3296 annis
3049 3241 3225 3312 punit.

1973 3427 2226 3484 ZONAR.
2268 3427 2556 3487 Diaconos,
2590 3424 2681 3493 qui
2707 3422 2952 3476 fornicati
3001 3429 3148 3481 sunt,
3182 3421 3462 3472 diaconatu

1903 3520 2115 3586 quidem
2162 3516 2513 3586 tlejicientlos,
2546 3530 2647 3567 nou
2689 3523 2866 3566 tamen
2896 3527 2922 3562 a
2959 3511 3336 3564 communione
3380 3523 3467 3560 aro

1903 3608 2101 3660 ccudos
2126 3620 2244 3660 esse
2276 3604 2489 3666 asserit,
2537 3615 2838 3670 causasque
2885 3599 3205 3669 subjungit':
3241 3598 3464 3650 alteram

1905 3697 2142 3766 quidem,
2198 3710 2316 3764 qua:
2378 3692 2670 3760 apostolico
2723 3691 2974 3742 vicesimo
3023 3688 3210 3755 quinto
3262 3701 3469 3740 canone

1905 3790 2215 3842 continetur
2251 3805 2262 3838 :
2298 3783 2411 3839 Non
2442 3783 2738 3838 vindicabis
2775 3781 2856 3835 bis
2882 3781 2931 3833 iu
2966 3781 3214 3847 idipsum,
3244 3778 3468 3831 alteram

1905 3895 2054 3942 vero,
2094 3879 2234 3946 quod
2287 3878 2405 3930 laici
2460 3876 2528 3928 ob
2572 3875 2798 3928 crimina
2852 3887 2880 3924 a
2939 3870 3471 3923 ﬁdeliutncousortio

1907 3973 2088 4041 ejecti,
2129 3986 2316 4024 rursus
2365 3969 2418 4022 in
2450 3969 2648 4029 locutu,
2685 3965 2824 4018 unde
2851 3963 3185 4026 exciderunt,
3218 3977 3313 4028 per
3357 3977 3473 4030 pm~

1907 4061 2187 4115 nitentium
2254 4060 2640 4119 restituantur;
2702 4055 2871 4107 sacris
2929 4060 3108 4104 autem
3161 4051 3355 4104 initiati
3418 4050 3469 4103 iu

1907 4167 2120 4208 sacrum
2151 4131 2417 4213 ordinem,
2448 4164 2513 4204 ex
2551 4162 2658 4217 quo
2697 4147 2888 4214 dejecti
2931 4155 3080 4208 sttut,
3109 4159 3211 4197 non
3243 4142 3474 4212 amplius

1907 4245 2281 4298 admittantur.
2308 4241 2588 4309 Tanquam
2632 4239 2796 4308 igitur
2826 4239 2894 4290 ob
2925 4237 3216 4304 irrogata-tn
3261 4235 3472 4302 tleposi-

1911 4333 2109 4386 tionem
2136 4331 2265 4384 satis
2311 4329 2556 4398 supplicii
2593 4342 2689 4396 pro
2741 4326 2948 4379 ratione
2980 4325 3196 4379 admissi
3233 4323 3476 4378 criminis

1907 4424 2078 4487 luaut,
2125 4437 2153 4474 a
2186 4420 2569 4476 communione
2605 4419 2743 4472 haud
2780 4417 3154 4487 prohibentur.
3195 4415 3301 4470 Sed
3334 4416 3473 4470 ltznc.

229 4520 394 4584 ἤγουν
426 4515 462 4569 δ
499 4515 560 4579 ἐξ
597 4513 754 4577 ἔθους
791 4515 1005 4583 μακροῦ
1051 4515 1413 4586 ἐτυπώθησαν
1438 4534 1451 4548 ’
1489 4517 1716 4570 καθόλου
1743 4517 1788 4570 δὲ

1911 4516 2108 4584 inquit,
2160 4513 2214 4566 itt
2271 4509 2748 4566 constitutionibus
2793 4510 3153 4576 reperiuntur,
3215 4509 3314 4560 hoc
3368 4516 3472 4562 est.

233 4608 368 4674 ἴαμα
399 4605 496 4658 τοῦ
537 4606 857 4673 σφάλματος
906 4604 1053 4673 λέγει
1083 4607 1178 4676 τὴν
1222 4607 1320 4674 τῆς
1363 4609 1640 4677 ἁμαρτίας
1671 4609 1806 4661 ἁνα-

231 4698 498 4767 χὼρησιν,
532 4697 626 4748 καὶ
671 4697 732 4747 τὸ
793 4696 860 4748 δι’
915 4698 1241 4766 ἐγκρατείας
1297 4701 1390 4750 καὶ
1427 4699 1804 4763 κακοπαθείας

230 4788 645 4855 ὄουλαγωγῆσαι
670 4788 769 4855 τὴν
800 4787 975 4857 σάρκα
999 4803 1014 4821 ο
1045 4790 1333 4841 τουτέστιν
1362 4789 1647 4855 ὑποτάξαι,
1688 4792 1810 4842 δου-

231 4875 422 4929 λῶσαι.
475 4879 567 4927 Δεῖ
609 4876 667 4928 δὲ
721 4877 844 4938 τοὺς
899 4877 1085 4946 ψυχῶν
1139 4879 1460 4946 οἰκονόμους
1517 4879 1807 4948 ἀμφότερα

234 4967 448 5031 ειδέναι,
484 4968 579 5020 καὶ
627 4967 695 5021 τὰ
755 4968 854 5036 τῆς
904 4969 1208 5038 ἀκριϐείας,
1242 4972 1336 5023 καὶ
1381 4972 1448 5024 τὰ
1483 4972 1581 5041 τῆς
1638 4989 1804 5042 συνη-

236 5060 382 5122 θείας
401 5076 416 5089 ⁸
446 5059 543 5111 καὶ
578 5059 624 5109 εί
659 5058 756 5126 μὲν
784 5060 833 5110 oi
871 5060 1293 5130 ἁμαρτήσαντες
1323 5063 1705 5132 καταδέχοιντο
1733 5063 1803 5116 τὰ

236 5150 331 5217 τῆς
360 5149 672 5218 ἁκριῦείας,
714 5148 835 5201 κατ’
867 5150 1083 5218 ἐκείνην
1131 5153 1532 5221 οἰκονομεῖσθαι
1565 5153 1761 5217 αὐτούς
1788 5171 1801 5186 ο

241 5238 286 5288 εί
314 5237 370 5290 δὲ
402 5239 801 5307 σκληρύνονται
844 5240 980 5307 πρὸς
1026 5238 1125 5308 τὴν
1182 5241 1483 5311 ἀκρότητα,
1519 5245 1638 5313 ἦτοι
1671 5245 1810 5313 πρὸς

242 5328 337 5396 τὴν
365 5329 545 5399 ἄκραν
570 5329 879 5400 ἀκρίϐειαν,
920 5331 1146 5383 ἔπεσθαι
1180 5333 1302 5384 τότε
1331 5333 1406 5403 τῷ
1441 5335 1806 5405 παραδοθέντι

242 5419 412 5490 τύπῳ,
449 5423 515 5492 τῇ
549 5421 810 5493 συνηθείᾳ
838 5422 1079 5492 δηλονότι
1114 5421 1214 5495 (3).

1911 4607 2054 4674 longi
2090 4605 2345 4672 temporis
2365 4602 2753 4656 consuetudine
2786 4601 3005 4654 definita
3035 4608 3177 4653 sunt.
3213 4597 3476 4651 Universe

1910 4712 2040 4750 vero
2087 4695 2292 4762 peccati
2346 4695 2669 4748 medicinam
2718 4693 2793 4746 ait
2841 4690 2961 4746 esse
2999 4707 3026 4743 a
3057 4700 3278 4759 peccato
3311 4705 3478 4743 recc-

1912 4788 2061 4848 dere.
2097 4800 2160 4839 ac
2201 4798 2300 4852 per
2336 4782 2746 4850 temperantiam
2781 4781 3128 4849 corporisque
3162 4780 3476 4833 atﬂictioncs

1915 4894 2131 4933 carnem
2165 4877 2413 4944 redigere
2462 4876 2512 4927 itt
2566 4874 2902 4936 servitutem,
2937 4873 3037 4925 hoc
3087 4880 3190 4934 est,
3228 4886 3476 4924 coercere

1916 4987 1979 5026 ac
2009 4971 2287 5026 edomare.
2343 4965 2565 5036 Oportet
2618 4979 2781 5034 porro
2835 4963 3137 5016 animarum
3197 4972 3477 5017 curatores

1914 5074 2143 5129 utraque
2186 5074 2368 5118 nosse.
2417 5067 2470 5110 et
2502 5071 2621 5124 quae
2655 5053 2850 5108 summi
2897 5051 3036 5119 juris
3079 5061 3227 5119 sunt,
3262 5062 3315 5103 ct
3359 5068 3478 5122 qua:

1916 5150 2326 5207 consuetudinis
2359 5166 2371 5201 :
2404 5163 2462 5198 ac
2514 5146 2557 5200 si
2592 5145 2809 5213 quidem
2851 5145 2937 5212 qtti
2987 5153 3364 5212 peccaverunt,
3416 5160 3475 5190 (ιιι

1915 5257 2036 5310 quae
2066 5249 2189 5294 sunt
2219 5239 2394 5294 exacti
2432 5235 2573 5305 juris
2601 5235 2908 5297 admittant,
2934 5249 2995 5286 cx
3027 5233 3141 5301 ejus
3171 5232 3481 5300 praescripto

1915 5351 2037 5389 cum
2068 5331 2198 5401 ipsis
2222 5345 2418 5399 agere;
2450 5328 2530 5381 siu
2559 5334 2737 5380 autem
2767 5325 3028 5378 adversus
3064 5324 3353 5392 perfectam
3389 5338 3480 5374 ra-

1918 5426 2142 5487 tionem,
2169 5437 2436 5476 sumntum
2499 5419 2749 5473 videlicet
2804 5418 2892 5486 jus
2946 5418 3311 5481 oltluctentur,
3353 5425 3481 5468 tunc

1920 5518 2144 5568 formam
2183 5514 2454 5576 traditam,
2488 5511 2927 5566 consuetudinem
2960 5509 3188 5571 scilicet,
3217 5507 3389 5575 sequi.

1468 5627 1662 5687 Guill.
1706 5627 2038 5706 Beveregii
2065 5631 2252 5686 notae.

320 5720 392 5789 t3)
433 5719 830 5799 γῇς-συνηθείᾳ
889 5725 1192 5790 δηλονότι.
1254 5726 1380 5782 Post
1436 5730 1550 5783 ltrec
1609 5733 1798 5784 ultima

252 5790 474 5842 Joannis
500 5790 728 5845 Zonarsc
760 5790 810 5847 in
846 5807 1166 5851 Drmsetttent
1201 5811 1459 5852 canentem
1504 5803 1685 5858 verba,
1713 5817 1807 5853 c.0-

1924 5733 2026 5783 des
2072 5729 2541 5782 Amerltacltianus
2578 5727 2745 5790 addit,
2781 5726 3026 5780 Καθόλου
3059 5725 3117 5777 δὲ
3143 5724 3278 5790 ἴαμα
3324 5720 3425 5789 ἔφη
3449 5721 3480 5775 ὁ

1923 5801 2074 5861 am;
2102 5798 2198 5863 τὴν
2253 5799 2315 5849 ἐκ
2367 5797 2466 5865 τῆς
2503 5797 2780 5866 ἁμαρτίας
2831 5794 3213 5864 ἀναχώρησιν,
3246 5791 3375 5859 πρὸς
3415 5792 3478 5844 τὸ
