4018 6452
187 327 278 379 5⁸η

1102 332 1186 393 IN
1226 332 1467 396 EPIST.
1510 336 1570 399 S.
1604 336 1889 400 BASILII
1933 340 2369 404 CANONICAM
2412 342 2455 405 Ι.

3321 341 3424 410 593

189 436 259 497 pi;
290 429 427 486 εἶναι
458 434 633 503 γάμον
662 436 755 505 τὴν
778 435 1103 509 τριγέιμίαν,
1133 442 1385 513 ἐπήγαγε
1421 446 1517 499 καὶ
1552 445 1755 514 ταύτην

1880 459 2058 515 lasset,
2085 452 2384 521 trigamiam
2410 470 2513 508 non
2537 468 2656 510 esse
2682 457 3106 523 matrimonium,
3129 458 3425 525 subiunxit.

186 525 549 593 ἐπιτιμᾶσθαι
599 529 880 597 ἀναλόγως
933 534 1000 602 τῇ
1059 533 1327 604 διγαμίᾳ*
1373 536 1449 595 ὡς
1508 536 1756 591 ἐντεῦθεν

188 618 233 666 ἀι
255 616 583 680 αςαίνεσθαι
612 622 704 674 καὶ
736 623 834 690 τὴν
866 625 1166 692 τριγαμίαν
1213 626 1411 696 ἐπίσης
1440 630 1505 698 τῇ
1535 628 1763 701 διγαμία

194 708 267 776 μὴ
300 710 659 777 διασπᾶσθαι,
702 715 838 769 ἀλλά
893 717 1271 785 ἐπιτιμᾶσθαι.
1308 718 1455 790 Πλὴν
1512 719 1613 788 μιν
1664 722 1762 791 τὴν

192 801 456 868 διγαμίαν
487 802 573 855 διὰ
595 804 689 856 δύο
715 804 873 868 ἐτῶν,
904 807 1000 875 τὴν
1029 807 1085 859 δὲ
1119 810 1420 879 τριγαμίαν
1442 811 1531 864 διὰ
1576 811 1757 868 πέντε.

194 894 474 947 Ἰστασθαι
499 894 553 948 δὲ
583 897 663 960 είς
686 899 777 950 τὸν
803 898 968 953 τόπον
1000 900 1113 953 τῶν
1144 902 1511 972 ἀκροωμένων
1539 903 1597 955 ὲν
1619 902 1762 956 ἔτεσι

191 985 365 1049 τρισὶ,
418 986 514 1038 καὶ
570 987 709 1057 μετά
768 989 946 1045 ταῦτα
1008 991 1360 1045 συνίστασθαι
1411 995 1523 1056 τοῖς
1551 995 1763 1057 πιστοῖς

196 1073 386 1147 μέχρις
413 1076 543 1145 ὅλης
573 1080 889 1141 πενταετίας
916 1081 1042 1144 τοὺς
1069 1083 1397 1152 τριγάμους.
1435 1084 1543 1137 Καὶ
1570 1084 1759 1138 ἔκτοτε

191 1167 437 1243 καρποὺς
460 1167 645 1233 ἀξίους
682 1170 1120 1241 ἀπιδειξαμένους
1145 1173 1248 1242 τῆς
1292 1176 1601 1243 μετανοίας.
1628 1177 1763 1230 ἀπο-

191 1256 459 1328 καθιστᾷν
512 1259 592 1321 εἱς
640 1259 729 1313 τὸν
780 1261 947 1313 τόπον
981 1262 1079 1326 τῆς
1110 1262 1417 1325 κοινωνίας,
1468 1264 1563 1316 καὶ
1591 1264 1618 1316 ὁ
1665 1263 1764 1332 μὲν

191 1345 346 1413 ἅγιος
401 1348 571 1402 ταῦτα
595 1367 610 1382 ο
643 1352 671 1403 ό
701 1350 757 1403 δὲ
786 1352 949 1421 τόμος
992 1351 1092 1420 τῆς
1128 1352 1393 1416 ἑνῶσεως,
1443 1355 1471 1407 ό
1522 1352 1763 1421 γεγονὼς

192 1436 283 1488 ἐπὶ
314 1438 727 1491 Κωνσταντίνου
779 1440 873 1494 τοῦ
922 1442 1434 1511 Πορφυρογεννήτου
1481 1443 1576 1496 καὶ
1619 1444 1758 1496 Ῥω-

197 1530 366 1599 μανοῦ
393 1548 407 1561 ο
438 1530 534 1584 τοῦ
574 1533 672 1601 μὲν
719 1533 1126 1587 Κωνσταντίνου
1158 1534 1553 1603 βασιλεύοντος,
1584 1534 1678 1587 τοῦ
1707 1534 1763 1588 δὲ

194 1622 461 1690 πενθεροῦ
488 1624 651 1677 αὑτοῦ
706 1626 1015 1696 Ῥωμανοῦ,
1047 1627 1125 1697 τῷ
1162 1627 1257 1680 τοῦ
1294 1627 1560 1697 βασιλέως
1592 1628 1765 1697 πατρὶ

193 1715 568 1784 ἰμπρὲποντος
603 1716 870 1786 ἀξιώματι
895 1719 952 1769 ἐν
976 1718 1085 1771 ἔτει
1119 1725 1307 1788 ςυκη’,
1360 1718 1650 1772 ίνδικτιῶνι
1688 1719 1761 1786 η’,

1863 556 1978 595 eam
2015 558 2228 611 quoque
2260 544 2429 600 instar
2451 544 2718 611 digamizr,
2766 550 3110 616 proportione
3145 551 3426 619 utriusque

1863 633 2068 697 habita,
2102 635 2301 701 puniri,
2336 645 2392 689 ut
2423 651 2488 691 es
2517 638 2617 691 hoc
2652 638 2768 693 loco
2797 646 3077 707 appareat,
3100 640 3423 705 trigumiam,

1862 724 1995 779 sicut
2029 734 2079 779 et
2131 726 2440 796 digamiam,
2484 745 2589 783 non
2631 732 2890 798 separari,
2934 732 3026 786 sed
3071 733 3270 799 puniri.
3319 733 3423 787 Sed

1862 816 2148 885 digamiam
2198 816 2412 885 quidem
2453 819 2661 874 duobus
2694 821 2885 886 faunis,
2949 822 3254 892 trigamiam
3292 838 3424 877 vero

1861 907 2132 975 quinque;
2153 918 2295 963 stare
2306 918 2484 963 autem
2503 910 2555 963 in
2575 911 2691 966 loco
2707 911 3042 965 audientium
3057 912 3226 967 tribus
3245 912 3420 976 annis,

1861 1004 1915 1049 et
1953 1007 2140 1064 postea
2160 1011 2282 1050 cum
2310 997 2556 1052 fidelibus
2584 1000 2881 1055 consistere
2914 1002 2980 1055 ad
2998 1001 3422 1071 quinquennium

1861 1100 2034 1154 usque
2063 1086 2338 1152 trigamos,
2367 1097 2420 1141 et
2452 1090 2521 1142 ab
2551 1103 2615 1144 eo
2642 1097 2880 1157 tempore
2900 1092 3134 1146 ostensis
3159 1091 3426 1145 fructibus

1862 1177 2183 1246 periiteutia
2212 1178 2391 1247 dignis
2422 1180 2474 1234 in
2497 1181 2891 1235 communionis
2915 1182 3093 1236 locum
3114 1183 3420 1236 restituere.

1862 1270 2036 1336 Atque
2084 1268 2199 1323 haec
2231 1270 2446 1337 quidem
2496 1280 2736 1326 sanctus.
2792 1270 3016 1327 Uniouis
3054 1288 3182 1327 vero
3225 1283 3422 1333 tomus.
3506 1308 3509 1311 ν

1861 1360 1953 1429 qui
1985 1359 2157 1415 factus
2188 1370 2271 1414 est
2298 1362 2398 1416 sub
2421 1362 2779 1417 Constantino
2806 1363 3325 1435 Porphyrogenncta
3369 1375 3424 1419 et

1865 1448 2133 1515 Romano,
2186 1451 2545 1507 Constantino
2594 1451 2810 1523 quidem
2860 1455 3194 1524 imperante,
3237 1471 3425 1511 socero

1865 1549 2040 1594 autem
2072 1542 2188 1611 eius
2215 1541 2457 1595 Romano
2485 1545 2653 1614 patris
2681 1546 3018 1612 imperatoris
3045 1545 3421 1599 auctoritatem

1864 1645 1927 1683 ac
1954 1630 2269 1700 dignitatem
2300 1633 2595 1697 obtinente.
2624 1649 2763 1690 anno
2788 1636 2948 1697 6428,
2978 1637 3270 1691 indictione
3301 1651 3421 1697 vnit,

1865 1729 1919 1773 et
1950 1722 2041 1789 qui
2091 1721 2315 1788 singulis
2359 1723 2521 1777 annis
2569 1722 2769 1793 legitur
2805 1724 2857 1777 in
2908 1733 3186 1794 suggestu,
3242 1737 3427 1778 mense

194 1808 290 1859 καὶ
310 1808 821 1876 ἀναγινωσκόμενος
845 1809 1075 1878 ἱτησίως
1110 1811 1196 1863 ἐπ’
1228 1810 1481 1881 ἄμϐωνας
1503 1809 1643 1863 κατά
1673 1810 1764 1865 τὸν

1878 1810 2027 1875 ΙιιΙίο,
2053 1813 2165 1867 hrec
2200 1811 2326 1868 dicit
2354 1814 2497 1868 circa
2532 1817 2687 1868 tinem
2718 1815 3018 1882 :Deinceps
3045 1823 3228 1868 autem
3269 1826 3423 1868 com-

208 1896 427 1950 Ἰούλιον
469 1898 636 1967 μῆνα.
666 1900 789 1952 τάδε
821 1902 950 1969 περὶ
974 1901 1035 1953 τδ
1061 1900 1211 1964 τέλος
1246 1901 1407 1970 φησί·
1440 1901 1547 1954 Καὶ
1579 1899 1764 1953 λοιπὸν

197 1994 621 2061 ἀποφαινόμεθα
652 1995 802 2062 κοινῇ
833 1991 1030 2065 γνώμῃ
1080 1992 1173 2045 καὶ
1224 1992 1403 2062 κρίσει
1440 1991 1548 2047 ἀπό
1577 2009 1639 2059 γε
1669 1990 1760 2044 τοῦ

194 2088 462 2157 παρόντος
493 2086 668 2151 ἔτους,
712 2086 739 2139 ὅ
780 2085 926 2137 ἐστιν
976 2084 1092 2148 ἔτος
1124 2082 1313 2151 ςυκη’,
1370 2083 1663 2136 ίνδικτιῶνι
1690 2081 1761 2151 η’,

194 2178 457 2246 τέταρτον
488 2176 668 2243 γάμον
706 2174 897 2243 μηδεν)⁸
942 2174 1269 2243 τολμᾶσθαι,
1304 2172 1421 2228 ἀλλ’
1458 2168 1599 2225 εἶναι
1629 2172 1766 2226 ἀπό·

197 2269 395 2335 σλητον
422 2266 705 2326 παντελῶς
727 2283 740 2297 ο
775 2265 868 2319 καὶ
890 2265 980 2319 τὸν
1009 2265 1064 2318 εί
1093 2282 1177 2327 τις
1204 2265 1297 2318 ἐπὶ
1321 2263 1562 2317 τοιοῦτον
1593 2262 1769 2317 ἐλθεῖν

198 2361 539 2415 συνοικέσιον
564 2358 914 2428 προθυμηθῇ,
942 2358 1123 2426 πάσης
1152 2357 1595 2426 ἀπεστερημένον
1628 2350 1769 2429 εἶναι

200 2450 473 2515 συνάξεως
510 2448 988 2518 ἐκκλησιαστικῆς,
1026 2448 1117 2500 καὶ
1157 2446 1329 2515 αὐτῆς
1373 2446 1473 2514 τῆς
1513 2428 1769 2516 πρὸςῖτδν

203 2543 358 2609 ἀγιον
405 2540 534 2595 ναὸν
572 2539 779 2593 εἰσόδου
823 2539 1121 2608 ἀλλότριον,
1159 2537 1352 2608 μέχρις
1398 2536 1466 2601 ἂν
1514 2534 1768 2606 ὲπιμείνῃ

201 2633 279 2703 τῷ
303 2634 648 2702 συνοικεσῖῳ.
672 2631 846 2686 Τοῦτο
876 2631 985 2701 γὰρ
1009 2632 1104 2684 καὶ
1131 2634 1237 2694 τοῖς
1268 2630 1372 2700 πρὸ
1402 2629 1556 2700 ἡμῶν
1592 2628 1769 2695 ἁγίοις

204 2724 348 2789 εδοξε
384 2724 650 2794 Πατρὰσι.
687 2721 789 2776 Καὶ
820 2723 983 2793 ἡμεῖς
1032 2722 1089 2775 δὲ
1124 2723 1224 2791 τὴν
1285 2723 1512 2790 γνώμην
1547 2719 1771 2789 ἐκδηλο-

205 2813 368 2882 τέραν
408 2811 714 2873 ποιοῦντες.
744 2812 818 2873 ὼς
849 2812 1128 2881 ἀλλότριον
1159 2811 1320 2866 αὐτὸν
1361 2809 1460 2878 τῆς
1505 2810 1772 2873 Χριστια-

206 2903 359 2971 νικῆς
390 2903 669 2965 πολιτείας
692 2902 1167 2972 ἀποκηρύττομεν.
1208 2900 1348 2955 Ἀλλ’
1376 2899 1518 2953 οὕτω
1550 2899 1646 2968 μὲν
1675 2898 1769 2952 ἐπὶ

206 2994 297 3047 τοῦ
327 2996 593 3065 τετάρτου
633 2996 815 3064 γάμου
839 3009 852 3024 °
885 2995 970 3047 ῐνα
1016 2992 1072 3047 δὲ
1125 2993 1217 3047 καὶ
1242 2994 1307 3046 τὰ
1334 2991 1444 3046 τῶν
1471 2991 1644 3046 ἄλλων
1674 2990 1773 3059 γά-

210 3087 326 3155 μῖων
371 3086 873 3167 εὐσχημονέστερον
922 3084 1168 3154 τυπωθῇ,
1216 3084 1312 3137 καὶ
1361 3080 1455 3135 τοῦ
1486 3075 1597 3159 τῶν
1633 3080 1770 3149 Χρι-

202 3143 445 3233 στιανῶν
473 3143 595 3248 Eia},
626 3177 700 3248 μὴ
725 3143 944 3241 ἀνάξιον
969 3175 1070 3246 ἔχῃ
1260 3150 1650 3244 προσαγωγὴν,
1681 3143 1774 3222 atat
1801 3143 1847 3207 (ἶ

205 3274 334 3326 περὶ
364 3270 458 3324 τοῦ
494 3271 678 3339 τρίτου
710 3269 960 3339 ὁρίζομεν
986 3267 1188 3335 γάμου,
1226 3265 1365 3319 ὥστε
1396 3264 1532 3334 μηδὲ
1567 3259 1772 3325 ἁπλῶς,

210 3362 347 3430 μηδὲ
382 3362 457 3424 ὡς
496 3361 705 3429 ἔτυχεν,
741 3358 1102 3412 ὶπιτελεῖσθαι
1158 3356 1306 3410 αὑτό.
1347 3354 1457 3408 Καὶ
1508 3352 1616 3422 γὰρ
1651 3367 1777 3418 συγ·

208 3454 528 3523 κεχώρηται
588 3452 689 3523 μὲν
723 3452 796 3515 ὡς
846 3451 1109 3522 ρύπασμα
1139 3451 1251 3513 τοῖς
1286 3447 1590 3518 Πατράσιν,
1620 3444 1775 3498 οὔπω

207 3544 348 3605 τότε,
389 3542 572 3606 καθὼς
602 3542 716 3606 νῦν,
743 3540 1027 3609 γινομένου
1076 3538 1172 3593 τοῦ
1204 3539 1532 3607 πράγματος
1563 3528 1776 3603 ἀπηρυὲ

212 3635 582 3707 θριασμένως,
636 3633 756 3687 οὐδὲ
805 3634 885 3696 εἰς
938 3632 1138 3707 πλάτος
1191 3630 1614 3699 ὲξηπλωμένουο
1663 3624 1781 3679 ἀλλ’

210 3725 399 3796 ὥσπερ
427 3726 479 3779 εί
520 3742 603 3787 τις
629 3726 686 3778 ὲν
707 3723 840 3793 οἴκῳ
861 3720 1314 3793 παραπεπτωκὼς
1348 3723 1405 3773 ὲν
1444 3719 1615 3789 γωνίᾳ
1650 3733 1783 3787 παρ·

212 3822 297 3892 ίδῃ
349 3817 620 3878 πολλάκις
665 3815 915 3883 κείμενον
957 3813 1224 3883 ρύπασμα
1250 3828 1263 3843 ο
1296 3811 1391 3865 νῦν
1421 3810 1478 3862 δὲ
1511 3810 1638 3864 ὅταν
1666 3807 1773 3878 χώ-

215 3930 316 3984 ραν
349 3909 512 3978 ἔλασε
547 3907 878 3978 παρρησίας,
909 3905 1002 3958 καὶ
1029 3905 1104 3964 ὡς
1136 3904 1287 3957 οὐδὲν
1312 3903 1450 3969 ἔχων
1478 3903 1558 3964 είς
1603 3902 1781 3969 ἀσχη-

218 4005 483 4075 μοσύνην,
514 4000 634 4051 οὐδὲ
663 3999 942 4066 ρυπαίνων
982 3996 1256 4064 λογίζεται
1287 3996 1350 4046 ὲκ
1385 3993 1477 4045 τοῦ
1510 3990 1784 4062 προὸἧναι

212 4096 294 4156 είς
323 4090 661 4163 πληθυσμον,
695 4088 871 4151 καλῶς
923 4086 1101 4152 ἔδοξεν
1149 4083 1541 4153 ἀνακαθαίρειν
1578 4079 1741 4139 αὐτόν
1766 4094 1780 4110 ’

212 4187 406 4253 ὥσπερ
459 4183 554 4235 καὶ
612 4177 799 4249 αἴσιος
849 4180 950 4232 οὐκ
977 4179 1034 4231 ἐν
1076 4177 1249 4246 γωνίᾳ
1313 4173 1783 4244 παρερῤιμμὲνον,

212 4275 331 4332 ἀ)λ’
368 4276 461 4329 ἐπὶ
511 4274 609 4342 τῆς
656 4275 833 4333 οίκίας
884 4269 1267 4338 ἐνηπλωμένον
1300 4264 1551 4332 οὐδαμῶς
1584 4262 1782 4330 ἐῶμεν,

216 4368 353 4421 ἀλλὰ
381 4366 739 4435 καθαίρομεν,
772 4363 863 4415 καὶ
916 4363 977 4413 τὸ
1023 4362 1085 4412 ἐκ
1128 4360 1319 4412 τούτου
1352 4356 1513 4425 ἀηδὲς
1541 4350 1787 4407 ἀποϐάλ-

1868 1905 2014 1958 nmni
2045 1906 2314 1960 sententia
2350 1921 2411 1960 ac
2460 1906 2668 1974 judicio
2702 1911 3136 1974 pronuntiamus,
3188 1923 3253 1962 ex
3286 1921 3426 1975 pras-

1866 1994 2004 2048 seuti
2030 2008 2191 2059 anno,
2214 1995 2302 2063 qui
2325 2002 2403 2050 est
2427 1995 2589 2059 6428,
2613 1996 2806 2049 indici.
2836 2010 2955 2059 νιιι,
2979 1993 3249 2050 neminem
3270 2008 3429 2062 opor-

1870 2094 1982 2139 tere
2005 2099 2064 2140 se
2087 2094 2282 2154 quarto
2308 2086 2655 2141 matrimonio
2678 2087 2930 2155 iungere,
2957 2087 3049 2141 sed
3071 2099 3193 2140 esse
3210 2084 3429 2138 omnino

1871 2173 2222 2242 rejiciendum
2261 2190 2282 2228 ι
2323 2183 2378 2228 et
2423 2174 2467 2229 si
2510 2177 2632 2242 quis
2685 2176 2753 2229 ad
2799 2174 3064 2243 ejusmodi
3105 2172 3432 2228 eonnubium

1870 2264 2053 2315 venire
2080 2262 2331 2327 voluerit,
2368 2277 2495 2317 eum
2544 2279 2665 2318 esse
2692 2263 2838 2317 omni
2886 2262 3256 2318 ecclesiastica
3301 2275 3430 2316 con-

1870 2354 2182 2423 gregatione
2225 2356 2514 2426 privatum,
2553 2366 2602 2410 et
2638 2355 2705 2409 ab
2747 2356 2864 2424 ipso
2896 2355 2950 2409 in
2990 2364 3236 2408 sanctum
3297 2363 3426 2407 tern-

1870 2444 2015 2514 plum
2047 2444 2290 2514 ingressu
2324 2445 2579 2508 alienum,
2613 2446 2782 2500 donec
2818 2444 2869 2498 in
2900 2443 3150 2513 coniugio
3178 2455 3426 2512 perman-

1870 2534 2022 2592 serit.
2059 2535 2173 2591 iioc
2206 2535 2349 2591 enim
2404 2538 2567 2591 etiam
2613 2537 2818 2591 sanctis
2855 2535 3128 2602 Patribus,
3186 2534 3279 2604 qui
3333 2547 3431 2589 nos

1870 2640 2286 2701 praecesserunt,
2312 2629 2483 2684 visum
2514 2637 2615 2684 est.
2651 2627 2761 2683 Nos
2782 2643 2907 2683 vero
2927 2629 3088 2683 etiam
3112 2626 3431 2682 sententiam

1871 2720 2197 2790 apertiorem
2226 2720 2535 2787 reddentes,
2569 2721 2746 2789 ipsum
2800 2728 2910 2773 uta
2938 2719 3245 2773 Christiana
3273 2732 3437 2785 repu-

1872 2813 2010 2868 blica
2049 2813 2280 2867 alienum
2333 2812 2666 2868 abdicamus.
2691 2813 2767 2866 Ac
2792 2812 2871 2868 sic
2902 2812 3117 2882 quidem
3145 2813 3211 2867 de
3240 2820 3437 2881 quarto

1874 2905 2244 2960 matrimonio.
2278 2903 2347 2959 Ut
2380 2912 2581 2970 autem,
2606 2919 2725 2974 qua:
2771 2905 2838 2958 ad
2866 2905 2969 2959 alia
3000 2918 3213 2974 quoque
3244 2902 3436 2957 matri-

1876 2998 2055 3051 monia
2089 2996 2380 3066 pertinent,
2418 2999 2700 3053 decentius
2730 3000 3159 3064 constituantur,
3200 3006 3256 3052 et
3281 2997 3439 3052 Chri-

1877 3088 2053 3144 stiana
2076 3087 2181 3143 vita
2226 3104 2332 3144 non
2375 3088 2649 3159 indignam
2687 3089 3079 3145 institutionem
3120 3089 3337 3151 habeat,
3371 3086 3439 3142 de

1878 3181 2038 3235 tertio
2056 3196 2268 3251 quoque
2290 3180 2960 3245 matrimoniofdelinlmus,
2974 3190 3153 3235 utnon
3172 3178 3435 3242 absolute,

1876 3284 2052 3340 neque
2075 3282 2271 3327 temere
2295 3272 2623 3341 perﬁciatur.
2658 3270 2868 3326 Etenim
2890 3286 2917 3324 a
2936 3271 3184 3326 Patribus
3200 3271 3436 3340 quidem,

1878 3372 1937 3418 ut
1953 3363 2161 3429 sordes,
2188 3363 2509 3432 permissum
2532 3372 2756 3427 esl,non
2777 3371 2905 3416 tunc
2925 3361 3182 3431 temporis
3197 3361 3437 3430 quidem,

1878 3454 2021 3509 sicut
2054 3470 2217 3518 nunc,
2249 3468 2307 3509 re
2331 3453 2464 3509 citra
2487 3452 2647 3507 ullam
2674 3453 2922 3508 ruborem
2949 3453 3291 3521 impudenter
3319 3466 3442 3520 per-

1881 3556 2024 3611 acta,
2049 3557 2101 3601 et
2131 3546 2598 3602 indiscriminatim
2622 3554 2900 3600 contracta
2925 3561 2938 3597 :
2970 3544 3063 3600 sed
3091 3544 3441 3614 quemadmo-

1881 3636 2010 3691 dum
2038 3637 2081 3690 si
2105 3636 2225 3704 quis
2254 3636 2343 3703 qui
2374 3636 2424 3689 in
2452 3636 2610 3689 domo
2635 3634 2688 3689 in
2721 3634 2979 3704 angulum
3001 3634 3214 3697 incidit,
3234 3632 3440 3686 multas

1881 3740 2022 3796 saepe
2053 3726 2239 3788 sordes
2262 3726 2395 3781 sitas
2426 3725 2639 3787 viderit,
2668 3740 2809 3778 nunc
2835 3733 3015 3778 autem
3043 3722 3257 3793 quando
3278 3722 3443 3777 liber-

1884 3828 2047 3873 tatem
2071 3819 2296 3887 accepit,
2314 3827 2368 3872 et
2385 3816 2609 3886 perinde
2633 3831 2697 3871 ac
2718 3816 2763 3870 si
2793 3816 2927 3870 nihil
2951 3816 3145 3871 habeat
3162 3813 3443 3870 dedecoris

1885 3911 1989 3982 55
2006 3926 2105 3966 nec
2118 3910 2513 3965 contaminator
2527 3922 2590 3963 ex
2609 3923 2693 3969 eo,
2708 3908 2847 3977 quod
2863 3909 2929 3962 ad
2948 3895 3441 3975 multiplicationetu

1884 4001 2151 4068 procedit,
2178 4008 2478 4069 reputatur,
2519 4007 2665 4053 recte
2699 3997 2871 4052 visum
2915 4008 2996 4051 est
3022 4010 3143 4051 eam
3174 4010 3445 4065 repugna-

1886 4107 1944 4147 re
1970 4109 1985 4146 :
2013 4090 2461 4161 quemadmodum
2519 4097 2574 4144 et
2623 4088 3005 4165 turpitudinem
3046 4102 3149 4141 non
3190 4086 3243 4141 in
3278 4102 3449 4155 angu-

1890 4184 1996 4236 lum
2026 4182 2349 4252 coujectam,
2378 4179 2470 4235 sed
2500 4180 2549 4233 in
2582 4179 2787 4233 aedibus
2810 4175 3083 4241 diffusam,
3112 4176 3259 4231 nullo
3291 4175 3449 4231 modo

1890 4273 2279 4345 permittimus,
2327 4270 2422 4325 sed
2471 4283 2845 4339 repurgamus,
2884 4278 2937 4323 et
2968 4268 3107 4338 quod
3164 4267 3447 4322 molestum

1893 4375 1976 4420 est
2025 4373 2079 4418 et
2115 4364 2429 4418 indecorum
2472 4363 2540 4415 ah
2568 4376 2632 4415 eo
2664 4358 2934 4428 rejicimu’s
2956 4376 2970 4424 ;
2996 4369 3051 4413 et
3082 4361 3327 4412 humana:
3356 4355 3447 4412 ce-

215 4459 385 4527 λομεν
410 4474 424 4489 ·
460 4462 554 4508 καὶ
592 4458 655 4524 τῇ
697 4454 1012 4524 ἀνθρωπίνῃ
1047 4450 1462 4508 συνυπείκοντες
1505 4443 1777 4512 ἀσθενείᾳ,

1896 4455 2087 4508 dentes
2122 4452 2398 4515 inﬁrmati,
2427 4448 2725 4503 honestatis
2751 4456 2929 4500 autem
2967 4444 3287 4499 Christianae
3326 4443 3448 4496 vitae

215 4552 313 4605 καὶ
344 4550 441 4618 τῆς
468 4546 782 4617 πρεπούσης
810 4542 1222 4612 εὐσχημοσύνης
1247 4538 1499 4609 φροντίδα
1526 4535 1788 4602 ποιούμε-

216 4660 306 4696 νοι
337 4645 403 4712 τῇ
464 4640 824 4711 Χριστιανικῇ
886 4638 1020 4706 ζωῇ,
1075 4634 1233 4688 τοῦτο
1285 4634 1377 4685 ἐπὶ
1437 4632 1544 4684 τῶν
1588 4630 1793 4699 τρίτων

216 4737 416 4804 γάμων
468 4728 984 4802 παραφυλάττεσθαι
1019 4727 1343 4796 διορίζομεν.
1399 4724 1585 4789 Ὥστε,
1639 4722 1691 4774 εί
1713 4737 1795 4783 τις

223 4826 363 4896 πρὸς
430 4822 866 4894 τεσσαρακοστὸν
911 4820 1030 4881 ἔτος
1078 4815 1469 4886 ἀναϐεϐηκὼς,
1517 4817 1608 4867 καὶ
1657 4814 1794 4883 μήτε

221 4918 325 4988 τὴν
364 4917 525 4986 φύσιν
560 4915 894 4983 αἰδούμενος,
930 4914 1066 4982 μήτε
1120 4911 1219 4978 τῆς
1263 4908 1616 4977 ὀφειλομένης
1663 4904 1797 4972 Χρι-

231 5013 470 5073 στιανοῖς
504 5008 777 5077 εὐκόσμου
807 5006 952 5076 ζωῆς
990 5005 1250 5075 φροντίδα
1285 5002 1628 5070 ποιούμενος,
1659 4996 1796 5050 ἀλλὰ

228 5102 400 5172 μόνης
435 5100 535 5169 τῆς
598 5096 878 5169 ὲμπαθοῦς
928 5095 1223 5164 ἐπιθυμίας
1288 5094 1605 5161 γινόμενος,
1659 5088 1795 5158 πρὸς

221 5195 406 5265 τρῖτον
440 5192 634 5246 ἑαυτὸν
670 5188 982 5259 ἑπτρῤίπτει
1012 5186 1209 5255 γάμον,
1233 5184 1419 5237 τοῦτον
1447 5181 1584 5252 μετά
1619 5182 1798 5248 πάσης

226 5285 517 5357 ἀκριϐείας
576 5284 670 5336 καὶ
744 5281 1181 5352 παρατηρήσεως
1242 5278 1404 5346 μέχρι
1475 5271 1797 5332 πενταετίας

226 5380 499 5449 ἀμέτοχον
530 5370 668 5429 εἶναι
703 5374 803 5443 τῆς
836 5372 926 5425 τοῦ
959 5368 1231 5440 ἀγιασμοῦ
1283 5366 1639 5438 μεταλήψεως
1659 5381 1673 5396 ο
1704 5362 1798 5415 καὶ

231 5469 500 5540 μηδαμῶς
533 5466 621 5519 ἐπ’
669 5463 817 5532 αὐτῷ
865 5460 1258 5530 συντέμνεσθαι
1318 5458 1406 5511 τὸν
1453 5458 1666 5526 χρόνον.
1702 5455 1800 5514 ’ος

230 5562 340 5629 γὰρ
378 5560 519 5627 μετά
578 5553 1011 5624 τεσσαρακοστὸν
1060 5552 1178 5613 ἔτος
1205 5550 1272 5603 τὸ
1321 5550 1584 5619 ρύπασμα
1623 5548 1679 5598 ἐν
1731 5546 1798 5615 τῇ

233 5651 327 5704 τοῦ
360 5648 601 5720 Χριστοῦ
651 5646 949 5715 Ἐκκλησία
997 5638 1138 5697 εἶναι
1170 5643 1203 5713 ἢ
1230 5641 1488 5706 λέγεσθαι
1518 5639 1799 5708 ἠγάπησε,

234 5744 355 5799 τίνα
391 5740 615 5812 παρέξει
659 5737 1031 5810 πληροφορίαν
1075 5734 1173 5803 τῆς
1203 5734 1330 5803 περὶ
1368 5732 1457 5784 τὸν
1492 5729 1603 5799 βίον
1635 5726 1799 5783 αὑτοῦ

1893 4542 2263 4598 convenientis
2301 4554 2481 4594 curam
2529 4544 2799 4605 gerentes,
2827 4534 2929 4589 hoc
2962 4533 3012 4586 in
3054 4532 3225 4586 tertiis
3257 4532 3454 4599 nuptiis

1891 4634 2213 4689 servandum
2240 4631 2549 4685 statuimus.
2591 4626 2661 4683 Ut
2685 4628 2729 4682 si
2766 4628 2912 4697 quis,
2958 4626 3045 4695 qui
3076 4638 3274 4677 annum
3317 4637 3451 4691 qua-

1893 4726 2251 4795 dragesimum
2283 4722 2592 4786 excesserit,
2636 4729 2691 4774 et
2738 4733 2834 4772 nec
2871 4725 3117 4771 naturam
3148 4715 3409 4769 reveritus
3431 4752 3447 4776 ,

1895 4833 1991 4871 nec
2024 4819 2263 4870 honesue
2290 4814 2433 4876 vitae,
2458 4824 2574 4879 quae
2596 4824 2625 4863 a
2650 4808 2972 4864 Christianis
3009 4807 3254 4868 debetur,
3289 4803 3453 4856 ullam

1894 4925 2087 4965 curam
2110 4922 2322 4978 gerens,
2353 4906 2446 4960 sed
2492 4904 2604 4960 sola
2654 4901 2892 4957 libidinis
2932 4898 3340 4984 perturbatione
3374 4895 3455 4949 vi-

1895 5011 2034 5067 ctus,
2090 5014 2149 5054 se
2197 5001 2249 5052 in
2303 4998 2517 5052 tertium
2576 4993 2976 5049 matrimonium
3033 4986 3353 5061 projecerit,
3413 4985 3459 5038 is

1897 5105 2016 5145 cum
2046 5089 2190 5142 omni
2232 5086 2507 5157 diligentia
2551 5094 2606 5140 et
2636 5083 3014 5138 observatione
3062 5081 3136 5135 sit
3178 5091 3352 5146 usque
3394 5076 3458 5128 ad

1899 5178 2329 5249 quinquennium
2388 5174 2711 5230 sacramenti
2769 5169 3169 5228 communionis
3238 5166 3460 5220 minium

1901 5271 2189 5339 particeps,
2223 5278 2273 5322 et
2303 5281 2401 5321 uec
2445 5266 2544 5321 hoc
2582 5274 2787 5333 tempus
2831 5262 2905 5317 illi
2949 5259 3320 5316 contrahatur.
3357 5253 3459 5320 Qui

1899 5360 2041 5416 enim
2083 5368 2203 5429 post
2244 5372 2443 5412 annum
2491 5354 2961 5426 quadragesimum
3004 5352 3057 5405 in
3102 5346 3301 5403 Christi
3358 5343 3459 5397 Ec-

1900 5452 2063 5506 clesia
2099 5464 2219 5504 esse
2254 5449 2337 5503 vel
2383 5448 2488 5503 dici
2514 5446 2735 5510 amavit,
2769 5443 2910 5515 quod
2942 5440 3179 5496 melioris
3213 5437 3335 5489 vita:
3371 5446 3462 5485 ar-

1904 5549 2215 5612 gumentum
2257 5538 2508 5609 prrebebit
2532 5577 2547 5601 ,
2597 5546 2817 5607 propter
2853 5533 2997 5603 quod
3028 5539 3239 5598 tempus
3277 5535 3465 5580 sacra-

1904 5640 2204 5687 mentorum
2220 5626 2642 5699 participationis
2658 5626 2706 5681 ei
2729 5618 3102 5679 contrahatur?
3123 5616 3225 5671 Sed
3246 5620 3300 5669 et
3323 5618 3465 5682 post-

1903 5740 2063 5795 quam
2083 5721 2360 5794 impolluta
2383 5717 2792 5791 participatione
2817 5715 3007 5785 dignus
3043 5710 3259 5765 habitus
3281 5700 3468 5765 fuerit,
