4018 6434
567 321 669 382 599

1817 326 2090 386 TIIEOD.
2135 325 2530 386 BALSAMON

3712 318 3827 380 600

564 455 670 492 non
709 437 808 492 erit
853 439 897 491 ei
942 439 1256 508 pet-missoin
1302 439 1352 492 in
1403 440 1505 493 alio
1546 448 1785 508 tempore
1830 442 1895 494 ad
1921 442 2120 510 partici-

2240 448 2513 516 σπουδῆς.
2569 450 2634 501 δι’
2689 447 2753 516 ἦν
2798 448 2824 498 δ
2879 445 3068 515 χρόνος
3123 440 3217 512 τῆς
3275 440 3637 512 ρεταλήψιως
3704 439 3818 488 τῶν

565 534 828 599 nationem
875 533 1167 597 accedere,
1203 549 1361 602 quam
1417 535 1466 586 in
1515 533 1623 588 sola
1668 533 1891 587 salutari
1925 533 2126 588 Christi

564 632 618 674 et
674 621 882 676 Domini
935 623 1102 676 nostri
1161 624 1581 688 resurrectione,
1618 634 1835 691 propter
1873 639 2128 692 repurga-

567 715 802 779 tionem,
852 722 907 766 ut
956 714 1209 782 possibile
1257 725 1368 777 est,
1419 729 1480 767 ex
1525 717 1858 783 praecedente
1900 715 2131 782 jejunio;

565 819 682 855 rum
703 804 1048 857 abstinentia.
1073 803 1194 858 Hmc
1211 814 1385 858 autem
1405 806 1653 870 dicimus,
1677 807 1889 875 quando
1910 806 2128 875 exjprio-

566 893 712 946 ribus
735 893 1094 947 matrimoniis
1118 909 1219 947 non
1242 894 1440 949 fuerint
1465 895 1614 949 liberi
1649 897 1844 964 lis,'qui
1879 906 1995 963 post
2028 912 2124 950 au-

567 997 694 1033 uttm
725 983 1199 1053 quadragesimum
1225 986 1436 1039 tertiam
1468 1000 1694 1039 uxorem
1727 987 1924 1041 ducere
1949 987 2126 1040 volue-

567 1071 714 1124 rint:
760 1086 880 1123 nam
932 1072 977 1125 si
1030 1073 1232 1126 liberos
1282 1074 1590 1139 habuerint,
1647 1075 1725 1129 eis
1770 1076 1913 1130 nullo
1966 1077 2124 1130 modo

563 1162 779 1214 tertium
815 1163 1144 1230 permittitur
1189 1167 1617 1219 matrimonium.
1661 1165 1755 1221 Est
1792 1169 1935 1220 enim
1973 1169 2125 1222 valde

563 1255 802 1324 iniquum
821 1258 1206 1326 intempestiva:
1226 1259 1430 1314 libidini
1451 1260 1742 1330 indulgere,
1768 1261 2004 1328 priorum
2031 1276 2126 1312 at:-

559 1355 665 1399 tem
717 1349 1175 1403 matriowoiorum
1202 1351 1385 1405 liberis
1427 1366 1531 1405 non
1557 1352 1902 1420 prospicere,
1939 1361 1993 1404 ut
2019 1352 2126 1404 sint

562 1439 757 1502 securi,
793 1448 843 1493 et
873 1454 900 1491 a
928 1439 1172 1494 molestia
1213 1452 1265 1494 et
1295 1443 1698 1510 perturbatione
1746 1444 1959 1502 remoti.
1996 1453 2049 1496 et
2095 1458 2122 1495 a

562 1529 804 1597 reliquis,
838 1546 959 1597 qua:
990 1532 1162 1586 solent
1191 1533 1408 1586 evenire
1439 1533 1747 1588 hominibus
1789 1549 1851 1586 ex
1891 1534 2122 1587 ﬁliorum

563 1620 850 1674 mtdtorum
892 1623 1252 1690 susceptione.
1283 1623 1433 1688 Quod
1475 1625 1516 1678 si
1562 1623 1678 1691 quis
1707 1623 1924 1691 triginta
1956 1638 2124 1676 annos

561 1717 740 1775 natus,
781 1718 834 1764 et
858 1726 920 1764 ex
953 1713 1225 1780 prioribus
1258 1715 1612 1768 matrimoniis
1657 1715 1859 1768 habens
1903 1713 2122 1777 libero=,

561 1803 736 1855 tertia:
773 1802 986 1856 mul'eri
1032 1802 1352 1870 conjunctus
1387 1805 1567 1863 fuerit.
1621 1807 1663 1858 is
1707 1820 1945 1874 quoque,
1980 1805 2120 1858 nulla

559 1893 606 1945 ei
641 1894 792 1944 venia
830 1895 973 1957 data,
1015 1895 1081 1948 ad
1107 1907 1355 1963 quartmu
1403 1911 1572 1964 usque
1618 1911 1813 1949 annum
1881 1911 2123 1948 commo-

561 1985 737 2037 niouis
765 1996 1227 2040 sacramentorum
1274 1988 1344 2039 sit
1386 2002 1598 2055 expers,
1626 1988 1747 2056 quia
1777 1987 2120 2041 manili-stum

559 2083 643 2127 est
687 2090 806 2128 eum
859 2075 971 2128 sola
1022 2075 1431 2144 intemperantia
1468 2087 1705 2138 motum.
1759 2087 1813 2131 et
1866 2079 2006 2145 quod
2055 2079 2124 2131 sit

561 2165 792 2219 carnalis
830 2165 1072 2220 libidinis
1118 2183 1330 2229 servus,
1371 2169 1434 2221 ad
1480 2169 1577 2221 hoc
1613 2184 1672 2222 se
1719 2171 2120 2223 matrimonium

561 2254 806 2308 conferre
839 2272 852 2309 :
890 2267 941 2309 et
981 2266 1262 2325 postquam
1287 2257 1446 2312 etiam
1481 2269 1941 2313 sacramentorum
1970 2259 2126 2326 parti-

560 2345 886 2415 cipationem
935 2358 1211 2402 assecutus
1250 2358 1351 2411 est,
1380 2358 1457 2403 ter
1483 2358 1685 2402 tantum
1729 2351 1779 2402 in
1818 2365 1959 2403 anno
1989 2351 2122 2403 frui-

563 2436 704 2491 tione
754 2437 949 2506 dignus
989 2439 1303 2495 habebitur:
1344 2441 1508 2492 semel
1543 2441 1754 2508 quidem
1800 2442 1850 2495 in
1898 2442 2120 2496 salutari

560 2527 757 2580 Christi
785 2538 839 2580 et
872 2527 1081 2582 Domini
1112 2531 1278 2583 neSIri
1312 2531 1746 2596 resurrectione;
1777 2532 2011 2586 secundo
2032 2547 2122 2582 au-

563 2626 668 2669 tem
724 2618 776 2670 in
831 2619 1150 2674 dormitione
1205 2620 1560 2674 immaculatm
1625 2620 1864 2674 Dominm
1929 2631 2124 2676 nostra:

564 2704 840 2772 Deiparze:
891 2716 945 2759 et
987 2707 1142 2761 tertio
1189 2708 1242 2759 in
1275 2708 1434 2761 natali
1467 2708 1668 2762 Christi
1726 2717 1779 2762 et
1808 2709 1899 2762 Dei
1928 2709 2119 2771 nostri,

559 2798 698 2862 quod
726 2796 778 2849 in
815 2797 897 2851 his
928 2802 1188 2866 praecedat
1223 2798 1510 2867 jejunium,
1534 2809 1588 2854 et
1621 2799 1737 2869 ejus
1763 2800 1964 2853 utilitas
1994 2819 2006 2854 :
2038 2800 2118 2853 sin

559 2894 735 2939 autem
772 2904 876 2941 non
905 2890 1180 2956 supersint
1222 2891 1409 2953 liberi,
1457 2890 1580 2958 quia
1611 2889 1903 2945 liberorum
1937 2905 2123 2945 susce-

557 2980 791 3046 ptionem
820 2980 1127 3036 desiderare
1188 2997 1291 3035 non
1335 2993 1418 3037 est
1462 2983 1734 3050 indignum
1768 2984 1956 3049 venia;
1995 2994 2120 3037 tunc

559 3071 662 3123 tale
691 3071 1092 3125 matrimonium
1124 3075 1278 3126 venia
1311 3072 1530 3143 dignum
1553 3073 1902 3142 judicabitur,
1933 3083 1987 3127 et
2008 3075 2116 3128 sola

555 3178 617 3213 ea
664 3177 845 3231 poma,
879 3177 997 3227 qua:
1042 3165 1109 3218 ab
1143 3165 1299 3219 initio
1342 3175 1394 3218 et
1443 3167 1719 3231 hucusque
1768 3174 1979 3224 servata
2015 3173 2116 3228 est,

556 3254 858 3310 Sanabitur.
897 3253 1022 3309 Haec
1054 3256 1214 3310 ctiam
1253 3256 1316 3310 de
1346 3256 1503 3309 tertio
1535 3256 1904 3309 matrimonio.
1941 3255 2122 3322 Atque

557 3361 652 3400 nec
674 3345 970 3401 secundum
994 3386 1008 3410 ,
1073 3362 1172 3401 nec
1203 3348 1434 3414 primum
1469 3346 1669 3416 absque
1717 3348 1969 3401 cautione
1997 3349 2119 3399 data

557 3436 932 3503 relinquimus,
968 3437 1058 3489 sed
1096 3446 1150 3490 et
1191 3438 1280 3491 illa
1317 3438 1396 3491 sic
1429 3438 1676 3491 contrahi
1709 3437 2018 3499 statuimus,
2065 3444 2122 3488 ut

560 3525 756 3578 nullam
804 3525 998 3578 malam
1048 3538 1260 3577 causam
1299 3524 1548 3586 habeant,
1589 3524 1668 3578 vel
1701 3539 1765 3576 ex
1809 3531 1989 3591 raptu,
2039 3523 2121 3576 vel

556 3628 622 3666 ex
655 3614 992 3678 praecedente
1013 3612 1348 3666 clandestino
1381 3613 1700 3676 concubitu;
1728 3613 1818 3667 sed
1853 3614 2118 3682 legitime,

555 3715 609 3757 et
642 3705 708 3759 ab
741 3704 825 3764 iis.
858 3704 950 3773 qui
985 3705 1048 3757 ab
1075 3703 1335 3772 ejusmodi
1362 3705 1778 3773 inquinamentis
1807 3714 1859 3758 et
1885 3705 2122 3757 fornica-

560 3796 695 3850 toria
736 3795 1044 3863 impuritate
1074 3796 1258 3848 mundi
1287 3806 1427 3849 sunt.
1453 3795 1506 3848 Si
1528 3796 1647 3862 quis
1673 3810 1821 3863 ergo,
1854 3795 2121 3861 prtedirtis

558 3885 1038 3939 constitutionibus
1081 3885 1362 3952 neglectis,
1409 3886 1473 3938 ad
1522 3886 1850 3940 matrimonii
1895 3901 2121 3940 censue-

561 3976 797 4028 todinem
844 3976 1074 4044 primam
1130 3976 1213 4028 vel
1257 3977 1544 4030 secundam
1594 3978 1950 4044 processerit,
1997 3991 2117 4030 eum

559 4064 761 4119 Christi
793 4065 1056 4122 Ecclesia.
1091 4079 1209 4133 qua:
1241 4075 1325 4119 est
1360 4080 1511 4132 pura,
1543 4065 1882 4119 immaculata
1914 4076 1965 4119 et
2005 4067 2122 4119 sine

559 4171 692 4224 ruga
727 4195 741 4219 ,
804 4154 1135 4208 salutaribus
1179 4155 1668 4211 examinationihus
1711 4156 1966 4224 subjicit,
2024 4173 2121 4210 nec

558 4246 706 4314 prius
748 4245 813 4296 ad
862 4244 1168 4297 divinorum
1227 4245 1607 4313 mysteriorum
1654 4245 2117 4313 participationem

555 4335 837 4394 admittet.
885 4347 1048 4400 quam
1095 4342 1306 4400 tempus
1358 4333 1407 4384 in
1440 4331 1797 4386 fornicatione
1842 4334 2118 4386 deﬁnitum

2235 549 2594 615 ἁγιασμάτων
2620 545 2768 615 αὐτῷ
2811 544 3294 613 συντμηθήσεταις
3344 539 3506 591 ama
3535 538 3627 589 καὶ
3677 536 3818 602 μετά

2232 645 2291 696 τὸ
2319 643 2617 706 ἀξιωθῆναι
2657 642 2752 708 τῆς
2802 639 3073 708 ἀχράντου
3120 632 3487 703 μεταλήψεως
3525 631 3626 684 οὐκ
3659 630 3818 680 ἔσται

2231 735 2728 804 συγκεχωρημένον
2770 734 2918 798 αὐτῷ
2955 733 3008 784 ὲν
3031 730 3174 798 ἄλλῳ
3205 727 3382 795 καιρῷ
3404 728 3467 793 τῇ
3505 721 3817 791 μεταλήψει

2231 830 2517 895 προσιέναι
2576 828 2606 894 ἦ
2667 829 2726 878 ὲν
2797 825 2930 894 μένῃ
2981 826 3042 888 τῇ
3106 821 3360 888 σωτηρίῳ
3424 817 3523 869 τοῦ
3573 813 3816 882 Χριστοῦ

2230 925 2324 975 καὶ
2355 922 2489 973 Θεοῦ
2524 920 2683 988 ἡμῶν
2721 917 3014 971 ἀναστάσει
3044 914 3130 968 διὰ
3167 914 3267 982 τὴν
3297 913 3356 963 ἐκ
3383 912 3482 978 τῆς
3523 925 3811 977 προηγου-

2231 1015 2397 1082 μένης
2431 1011 2758 1078 ἐγκρατείας
2790 1009 2899 1060 τῶν
2935 1005 3222 1074 νηστειῶν,
3259 1002 3331 1063 ὡς
3383 1000 3640 1058 δυνατδν,
3678 999 3818 1049 ἀνιτ-

2228 1106 2514 1171 κάθαρσιν.
2564 1103 2748 1154 Ταῦτα
2788 1101 2844 1153 δέ
2903 1116 3104 1166 φαμεν,
3150 1097 3277 1148 ὅταν
3327 1094 3401 1162 μὴ
3447 1094 3622 1145 τέκνα
3663 1092 3816 1156 παρῇ

2227 1201 2289 1250 ὲκ
2316 1197 2425 1247 τῶν
2459 1197 2741 1264 προτέρων
2777 1195 2972 1260 γάμων
3028 1195 3139 1251 τοῖς
3176 1192 3273 1260 ήδη
3323 1188 3461 1257 μετά
3495 1186 3557 1237 τὸ
3611 1201 3821 1236 τεσσα-

2232 1292 2495 1358 ρακοστὸν
2539 1290 2656 1350 ἔτος
2702 1287 2894 1356 τρίτην
2949 1286 3182 1352 ἄγεσθαι
3242 1281 3664 1352 προῃρημένοις
3712 1294 3818 1342 γυο

2227 1386 2422 1435 ναῖκοι·
2459 1381 2601 1444 ἐπεὶ,
2638 1381 2732 1432 ἐὰν
2762 1377 2927 1432 τέκνα
2965 1380 3138 1446 παρῇ,
3175 1374 3570 1442 ἀσυγχώρητος
3623 1371 3819 1431 αὐτοῖς

2227 1478 2259 1536 ἠ
2292 1475 2583 1545 τριγαμία.
2635 1474 2769 1527 Λίαν
2827 1471 2935 1542 γάρ
2986 1473 3103 1524 ἐστι
3156 1469 3341 1523 ἄδικον
3385 1467 3479 1518 τὸν
3525 1467 3626 1534 μὲν
3658 1465 3820 1533 χαρί-

2226 1571 2413 1633 ζεσθαι
2445 1571 2508 1637 τῇ
2545 1567 2730 1636 ὲξὼρῳ
2764 1565 3054 1634 ἐπιθυμίᾳ.
3097 1566 3210 1624 τοῖς
3243 1562 3299 1615 δὲ
3332 1562 3488 1614 παισῖ
3524 1561 3636 1611 τῖεν
3673 1576 3819 1625 προ-

2227 1664 2398 1731 τέρων
2427 1662 2620 1729 γάμων
2657 1659 2730 1728 μὴ
2766 1659 3110 1726 προνοεῖσθαι
3144 1657 3204 1708 τὸ
3249 1654 3489 1719 ἀσφαλὲς
3538 1654 3633 1706 καὶ
3683 1653 3822 1705 ἄλυ-

2159 1776 2198 1833 B
2229 1770 2330 1804 πον
2378 1754 2470 1805 καὶ
2508 1753 2804 1820 ἀτάραχον,
2836 1752 2928 1803 καὶ
2975 1752 3076 1802 ὅσα
3134 1750 3192 1802 τὸ
3243 1749 3591 1816 ἀνθρώπινον
3642 1763 3820 1797 κατα-

2228 1845 2496 1912 λαμϐάνει
2536 1845 2598 1896 ἐκ
2653 1843 2752 1911 τῆς
2799 1843 3146 1911 πολυσπόρου
3207 1840 3548 1892 τεκνώσεως.
3599 1837 3714 1888 Καὶ
3768 1837 3819 1885 εἰ

2228 1951 2310 1996 τις
2343 1934 2396 1988 δὲ
2435 1933 2868 2001 τριακονταετὴς
2922 1931 3020 1993 ὢν,
3074 1930 3166 1982 καὶ
3220 1930 3386 1980 τέκνα
3422 1928 3563 1996 ἔχων
3593 1927 3658 1976 ἐκ
3701 1925 3820 1976 τῶν

2230 2027 2617 2097 προλαϐόντων
2675 2027 2888 2092 γάμων,
2940 2025 3101 2092 τρίτῃ
3158 2022 3379 2086 γυναικὶ
3437 2021 3814 2077 συνάπτοιτο,

2228 2123 2321 2173 καὶ
2348 2113 2503 2181 οὗτος
2546 2116 2938 2186 ἀσυγχιῦρητος
2978 2116 3142 2184 μέχρι
3191 2115 3454 2179 τετάρτου
3499 2111 3658 2170 ἔτους
3708 2109 3816 2174 τῆς

2227 2208 2511 2269 κοινωνίας
2559 2210 2668 2261 τῶν
2721 2207 3078 2275 ἀγιασμάτων
3121 2205 3387 2271 ἀμέτοχος
3433 2201 3589 2252 ἔσται
3622 2217 3636 2231 ·
3676 2199 3812 2251 διότι

2227 2301 2386 2368 δῆλός
2421 2303 2568 2354 ἐστιν
2613 2301 2670 2364 ἐξ
2710 2300 2925 2359 οὐδενὸς
2950 2299 3138 2366 ἑτέρου
3173 2295 3290 2346 ἀλλ’
3323 2294 3354 2362 ἢ
3385 2291 3490 2344 ὑπὸ
3529 2290 3812 2358 ἀκρασίας

2227 2394 2566 2462 κινούμενος,
2600 2393 2693 2446 καὶ
2729 2388 2822 2444 τοῦ
2873 2389 3058 2442 δοῦλον
3094 2383 3236 2439 εἶναι
3285 2385 3560 2454 σαρκικῆς
3612 2382 3810 2434 ἐπιθυ-

2231 2488 2356 2555 μίας
2387 2485 2480 2537 ἐπὶ
2524 2484 2614 2536 τὸν
2659 2482 2896 2535 τοιοῦτον
2944 2479 3121 2546 γάμον
3165 2476 3338 2530 ἐλθεῖν
3397 2475 3508 2525 Καὶ
3556 2471 3702 2539 μετά
3752 2470 3812 2522 -.>.

2225 2581 2409 2647 τυχεῖν
2444 2577 2497 2628 δὲ
2533 2577 2630 2644 τῆς
2662 2571 3016 2644 μεταλήψεως
3049 2570 3155 2622 τῶν
3187 2567 3524 2636 μυστηρίων,
3554 2567 3682 2632 τρὶς
3717 2563 3810 2615 τοῦ

2227 2666 2470 2720 ἐνιαυτοῦ
2501 2667 2663 2733 μόνου
2713 2662 3078 2732 ἀξιωθήσεται
3114 2659 3214 2727 τῆς
3248 2654 3629 2715 ἀπολαύσεως,
3664 2650 3814 2714 ἅπαξ

2229 2761 2326 2827 μὲν
2373 2760 2432 2812 ὲν
2483 2760 2548 2829 τῇ
2600 2756 2853 2825 σωτηρίῳ
2902 2753 2998 2807 τοῦ
3051 2750 3292 2821 Χριστοῦ
3328 2749 3424 2801 καὶ
3476 2745 3616 2799 Θεοῦ
3653 2745 3814 2814 ἡμῶν

2225 2851 2542 2913 ἀναστάσει,
2569 2848 2821 2918 δεύτερον
2843 2848 2898 2900 δὲ
2927 2849 2985 2899 ἐν
3016 2848 3080 2914 τῇ
3119 2844 3375 2913 κοιμήσει
3407 2844 3508 2909 τῆς
3532 2841 3812 2910 ἀχράντου

2223 2943 2508 3012 δεσποίνης
2537 2943 2698 3010 ὴμῶν
2724 2940 3011 2996 Θεοτὸκου.
3036 2938 3130 2990 καὶ
3159 2935 3342 3002 τρίτον
3371 2935 3429 2985 ὲν
3456 2936 3519 3001 τῇ
3547 2931 3813 2998 γενεθλίῳ

2227 3037 2408 3106 ἡμέρᾳ
2437 3035 2529 3088 τοῦ
2561 3031 2796 3102 Χριστοῦ
2847 3034 2944 3085 καὶ
2986 3030 3119 3083 Θεοῦ
3167 3029 3346 3098 ἡμῶν,
3380 3028 3468 3079 διὰ
3501 3025 3564 3077 τὸ
3606 3025 3705 3077 καὶ
3755 3026 3813 3076 ὲν

2148 3109 2188 3167 C
2228 3129 2452 3189 ταύταις
2492 3126 2855 3195 προηγεῖσθαι
2908 3123 3187 3193 νηστείαν,
3224 3119 3317 3172 καὶ
3374 3117 3436 3171 τὸ
3493 3119 3556 3169 ἐκ
3603 3117 3815 3185 ταύτης

2226 3221 2436 3288 δφελος.
2475 3221 2540 3274 Et
2571 3220 2625 3273 δὲ
2659 3219 2844 3279 παῖδες
2882 3217 2954 3285 μὴ
2981 3214 3272 3282 περίεισιν,
3307 3210 3499 3280 ἐπειδὴ
3531 3210 3592 3262 τὸ
3624 3225 3815 3260 τεκνοο

2225 3312 2409 3379 γονίας
2454 3311 2740 3378 ἐπιθυμεῖν
2783 3311 2884 3361 οὐκ
2922 3307 3343 3372 ἀσύγγνωστον,
3399 3302 3463 3354 τὸ
3503 3300 3814 3368 τηνικαῦτα

2228 3404 2561 3473 συγγνώμης
2609 3402 2975 3470 ἀξιωθήσεται
3037 3402 3064 3451 ὁ
3120 3396 3364 3458 τοιοῦτος
3419 3397 3650 3463 γάμος,
3720 3391 3815 3446 καὶ

2227 3497 2373 3564 μόνῳ
2409 3497 2487 3564 τῷ
2533 3495 2770 3563 ἐξαρχῆς
2811 3493 2903 3544 καὶ
2956 3492 3117 3560 μέχρι
3167 3489 3261 3542 τοῦ
3313 3489 3409 3540 νῦν
3461 3490 3814 3555 κρατήσαντι

2226 3587 2486 3654 ἐπιτιμίῳ
2557 3584 3049 3655 θεραπευθήσεται.
3113 3581 3299 3633 Ταῦτα
3361 3581 3460 3647 μὲν
3526 3578 3624 3630 καὶ
3685 3578 3814 3645 περὶ

2223 3677 2405 3745 τρίτου
2437 3679 2638 3743 γάμου.
2674 3675 2749 3726 Οὐ
2790 3674 2897 3742 μὴν
2945 3672 3066 3725 οὐδὲ
3113 3671 3204 3722 τὸν
3245 3669 3523 3736 δεύτερον,
3561 3668 3690 3719 οὐδὲ
3724 3667 3814 3718 τὸν

2228 3771 2442 3837 πρῶτον
2490 3769 2647 3828 ὲκτδς
2693 3766 2993 3833 ἀσφαλείας
3044 3764 3262 3831 ἐῶμεν·
3315 3760 3456 3815 ἀλλά
3512 3761 3816 3820 κάκείνους

2226 3861 2477 3931 ὁρίζομεν
2530 3861 2673 3912 οὓτω
2725 3858 3098 3918 συνίστασθαι,
3135 3855 3275 3908 ὣστε
3335 3853 3615 3921 μηδεμίαν
3665 3853 3813 3918 ἔχειν

2229 3952 2470 4020 πονηρὰν
2505 3949 2741 4019 αἰτίανῆ
2783 3948 2843 4012 ὲξ
2873 3949 3131 4016 ἁρπαγῆς
3163 3945 3196 4014 ἢ
3234 3948 3292 4010 ἐξ
3335 3944 3816 4012 προηγησαμένης

2227 4043 2483 4111 λαθραίου
2519 4042 2747 4111 φθορᾶς,
2785 4040 2920 4093 ἀλλά
2949 4039 3196 4108 νομίμως
3229 4037 3323 4090 καὶ
3351 4036 3817 4105 καθαρρευόντως

2224 4137 2331 4186 τῶν
2376 4135 2635 4186 τοιούτων
2696 4132 3059 4202 μολυσμάτων
3092 4131 3186 4183 καὶ
3248 4129 3516 4198 πορνικῆς
3565 4129 3820 4196 ἀκαθαρσ

2224 4229 2366 4287 σίας.
2422 4226 2486 4277 Εἴ
2541 4243 2624 4288 τις
2687 4224 2800 4287 οὖν,
2851 4225 2961 4275 τῶν
3029 4221 3336 4292 εἰρημένων
3378 4223 3818 4291 καταφρονήσας

2225 4320 2433 4378 τύπων,
2471 4317 2607 4383 πρὸς
2650 4316 2894 4384 γαμικὴν
2922 4315 3137 4383 ὁμιλίαν
3174 4313 3400 4382 πρώτην
3449 4314 3480 4380 ἦ
3541 4312 3817 4382 δευτέραν

557 4424 728 4490 ipsum
777 4423 1060 4490 diligenter
1080 4419 1380 4487 explevisse
1408 4421 1649 4474 didicerit
1679 4422 1802 4489 (nisi
1849 4420 1986 4475 forte
2023 4438 2118 4474 oe-

2230 4407 2483 4476 συνέλθῃ,
2521 4405 2709 4458 τοῦτον
2740 4408 2770 4476 ἡ
2799 4406 2892 4459 τοῦ
2922 4405 3162 4475 Χριστοῦ
3191 4400 3489 4468 Ἐκκλησία
3519 4403 3552 4471 ἡ
3588 4403 3815 4468 καθαρᾶ

553 4513 822 4567 cessarius
845 4513 995 4565 evita
1016 4524 1272 4565 excessus
1301 4510 1535 4578 urgeat),
1558 4511 1723 4564 donec
1741 4512 1941 4564 scilicet
1959 4514 2120 4577 septi-

555 4619 677 4657 mus
700 4618 870 4656 annus
893 4602 1191 4669 completus
1215 4600 1396 4655 fuerit.
1419 4601 1682 4656 Sacerdos
1706 4603 1999 4669 autem.qui
2027 4618 2121 4653 au-

555 4709 646 4747 sus
667 4693 846 4756 fuerit,
867 4700 1057 4760 prater
1077 4690 1126 4743 id
1147 4691 1287 4759 quod
1308 4699 1565 4744 statutum
1586 4700 1684 4750 est,
1712 4693 1886 4744 divina
1907 4692 2121 4758 partici-

555 4783 772 4850 patione
810 4781 1040 4847 aliquem
1073 4780 1333 4849 ejusmodi
1361 4781 1589 4848 dignari,
1613 4782 1679 4835 de
1712 4781 1928 4850 proprio
1951 4783 2117 4848 gradu

555 4874 608 4924 in
634 4870 929 4938 periculum
952 4871 1161 4937 veniet;
1183 4886 1248 4926 eo
1266 4870 1530 4932 videlicet,
1564 4871 1650 4937 qui
1678 4878 1871 4938 prater
1888 4867 2116 4921 formam

556 4966 934 5016 communione
964 4960 1161 5028 dignus
1200 4968 1282 5015 est
1312 4962 1547 5024 habitus,
1584 4962 1647 5014 ad
1677 4961 2117 5014 excommunica-

562 5055 761 5107 tionem
797 5053 988 5108 iterum
1015 5055 1252 5119 redacto,
1283 5068 1455 5122 usque
1481 5055 1544 5106 ad
1581 5055 1792 5120 septimi
1821 5055 1943 5108 anni
1977 5069 2117 5108 com-

558 5144 903 5211 plementum.
959 5143 1062 5197 Sed
1113 5144 1228 5197 haec
1257 5145 1492 5211 quidem,
1523 5155 1578 5197 ut
1605 5155 1876 5199 ostensum
1917 5155 2019 5209 est,
2051 5145 2117 5197 ab

558 5235 624 5288 iis
650 5236 738 5303 qui
778 5235 903 5287 olim
950 5235 1301 5302 imperavere,
1352 5233 1494 5287 facta
1546 5246 1688 5288 sunt.
1737 5235 1891 5288 None
1935 5247 2112 5289 autem

557 5323 732 5377 Patris
763 5336 815 5378 et
846 5324 962 5377 Filii
996 5333 1049 5377 et
1070 5325 1252 5379 sancti-
1278 5325 1512 5393 Spiritus
1548 5326 1885 5394 beneplacito
1917 5339 1964 5380 et.
1997 5345 2115 5395 gra-

557 5413 651 5476 tia,
684 5424 737 5468 et
763 5414 1066 5480 purissimis
1095 5414 1297 5484 Deique
1321 5415 1504 5470 Matris
1527 5415 1636 5486 56'
1662 5427 1712 5469 et
1745 5418 1921 5485 magni
1955 5419 2114 5472 coele-

554 5504 654 5557 s:i~;
679 5505 878 5557 militia:
902 5503 1166 5573 Principis
1193 5507 1684 5570 intercessionibus,
1711 5522 1802 5561 eos
1834 5510 1921 5575 qui
1950 5524 2112 5561 neua-

552 5593 694 5658 ιιῐειιιι
719 5600 841 5644 ante
861 5594 1017 5647 annis
1041 5608 1136 5659 pro
1155 5609 1316 5649 causa
1340 5604 1393 5648 et
1414 5596 1698 5649 occasione
1726 5599 1871 5662 prius
1896 5608 2108 5649 ostensa

549 5683 757 5749 abrupti
784 5693 935 5736 erant
964 5686 1296 5749 sacerdotes,
1338 5691 1392 5741 et
1431 5688 1750 5749 monachos,
1779 5689 2048 5757 egregium
2081 5706 2106 5740 ιι

2234 4503 2326 4552 καὶ
2361 4500 2563 4570 μηδένα
2599 4500 2784 4552 σπῖλον
2808 4499 3005 4568 ἔχουσα
3035 4499 3065 4566 ἢ
3098 4496 3308 4565 ῥυτίδα.
3348 4497 3462 4556 τοῖς
3511 4497 3818 4565 σωτηρίοις

2231 4592 2610 4646 ὑποϐάλλουσα
2687 4593 2983 4659 ὲτασμοῖς,
3042 4589 3102 4640 οὐ
3161 4588 3293 4658 πρὶν
3355 4589 3435 4649 είς
3502 4588 3817 4658 μετάληψιν

2229 4683 2586 4752 παραδέξεται
2620 4682 2725 4733 τῶν
2753 4681 2911 4733 θείων
2941 4678 3276 4750 μυστηρίων,
3308 4678 3335 4748 ἦ
3379 4679 3472 4731 τὸν
3498 4679 3816 4750 ὡρισμένον

2227 4776 2319 4824 ἐπὶ
2357 4776 2420 4840 τῇ
2457 4772 2680 4842 πορνείᾳ
2712 4771 2904 4839 χρόνον
2967 4770 3128 4836 μάθοι
3158 4830 3163 4836 _
3190 4769 3438 4836 ἀκριϐῶς
3493 4770 3666 4822 αὑτὸν
3722 4773 3817 4822 ἐκ·

2228 4861 2554 4931 πληρῶσαι·
2593 4863 2640 4912 εἰ
2683 4861 2756 4928 μὴ
2795 4860 2900 4930 ἄρα
2938 4861 2970 4928 ἡ
3016 4858 3110 4910 τοῦ
3159 4858 3276 4926 βίου
3323 4859 3602 4923 ἀναγκαία
3649 4877 3817 4911 κατε-

2228 4955 2407 5021 πείγει
2455 4953 2824 5021 ἀναχώρησις,
2858 4952 3108 5004 τουτέστι
3142 4950 3338 5020 μέχρις
3368 4947 3434 5001 ἂν
3468 4948 3527 5000 τὸ
3573 4948 3815 5018 ἕϐδομον

2228 5045 2557 5114 ἐκπληρωθῇ
2605 5044 2744 5106 ἔτος.
2810 5043 2867 5094 '0
2910 5043 2967 5094 δὲ
3003 5041 3222 5109 τολμῶν
3269 5039 3447 5107 ἱερεὺς
3494 5040 3649 5107 παρα
3719 5041 3812 5093 τὸν

2227 5135 2698 5204 διατετυπωμένον
2735 5135 2857 5204 ὅρον
2892 5131 3250 5200 μεταλήψεως
3305 5129 3459 5191 θείας
3505 5129 3630 5181 τινά
3681 5133 3809 5183 τού-

2223 5247 2331 5280 των
2365 5227 2593 5292 ἀξιῶσαι
2644 5229 2774 5295 περὶ
2833 5228 2922 5278 τὸν
2982 5226 3113 5277 [διον
3169 5221 3510 5276 κινδυνεύσει
3566 5221 3806 5291 βαθμὸν,

2224 5319 2463 5386 δηλονότι
2494 5319 2585 5372 τοῦ
2622 5318 2943 5383 ἀξιωθέντος
2977 5319 3124 5381 παρὰ
3161 5316 3252 5367 τὸν
3294 5315 3605 5384 ὡρισμένον
3632 5314 3808 5366 τύπον

2225 5411 2318 5476 τῆς
2354 5409 2503 5472 θείας
2557 5411 2840 5472 κοινωνίας
2890 5409 3051 5460 πάλιν
3081 5408 3160 5467 είς
3192 5405 3252 5457 τὸ
3289 5404 3665 5472 ἀκοινώνητον
3707 5425 3805 5459 πε..

2224 5501 2576 5570 ριιτταμένου
2655 5502 2816 5568 μέχρι
2885 5496 3338 5566 συμπληρώσεως
3409 5495 3505 5547 τοῦ
3569 5496 3802 5562 ἑϐδόμου

2223 5597 2394 5659 ἔτους.
2433 5598 2594 5649 Ἀλλά
2641 5597 2812 5650 ταῦτα
2876 5597 2994 5662 μὲν,
3048 5595 3122 5655 ὡς
3180 5595 3502 5664 δεδήλωται,
3537 5594 3648 5645 ὑπὸ
3698 5595 3802 5646 τῶν

2224 5690 2387 5740 παλαι
2422 5689 2852 5759 βασιλευσάντων
2907 5687 3261 5755 ἐπράχθησαν
3289 5702 3302 5716 °
3357 5685 3452 5738 νῦν
3512 5685 3569 5738 δὲ
3604 5689 3671 5755 τῇ
3708 5683 3797 5737 τοῦ
