  <div class='ocr_page' id='page_1' title='image "/cluster/home/n/w/nwhite01/storage/ocr_20150623/138/ien.35556001660133/314.png"; bbox 0 0 4018 6450; ppageno 0'>
   <div class='ocr_carea' id='block_1_1' title="bbox 223 362 319 426">
    <p class='ocr_par' dir='ltr' id='par_1_1' title="bbox 223 362 319 426">
     <span class='ocr_line' id='line_1_1' title="bbox 223 362 319 426; baseline 0 0"><span class='ocrx_word' id='word_1_1' title='bbox 223 362 319 426; x_wconf 76' lang='lat'><strong>601</strong></span> 
     </span>
    </p>
   </div>
   <div class='ocr_carea' id='block_1_2' title="bbox 1181 365 2517 443">
    <p class='ocr_par' dir='ltr' id='par_1_2' title="bbox 1181 365 2517 443">
     <span class='ocr_line' id='line_1_2' title="bbox 1181 365 2517 443; baseline 0.013 -18"><span class='ocrx_word' id='word_1_2' title='bbox 1181 365 1263 426; x_wconf 57' lang='grc' dir='ltr'><strong>ΙΝ</strong></span> <span class='ocrx_word' id='word_1_3' title='bbox 1293 367 1534 429; x_wconf 81' lang='lat' dir='ltr'><strong>EPIST.</strong></span> <span class='ocrx_word' id='word_1_4' title='bbox 1573 369 1633 428; x_wconf 92' lang='lat' dir='ltr'><strong>S.</strong></span> <span class='ocrx_word' id='word_1_5' title='bbox 1667 369 1956 432; x_wconf 83' lang='lat' dir='ltr'><strong>BASILII</strong></span> <span class='ocrx_word' id='word_1_6' title='bbox 1986 373 2431 436; x_wconf 71' lang='lat' dir='ltr'><strong>CANONICAM</strong></span> <span class='ocrx_word' id='word_1_7' title='bbox 2468 377 2517 443; x_wconf 89' lang='grc' dir='ltr'><strong>Ῑ.</strong></span> 
     </span>
    </p>
   </div>
   <div class='ocr_carea' id='block_1_3' title="bbox 3351 386 3466 451">
    <p class='ocr_par' dir='ltr' id='par_1_3' title="bbox 3351 386 3466 451">
     <span class='ocr_line' id='line_1_3' title="bbox 3351 386 3466 451; baseline 0.017 -2"><span class='ocrx_word' id='word_1_8' title='bbox 3351 386 3466 451; x_wconf 75' lang='grc' dir='ltr'>6οε</span> 
     </span>
    </p>
   </div>
   <div class='ocr_carea' id='block_1_4' title="bbox 224 473 1775 554">
    <p class='ocr_par' dir='ltr' id='par_1_4' title="bbox 224 473 1775 550">
     <span class='ocr_line' id='line_1_4' title="bbox 224 473 1775 550; baseline 0.008 -28"><span class='ocrx_word' id='word_1_9' title='bbox 224 473 433 540; x_wconf 76' lang='grc' dir='ltr'>ηατρὸς</span> <span class='ocrx_word' id='word_1_10' title='bbox 487 474 583 528; x_wconf 69' lang='grc' dir='ltr'><strong>καὶ</strong></span> <span class='ocrx_word' id='word_1_11' title='bbox 646 473 740 529; x_wconf 82' lang='grc' dir='ltr'>τοῦ</span> <span class='ocrx_word' id='word_1_12' title='bbox 790 473 922 528; x_wconf 86' lang='grc' dir='ltr'><strong>Υἱοῦ</strong></span> <span class='ocrx_word' id='word_1_13' title='bbox 956 473 1048 528; x_wconf 51' lang='grc' dir='ltr'><strong>καὶ⁸</strong></span> <span class='ocrx_word' id='word_1_14' title='bbox 1101 477 1195 529; x_wconf 79' lang='grc' dir='ltr'>τοῦ</span> <span class='ocrx_word' id='word_1_15' title='bbox 1242 479 1401 545; x_wconf 80' lang='grc' dir='ltr'>ἁγίου</span> <span class='ocrx_word' id='word_1_16' title='bbox 1459 478 1775 550; x_wconf 86' lang='grc' dir='ltr'>Πνεύματος</span> 
     </span>
    </p>
   </div>
   <div class='ocr_carea' id='block_1_5' title="bbox 1881 473 3456 554">
    <p class='ocr_par' dir='ltr' id='par_1_5' title="bbox 1883 479 3456 554">
     <span class='ocr_line' id='line_1_5' title="bbox 1883 479 3456 554; baseline 0.01 -22"><span class='ocrx_word' id='word_1_17' title='bbox 1883 479 1996 534; x_wconf 89' lang='lat' dir='ltr'><strong>Deo</strong></span> <span class='ocrx_word' id='word_1_18' title='bbox 2020 494 2398 538; x_wconf 78' lang='lat' dir='ltr'><strong>coronatorum</strong></span> <span class='ocrx_word' id='word_1_19' title='bbox 2425 486 2811 554; x_wconf 87' lang='lat' dir='ltr'><strong>imperatorum</strong></span> <span class='ocrx_word' id='word_1_20' title='bbox 2852 501 3156 546; x_wconf 80' lang='lat' dir='ltr'><strong>nostrorum</strong></span> <span class='ocrx_word' id='word_1_21' title='bbox 3177 533 3193 554; x_wconf 87' lang='lat'><strong>,</strong></span> <span class='ocrx_word' id='word_1_22' title='bbox 3224 491 3456 550; x_wconf 77' lang='lat' dir='ltr'><strong>Romani</strong></span> 
     </span>
    </p>
   </div>
   <div class='ocr_carea' id='block_1_6' title="bbox 221 564 1785 638">
    <p class='ocr_par' dir='ltr' id='par_1_6' title="bbox 221 564 1785 638">
     <span class='ocr_line' id='line_1_6' title="bbox 221 564 1785 638; baseline 0.005 -23"><span class='ocrx_word' id='word_1_23' title='bbox 221 564 436 634; x_wconf 69' lang='grc' dir='ltr'>εὐδοκία</span> <span class='ocrx_word' id='word_1_24' title='bbox 491 567 584 619; x_wconf 81' lang='grc' dir='ltr'><strong>καὶ</strong></span> <span class='ocrx_word' id='word_1_25' title='bbox 640 567 846 637; x_wconf 83' lang='grc' dir='ltr'>χάριτι,</span> <span class='ocrx_word' id='word_1_26' title='bbox 898 567 992 620; x_wconf 73' lang='grc' dir='ltr'>καὶ</span> <span class='ocrx_word' id='word_1_27' title='bbox 1045 571 1162 632; x_wconf 84' lang='grc' dir='ltr'>ταῖς</span> <span class='ocrx_word' id='word_1_28' title='bbox 1217 569 1315 636; x_wconf 75' lang='grc' dir='ltr'>τῆς</span> <span class='ocrx_word' id='word_1_29' title='bbox 1371 572 1638 638; x_wconf 83' lang='grc' dir='ltr'>παναγίου</span> <span class='ocrx_word' id='word_1_30' title='bbox 1692 572 1785 623; x_wconf 76' lang='grc' dir='ltr'>καὶ</span> 
     </span>
    </p>
   </div>
   <div class='ocr_carea' id='block_1_7' title="bbox 221 655 1788 733">
    <p class='ocr_par' dir='ltr' id='par_1_7' title="bbox 221 655 1788 733">
     <span class='ocr_line' id='line_1_7' title="bbox 221 655 1788 733; baseline 0.006 -26"><span class='ocrx_word' id='word_1_31' title='bbox 221 655 566 726; x_wconf 79' lang='grc' dir='ltr'>θεομῆτορος</span> <span class='ocrx_word' id='word_1_32' title='bbox 617 658 831 711; x_wconf 75' lang='grc' dir='ltr'>καὶτοῦ</span> <span class='ocrx_word' id='word_1_33' title='bbox 875 659 1114 727; x_wconf 83' lang='grc' dir='ltr'>μεγάλου</span> <span class='ocrx_word' id='word_1_34' title='bbox 1159 661 1600 730; x_wconf 75' lang='grc' dir='ltr'><strong>ἀρχιστρατήγου</strong></span> <span class='ocrx_word' id='word_1_35' title='bbox 1654 679 1788 733; x_wconf 89' lang='grc' dir='ltr'>πρε-</span> 
     </span>
    </p>
   </div>
   <div class='ocr_carea' id='block_1_8' title="bbox 223 747 1785 823">
    <p class='ocr_par' dir='ltr' id='par_1_8' title="bbox 223 747 1785 823">
     <span class='ocr_line' id='line_1_8' title="bbox 223 747 1785 823; baseline 0.004 -23"><span class='ocrx_word' id='word_1_36' title='bbox 223 747 452 812; x_wconf 73' lang='grc' dir='ltr'>σϐείαις,</span> <span class='ocrx_word' id='word_1_37' title='bbox 494 749 620 813; x_wconf 82' lang='grc' dir='ltr'>τοὺς</span> <span class='ocrx_word' id='word_1_38' title='bbox 667 750 766 821; x_wconf 83' lang='grc' dir='ltr'><strong>ἤδη</strong></span> <span class='ocrx_word' id='word_1_39' title='bbox 793 750 898 818; x_wconf 83' lang='grc' dir='ltr'>πρὸ</span> <span class='ocrx_word' id='word_1_40' title='bbox 957 751 1283 820; x_wconf 76' lang='grc' dir='ltr'>ἐνενήκοντα</span> <span class='ocrx_word' id='word_1_41' title='bbox 1339 752 1549 823; x_wconf 78' lang='grc' dir='ltr'><strong>χρόνων</strong></span> <span class='ocrx_word' id='word_1_42' title='bbox 1598 754 1785 808; x_wconf 73' lang='grc' dir='ltr'>ἕνεκεν</span> 
     </span>
    </p>
   </div>
   <div class='ocr_carea' id='block_1_9' title="bbox 1896 575 3455 650">
    <p class='ocr_par' dir='ltr' id='par_1_9' title="bbox 1896 575 3455 650">
     <span class='ocr_line' id='line_1_9' title="bbox 1896 575 3455 650; baseline 0.012 -27"><span class='ocrx_word' id='word_1_43' title='bbox 1896 581 1951 625; x_wconf 88' lang='lat' dir='ltr'><strong>et</strong></span> <span class='ocrx_word' id='word_1_44' title='bbox 1980 575 2319 627; x_wconf 74' lang='lat' dir='ltr'><strong>ConStantini</strong></span> <span class='ocrx_word' id='word_1_45' title='bbox 2353 577 2640 643; x_wconf 89' lang='lat' dir='ltr'><strong>imperium</strong></span> <span class='ocrx_word' id='word_1_46' title='bbox 2669 581 2942 650; x_wconf 75' lang='lat' dir='ltr'><strong>conjunxit</strong></span> <span class='ocrx_word' id='word_1_47' title='bbox 2976 592 3028 637; x_wconf 87' lang='lat' dir='ltr'><strong>et</strong></span> <span class='ocrx_word' id='word_1_48' title='bbox 3062 583 3230 647; x_wconf 88' lang='lat' dir='ltr'><strong>uniit,</strong></span> <span class='ocrx_word' id='word_1_49' title='bbox 3260 602 3455 641; x_wconf 87' lang='lat' dir='ltr'><strong>unam-</strong></span> 
     </span>
    </p>
   </div>
   <div class='ocr_carea' id='block_1_10' title="bbox 1894 664 3452 740">
    <p class='ocr_par' dir='ltr' id='par_1_10' title="bbox 1894 664 3452 740">
     <span class='ocr_line' id='line_1_10' title="bbox 1894 664 3452 740; baseline 0.014 -29"><span class='ocrx_word' id='word_1_50' title='bbox 1894 678 1999 731; x_wconf 85' lang='lat' dir='ltr'><strong>que</strong></span> <span class='ocrx_word' id='word_1_51' title='bbox 2051 664 2178 719; x_wconf 83' lang='lat' dir='ltr'><strong>fecit</strong></span> <span class='ocrx_word' id='word_1_52' title='bbox 2225 667 2544 722; x_wconf 68' lang='lat' dir='ltr'><strong>catholicam</strong></span> <span class='ocrx_word' id='word_1_53' title='bbox 2603 680 2656 722; x_wconf 92' lang='lat' dir='ltr'><strong>et</strong></span> <span class='ocrx_word' id='word_1_54' title='bbox 2707 674 3054 740; x_wconf 81' lang='lat' dir='ltr'><strong>apostolicam</strong></span> <span class='ocrx_word' id='word_1_55' title='bbox 3120 676 3452 734; x_wconf 86' lang='lat' dir='ltr'><strong>Ecclesiam:</strong></span> 
     </span>
    </p>
   </div>
   <div class='ocr_carea' id='block_1_11' title="bbox 1896 754 3456 836">
    <p class='ocr_par' dir='ltr' id='par_1_11' title="bbox 1896 754 3456 836">
     <span class='ocr_line' id='line_1_11' title="bbox 1896 754 3456 836; baseline 0.01 -29"><span class='ocrx_word' id='word_1_56' title='bbox 1896 754 2038 808; x_wconf 86' lang='lat' dir='ltr'><strong>unde</strong></span> <span class='ocrx_word' id='word_1_57' title='bbox 2063 757 2254 811; x_wconf 86' lang='lat' dir='ltr'><strong>merito</strong></span> <span class='ocrx_word' id='word_1_58' title='bbox 2288 767 2412 812; x_wconf 88' lang='lat' dir='ltr'><strong>sunt</strong></span> <span class='ocrx_word' id='word_1_59' title='bbox 2447 762 2771 828; x_wconf 70' lang='lat' dir='ltr'><strong>przedicandi</strong></span> <span class='ocrx_word' id='word_1_60' title='bbox 2805 774 2858 817; x_wconf 90' lang='lat' dir='ltr'><strong>et</strong></span> <span class='ocrx_word' id='word_1_61' title='bbox 2884 765 3164 831; x_wconf 84' lang='lat' dir='ltr'><strong>laudandi,</strong></span> <span class='ocrx_word' id='word_1_62' title='bbox 3211 769 3300 836; x_wconf 90' lang='lat' dir='ltr'><strong>qui</strong></span> <span class='ocrx_word' id='word_1_63' title='bbox 3348 779 3456 824; x_wconf 87' lang='lat' dir='ltr'><strong>tam</strong></span> 
     </span>
    </p>
   </div>
   <div class='ocr_carea' id='block_1_12' title="bbox 219 836 1783 914">
    <p class='ocr_par' dir='ltr' id='par_1_12' title="bbox 219 836 1783 914">
     <span class='ocr_line' id='line_1_12' title="bbox 219 836 1783 914; baseline 0.005 -26"><span class='ocrx_word' id='word_1_64' title='bbox 219 836 316 904; x_wconf 82' lang='grc' dir='ltr'>τῆς</span> <span class='ocrx_word' id='word_1_65' title='bbox 365 838 807 908; x_wconf 76' lang='grc' dir='ltr'>προδηλωθείσης</span> <span class='ocrx_word' id='word_1_66' title='bbox 853 840 1038 902; x_wconf 84' lang='grc' dir='ltr'>αίτίας</span> <span class='ocrx_word' id='word_1_67' title='bbox 1081 841 1175 892; x_wconf 80' lang='grc' dir='ltr'><strong>καὶ</strong></span> <span class='ocrx_word' id='word_1_68' title='bbox 1228 840 1483 910; x_wconf 68' lang='grc' dir='ltr'>ἀφορμῆς</span> <span class='ocrx_word' id='word_1_69' title='bbox 1532 844 1783 914; x_wconf 75' lang='grc' dir='ltr'>ἀπορρα-</span> 
     </span>
    </p>
   </div>
   <div class='ocr_carea' id='block_1_13' title="bbox 219 927 1780 1002">
    <p class='ocr_par' dir='ltr' id='par_1_13' title="bbox 219 927 1780 1002">
     <span class='ocr_line' id='line_1_13' title="bbox 219 927 1780 1002; baseline 0.005 -22"><span class='ocrx_word' id='word_1_70' title='bbox 219 927 414 994; x_wconf 81' lang='grc' dir='ltr'>γέντας</span> <span class='ocrx_word' id='word_1_71' title='bbox 457 930 623 1000; x_wconf 84' lang='grc' dir='ltr'>ίερεῖς</span> <span class='ocrx_word' id='word_1_72' title='bbox 654 934 748 984; x_wconf 66' lang='grc' dir='ltr'><strong>καὶ</strong></span> <span class='ocrx_word' id='word_1_73' title='bbox 787 932 1180 1000; x_wconf 69' lang='grc' dir='ltr'>μονάζονταςὴ</span> <span class='ocrx_word' id='word_1_74' title='bbox 1221 933 1479 1002; x_wconf 79' lang='grc' dir='ltr'>παγκὰλη</span> <span class='ocrx_word' id='word_1_75' title='bbox 1527 933 1780 1002; x_wconf 84' lang='grc' dir='ltr'>βασιλεία</span> 
     </span>
    </p>
   </div>
   <div class='ocr_carea' id='block_1_14' title="bbox 219 1018 1775 1099">
    <p class='ocr_par' dir='ltr' id='par_1_14' title="bbox 219 1018 1775 1093">
     <span class='ocr_line' id='line_1_14' title="bbox 219 1018 1775 1093; baseline 0.003 -22"><span class='ocrx_word' id='word_1_76' title='bbox 219 1018 324 1071; x_wconf 86' lang='grc' dir='ltr'><strong>τῶν</strong></span> <span class='ocrx_word' id='word_1_77' title='bbox 355 1021 659 1089; x_wconf 79' lang='grc' dir='ltr'>θεοστεφῶν</span> <span class='ocrx_word' id='word_1_78' title='bbox 688 1022 954 1091; x_wconf 81' lang='grc' dir='ltr'>βασιλέων</span> <span class='ocrx_word' id='word_1_79' title='bbox 984 1022 1143 1092; x_wconf 81' lang='grc' dir='ltr'>ἡμῶν</span> <span class='ocrx_word' id='word_1_80' title='bbox 1180 1023 1464 1093; x_wconf 84' lang='grc' dir='ltr'>Ῥωμανοῦ</span> <span class='ocrx_word' id='word_1_81' title='bbox 1498 1027 1591 1076; x_wconf 82' lang='grc' dir='ltr'><strong>καὶ</strong></span> <span class='ocrx_word' id='word_1_82' title='bbox 1624 1027 1775 1078; x_wconf 84' lang='grc' dir='ltr'>Κων-</span> 
     </span>
    </p>
   </div>
   <div class='ocr_carea' id='block_1_15' title="bbox 1881 1018 3450 1099">
    <p class='ocr_par' dir='ltr' id='par_1_15' title="bbox 1891 1030 3450 1099">
     <span class='ocr_line' id='line_1_15' title="bbox 1891 1030 3450 1099; baseline 0.01 -20"><span class='ocrx_word' id='word_1_83' title='bbox 1891 1030 2089 1082; x_wconf 85' lang='lat' dir='ltr'><strong>nostris</strong></span> <span class='ocrx_word' id='word_1_84' title='bbox 2131 1033 2458 1099; x_wconf 82' lang='lat' dir='ltr'><strong>temporibus</strong></span> <span class='ocrx_word' id='word_1_85' title='bbox 2511 1036 2724 1089; x_wconf 91' lang='lat' dir='ltr'><strong>tertium</strong></span> <span class='ocrx_word' id='word_1_86' title='bbox 2751 1037 3154 1092; x_wconf 81' lang='lat' dir='ltr'><strong>matrimonium</strong></span> <span class='ocrx_word' id='word_1_87' title='bbox 3190 1039 3304 1094; x_wconf 74' lang='lat' dir='ltr'><strong>ﬁeri</strong></span> <span class='ocrx_word' id='word_1_88' title='bbox 3345 1055 3450 1095; x_wconf 88' lang='lat' dir='ltr'><strong>non</strong></span> 
     </span>
    </p>
   </div>
   <div class='ocr_carea' id='block_1_16' title="bbox 221 1111 2155 1187">
    <p class='ocr_par' dir='ltr' id='par_1_16' title="bbox 221 1111 2155 1187">
     <span class='ocr_line' id='line_1_16' title="bbox 221 1111 2155 1187; baseline 0.007 -26"><span class='ocrx_word' id='word_1_89' title='bbox 221 1111 496 1165; x_wconf 85' lang='grc' dir='ltr'>σταντίνου</span> <span class='ocrx_word' id='word_1_90' title='bbox 532 1114 738 1182; x_wconf 74' lang='grc' dir='ltr'>συνῆψέ</span> <span class='ocrx_word' id='word_1_91' title='bbox 790 1131 846 1166; x_wconf 90' lang='grc' dir='ltr'><strong>τε</strong></span> <span class='ocrx_word' id='word_1_92' title='bbox 888 1116 978 1166; x_wconf 73' lang='grc' dir='ltr'><strong>καὶ</strong></span> <span class='ocrx_word' id='word_1_93' title='bbox 1029 1116 1325 1182; x_wconf 79' lang='grc' dir='ltr'>συνήνωσε,</span> <span class='ocrx_word' id='word_1_94' title='bbox 1376 1117 1467 1167; x_wconf 79' lang='grc' dir='ltr'><strong>καὶ</strong></span> <span class='ocrx_word' id='word_1_95' title='bbox 1518 1115 1648 1182; x_wconf 85' lang='grc' dir='ltr'>μίαν</span> <span class='ocrx_word' id='word_1_96' title='bbox 1683 1134 1776 1168; x_wconf 81' lang='grc' dir='ltr'><strong>κα·</strong></span> <span class='ocrx_word' id='word_1_97' title='bbox 1889 1121 2155 1187; x_wconf 89' lang='lat' dir='ltr'><strong>permisit.</strong></span> 
     </span>
    </p>
   </div>
   <div class='ocr_carea' id='block_1_17' title="bbox 216 1200 3459 1291">
    <p class='ocr_par' dir='ltr' id='par_1_17' title="bbox 216 1200 3459 1291">
     <span class='ocr_line' id='line_1_17' title="bbox 216 1200 3459 1291; baseline 0.006 -38"><span class='ocrx_word' id='word_1_98' title='bbox 216 1200 436 1270; x_wconf 73' lang='grc' dir='ltr'>θολικὴν</span> <span class='ocrx_word' id='word_1_99' title='bbox 491 1204 586 1256; x_wconf 78' lang='grc' dir='ltr'><strong>καὶ</strong></span> <span class='ocrx_word' id='word_1_100' title='bbox 644 1205 1008 1273; x_wconf 81' lang='grc' dir='ltr'>ἀποστολικὴν</span> <span class='ocrx_word' id='word_1_101' title='bbox 1040 1203 1368 1273; x_wconf 78' lang='grc' dir='ltr'>Ἐκκλησίαν</span> <span class='ocrx_word' id='word_1_102' title='bbox 1419 1207 1756 1274; x_wconf 85' lang='grc' dir='ltr'>εἰργάσατο·</span> <span class='ocrx_word' id='word_1_103' title='bbox 1797 1206 1918 1260; x_wconf 78' lang='grc' dir='ltr'>ὅθεν</span> <span class='ocrx_word' id='word_1_104' title='bbox 1961 1211 2138 1278; x_wconf 83' lang='grc' dir='ltr'>χρεὼν</span> <span class='ocrx_word' id='word_1_105' title='bbox 2186 1215 2658 1285; x_wconf 83' lang='grc' dir='ltr'>ἀνακηρύττεσθαί</span> <span class='ocrx_word' id='word_1_106' title='bbox 2746 1238 2804 1274; x_wconf 84' lang='grc' dir='ltr'><strong>τε</strong></span> <span class='ocrx_word' id='word_1_107' title='bbox 2875 1224 2969 1275; x_wconf 82' lang='grc' dir='ltr'><strong>καὶ</strong></span> <span class='ocrx_word' id='word_1_108' title='bbox 3065 1220 3459 1291; x_wconf 83' lang='grc' dir='ltr'>μεγαλύνεσθαι</span> 
     </span>
    </p>
   </div>
   <div class='ocr_carea' id='block_1_18' title="bbox 217 1295 3458 1383">
    <p class='ocr_par' dir='ltr' id='par_1_18' title="bbox 217 1295 3458 1383">
     <span class='ocr_line' id='line_1_18' title="bbox 217 1295 3458 1383; baseline 0.004 -37"><span class='ocrx_word' id='word_1_109' title='bbox 217 1295 340 1354; x_wconf 76' lang='grc' dir='ltr'>τοὺς</span> <span class='ocrx_word' id='word_1_110' title='bbox 387 1295 627 1347; x_wconf 80' lang='grc' dir='ltr'>τοιοῦτον</span> <span class='ocrx_word' id='word_1_111' title='bbox 658 1295 904 1363; x_wconf 60' lang='grc' dir='ltr'>θεοφιλὲς</span> <span class='ocrx_word' id='word_1_112' title='bbox 943 1297 1036 1347; x_wconf 68' lang='grc' dir='ltr'><strong>καὶ</strong></span> <span class='ocrx_word' id='word_1_113' title='bbox 1063 1295 1345 1362; x_wconf 72' lang='grc' dir='ltr'>ξὰξιὸλογον</span> <span class='ocrx_word' id='word_1_114' title='bbox 1413 1298 1572 1367; x_wconf 79' lang='grc' dir='ltr'>ἔργον</span> <span class='ocrx_word' id='word_1_115' title='bbox 1637 1299 2089 1368; x_wconf 78' lang='grc' dir='ltr'>πεπληρωκότας.</span> <span class='ocrx_word' id='word_1_116' title='bbox 2163 1306 2348 1360; x_wconf 81' lang='grc' dir='ltr'>Ταῦτα</span> <span class='ocrx_word' id='word_1_117' title='bbox 2393 1309 2486 1360; x_wconf 74' lang='grc' dir='ltr'><strong>τοῦ</strong></span> <span class='ocrx_word' id='word_1_118' title='bbox 2529 1311 2748 1374; x_wconf 80' lang='grc' dir='ltr'><strong>κανόνος</strong></span> <span class='ocrx_word' id='word_1_119' title='bbox 2785 1313 2879 1364; x_wconf 80' lang='grc' dir='ltr'><strong>καὶ</strong></span> <span class='ocrx_word' id='word_1_120' title='bbox 2929 1314 3028 1383; x_wconf 85' lang='grc' dir='ltr'><strong>τῆς</strong></span> <span class='ocrx_word' id='word_1_121' title='bbox 3071 1315 3291 1383; x_wconf 81' lang='grc' dir='ltr'>Νεαρᾶς</span> <span class='ocrx_word' id='word_1_122' title='bbox 3369 1332 3458 1369; x_wconf 86' lang='grc' dir='ltr'><strong>νο-</strong></span> 
     </span>
    </p>
   </div>
   <div class='ocr_carea' id='block_1_19' title="bbox 219 1387 3459 1473">
    <p class='ocr_par' dir='ltr' id='par_1_19' title="bbox 219 1387 3459 1473">
     <span class='ocr_line' id='line_1_19' title="bbox 219 1387 3459 1473; baseline 0.007 -36"><span class='ocrx_word' id='word_1_123' title='bbox 219 1387 679 1457; x_wconf 80' lang='grc' dir='ltr'>μοθετησάντων,</span> <span class='ocrx_word' id='word_1_124' title='bbox 748 1391 780 1455; x_wconf 81' lang='grc' dir='ltr'><strong>ὴ</strong></span> <span class='ocrx_word' id='word_1_125' title='bbox 826 1388 1117 1457; x_wconf 75' lang='grc' dir='ltr'>Ἐκκλησία</span> <span class='ocrx_word' id='word_1_126' title='bbox 1170 1390 1305 1452; x_wconf 81' lang='grc' dir='ltr'>τέως</span> <span class='ocrx_word' id='word_1_127' title='bbox 1377 1390 1472 1442; x_wconf 70' lang='grc' dir='ltr'><strong>ἐπὶ</strong></span> <span class='ocrx_word' id='word_1_128' title='bbox 1537 1390 1644 1442; x_wconf 89' lang='grc' dir='ltr'><strong>τῶν</strong></span> <span class='ocrx_word' id='word_1_129' title='bbox 1719 1393 1945 1462; x_wconf 81' lang='grc' dir='ltr'>ἡμερῶν</span> <span class='ocrx_word' id='word_1_130' title='bbox 1999 1393 2108 1446; x_wconf 86' lang='grc' dir='ltr'><strong>τῶν</strong></span> <span class='ocrx_word' id='word_1_131' title='bbox 2181 1399 2464 1468; x_wconf 78' lang='grc' dir='ltr'>ἡμετέρων</span> <span class='ocrx_word' id='word_1_132' title='bbox 2537 1402 2724 1471; x_wconf 86' lang='grc' dir='ltr'>τρίτου</span> <span class='ocrx_word' id='word_1_133' title='bbox 2791 1405 2970 1473; x_wconf 82' lang='grc' dir='ltr'><strong>γάμου</strong></span> <span class='ocrx_word' id='word_1_134' title='bbox 3050 1404 3270 1473; x_wconf 82' lang='grc' dir='ltr'><strong>ποίησιν</strong></span> <span class='ocrx_word' id='word_1_135' title='bbox 3356 1406 3459 1459; x_wconf 82' lang='grc' dir='ltr'><strong>οὐκ</strong></span> 
     </span>
    </p>
   </div>
   <div class='ocr_carea' id='block_1_20' title="bbox 1893 848 3461 924">
    <p class='ocr_par' dir='ltr' id='par_1_20' title="bbox 1893 848 3461 924">
     <span class='ocr_line' id='line_1_20' title="bbox 1893 848 3461 924; baseline 0.013 -27"><span class='ocrx_word' id='word_1_136' title='bbox 1893 848 2040 914; x_wconf 88' lang='lat' dir='ltr'><strong>pium</strong></span> <span class='ocrx_word' id='word_1_137' title='bbox 2068 863 2202 916; x_wconf 88' lang='lat' dir='ltr'><strong>opus</strong></span> <span class='ocrx_word' id='word_1_138' title='bbox 2240 857 2292 903; x_wconf 92' lang='lat' dir='ltr'><strong>et</strong></span> <span class='ocrx_word' id='word_1_139' title='bbox 2329 861 2433 903; x_wconf 89' lang='lat' dir='ltr'><strong>tam</strong></span> <span class='ocrx_word' id='word_1_140' title='bbox 2466 853 2683 921; x_wconf 76' lang='lat' dir='ltr'><strong>dignum</strong></span> <span class='ocrx_word' id='word_1_141' title='bbox 2721 857 3132 924; x_wconf 87' lang='lat' dir='ltr'><strong>compleverint.</strong></span> <span class='ocrx_word' id='word_1_142' title='bbox 3165 861 3321 914; x_wconf 63' lang='lat' dir='ltr'><strong>‘Cum</strong></span> <span class='ocrx_word' id='word_1_143' title='bbox 3363 878 3461 916; x_wconf 86' lang='lat' dir='ltr'><strong>ca-</strong></span> 
     </span>
    </p>
   </div>
   <div class='ocr_carea' id='block_1_21' title="bbox 1893 943 3459 1018">
    <p class='ocr_par' dir='ltr' id='par_1_21' title="bbox 1893 943 3459 1018">
     <span class='ocr_line' id='line_1_21' title="bbox 1893 943 3459 1018; baseline 0.009 -30"><span class='ocrx_word' id='word_1_144' title='bbox 1893 952 1995 991; x_wconf 91' lang='lat' dir='ltr'><strong>non</strong></span> <span class='ocrx_word' id='word_1_145' title='bbox 2050 951 2101 992; x_wconf 88' lang='lat' dir='ltr'><strong>et</strong></span> <span class='ocrx_word' id='word_1_146' title='bbox 2136 943 2339 995; x_wconf 85' lang='lat' dir='ltr'><strong>novella</strong></span> <span class='ocrx_word' id='word_1_147' title='bbox 2366 943 2481 996; x_wconf 69' lang='lat' dir='ltr'><strong>haec</strong></span> <span class='ocrx_word' id='word_1_148' title='bbox 2525 946 2812 998; x_wconf 77' lang='lat' dir='ltr'><strong>Statuerint</strong></span> <span class='ocrx_word' id='word_1_149' title='bbox 2839 984 2854 1005; x_wconf 86' lang='lat'><strong>.</strong></span> <span class='ocrx_word' id='word_1_150' title='bbox 2906 947 3142 1002; x_wconf 79' lang='lat' dir='ltr'><strong>Ecclesia</strong></span> <span class='ocrx_word' id='word_1_151' title='bbox 3182 950 3459 1018; x_wconf 79' lang='lat' dir='ltr'><strong>hucusque</strong></span> 
     </span>
    </p>
   </div>
   <div class='ocr_carea' id='block_1_22' title="bbox 213 1475 505 1548">
    <p class='ocr_par' dir='ltr' id='par_1_22' title="bbox 213 1475 505 1548">
     <span class='ocr_line' id='line_1_22' title="bbox 213 1475 505 1548; baseline 0.007 -18"><span class='ocrx_word' id='word_1_152' title='bbox 213 1475 505 1548; x_wconf 67' lang='grc' dir='ltr'>ἐπίτρεψε.</span> 
     </span>
    </p>
   </div>
   <div class='ocr_carea' id='block_1_23' title="bbox 282 1593 1781 1672">
    <p class='ocr_par' dir='ltr' id='par_1_23' title="bbox 282 1593 1781 1672">
     <span class='ocr_line' id='line_1_23' title="bbox 282 1593 1781 1672; baseline 0.003 -24"><span class='ocrx_word' id='word_1_153' title='bbox 282 1596 528 1650; x_wconf 75' lang='grc' dir='ltr'><strong>ΖΩΝΛΡ.</strong></span> <span class='ocrx_word' id='word_1_154' title='bbox 566 1597 676 1666; x_wconf 80' lang='grc' dir='ltr'><strong>Τὴν</strong></span> <span class='ocrx_word' id='word_1_155' title='bbox 726 1598 1025 1667; x_wconf 85' lang='grc' dir='ltr'>τριγαμίαν</span> <span class='ocrx_word' id='word_1_156' title='bbox 1085 1601 1113 1651; x_wconf 98' lang='lat'><strong>6</strong></span> <span class='ocrx_word' id='word_1_157' title='bbox 1166 1598 1340 1666; x_wconf 78' lang='grc' dir='ltr'>μέγας</span> <span class='ocrx_word' id='word_1_158' title='bbox 1383 1593 1537 1662; x_wconf 68' lang='grc' dir='ltr'>οὗτος</span> <span class='ocrx_word' id='word_1_159' title='bbox 1589 1601 1781 1672; x_wconf 75' lang='grc' dir='ltr'>Πατὴρ</span> 
     </span>
    </p>
   </div>
   <div class='ocr_carea' id='block_1_24' title="bbox 211 1689 1776 1762">
    <p class='ocr_par' dir='ltr' id='par_1_24' title="bbox 211 1689 1776 1762">
     <span class='ocr_line' id='line_1_24' title="bbox 211 1689 1776 1762; baseline 0.003 -22"><span class='ocrx_word' id='word_1_160' title='bbox 211 1689 340 1750; x_wconf 73' lang='grc' dir='ltr'>τοὺς</span> <span class='ocrx_word' id='word_1_161' title='bbox 377 1689 641 1760; x_wconf 83' lang='grc' dir='ltr'>ἀρχαίους</span> <span class='ocrx_word' id='word_1_162' title='bbox 669 1691 922 1757; x_wconf 83' lang='grc' dir='ltr'>Πατέρας</span> <span class='ocrx_word' id='word_1_163' title='bbox 957 1690 1029 1758; x_wconf 81' lang='grc' dir='ltr'>μὴ</span> <span class='ocrx_word' id='word_1_164' title='bbox 1063 1689 1244 1757; x_wconf 86' lang='grc' dir='ltr'>γάμον</span> <span class='ocrx_word' id='word_1_165' title='bbox 1284 1692 1548 1760; x_wconf 83' lang='grc' dir='ltr'>ὀνομάσαι</span> <span class='ocrx_word' id='word_1_166' title='bbox 1587 1695 1776 1762; x_wconf 74' lang='grc' dir='ltr'>φησὶν,</span> 
     </span>
    </p>
   </div>
   <div class='ocr_carea' id='block_1_25' title="bbox 1955 1599 3452 1676">
    <p class='ocr_par' dir='ltr' id='par_1_25' title="bbox 1955 1599 3452 1676">
     <span class='ocr_line' id='line_1_25' title="bbox 1955 1599 3452 1676; baseline 0.005 -23"><span class='ocrx_word' id='word_1_167' title='bbox 1955 1599 2203 1657; x_wconf 77' lang='lat' dir='ltr'><strong>ZONAR.</strong></span> <span class='ocrx_word' id='word_1_168' title='bbox 2233 1602 2558 1674; x_wconf 82' lang='lat' dir='ltr'><strong>Trigamiam</strong></span> <span class='ocrx_word' id='word_1_169' title='bbox 2591 1620 2814 1674; x_wconf 80' lang='lat' dir='ltr'><strong>magnus</strong></span> <span class='ocrx_word' id='word_1_170' title='bbox 2839 1605 2925 1658; x_wconf 91' lang='lat' dir='ltr'><strong>hic</strong></span> <span class='ocrx_word' id='word_1_171' title='bbox 2950 1604 3108 1659; x_wconf 86' lang='lat' dir='ltr'><strong>Pater</strong></span> <span class='ocrx_word' id='word_1_172' title='bbox 3129 1605 3198 1660; x_wconf 89' lang='lat' dir='ltr'><strong>ab</strong></span> <span class='ocrx_word' id='word_1_173' title='bbox 3211 1605 3452 1676; x_wconf 86' lang='lat' dir='ltr'><strong>antiquis</strong></span> 
     </span>
    </p>
   </div>
   <div class='ocr_carea' id='block_1_26' title="bbox 1886 1689 3448 1765">
    <p class='ocr_par' dir='ltr' id='par_1_26' title="bbox 1886 1689 3448 1765">
     <span class='ocr_line' id='line_1_26' title="bbox 1886 1689 3448 1765; baseline 0.005 -22"><span class='ocrx_word' id='word_1_174' title='bbox 1886 1689 2137 1748; x_wconf 83' lang='lat' dir='ltr'><strong>Patrihus</strong></span> <span class='ocrx_word' id='word_1_175' title='bbox 2169 1695 2399 1764; x_wconf 78' lang='lat' dir='ltr'><strong>conjugii</strong></span> <span class='ocrx_word' id='word_1_176' title='bbox 2431 1697 2649 1751; x_wconf 88' lang='lat' dir='ltr'><strong>nomine</strong></span> <span class='ocrx_word' id='word_1_177' title='bbox 2675 1696 2898 1752; x_wconf 90' lang='lat' dir='ltr'><strong>minime</strong></span> <span class='ocrx_word' id='word_1_178' title='bbox 2930 1698 3255 1765; x_wconf 84' lang='lat' dir='ltr'><strong>appellatam</strong></span> <span class='ocrx_word' id='word_1_179' title='bbox 3285 1697 3448 1751; x_wconf 81' lang='lat' dir='ltr'><strong>fuisse</strong></span> 
     </span>
    </p>
   </div>
   <div class='ocr_carea' id='block_1_27' title="bbox 211 1780 1775 1861">
    <p class='ocr_par' dir='ltr' id='par_1_27' title="bbox 211 1780 1773 1854">
     <span class='ocr_line' id='line_1_27' title="bbox 211 1780 1773 1854; baseline 0.003 -20"><span class='ocrx_word' id='word_1_180' title='bbox 211 1781 346 1834; x_wconf 75' lang='grc' dir='ltr'>ἀλλὰ</span> <span class='ocrx_word' id='word_1_181' title='bbox 397 1780 772 1848; x_wconf 83' lang='grc' dir='ltr'>πολυγαμίαν,</span> <span class='ocrx_word' id='word_1_182' title='bbox 813 1781 844 1850; x_wconf 84' lang='grc' dir='ltr'>ἢ</span> <span class='ocrx_word' id='word_1_183' title='bbox 882 1782 1080 1850; x_wconf 78' lang='grc' dir='ltr'>μᾶλλον</span> <span class='ocrx_word' id='word_1_184' title='bbox 1128 1783 1386 1851; x_wconf 75' lang='grc' dir='ltr'><strong>πορνείαν</strong></span> <span class='ocrx_word' id='word_1_185' title='bbox 1435 1785 1773 1854; x_wconf 81' lang='grc' dir='ltr'>κεκολασμέ-</span> 
     </span>
    </p>
   </div>
   <div class='ocr_carea' id='block_1_28' title="bbox 1881 1780 3448 1861">
    <p class='ocr_par' dir='ltr' id='par_1_28' title="bbox 1881 1788 3448 1861">
     <span class='ocr_line' id='line_1_28' title="bbox 1881 1788 3448 1861; baseline 0.003 -23"><span class='ocrx_word' id='word_1_186' title='bbox 1881 1788 2093 1850; x_wconf 80' lang='lat' dir='ltr'><strong>asserit,</strong></span> <span class='ocrx_word' id='word_1_187' title='bbox 2139 1788 2234 1842; x_wconf 88' lang='lat' dir='ltr'><strong>sed</strong></span> <span class='ocrx_word' id='word_1_188' title='bbox 2265 1789 2407 1842; x_wconf 91' lang='lat' dir='ltr'><strong>illam</strong></span> <span class='ocrx_word' id='word_1_189' title='bbox 2449 1790 2655 1845; x_wconf 75' lang='lat' dir='ltr'><strong>dixisse</strong></span> <span class='ocrx_word' id='word_1_190' title='bbox 2682 1793 2872 1861; x_wconf 74' lang='lat' dir='ltr'><strong>polyga</strong></span> <span class='ocrx_word' id='word_1_191' title='bbox 2888 1791 3050 1843; x_wconf 77' lang='lat' dir='ltr'><strong>iniam</strong></span> <span class='ocrx_word' id='word_1_192' title='bbox 3075 1829 3091 1855; x_wconf 90' lang='lat'><strong>,</strong></span> <span class='ocrx_word' id='word_1_193' title='bbox 3123 1792 3302 1858; x_wconf 85' lang='lat' dir='ltr'><strong>potius</strong></span> <span class='ocrx_word' id='word_1_194' title='bbox 3333 1791 3448 1845; x_wconf 89' lang='lat' dir='ltr'><strong>l&#39;or-</strong></span> 
     </span>
    </p>
   </div>
   <div class='ocr_carea' id='block_1_29' title="bbox 211 1871 1777 1943">
    <p class='ocr_par' dir='ltr' id='par_1_29' title="bbox 211 1871 1777 1943">
     <span class='ocr_line' id='line_1_29' title="bbox 211 1871 1777 1943; baseline 0.006 -21"><span class='ocrx_word' id='word_1_195' title='bbox 211 1889 330 1941; x_wconf 89' lang='grc' dir='ltr'>νην,</span> <span class='ocrx_word' id='word_1_196' title='bbox 369 1873 540 1941; x_wconf 89' lang='grc' dir='ltr'>ἤγουν</span> <span class='ocrx_word' id='word_1_197' title='bbox 575 1871 675 1923; x_wconf 81' lang='grc' dir='ltr'><strong>οὐκ</strong></span> <span class='ocrx_word' id='word_1_198' title='bbox 730 1872 1099 1941; x_wconf 76' lang='grc' dir='ltr'>ἑκκεχυμένην</span> <span class='ocrx_word' id='word_1_199' title='bbox 1151 1873 1245 1925; x_wconf 78' lang='grc' dir='ltr'><strong>καὶ</strong></span> <span class='ocrx_word' id='word_1_200' title='bbox 1293 1874 1604 1943; x_wconf 70' lang='grc' dir='ltr'>ἀδιάφορον,</span> <span class='ocrx_word' id='word_1_201' title='bbox 1640 1879 1777 1932; x_wconf 81' lang='grc' dir='ltr'><strong>ἀλλά</strong></span> 
     </span>
    </p>
   </div>
   <div class='ocr_carea' id='block_1_30' title="bbox 214 1963 1774 2035">
    <p class='ocr_par' dir='ltr' id='par_1_30' title="bbox 214 1963 1774 2035">
     <span class='ocr_line' id='line_1_30' title="bbox 214 1963 1774 2035; baseline 0.005 -19"><span class='ocrx_word' id='word_1_202' title='bbox 214 1963 655 2034; x_wconf 72' lang='grc' dir='ltr'><strong>συνεσταλμένην</strong></span> <span class='ocrx_word' id='word_1_203' title='bbox 685 1964 781 2016; x_wconf 75' lang='grc' dir='ltr'><strong>καὶ</strong></span> <span class='ocrx_word' id='word_1_204' title='bbox 814 1966 1335 2034; x_wconf 78' lang='grc' dir='ltr'>περιγεγραμμένην</span> <span class='ocrx_word' id='word_1_205' title='bbox 1390 1968 1488 2034; x_wconf 79' lang='grc' dir='ltr'>μιᾷ</span> <span class='ocrx_word' id='word_1_206' title='bbox 1533 1970 1774 2035; x_wconf 65' lang='grc' dir='ltr'>γυναικί.</span> 
     </span>
    </p>
   </div>
   <div class='ocr_carea' id='block_1_31' title="bbox 216 2055 1777 2128">
    <p class='ocr_par' dir='ltr' id='par_1_31' title="bbox 216 2055 1777 2128">
     <span class='ocr_line' id='line_1_31' title="bbox 216 2055 1777 2128; baseline 0.004 -20"><span class='ocrx_word' id='word_1_207' title='bbox 216 2057 316 2109; x_wconf 85' lang='grc' dir='ltr'>’ον</span> <span class='ocrx_word' id='word_1_208' title='bbox 351 2056 488 2123; x_wconf 77' lang='grc' dir='ltr'>γοῦν</span> <span class='ocrx_word' id='word_1_209' title='bbox 533 2055 698 2127; x_wconf 78' lang='grc' dir='ltr'>ὥρισε</span> <span class='ocrx_word' id='word_1_210' title='bbox 742 2059 944 2110; x_wconf 81' lang='grc' dir='ltr'>κανόνα</span> <span class='ocrx_word' id='word_1_211' title='bbox 993 2057 1083 2109; x_wconf 69' lang='grc' dir='ltr'><strong>ἐπὶ</strong></span> <span class='ocrx_word' id='word_1_212' title='bbox 1134 2059 1244 2111; x_wconf 81' lang='grc' dir='ltr'><strong>τῶν</strong></span> <span class='ocrx_word' id='word_1_213' title='bbox 1275 2060 1543 2128; x_wconf 84' lang='grc' dir='ltr'>διγάμων,</span> <span class='ocrx_word' id='word_1_214' title='bbox 1589 2063 1777 2115; x_wconf 79' lang='grc' dir='ltr'>τοῦτον</span> 
     </span>
    </p>
   </div>
   <div class='ocr_carea' id='block_1_32' title="bbox 209 2147 1778 2219">
    <p class='ocr_par' dir='ltr' id='par_1_32' title="bbox 209 2147 1778 2219">
     <span class='ocr_line' id='line_1_32' title="bbox 209 2147 1778 2219; baseline 0.005 -21"><span class='ocrx_word' id='word_1_215' title='bbox 209 2147 358 2213; x_wconf 75' lang='grc' dir='ltr'>λέγει</span> <span class='ocrx_word' id='word_1_216' title='bbox 381 2147 664 2216; x_wconf 83' lang='grc' dir='ltr'><strong>ἀναλόγως</strong></span> <span class='ocrx_word' id='word_1_217' title='bbox 696 2149 874 2217; x_wconf 79' lang='grc' dir='ltr'>ὁρίσαι</span> <span class='ocrx_word' id='word_1_218' title='bbox 907 2150 997 2200; x_wconf 77' lang='grc' dir='ltr'>καὶ</span> <span class='ocrx_word' id='word_1_219' title='bbox 1031 2149 1121 2200; x_wconf 72' lang='grc' dir='ltr'><strong>ἐπὶ</strong></span> <span class='ocrx_word' id='word_1_220' title='bbox 1151 2150 1249 2215; x_wconf 85' lang='grc' dir='ltr'><strong>τῆς</strong></span> <span class='ocrx_word' id='word_1_221' title='bbox 1273 2151 1573 2219; x_wconf 83' lang='grc' dir='ltr'>τριγαμίας</span> <span class='ocrx_word' id='word_1_222' title='bbox 1595 2167 1609 2182; x_wconf 75' lang='grc' dir='ltr'><strong>ο</strong></span> <span class='ocrx_word' id='word_1_223' title='bbox 1633 2153 1692 2205; x_wconf 70' lang='grc' dir='ltr'><strong>τὸ</strong></span> <span class='ocrx_word' id='word_1_224' title='bbox 1722 2154 1778 2206; x_wconf 79' lang='grc' dir='ltr'><strong>δὲ</strong></span> 
     </span>
    </p>
   </div>
   <div class='ocr_carea' id='block_1_33' title="bbox 217 2239 1778 2313">
    <p class='ocr_par' dir='ltr' id='par_1_33' title="bbox 217 2239 1778 2313">
     <span class='ocr_line' id='line_1_33' title="bbox 217 2239 1778 2313; baseline 0.008 -26"><span class='ocrx_word' id='word_1_225' title='bbox 217 2255 236 2287; x_wconf 81' lang='grc' dir='ltr'><strong>ι</strong></span> <span class='ocrx_word' id='word_1_226' title='bbox 284 2239 568 2307; x_wconf 74' lang='grc' dir='ltr'>ἀναλόγως</span> <span class='ocrx_word' id='word_1_227' title='bbox 602 2259 619 2290; x_wconf 73' lang='grc' dir='ltr'><strong>ι</strong></span> <span class='ocrx_word' id='word_1_228' title='bbox 654 2240 811 2293; x_wconf 81' lang='grc' dir='ltr'>τοῦτό</span> <span class='ocrx_word' id='word_1_229' title='bbox 858 2243 1004 2292; x_wconf 72' lang='grc' dir='ltr'>ἐστιν</span> <span class='ocrx_word' id='word_1_230' title='bbox 1034 2257 1048 2271; x_wconf 72' lang='grc' dir='ltr'>ο</span> <span class='ocrx_word' id='word_1_231' title='bbox 1099 2241 1180 2294; x_wconf 82' lang='grc' dir='ltr'>ὅτι</span> <span class='ocrx_word' id='word_1_232' title='bbox 1239 2243 1328 2294; x_wconf 76' lang='grc' dir='ltr'><strong>ἐπὶ</strong></span> <span class='ocrx_word' id='word_1_233' title='bbox 1375 2243 1474 2312; x_wconf 79' lang='grc' dir='ltr'><strong>τῆς</strong></span> <span class='ocrx_word' id='word_1_234' title='bbox 1520 2246 1778 2313; x_wconf 73' lang='grc' dir='ltr'>διγαμίας</span> 
     </span>
    </p>
   </div>
   <div class='ocr_carea' id='block_1_34' title="bbox 211 2330 1774 2403">
    <p class='ocr_par' dir='ltr' id='par_1_34' title="bbox 211 2330 1774 2403">
     <span class='ocr_line' id='line_1_34' title="bbox 211 2330 1774 2403; baseline 0.006 -23"><span class='ocrx_word' id='word_1_235' title='bbox 211 2330 454 2391; x_wconf 72' lang='grc' dir='ltr'>ἐνιαυτὸς</span> <span class='ocrx_word' id='word_1_236' title='bbox 491 2330 700 2399; x_wconf 82' lang='grc' dir='ltr'>ὡρίσθη</span> <span class='ocrx_word' id='word_1_237' title='bbox 744 2333 824 2393; x_wconf 84' lang='grc' dir='ltr'><strong>είς</strong></span> <span class='ocrx_word' id='word_1_238' title='bbox 874 2333 1159 2399; x_wconf 77' lang='grc' dir='ltr'>μετάνοιαν</span> <span class='ocrx_word' id='word_1_239' title='bbox 1185 2349 1198 2364; x_wconf 80' lang='grc' dir='ltr'><strong>ο</strong></span> <span class='ocrx_word' id='word_1_240' title='bbox 1237 2333 1447 2403; x_wconf 72' lang='grc' dir='ltr'>ἑτέροις</span> <span class='ocrx_word' id='word_1_241' title='bbox 1494 2336 1550 2388; x_wconf 80' lang='grc' dir='ltr'><strong>δὲ</strong></span> <span class='ocrx_word' id='word_1_242' title='bbox 1583 2336 1774 2392; x_wconf 83' lang='grc' dir='ltr'>διετία.</span> 
     </span>
    </p>
   </div>
   <div class='ocr_carea' id='block_1_35' title="bbox 225 2420 1778 2494">
    <p class='ocr_par' dir='ltr' id='par_1_35' title="bbox 225 2420 1778 2494">
     <span class='ocr_line' id='line_1_35' title="bbox 225 2420 1778 2494; baseline 0.005 -23"><span class='ocrx_word' id='word_1_243' title='bbox 225 2421 344 2472; x_wconf 75' lang='grc' dir='ltr'><strong>Ἐπὶ</strong></span> <span class='ocrx_word' id='word_1_244' title='bbox 376 2420 434 2472; x_wconf 73' lang='grc' dir='ltr'><strong>δὲ</strong></span> <span class='ocrx_word' id='word_1_245' title='bbox 467 2421 569 2485; x_wconf 81' lang='grc' dir='ltr'>τῆς</span> <span class='ocrx_word' id='word_1_246' title='bbox 610 2421 924 2489; x_wconf 80' lang='grc' dir='ltr'>τριγαμίας,</span> <span class='ocrx_word' id='word_1_247' title='bbox 956 2422 1079 2474; x_wconf 74' lang='grc' dir='ltr'>ἐπεὶ</span> <span class='ocrx_word' id='word_1_248' title='bbox 1128 2422 1334 2490; x_wconf 83' lang='grc' dir='ltr'>μείζων</span> <span class='ocrx_word' id='word_1_249' title='bbox 1365 2424 1514 2476; x_wconf 75' lang='grc' dir='ltr'>ἐστὶν</span> <span class='ocrx_word' id='word_1_250' title='bbox 1556 2427 1586 2494; x_wconf 85' lang='grc' dir='ltr'><strong>ὴ</strong></span> <span class='ocrx_word' id='word_1_251' title='bbox 1631 2428 1778 2480; x_wconf 85' lang='grc' dir='ltr'>αίτία</span> 
     </span>
    </p>
   </div>
   <div class='ocr_carea' id='block_1_36' title="bbox 213 2510 1778 2586">
    <p class='ocr_par' dir='ltr' id='par_1_36' title="bbox 213 2510 1778 2586">
     <span class='ocr_line' id='line_1_36' title="bbox 213 2510 1778 2586; baseline 0.001 -24"><span class='ocrx_word' id='word_1_252' title='bbox 213 2510 371 2580; x_wconf 74' lang='grc' dir='ltr'>αὕτη,</span> <span class='ocrx_word' id='word_1_253' title='bbox 429 2510 692 2575; x_wconf 76' lang='grc' dir='ltr'>ἀνάλογον</span> <span class='ocrx_word' id='word_1_254' title='bbox 741 2512 834 2563; x_wconf 77' lang='grc' dir='ltr'><strong>καὶ</strong></span> <span class='ocrx_word' id='word_1_255' title='bbox 875 2511 936 2563; x_wconf 77' lang='grc' dir='ltr'><strong>τὸ</strong></span> <span class='ocrx_word' id='word_1_256' title='bbox 983 2512 1256 2580; x_wconf 77' lang='grc' dir='ltr'>ἐπιτίμιον</span> <span class='ocrx_word' id='word_1_257' title='bbox 1309 2513 1576 2582; x_wconf 79' lang='grc' dir='ltr'>ὥρισταιο</span> <span class='ocrx_word' id='word_1_258' title='bbox 1611 2517 1778 2586; x_wconf 75' lang='grc' dir='ltr'>ἤγουν</span> 
     </span>
    </p>
   </div>
   <div class='ocr_carea' id='block_1_37' title="bbox 213 2601 1779 2675">
    <p class='ocr_par' dir='ltr' id='par_1_37' title="bbox 213 2601 1779 2675">
     <span class='ocr_line' id='line_1_37' title="bbox 213 2601 1779 2675; baseline 0.004 -21"><span class='ocrx_word' id='word_1_259' title='bbox 213 2605 303 2655; x_wconf 68' lang='grc' dir='ltr'><strong>ἐπὶ</strong></span> <span class='ocrx_word' id='word_1_260' title='bbox 361 2601 686 2654; x_wconf 80' lang='grc' dir='ltr'>πενταετίαν</span> <span class='ocrx_word' id='word_1_261' title='bbox 728 2604 1050 2671; x_wconf 66' lang='grc' dir='ltr'>ἀφορισμός.</span> <span class='ocrx_word' id='word_1_262' title='bbox 1093 2605 1232 2666; x_wconf 70' lang='grc' dir='ltr'><strong>Τοὺς</strong></span> <span class='ocrx_word' id='word_1_263' title='bbox 1287 2607 1394 2675; x_wconf 64' lang='grc' dir='ltr'><strong>γὰρ</strong></span> <span class='ocrx_word' id='word_1_264' title='bbox 1437 2607 1779 2673; x_wconf 80' lang='grc' dir='ltr'>ὑπερϐάντας</span> 
     </span>
    </p>
   </div>
   <div class='ocr_carea' id='block_1_38' title="bbox 209 2692 1780 2767">
    <p class='ocr_par' dir='ltr' id='par_1_38' title="bbox 209 2692 1780 2767">
     <span class='ocr_line' id='line_1_38' title="bbox 209 2692 1780 2767; baseline 0.004 -26"><span class='ocrx_word' id='word_1_265' title='bbox 209 2695 308 2757; x_wconf 70' lang='grc' dir='ltr'>τὴν</span> <span class='ocrx_word' id='word_1_266' title='bbox 331 2692 592 2759; x_wconf 79' lang='grc' dir='ltr'>ὁιγαμίαν</span> <span class='ocrx_word' id='word_1_267' title='bbox 628 2693 700 2761; x_wconf 82' lang='grc' dir='ltr'>μὴ</span> <span class='ocrx_word' id='word_1_268' title='bbox 735 2693 841 2744; x_wconf 84' lang='grc' dir='ltr'>δεῖν</span> <span class='ocrx_word' id='word_1_269' title='bbox 868 2693 1231 2762; x_wconf 77' lang='grc' dir='ltr'>ὀνομάζεσθαί</span> <span class='ocrx_word' id='word_1_270' title='bbox 1281 2713 1414 2764; x_wconf 73' lang='grc' dir='ltr'>φησι</span> <span class='ocrx_word' id='word_1_271' title='bbox 1468 2699 1620 2767; x_wconf 80' lang='grc' dir='ltr'>παρᾶ</span> <span class='ocrx_word' id='word_1_272' title='bbox 1670 2700 1780 2750; x_wconf 85' lang='grc' dir='ltr'><strong>τῶν</strong></span> 
     </span>
    </p>
   </div>
   <div class='ocr_carea' id='block_1_39' title="bbox 211 2779 1778 2857">
    <p class='ocr_par' dir='ltr' id='par_1_39' title="bbox 211 2779 1778 2857">
     <span class='ocr_line' id='line_1_39' title="bbox 211 2779 1778 2857; baseline 0.004 -23"><span class='ocrx_word' id='word_1_273' title='bbox 211 2783 510 2846; x_wconf 77' lang='grc' dir='ltr'>γυναικῶν,</span> <span class='ocrx_word' id='word_1_274' title='bbox 557 2779 644 2845; x_wconf 81' lang='grc' dir='ltr'>αἷς</span> <span class='ocrx_word' id='word_1_275' title='bbox 715 2784 1162 2852; x_wconf 59' lang='grc' dir='ltr'>συμψθείρονται,</span> <span class='ocrx_word' id='word_1_276' title='bbox 1221 2786 1452 2854; x_wconf 80' lang='grc' dir='ltr'>ἄνδρας·</span> <span class='ocrx_word' id='word_1_277' title='bbox 1489 2788 1624 2857; x_wconf 84' lang='grc' dir='ltr'>μήτε</span> <span class='ocrx_word' id='word_1_278' title='bbox 1675 2790 1778 2851; x_wconf 72' lang='grc' dir='ltr'>τὰς</span> 
     </span>
    </p>
   </div>
   <div class='ocr_carea' id='block_1_40' title="bbox 211 2873 1781 2946">
    <p class='ocr_par' dir='ltr' id='par_1_40' title="bbox 211 2873 1781 2946">
     <span class='ocr_line' id='line_1_40' title="bbox 211 2873 1781 2946; baseline 0.004 -22"><span class='ocrx_word' id='word_1_279' title='bbox 211 2876 474 2939; x_wconf 82' lang='grc' dir='ltr'>γυναῖκας</span> <span class='ocrx_word' id='word_1_280' title='bbox 515 2873 767 2940; x_wconf 80' lang='grc' dir='ltr'>λέγεσθαι</span> <span class='ocrx_word' id='word_1_281' title='bbox 815 2875 961 2944; x_wconf 77' lang='grc' dir='ltr'><strong>παρά</strong></span> <span class='ocrx_word' id='word_1_282' title='bbox 1010 2876 1117 2927; x_wconf 87' lang='grc' dir='ltr'><strong>τῶν</strong></span> <span class='ocrx_word' id='word_1_283' title='bbox 1163 2875 1418 2929; x_wconf 77' lang='grc' dir='ltr'>τοιούτων</span> <span class='ocrx_word' id='word_1_284' title='bbox 1447 2879 1656 2946; x_wconf 79' lang='grc' dir='ltr'>ἀνδρῶν</span> <span class='ocrx_word' id='word_1_285' title='bbox 1687 2897 1781 2943; x_wconf 79' lang='grc' dir='ltr'>γυ-</span> 
     </span>
    </p>
   </div>
   <div class='ocr_carea' id='block_1_41' title="bbox 210 2963 1776 3038">
    <p class='ocr_par' dir='ltr' id='par_1_41' title="bbox 210 2963 1776 3038">
     <span class='ocr_line' id='line_1_41' title="bbox 210 2963 1776 3038; baseline 0.003 -23"><span class='ocrx_word' id='word_1_286' title='bbox 210 2967 399 3028; x_wconf 83' lang='grc' dir='ltr'>ναῖκας</span> <span class='ocrx_word' id='word_1_287' title='bbox 429 2964 670 3018; x_wconf 70' lang='grc' dir='ltr'>ἑαυτῶνυ</span> <span class='ocrx_word' id='word_1_288' title='bbox 717 2963 810 3017; x_wconf 75' lang='grc' dir='ltr'><strong>καὶ</strong></span> <span class='ocrx_word' id='word_1_289' title='bbox 852 2965 916 3016; x_wconf 79' lang='grc' dir='ltr'><strong>ὲκ</strong></span> <span class='ocrx_word' id='word_1_290' title='bbox 958 2963 1051 3017; x_wconf 86' lang='grc' dir='ltr'><strong>τοῦ</strong></span> <span class='ocrx_word' id='word_1_291' title='bbox 1099 2966 1434 3033; x_wconf 78' lang='grc' dir='ltr'>Εὑαγγελίου</span> <span class='ocrx_word' id='word_1_292' title='bbox 1473 2969 1776 3038; x_wconf 84' lang='grc' dir='ltr'>μαρτυρίαν</span> 
     </span>
    </p>
   </div>
   <div class='ocr_carea' id='block_1_42' title="bbox 211 3054 1774 3126">
    <p class='ocr_par' dir='ltr' id='par_1_42' title="bbox 211 3054 1774 3126">
     <span class='ocr_line' id='line_1_42' title="bbox 211 3054 1774 3126; baseline 0.002 -18"><span class='ocrx_word' id='word_1_293' title='bbox 211 3057 428 3120; x_wconf 76' lang='grc' dir='ltr'>ἐπάγει,</span> <span class='ocrx_word' id='word_1_294' title='bbox 465 3057 708 3116; x_wconf 76' lang='grc' dir='ltr'>εἰπόντος</span> <span class='ocrx_word' id='word_1_295' title='bbox 735 3055 826 3107; x_wconf 75' lang='grc' dir='ltr'>τοῦ</span> <span class='ocrx_word' id='word_1_296' title='bbox 858 3054 1092 3123; x_wconf 77' lang='grc' dir='ltr'>Χριστοῦ</span> <span class='ocrx_word' id='word_1_297' title='bbox 1126 3056 1258 3122; x_wconf 75' lang='grc' dir='ltr'>πρὸς</span> <span class='ocrx_word' id='word_1_298' title='bbox 1288 3057 1386 3126; x_wconf 81' lang='grc' dir='ltr'>τὴν</span> <span class='ocrx_word' id='word_1_299' title='bbox 1409 3059 1774 3126; x_wconf 71' lang='grc' dir='ltr'>Σαμαρείτιδι</span> 
     </span>
    </p>
   </div>
   <div class='ocr_carea' id='block_1_43' title="bbox 210 3148 1775 3220">
    <p class='ocr_par' dir='ltr' id='par_1_43' title="bbox 210 3148 1775 3220">
     <span class='ocr_line' id='line_1_43' title="bbox 210 3148 1775 3220; baseline 0.004 -21"><span class='ocrx_word' id='word_1_300' title='bbox 210 3152 288 3200; x_wconf 72' lang='grc' dir='ltr'>ὅτι</span> <span class='ocrx_word' id='word_1_301' title='bbox 323 3153 427 3200; x_wconf 81' lang='grc' dir='ltr'><strong>Ὃν</strong></span> <span class='ocrx_word' id='word_1_302' title='bbox 471 3149 634 3215; x_wconf 78' lang='grc' dir='ltr'>ἔχεις</span> <span class='ocrx_word' id='word_1_303' title='bbox 690 3149 800 3200; x_wconf 84' lang='grc' dir='ltr'><strong>οὐκ</strong></span> <span class='ocrx_word' id='word_1_304' title='bbox 855 3148 985 3202; x_wconf 78' lang='grc' dir='ltr'>ἔστι</span> <span class='ocrx_word' id='word_1_305' title='bbox 1043 3165 1159 3203; x_wconf 84' lang='grc' dir='ltr'><strong>σου</strong></span> <span class='ocrx_word' id='word_1_306' title='bbox 1201 3148 1390 3214; x_wconf 70' lang='grc' dir='ltr'><strong>ἀνὴρ·</strong></span> <span class='ocrx_word' id='word_1_307' title='bbox 1426 3149 1608 3203; x_wconf 82' lang='grc' dir='ltr'><strong>πέντε</strong></span> <span class='ocrx_word' id='word_1_308' title='bbox 1666 3153 1775 3220; x_wconf 78' lang='grc' dir='ltr'>γὰρ</span> 
     </span>
    </p>
   </div>
   <div class='ocr_carea' id='block_1_44' title="bbox 209 3235 1775 3305">
    <p class='ocr_par' dir='ltr' id='par_1_44' title="bbox 209 3235 1775 3305">
     <span class='ocr_line' id='line_1_44' title="bbox 209 3235 1775 3305; baseline -0.002 -17"><span class='ocrx_word' id='word_1_309' title='bbox 209 3239 412 3305; x_wconf 79' lang='grc' dir='ltr'>ἔσχες.</span> <span class='ocrx_word' id='word_1_310' title='bbox 448 3236 508 3288; x_wconf 64' lang='lat' dir='ltr'><strong>Et</strong></span> <span class='ocrx_word' id='word_1_311' title='bbox 549 3237 605 3288; x_wconf 83' lang='grc' dir='ltr'>δὲ</span> <span class='ocrx_word' id='word_1_312' title='bbox 651 3237 742 3288; x_wconf 81' lang='grc' dir='ltr'><strong>καὶ</strong></span> <span class='ocrx_word' id='word_1_313' title='bbox 791 3235 926 3303; x_wconf 69' lang='grc' dir='ltr'>ἔφθη</span> <span class='ocrx_word' id='word_1_314' title='bbox 980 3237 1154 3286; x_wconf 72' lang='grc' dir='ltr'>εἰπεῖν</span> <span class='ocrx_word' id='word_1_315' title='bbox 1188 3239 1214 3288; x_wconf 90' lang='lat'><strong>6</strong></span> <span class='ocrx_word' id='word_1_316' title='bbox 1245 3235 1400 3301; x_wconf 77' lang='grc' dir='ltr'>ἅγιος</span> <span class='ocrx_word' id='word_1_317' title='bbox 1434 3236 1514 3287; x_wconf 79' lang='grc' dir='ltr'>ὅτι</span> <span class='ocrx_word' id='word_1_318' title='bbox 1544 3238 1600 3286; x_wconf 78' lang='grc' dir='ltr'>ἐν</span> <span class='ocrx_word' id='word_1_319' title='bbox 1627 3237 1775 3304; x_wconf 77' lang='grc' dir='ltr'>τρισὶ</span> 
     </span>
    </p>
   </div>
   <div class='ocr_carea' id='block_1_45' title="bbox 209 3325 1772 3394">
    <p class='ocr_par' dir='ltr' id='par_1_45' title="bbox 209 3325 1772 3394">
     <span class='ocr_line' id='line_1_45' title="bbox 209 3325 1772 3394; baseline -0.002 -14"><span class='ocrx_word' id='word_1_320' title='bbox 209 3331 302 3380; x_wconf 73' lang='grc' dir='ltr'><strong>καὶ</strong></span> <span class='ocrx_word' id='word_1_321' title='bbox 334 3330 631 3394; x_wconf 76' lang='grc' dir='ltr'>τέσσαρσιν</span> <span class='ocrx_word' id='word_1_322' title='bbox 671 3327 846 3378; x_wconf 78' lang='grc' dir='ltr'>ἔτεσιν</span> <span class='ocrx_word' id='word_1_323' title='bbox 885 3325 1241 3393; x_wconf 75' lang='grc' dir='ltr'>ἀφορίζεσθαι</span> <span class='ocrx_word' id='word_1_324' title='bbox 1284 3328 1410 3389; x_wconf 67' lang='grc' dir='ltr'>τοὺς</span> <span class='ocrx_word' id='word_1_325' title='bbox 1449 3325 1772 3394; x_wconf 80' lang='grc' dir='ltr'>τριγάμους,</span> 
     </span>
    </p>
   </div>
   <div class='ocr_carea' id='block_1_46' title="bbox 208 3415 1776 3485">
    <p class='ocr_par' dir='ltr' id='par_1_46' title="bbox 208 3415 1776 3485">
     <span class='ocr_line' id='line_1_46' title="bbox 208 3415 1776 3485; baseline -0.002 -16"><span class='ocrx_word' id='word_1_326' title='bbox 208 3419 324 3470; x_wconf 68' lang='grc' dir='ltr'>ἀλλ’</span> <span class='ocrx_word' id='word_1_327' title='bbox 369 3419 470 3468; x_wconf 67' lang='grc' dir='ltr'>οὐκ</span> <span class='ocrx_word' id='word_1_328' title='bbox 519 3417 760 3485; x_wconf 77' lang='grc' dir='ltr'>ἐνέμεινε</span> <span class='ocrx_word' id='word_1_329' title='bbox 811 3415 885 3483; x_wconf 81' lang='grc' dir='ltr'><strong>τῷ</strong></span> <span class='ocrx_word' id='word_1_330' title='bbox 929 3415 1086 3484; x_wconf 83' lang='grc' dir='ltr'>τύπῳ</span> <span class='ocrx_word' id='word_1_331' title='bbox 1135 3415 1330 3485; x_wconf 81' lang='grc' dir='ltr'>ἐκείνῳ</span> <span class='ocrx_word' id='word_1_332' title='bbox 1359 3433 1374 3447; x_wconf 76' lang='grc' dir='ltr'>ο</span> <span class='ocrx_word' id='word_1_333' title='bbox 1425 3417 1671 3468; x_wconf 75' lang='grc' dir='ltr'>ἐπέτεινε</span> <span class='ocrx_word' id='word_1_334' title='bbox 1721 3415 1776 3466; x_wconf 74' lang='grc' dir='ltr'><strong>δὲ</strong></span> 
     </span>
    </p>
   </div>
   <div class='ocr_carea' id='block_1_47' title="bbox 206 3505 1775 3576">
    <p class='ocr_par' dir='ltr' id='par_1_47' title="bbox 206 3505 1775 3576">
     <span class='ocr_line' id='line_1_47' title="bbox 206 3505 1775 3576; baseline -0.003 -15"><span class='ocrx_word' id='word_1_335' title='bbox 206 3511 366 3568; x_wconf 69' lang='grc' dir='ltr'>αὐτὸς</span> <span class='ocrx_word' id='word_1_336' title='bbox 405 3511 493 3559; x_wconf 79' lang='grc' dir='ltr'>τὸν</span> <span class='ocrx_word' id='word_1_337' title='bbox 526 3509 716 3576; x_wconf 81' lang='grc' dir='ltr'>χρόνον</span> <span class='ocrx_word' id='word_1_338' title='bbox 760 3507 849 3559; x_wconf 73' lang='grc' dir='ltr'><strong>τοῦ</strong></span> <span class='ocrx_word' id='word_1_339' title='bbox 901 3507 1177 3574; x_wconf 78' lang='grc' dir='ltr'>ἐπιτιμίου</span> <span class='ocrx_word' id='word_1_340' title='bbox 1224 3507 1385 3575; x_wconf 72' lang='grc' dir='ltr'>μέχρι</span> <span class='ocrx_word' id='word_1_341' title='bbox 1424 3505 1775 3570; x_wconf 76' lang='grc' dir='ltr'>πενταετίας,</span> 
     </span>
    </p>
   </div>
   <div class='ocr_carea' id='block_1_48' title="bbox 205 3595 1775 3668">
    <p class='ocr_par' dir='ltr' id='par_1_48' title="bbox 205 3595 1775 3668">
     <span class='ocr_line' id='line_1_48' title="bbox 205 3595 1775 3668; baseline -0.003 -16"><span class='ocrx_word' id='word_1_342' title='bbox 205 3599 604 3668; x_wconf 69' lang='grc' dir='ltr'>διαταξάμενος</span> <span class='ocrx_word' id='word_1_343' title='bbox 669 3600 740 3667; x_wconf 82' lang='grc' dir='ltr'>μὴ</span> <span class='ocrx_word' id='word_1_344' title='bbox 799 3596 1114 3664; x_wconf 74' lang='grc' dir='ltr'>ἐξωθεῖσθαι</span> <span class='ocrx_word' id='word_1_345' title='bbox 1174 3598 1298 3660; x_wconf 75' lang='grc' dir='ltr'>τοὺς</span> <span class='ocrx_word' id='word_1_346' title='bbox 1356 3595 1632 3658; x_wconf 75' lang='grc' dir='ltr'>τοιούτους</span> <span class='ocrx_word' id='word_1_347' title='bbox 1675 3597 1775 3664; x_wconf 80' lang='grc' dir='ltr'><strong>τῆς</strong></span> 
     </span>
    </p>
   </div>
   <div class='ocr_carea' id='block_1_49' title="bbox 219 3688 1773 3758">
    <p class='ocr_par' dir='ltr' id='par_1_49' title="bbox 219 3688 1773 3758">
     <span class='ocr_line' id='line_1_49' title="bbox 219 3688 1773 3758; baseline -0.003 -16"><span class='ocrx_word' id='word_1_348' title='bbox 219 3693 578 3756; x_wconf 71' lang='grc' dir='ltr'>’ί-Σκχ).ησίας,</span> <span class='ocrx_word' id='word_1_349' title='bbox 629 3690 768 3742; x_wconf 81' lang='grc' dir='ltr'>ὥστε</span> <span class='ocrx_word' id='word_1_350' title='bbox 834 3691 933 3742; x_wconf 78' lang='grc' dir='ltr'><strong>οὐκ</strong></span> <span class='ocrx_word' id='word_1_351' title='bbox 991 3691 1069 3752; x_wconf 87' lang='grc' dir='ltr'><strong>είς</strong></span> <span class='ocrx_word' id='word_1_352' title='bbox 1122 3691 1286 3741; x_wconf 78' lang='grc' dir='ltr'>τόπον</span> <span class='ocrx_word' id='word_1_353' title='bbox 1349 3688 1773 3758; x_wconf 79' lang='grc' dir='ltr'>προσκλαίοντος</span> 
     </span>
    </p>
   </div>
   <div class='ocr_carea' id='block_1_50' title="bbox 204 3777 1772 3846">
    <p class='ocr_par' dir='ltr' id='par_1_50' title="bbox 204 3777 1772 3846">
     <span class='ocr_line' id='line_1_50' title="bbox 204 3777 1772 3846; baseline -0.004 -11"><span class='ocrx_word' id='word_1_354' title='bbox 204 3783 483 3842; x_wconf 78' lang='grc' dir='ltr'>ἵστασθαι,</span> <span class='ocrx_word' id='word_1_355' title='bbox 519 3781 631 3832; x_wconf 73' lang='grc' dir='ltr'>ἀλλ’</span> <span class='ocrx_word' id='word_1_356' title='bbox 660 3779 738 3840; x_wconf 88' lang='grc' dir='ltr'><strong>είς</strong></span> <span class='ocrx_word' id='word_1_357' title='bbox 775 3778 934 3830; x_wconf 88' lang='grc' dir='ltr'>τόπον</span> <span class='ocrx_word' id='word_1_358' title='bbox 967 3779 1332 3846; x_wconf 79' lang='grc' dir='ltr'>ἀκροωμένων</span> <span class='ocrx_word' id='word_1_359' title='bbox 1359 3780 1416 3829; x_wconf 82' lang='grc' dir='ltr'>ὲν</span> <span class='ocrx_word' id='word_1_360' title='bbox 1451 3777 1594 3830; x_wconf 77' lang='grc' dir='ltr'>ἔτεσι</span> <span class='ocrx_word' id='word_1_361' title='bbox 1620 3778 1772 3830; x_wconf 74' lang='grc' dir='ltr'>δυσὶν</span> 
     </span>
    </p>
   </div>
   <div class='ocr_carea' id='block_1_51' title="bbox 202 3868 1773 3943">
    <p class='ocr_par' dir='ltr' id='par_1_51' title="bbox 202 3868 1773 3943">
     <span class='ocr_line' id='line_1_51' title="bbox 202 3868 1773 3943; baseline -0.003 -20"><span class='ocrx_word' id='word_1_362' title='bbox 202 3876 234 3943; x_wconf 77' lang='grc' dir='ltr'>ἦ</span> <span class='ocrx_word' id='word_1_363' title='bbox 269 3873 456 3938; x_wconf 83' lang='grc' dir='ltr'>τρισί·</span> <span class='ocrx_word' id='word_1_364' title='bbox 489 3872 626 3938; x_wconf 86' lang='grc' dir='ltr'><strong>μετά</strong></span> <span class='ocrx_word' id='word_1_365' title='bbox 661 3871 716 3922; x_wconf 84' lang='grc' dir='ltr'><strong>δὲ</strong></span> <span class='ocrx_word' id='word_1_366' title='bbox 753 3871 844 3922; x_wconf 70' lang='grc' dir='ltr'><strong>τὸν</strong></span> <span class='ocrx_word' id='word_1_367' title='bbox 889 3868 1182 3937; x_wconf 80' lang='grc' dir='ltr'>εἰρημένον</span> <span class='ocrx_word' id='word_1_368' title='bbox 1230 3869 1421 3937; x_wconf 82' lang='grc' dir='ltr'>χρόνον</span> <span class='ocrx_word' id='word_1_369' title='bbox 1454 3869 1773 3935; x_wconf 74' lang='grc' dir='ltr'>ἐπιτρέπειν</span> 
     </span>
    </p>
   </div>
   <div class='ocr_carea' id='block_1_52' title="bbox 201 3957 1774 4030">
    <p class='ocr_par' dir='ltr' id='par_1_52' title="bbox 201 3957 1774 4030">
     <span class='ocr_line' id='line_1_52' title="bbox 201 3957 1774 4030; baseline -0.006 -14"><span class='ocrx_word' id='word_1_370' title='bbox 201 3964 391 4023; x_wconf 74' lang='grc' dir='ltr'>αὐτοῖς</span> <span class='ocrx_word' id='word_1_371' title='bbox 418 3962 518 4030; x_wconf 81' lang='grc' dir='ltr'>τὴν</span> <span class='ocrx_word' id='word_1_372' title='bbox 553 3961 691 4028; x_wconf 85' lang='grc' dir='ltr'><strong>μετά</strong></span> <span class='ocrx_word' id='word_1_373' title='bbox 733 3959 841 4011; x_wconf 86' lang='grc' dir='ltr'><strong>τῶν</strong></span> <span class='ocrx_word' id='word_1_374' title='bbox 873 3959 1081 4010; x_wconf 82' lang='grc' dir='ltr'>πιστῶν</span> <span class='ocrx_word' id='word_1_375' title='bbox 1117 3957 1374 4009; x_wconf 86' lang='grc' dir='ltr'>σύστασιν</span> <span class='ocrx_word' id='word_1_376' title='bbox 1401 3974 1413 3987; x_wconf 74' lang='grc' dir='ltr'><strong>ο</strong></span> <span class='ocrx_word' id='word_1_377' title='bbox 1442 3958 1540 4024; x_wconf 81' lang='grc' dir='ltr'>τῆς</span> <span class='ocrx_word' id='word_1_378' title='bbox 1569 3957 1626 4009; x_wconf 83' lang='grc' dir='ltr'><strong>δὲ</strong></span> <span class='ocrx_word' id='word_1_379' title='bbox 1658 3973 1774 4026; x_wconf 58' lang='grc' dir='ltr'>ξιοι-</span> 
     </span>
    </p>
   </div>
   <div class='ocr_carea' id='block_1_53' title="bbox 203 4046 1775 4119">
    <p class='ocr_par' dir='ltr' id='par_1_53' title="bbox 203 4046 1775 4119">
     <span class='ocr_line' id='line_1_53' title="bbox 203 4046 1775 4119; baseline -0.004 -15"><span class='ocrx_word' id='word_1_380' title='bbox 203 4055 402 4113; x_wconf 80' lang='grc' dir='ltr'>νωνὶας</span> <span class='ocrx_word' id='word_1_381' title='bbox 433 4051 754 4119; x_wconf 79' lang='grc' dir='ltr'>ἀπέχεσθαι.</span> <span class='ocrx_word' id='word_1_382' title='bbox 777 4050 886 4101; x_wconf 74' lang='grc' dir='ltr'><strong>Καὶ</strong></span> <span class='ocrx_word' id='word_1_383' title='bbox 911 4047 1052 4102; x_wconf 68' lang='grc' dir='ltr'>οὕτω</span> <span class='ocrx_word' id='word_1_384' title='bbox 1083 4049 1294 4116; x_wconf 73' lang='grc' dir='ltr'>καρπὸν</span> <span class='ocrx_word' id='word_1_385' title='bbox 1329 4046 1775 4113; x_wconf 76' lang='grc' dir='ltr'>ἐπιδῑιξαμένους</span> 
     </span>
    </p>
   </div>
   <div class='ocr_carea' id='block_1_54' title="bbox 205 4139 1770 4212">
    <p class='ocr_par' dir='ltr' id='par_1_54' title="bbox 205 4139 1770 4212">
     <span class='ocr_line' id='line_1_54' title="bbox 205 4139 1770 4212; baseline -0.004 -17"><span class='ocrx_word' id='word_1_386' title='bbox 205 4145 522 4209; x_wconf 74' lang='grc' dir='ltr'>μετανοίας,</span> <span class='ocrx_word' id='word_1_387' title='bbox 555 4144 722 4212; x_wconf 74' lang='grc' dir='ltr'>ἤγουν</span> <span class='ocrx_word' id='word_1_388' title='bbox 771 4140 1064 4210; x_wconf 78' lang='grc' dir='ltr'>συντριὸὴν</span> <span class='ocrx_word' id='word_1_389' title='bbox 1110 4140 1356 4208; x_wconf 80' lang='grc' dir='ltr'>καρδίας,</span> <span class='ocrx_word' id='word_1_390' title='bbox 1397 4139 1489 4190; x_wconf 78' lang='grc' dir='ltr'><strong>καὶ</strong></span> <span class='ocrx_word' id='word_1_391' title='bbox 1538 4139 1770 4206; x_wconf 72' lang='grc' dir='ltr'>δάκρυα,</span> 
     </span>
    </p>
   </div>
   <div class='ocr_carea' id='block_1_55' title="bbox 201 4227 1774 4300">
    <p class='ocr_par' dir='ltr' id='par_1_55' title="bbox 201 4227 1774 4300">
     <span class='ocr_line' id='line_1_55' title="bbox 201 4227 1774 4300; baseline -0.005 -14"><span class='ocrx_word' id='word_1_392' title='bbox 201 4236 304 4287; x_wconf 68' lang='grc' dir='ltr'><strong>καὶ</strong></span> <span class='ocrx_word' id='word_1_393' title='bbox 350 4235 402 4286; x_wconf 83' lang='grc' dir='ltr'>εἴ</span> <span class='ocrx_word' id='word_1_394' title='bbox 441 4251 494 4286; x_wconf 86' lang='grc' dir='ltr'><strong>τι</strong></span> <span class='ocrx_word' id='word_1_395' title='bbox 538 4232 747 4295; x_wconf 74' lang='grc' dir='ltr'>τούτοις</span> <span class='ocrx_word' id='word_1_396' title='bbox 779 4231 1066 4300; x_wconf 80' lang='grc' dir='ltr'>ἑπόμενον,</span> <span class='ocrx_word' id='word_1_397' title='bbox 1104 4228 1250 4282; x_wconf 73' lang='grc' dir='ltr'>οὕτω</span> <span class='ocrx_word' id='word_1_398' title='bbox 1295 4227 1544 4298; x_wconf 79' lang='grc' dir='ltr'>δέχεσθαι</span> <span class='ocrx_word' id='word_1_399' title='bbox 1578 4227 1774 4290; x_wconf 74' lang='grc' dir='ltr'>αὐτοὺς</span> 
     </span>
    </p>
   </div>
   <div class='ocr_carea' id='block_1_56' title="bbox 201 4328 616 4392">
    <p class='ocr_par' dir='ltr' id='par_1_56' title="bbox 201 4328 616 4392">
     <span class='ocr_line' id='line_1_56' title="bbox 201 4328 616 4392; baseline 0 -11"><span class='ocrx_word' id='word_1_400' title='bbox 201 4331 286 4392; x_wconf 85' lang='grc' dir='ltr'><strong>είς</strong></span> <span class='ocrx_word' id='word_1_401' title='bbox 317 4328 616 4382; x_wconf 84' lang='grc' dir='ltr'>κοινωνίαν.</span> 
     </span>
    </p>
   </div>
   <div class='ocr_carea' id='block_1_57' title="bbox 278 4517 1769 4592">
    <p class='ocr_par' dir='ltr' id='par_1_57' title="bbox 278 4517 1769 4592">
     <span class='ocr_line' id='line_1_57' title="bbox 278 4517 1769 4592; baseline -0.007 -12"><span class='ocrx_word' id='word_1_402' title='bbox 278 4527 503 4580; x_wconf 72' lang='grc' dir='ltr'><strong>ΑΡΙΣΤ.</strong></span> <span class='ocrx_word' id='word_1_403' title='bbox 545 4525 682 4577; x_wconf 84' lang='grc' dir='ltr'>Ἕνα</span> <span class='ocrx_word' id='word_1_404' title='bbox 714 4523 902 4592; x_wconf 82' lang='grc' dir='ltr'>χρόνον</span> <span class='ocrx_word' id='word_1_405' title='bbox 943 4520 976 4590; x_wconf 78' lang='grc' dir='ltr'>ἢ</span> <span class='ocrx_word' id='word_1_406' title='bbox 1009 4517 1102 4571; x_wconf 81' lang='grc' dir='ltr'>δύο</span> <span class='ocrx_word' id='word_1_407' title='bbox 1127 4518 1446 4588; x_wconf 76' lang='grc' dir='ltr'>ἀφορίζεται</span> <span class='ocrx_word' id='word_1_408' title='bbox 1471 4520 1498 4570; x_wconf 89' lang='lat'><strong>6</strong></span> <span class='ocrx_word' id='word_1_409' title='bbox 1519 4517 1769 4586; x_wconf 85' lang='grc' dir='ltr'>δίγαμος·</span> 
     </span>
    </p>
   </div>
   <div class='ocr_carea' id='block_1_58' title="bbox 199 4609 1773 4686">
    <p class='ocr_par' dir='ltr' id='par_1_58' title="bbox 199 4609 1773 4686">
     <span class='ocr_line' id='line_1_58' title="bbox 199 4609 1773 4686; baseline -0.006 -15"><span class='ocrx_word' id='word_1_410' title='bbox 199 4621 356 4686; x_wconf 86' lang='grc' dir='ltr'>τρεῖς</span> <span class='ocrx_word' id='word_1_411' title='bbox 387 4618 439 4670; x_wconf 71' lang='grc' dir='ltr'><strong>δὲ</strong></span> <span class='ocrx_word' id='word_1_412' title='bbox 471 4617 565 4669; x_wconf 75' lang='grc' dir='ltr'><strong>καὶ</strong></span> <span class='ocrx_word' id='word_1_413' title='bbox 598 4617 869 4684; x_wconf 82' lang='grc' dir='ltr'>τέσσαρας</span> <span class='ocrx_word' id='word_1_414' title='bbox 895 4615 923 4666; x_wconf 89' lang='lat'><strong>6</strong></span> <span class='ocrx_word' id='word_1_415' title='bbox 950 4612 1214 4680; x_wconf 81' lang='grc' dir='ltr'>τρίγαμος</span> <span class='ocrx_word' id='word_1_416' title='bbox 1235 4623 1250 4638; x_wconf 86' lang='grc'>·</span> <span class='ocrx_word' id='word_1_417' title='bbox 1295 4610 1388 4663; x_wconf 83' lang='grc' dir='ltr'><strong>καὶ</strong></span> <span class='ocrx_word' id='word_1_418' title='bbox 1425 4609 1583 4662; x_wconf 74' lang='grc' dir='ltr'>πέντε</span> <span class='ocrx_word' id='word_1_419' title='bbox 1633 4610 1773 4661; x_wconf 85' lang='grc' dir='ltr'>κατά</span> 
     </span>
    </p>
   </div>
   <div class='ocr_carea' id='block_1_59' title="bbox 199 4705 801 4778">
    <p class='ocr_par' dir='ltr' id='par_1_59' title="bbox 199 4705 801 4778">
     <span class='ocr_line' id='line_1_59' title="bbox 199 4705 801 4778; baseline -0.007 -16"><span class='ocrx_word' id='word_1_420' title='bbox 199 4711 306 4778; x_wconf 75' lang='grc' dir='ltr'>τὴν</span> <span class='ocrx_word' id='word_1_421' title='bbox 336 4709 460 4777; x_wconf 85' lang='grc' dir='ltr'>ἀρτι</span> <span class='ocrx_word' id='word_1_422' title='bbox 496 4705 801 4775; x_wconf 79' lang='grc' dir='ltr'>συνήθειαν.</span> 
     </span>
    </p>
   </div>
   <div class='ocr_carea' id='block_1_60' title="bbox 282 4882 1769 4955">
    <p class='ocr_par' dir='ltr' id='par_1_60' title="bbox 282 4882 1769 4955">
     <span class='ocr_line' id='line_1_60' title="bbox 282 4882 1769 4955; baseline -0.007 -11"><span class='ocrx_word' id='word_1_423' title='bbox 282 4891 394 4944; x_wconf 75' lang='grc' dir='ltr'><strong>οὐκ</strong></span> <span class='ocrx_word' id='word_1_424' title='bbox 428 4887 538 4940; x_wconf 75' lang='grc' dir='ltr'>ἀπὸ</span> <span class='ocrx_word' id='word_1_425' title='bbox 573 4887 810 4947; x_wconf 81' lang='grc' dir='ltr'>κανόνος,</span> <span class='ocrx_word' id='word_1_426' title='bbox 828 4886 966 4940; x_wconf 72' lang='grc' dir='ltr'>ἀλλὰ</span> <span class='ocrx_word' id='word_1_427' title='bbox 996 4885 1100 4938; x_wconf 80' lang='grc' dir='ltr'>ἀπὸ</span> <span class='ocrx_word' id='word_1_428' title='bbox 1131 4885 1416 4955; x_wconf 80' lang='grc' dir='ltr'>συνηθείας</span> <span class='ocrx_word' id='word_1_429' title='bbox 1443 4882 1769 4937; x_wconf 74' lang='grc' dir='ltr'>καταλαϐὼν</span> 
     </span>
    </p>
   </div>
   <div class='ocr_carea' id='block_1_61' title="bbox 201 4975 1771 5053">
    <p class='ocr_par' dir='ltr' id='par_1_61' title="bbox 201 4975 1771 5053">
     <span class='ocr_line' id='line_1_61' title="bbox 201 4975 1771 5053; baseline -0.006 -18"><span class='ocrx_word' id='word_1_430' title='bbox 201 4988 230 5038; x_wconf 88' lang='lat'><strong>6</strong></span> <span class='ocrx_word' id='word_1_431' title='bbox 261 4983 438 5053; x_wconf 79' lang='grc' dir='ltr'>μέγας</span> <span class='ocrx_word' id='word_1_432' title='bbox 473 4979 753 5040; x_wconf 80' lang='grc' dir='ltr'>Βασίλειος</span> <span class='ocrx_word' id='word_1_433' title='bbox 796 4979 920 5036; x_wconf 78' lang='grc' dir='ltr'>τοὺς</span> <span class='ocrx_word' id='word_1_434' title='bbox 967 4977 1269 5046; x_wconf 85' lang='grc' dir='ltr'>τριγάμους</span> <span class='ocrx_word' id='word_1_435' title='bbox 1313 4977 1405 5028; x_wconf 71' lang='grc' dir='ltr'><strong>ἐπὶ</strong></span> <span class='ocrx_word' id='word_1_436' title='bbox 1451 4975 1771 5026; x_wconf 87' lang='grc' dir='ltr'>πενταετίαν</span> 
     </span>
    </p>
   </div>
   <div class='ocr_carea' id='block_1_62' title="bbox 203 5065 1769 5142">
    <p class='ocr_par' dir='ltr' id='par_1_62' title="bbox 203 5065 1769 5142">
     <span class='ocr_line' id='line_1_62' title="bbox 203 5065 1769 5142; baseline -0.009 -15"><span class='ocrx_word' id='word_1_437' title='bbox 203 5070 661 5142; x_wconf 74' lang='grc' dir='ltr'>ἁφοριζομένους,</span> <span class='ocrx_word' id='word_1_438' title='bbox 715 5067 924 5137; x_wconf 82' lang='grc' dir='ltr'>δέχεται</span> <span class='ocrx_word' id='word_1_439' title='bbox 1003 5065 1160 5118; x_wconf 71' lang='grc' dir='ltr'>τοῦτο</span> <span class='ocrx_word' id='word_1_440' title='bbox 1216 5065 1308 5117; x_wconf 79' lang='grc' dir='ltr'><strong>καὶ</strong></span> <span class='ocrx_word' id='word_1_441' title='bbox 1385 5066 1574 5126; x_wconf 69' lang='grc' dir='ltr'>αὐτός·</span> <span class='ocrx_word' id='word_1_442' title='bbox 1631 5065 1769 5132; x_wconf 82' lang='grc' dir='ltr'>πλὴν</span> 
     </span>
    </p>
   </div>
   <div class='ocr_carea' id='block_1_63' title="bbox 206 5152 1772 5229">
    <p class='ocr_par' dir='ltr' id='par_1_63' title="bbox 206 5152 1772 5229">
     <span class='ocr_line' id='line_1_63' title="bbox 206 5152 1772 5229; baseline -0.008 -15"><span class='ocrx_word' id='word_1_443' title='bbox 206 5160 540 5229; x_wconf 80' lang='grc' dir='ltr'>προστάττει</span> <span class='ocrx_word' id='word_1_444' title='bbox 587 5156 661 5225; x_wconf 75' lang='grc' dir='ltr'>μὴ</span> <span class='ocrx_word' id='word_1_445' title='bbox 693 5156 976 5217; x_wconf 83' lang='grc' dir='ltr'>παντελῶς</span> <span class='ocrx_word' id='word_1_446' title='bbox 1004 5155 1203 5214; x_wconf 73' lang='grc' dir='ltr'>αὐτοὺς</span> <span class='ocrx_word' id='word_1_447' title='bbox 1240 5153 1464 5216; x_wconf 81' lang='grc' dir='ltr'>ἐξωθεῖν</span> <span class='ocrx_word' id='word_1_448' title='bbox 1509 5153 1608 5219; x_wconf 78' lang='grc' dir='ltr'>τῆς</span> <span class='ocrx_word' id='word_1_449' title='bbox 1648 5152 1772 5203; x_wconf 80' lang='grc' dir='ltr'><strong>Ἐκ-</strong></span> 
     </span>
    </p>
   </div>
   <div class='ocr_carea' id='block_1_64' title="bbox 205 5243 1772 5320">
    <p class='ocr_par' dir='ltr' id='par_1_64' title="bbox 205 5243 1772 5320">
     <span class='ocr_line' id='line_1_64' title="bbox 205 5243 1772 5320; baseline -0.007 -17"><span class='ocrx_word' id='word_1_450' title='bbox 205 5251 461 5320; x_wconf 76' lang='grc' dir='ltr'>χλησίας,</span> <span class='ocrx_word' id='word_1_451' title='bbox 494 5249 588 5300; x_wconf 78' lang='grc' dir='ltr'><strong>καὶ</strong></span> <span class='ocrx_word' id='word_1_452' title='bbox 619 5247 755 5316; x_wconf 82' lang='grc' dir='ltr'><strong>μετά</strong></span> <span class='ocrx_word' id='word_1_453' title='bbox 803 5245 911 5299; x_wconf 86' lang='grc' dir='ltr'><strong>τῶν</strong></span> <span class='ocrx_word' id='word_1_454' title='bbox 950 5243 1389 5314; x_wconf 81' lang='grc' dir='ltr'>προσκλαιόντων</span> <span class='ocrx_word' id='word_1_455' title='bbox 1430 5243 1772 5294; x_wconf 71' lang='grc' dir='ltr'>συντάττειν·</span> 
     </span>
    </p>
   </div>
   <div class='ocr_carea' id='block_1_65' title="bbox 207 5333 1768 5403">
    <p class='ocr_par' dir='ltr' id='par_1_65' title="bbox 207 5333 1768 5403">
     <span class='ocr_line' id='line_1_65' title="bbox 207 5333 1768 5403; baseline -0.008 -9"><span class='ocrx_word' id='word_1_456' title='bbox 207 5341 328 5395; x_wconf 80' lang='grc' dir='ltr'>ἀλλ’</span> <span class='ocrx_word' id='word_1_457' title='bbox 375 5343 434 5393; x_wconf 85' lang='grc' dir='ltr'>ὲν</span> <span class='ocrx_word' id='word_1_458' title='bbox 486 5340 639 5392; x_wconf 72' lang='grc' dir='ltr'>δυσὶν</span> <span class='ocrx_word' id='word_1_459' title='bbox 670 5336 926 5403; x_wconf 66' lang='lat' dir='ltr'><strong>Euam?)</strong></span> <span class='ocrx_word' id='word_1_460' title='bbox 969 5337 1061 5388; x_wconf 79' lang='grc' dir='ltr'><strong>καὶ</strong></span> <span class='ocrx_word' id='word_1_461' title='bbox 1104 5335 1272 5403; x_wconf 79' lang='grc' dir='ltr'>τρισὶ,</span> <span class='ocrx_word' id='word_1_462' title='bbox 1302 5334 1399 5402; x_wconf 74' lang='grc' dir='ltr'>τῆς</span> <span class='ocrx_word' id='word_1_463' title='bbox 1443 5333 1550 5384; x_wconf 88' lang='grc' dir='ltr'><strong>τῶν</strong></span> <span class='ocrx_word' id='word_1_464' title='bbox 1603 5333 1768 5382; x_wconf 82' lang='grc' dir='ltr'>θείων</span> 
     </span>
    </p>
   </div>
   <div class='ocr_carea' id='block_1_66' title="bbox 208 5422 1774 5501">
    <p class='ocr_par' dir='ltr' id='par_1_66' title="bbox 208 5422 1774 5501">
     <span class='ocr_line' id='line_1_66' title="bbox 208 5422 1774 5501; baseline -0.008 -16"><span class='ocrx_word' id='word_1_465' title='bbox 208 5430 448 5501; x_wconf 79' lang='grc' dir='ltr'>Γραφῶν</span> <span class='ocrx_word' id='word_1_466' title='bbox 478 5429 794 5498; x_wconf 78' lang='grc' dir='ltr'>ἀκροάσεως</span> <span class='ocrx_word' id='word_1_467' title='bbox 840 5425 1043 5491; x_wconf 77' lang='grc' dir='ltr'><strong>ἀξιοῦν.</strong></span> <span class='ocrx_word' id='word_1_468' title='bbox 1087 5422 1218 5480; x_wconf 82' lang='grc' dir='ltr'>Εῐτα</span> <span class='ocrx_word' id='word_1_469' title='bbox 1252 5424 1540 5492; x_wconf 67' lang='grc' dir='ltr'>ἐπιτρέπει</span> <span class='ocrx_word' id='word_1_470' title='bbox 1575 5424 1774 5489; x_wconf 86' lang='grc' dir='ltr'>συστή-</span> 
     </span>
    </p>
   </div>
   <div class='ocr_carea' id='block_1_67' title="bbox 207 5515 1776 5590">
    <p class='ocr_par' dir='ltr' id='par_1_67' title="bbox 207 5515 1776 5590">
     <span class='ocr_line' id='line_1_67' title="bbox 207 5515 1776 5590; baseline -0.009 -12"><span class='ocrx_word' id='word_1_471' title='bbox 207 5543 330 5579; x_wconf 77' lang='grc' dir='ltr'>κειν</span> <span class='ocrx_word' id='word_1_472' title='bbox 390 5521 588 5582; x_wconf 78' lang='grc' dir='ltr'>αὐτοὺς</span> <span class='ocrx_word' id='word_1_473' title='bbox 655 5521 792 5590; x_wconf 82' lang='grc' dir='ltr'><strong>μετά</strong></span> <span class='ocrx_word' id='word_1_474' title='bbox 862 5519 972 5570; x_wconf 89' lang='grc' dir='ltr'><strong>τῶν</strong></span> <span class='ocrx_word' id='word_1_475' title='bbox 1039 5519 1263 5580; x_wconf 82' lang='grc' dir='ltr'>πιστῶν,</span> <span class='ocrx_word' id='word_1_476' title='bbox 1305 5520 1398 5568; x_wconf 65' lang='grc' dir='ltr'><strong>καὶ</strong></span> <span class='ocrx_word' id='word_1_477' title='bbox 1447 5517 1554 5567; x_wconf 84' lang='grc' dir='ltr'><strong>τῶν</strong></span> <span class='ocrx_word' id='word_1_478' title='bbox 1602 5515 1776 5583; x_wconf 79' lang='grc' dir='ltr'>εὐχῶν</span> 
     </span>
    </p>
   </div>
   <div class='ocr_carea' id='block_1_68' title="bbox 212 5604 1774 5686">
    <p class='ocr_par' dir='ltr' id='par_1_68' title="bbox 212 5604 1774 5686">
     <span class='ocr_line' id='line_1_68' title="bbox 212 5604 1774 5686; baseline -0.008 -19"><span class='ocrx_word' id='word_1_479' title='bbox 212 5616 397 5686; x_wconf 82' lang='grc' dir='ltr'>μόνων</span> <span class='ocrx_word' id='word_1_480' title='bbox 428 5612 810 5678; x_wconf 80' lang='grc' dir='ltr'>συγκοινωνεῖν</span> <span class='ocrx_word' id='word_1_481' title='bbox 846 5609 1030 5671; x_wconf 77' lang='grc' dir='ltr'>αὐτοῖς</span> <span class='ocrx_word' id='word_1_482' title='bbox 1059 5625 1071 5640; x_wconf 88' lang='grc'><strong>·</strong></span> <span class='ocrx_word' id='word_1_483' title='bbox 1118 5610 1213 5677; x_wconf 79' lang='grc' dir='ltr'>τῆς</span> <span class='ocrx_word' id='word_1_484' title='bbox 1253 5606 1306 5658; x_wconf 77' lang='grc' dir='ltr'><strong>δὲ</strong></span> <span class='ocrx_word' id='word_1_485' title='bbox 1357 5605 1638 5667; x_wconf 80' lang='grc' dir='ltr'>κοινωνίας</span> <span class='ocrx_word' id='word_1_486' title='bbox 1681 5604 1774 5656; x_wconf 48' lang='grc' dir='ltr'><strong>τοῦ</strong></span> 
     </span>
    </p>
   </div>
   <div class='ocr_carea' id='block_1_69' title="bbox 288 5745 722 5804">
    <p class='ocr_par' dir='ltr' id='par_1_69' title="bbox 288 5745 722 5804">
     <span class='ocr_line' id='line_1_69' title="bbox 288 5745 722 5804; baseline -0.014 0"><span class='ocrx_word' id='word_1_487' title='bbox 288 5752 305 5781; x_wconf 82' lang='grc'>⁸</span> <span class='ocrx_word' id='word_1_488' title='bbox 337 5748 495 5804; x_wconf 77' lang='lat' dir='ltr'><strong>Joan.</strong></span> <span class='ocrx_word' id='word_1_489' title='bbox 535 5763 607 5802; x_wconf 75' lang='lat' dir='ltr'><strong>tv.</strong></span> <span class='ocrx_word' id='word_1_490' title='bbox 644 5745 722 5798; x_wconf 73' lang='lat'><strong>13.</strong></span> 
     </span>
    </p>
   </div>
   <div class='ocr_carea' id='block_1_70' title="bbox 1883 1881 3452 1948">
    <p class='ocr_par' dir='ltr' id='par_1_70' title="bbox 1883 1881 3452 1948">
     <span class='ocr_line' id='line_1_70' title="bbox 1883 1881 3452 1948; baseline 0.002 -15"><span class='ocrx_word' id='word_1_491' title='bbox 1883 1881 2206 1934; x_wconf 88' lang='lat' dir='ltr'><strong>nicationem</strong></span> <span class='ocrx_word' id='word_1_492' title='bbox 2251 1883 2590 1948; x_wconf 72' lang='lat' dir='ltr'><strong>castigatam,</strong></span> <span class='ocrx_word' id='word_1_493' title='bbox 2633 1884 2732 1936; x_wconf 91' lang='lat' dir='ltr'><strong>hoc</strong></span> <span class='ocrx_word' id='word_1_494' title='bbox 2779 1892 2885 1946; x_wconf 90' lang='lat' dir='ltr'><strong>cst,</strong></span> <span class='ocrx_word' id='word_1_495' title='bbox 2941 1897 3044 1936; x_wconf 91' lang='lat' dir='ltr'><strong>non</strong></span> <span class='ocrx_word' id='word_1_496' title='bbox 3094 1881 3348 1946; x_wconf 82' lang='lat' dir='ltr'><strong>eﬂ&#39;usam,</strong></span> <span class='ocrx_word' id='word_1_497' title='bbox 3397 1889 3452 1936; x_wconf 89' lang='lat' dir='ltr'><strong>et</strong></span> 
     </span>
    </p>
   </div>
   <div class='ocr_carea' id='block_1_71' title="bbox 1881 1967 3451 2034">
    <p class='ocr_par' dir='ltr' id='par_1_71' title="bbox 1881 1967 3451 2034">
     <span class='ocr_line' id='line_1_71' title="bbox 1881 1967 3451 2034; baseline 0.002 -15"><span class='ocrx_word' id='word_1_498' title='bbox 1881 1967 2264 2034; x_wconf 80' lang='lat' dir='ltr'><strong>promiscuam,</strong></span> <span class='ocrx_word' id='word_1_499' title='bbox 2312 1969 2404 2022; x_wconf 86' lang='lat' dir='ltr'><strong>sed</strong></span> <span class='ocrx_word' id='word_1_500' title='bbox 2449 1978 2801 2032; x_wconf 88' lang='lat' dir='ltr'><strong>contractam,</strong></span> <span class='ocrx_word' id='word_1_501' title='bbox 2844 1979 2896 2024; x_wconf 92' lang='lat' dir='ltr'><strong>et</strong></span> <span class='ocrx_word' id='word_1_502' title='bbox 2951 1969 3003 2022; x_wconf 91' lang='lat' dir='ltr'><strong>in</strong></span> <span class='ocrx_word' id='word_1_503' title='bbox 3054 1985 3158 2023; x_wconf 91' lang='lat' dir='ltr'><strong>una</strong></span> <span class='ocrx_word' id='word_1_504' title='bbox 3207 1977 3451 2022; x_wconf 89' lang='lat' dir='ltr'><strong>tantum-</strong></span> 
     </span>
    </p>
   </div>
   <div class='ocr_carea' id='block_1_72' title="bbox 1881 2057 3447 2127">
    <p class='ocr_par' dir='ltr' id='par_1_72' title="bbox 1881 2057 3447 2127">
     <span class='ocr_line' id='line_1_72' title="bbox 1881 2057 3447 2127; baseline 0.003 -19"><span class='ocrx_word' id='word_1_505' title='bbox 1881 2057 2040 2109; x_wconf 85' lang='lat' dir='ltr'><strong>modo</strong></span> <span class='ocrx_word' id='word_1_506' title='bbox 2063 2058 2527 2124; x_wconf 81' lang='lat' dir='ltr'><strong>circumscriptam</strong></span> <span class='ocrx_word' id='word_1_507' title='bbox 2552 2058 2792 2113; x_wconf 89' lang='lat' dir='ltr'><strong>muliere.</strong></span> <span class='ocrx_word' id='word_1_508' title='bbox 2824 2059 2992 2124; x_wconf 85' lang='lat' dir='ltr'><strong>Quem</strong></span> <span class='ocrx_word' id='word_1_509' title='bbox 3020 2074 3146 2127; x_wconf 80' lang='lat' dir='ltr'><strong>ergo</strong></span> <span class='ocrx_word' id='word_1_510' title='bbox 3185 2073 3447 2113; x_wconf 84' lang='lat' dir='ltr'><strong>canonem</strong></span> 
     </span>
    </p>
   </div>
   <div class='ocr_carea' id='block_1_73' title="bbox 1882 2147 3448 2218">
    <p class='ocr_par' dir='ltr' id='par_1_73' title="bbox 1882 2147 3448 2218">
     <span class='ocr_line' id='line_1_73' title="bbox 1882 2147 3448 2218; baseline 0.003 -19"><span class='ocrx_word' id='word_1_511' title='bbox 1882 2150 1946 2200; x_wconf 90' lang='lat' dir='ltr'><strong>de</strong></span> <span class='ocrx_word' id='word_1_512' title='bbox 1987 2147 2216 2213; x_wconf 69' lang='lat' dir='ltr'><strong>digamis</strong></span> <span class='ocrx_word' id='word_1_513' title='bbox 2259 2148 2646 2217; x_wconf 73' lang='lat' dir='ltr'><strong>promulgavit.</strong></span> <span class='ocrx_word' id='word_1_514' title='bbox 2675 2148 2819 2202; x_wconf 88' lang='lat' dir='ltr'><strong>hunc</strong></span> <span class='ocrx_word' id='word_1_515' title='bbox 2853 2149 2902 2201; x_wconf 93' lang='lat' dir='ltr'><strong>in</strong></span> <span class='ocrx_word' id='word_1_516' title='bbox 2943 2149 3186 2216; x_wconf 74' lang='lat' dir='ltr'><strong>trigamia</strong></span> <span class='ocrx_word' id='word_1_517' title='bbox 3228 2164 3448 2218; x_wconf 84' lang='lat' dir='ltr'><strong>quoque</strong></span> 
     </span>
    </p>
   </div>
   <div class='ocr_carea' id='block_1_74' title="bbox 1883 2239 3446 2306">
    <p class='ocr_par' dir='ltr' id='par_1_74' title="bbox 1883 2239 3446 2306">
     <span class='ocr_line' id='line_1_74' title="bbox 1883 2239 3446 2306; baseline 0.003 -17"><span class='ocrx_word' id='word_1_518' title='bbox 1883 2241 2236 2306; x_wconf 84' lang='lat' dir='ltr'><strong>proportione</strong></span> <span class='ocrx_word' id='word_1_519' title='bbox 2281 2239 2485 2292; x_wconf 80' lang='lat' dir='ltr'><strong>servari</strong></span> <span class='ocrx_word' id='word_1_520' title='bbox 2523 2239 2716 2306; x_wconf 86' lang='lat' dir='ltr'><strong>jubet;</strong></span> <span class='ocrx_word' id='word_1_521' title='bbox 2756 2239 3099 2306; x_wconf 85' lang='lat' dir='ltr'><strong>proportione</strong></span> <span class='ocrx_word' id='word_1_522' title='bbox 3139 2250 3354 2304; x_wconf 89' lang='lat' dir='ltr'><strong>autem,</strong></span> <span class='ocrx_word' id='word_1_523' title='bbox 3395 2240 3446 2294; x_wconf 87' lang='lat' dir='ltr'><strong>id</strong></span> 
     </span>
    </p>
   </div>
   <div class='ocr_carea' id='block_1_75' title="bbox 1879 2329 3444 2398">
    <p class='ocr_par' dir='ltr' id='par_1_75' title="bbox 1879 2329 3444 2398">
     <span class='ocr_line' id='line_1_75' title="bbox 1879 2329 3444 2398; baseline 0 -16"><span class='ocrx_word' id='word_1_524' title='bbox 1879 2339 1981 2393; x_wconf 88' lang='lat' dir='ltr'><strong>est,</strong></span> <span class='ocrx_word' id='word_1_525' title='bbox 2027 2330 2154 2397; x_wconf 87' lang='lat' dir='ltr'><strong>quia</strong></span> <span class='ocrx_word' id='word_1_526' title='bbox 2219 2329 2271 2382; x_wconf 93' lang='lat' dir='ltr'><strong>in</strong></span> <span class='ocrx_word' id='word_1_527' title='bbox 2323 2330 2555 2395; x_wconf 67' lang='lat' dir='ltr'><strong>digamia</strong></span> <span class='ocrx_word' id='word_1_528' title='bbox 2610 2345 2784 2384; x_wconf 86' lang='lat' dir='ltr'><strong>annus</strong></span> <span class='ocrx_word' id='word_1_529' title='bbox 2842 2331 3189 2398; x_wconf 65' lang='lat' dir='ltr'><strong>praescriptus</strong></span> <span class='ocrx_word' id='word_1_530' title='bbox 3242 2340 3327 2385; x_wconf 88' lang='lat' dir='ltr'><strong>est</strong></span> <span class='ocrx_word' id='word_1_531' title='bbox 3375 2332 3444 2385; x_wconf 86' lang='lat' dir='ltr'><strong>ad</strong></span> 
     </span>
    </p>
   </div>
   <div class='ocr_carea' id='block_1_76' title="bbox 1880 2419 3449 2487">
    <p class='ocr_par' dir='ltr' id='par_1_76' title="bbox 1880 2419 3449 2487">
     <span class='ocr_line' id='line_1_76' title="bbox 1880 2419 3449 2487; baseline 0.002 -17"><span class='ocrx_word' id='word_1_532' title='bbox 1880 2419 2292 2487; x_wconf 71' lang='lat' dir='ltr'><strong>pmuitentiam;</strong></span> <span class='ocrx_word' id='word_1_533' title='bbox 2324 2419 2440 2472; x_wconf 88' lang='lat' dir='ltr'><strong>aliis</strong></span> <span class='ocrx_word' id='word_1_534' title='bbox 2501 2434 2625 2472; x_wconf 87' lang='lat' dir='ltr'><strong>vero</strong></span> <span class='ocrx_word' id='word_1_535' title='bbox 2681 2420 2996 2472; x_wconf 86' lang='lat' dir='ltr'><strong>biennium:</strong></span> <span class='ocrx_word' id='word_1_536' title='bbox 3055 2434 3220 2485; x_wconf 92' lang='lat' dir='ltr'><strong>porro</strong></span> <span class='ocrx_word' id='word_1_537' title='bbox 3271 2420 3321 2472; x_wconf 89' lang='lat' dir='ltr'><strong>in</strong></span> <span class='ocrx_word' id='word_1_538' title='bbox 3352 2421 3449 2473; x_wconf 82' lang='lat' dir='ltr'><strong>tri-</strong></span> 
     </span>
    </p>
   </div>
   <div class='ocr_carea' id='block_1_77' title="bbox 1881 2507 3450 2577">
    <p class='ocr_par' dir='ltr' id='par_1_77' title="bbox 1881 2507 3450 2577">
     <span class='ocr_line' id='line_1_77' title="bbox 1881 2507 3450 2577; baseline 0.002 -18"><span class='ocrx_word' id='word_1_539' title='bbox 1881 2511 2076 2577; x_wconf 74' lang='lat' dir='ltr'><strong>gantia,</strong></span> <span class='ocrx_word' id='word_1_540' title='bbox 2111 2509 2362 2576; x_wconf 88' lang='lat' dir='ltr'><strong>quoniam</strong></span> <span class='ocrx_word' id='word_1_541' title='bbox 2397 2508 2623 2576; x_wconf 74' lang='lat' dir='ltr'><strong>ipsamet</strong></span> <span class='ocrx_word' id='word_1_542' title='bbox 2660 2507 2811 2574; x_wconf 87' lang='lat' dir='ltr'><strong>culpa</strong></span> <span class='ocrx_word' id='word_1_543' title='bbox 2859 2507 2918 2560; x_wconf 86' lang='lat' dir='ltr'><strong>ﬁt</strong></span> <span class='ocrx_word' id='word_1_544' title='bbox 2959 2510 3194 2576; x_wconf 74' lang='lat' dir='ltr'><strong>gravior,</strong></span> <span class='ocrx_word' id='word_1_545' title='bbox 3227 2523 3450 2576; x_wconf 88' lang='lat' dir='ltr'><strong>propor-</strong></span> 
     </span>
    </p>
   </div>
   <div class='ocr_carea' id='block_1_78' title="bbox 1883 2597 3447 2666">
    <p class='ocr_par' dir='ltr' id='par_1_78' title="bbox 1883 2597 3447 2666">
     <span class='ocr_line' id='line_1_78' title="bbox 1883 2597 3447 2666; baseline 0 -15"><span class='ocrx_word' id='word_1_546' title='bbox 1883 2599 2026 2651; x_wconf 88' lang='lat' dir='ltr'><strong>tione</strong></span> <span class='ocrx_word' id='word_1_547' title='bbox 2060 2613 2269 2665; x_wconf 83' lang='lat' dir='ltr'><strong>qunque</strong></span> <span class='ocrx_word' id='word_1_548' title='bbox 2299 2599 2632 2665; x_wconf 84' lang='lat' dir='ltr'><strong>respondens</strong></span> <span class='ocrx_word' id='word_1_549' title='bbox 2657 2598 2911 2650; x_wconf 85' lang='lat' dir='ltr'><strong>statuitur</strong></span> <span class='ocrx_word' id='word_1_550' title='bbox 2944 2612 3122 2664; x_wconf 68' lang='lat' dir='ltr'><strong>paena,</strong></span> <span class='ocrx_word' id='word_1_551' title='bbox 3144 2597 3447 2666; x_wconf 88' lang='lat' dir='ltr'><strong>quinquen-</strong></span> 
     </span>
    </p>
   </div>
   <div class='ocr_carea' id='block_1_79' title="bbox 1883 2687 3444 2758">
    <p class='ocr_par' dir='ltr' id='par_1_79' title="bbox 1883 2687 3444 2758">
     <span class='ocr_line' id='line_1_79' title="bbox 1883 2687 3444 2758; baseline 0.001 -16"><span class='ocrx_word' id='word_1_552' title='bbox 1883 2690 2018 2742; x_wconf 80' lang='lat' dir='ltr'><strong>nalis</strong></span> <span class='ocrx_word' id='word_1_553' title='bbox 2063 2688 2311 2742; x_wconf 80' lang='lat' dir='ltr'><strong>videlicet</strong></span> <span class='ocrx_word' id='word_1_554' title='bbox 2375 2689 2698 2757; x_wconf 74' lang='lat' dir='ltr'><strong>segregatio.</strong></span> <span class='ocrx_word' id='word_1_555' title='bbox 2757 2687 2860 2750; x_wconf 81' lang='lat' dir='ltr'><strong>Qui</strong></span> <span class='ocrx_word' id='word_1_556' title='bbox 2923 2703 3152 2758; x_wconf 82' lang='lat' dir='ltr'><strong>namque</strong></span> <span class='ocrx_word' id='word_1_557' title='bbox 3194 2688 3444 2756; x_wconf 68' lang='lat' dir='ltr'><strong>digamiae</strong></span> 
     </span>
    </p>
   </div>
   <div class='ocr_carea' id='block_1_80' title="bbox 1883 2779 3440 2848">
    <p class='ocr_par' dir='ltr' id='par_1_80' title="bbox 1883 2779 3440 2848">
     <span class='ocr_line' id='line_1_80' title="bbox 1883 2779 3440 2848; baseline 0.003 -18"><span class='ocrx_word' id='word_1_558' title='bbox 1883 2780 2142 2833; x_wconf 81' lang='lat' dir='ltr'><strong>terminos</strong></span> <span class='ocrx_word' id='word_1_559' title='bbox 2179 2779 2516 2848; x_wconf 80' lang='lat' dir='ltr'><strong>supergressi</strong></span> <span class='ocrx_word' id='word_1_560' title='bbox 2560 2787 2688 2832; x_wconf 89' lang='lat' dir='ltr'><strong>sunt</strong></span> <span class='ocrx_word' id='word_1_561' title='bbox 2713 2820 2728 2844; x_wconf 93' lang='lat'><strong>,</strong></span> <span class='ocrx_word' id='word_1_562' title='bbox 2764 2787 2921 2848; x_wconf 71' lang='lat' dir='ltr'><strong>negat</strong></span> <span class='ocrx_word' id='word_1_563' title='bbox 2963 2779 3195 2844; x_wconf 84' lang='lat' dir='ltr'><strong>amplius</strong></span> <span class='ocrx_word' id='word_1_564' title='bbox 3233 2781 3300 2832; x_wconf 91' lang='lat' dir='ltr'><strong>ab</strong></span> <span class='ocrx_word' id='word_1_565' title='bbox 3332 2779 3398 2834; x_wconf 90' lang='lat' dir='ltr'><strong>iis</strong></span> <span class='ocrx_word' id='word_1_566' title='bbox 3426 2818 3440 2841; x_wconf 86' lang='lat'><strong>,</strong></span> 
     </span>
    </p>
   </div>
   <div class='ocr_carea' id='block_1_81' title="bbox 1880 2870 3445 2939">
    <p class='ocr_par' dir='ltr' id='par_1_81' title="bbox 1880 2870 3445 2939">
     <span class='ocr_line' id='line_1_81' title="bbox 1880 2870 3445 2939; baseline 0.003 -16"><span class='ocrx_word' id='word_1_567' title='bbox 1880 2886 1998 2923; x_wconf 87' lang='lat' dir='ltr'><strong>cum</strong></span> <span class='ocrx_word' id='word_1_568' title='bbox 2049 2870 2244 2939; x_wconf 84' lang='lat' dir='ltr'><strong>quibus</strong></span> <span class='ocrx_word' id='word_1_569' title='bbox 2300 2872 2736 2933; x_wconf 87' lang='lat' dir='ltr'><strong>commiscentur,</strong></span> <span class='ocrx_word' id='word_1_570' title='bbox 2786 2870 3097 2924; x_wconf 88' lang='lat' dir='ltr'><strong>mulieribus</strong></span> <span class='ocrx_word' id='word_1_571' title='bbox 3154 2873 3300 2926; x_wconf 83' lang='lat' dir='ltr'><strong>viros</strong></span> <span class='ocrx_word' id='word_1_572' title='bbox 3338 2871 3445 2926; x_wconf 78' lang='lat' dir='ltr'><strong>dici</strong></span> 
     </span>
    </p>
   </div>
   <div class='ocr_carea' id='block_1_82' title="bbox 1879 2960 3447 3027">
    <p class='ocr_par' dir='ltr' id='par_1_82' title="bbox 1879 2960 3447 3027">
     <span class='ocr_line' id='line_1_82' title="bbox 1879 2960 3447 3027; baseline 0.001 -13"><span class='ocrx_word' id='word_1_573' title='bbox 1879 2972 2152 3027; x_wconf 84' lang='lat' dir='ltr'><strong>oportere,</strong></span> <span class='ocrx_word' id='word_1_574' title='bbox 2211 2976 2309 3015; x_wconf 87' lang='lat' dir='ltr'><strong>nec</strong></span> <span class='ocrx_word' id='word_1_575' title='bbox 2360 2961 2617 3015; x_wconf 82' lang='lat' dir='ltr'><strong>mulieres</strong></span> <span class='ocrx_word' id='word_1_576' title='bbox 2681 2962 2748 3014; x_wconf 87' lang='lat' dir='ltr'><strong>ah</strong></span> <span class='ocrx_word' id='word_1_577' title='bbox 2815 2960 3077 3027; x_wconf 80' lang='lat' dir='ltr'><strong>ejusmodi</strong></span> <span class='ocrx_word' id='word_1_578' title='bbox 3139 2962 3447 3016; x_wconf 86' lang='lat' dir='ltr'><strong>hominibus</strong></span> 
     </span>
    </p>
   </div>
   <div class='ocr_carea' id='block_1_83' title="bbox 1882 3047 3446 3117">
    <p class='ocr_par' dir='ltr' id='par_1_83' title="bbox 1882 3047 3446 3117">
     <span class='ocr_line' id='line_1_83' title="bbox 1882 3047 3446 3117; baseline -0.002 -15"><span class='ocrx_word' id='word_1_579' title='bbox 1882 3064 2109 3102; x_wconf 66' lang='lat' dir='ltr'><strong>urorum</strong></span> <span class='ocrx_word' id='word_1_580' title='bbox 2173 3051 2388 3104; x_wconf 90' lang='lat' dir='ltr'><strong>nomine</strong></span> <span class='ocrx_word' id='word_1_581' title='bbox 2437 3050 2743 3117; x_wconf 89' lang='lat' dir='ltr'><strong>appellari:</strong></span> <span class='ocrx_word' id='word_1_582' title='bbox 2802 3059 2963 3116; x_wconf 88' lang='lat' dir='ltr'><strong>atque</strong></span> <span class='ocrx_word' id='word_1_583' title='bbox 3022 3063 3085 3100; x_wconf 78' lang='lat' dir='ltr'><strong>ex</strong></span> <span class='ocrx_word' id='word_1_584' title='bbox 3154 3047 3446 3115; x_wconf 80' lang='lat' dir='ltr'><strong>Evangelio</strong></span> 
     </span>
    </p>
   </div>
   <div class='ocr_carea' id='block_1_84' title="bbox 1882 3136 3443 3205">
    <p class='ocr_par' dir='ltr' id='par_1_84' title="bbox 1882 3136 3443 3205">
     <span class='ocr_line' id='line_1_84' title="bbox 1882 3136 3443 3205; baseline -0.005 -10"><span class='ocrx_word' id='word_1_585' title='bbox 1882 3145 2247 3196; x_wconf 79' lang='lat' dir='ltr'><strong>testimonium</strong></span> <span class='ocrx_word' id='word_1_586' title='bbox 2309 3142 2549 3205; x_wconf 83' lang='lat' dir='ltr'><strong>adducit,</strong></span> <span class='ocrx_word' id='word_1_587' title='bbox 2593 3139 2805 3193; x_wconf 86' lang='lat' dir='ltr'><strong>dicente</strong></span> <span class='ocrx_word' id='word_1_588' title='bbox 2844 3139 3057 3192; x_wconf 89' lang='lat' dir='ltr'><strong>Christo</strong></span> <span class='ocrx_word' id='word_1_589' title='bbox 3090 3138 3153 3190; x_wconf 80' lang='lat' dir='ltr'><strong>ad</strong></span> <span class='ocrx_word' id='word_1_590' title='bbox 3201 3136 3443 3190; x_wconf 84' lang='lat' dir='ltr'><strong>Samari-</strong></span> 
     </span>
    </p>
   </div>
   <div class='ocr_carea' id='block_1_85' title="bbox 1880 3229 3446 3300">
    <p class='ocr_par' dir='ltr' id='par_1_85' title="bbox 1880 3229 3446 3300">
     <span class='ocr_line' id='line_1_85' title="bbox 1880 3229 3446 3300; baseline -0.005 -13"><span class='ocrx_word' id='word_1_591' title='bbox 1880 3236 2066 3296; x_wconf 85' lang='lat' dir='ltr'><strong>tidem,</strong></span> <span class='ocrx_word' id='word_1_592' title='bbox 2102 3234 2359 3297; x_wconf 85' lang='lat' dir='ltr'><strong>Quoniam</strong></span> <span class='ocrx_word' id='word_1_593' title='bbox 2382 3247 2531 3300; x_wconf 81' lang='lat' dir='ltr'><strong>quem</strong></span> <span class='ocrx_word' id='word_1_594' title='bbox 2557 3233 2711 3283; x_wconf 76' lang='lat' dir='ltr'><strong>Itach</strong></span> <span class='ocrx_word' id='word_1_595' title='bbox 2751 3245 2852 3282; x_wconf 86' lang='lat' dir='ltr'><strong>non</strong></span> <span class='ocrx_word' id='word_1_596' title='bbox 2886 3238 2962 3280; x_wconf 80' lang='lat' dir='ltr'><strong>est</strong></span> <span class='ocrx_word' id='word_1_597' title='bbox 2990 3241 3106 3280; x_wconf 78' lang='lat' dir='ltr'><strong>tuus</strong></span> <span class='ocrx_word' id='word_1_598' title='bbox 3136 3229 3249 3292; x_wconf 83' lang='lat' dir='ltr'><strong>vir;</strong></span> <span class='ocrx_word' id='word_1_599' title='bbox 3285 3230 3446 3296; x_wconf 83' lang='lat' dir='ltr'><strong>quin--</strong></span> 
     </span>
    </p>
   </div>
   <div class='ocr_carea' id='block_1_86' title="bbox 1877 3319 3434 3395">
    <p class='ocr_par' dir='ltr' id='par_1_86' title="bbox 1877 3319 3434 3395">
     <span class='ocr_line' id='line_1_86' title="bbox 1877 3319 3434 3395; baseline -0.006 -16"><span class='ocrx_word' id='word_1_600' title='bbox 1877 3343 1974 3395; x_wconf 86' lang='lat' dir='ltr'><strong>que</strong></span> <span class='ocrx_word' id='word_1_601' title='bbox 2013 3329 2147 3378; x_wconf 80' lang='lat' dir='ltr'><strong>enim</strong></span> <span class='ocrx_word' id='word_1_602' title='bbox 2188 3325 2415 3375; x_wconf 83' lang='lat' dir='ltr'><strong>habuisti</strong></span> <span class='ocrx_word' id='word_1_603' title='bbox 2436 3322 2476 3373; x_wconf 86' lang='grc'><strong>³.</strong></span> <span class='ocrx_word' id='word_1_604' title='bbox 2531 3319 2662 3373; x_wconf 83' lang='lat' dir='ltr'><strong>Nam</strong></span> <span class='ocrx_word' id='word_1_605' title='bbox 2707 3321 2814 3374; x_wconf 88' lang='lat' dir='ltr'><strong>etsi</strong></span> <span class='ocrx_word' id='word_1_606' title='bbox 2863 3320 3010 3386; x_wconf 87' lang='lat' dir='ltr'><strong>prius</strong></span> <span class='ocrx_word' id='word_1_607' title='bbox 3049 3319 3261 3372; x_wconf 68' lang='lat' dir='ltr'><strong>dixerat</strong></span> <span class='ocrx_word' id='word_1_608' title='bbox 3313 3335 3434 3372; x_wconf 82' lang='lat' dir='ltr'><strong>san-</strong></span> 
     </span>
    </p>
   </div>
   <div class='ocr_carea' id='block_1_87' title="bbox 1877 3409 3445 3481">
    <p class='ocr_par' dir='ltr' id='par_1_87' title="bbox 1877 3409 3445 3481">
     <span class='ocr_line' id='line_1_87' title="bbox 1877 3409 3445 3481; baseline -0.006 -13"><span class='ocrx_word' id='word_1_609' title='bbox 1877 3423 2018 3476; x_wconf 88' lang='lat' dir='ltr'><strong>ctns,</strong></span> <span class='ocrx_word' id='word_1_610' title='bbox 2049 3414 2224 3467; x_wconf 85' lang='lat' dir='ltr'><strong>tribus</strong></span> <span class='ocrx_word' id='word_1_611' title='bbox 2259 3421 2351 3465; x_wconf 88' lang='lat' dir='ltr'><strong>aut</strong></span> <span class='ocrx_word' id='word_1_612' title='bbox 2373 3418 2603 3481; x_wconf 88' lang='lat' dir='ltr'><strong>quatuor</strong></span> <span class='ocrx_word' id='word_1_613' title='bbox 2628 3409 2782 3462; x_wconf 88' lang='lat' dir='ltr'><strong>anuis</strong></span> <span class='ocrx_word' id='word_1_614' title='bbox 2812 3409 3070 3464; x_wconf 76' lang='lat' dir='ltr'><strong>triaamos</strong></span> <span class='ocrx_word' id='word_1_615' title='bbox 3113 3422 3234 3461; x_wconf 86' lang='lat' dir='ltr'><strong>esse</strong></span> <span class='ocrx_word' id='word_1_616' title='bbox 3263 3422 3445 3476; x_wconf 75' lang='lat' dir='ltr'><strong>segre-</strong></span> 
     </span>
    </p>
   </div>
   <div class='ocr_carea' id='block_1_88' title="bbox 1876 3497 3438 3575">
    <p class='ocr_par' dir='ltr' id='par_1_88' title="bbox 1876 3497 3438 3575">
     <span class='ocr_line' id='line_1_88' title="bbox 1876 3497 3438 3575; baseline -0.006 -18"><span class='ocrx_word' id='word_1_617' title='bbox 1876 3507 2101 3575; x_wconf 76' lang='lat' dir='ltr'><strong>gaudos.</strong></span> <span class='ocrx_word' id='word_1_618' title='bbox 2153 3518 2255 3557; x_wconf 89' lang='lat' dir='ltr'><strong>nOn</strong></span> <span class='ocrx_word' id='word_1_619' title='bbox 2299 3512 2473 3556; x_wconf 86' lang='lat' dir='ltr'><strong>tamen</strong></span> <span class='ocrx_word' id='word_1_620' title='bbox 2499 3502 2548 3553; x_wconf 89' lang='lat' dir='ltr'><strong>in</strong></span> <span class='ocrx_word' id='word_1_621' title='bbox 2575 3500 2664 3554; x_wconf 82' lang='lat' dir='ltr'><strong>illo</strong></span> <span class='ocrx_word' id='word_1_622' title='bbox 2687 3499 2905 3552; x_wconf 89' lang='lat' dir='ltr'><strong>decreto</strong></span> <span class='ocrx_word' id='word_1_623' title='bbox 2942 3497 3177 3567; x_wconf 85' lang='lat' dir='ltr'><strong>perstitit</strong></span> <span class='ocrx_word' id='word_1_624' title='bbox 3209 3514 3223 3550; x_wconf 92' lang='lat'><strong>:</strong></span> <span class='ocrx_word' id='word_1_625' title='bbox 3255 3511 3438 3550; x_wconf 83' lang='lat' dir='ltr'><strong>verum</strong></span> 
     </span>
    </p>
   </div>
   <div class='ocr_carea' id='block_1_89' title="bbox 1883 3586 3436 3662">
    <p class='ocr_par' dir='ltr' id='par_1_89' title="bbox 1883 3586 3436 3662">
     <span class='ocr_line' id='line_1_89' title="bbox 1883 3586 3436 3662; baseline -0.006 -14"><span class='ocrx_word' id='word_1_626' title='bbox 1883 3595 2064 3649; x_wconf 71' lang='lat' dir='ltr'><strong>multae</strong></span> <span class='ocrx_word' id='word_1_627' title='bbox 2091 3605 2300 3662; x_wconf 89' lang='lat' dir='ltr'><strong>tempus</strong></span> <span class='ocrx_word' id='word_1_628' title='bbox 2344 3591 2407 3645; x_wconf 83' lang='lat' dir='ltr'><strong>ad</strong></span> <span class='ocrx_word' id='word_1_629' title='bbox 2431 3589 2863 3660; x_wconf 89' lang='lat' dir='ltr'><strong>quinquennium</strong></span> <span class='ocrx_word' id='word_1_630' title='bbox 2899 3589 3127 3656; x_wconf 86' lang='lat' dir='ltr'><strong>ipsemet</strong></span> <span class='ocrx_word' id='word_1_631' title='bbox 3161 3586 3436 3647; x_wconf 76' lang='lat' dir='ltr'><strong>extendit.</strong></span> 
     </span>
    </p>
   </div>
   <div class='ocr_carea' id='block_1_90' title="bbox 1875 3675 3440 3752">
    <p class='ocr_par' dir='ltr' id='par_1_90' title="bbox 1875 3675 3440 3752">
     <span class='ocr_line' id='line_1_90' title="bbox 1875 3675 3440 3752; baseline -0.008 -14"><span class='ocrx_word' id='word_1_632' title='bbox 1875 3694 2119 3738; x_wconf 82' lang='lat' dir='ltr'><strong>statuens</strong></span> <span class='ocrx_word' id='word_1_633' title='bbox 2145 3696 2481 3752; x_wconf 83' lang='lat' dir='ltr'><strong>nequaquam</strong></span> <span class='ocrx_word' id='word_1_634' title='bbox 2532 3677 2832 3748; x_wconf 87' lang='lat' dir='ltr'><strong>hujusmodi</strong></span> <span class='ocrx_word' id='word_1_635' title='bbox 2867 3679 2933 3730; x_wconf 86' lang='lat' dir='ltr'><strong>ab</strong></span> <span class='ocrx_word' id='word_1_636' title='bbox 2979 3676 3232 3730; x_wconf 70' lang='lat' dir='ltr'><strong>exclusiis</strong></span> <span class='ocrx_word' id='word_1_637' title='bbox 3261 3675 3440 3743; x_wconf 72' lang='lat' dir='ltr'><strong>expel-</strong></span> 
     </span>
    </p>
   </div>
   <div class='ocr_carea' id='block_1_91' title="bbox 1879 3766 3438 3836">
    <p class='ocr_par' dir='ltr' id='par_1_91' title="bbox 1879 3766 3438 3836">
     <span class='ocr_line' id='line_1_91' title="bbox 1879 3766 3438 3836; baseline -0.009 -8"><span class='ocrx_word' id='word_1_638' title='bbox 1879 3775 2088 3836; x_wconf 91' lang='lat' dir='ltr'><strong>lcndos,</strong></span> <span class='ocrx_word' id='word_1_639' title='bbox 2147 3775 2216 3827; x_wconf 89' lang='lat' dir='ltr'><strong>ita</strong></span> <span class='ocrx_word' id='word_1_640' title='bbox 2283 3782 2339 3826; x_wconf 82' lang='grc' dir='ltr'><strong>ιιι</strong></span> <span class='ocrx_word' id='word_1_641' title='bbox 2391 3787 2494 3826; x_wconf 91' lang='lat' dir='ltr'><strong>non</strong></span> <span class='ocrx_word' id='word_1_642' title='bbox 2540 3771 2591 3824; x_wconf 91' lang='lat' dir='ltr'><strong>in</strong></span> <span class='ocrx_word' id='word_1_643' title='bbox 2654 3769 2768 3822; x_wconf 89' lang='lat' dir='ltr'><strong>loco</strong></span> <span class='ocrx_word' id='word_1_644' title='bbox 2825 3766 3061 3820; x_wconf 84' lang='lat' dir='ltr'><strong>ﬂentium</strong></span> <span class='ocrx_word' id='word_1_645' title='bbox 3103 3768 3438 3830; x_wconf 76' lang='lat' dir='ltr'><strong>consistant,</strong></span> 
     </span>
    </p>
   </div>
   <div class='ocr_carea' id='block_1_92' title="bbox 1877 3855 3437 3918">
    <p class='ocr_par' dir='ltr' id='par_1_92' title="bbox 1877 3855 3437 3918">
     <span class='ocr_line' id='line_1_92' title="bbox 1877 3855 3437 3918; baseline -0.007 0"><span class='ocrx_word' id='word_1_646' title='bbox 1877 3866 1967 3918; x_wconf 87' lang='lat' dir='ltr'><strong>sed</strong></span> <span class='ocrx_word' id='word_1_647' title='bbox 2015 3864 2066 3916; x_wconf 92' lang='lat' dir='ltr'><strong>in</strong></span> <span class='ocrx_word' id='word_1_648' title='bbox 2098 3865 2215 3918; x_wconf 88' lang='lat' dir='ltr'><strong>loco</strong></span> <span class='ocrx_word' id='word_1_649' title='bbox 2260 3861 2592 3916; x_wconf 86' lang='lat' dir='ltr'><strong>audientium</strong></span> <span class='ocrx_word' id='word_1_650' title='bbox 2644 3859 2854 3911; x_wconf 87' lang='lat' dir='ltr'><strong>duobus</strong></span> <span class='ocrx_word' id='word_1_651' title='bbox 2907 3863 3000 3907; x_wconf 88' lang='lat' dir='ltr'><strong>aut</strong></span> <span class='ocrx_word' id='word_1_652' title='bbox 3037 3855 3208 3909; x_wconf 91' lang='lat' dir='ltr'><strong>tribus</strong></span> <span class='ocrx_word' id='word_1_653' title='bbox 3243 3855 3437 3918; x_wconf 90' lang='lat' dir='ltr'><strong>anuis,</strong></span> 
     </span>
    </p>
   </div>
   <div class='ocr_carea' id='block_1_93' title="bbox 1878 3945 3439 4020">
    <p class='ocr_par' dir='ltr' id='par_1_93' title="bbox 1878 3945 3439 4020">
     <span class='ocr_line' id='line_1_93' title="bbox 1878 3945 3439 4020; baseline -0.007 -15"><span class='ocrx_word' id='word_1_654' title='bbox 1878 3967 2052 4020; x_wconf 86' lang='lat' dir='ltr'><strong>eoque</strong></span> <span class='ocrx_word' id='word_1_655' title='bbox 2085 3952 2270 4020; x_wconf 82' lang='lat' dir='ltr'><strong>elapso</strong></span> <span class='ocrx_word' id='word_1_656' title='bbox 2298 3958 2540 4018; x_wconf 88' lang='lat' dir='ltr'><strong>tempore</strong></span> <span class='ocrx_word' id='word_1_657' title='bbox 2569 3945 2984 4016; x_wconf 86' lang='lat' dir='ltr'><strong>permittendum</strong></span> <span class='ocrx_word' id='word_1_658' title='bbox 3022 3945 3176 4011; x_wconf 88' lang='lat' dir='ltr'><strong>ipsis,</strong></span> <span class='ocrx_word' id='word_1_659' title='bbox 3225 3951 3281 3996; x_wconf 83' lang='grc' dir='ltr'><strong>ιιι</strong></span> <span class='ocrx_word' id='word_1_660' title='bbox 3315 3957 3439 3996; x_wconf 89' lang='lat' dir='ltr'><strong>cum</strong></span> 
     </span>
    </p>
   </div>
   <div class='ocr_carea' id='block_1_94' title="bbox 1879 4032 3443 4101">
    <p class='ocr_par' dir='ltr' id='par_1_94' title="bbox 1879 4032 3443 4101">
     <span class='ocr_line' id='line_1_94' title="bbox 1879 4032 3443 4101; baseline -0.006 -7"><span class='ocrx_word' id='word_1_661' title='bbox 1879 4041 2129 4095; x_wconf 83' lang='lat' dir='ltr'><strong>ﬁdelibus</strong></span> <span class='ocrx_word' id='word_1_662' title='bbox 2164 4040 2487 4101; x_wconf 79' lang='lat' dir='ltr'><strong>consistant,</strong></span> <span class='ocrx_word' id='word_1_663' title='bbox 2543 4052 2570 4089; x_wconf 84' lang='lat' dir='ltr'><strong>a</strong></span> <span class='ocrx_word' id='word_1_664' title='bbox 2611 4035 2991 4090; x_wconf 90' lang='lat' dir='ltr'><strong>communione</strong></span> <span class='ocrx_word' id='word_1_665' title='bbox 3045 4042 3221 4087; x_wconf 89' lang='lat' dir='ltr'><strong>autem</strong></span> <span class='ocrx_word' id='word_1_666' title='bbox 3268 4032 3443 4086; x_wconf 84' lang='lat' dir='ltr'><strong>absti-</strong></span> 
     </span>
    </p>
   </div>
   <div class='ocr_carea' id='block_1_95' title="bbox 1879 4124 3440 4199">
    <p class='ocr_par' dir='ltr' id='par_1_95' title="bbox 1879 4124 3440 4199">
     <span class='ocr_line' id='line_1_95' title="bbox 1879 4124 3440 4199; baseline -0.006 -13"><span class='ocrx_word' id='word_1_667' title='bbox 1879 4143 2065 4186; x_wconf 87' lang='lat' dir='ltr'><strong>neant.</strong></span> <span class='ocrx_word' id='word_1_668' title='bbox 2102 4133 2276 4199; x_wconf 82' lang='lat' dir='ltr'><strong>Atque</strong></span> <span class='ocrx_word' id='word_1_669' title='bbox 2323 4131 2425 4183; x_wconf 92' lang='lat' dir='ltr'><strong>hoc</strong></span> <span class='ocrx_word' id='word_1_670' title='bbox 2488 4136 2663 4198; x_wconf 82' lang='lat' dir='ltr'><strong>pacto.</strong></span> <span class='ocrx_word' id='word_1_671' title='bbox 2724 4129 2766 4181; x_wconf 92' lang='lat' dir='ltr'><strong>si</strong></span> <span class='ocrx_word' id='word_1_672' title='bbox 2815 4127 3046 4180; x_wconf 76' lang='lat' dir='ltr'><strong>fructum</strong></span> <span class='ocrx_word' id='word_1_673' title='bbox 3103 4124 3440 4193; x_wconf 69' lang='lat' dir='ltr'><strong>pmnitentim</strong></span> 
     </span>
    </p>
   </div>
   <div class='ocr_carea' id='block_1_96' title="bbox 1878 4216 3439 4288">
    <p class='ocr_par' dir='ltr' id='par_1_96' title="bbox 1878 4216 3439 4288">
     <span class='ocr_line' id='line_1_96' title="bbox 1878 4216 3439 4288; baseline -0.006 -13"><span class='ocrx_word' id='word_1_674' title='bbox 1878 4221 2233 4284; x_wconf 79' lang='lat' dir='ltr'><strong>ostenderint,</strong></span> <span class='ocrx_word' id='word_1_675' title='bbox 2299 4233 2490 4288; x_wconf 84' lang='lat' dir='ltr'><strong>nempe</strong></span> <span class='ocrx_word' id='word_1_676' title='bbox 2530 4222 2909 4273; x_wconf 89' lang='lat' dir='ltr'><strong>contritionem</strong></span> <span class='ocrx_word' id='word_1_677' title='bbox 2949 4217 3130 4270; x_wconf 81' lang='lat' dir='ltr'><strong>cordis</strong></span> <span class='ocrx_word' id='word_1_678' title='bbox 3175 4225 3227 4269; x_wconf 89' lang='lat' dir='ltr'><strong>et</strong></span> <span class='ocrx_word' id='word_1_679' title='bbox 3263 4216 3439 4283; x_wconf 69' lang='lat' dir='ltr'><strong>lacry-</strong></span> 
     </span>
    </p>
   </div>
   <div class='ocr_carea' id='block_1_97' title="bbox 1877 4303 3439 4377">
    <p class='ocr_par' dir='ltr' id='par_1_97' title="bbox 1877 4303 3439 4377">
     <span class='ocr_line' id='line_1_97' title="bbox 1877 4303 3439 4377; baseline -0.008 -10"><span class='ocrx_word' id='word_1_680' title='bbox 1877 4328 2018 4376; x_wconf 88' lang='lat' dir='ltr'><strong>mas,</strong></span> <span class='ocrx_word' id='word_1_681' title='bbox 2053 4320 2107 4365; x_wconf 90' lang='lat' dir='ltr'><strong>et</strong></span> <span class='ocrx_word' id='word_1_682' title='bbox 2131 4312 2175 4365; x_wconf 88' lang='lat' dir='ltr'><strong>si</strong></span> <span class='ocrx_word' id='word_1_683' title='bbox 2210 4309 2338 4377; x_wconf 90' lang='lat' dir='ltr'><strong>quid</strong></span> <span class='ocrx_word' id='word_1_684' title='bbox 2385 4309 2534 4362; x_wconf 85' lang='lat' dir='ltr'><strong>hisce</strong></span> <span class='ocrx_word' id='word_1_685' title='bbox 2571 4308 2791 4377; x_wconf 80' lang='lat' dir='ltr'><strong>adjungi</strong></span> <span class='ocrx_word' id='word_1_686' title='bbox 2816 4307 2972 4369; x_wconf 84' lang='lat' dir='ltr'><strong>solet,</strong></span> <span class='ocrx_word' id='word_1_687' title='bbox 3003 4307 3074 4358; x_wconf 83' lang='lat' dir='ltr'><strong>ita</strong></span> <span class='ocrx_word' id='word_1_688' title='bbox 3112 4305 3325 4359; x_wconf 90' lang='lat' dir='ltr'><strong>demum</strong></span> <span class='ocrx_word' id='word_1_689' title='bbox 3373 4303 3439 4356; x_wconf 89' lang='lat' dir='ltr'><strong>ad</strong></span> 
     </span>
    </p>
   </div>
   <div class='ocr_carea' id='block_1_98' title="bbox 1809 4397 2704 4479">
    <p class='ocr_par' dir='ltr' id='par_1_98' title="bbox 1809 4397 2704 4479">
     <span class='ocr_line' id='line_1_98' title="bbox 1809 4397 2704 4479; baseline -0.007 -23"><span class='ocrx_word' id='word_1_690' title='bbox 1809 4421 1854 4479; x_wconf 78' lang='grc' dir='ltr'><strong>ι)</strong></span> <span class='ocrx_word' id='word_1_691' title='bbox 1881 4400 2312 4455; x_wconf 87' lang='lat' dir='ltr'><strong>communionem</strong></span> <span class='ocrx_word' id='word_1_692' title='bbox 2332 4397 2704 4451; x_wconf 85' lang='lat' dir='ltr'><strong>admittantur.</strong></span> 
     </span>
    </p>
   </div>
   <div class='ocr_carea' id='block_1_99' title="bbox 1949 4507 3441 4580">
    <p class='ocr_par' dir='ltr' id='par_1_99' title="bbox 1949 4507 3441 4580">
     <span class='ocr_line' id='line_1_99' title="bbox 1949 4507 3441 4580; baseline -0.008 -12"><span class='ocrx_word' id='word_1_693' title='bbox 1949 4510 2175 4568; x_wconf 80' lang='lat' dir='ltr'><strong>ARIST.</strong></span> <span class='ocrx_word' id='word_1_694' title='bbox 2220 4510 2472 4580; x_wconf 76' lang='lat' dir='ltr'><strong>Bigamus</strong></span> <span class='ocrx_word' id='word_1_695' title='bbox 2512 4524 2676 4562; x_wconf 90' lang='lat' dir='ltr'><strong>unum</strong></span> <span class='ocrx_word' id='word_1_696' title='bbox 2721 4508 2802 4562; x_wconf 84' lang='lat' dir='ltr'><strong>vel</strong></span> <span class='ocrx_word' id='word_1_697' title='bbox 2840 4507 2972 4561; x_wconf 91' lang='lat' dir='ltr'><strong>duos</strong></span> <span class='ocrx_word' id='word_1_698' title='bbox 3003 4520 3177 4558; x_wconf 87' lang='lat' dir='ltr'><strong>annos</strong></span> <span class='ocrx_word' id='word_1_699' title='bbox 3227 4517 3441 4558; x_wconf 83' lang='lat' dir='ltr'><strong>excom-</strong></span> 
     </span>
    </p>
   </div>
   <div class='ocr_carea' id='block_1_100' title="bbox 1885 4597 3441 4668">
    <p class='ocr_par' dir='ltr' id='par_1_100' title="bbox 1885 4597 3441 4668">
     <span class='ocr_line' id='line_1_100' title="bbox 1885 4597 3441 4668; baseline -0.007 -10"><span class='ocrx_word' id='word_1_700' title='bbox 1885 4606 2213 4666; x_wconf 84' lang='lat' dir='ltr'><strong>municatur,</strong></span> <span class='ocrx_word' id='word_1_701' title='bbox 2257 4611 2367 4655; x_wconf 89' lang='lat' dir='ltr'><strong>tres</strong></span> <span class='ocrx_word' id='word_1_702' title='bbox 2415 4614 2539 4653; x_wconf 81' lang='lat' dir='ltr'><strong>vero</strong></span> <span class='ocrx_word' id='word_1_703' title='bbox 2578 4610 2632 4653; x_wconf 91' lang='lat' dir='ltr'><strong>et</strong></span> <span class='ocrx_word' id='word_1_704' title='bbox 2666 4608 2898 4668; x_wconf 89' lang='lat' dir='ltr'><strong>quatuor</strong></span> <span class='ocrx_word' id='word_1_705' title='bbox 2928 4597 3217 4666; x_wconf 77' lang='lat' dir='ltr'><strong>trigamns,</strong></span> <span class='ocrx_word' id='word_1_706' title='bbox 3284 4605 3441 4662; x_wconf 88' lang='lat' dir='ltr'><strong>atque</strong></span> 
     </span>
    </p>
   </div>
   <div class='ocr_carea' id='block_1_101' title="bbox 1883 4685 3441 4763">
    <p class='ocr_par' dir='ltr' id='par_1_101' title="bbox 1883 4685 3441 4763">
     <span class='ocr_line' id='line_1_101' title="bbox 1883 4685 3441 4763; baseline -0.008 -13"><span class='ocrx_word' id='word_1_707' title='bbox 1883 4697 2042 4750; x_wconf 87' lang='lat' dir='ltr'><strong>etiam</strong></span> <span class='ocrx_word' id='word_1_708' title='bbox 2075 4694 2312 4763; x_wconf 90' lang='lat' dir='ltr'><strong>quinque</strong></span> <span class='ocrx_word' id='word_1_709' title='bbox 2353 4691 2506 4761; x_wconf 74' lang='lat' dir='ltr'><strong>juxta</strong></span> <span class='ocrx_word' id='word_1_710' title='bbox 2541 4691 2980 4746; x_wconf 87' lang='lat' dir='ltr'><strong>consuetudinem</strong></span> <span class='ocrx_word' id='word_1_711' title='bbox 3037 4703 3158 4756; x_wconf 71' lang='lat' dir='ltr'><strong>qua:</strong></span> <span class='ocrx_word' id='word_1_712' title='bbox 3193 4686 3308 4754; x_wconf 85' lang='lat' dir='ltr'><strong>jam</strong></span> <span class='ocrx_word' id='word_1_713' title='bbox 3342 4685 3441 4738; x_wconf 89' lang='lat' dir='ltr'><strong>ob-</strong></span> 
     </span>
    </p>
   </div>
   <div class='ocr_carea' id='block_1_102' title="bbox 1885 4784 2036 4837">
    <p class='ocr_par' dir='ltr' id='par_1_102' title="bbox 1885 4784 2036 4837">
     <span class='ocr_line' id='line_1_102' title="bbox 1885 4784 2036 4837; baseline 0.013 -2"><span class='ocrx_word' id='word_1_714' title='bbox 1885 4784 2036 4837; x_wconf 84' lang='lat' dir='ltr'><strong>tinet.</strong></span> 
     </span>
    </p>
   </div>
   <div class='ocr_carea' id='block_1_103' title="bbox 1955 4864 3434 4932">
    <p class='ocr_par' dir='ltr' id='par_1_103' title="bbox 1955 4864 3434 4932">
     <span class='ocr_line' id='line_1_103' title="bbox 1955 4864 3434 4932; baseline -0.008 -7"><span class='ocrx_word' id='word_1_715' title='bbox 1955 4873 2067 4925; x_wconf 86' lang='lat' dir='ltr'><strong>Non</strong></span> <span class='ocrx_word' id='word_1_716' title='bbox 2092 4887 2117 4923; x_wconf 87' lang='lat' dir='ltr'><strong>a</strong></span> <span class='ocrx_word' id='word_1_717' title='bbox 2151 4884 2377 4932; x_wconf 79' lang='lat' dir='ltr'><strong>canone,</strong></span> <span class='ocrx_word' id='word_1_718' title='bbox 2409 4867 2501 4922; x_wconf 87' lang='lat' dir='ltr'><strong>sed</strong></span> <span class='ocrx_word' id='word_1_719' title='bbox 2549 4883 2576 4919; x_wconf 93' lang='lat' dir='ltr'><strong>a</strong></span> <span class='ocrx_word' id='word_1_720' title='bbox 2610 4864 2996 4920; x_wconf 83' lang='lat' dir='ltr'><strong>consuetudine</strong></span> <span class='ocrx_word' id='word_1_721' title='bbox 3027 4864 3296 4929; x_wconf 77' lang='lat' dir='ltr'><strong>accipiens</strong></span> <span class='ocrx_word' id='word_1_722' title='bbox 3330 4877 3434 4914; x_wconf 89' lang='lat' dir='ltr'><strong>ma-</strong></span> 
     </span>
    </p>
   </div>
   <div class='ocr_carea' id='block_1_104' title="bbox 1878 4952 3441 5036">
    <p class='ocr_par' dir='ltr' id='par_1_104' title="bbox 1878 4952 3441 5036">
     <span class='ocr_line' id='line_1_104' title="bbox 1878 4952 3441 5036; baseline -0.008 -21"><span class='ocrx_word' id='word_1_723' title='bbox 1878 4981 2013 5036; x_wconf 78' lang='lat' dir='ltr'><strong>gnus</strong></span> <span class='ocrx_word' id='word_1_724' title='bbox 2061 4961 2329 5022; x_wconf 85' lang='lat' dir='ltr'><strong>Basilius,</strong></span> <span class='ocrx_word' id='word_1_725' title='bbox 2386 4960 2640 5028; x_wconf 74' lang='lat' dir='ltr'><strong>trigamos</strong></span> <span class='ocrx_word' id='word_1_726' title='bbox 2710 4952 3079 5025; x_wconf 90' lang='lat' dir='ltr'><strong>quinquennio</strong></span> <span class='ocrx_word' id='word_1_727' title='bbox 3133 4959 3441 5020; x_wconf 78' lang='lat' dir='ltr'><strong>segregatos</strong></span> 
     </span>
    </p>
   </div>
   <div class='ocr_carea' id='block_1_105' title="bbox 1879 5040 3439 5117">
    <p class='ocr_par' dir='ltr' id='par_1_105' title="bbox 1879 5040 3439 5117">
     <span class='ocr_line' id='line_1_105' title="bbox 1879 5040 3439 5117; baseline -0.012 -9"><span class='ocrx_word' id='word_1_728' title='bbox 1879 5068 2020 5114; x_wconf 71' lang='lat' dir='ltr'><strong>csse,</strong></span> <span class='ocrx_word' id='word_1_729' title='bbox 2049 5060 2102 5105; x_wconf 91' lang='lat' dir='ltr'><strong>et</strong></span> <span class='ocrx_word' id='word_1_730' title='bbox 2133 5052 2244 5117; x_wconf 85' lang='lat' dir='ltr'><strong>ipse</strong></span> <span class='ocrx_word' id='word_1_731' title='bbox 2281 5048 2405 5100; x_wconf 89' lang='lat' dir='ltr'><strong>illud</strong></span> <span class='ocrx_word' id='word_1_732' title='bbox 2444 5047 2696 5100; x_wconf 81' lang='lat' dir='ltr'><strong>admittit.</strong></span> <span class='ocrx_word' id='word_1_733' title='bbox 2739 5045 2841 5098; x_wconf 88' lang='lat' dir='ltr'><strong>Sed</strong></span> <span class='ocrx_word' id='word_1_734' title='bbox 2873 5043 3109 5106; x_wconf 83' lang='lat' dir='ltr'><strong>mandat,</strong></span> <span class='ocrx_word' id='word_1_735' title='bbox 3139 5056 3231 5094; x_wconf 89' lang='lat' dir='ltr'><strong>eos</strong></span> <span class='ocrx_word' id='word_1_736' title='bbox 3255 5040 3320 5093; x_wconf 84' lang='lat' dir='ltr'><strong>ab</strong></span> <span class='ocrx_word' id='word_1_737' title='bbox 3348 5055 3439 5092; x_wconf 89' lang='lat' dir='ltr'><strong>ec-</strong></span> 
     </span>
    </p>
   </div>
   <div class='ocr_carea' id='block_1_106' title="bbox 1877 5129 3438 5198">
    <p class='ocr_par' dir='ltr' id='par_1_106' title="bbox 1877 5129 3438 5198">
     <span class='ocr_line' id='line_1_106' title="bbox 1877 5129 3438 5198; baseline -0.009 -1"><span class='ocrx_word' id='word_1_738' title='bbox 1877 5145 2036 5198; x_wconf 86' lang='lat' dir='ltr'><strong>clesia</strong></span> <span class='ocrx_word' id='word_1_739' title='bbox 2093 5156 2198 5193; x_wconf 89' lang='lat' dir='ltr'><strong>non</strong></span> <span class='ocrx_word' id='word_1_740' title='bbox 2240 5140 2460 5190; x_wconf 87' lang='lat' dir='ltr'><strong>omnino</strong></span> <span class='ocrx_word' id='word_1_741' title='bbox 2495 5138 2813 5195; x_wconf 81' lang='lat' dir='ltr'><strong>extrudere,</strong></span> <span class='ocrx_word' id='word_1_742' title='bbox 2854 5142 2908 5186; x_wconf 88' lang='lat' dir='ltr'><strong>et</strong></span> <span class='ocrx_word' id='word_1_743' title='bbox 2953 5147 3073 5183; x_wconf 86' lang='lat' dir='ltr'><strong>cum</strong></span> <span class='ocrx_word' id='word_1_744' title='bbox 3122 5129 3438 5183; x_wconf 73' lang='lat' dir='ltr'><strong>dedentibus</strong></span> 
     </span>
    </p>
   </div>
   <div class='ocr_carea' id='block_1_107' title="bbox 1881 5221 3426 5295">
    <p class='ocr_par' dir='ltr' id='par_1_107' title="bbox 1881 5221 3426 5295">
     <span class='ocr_line' id='line_1_107' title="bbox 1881 5221 3426 5295; baseline -0.012 -5"><span class='ocrx_word' id='word_1_745' title='bbox 1881 5237 2182 5295; x_wconf 83' lang='lat' dir='ltr'><strong>collocare,</strong></span> <span class='ocrx_word' id='word_1_746' title='bbox 2221 5230 2314 5284; x_wconf 86' lang='lat' dir='ltr'><strong>sed</strong></span> <span class='ocrx_word' id='word_1_747' title='bbox 2341 5231 2544 5283; x_wconf 81' lang='lat' dir='ltr'><strong>duobus</strong></span> <span class='ocrx_word' id='word_1_748' title='bbox 2575 5227 2656 5280; x_wconf 83' lang='lat' dir='ltr'><strong>vel</strong></span> <span class='ocrx_word' id='word_1_749' title='bbox 2684 5227 2844 5280; x_wconf 89' lang='lat' dir='ltr'><strong>etiam</strong></span> <span class='ocrx_word' id='word_1_750' title='bbox 2884 5223 3056 5276; x_wconf 88' lang='lat' dir='ltr'><strong>tr&#39;ihus</strong></span> <span class='ocrx_word' id='word_1_751' title='bbox 3096 5223 3250 5275; x_wconf 87' lang='lat' dir='ltr'><strong>annis</strong></span> <span class='ocrx_word' id='word_1_752' title='bbox 3299 5221 3426 5272; x_wconf 79' lang='lat' dir='ltr'><strong>divi-</strong></span> 
     </span>
    </p>
   </div>
   <div class='ocr_carea' id='block_1_108' title="bbox 1881 5311 3434 5388">
    <p class='ocr_par' dir='ltr' id='par_1_108' title="bbox 1881 5311 3434 5388">
     <span class='ocr_line' id='line_1_108' title="bbox 1881 5311 3434 5388; baseline -0.01 -8"><span class='ocrx_word' id='word_1_753' title='bbox 1881 5341 2070 5380; x_wconf 86' lang='lat' dir='ltr'><strong>narum</strong></span> <span class='ocrx_word' id='word_1_754' title='bbox 2118 5323 2521 5388; x_wconf 76' lang='lat' dir='ltr'><strong>Seripturarunt</strong></span> <span class='ocrx_word' id='word_1_755' title='bbox 2561 5320 2833 5370; x_wconf 84' lang='lat' dir='ltr'><strong>auditione</strong></span> <span class='ocrx_word' id='word_1_756' title='bbox 2858 5331 2951 5368; x_wconf 83' lang='lat' dir='ltr'><strong>eos</strong></span> <span class='ocrx_word' id='word_1_757' title='bbox 2974 5315 3203 5380; x_wconf 77' lang='lat' dir='ltr'><strong>dignari.</strong></span> <span class='ocrx_word' id='word_1_758' title='bbox 3238 5311 3434 5364; x_wconf 82' lang='lat' dir='ltr'><strong>Deinde</strong></span> 
     </span>
    </p>
   </div>
   <div class='ocr_carea' id='block_1_109' title="bbox 1877 5402 3436 5483">
    <p class='ocr_par' dir='ltr' id='par_1_109' title="bbox 1877 5402 3436 5483">
     <span class='ocr_line' id='line_1_109' title="bbox 1877 5402 3436 5483; baseline -0.011 -12"><span class='ocrx_word' id='word_1_759' title='bbox 1877 5418 1954 5472; x_wconf 86' lang='lat' dir='ltr'><strong>eis</strong></span> <span class='ocrx_word' id='word_1_760' title='bbox 1984 5412 2241 5483; x_wconf 85' lang='lat' dir='ltr'><strong>permittit</strong></span> <span class='ocrx_word' id='word_1_761' title='bbox 2266 5425 2386 5463; x_wconf 90' lang='lat' dir='ltr'><strong>cum</strong></span> <span class='ocrx_word' id='word_1_762' title='bbox 2416 5410 2664 5464; x_wconf 77' lang='lat' dir='ltr'><strong>fidelibus</strong></span> <span class='ocrx_word' id='word_1_763' title='bbox 2693 5408 2990 5461; x_wconf 80' lang='lat' dir='ltr'><strong>consistere</strong></span> <span class='ocrx_word' id='word_1_764' title='bbox 3020 5412 3074 5457; x_wconf 86' lang='lat' dir='ltr'><strong>et</strong></span> <span class='ocrx_word' id='word_1_765' title='bbox 3101 5405 3152 5457; x_wconf 88' lang='lat' dir='ltr'><strong>itt</strong></span> <span class='ocrx_word' id='word_1_766' title='bbox 3187 5402 3436 5470; x_wconf 83' lang='lat' dir='ltr'><strong>precibus</strong></span> 
     </span>
    </p>
   </div>
   <div class='ocr_carea' id='block_1_110' title="bbox 1877 5492 3432 5563">
    <p class='ocr_par' dir='ltr' id='par_1_110' title="bbox 1877 5492 3432 5563">
     <span class='ocr_line' id='line_1_110' title="bbox 1877 5492 3432 5563; baseline -0.012 -1"><span class='ocrx_word' id='word_1_767' title='bbox 1877 5509 2434 5563; x_wconf 75' lang='lat' dir='ltr'><strong>Solist-ottunuuicare.</strong></span> <span class='ocrx_word' id='word_1_768' title='bbox 2472 5503 2659 5556; x_wconf 74' lang='lat' dir='ltr'><strong>Alieni</strong></span> <span class='ocrx_word' id='word_1_769' title='bbox 2691 5511 2867 5554; x_wconf 83' lang='lat' dir='ltr'><strong>autem</strong></span> <span class='ocrx_word' id='word_1_770' title='bbox 2907 5496 3283 5553; x_wconf 86' lang='lat' dir='ltr'><strong>communione</strong></span> <span class='ocrx_word' id='word_1_771' title='bbox 3318 5492 3432 5544; x_wconf 81' lang='lat' dir='ltr'><strong>abs-</strong></span> 
     </span>
    </p>
   </div>
   <div class='ocr_carea' id='block_1_111' title="bbox 1878 5589 3430 5665">
    <p class='ocr_par' dir='ltr' id='par_1_111' title="bbox 1878 5589 3430 5665">
     <span class='ocr_line' id='line_1_111' title="bbox 1878 5589 3430 5665; baseline -0.014 -10"><span class='ocrx_word' id='word_1_772' title='bbox 1878 5606 2070 5665; x_wconf 78' lang='lat' dir='ltr'><strong>tinere,</strong></span> <span class='ocrx_word' id='word_1_773' title='bbox 2105 5614 2157 5654; x_wconf 82' lang='lat' dir='ltr'><strong>et</strong></span> <span class='ocrx_word' id='word_1_774' title='bbox 2209 5601 2285 5651; x_wconf 73' lang='lat' dir='ltr'><strong>sic</strong></span> <span class='ocrx_word' id='word_1_775' title='bbox 2317 5601 2546 5652; x_wconf 80' lang='lat' dir='ltr'><strong>fructum</strong></span> <span class='ocrx_word' id='word_1_776' title='bbox 2601 5595 2835 5663; x_wconf 78' lang='lat' dir='ltr'><strong>aliquem</strong></span> <span class='ocrx_word' id='word_1_777' title='bbox 2872 5589 3202 5659; x_wconf 70' lang='lat' dir='ltr'><strong>pmztitentizc</strong></span> <span class='ocrx_word' id='word_1_778' title='bbox 3253 5595 3430 5640; x_wconf 84' lang='lat' dir='ltr'><strong>osten-</strong></span> 
     </span>
    </p>
   </div>
  </div>
