4018 6456
514 337 620 398 603

1767 336 2040 398 THEOD.
2077 336 2476 397 BALSAMUN

3647 333 3760 390 6M

514 453 725 516 dentes,
751 451 820 506 ad
849 450 1025 507 locum
1050 466 1263 518 eorum,
1301 453 1391 522 qui
1417 454 1665 524 corporis
1699 462 1756 508 et
1796 449 2076 520 sanguinis
2106 483 2117 508 4

2225 451 2387 518 γαθοῦ
2414 451 2729 519 ἀπέχεσθαι’
2760 453 2852 503 καὶ
2882 450 3023 503 οὕτω
3055 451 3265 504 καιπόν
3297 467 3422 502 τινα
3459 448 3760 515 μετανοίας

519 539 781 597 Dominici
803 551 928 598 sunt
959 544 1266 614 participes,
1305 544 1540 600 restitui.

1121 815 1350 875 CANON
1413 818 1478 874 Υ.

525 906 856 973 Haereticos,
908 909 998 977 qui
1078 910 1132 963 in
1195 926 1416 964 excessu
1483 927 1514 966 θ
1575 914 1680 967 vita
1717 915 2087 983 paenitentiam

596 1011 781 1070 agunt,
806 1000 1047 1069 recipere
1071 1011 1281 1068 oportet
1307 1019 1321 1066 ;
1351 1003 1590 1072 recipere
1613 1017 1813 1070 antem,
1841 1021 1948 1060 non
1974 1006 2092 1060 sine

588 1089 812 1159 judicio,
849 1093 938 1147 sed
975 1092 1349 1146 enminantcs
1400 1110 1468 1147 an
1509 1110 1687 1148 veram
1717 1095 2089 1164 paenitentiam

583 1184 888 1241 Ostendam.
919 1183 1032 1236 etsi
1064 1183 1265 1237 fructus
1311 1183 1566 1253 habeant,
1615 1186 1707 1256 qui
1755 1185 1944 1240 salutis
1979 1193 2092 1240 stu-

592 1271 738 1322 dium
768 1271 1142 1328 testificantur.

587 1360 780 1433 BALS.
819 1365 1067 1420 Praesens
1093 1368 1306 1434 quidem
1339 1382 1512 1421 canon
1544 1370 1735 1423 statuit
1771 1368 2054 1423 haereticos
2075 1409 2090 1433 ,

528 1451 620 1517 qui
667 1452 718 1504 in
751 1452 852 1506 line
887 1454 1009 1507 vitae
1039 1455 1259 1516 fuerint,
1293 1467 1346 1512 et
1378 1459 1752 1526 paenitentiam
1784 1457 2093 1526 petiverint,

530 1543 764 1603 admitti,
799 1545 946 1610 prius
984 1548 1344 1608 examinatos.
1378 1564 1443 1601 an
1483 1565 1608 1604 vere
1640 1558 1800 1617 agant
1827 1551 2094 1618 paeniten-

531 1633 699 1697 tiam;
740 1635 967 1696 scilicet.
999 1650 1066 1688 an
1099 1639 1214 1691 suis
1243 1640 1508 1706 dogmatis
1549 1640 1858 1694 desciscant
1888 1653 1940 1694 et
1983 1641 2098 1692 fru-

532 1734 654 1777 ctus
714 1726 1046 1791 paenitentiae
1100 1729 1402 1781 ostendant.
1468 1728 1570 1783 Alii
1619 1740 1798 1784 autem
1837 1745 2091 1790 canones.

531 1813 696 1868 etiam
728 1817 1024 1879 haereticos,
1058 1817 1162 1887 57
1205 1820 1294 1886 qui
1327 1821 1440 1872 sani
1475 1829 1623 1884 sunt,
1665 1822 2009 1885 accedentes.
2045 1830 2099 1875 et

534 1907 893 1969 examinatus,
920 1908 1166 1963 similiter
1189 1911 1399 1964 admitti
1427 1912 1641 1981 jnbent.

619 2081 874 2140 ZONAR.
914 2089 1235 2144 Dnltitaltant
1265 2093 1502 2161 quidam,
1534 2108 1600 2146 an
1631 2093 1892 2160 haeretici,
1925 2095 2015 2163 qui
2045 2093 2098 2149 in

541 2175 687 2229 exitu
720 2178 842 2230 vita!
872 2193 994 2233 esse
1020 2180 1294 2244 dicuntur,
1331 2197 1393 2236 ac
1425 2185 1794 2248 panitentiam
1826 2193 2095 2254 quaerunt,

537 2277 721 2322 essent
751 2271 1085 2324 admittendi.
1125 2271 1200 2324 Ad
1229 2287 1388 2340 quam
1425 2273 1779 2338 quaestionem
1825 2275 2103 2342 respondit

541 2367 785 2421 sanctus,
811 2361 1176 2416 admittendos
1204 2378 1345 2427 esse,
1380 2379 1484 2417 non
1517 2380 1838 2433 quacunque
1871 2368 2099 2432 ratione,

543 2460 731 2499 verum
791 2450 1163 2502 examinantes
1213 2466 1279 2503 an
1323 2467 1453 2504 vere
1484 2455 1818 2519 preniteant;
1874 2454 1974 2507 hoc
2000 2465 2104 2518 est,

544 2551 672 2588 num
698 2552 725 2589 a
765 2540 1002 2604 pr0priis
1025 2540 1304 2609 dogmatis
1343 2542 1658 2608 abscedant,
1688 2559 1748 2597 ac
1775 2545 2105 2613 paenitentiae

547 2627 758 2681 fructus
800 2635 1106 2686 ostendant.

617 2721 839 2776 ARIST.
899 2724 1196 2778 llsuretirus
1260 2726 1312 2779 in
1364 2727 1488 2781 vitae
1543 2729 1706 2782 exitu‘
1757 2729 2101 2796 resipiscens,

544 2811 872 2867 discretione
905 2816 1143 2868 adhibita
1173 2819 1573 2885 suscipiendus.

618 2902 941 2957 Haereticum
970 2906 1022 2957 in
1050 2920 1295 2962 extremo
1333 2912 1452 2963 vitae
1491 2912 1796 2965 venientem
1827 2920 1880 2964 et
1910 2912 2105 2979 resipi~

548 3006 790 3048 scentem
848 2997 966 3049 sine
1011 2999 1215 3064 judicio
1250 3011 1303 3055 et
1355 3003 1606 3056 examine
1665 3003 1950 3056 admittere
1996 3019 2106 3057 non

2193 543 2660 611 ἐπιδειξαμένους,
2690 546 2768 604 είς
2819 543 2909 596 τὸν
2955 544 3116 594 τόπον
3154 542 3262 594 τῶν
3302 540 3752 610 μεταλαμϐανόν-

2195 651 2302 686 των
2329 634 2420 685 τοῦ
2454 633 2779 686 δεσποτικοῦ
2820 633 3069 704 σώματός
3099 649 3157 685 τε
3199 632 3294 685 καὶ
3338 633 3576 699 αἵματος
3622 633 3760 683 ἀπο·

2195 725 2570 781 καθίστασθαι.

2797 818 3032 874 ΚΑΝΩΝ
3079 817 3153 874 E'.

2196 911 2332 974 Τοὺς
2362 912 2419 965 δέ
2454 912 2542 964 ἐπὶ
2581 911 2742 980 ἐξόδῳ
2784 913 3180 981 μετανοοῦντας
3207 910 3316 963 τῶν
3344 910 3652 969 αἱρετικῶν
3679 909 3766 961 δέ-

2266 1003 2452 1072 χεσθαι
2483 1006 2608 1072 χρὴ·
2655 1003 2900 1072 δέχεσθαι
2943 1003 3020 1068 δὲ,
3057 1002 3301 1079 δηλοντξτι
3342 1003 3445 1055 οὐκ
3497 1001 3770 1070 ἀκρίτως.

2268 1094 2400 1146 ἀλλὰ
2470 1094 2862 1161 δοκιμάζοντας
2931 1094 2979 1145 εί
3037 1093 3297 1164 ἀληθινὴν
3357 1092 3769 1145 ἐπιδείκνυνται

2275 1186 2584 1253 μετάνοιαν,
2634 1187 2724 1238 καὶ
2758 1186 2804 1236 εί
2844 1186 2970 1247 τοὺς
3019 1185 3263 1254 καρποὺς
3317 1183 3508 1252 έχουσι
3555 1199 3774 1252 μαρτυ-

2275 1276 2498 1344 ροῦντας
2535 1278 2598 1345 τῇ
2643 1277 2775 1346 πρὸς
2798 1277 2858 1328 τὸ
2891 1276 3131 1345 σωθῆναι
3166 1276 3392 1342 σπουδῇ.

2270 1367 2466 1421 ΒΑΛΣ.
2530 1368 2588 1419 '0
2649 1368 2745 1435 μὲν
2795 1367 2987 1435 παρὼν
3043 1366 3222 1420 κανὼν
3279 1368 3578 1436 διορίζεται
3641 1367 3779 1431 τοὺς

2201 1460 2513 1527 αἱρετικοὺς
2553 1463 2608 1511 ἐν
2657 1459 2796 1512 τέλει
2853 1459 3173 1528 γινομένους
3217 1459 3315 1511 τοῦ
3368 1460 3512 1528 βίου,
3541 1460 3635 1512 καὶ
3669 1459 3779 1528 ζη-

2201 1554 2425 1611 τοῦντας
2477 1550 2790 1618 μετάνοιαν,
2827 1550 3101 1619 δέχεσθαι,
3149 1549 3581 1618 ἐξεταζομένους
3633 1551 3779 1618 πρό-

2202 1661 2359 1712 τερον
2386 1644 2433 1695 εί
2461 1643 2676 1711 ἀληθῶς
2713 1641 3101 1710 μετανοοῦσινο
3148 1643 3316 1712 ἥγουν
3349 1642 3398 1693 εί
3434 1641 3777 1710 ἀφίστανται

2204 1735 2312 1786 τῶν
2342 1735 2559 1786 οἰκείων
2587 1734 2895 1801 δογμάτων,
2933 1733 3027 1785 καὶ
3077 1733 3480 1785 ἐπιδείκνυνται
3517 1732 3778 1801 καρποὺς

2204 1827 2488 1895 μετανοάς
2521 1841 2534 1855 ·
2573 1824 2752 1892 ἕτεροι
2777 1824 2834 1876 δέ
2865 1824 3090 1886 κανόνες
3120 1823 3213 1876 καὶ
3238 1823 3364 1884 τοὺς
3406 1825 3465 1875 ἐν
3492 1822 3654 1892 ὑγεία
3684 1822 3780 1875 δν-

2200 1933 2318 1979 τας,
2344 1915 2654 1985 αίρετικοὺς
2677 1915 3166 1983 προσερχομένους,
3197 1915 3291 1967 καὶ
3319 1913 3778 1984 ἐξεταζομένους,

2200 2006 2401 2076 ὁμοίως
2440 2005 2689 2073 δέχεσθαι
2721 2003 3208 2072 παρακελεύονται.

2270 2095 2514 2149 ΖΩΝΑΡ.
2561 2095 2936 2164 Ἀμφέϐαλλόν
2969 2111 3112 2156 τινες
3144 2097 3190 2146 εί
3224 2097 3330 2164 χρὴ
3380 2097 3510 2158 τοὺς
3560 2097 3780 2164 αἱρετιο

2203 2188 2331 2249 κοὺς
2362 2189 2418 2240 ἐν
2448 2187 2588 2239 τέλει
2642 2186 2968 2252 λεγομένους
3023 2187 3114 2238 τοῦ
3164 2187 3278 2255 βίου
3326 2185 3421 2238 καὶ
3474 2187 3784 2256 ζητοῦντας

2206 2279 2497 2346 μετάνοιαν
2545 2277 2816 2346 δέχεσθαι.
2853 2278 2997 2348 Πρθς
3044 2278 3180 2346 ὅπερ
3213 2279 3241 2330 ὁ
3299 2277 3454 2343 ἅγιος
3500 2276 3784 2346 ἀπεκρίθη

2203 2369 2311 2421 δεῖν
2341 2370 2540 2430 αὐτοὺς
2567 2369 2842 2436 δέχεσθαι,
2870 2369 2965 2436 οὐχ
2995 2368 3068 2430 ὡς
3108 2367 3262 2437 ἔτυχε
3311 2368 3389 2431 δέ,
3416 2367 3556 2420 ἀλλὰ
3587 2367 3781 2431 ἐξετά-

2207 2457 2419 2522 ζοντας,
2464 2461 2510 2512 εἰ
2560 2459 2772 2528 ἀληθῶς
2807 2458 3159 2528 μετανοοῦσιν
3182 2475 3195 2488 ·
3227 2460 3392 2528 ἤγουν
3427 2461 3474 2511 εί
3509 2459 3781 2524 ἀφίσταν-

2206 2569 2296 2604 ται
2329 2551 2436 2604 τῶν
2473 2553 2688 2603 οἰκείων
2715 2553 3017 2622 δογμάτων,
3050 2551 3144 2603 καὶ
3178 2551 3596 2603 ἐπιδείκνυνται
3641 2567 3783 2617 καρ-

2207 2643 2343 2704 ποὺς
2379 2641 2690 2708 μετανοίας.

2279 2736 2499 2787 ΑΡΙΣΤ.
2577 2733 2857 2802 Αίρετικδς
2909 2731 2984 2800 τῷ
3039 2733 3183 2800 τέλει
3235 2731 3514 2802 μετανοῶν
3563 2732 3790 2794 δεκτέος

2213 2828 2329 2895 μετ’
2365 2826 2715 2892 ἐπικρίσεως.

2283 2918 2384 2968 Τὸν
2421 2918 2476 2967 ἐν
2508 2914 2582 2979 τῷ
2613 2915 2754 2966 τέλει
2786 2913 2879 2965 τοῦ
2930 2913 3045 2981 βίου
3081 2913 3305 2965 ἐλθόντα
3344 2911 3648 2981 αἱρετικὸν,
3688 2913 3789 2963 καὶ

2217 3007 2602 3077 μετανοοῦντα.
2642 3007 2738 3059 οὐκ
2791 3006 3029 3074 ἀκρίτως
3079 3006 3171 3056 καὶ
3216 3004 3597 3063 ἀὸασανέστως
3631 3003 3788 3070 δέχε-

549 3096 788 3155 oportet,
833 3089 927 3142 sed
984 3091 1415 3158 resipisceutiam
1472 3095 1591 3163 eius
1637 3095 1940 3162 explorare,
1982 3111 2107 3148 num

2225 3099 2342 3152 σθαι
2374 3097 2498 3168 χρὴ,
2530 3096 2662 3149 ἀλλὰ
2695 3095 3012 3162 δοκιμάζειν
3040 3093 3137 3161 τὴν
3173 3094 3464 3160 μετάνοιαν
3507 3092 3702 3156 αὐτοῦ,
3737 3093 3787 3142 εἰ

549 3193 674 3231 vera
711 3181 801 3238 sit,
837 3188 890 3232 et
924 3195 990 3231 an
1016 3181 1228 3235 fructus
1260 3183 1497 3250 proferat
1541 3187 1630 3251 qui
1662 3186 1847 3238 salutis
1878 3187 2112 3239 studium

554 3272 946 3337 testiticentur;
984 3284 1042 3325 ιιι
1092 3275 1136 3327 si
1172 3278 1236 3327 de
1267 3277 1458 3329 haeresi
1487 3277 1604 3344 ejus
1637 3278 1955 3346 triumphet,
1988 3294 2117 3346 pec-

551 3373 671 3416 cata
703 3381 797 3416 sua
830 3381 952 3419 cum
997 3367 1252 3436 lactymis
1278 3378 1330 3421 et
1364 3370 1601 3422 contrito
1656 3373 1819 3424 corde
1857 3371 2116 3424 confitea-

557 3465 664 3518 tur,
704 3459 1073 3527 elcmnosynas
1105 3458 1290 3522 faciat,
1318 3471 1372 3514 et
1399 3457 1501 3514 alia
1547 3460 1815 3530 ejusmodi
1851 3463 2114 3516 salutaria

556 3552 822 3603 ostendat.

1167 3727 1392 3783 CANON
1422 3729 1505 3784 VI.

559 3815 958 3872 Canonicorum
990 3819 1376 3874 fornicationes
1410 3837 1508 3890 pro
1530 3823 1876 3876 matrimonio
1904 3838 2006 3876 non
2037 3838 2123 3877 re-

631 3919 902 3976 pnteutur,
925 3914 1015 3964 sed
1035 3927 1218 3964 eorum
1243 3911 1550 3976 coiijnnctio
1567 3916 1783 3967 omnino
1806 3914 2122 3981 divellatur:

637 4001 738 4053 hoc
770 4002 914 4052 enim
942 4012 991 4054 et
1026 4001 1276 4055 Ecclesiae
1303 4004 1366 4054 ad
1397 4004 1742 4056 securitatem
1774 4010 1856 4057 est
1890 4003 2043 4063 utile,
2071 4011 2125 4056 et

639 4108 740 4143 non
775 4093 924 4144 dabit
972 4092 1239 4144 ltmreticis
1291 4093 1551 4147 adversus
1601 4109 1697 4146 nos
1736 4109 1944 4157 ansam,
1981 4093 2122 4162 quod

637 4197 856 4250 propter
917 4183 1173 4251 peccandi
1228 4184 1535 4238 libertatem
1599 4188 1666 4238 ad
1720 4199 1819 4238 nos
1876 4186 2126 4237 attraha-

643 4292 781 4328 "HIS.

642 4366 833 4420 BtLS.
875 4365 1184 4420 Canonicos
1211 4381 1304 4419 eos
1343 4367 1495 4430 dicit,
1527 4369 1615 4435 qui
1661 4368 1713 4420 in
1745 4382 1952 4421 canone
1987 4381 2124 4420 enu-

2219 3189 2424 3256 ἀληθής
2457 3188 2593 3248 ἐστι,
2621 3185 2714 3237 καὶ
2750 3185 2797 3235 εἰ
2825 3185 2951 3244 τοὺς
2999 3172 3242 3250 καρποὺς
3287 3182 3403 3250 ἔχει
3441 3179 3787 3248 μαρτυροῦν·

2217 3295 2315 3341 τας
2357 3280 2422 3347 τῇ
2482 3278 2617 3343 πρὸς
2671 3273 2730 3324 τὸ
2775 3271 3013 3340 σωθῆναι
3061 3270 3296 3338 σπουδῇ·
3356 3269 3406 3322 τί
3457 3270 3607 3336 γάρ;
3665 3267 3789 3319 Ὀτι

2219 3368 2540 3438 θριαμϐεύει
2579 3361 2739 3418 αὐτοῦ
2772 3365 2869 3430 τὴν
2896 3363 3126 3430 αἳρεσιν,
3161 3361 3258 3421 τὰς
3289 3359 3573 3427 ἁμαρτίας
3620 3357 3789 3408 αὑτοῦ

2224 3459 2360 3531 μετὰ
2390 3456 2640 3526 δακρύων
2671 3456 2764 3507 καὶ
2807 3451 3276 3526 συντετριμμένης
3319 3450 3555 3520 καρδίας
3597 3449 3786 3514 ἐξαγο-

2225 3549 2388 3618 ρεύει,
2423 3544 2793 3614 ἐλεημοσύνας
2825 3546 2988 3608 ποιεῖ,
3035 3542 3128 3594 καὶ
3170 3540 3303 3593 ἄλλα
3339 3540 3570 3593 τοιαῦτα
3609 3557 3791 3609 σωτηο

2226 3639 2387 3709 ριώδη
2415 3637 2772 3689 ἐνδείκνυται.

2814 3725 3051 3779 ΚΑΝΩΝ
3087 3723 3179 3791 ς’.

2223 3822 2343 3876 Τῶν
2376 3820 2674 3874 κανονικῶν
2709 3819 2804 3880 τὰς
2835 3818 3086 3886 πορνείας
3119 3817 3198 3878 εἰς
3225 3816 3404 3885 γάμον
3440 3817 3516 3885 μὴ
3565 3815 3799 3869 καταλο-

2295 3912 2565 3980 γίζεσθαι,
2599 3910 2733 3962 ἀλλὰ
2767 3911 2926 3960 παντὶ
2958 3908 3145 3976 τρόπῳ
3195 3907 3432 3975 διασπᾷν
3469 3907 3653 3960 αὐτῶν
3699 3907 3799 3976 τὴν

2297 4005 2611 4070 συνάφειαν.
2670 4000 2839 4053 Τοῦτο
2862 4000 2966 4070 γὰρ
3013 3999 3108 4051 κιι1⁵
3159 4001 3223 4068 τῇ
3285 3999 3589 4068 Ἐκκλησία
3657 3999 3799 4064 πρὸς

2295 4095 2593 4162 ἀσφάλειαν
2643 4091 2940 4152 λυσιτελὲς,
2976 4090 3068 4141 καὶ
3096 4090 3208 4150 τοῖς
3258 4089 3562 4154 αίρετικοῗς
3598 4087 3657 4138 οὒ
3691 4087 3800 4138 δὼ-

2300 4203 2381 4237 σει
2410 4185 2529 4237 καθ’
2561 4184 2716 4254 ἡμῶν
2746 4181 2936 4250 λαϐὴν,
2967 4180 3040 4240 ὼς
3071 4179 3158 4231 διὰ
3193 4180 3291 4247 τὴν
3323 4178 3418 4230 τοῦ
3455 4179 3803 4246 ἁμαρτάνειν

2299 4278 2483 4328 ἄδειαν
2515 4274 2918 4341 ἐπισπ‹ι›μένων
2951 4271 3085 4341 πρὸς
3121 4269 3365 4332 ἑαυτούς.

2301 4369 2496 4420 ΒᾹΛΣ.
2529 4365 2860 4424 Κανονικοὺς
2899 4363 3022 4424 τοὺς
3071 4363 3129 4414 ἐν
3176 4361 3252 4429 τῷ
3305 4360 3489 4412 κανόνι
3545 4359 3805 4423 ἐξεταζο·

573 4471 875 4522 merantur,
927 4459 1152 4511 clericos
1180 4459 1405 4521 scilicet,
1453 4459 1770 4520 monachos,
1806 4457 2117 4519 monac-has,

2238 4459 2430 4528 μένους
2482 4457 2665 4526 φησὶν,
2700 4456 2868 4524 ἤγουν
2914 4453 3228 4521 κληρικοὺς,
3287 4453 3581 4520 μοναχοῦς,
3635 4467 3808 4516 μονα-

567 4564 618 4603 rt
677 4567 794 4617 quin
852 4550 1216 4618 virginitatem
1277 4548 1532 4616 professa:
1572 4558 1720 4602 sunt.
1766 4547 1821 4601 Si
1853 4549 1972 4615 quis
1999 4561 2129 4615 ergo

566 4658 630 4695 ex
675 4642 756 4693 itiS
785 4641 1083 4694 fornicatus
1133 4639 1314 4702 fuerit,
1355 4655 1461 4692 non
1515 4640 1854 4707 permittitur
1901 4640 1948 4691 ei
1988 4640 2134 4692 dein-

571 4749 697 4801 ceps
733 4748 978 4799 peccare.
1013 4731 1104 4784 Est
1138 4733 1280 4783 enim
1329 4731 1624 4783 verisimile
1656 4731 2002 4793 canonicum,
2037 4730 2130 4798 qui

570 4833 914 4893 peccaverat,
956 4821 1268 4875 sacerdotio
1337 4833 1542 4874 motum
1597 4823 1666 4874 oh
1715 4820 2132 4875 fornicationem

571 4915 794 4976 dixisse,
824 4914 1086 4979 Quoniam
1119 4928 1146 4964 a
1175 4913 1434 4979 dignitate
1457 4913 1656 4974 excidi,
1690 4913 1965 4978 voluptate
1987 4922 2137 4966 certe

574 5005 857 5072 perfruar:
889 5014 941 5058 et
974 5005 1044 5057 sit
1078 5005 1204 5057 mihi
1260 5004 1472 5067 mulier,
1506 5018 1626 5056 cum
1663 5019 1766 5071 qua
1800 5004 2044 5072 peccavi,
2081 5003 2134 5058 in

576 5101 848 5154 c0nsortio
881 5098 1166 5165 coniugali.
1206 5100 1314 5152 Lex
1341 5100 1486 5151 enim
1516 5099 1658 5152 dicit
1714 5099 1766 5152 in
1798 5099 1894 5153 lib.
1939 5113 2134 5158 xxvttt,

581 5197 663 5247 tit.
689 5193 742 5256 4,
769 5209 885 5259 cap.
920 5192 983 5245 16
1013 5208 1026 5243 :
1062 5191 1162 5255 Qui
1193 5207 1314 5244 cum
1351 5191 1546 5252 littera,
1581 5205 1701 5259 qua}
1755 5206 1859 5244 non
1893 5197 2137 5260 quaastus

577 5288 749 5356 gratia
779 5284 906 5337 fat-it
939 5286 1017 5336 sui
1052 5282 1291 5350 corporis
1320 5294 1664 5350 potestatem,
1703 5284 1866 5336 habet
1897 5295 2138 5336 consue-

585 5379 845 5439 tudinem,
883 5377 1050 5443 ipsant
1118 5389 1221 5427 non
1253 5376 1630 5436 concubinam,
1669 5376 1759 5426 sed
1793 5387 2012 5426 uxorem
2047 5372 2142 5424 Ita-

585 5467 714 5522 ttere
743 5467 972 5519 videtur.
1011 5463 1144 5525 Hoc,
1193 5465 1386 5533 inquit,
1421 5479 1523 5516 non
1559 5475 1637 5517 est
1689 5462 2140 5531 permittendum,

588 5561 682 5613 sed
712 5575 898 5612 eorum
953 5555 1258 5623 coniunctio
1296 5565 1380 5609 est
1431 5556 1648 5607 omnino
1704 5553 2029 5620 separanda,
2089 5561 2148 5605 et

591 5651 689 5718 ipsi
713 5667 738 5703 a
773 5666 830 5705 se
868 5650 1092 5703 invicem
1139 5647 1471 5715 sejungendi,
1509 5647 1759 5714 quoniam
1794 5647 1934 5711 leges
1962 5647 2011 5696 in
2047 5646 2144 5697 lai-

591 5744 666 5798 cis
693 5742 865 5797 locum
898 5741 1119 5806 habent,
1145 5750 1196 5794 et
1221 5740 1321 5794 ltoc
1350 5747 1432 5793 est
1465 5736 1715 5792 Ecclesia:
1745 5739 1898 5792 utile.
1953 5737 2006 5791 Si
2041 5739 2141 5804 ipsi

2236 4550 2449 4619 στρίας,
2483 4548 2576 4599 καὶ
2602 4547 2698 4608 τὰς
2730 4542 3023 4612 παρθενίαν
3045 4541 3550 4609 ἐπαγγειλαμένας.
3579 4540 3642 4591 Et
3669 4539 3808 4606 γοῦν

2233 4659 2314 4705 τις
2348 4644 2410 4692 ἐκ
2439 4639 2647 4691 τούτων
2676 4636 2982 4704 πορνεύσει,
3015 4634 3073 4686 οὐ
3108 4632 3656 4700 παραχωρηθήσεται
3711 4634 3809 4683 καὶ

2236 4732 2427 4800 ἐφεξῆς
2464 4730 2822 4800 ἁμαρτάνειν.
2853 4726 3013 4786 Εἰκὸς
3047 4725 3156 4791 γὰρ
3188 4721 3253 4790 ἦν
3300 4721 3391 4773 τὸν
3440 4723 3812 4790 ἡμαρτηκότα

2237 4824 2519 4878 κανονικὸν
2548 4821 2648 4888 τῆς
2686 4817 2991 4888 ἱερωσύνης
3026 4814 3330 4865 ἐκπεσόντα
3361 4812 3452 4863 διὰ
3498 4812 3602 4879 τὴν
3659 4827 3803 4876 πορ-

2237 4917 2382 4967 νείαν
2433 4914 2612 4980 λέγειν
2643 4911 2724 4962 ὅτι
2765 4908 2919 4960 Ἐπεὶ
2972 4905 3072 4975 τῆς
3112 4903 3268 4966 ἀξίας
3302 4902 3658 4962 ἐκπέπτωκα,
3694 4902 3804 4953 κᾶν

2239 5006 2527 5059 ἀπολαύσω
2565 5003 2665 5070 τῆς
2707 4999 2901 5069 ἡδονῆς
2930 5016 2942 5029 ·
2998 4999 3093 5049 καὶ
3143 4996 3284 5047 ἔστω
3311 5013 3401 5062 μοι
3447 4995 3478 5060 ὴ
3513 4995 3650 5060 γυνὴ
3685 4993 3812 5060 μεθ’

2237 5089 2304 5164 ἦς
2335 5096 2583 5164 ἥμαρτον
2617 5091 2696 5151 είς
2731 5087 3039 5155 συμϐίωσιν
3073 5086 3344 5154 γαμικήν.
3383 5085 3507 5135 Ὀτι
3539 5087 3633 5136 καὶ
3660 5084 3687 5133 ὁ
3720 5083 3813 5134 νά.

2244 5205 2342 5256 μος
2373 5185 2535 5253 φησὶν
2574 5184 2632 5233 ἐν
2665 5180 2828 5249 βίϐλῳ
2865 5185 2972 5248 κη’,
3002 5177 3162 5246 τίτλῳ
3184 5177 3245 5240 δ’,
3275 5174 3557 5242 κεφαλαίῳ
3601 5172 3699 5238 ις’·
3747 5173 3808 5223 '0

2243 5279 2376 5347 πρὸς
2405 5278 2503 5345 τὴν
2537 5273 2838 5342 ἐλευθέραν
2873 5272 2947 5341 μὴ
2978 5268 3354 5339 ποιησαμένην
3385 5268 3556 5334 πόρον
3604 5268 3666 5318 ἐκ
3711 5264 3811 5317 τοῦ

2247 5375 2374 5426 ίδίου
2419 5372 2669 5439 σώματος
2705 5369 2843 5437 ἔχων
2894 5364 3204 5433 συνήθειαν,
3240 5363 3300 5414 οὐ
3329 5361 3643 5427 παλλακὴν,
3679 5357 3821 5410 ἀλλᾶ

2245 5461 2494 5532 γαμετὴν
2538 5460 2707 5528 αὐτὴν
2761 5457 2906 5526 ἐχειν
2953 5456 3118 5508 δοκεῖ.
3153 5452 3323 5505 Τοῦτο
3371 5450 3486 5506 οῦν.
3522 5449 3678 5517 φησὶ,
3715 5464 3826 5498 πα-

2248 5553 2613 5625 ραχωρεῖσθαι
2669 5551 2728 5601 οὔ
2791 5549 2919 5617 χρὴ,
2954 5545 3067 5598 ἀλλ’
3104 5548 3168 5596 ἐκ
3215 5540 3416 5601 παντὸς
3479 5537 3826 5590 διασπᾶσθαι

2246 5646 2340 5714 τὴν
2376 5644 2671 5710 συνάφειαν
2698 5640 2900 5702 αὐτῶν,
2931 5639 3020 5688 καὶ
3051 5630 3385 5704 χωρίζεσθαι
3413 5630 3508 5679 ἀπ’
3543 5626 3820 5693 ἀλλήλων·

2251 5737 2330 5790 ὅτι
2362 5753 2418 5788 τε
2445 5733 2511 5786 τὰ
2536 5731 2628 5785 τοῦ
2658 5735 2821 5796 νόμου
2879 5729 2953 5789 είς
2985 5725 3204 5785 λαῖκοὺς
3250 5722 3434 5791 χώραν
3492 5719 3700 5787 ἔχουσι,
3731 5716 3830 5767 καὶ
