4018 6446
209 370 300 432 6θῇ

1151 373 1230 429 ΙΝ
1276 374 1514 434 ΕΡίὶΤ.
1549 378 1607 434 S.
1641 376 1927 436 BASILII
1963 379 2394 441 CANONICAM
2433 383 2481 444 Ῑ.

3332 375 3438 439 606

211 491 270 538 ’τι
299 489 364 555 τῇ
399 486 702 555 Ἐκκλησία
736 487 1010 549 λυσιτελές
1038 491 1207 541 ἐστιν.
1245 491 1306 541 Εἰ
1337 491 1447 558 γὰρ
1471 492 1626 543 αὐτοὶ
1660 495 1760 562 τῆς

1881 491 2004 545 enim
2043 509 2069 545 a
2099 492 2324 547 libidine
2353 491 2568 546 alienati
2599 491 2813 554 fuerint.
2873 504 2972 544 nec
3030 488 3118 545 alii
3165 489 3437 544 audebunt

202 577 490 645 ἐπιθυμίας
542 577 978 642 ἀποξενωθῶσιν,
1014 579 1135 632 οὐδὲ
1193 580 1367 648 ἕτεροι
1426 582 1761 649 τολμήσουσι

197 666 434 719 τοιοῦτόν
487 685 562 732 τι,
609 668 685 729 ὡς
742 669 817 738 μὴ
869 669 1366 739 παραχωρούμενοι
1425 671 1762 740 ἁμαρτάνειν

201 758 337 827 μετά
391 761 493 825 τὴν
545 759 832 829 ἀναίρεσιν
899 763 1000 829 τῆς
1066 762 1524 831 ἐκκλησιαστικῆς
1573 765 1762 831 τιμῆς.

210 849 366 901 Ἀλλά
419 851 514 902 καὶ
557 851 669 912 τοῖς
717 852 1013 919 αἱρετικοῖς
1076 852 1135 903 οὐ
1191 852 1480 918 δοθήσεται
1541 852 1764 922 ἀφορμὴ

204 939 318 992 καθ’
350 941 510 1008 ἡμῶν
541 943 621 1002 είς
673 942 734 993 τδ
776 941 954 1001 λέγειν
1007 944 1092 996 ὅτι
1133 945 1218 995 διὰ
1268 943 1428 995 τοῦτο
1489 945 1624 1011 μετά
1669 944 1767 1012 τὴν

205 1033 456 1100 πορνείαν
507 1033 961 1104 παραχωροῦνται
1015 1035 1064 1086 οί
1117 1037 1472 1102 πορνεύοντες
1519 1035 1768 1102 ἁμαρτά-

203 1140 329 1182 νειν,
360 1121 445 1174 ἴνα
480 1122 573 1173 καὶ
602 1123 651 1172 οἱ
684 1122 742 1185 ἐξ
770 1125 969 1189 ἑτέρων
996 1123 1303 1192 θρησκειῶν
1326 1124 1413 1176 διὰ
1441 1123 1540 1193 τὴν
1568 1123 1764 1192 ἡδονὴν

205 1214 293 1266 τοῦ
323 1212 575 1282 σώματος
613 1216 954 1267 ἐπισπῶνται
989 1217 1085 1266 καὶ
1115 1215 1487 1284 ὲπισύρωνται
1525 1216 1659 1282 πρὸς
1700 1213 1769 1266 τὰ

203 1306 470 1376 ἡμέτερα.
516 1307 624 1357 Καὶ
668 1304 831 1356 τοῦτο
879 1306 978 1373 μὲν
1009 1305 1361 1371 θεματίςεται
1415 1306 1594 1365 καλῶς
1640 1305 1764 1357 ὅσον

203 1403 281 1463 είς
308 1401 433 1460 τοὺς
467 1399 779 1466 κληρικούς.
817 1398 910 1454 El:
955 1397 1011 1448 δὲ
1041 1399 1138 1459 τὰς
1178 1397 1510 1466 μοναστρίας
1543 1397 1636 1448 καὶ
1671 1397 1768 1456 τὰς

207 1492 529 1557 παρθένους,
561 1491 652 1543 καὶ
682 1491 809 1550 τοὺς
849 1489 1116 1557 μοναχοὺς
1149 1488 1274 1550 τοὺς
1309 1490 1382 1554 μὴ
1416 1488 1768 1555 ἱερωμένους,

205 1588 323 1638 ἐπεὶ
369 1582 660 1650 ἀφαίρεσις
694 1581 857 1648 τιμῆς
907 1580 1006 1630 οὐκ
1045 1579 1330 1644 ἐπάγεται.
1371 1578 1573 1646 μᾶλλον
1625 1578 1771 1629 είποι

205 1695 287 1739 τις
319 1673 774 1739 ἱικαιολογεῖσθαι
806 1669 1050 1732 τούτους,
1085 1671 1152 1722 τά
1179 1668 1268 1721 τοῦ
1297 1669 1774 1735 καταστρωθέντος

207 1770 413 1824 ἀνωθεν
448 1770 616 1836 νόμου
674 1766 767 1818 καὶ
810 1767 886 1826 είς
939 1765 1213 1832 ἐκτροπὴν
1261 1764 1356 1814 τοῦ
1400 1761 1561 1826 λόγου
1592 1759 1773 1812 αὐτῶν

203 1855 486 1930 ὁρισθῆναί
519 1859 586 1910 τά
612 1856 706 1908 τοῦ
741 1856 1000 1922 παρόντος
1051 1855 1298 1914 κανόνος.
1351 1853 1482 1921 Περὶ
1527 1850 1585 1900 δὲ
1636 1866 1773 1917 πορ-

203 1955 348 2014 νείας
403 1949 656 2019 μοναχῶν
704 1947 798 2000 καὶ
847 1945 1134 2013 παρθένων
1195 1941 1633 2010 ἀνατεθειμένων
1693 1939 1770 2008 τῷ

203 2046 319 2113 Θεῷ
347 2041 624 2108 ἀνάγνωθι
655 2041 871 2091 συνόδου
907 2038 1074 2105 ἕκτης
1121 2033 1323 2086 κανόνα
1353 2031 1636 2096 τέταρτον,
1671 2028 1768 2081 τοῦ

203 2136 360 2203 ἁγίου
419 2133 701 2189 Βασιλείου
750 2132 951 2184 κανόνα
1004 2126 1092 2197 ιη’,
1135 2126 1204 2191 κ’,
1247 2125 1309 2191 ξ’,
1345 2125 1437 2177 καὶ
1495 2121 1700 2190 βιϐλίου
1732 2118 1773 2172 δ’

202 2229 308 2281 τῶν
331 2227 640 2280 Βασιλικῶν
669 2223 846 2278 τίτλον
882 2223 952 2284 α’,
982 2238 1107 2289 κεφ.
1141 2218 1202 2285 ε’,
1240 2219 1380 2287 ὅπερ
1412 2211 1769 2282 κατεστρώθη

1869 585 1974 637 tale
2013 583 2136 652 quid
2170 585 2368 647 facere,
2397 595 2454 637 ut
2478 583 2673 651 quibus
2706 598 2810 636 non
2847 582 2918 636 sit
2953 595 3181 649 peccare
3208 581 3438 648 permis-

1867 690 1984 729 sum
2042 685 2163 743 post
2218 674 2601 728 ecclesiastica:
2665 672 2944 740 dignitatis
3001 671 3432 738 ademptionem.

1869 764 1974 817 Sed
2041 764 2310 818 luercticis
2362 777 2576 831 quoque
2611 778 2715 813 non
2760 761 2978 815 dabitur
3039 759 3300 812 adversus
3331 773 3434 812 nos

1868 871 2019 915 ansa,
2053 863 2110 906 nt
2138 855 2344 914 dicant,
2369 855 2508 921 quod
2545 860 2825 920 propterea
2869 859 2991 917 post
3023 848 3435 902 fornicationem

1866 945 2197 1014 permittitur
2251 944 2672 997 forniCatOrilms
2744 956 3006 1009 peccare,
3086 947 3143 990 ut
3188 940 3255 991 ab
3318 937 3438 991 aliis

1872 1037 2038 1090 set-tis
2069 1046 2287 1102 propter
2313 1033 2560 1102 corporis
2585 1033 2914 1098 voluptatem
2953 1029 3017 1082 ad
3053 1040 3238 1082 nostra
3271 1038 3440 1080 attra-

1871 1127 2073 1180 ltantur
2103 1135 2156 1178 et
2189 1125 2522 1177 alliciantnr.
2559 1124 2622 1176 Et
2650 1126 2760 1175 bmc
2793 1123 3010 1188 quidem
3042 1119 3167 1174 facti
3220 1119 3435 1186 Species

1872 1230 2019 1272 recte
2077 1218 2316 1284 ponitur,
2351 1215 2494 1282 quod
2541 1216 2606 1266 ad
2651 1213 2888 1265 clericos
2927 1213 3140 1263 attinet.
3180 1210 3332 1275 Quod
3368 1211 3436 1261 ad

1875 1310 2174 1364 tnonacbas
2202 1318 2402 1368 autc-tn,
2434 1315 2488 1360 et
2531 1305 2788 1369 virgines.
2818 1315 2873 1354 et
2923 1302 3218 1356 monachos
3265 1301 3443 1354 sacris

1873 1399 2156 1452 ordinibus
2203 1414 2307 1450 non
2337 1397 2585 1449 initiatos
2616 1396 2832 1455 attinet,
2861 1393 3119 1460 quoniam
3151 1393 3232 1444 eis
3269 1389 3442 1442 bono-

1874 1491 1949 1542 ris
1982 1487 2184 1540 ablatio
2229 1501 2335 1539 non
2389 1485 2686 1543 inducitur,
2720 1493 2774 1535 et
2810 1497 2903 1534 eos
2945 1481 3141 1534 dixerit
3169 1480 3440 1544 quispiam

1874 1577 2049 1643 lt'gt’ttt
2083 1577 2332 1643 superius
2376 1575 2608 1641 positam
2669 1573 2837 1638 magis
2865 1585 3022 1638 posse
3059 1585 3154 1635 pro
3185 1584 3243 1622 se
3273 1569 3446 1621 addu-

1875 1685 2021 1728 scre.
2057 1678 2110 1721 et
2138 1667 2202 1720 ad
2235 1667 2578 1719 evertendam
2616 1678 2802 1715 eorum
2836 1661 3102 1714 rationem
3125 1667 3443 1723 praesentem

1876 1773 2145 1815 canouetn
2182 1757 2469 1811 constitui.
2535 1756 2608 1808 De
2645 1753 3035 1806 monachorum
3062 1763 3241 1803 autem
3275 1749 3446 1804 forni-

1879 1850 2114 1909 catione,
2145 1856 2200 1897 et
2233 1845 2502 1914 virginum
2539 1842 2646 1894 Deo
2708 1842 3101 1900 dedicatarum,
3160 1837 3275 1905 lege
3324 1851 3444 1904 syu.

1871 1949 2040 1994 sextae
2074 1951 2196 1988 can.
2223 1933 2278 1998 4,
2323 1933 2495 1986 sancti
2532 1931 2709 1983 Basilii
2737 1945 2860 1982 can.
2911 1928 3002 1990 18,
3033 1927 3125 1987 20.
3155 1926 3223 1980 60
3240 1934 3294 1978 et
3322 1925 3359 1979 1.
3395 1940 3446 1978 tv

1873 2030 2091 2083 Basilic.
2116 2028 2202 2080 tit.
2237 2040 2319 2094 pr.
2351 2038 2473 2092 cap.
2511 2023 2561 2083 5,
2596 2023 2736 2087 quod
2764 2020 2996 2086 p0sitttm
3038 2018 3199 2071 estin
3225 2031 3347 2084 cap.
3377 2015 3447 2070 33

1877 2120 2002 2174 noni
2040 2119 2123 2170 tit.
2156 2115 2439 2186 praesentis
2469 2113 2672 2181 aperis.
2708 2109 2849 2178 Lege
2895 2117 2951 2164 et
2982 2122 3103 2176 cap.
3161 2107 3228 2161 78
3261 2107 3343 2159 tit.
3380 2104 3450 2160 57

1875 2211 1970 2266 lib.
2018 2225 2107 2263 Ls.

202 2327 280 2386 είς
331 2321 375 2374 λ’
430 2322 726 2390 κεφάλαιον
754 2319 848 2372 τοῦ
898 2317 942 2371 θ’
969 2316 1146 2370 τίτλου
1193 2313 1287 2366 τοῦ
1323 2311 1591 2380 παρόντος
1636 2307 2054 2376 συντάγματος⁶
2089 2301 2363 2371 ἀνάγνωθι
2413 2300 2509 2354 καὶ
2556 2315 2681 2368 κεςρ.
2730 2303 2809 2367 οη⁹
2853 2295 2945 2348 τοῦ
3018 2293 3096 2358 λζ’
3156 2291 3337 2345 τίτλου
3408 2291 3450 2356 ξι

207 2416 434 2487 βιϐλίου.

276 2509 519 2564 ΖΩΝΑΡ.
551 2506 885 2565 Κανονικοῦς
913 2501 1038 2564 τοὺς
1078 2511 1140 2554 ἓν
1165 2501 1242 2570 τῷ
1289 2500 1473 2553 κανόνι
1519 2497 1774 2562 ἐξεταζο-

212 2602 404 2671 μένους
437 2599 621 2665 φησὶν,
653 2597 818 2666 ἤγουν
861 2593 1180 2662 κληρικοὺς,
1209 2593 1303 2643 καὶ
1342 2590 1638 2658 μοναχοὺς,
1677 2587 1773 2640 καὶ

209 2691 561 2761 μοναστρὶας,
618 2689 710 2740 καὶ
784 2686 882 2749 τὰς
937 2683 1239 2751 παρθενίαν
1294 2681 1775 2747 ἐπαγγειλαμέναςς

209 2787 392 2853 κόρας.
436 2780 576 2834 κατά
610 2779 700 2831 τὸν
733 2777 788 2843 ς’
827 2779 922 2829 καὶ
955 2774 1036 2845 μδ¹
1072 2774 1271 2828 κανόνα
1323 2768 1424 2841 τῆς
1455 2775 1512 2824 ὲν
1546 2771 1774 2841 Καρθα-

205 2878 334 2950 γένῃ
385 2874 624 2926 συνόδου.
663 2872 740 2924 Ei‘
768 2869 899 2937 γοῦν
939 2868 1178 2929 τοιοῦτός
1212 2883 1296 2927 τις
1325 2865 1639 2934 πορνεύσει,
1672 2864 1772 2914 οὐκ

207 2970 495 3036 ιιθήσεται
538 2960 970 3032 συμφθείρεσθαι
1021 2961 1084 3027 τῇ
1129 2957 1249 3028 μεθ’
1296 2951 1366 3027 ἦς
1396 2956 1664 3026 ἥμαρτεν,
1699 2953 1775 3013 ὡς

204 3062 345 3127 τάχα
375 3059 556 3124 γάμου
601 3055 695 3122 τῆς
723 3052 959 3120 ἀθέσμου
996 3050 1193 3116 μίξεως
1219 3047 1590 3117 λογισθείσης.
1612 3045 1770 3106 Είκὸς

206 3153 314 3218 γάρ
344 3153 436 3200 τον
468 3145 728 3215 κληρικὺν
754 3144 852 3212 τῆς
899 3141 1198 3212 ἱερωσύνης
1245 3140 1333 3193 διὰ
1362 3141 1462 3207 τὴν
1496 3136 1772 3205 ἁμαρτίαν

207 3243 511 3296 ἐκπεσόντα
545 3240 718 3290 εἰπεῖν
750 3238 830 3288 ὅτι
861 3235 1015 3286 Ἐπεὶ
1044 3236 1140 3303 τῆς
1171 3231 1327 3296 ἀξίας
1353 3232 1451 3300 ἤδη
1483 3229 1774 3281 ἐκπέπτω-

205 3351 296 3394 κσ,
331 3330 430 3382 κᾶν
497 3325 792 3380 ἀπολαύσω
841 3323 942 3386 τῆς
992 3322 1221 3392 ἠδονῆς’
1257 3322 1351 3374 καὶ
1413 3319 1555 3370 ἔστω
1613 3334 1701 3386 μοι
1735 3317 1769 3382 ἡ

203 3424 342 3487 γυνῆ
378 3419 494 3486 μεθ’
527 3413 594 3490 ἦς
625 3419 869 3486 ἥμαρτον
895 3417 974 3478 είς
1001 3412 1307 3482 συμϐίωσιν
1335 3411 1609 3479 γαμικὴν.
1637 3408 1773 3460 Τοῦ·

202 3531 264 3566 το
293 3510 410 3575 οὖν,
445 3511 602 3576 φησὶ,
632 3506 1083 3578 παραχωρεῐσθαι
1111 3505 1171 3556 οὐ
1205 3503 1336 3573 χρὴ,
1378 3502 1491 3553 ἀλλ’
1523 3503 1588 3552 ἐκ
1643 3515 1782 3550 παν-

201 3606 291 3666 τὸς
344 3602 679 3656 διασπᾶσθαι
728 3600 824 3669 τὴν
874 3599 1172 3666 συνάφειαν
1216 3593 1418 3650 αὐτῶν.
1457 3593 1552 3644 καὶ
1608 3590 1778 3660 χωρί-

202 3693 393 3758 ζεσθαι
423 3693 518 3745 ἀπ’
550 3690 795 3757 ἀλλήλων
834 3689 963 3748 τοὺς
1011 3687 1310 3745 τοιούτους.
1345 3683 1517 3735 Τοῦτο
1545 3683 1654 3751 γὰρ
1684 3683 1777 3733 καὶ

200 3789 265 3854 τῇ
311 3782 615 3851 Ἐκκλησία
660 3778 960 3839 λυσιτελὲς,
1001 3773 1467 3841 ἀποκοπτομένων
1516 3774 1612 3824 καὶ
1669 3773 1778 3825 τῶν

199 3875 408 3928 λοιπῶν
461 3874 536 3942 μὴ
600 3870 823 3924 τοιαίτα
875 3869 1102 3937 τολμᾷν.
1159 3864 1479 3932 Λογίζονται
1536 3865 1645 3932 γὰρ
1697 3863 1780 3914 ὅτι

201 3968 372 4020 Οὶδὲν
409 3964 564 4018 ἔσται
605 3964 737 4031 ἡμῖν
770 3960 983 4026 ὄφελος,
1012 3959 1114 4011 κᾶν
1145 3958 1505 4025 ἁμάρτωμεν,
1549 3972 1626 4025 μη
1677 3971 1778 4006 πα-

202 4057 673 4128 ραχωρουμὲνοις,
722 4051 822 4103 κᾶν
870 4054 969 4114 τῆς
1019 4049 1187 4123 τιμῆς
1239 4049 1592 4113 ἐκπέσωμεν,
1636 4063 1776 4112 συμ-

199 4148 356 4200 ϐιοῦν
387 4149 446 4214 τῇ
482 4146 703 4213 γυναικὶ
805 4140 1224 4208 συνεφθάρημεν
1248 4154 1264 4169 ⁸
1302 4139 1394 4190 καὶ
1421 4139 1470 4189 οί
1504 4137 1775 4206 αἱρετικοὶ

196 4241 300 4308 οὐχ
325 4237 509 4301 ἕξουσι
563 4235 731 4302 λαόὴν
773 4232 894 4285 καθ’
933 4232 1089 4302 ἡμῶν
1139 4232 1322 4297 λέγειν
1351 4232 1435 4282 ὅτι
1473 4230 1572 4281 Διά
1620 4230 1778 4282 τοῦτο

197 4325 600 4396 παραχωροῦσι
634 4326 744 4384 τοίς
775 4323 1153 4392 ἁμαρτάνουσι
1191 4321 1360 4390 συζῇν
1404 4323 1526 4381 ταῖς
1562 4318 1777 4386 γυναιξὶ

202 4419 323 4491 μεθ’
357 4414 729 4487 ὧνῆμαρτον,
765 4417 858 4467 καὶ
902 4415 977 4474 ὡς
1019 4416 1285 4480 γαμεταῖς
1344 4411 1650 4480 κεχρῆσθαι
1683 4412 1778 4463 αὑ-

1955 2479 2209 2537 ZONAR.
2232 2478 2533 2533 Canonicos
2559 2489 2674 2537 eos,
2720 2472 2808 2540 qui
2837 2471 2890 2525 in
2924 2482 3129 2524 canone
3161 2481 3453 2521 recensen-

1901 2586 2011 2640 tttr,
2043 2575 2307 2631 nominat,
2332 2571 2560 2623 clericos
2589 2567 2866 2627 nimirum,
2911 2557 3207 2614 monachos
3237 2567 3291 2611 et
3339 2571 3437 2609 mo-

1882 2667 2113 2730 nacbas,
2141 2673 2195 2717 et
2224 2662 2590 2728 virginitatem
2651 2653 2922 2723 professas
2976 2649 3204 2718 puellas,
3237 2656 3296 2700 ut
3350 2648 3448 2699 ba-

1883 2761 2044 2815 betur
2095 2763 2249 2810 sexto
2279 2762 2330 2806 et
2358 2749 2771 2819 quadragesimo
2803 2755 2993 2812 quarto
3017 2754 3224 2794 canone
3257 2736 3446 2807 synodi

1883 2843 2353 2915 tiartltaginensis.
2386 2839 2441 2891 Si
2466 2839 2587 2906 quis
2636 2839 2798 2904 igitur
2829 2831 3095 2900 ejusmodi
3149 2827 3450 2881 fornicatus

1885 2940 2072 2999 fuerit,
2099 2937 2238 2990 haud
2270 2931 2612 3001 permittetur
2647 2942 2767 2980 cum
2797 2940 2857 2977 ea
2901 2939 3021 2974 cum
3055 2936 3156 2987 qua
3184 2918 3449 2986 peccavit,

1886 3028 2181 3095 corrumpi.
2217 3024 2372 3093 quasi
2402 3005 2546 3074 forte
2585 3018 2771 3069 illicita
2807 3013 3115 3067 comntistio
3143 3007 3449 3076 nuptiarum

1803 3152 1847 3214 ρ
1889 3126 2062 3177 instar
2091 3119 2457 3171 existimetur.
2501 3108 2785 3163 Probabile
2817 3104 2925 3174 58
2957 3115 3189 3169 namque
3222 3109 3301 3152 est
3338 3099 3451 3151 cle-

2208 3210 2219 3214 ⁸
2401 3206 2410 3214 ¹
2577 3203 2604 3214 ¹¹
2655 3200 2664 3212 ⁵
2774 3199 2828 3214 Ι¹ν
2890 3207 2920 3214 κ.
2967 3205 3012 3214 ι,
3054 3193 3115 3214 ΑΙ..
3160 3191 3447 3214 -.Ι---ζ..ι-ιιι.ι.

1883 3216 2082 3276 ricum,
2130 3210 2222 3280 qui
2275 3206 2413 3260 sacri
2492 3200 2697 3256 ordinis
2755 3199 3016 3264 dignttate
3049 3193 3118 3246 ob
3159 3191 3450 3244 admissam

1883 3306 2097 3372 culpam
2153 3300 2453 3356 exciderat.
2511 3294 2738 3354 dixisse,
2793 3286 3240 3352 Quandoquidem
3296 3297 3453 3335 sacro

1882 3402 2075 3454 ordine
2104 3408 2283 3450 motus
2340 3407 2481 3452 sum,
2516 3387 2667 3441 irttar
2710 3385 2902 3438 saltem
2959 3379 3251 3443 voluptate,
3281 3385 3335 3428 et
3381 3377 3454 3428 sit

1883 3491 2014 3545 ntibi
2079 3487 2278 3541 mulier
2329 3483 2461 3542 haec,
2511 3495 2633 3534 cum
2690 3490 2792 3542 qua
2824 3470 3064 3540 peccari,
3119 3467 3450 3520 matrimonii

1883 3583 2142 3639 societate
2199 3575 2504 3642 conjuncta,
2568 3569 2678 3621 lloc
2710 3582 2862 3636 ergo,
2916 3563 3113 3628 inquit,
3141 3558 3457 3626 permittere

1886 3673 2028 3725 baud
2054 3675 2287 3736 oportet,
2316 3664 2408 3717 sed
2444 3661 2657 3712 illorum
2705 3655 3016 3709 societatem
3058 3649 3272 3714 penitus
3308 3648 3440 3698 diri-

1885 3777 2052 3824 tuere,
2102 3770 2266 3826 atque
2307 3756 2375 3806 ab
2419 3752 2646 3804 invicem
2675 3743 2934 3812 ejusmodi
2983 3754 3290 3811 segregare.
3328 3736 3436 3789 Hoc

1886 3855 2154 3921 siquidem
2183 3863 2235 3902 et
2263 3845 2516 3899 Ecclesia:
2553 3841 2681 3894 utile
2728 3839 2906 3899 fuerit,
2934 3839 3056 3888 dum
3085 3833 3175 3885 alii
3207 3844 3440 3899 quoque,

1885 3959 1952 3998 ne
2001 3940 2264 4010 ejusmodi
2328 3936 2581 3994 audeant,
2655 3931 3038 3995 reprimentur.
3093 3925 3168 3977 Ita
3225 3935 3458 3985 namque

1885 4033 2214 4098 cogitabant,
2241 4025 2380 4079 Nihil
2409 4023 2562 4075 nobis
2586 4019 2853 4089 prodcrit,
2893 4015 3106 4068 etiamsi
3149 4025 3456 4079 peccemus,

1886 4126 2151 4197 siquidem
2189 4137 2314 4176 cum
2361 4135 2421 4171 ea
2475 4117 2728 4176 muliere,
2785 4128 2906 4167 cum
2957 4125 3059 4179 qua
3095 4108 3335 4175 corrupti
3363 4122 3458 4159 su~

1887 4234 2027 4278 mus,
2054 4214 2300 4281 quamvis
2355 4211 2559 4262 honore
2610 4204 2993 4261 cuiderimns,
3029 4210 3240 4253 aetatem
3297 4211 3456 4265 agere

1888 4312 2031 4366 baud
2061 4310 2220 4360 liceat
2253 4320 2279 4356 :.
2302 4318 2402 4355 nec
2449 4299 2727 4352 habebunt
2778 4293 3013 4362 Ita-retici
3044 4307 3231 4344 ansam
3269 4298 3454 4342 contra

1888 4418 1986 4454 nos
2043 4396 2278 4457 dicendi,
2331 4407 2430 4445 nos
2461 4406 2521 4442 ea
2555 4391 2619 4441 de
2670 4400 2841 4439 causa
2873 4381 3314 4450 delinquentibus
3340 4395 3454 4447 pcr-

196 4512 320 4569 ταῐς
348 4508 588 4559 διδόασιν
617 4505 805 4556 ἄδειαν
836 4503 1021 4564 αὐτοῖς
1050 4519 1063 4533 ·
1095 4502 1180 4553 ἵνα
1209 4501 1380 4563 οὕτως
1429 4500 1773 4553 ὲπισπῶνταί

1886 4488 2118 4542 mittere,
2147 4492 2205 4534 ut
2235 4496 2355 4534 cunt
2403 4482 2467 4530 iis
2496 4477 2815 4530 mulieribus
2887 4473 3093 4532 vivant,
3133 4470 3453 4536 quibuscum

196 4616 353 4658 τινας
378 4597 489 4648 τῶν
519 4595 578 4659 ἐξ
601 4595 796 4663 ἑτέρας
827 4592 1152 4662 θρησκείας,
1188 4591 1358 4661 ἤγουν
1405 4591 1777 4660 ὑποσύρωσιν,

197 4690 564 4758 ὲφέλκωνται,
598 4687 672 4748 ὡς
719 4686 916 4746 ἐῶντες
969 4685 1235 4751 ἐμμένειν
1289 4687 1352 4750 τῇ
1388 4682 1654 4752 ἁμαρτίᾳ,
1688 4685 1781 4734 καὶ

201 4783 280 4853 μὴ
313 4779 537 4840 λύοντες
571 4779 697 4838 τοὺς
731 4774 1006 4842 ἀθέσμους
1036 4773 1274 4840 γάμους,
1309 4764 1383 4823 ὧν
1420 4777 1779 4840 προηγήσατο

199 4891 368 4944 πορνε
379 4874 451 4927 ία.

275 5137 506 5194 ΑΡΙΣΤ.
573 5135 641 5187 Ἥ
691 5128 972 5200 κανονικὴ,
1030 5126 1083 5180 εἴ
1135 5142 1238 5179 που
1301 5125 1397 5178 καὶ
1458 5123 1780 5191 ζεύγνυται,

197 5230 612 5296 διαζεύγνυται.

288 5323 352 5375 Ἦ
385 5316 687 5388 παρθενίαν
717 5313 1104 5383 ὀμολογήσασα
1146 5308 1243 5361 καὶ
1275 5304 1670 5373 ἀποταξαμένη
1704 5303 1782 5370 τῷ

198 5415 391 5484 γάμῳ,
421 5411 518 5462 καὶ
567 5407 657 5458 τὸν
708 5407 765 5457 ἐν
808 5401 1067 5470 ἁγιασμῷ
1106 5399 1499 5469 προτιμήσασα
1559 5395 1694 5465 βίον,
1733 5395 1781 5445 εί

200 5507 299 5564 τὰς
323 5500 618 5571 ὁμολογίας
646 5495 814 5566 αὐτῆς
859 5494 1176 5561 ἀθετήσασα
1209 5492 1422 5553 ἡδοναῖς
1456 5488 1780 5548 ἀκολάστοις

198 5597 403 5659 ἑαυτὴν
432 5589 594 5658 ἐκδῷ.
619 5589 713 5640 καὶ
736 5587 885 5655 νόμῳ
915 5583 1072 5652 δῆθεν
1099 5584 1280 5651 γάμου
1313 5581 1466 5650 ἀνδρὶ
1506 5578 1780 5647 συναφθῇ,

199 5688 262 5738 οὗ
309 5687 489 5751 γάμος
517 5679 675 5731 τοῦτο
718 5677 1064 5748 κριθήσεται,
1094 5673 1227 5724 ἀλλά
1275 5669 1503 5738 πορνεία
1527 5685 1541 5698 ·
1579 5670 1610 5738 ἢ
1648 5671 1783 5738 μᾶλ-

201 5781 313 5830 λον.
365 5774 510 5827 κατά
554 5771 644 5823 τὸν
681 5767 1150 5822 ὀκτωκαιδέκατον
1228 5765 1429 5817 κανόνα
1479 5761 1667 5814 τούτου
1723 5761 1778 5812 δὲ

1887 4583 2283 4646 peccaverunt,
2309 4583 2514 4637 easque
2565 4580 2790 4619 uxorum
2855 4563 2976 4616 loco
3005 4562 3266 4614 retinendi
3295 4559 3458 4612 facul-

1890 4680 2052 4722 tatem
2099 4665 2231 4733 ipsis
2283 4663 2436 4718 dare.
2469 4670 2522 4711 ιιι
2553 4659 2651 4710 bac
2683 4660 2892 4709 ratione
2919 4654 3124 4718 aliquos
3153 4667 3215 4704 cx
3251 4651 3340 4712 iis,
3367 4650 3457 4716 qui

1887 4760 2114 4814 diversae
2155 4752 2401 4820 religioni
2445 4748 2644 4801 addicti
2703 4755 2850 4803 sunt,
2879 4745 3180 4802 attraltant,
3219 4742 3320 4793 boc
3352 4749 3458 4803 est,

1886 4851 2207 4905 subducant,
2235 4842 2473 4895 alliciant
2501 4856 2516 4903 ;
2563 4839 2760 4906 quippe
2793 4835 2898 4887 illts
2927 4836 2977 4885 in
3011 4842 3234 4901 peccato
3263 4832 3460 4898 degere

1888 4940 2291 5008 permittentes,
2317 4947 2412 4984 nec
2448 4929 2754 4997 illegitimas
2789 4926 3026 4993 nuptias,
3057 4937 3194 4989 quas
3219 4922 3460 4976 fornica-

1891 5033 1965 5083 tio
1990 5026 2287 5097 praecessit,
2327 5021 2621 5076 solventes.

1958 5117 2188 5174 ARIST.
2236 5114 2538 5176 Canonica,
2583 5110 2627 5164 si
2665 5104 3010 5162 matrimonio
3043 5105 3230 5174 juncta
3273 5100 3461 5164 fuerit,

1891 5213 2246 5280 disiungitur.

1958 5305 2088 5369 Quae
2131 5299 2497 5369 virginitatem
2561 5291 2802 5363 professa
2846 5298 2926 5343 est
2953 5328 2967 5352 ,
3019 5297 3068 5341 et
3112 5281 3465 5338 matrimonio

1889 5393 2248 5454 renuntiavit,
2279 5401 2330 5443 et
2356 5390 2521 5441 vitam
2552 5388 2604 5438 in
2627 5382 2987 5438 sanctimonia
3015 5373 3456 5443 actamprmtulit.

1889 5488 1931 5539 si
1977 5482 2337 5553 professiones
2363 5492 2490 5531 suas
2536 5473 2902 5539 vilipendeus,
2946 5466 3250 5522 libidinosis
3277 5479 3332 5517 se
3364 5465 3425 5515 de

1889 5576 2031 5628 derit
2078 5571 2458 5639 voluptatibus,
2522 5574 2576 5621 et
2634 5561 2970 5618 matrimonii
3030 5559 3284 5611 nimirum
3339 5554 3456 5623 lege

1888 5668 2005 5720 viro
2030 5666 2314 5733 conjuncta
2358 5659 2538 5722 fuerit,
2580 5658 2726 5710 istud
2778 5653 3184 5706 matrimonium
3219 5663 3322 5700 non
3361 5645 3450 5713 ju-

1890 5757 2177 5816 dicabitur,
2232 5754 2323 5808 sed
2371 5750 2656 5804 fornicatio
2711 5765 2725 5800 :
2779 5757 2867 5799 aut
2936 5745 3111 5800 notius
3157 5739 3451 5796 secundum
