4018 6442
210 337 310 401 609

1153 341 1233 401 IN
1270 343 1512 404 EPIST.
1559 343 1620 403 S.
1657 342 1940 402 BASILU
1992 342 2428 404 CANONlCAM
2476 347 2528 406 Ι.

3341 348 3446 411 δίθ

211 446 374 511 ὶέγει.
415 447 489 498 Ἦ
526 449 632 517 γὰρ
664 447 914 518 ἀρχῆθεν
952 443 1095 519 ἦσαν
1143 452 1210 501 τὰ
1252 445 1446 501 είδωΑα
1498 450 1775 515 σέεοντες,

1892 451 2218 506 sacrificant.
2249 450 2382 506 Nam
2421 455 2500 508 vel
2531 455 2654 511 inde
2684 457 2751 512 εἰ)
2793 459 2945 514 initio
2974 459 3237 515 idolorum
3279 464 3447 522 cultui

211 537 302 590 καὶ
344 539 734 609 προσελθόντες
765 543 831 610 τῇ
878 541 1058 593 πίστει
1091 541 1186 594 καὶ
1229 540 1640 609 βαπτισθέντες,
1685 543 1774 593 εὑο

210 630 302 692 θὺς
332 633 446 693 τοῖς
477 634 689 694 πιστοῖς
719 631 1204 702 συναριθμοῦνται,
1224 633 1318 684 καὶ
1357 632 1464 686 τῶν
1501 634 1776 702 ἁγιασμά-

210 738 314 774 των
373 723 724 792 μετέχουσιν·
797 725 829 793 ἢ
895 724 1216 794 Χριστιανοὶ
1292 723 1467 786 ὅντες,
1532 724 1772 788 εἰδώλοις

211 811 432 876 ἔθυσαν,
463 815 556 865 καὶ
582 813 669 867 διὰ
713 814 828 880 βίου
862 817 1142 882 μετανοεῖν
1168 813 1497 883 ὀφείλουσιν.
1527 814 1601 866 Οὐ
1645 815 1777 884 περὶ

210 903 467 956 τοιούτων
503 900 594 957 οὖν
641 905 1046 974 εἰδωλολατρῶν
1099 904 1245 957 ἔοικε
1303 903 1481 970 λέγειν
1519 907 1548 957 6
1594 905 1775 971 ἅγιος,

210 993 345 1047 ἀλλὰ
378 994 506 1055 τοὺς
541 993 744 1062 γόητας
780 994 872 1047 καὶ
907 994 1034 1057 τοὺς
1075 994 1144 1046 τὰ
1187 994 1457 1064 περίεργα
1487 996 1778 1056 ποιοῦντας

214 1083 608 1154 εἰδωλολάτρας
661 1084 956 1136 ἐκάλεσεν·
1014 1085 1088 1147 ὡς
1125 1085 1445 1153 ἐπικλήσεις
1499 1085 1776 1152 δαιμόνων

211 1174 568 1242 ποιουμένους
598 1175 658 1227 ἐν
701 1177 822 1237 ταῖς
859 1177 1158 1245 γοητείαις,
1195 1176 1288 1228 κα)⁸
1327 1176 1385 1240 ἐξ
1427 1177 1652 1228 ἐκείνων
1684 1175 1780 1245 ζη-

213 1266 443 1326 τοῦντας
501 1267 845 1337 ἐπικουρίαν,
897 1266 1192 1319 κάντεῦθεν
1262 1267 1553 1330 δοκοῦντας
1611 1268 1781 1336 τιμᾷν

211 1357 306 1411 καὶ
347 1357 679 1426 θεραπεύειν
727 1359 944 1420 αὐτούς.
988 1357 1169 1410 Εἰπὼν
1209 1359 1264 1412 δὲ
1313 1359 1397 1411 ὅτι
1450 1359 1546 1427 τῆς
1607 1359 1783 1429 αὐτῆς

209 1447 509 1516 καταδίκης
564 1449 704 1500 εἰσὶν
771 1449 1101 1518 ἠξιωμένοι,
1159 1450 1216 1501 οὗ
1263 1449 1421 1502 τοῦτο
1478 1449 1649 1516 λέγει,
1701 1450 1783 1502 ὅτι

211 1536 522 1607 ἰσαρίθμοις
545 1539 909 1608 ἐπιτιμῶνται
941 1541 1234 1602 ἐνιαυτοῖς,
1274 1539 1389 1592 ἀλλ’
1419 1540 1500 1592 ὅτι
1539 1539 1785 1592 πολυετεῖ

212 1629 478 1698 ἐπιτιμίῳ
508 1629 845 1694 ὑπόκεινται,
875 1630 1100 1682 ἔκαστοι
1139 1631 1195 1684 δὲ
1228 1631 1368 1683 κατὰ
1415 1634 1544 1692 τοὺς
1608 1631 1773 1693 ἰδίους

213 1722 394 1790 ὅρους.
444 1721 599 1774 Ὅσοι
631 1722 686 1774 δὲ
735 1722 828 1774 ἐπὶ
891 1724 1183 1794 τριάκοντα
1236 1723 1386 1776 ἔτεσι
1450 1723 1785 1792 μετενόησαν

1883 543 2030 596 fuere
2059 543 2280 606 addicti,
2319 555 2482 614 atque
2520 548 2585 600 ad
2619 549 2774 603 fidem
2805 553 3146 618 accedentes,
3181 563 3236 608 et
3268 554 3448 625 bapti-

1881 647 2000 686 smo
2034 632 2256 700 expiati,
2307 635 2589 690 confestim
2629 653 2750 692 cum
2786 639 3038 696 fidelibus
3079 643 3448 699 adnumeran-

1879 733 1987 787 tur,
2035 721 2311 791 sacrisque
2371 728 2642 795 mysteriis
2698 732 3137 800 communicant;
3202 734 3285 787 vel
3322 750 3446 789 cum

1886 811 2184 867 Christiani
2241 825 2442 879 essent,
2499 816 2656 871 idolis
2684 819 3056 884 immolavere,
3087 837 3150 876 ac
3186 838 3281 891 per
3307 825 3446 879 inte-

1880 918 2031 972 gram
2064 903 2231 957 vitam
2265 905 2636 972 paenitentiam
2663 923 2823 976 agere
2846 910 3059 964 debent.
3094 911 3446 981 Nequaquam

1881 997 2045 1062 igitur
2077 997 2142 1050 de
2207 997 2476 1064 ejusmodi
2541 1000 2841 1055 idololatria
2887 1014 3109 1057 sanctus
3159 1006 3247 1059 hic
3300 1005 3444 1074 loqui

1884 1086 2095 1138 videtur
2125 1103 2140 1142 :
2181 1089 2274 1141 sed
2309 1090 2750 1158 praestigiatores,
2804 1107 2867 1146 ac
2897 1092 3162 1160 ejusmodi
3194 1095 3449 1148 inanita-

1886 1177 2030 1229 tibus
2074 1185 2259 1229 curam
2325 1179 2718 1247 impendentes,
2752 1183 3069 1237 idololatras
3096 1184 3398 1237 nominavit
3430 1201 3448 1240 :

1883 1269 2082 1336 quippe
2137 1272 2225 1338 qui
2283 1271 2584 1325 ἀωιηοιιυιιι
2645 1275 3015 1329 invocationes
3073 1276 3330 1329 adhibent
3379 1278 3448 1331 ad

1886 1362 2204 1430 praestigias,
2239 1372 2348 1415 tum
2374 1381 2438 1416 ex
2473 1365 2537 1416 iis
2569 1365 2826 1418 auxilium
2874 1374 3080 1432 petunt,
3124 1382 3186 1420 ac
3225 1369 3451 1433 proinde

1884 1451 2255 1504 venerantium
2291 1453 2432 1518 ipsos
2462 1464 2515 1505 et
2545 1453 2842 1506 colentium
2871 1453 3159 1520 quamdam
3213 1455 3448 1522 speciem

1886 1543 2147 1610 praebent.
2202 1542 2333 1595 Cum
2364 1557 2491 1597 vero
2531 1544 2718 1597 eadem
2781 1545 3230 1598 condemnatione
3260 1546 3450 1612 dignos

1888 1631 2165 1684 habendos
2193 1646 2311 1684 esse
2366 1632 2463 1696 ait,
2495 1647 2600 1685 non
2634 1634 2704 1685 ita
2742 1633 3131 1700 intelligendus
3162 1643 3264 1691 est.
3294 1631 3450 1702 quasi

1889 1722 2080 1790 aequali
2112 1737 2372 1776 annorum
2414 1738 2639 1776 numero
2675 1725 2989 1790 puniantur,
3041 1726 3135 1779 sed
3172 1725 3295 1791 quia
3333 1723 3453 1792 plu-

215 1808 366 1886 ἐφ“ᾖ
409 1805 1010 1883 ἔπραξαν’ὰκαθαρσίᾳ
1059 1814 1114 1865 ἐν
1171 1814 1363 1886 ἀγνοίᾳ
1396 1813 1628 1880 (ἀγνοῶν
1674 1813 1786 1882 γάρ

1892 1813 2029 1865 rium
2072 1827 2334 1866 annorum
2377 1815 2555 1865 multm
2600 1815 2710 1868 sint
2743 1815 2985 1878 obnoxii,
3037 1815 3234 1884 singuli
3272 1827 3451 1869 tamen

207 1923 293 1966 τις
332 1905 499 1973 τυχὸν
537 1906 789 1972 συγγενεῖ
821 1904 989 1973 ἐμίγη
1025 1905 1098 1973 μὴ
1124 1904 1278 1966 εἰδὼς
1299 1905 1398 1973 τὴν
1431 1903 1780 1972 συγγένειαν,

209 1997 242 2064 ἢ
279 1995 500 2062 γυναικί
541 2011 667 2056 τινι,
705 1993 778 2064 μὴ
824 1992 982 2056 εἰδὼς
1020 1996 1102 2047 ὅτι
1154 1996 1249 2048 καὶ
1290 1995 1318 2048 6
1375 1996 1559 2065 πατὴρ
1611 1993 1778 2047 αὑτοῦ

210 2088 489 2156 ἐχρήσατο
540 2087 770 2156 ἐκείνῃ),
814 2088 940 2146 τοὺς
992 2083 1271 2148 τοιούτους
1323 2086 1444 2138 οὐδὲ
1501 2084 1780 2155 ἀμφιϐάλ-

209 2178 324 2230 λειν
380 2177 569 2246 ἐχρῆν,
622 2177 818 2246 φησιν,
870 2177 951 2238 είς
997 2176 1056 2228 τὸ
1109 2175 1549 2245 παραδέξασθαι,
1608 2175 1782 2228 πολλὰ

208 2267 438 2336 ἔχοντας
512 2266 697 2318 δίκαια
765 2267 845 2328 είς
910 2267 970 2318 τδ
1037 2265 1604 2336 συγγνωμονηθῆναι,
1677 2266 1779 2328 τὴν

207 2361 456 2424 ἄγνοιαν,
489 2357 550 2409 τὸ
581 2355 828 2409 ἑκούσιον
852 2356 953 2424 τῆς
997 2355 1402 2427 ἐξαγορεύσεως
1449 2355 1779 2426 (ἀγνοούμε-

209 2469 296 2502 νον
332 2450 443 2518 γὰρ
481 2449 541 2502 τὸ
580 2449 888 2518 ἁμάρτημα
949 2448 1169 2511 ἐκόντες
1224 2446 1734 2516 ἐξωμολογήσαντο)
1763 2462 1779 2480 ο

1883 1902 2036 1969 juxta
2104 1905 2349 1970 proprios
2408 1903 2696 1956 terminos.
2747 1903 2847 1968 Qui
2882 1920 3008 1958 vero
3032 1905 3252 1974 triginta
3293 1907 3450 1959 annis

1887 1991 1964 2046 ob
1999 1993 2386 2061 impuritatem,
2427 2009 2589 2061 quam
2653 1997 2964 2064 ignorantes
3008 1997 3363 2061 admiserunt,
3400 1998 3450 2049 in

1886 2083 2205 2150 poenitentia
2255 2085 2454 2137 versati
2505 2093 2629 2138 sunt
2703 2085 2921 2154 (aliquis
2971 2086 3114 2140 enim
3165 2085 3304 2139 forte
3357 2102 3454 2155 per

1887 2173 2282 2242 ignorationem
2343 2189 2470 2228 cum
2520 2185 2750 2244 cognata
2786 2191 2896 2230 rem
2955 2176 3164 2242 habuit,
3201 2178 3454 2243 ignorans

1884 2265 2283 2330 cognationem,
2319 2273 2411 2318 aut
2472 2280 2594 2319 cum
2648 2267 2752 2320 alia
2787 2267 3031 2331 muliere,
3089 2280 3209 2320 cum
3248 2275 3451 2336 patrem

1888 2368 2103 2422 quoque
2159 2368 2311 2407 suum
2346 2355 2432 2408 ιιι..
2466 2371 2620 2408 usum
2654 2355 2820 2411 fuisse
2859 2357 3180 2426 ignoraret),
3214 2358 3278 2412 de
3307 2359 3454 2428 ejus-

1899 2444 2070 2506 modi,
2105 2445 2298 2512 inquit,
2362 2461 2428 2499 ne
2488 2448 2841 2501 dubitandum
2899 2458 2981 2503 est
3030 2449 3268 2517 quidem,
3321 2452 3452 2517 quin

211 2539 305 2592 καὶ
354 2539 457 2607 τὴν
503 2536 596 2590 τοῦ
653 2539 848 2607 χρόνου
896 2538 1228 2606 παρὰτασιν.
1274 2534 1468 2605 Σχεδὸν
1505 2534 1614 2605 γὰρ
1653 2535 1782 2604 ὃλην

1892 2533 2269 2597 admittantur,
2301 2551 2422 2589 cum
2454 2536 2652 2591 multas
2688 2539 2920 2594 habeant
2949 2541 3357 2604 excusationes,
3384 2542 3454 2590 ob

207 2632 409 2699 γενεὰν
463 2629 752 2700 ἀνθρώπου
819 2628 1199 2698 παρεδόθησαν
1259 2626 1339 2691 τῷ
1393 2626 1646 2696 Σατανᾷ,
1691 2624 1776 2677 ἴνα

1892 2639 2023 2692 quas
2055 2625 2136 2678 eis
2169 2627 2329 2679 venia
2360 2627 2584 2688 concedi
2618 2628 2782 2695 possit
2817 2646 2830 2680 :
2867 2628 3254 2697 ignorationem
3296 2628 3457 2681 nimi-

210 2721 544 2775 παιδευθῶσι
586 2721 661 2791 μὴ
693 2723 1046 2791 ἀσχημονεῖν.
1082 2720 1181 2772 Διὰ
1237 2717 1411 2771 ταῦτα
1453 2717 1634 2770 τοίνυν
1696 2716 1782 2769 δε-

1893 2731 2037 2782 rum,
2069 2725 2418 2782 spontaneam
2448 2716 2848 2771 confessionem
2873 2720 3200 2787 (ignoratum
3228 2733 3458 2786 namque

209 2818 372 2879 κτους
403 2815 654 2884 ἡγεῖσθαι
677 2814 895 2876 αὐτούς.

1892 2806 2095 2860 crimen
2119 2816 2306 2874 sponte
2337 2805 2571 2863 confessi
2611 2807 2760 2878 sunt)
2793 2823 2858 2863 ac
2891 2809 3150 2876 temporis
3180 2809 3454 2863 diuturni-

211 2922 400 2964 tateln.
455 2909 592 2964 Tota
641 2923 878 2976 namque
939 2907 1052 2961 fere
1085 2905 1320 2961 hominis
1367 2911 1526 2958 aetate
1557 2902 1782 2958 Satanae.
1812 2899 1997 2954 traditi
2053 2909 2198 2962 sunt,
2251 2908 2312 2952 ut
2363 2914 2392 2951 a
2453 2901 2700 2970 turpibus
2743 2901 3016 2956 abstinere
3082 2902 3316 2956 discant.
3377 2900 3458 2953 0b

213 3009 326 3059 lure
385 3006 553 3074 igitur
605 3004 763 3059 facile
799 3003 946 3072 ipsos
983 3003 1346 3056 admittendus
1390 3014 1511 3055 esse
1541 2999 1865 3052 arbitratur.

282 3098 400 3150 Οὐκ
437 3097 668 3163 ἄκαιρον
701 3094 756 3145 δὲ
791 3093 886 3144 καί
926 3108 980 3142 τι
1026 3093 1346 3161 παρενεῖραι
1386 3089 1464 3159 τῷ
1501 3091 1665 3158 λόγῳ,
1703 3091 1787 3142 καὶ

1970 3088 2085 3142 Νοη
2133 3091 2366 3145 alienum
2421 3101 2598 3146 autem
2641 3090 2743 3144 erit
2773 3090 3024 3159 quiddam
3059 3090 3221 3145 etiam
3254 3090 3340 3145 liic
3376 3092 3458 3146 in-

211 3192 374 3242 λῦσαι
395 3185 871 3255 ἀμφιϐαλλόμενον
891 3184 943 3236 τί
972 3200 1112 3236 τισιν
1143 3199 1156 3214 ⁶
1182 3184 1210 3234 6
1247 3183 1420 3251 μέγας
1465 3182 1786 3244 ’Δπόστολος

1892 3190 2158 3234 terserere
2190 3182 2440 3245 orationi,
2487 3196 2549 3234 ac
2582 3191 2786 3236 certam
2815 3183 3169 3250 quorumdam
3208 3184 3461 3251 quaestio-

211 3279 527 3351 Κορινθίοις
551 3277 905 3339 ἐπιστέλλων,
949 3275 1043 3328 καὶ
1072 3275 1200 3342 περὶ
1226 3273 1322 3325 τοῦ
1359 3275 1787 3341 πεπορνευκότος

210 3375 290 3433 εἰς
338 3370 438 3439 τὴν
477 3369 614 3422 [δίαν
660 3367 928 3438 μητρυιὰν
952 3366 1177 3436 γράφων
1204 3382 1217 3395 ·
1253 3364 1555 3433 Παράὸοτε
1579 3363 1782 3426 αὑτὸν,

211 3466 372 3532 φησι,
409 3461 490 3526 τῷ
523 3459 779 3526 Σατανᾷ,
833 3460 934 3512 ἵνα
983 3457 1049 3511 τό
1100 3458 1334 3526 πνεῦμα
1383 3455 1571 3524 σωθῇ.
1633 3456 1786 3518 Τινὲς

214 3557 319 3625 μέν
355 3554 449 3607 οὖν
483 3553 703 3620 δαίμονι
728 3551 957 3619 κάτοχον
1005 3549 1257 3618 γενέσθαι
1287 3548 1379 3600 τὸν
1416 3546 1786 3617 πορνεύσαντα

211 3649 459 3715 ὶέγουσι,
507 3646 650 3707 τινὲς
684 3645 742 3695 δέ
783 3643 941 3695 νόσου
985 3643 1214 3711 μάστιγι
1246 3639 1530 3708 ἐκδοθῆναι
1560 3658 1573 3670 ·
1609 3639 1786 3692 καίτοι

215 3736 275 3801 ἐξ
305 3733 488 3786 αὐτῶν
514 3731 620 3784 τῶν
641 3730 777 3800 πρὸς
809 3729 1127 3798 Κορινθιοος
1169 3726 1498 3780 Ἐπιστολῶν
1524 3725 1785 3793 λυομένου

212 3826 309 3878 τοῦ
350 3822 680 3890 ἀμφιεόλου,
710 3821 806 3872 καὶ
840 3818 1173 3888 δηλουμένου
1207 3818 1288 3870 ὄτι
1323 3819 1383 3867 τὸ
1413 3815 1787 3885 παραδοθῆναι

215 3919 296 3988 τῷ
346 3916 566 3983 Σατανᾷ
612 3911 976 3982 ὰφορισθῆναί
1007 3912 1144 3974 ἐστι,
1195 3910 1287 3960 καὶ
1321 3909 1415 3976 τῆς
1442 3908 1548 3958 τῶν
1580 3907 1787 3958 πιστῶν

217 4009 440 4076 μερίδος
495 4004 927 4075 ὲκκηρυχθῆναι.
999 4002 1088 4054 Ἐν
1144 4002 1241 4069 μὲν
1288 4001 1396 4070 γὰρ
1442 4003 1506 4069 τῇ
1569 4000 1788 4070 πρώτῃ,

211 4098 344 4149 ἔνθα
377 4098 470 4148 καὶ
501 4094 876 4162 παραδοθῆναι
906 4082 983 4160 ςιςῷ
1017 4091 1230 4159 Σατανᾷ
1267 4090 1363 4141 τὸν
1391 4090 1790 4158 ἁμαρτήσαντα

212 4187 568 4249 κατεδίκασε,
601 4184 730 4252 φησί
759 4199 774 4214 ο
807 4183 914 4236 Kal
954 4182 1123 4250 ὑμεῖς
1155 4181 1598 4250 πεφυσιωμένοι
1626 4180 1788 4243 ἐστὲ,

1889 3288 2012 3326 nem
2067 3274 2326 3328 solvere:
2394 3289 2619 3344 magnus
2675 3273 2967 3342 Apostolus
3021 3276 3086 3327 ad
3153 3274 3460 3329 Corinthos

1887 3367 2152 3430 scribens,
2209 3377 2262 3421 et
2309 3368 2379 3421 de
2433 3383 2519 3431 eo,
2558 3368 2650 3436 qui
2698 3383 2816 3422 cum
2876 3383 3103 3422 noverca
3168 3367 3464 3424 fornicatus

1889 3456 2063 3509 fuerat
2109 3458 2378 3512 disserens
2420 3476 2433 3512 :
2473 3457 2719 3521 Tradite,
2757 3459 2970 3528 inquit,
3023 3461 3193 3528 ipsum
3228 3459 3460 3519 Satanan

1889 3557 1942 3601 ut
1986 3549 2201 3616 spiritus
2231 3549 2405 3602 salvus
2459 3549 2552 3617 ﬁat
2601 3550 2639 3604 ¹.
2684 3548 2909 3613 Quidam
2979 3550 3140 3617 igitur
3207 3549 3464 3604 daemonis

1887 3639 2140 3706 potestati
2213 3638 2502 3691 obnoxium
2588 3637 2937 3692 fornicarium
3026 3638 3222 3693 factmn
3302 3638 3466 3693 fuisse

1890 3729 2103 3792 dicunt;
2134 3729 2348 3797 quidam
2371 3744 2499 3783 vero
2548 3729 2720 3783 morbi
2773 3729 2982 3800 ﬂagello
3013 3730 3288 3783 traditum.
3347 3729 3466 3782 Cut-

1891 3829 2062 3872 terum
2109 3834 2174 3871 ex
2250 3819 2490 3887 ipsismet
2538 3820 2604 3874 ad
2676 3820 2982 3873 Corinthios
3046 3819 3299 3886 Epistolis
3359 3821 3468 3874 sol-

1897 3911 2043 3964 vitur
2077 3911 2367 3974 dubitatio,
2400 3921 2454 3964 et
2495 3911 2824 3975 declaratur,
2885 3911 3025 3978 quod
3061 3911 3195 3963 tradi
3230 3909 3462 3974 Satanae,

1891 4010 1974 4052 est
2007 4000 2277 4069 segregari
2334 4012 2387 4054 et
2414 4017 2439 4053 a
2478 4012 2621 4054 coetu
2647 4000 2882 4053 fidelium
2914 4001 3177 4054 abdicari.
3213 3998 3266 4052 in
3299 4002 3462 4070 priori

1895 4104 2126 4157 namque
2179 4092 2266 4144 ubi
2316 4091 2477 4144 etiam
2513 4104 2632 4143 eum
2663 4089 2751 4156 qui
2788 4089 3084 4158 deliquerat
3119 4089 3332 4144 Satanae
3361 4100 3469 4142 tra-

1894 4182 2124 4234 dendum
2164 4181 2518 4250 atljudicavit,
2595 4179 2663 4231 Et
2709 4196 2820 4245 vos,
2869 4180 3063 4248 inquit,
3111 4182 3287 4248 inﬂati
3318 4182 3466 4244 estis,

213 4277 319 4330 καὶ
351 4276 489 4344 οὐχὶ
534 4273 779 4343 μᾶλλον
827 4273 1223 4340 ἐπενθήσατε,
1288 4273 1391 4324 ἶνα
1449 4271 1672 4340 ἐξαρθῇ
1722 4273 1787 4335 ἐξ

1895 4281 1940 4323 et
1971 4286 2073 4323 non
2099 4272 2266 4339 magis
2305 4255 2503 4324 luctu‘m
2533 4270 2817 4333 habuistis,
2854 4280 2908 4323 ut
2937 4270 3160 4322 tollatur
3205 4286 3269 4323 ex
3304 4271 3465 4334 vobis,

211 4368 384 4436 ὑμῶν
415 4370 448 4419 ό
502 4367 567 4418 τὸ
613 4367 791 4434 ἔργον
826 4365 996 4425 τοῦτρ
1046 4365 1321 4427 ποιήσας.
1361 4363 1432 4413 Τὸ
1462 4362 1537 4425 δὲ,
1569 4361 1787 4430 ἐξαρθῇ

1894 4359 1980 4426 qui
2008 4357 2102 4409 hoc
2125 4373 2252 4426 opus
2279 4357 2400 4426 fecit
2436 4357 2477 4410 ².
2505 4357 2638 4411 Illud
2667 4371 2878 4425 nempe,
2901 4356 3143 4420 tollatur,
3175 4359 3299 4425 quid
3327 4357 3468 4410 aliud

213 4418 292 4523 ἐξ
310 4418 498 4526 ὑγιῶν,
529 4455 579 4506 τί
609 4418 737 4508 ἄλλο
759 4455 908 4507 ἐστὶν
944 4418 1108 4520 ⁴Ιῐὸτι,
1147 4418 1234 4504 ἵνα
1263 4418 1473 4522 ἐκκοπῇ
1507 4418 1787 4505 καῖ’ἁιλλοἒ

1900 4448 2190 4515 significat,
2227 4462 2384 4515 quam
2417 4456 2474 4500 ut
2515 4448 2816 4512 excidatur,
2849 4446 3161 4515 aliennsqne
3212 4449 3470 4500 habeatur

213 4548 426 4619 τριωθῇ
476 4543 573 4610 ἀφ’
624 4544 816 4612 ὑμῶν;
874 4543 1234 4596 Ἐκκόπτεται
1287 4543 1344 4596 δὲ
1400 4545 1428 4595 6
1476 4545 1787 4613 ἀφορισθεὶς

1904 4553 1932 4592 a
1968 4538 2160 4592 vobis?
2196 4537 2474 4591 Exciditur
2509 4553 2634 4591 vero
2673 4537 2983 4605 quicunque
3011 4549 3344 4605 segregatur,
3371 4552 3468 4590 nec

215 4641 312 4692 xxi.
342 4639 416 4708 μὴ
451 4641 518 4706 τῇ
563 4635 673 4687 τῶν
709 4635 918 4688 πιστῶν
951 4633 1346 4701 συνενούμενος
1379 4633 1568 4704 μοίρᾳ.
1617 4636 1707 4687 Ἐν
1737 4635 1787 4687 δὲ

1904 4627 1957 4680 in
2007 4641 2235 4680 numero
2289 4625 2525 4679 fidelium
2577 4634 2906 4679 recensetur.
2956 4625 3012 4678 In
3063 4627 3292 4680 secunda
3343 4638 3471 4675 vero

213 4733 282 4797 τῇ
315 4729 544 4796 δευτέρᾳ
598 4723 886 4792 Ἐπιστολῇ
929 4739 1061 4790 φησι
1088 4738 1102 4750 ·
1137 4723 1456 4789 Κυρὼσατε
1490 4727 1577 4788 εις
1606 4723 1787 4777 αὐτὸν

1901 4718 2144 4789 Epistola
2174 4718 2288 4772 hinc
2318 4719 2497 4778 habet,
2537 4715 2848 4773 Conservate
2878 4733 3000 4786 erga
3025 4717 3195 4783 ipsum
3238 4714 3470 4766 charito-

215 4818 483 4886 ἀγάπην.
520 4817 643 4878 Πῶς
670 4815 764 4868 οὖν
794 4815 929 4884 πρὸς
965 4817 1055 4865 τὸν
1082 4811 1532 4882 δαιμονιζόμενον
1569 4814 1794 4882 ἔμελλον

220 4909 474 4976 κυρῶσαι
504 4906 725 4974 ἀγάπην
753 4922 766 4935 ·
797 4905 828 4974 ἢ
878 4904 1014 4972 πρὸς
1042 4903 1132 4954 τὸν
1172 4901 1336 4955 πάθει
1366 4902 1593 4971 λέπρας,
1633 4901 1664 4971 ἢ
1690 4905 1798 4955 τινὶ

219 4996 451 5064 τοιούτῳ
493 4992 1056 5062 ταλαιπωρούμενον;
1107 4991 1404 5044 Ἐλεεῖσθαι
1448 4991 1556 5061 γὰρ
1599 4990 1801 5060 μᾶλλον

221 5086 458 5154 ὠφειλεν
504 5087 531 5136 6
588 5082 732 5136 οὕτω
789 5082 1036 5151 πάσχων,
1097 5081 1219 5150 οὐχὶ
1281 5081 1578 5150 μισεῖσθαι.
1643 5081 1804 5133 Ἀλλὰ

219 5175 382 5229 τοῦτο
420 5176 576 5241 ελεγι
622 5174 862 5236 πάντως,
904 5174 987 5225 ὅτι
1041 5174 1137 5225 ’ον
1183 5173 1578 5242 ἀπεστράφητε
1618 5172 1707 5224 διὰ
1745 5171 1805 5224 τὸ

218 5272 552 5336 ἁμάρτημα,
577 5266 672 5317 καὶ
697 5263 796 5333 τῆς
838 5262 1167 5332 Ἐκκλησίας
1197 5261 1622 5331 ὴλλοτριώσατε,
1650 5263 1801 5326 δέξα-

224 5363 320 5412 σθε
351 5358 535 5418 πάλιν,
568 5358 656 5409 ἵνα
694 5355 768 5424 μὴ
797 5359 862 5425 τῇ
905 5355 1272 5424 περισσοτέρᾳ
1319 5353 1463 5423 λύπῃ
1492 5355 1798 5424 καταποθῇ.

225 5454 335 5504 Καὶ
384 5447 717 5516 ἑρμηνεύει,
747 5446 822 5506 ὼς
877 5444 1009 5512 γοῦν
1049 5445 1284 5512 είρηται,
1338 5445 1498 5506 αὐτὸς
1536 5446 1727 5498 ἑαυτὸν
1775 5447 1804 5497 6

235 5542 583 5601 ’Λπόστολος,
619 5540 714 5590 καὶ
737 5535 1045 5606 σαφηνίζει.
1083 5535 1146 5586 Εἰ
1175 5533 1232 5585 δέ
1261 5550 1344 5595 τις
1372 5532 1803 5604 φιλονεικότερον

223 5634 564 5693 ἀνθίσταται,
595 5629 834 5681 πεισάτω
861 5626 1045 5680 τοῦτον
1081 5627 1109 5678 6
1139 5626 1298 5692 σοφοί
1319 5619 1472 5686 οὗτος
1498 5626 1593 5676 καὶ
1622 5628 1792 5694 μέγας

304 5748 318 5776 ³
357 5750 520 5806 lCur.
564 5764 614 5816 ι’,
640 5749 695 5800 5.
827 5745 846 5774 ²
872 5744 1004 5798 Ibid.
1037 5743 1093 5800 2.
1191 5741 1209 5770 ³
1237 5741 1279 5795 ll
1313 5742 1435 5798 Cor.
1472 5757 1529 5806 ιι,
1559 5741 1610 5795 8.

1905 4820 2005 4863 tem
2035 4808 2076 4861 ⁸.
2103 4807 2206 4873 Qui
2235 4809 2398 4880 igitur
2413 4809 2727 4862 cbaritatem
2757 4823 2882 4877 erga
2911 4817 3160 4860 vexatum
3180 4822 3208 4858 ιι
3230 4807 3475 4864 daemone

1908 4900 2280 4957 conserVaturi
2319 4899 2544 4953 fuissent
2571 4917 2584 4952 :
2609 4898 2692 4953 vel
2720 4913 2844 4967 erga
2877 4899 3026 4952 illum
3061 4897 3151 4966 qui
3185 4895 3354 4963 lepra,
3388 4894 3471 4946 vel

1901 4990 2164 5061 ejusmodi
2195 4989 2302 5042 alio
2343 4990 2528 5043 morbo
2561 4989 2944 5057 premeretur?
2977 4985 3183 5040 Etenim
3226 4985 3472 5038 misereii

1903 5083 2086 5151 potius
2116 5083 2196 5136 sic
2247 5080 2450 5145 affecti,
2498 5095 2661 5150 quam
2701 5079 2852 5133 illum
2897 5078 3079 5132 odisse
3111 5091 3207 5144 par
3236 5083 3337 5128 est.
3369 5073 3474 5125 Sed

1908 5174 2012 5226 hoc
2069 5172 2227 5241 plane
2264 5173 2609 5241 significavit,
2668 5180 2728 5225 ut
2772 5185 2934 5239 quem
2986 5168 3196 5222 scilicet
3240 5167 3472 5220 aversati

1912 5266 2046 5319 estis
2079 5265 2148 5318 ob
2194 5279 2412 5329 noxam,
2444 5273 2499 5317 et
2547 5272 2703 5318 extra
2735 5261 3031 5317 Ecclesiam
3065 5260 3328 5328 ejecistis,
3383 5261 3477 5312 ad-

1914 5355 2140 5408 tnittatis
2199 5355 2416 5420 iterum,
2471 5370 2540 5411 ne
2583 5371 2611 5408 ιι
2653 5354 2820 5408 nimio
2858 5352 3042 5407 dolore
3100 5349 3477 5405 absorbeatur.

1911 5444 2078 5511 Ergo,
2113 5454 2172 5498 ut
2197 5445 2404 5499 dictum
2433 5453 2535 5510 est,
2565 5445 2678 5514 ipse
2712 5458 2768 5497 se
2797 5439 3090 5510 Apostolus
3129 5438 3384 5506 explicat,
3416 5449 3479 5487 ac

1911 5539 2168 5592 declarat.
2221 5536 2376 5603 Quod
2447 5536 2494 5590 si
2572 5536 2696 5606 quis
2751 5534 3140 5590 contentiosius
3202 5537 3482 5597 repugnet,

1918 5629 2056 5683 flecti
2089 5643 2147 5682 se
2177 5628 2413 5698 patiatur
2451 5626 2518 5680 ab
2564 5626 2668 5682 hoc
2724 5624 2950 5694 sapienti
2986 5633 3039 5678 et
3080 5635 3272 5691 magno
3303 5617 3484 5681 Patre,
