4018 6446
559 338 661 398 till
1812 324 2090 387 TIIEGD.
2134 320 2532 381 BALSAMON
3705 308 3770 367 Gl
3786 306 3816 366 2

551 455 991 511 anirnadvertens
1041 451 1309 520 quomodo
1357 447 1446 504 hic
1480 446 1664 499 verbis
1718 443 1846 504 illis,
1909 440 2122 494 Satanae

2254 435 2421 503 ἰατὴρ
2486 429 2854 502 προσσχόντα,
2914 429 3059 489 ὅπως
3109 424 3379 495 ἐχρήσατο
3447 420 3683 473 ἐνταῦθα
3721 420 3823 487 τῷ,

556 547 786 599 traditus
837 553 943 606 est,
993 557 1122 594 usus
1159 541 1322 593 fuerit
1357 555 1372 592 :
1409 533 1836 604 segregationem
1892 546 1955 583 ac
1993 529 2127 580 rele-

2254 523 2511 591 Ῐαρεδόῦη
2537 521 2616 590 τῷ
2667 520 2901 588 Σατανᾷ,
2956 520 3046 570 τὸν
3101 515 3408 584 ἀφορισμὺν
3463 513 3557 566 καὶ
3599 514 3703 582 τὴν
3737 513 3815 563 ἔκ·

557 639 827 708 gatinnem
874 650 903 687 a
935 643 1076 688 ccetu
1114 632 1346 684 lidelium
1383 628 1596 682 Satanae
1653 623 1993 678 traditionem
2033 635 2128 672 no-

2254 630 2447 664 ττωσιν
2479 613 2576 674 τῆς
2611 611 2751 662 κατά
2793 610 2900 660 τῶν
2947 608 3154 658 πιστῶν
3193 604 3480 669 ξυναυλίας
3519 602 3825 670 παράδοσιν

562 733 798 784 minans.
857 727 958 792 Qui
1022 728 1165 776 enim
1218 740 1244 774 a
1301 719 1839 775 lideliumconsm'tio
1872 713 2128 767 exclusus

2254 706 2370 775 πρὸς
2405 703 2496 755 τὸν
2530 703 2782 755 Σατανᾶν
2831 700 3128 767 ὀνομάσας.
3177 698 3236 748 '0
3281 699 3386 763 γὰρ
3421 695 3691 754 ἐκκοπεὶς
3733 695 3827 760 τῆς

556 831 665 882 est,
701 835 804 871 non
841 819 1070 885 an-plius
1099 816 1209 884 60
1232 814 1402 866 sancti
1433 813 1665 878 Spiritus
1696 810 1927 876 gratiam
1961 817 2130 873 penes

2254 795 2429 861 ιοίρας
2459 793 2566 842 τῶν
2599 791 2805 842 πιστῶν
2832 788 3016 840 οὐκέτι
3048 789 3145 853 τὴν
3171 785 3269 836 τοῦ
3307 785 3463 849 ἁγίου
3501 785 3828 849 Πνεύματος

562 911 796 974 Seipsttttt
834 907 1015 966 habet,
1047 919 1232 955 Vet'tttu
1270 903 1354 953 illa
1402 901 1662 967 spoliatus
1689 909 1791 947 est.
1841 893 1942 957 Qui
2004 903 2131 942 vero

562 1000 629 1051 ab
660 999 757 1050 hac
789 997 960 1064 gratia
1001 995 1220 1052 excidit,
1255 991 1465 1044 Satanae
1495 989 1741 1042 traditur.
1767 982 1866 1038 Ubi
1894 993 2128 1048 namque

564 1088 712 1139 illum
773 1088 953 1137 divina
992 1084 1164 1150 gratia
1219 1081 1477 1133 nudatum
1527 1077 1777 1130 inimicus
1829 1069 2129 1130 olli-tulerit,

567 1176 741 1241 ipsum
780 1173 1000 1230 invadit,
1031 1170 1187 1233 eique
1215 1168 1464 1232 deinceps
1499 1161 1822 1214 dominatur.
1857 1156 2004 1220 Quod
2042 1167 2134 1205 eo-

563 1267 683 1317 dem
709 1264 870 1316 etiam
905 1260 1061 1314 modo
1082 1260 1312 1312 Joannes
1338 1256 1769 1323 Chrysnstmnns,
1792 1246 1841 1296 in
1865 1257 2134 1296 commen-

567 1356 716 1408 tariis
747 1353 799 1405 in
831 1351 1120 1416 Epistotant
1146 1348 1211 1398 ad
1235 1344 1594 1405 Timotheum,
1625 1340 2005 1404 interpretatus
2029 1343 2132 1390 est.

648 1441 881 1496 ARIST.
908 1439 1289 1498 MaSCnIorum,
1322 1434 1740 1497 animaliumque
1769 1436 2133 1495 corruptores,

566 1545 621 1588 et
654 1535 890 1587 mter-Iros
917 1543 1031 1601 post
1063 1543 1233 1581 annos
1266 1523 1571 1595 quindecim
1597 1540 1611 1588 ;
1648 1520 1948 1582 homicida,
1975 1531 2135 1570 vene-

569 1627 679 1688 lici,
735 1640 796 1676 ac
844 1623 1137 1676 idololatrae
1184 1628 1302 1685 post
1380 1616 1587 1684 viginti,
1654 1614 1806 1681 juxta
1859 1610 2135 1676 antiquam

568 1715 796 1769 formam
831 1713 1212 1779 suscipieutnr.
1245 1705 1590 1774 Perspicuus.

1134 1771 1534 1856 canon'vnt.
2167 1771 2210 1826 Β

641 1894 742 1960 Qui
828 1895 897 1946 ob
974 1893 1306 1944 iracundiam
1382 1886 1557 1940 securi
1642 1881 1902 1934 adversus
1985 1879 2140 1931 uxo-

578 2003 690 2042 rem
725 1999 877 2041 suam
904 1998 1036 2036 usus
1069 1988 1171 2044 est,
1209 1987 1292 2032 est
1324 1974 1620 2029 homicida.
1646 1969 1815 2022 Recte
1843 1977 2022 2020 autem
2053 1979 2140 2018 me

579 2073 931 2132 admonuisti,
965 2078 1014 2124 et
1050 2069 1125 2121 uti
1177 2075 1326 2118 tuam
1364 2063 1688 2130 sapientiam
1723 2059 1928 2120 decuit,
1967 2062 2026 2106 ut
2065 2052 2140 2104 fu-

579 2167 694 2220 sius
740 2165 804 2216 de
839 2164 922 2214 his
955 2161 1209 2217 dicerem,
1251 2163 1530 2223 propterea
1571 2149 1711 2216 quod
1746 2149 1911 2197 multa
1950 2145 2003 2195 in
2046 2156 2142 2192 ro-

580 2254 834 2313 luntariis
861 2259 914 2304 et
944 2247 1327 2300 involttntariis
1374 2240 1716 2294 discrimina.
1751 2236 1843 2288 Est
1876 2236 2017 2287 enim
2052 2233 2136 2283 in-

2254 2242 2375 2301 πίοις
2429 2241 2519 2289 καὶ
2577 2239 2846 2297 ἀκουσίοις
2906 2233 3177 2302 διατοραί.
3232 2230 3514 2282 ’Λκούσιον
3571 2229 3670 2296 μὲν
3723 2225 3834 2294 γὰρ

579 2342 945 2395 voluntarium
991 2337 1235 2394 omnino,
1277 2341 1330 2384 et
1363 2332 1517 2396 longe
1563 2343 1589 2378 a
1626 2326 1857 2377 consilio
1888 2321 2004 2388 ejus
2046 2319 2136 2386 qui

2254 2336 2355 2381 ἐστι
2385 2329 2655 2390 παντελῶς
2685 2329 2778 2378 καὶ
2815 2327 3000 2395 πόρρω
3030 2325 3121 2374 τοῦ
3158 2321 3524 2390 κατάρξαντος
3550 2319 3633 2379 τὸ,
3666 2317 3833 2368 ἀκον-

579 2431 804 2497 incepit,
834 2436 1123 2487 remotum,
1164 2423 1289 2476 dum
1333 2418 1691 2487 lapisjacitur
1723 2416 1773 2466 in
1819 2428 2005 2465 canem
2051 2420 2142 2460 aut

2254 2420 2465 2470 ιίσαντα
2655 2416 2799 2468 λίΘον
2850 2415 2939 2466 ἐπὶ
2982 2413 3117 2465 κύνα
3169 2413 3200 2479 ἢ
3251 2412 3488 2479 δένδρον,
3533 2407 3832 2476 ἀνθρώπου

581 2522 853 2579 arborem,
882 2518 1147 2570 hominem
1197 2513 1479 2579 attingere.
1513 2507 1851 2575 Propositum
1878 2504 2018 2556 enim
2047 2501 2145 2552 fuit

2254 2510 2441 2575 τυχεῖν.
2474 2506 2534 2556 'Il
2580 2504 2676 2571 μὲν
2724 2503 2828 2570 γάρ
2872 2504 3014 2568 ὁρμὴ
3056 2496 3122 2567 ἦν
3166 2501 3226 2549 τὸ
3267 2499 3450 2566 Θηρίον
3495 2495 3836 2563 ἀμύνασθαι,

580 2611 810 2664 bestiam
881 2607 1198 2675 propulsare
1241 2610 1335 2654 aut
1391 2602 1626 2652 fructum
1686 2605 1944 2649 excutere
1989 2611 2000 2644 :
2052 2592 2142 2643 sed

2254 2595 2277 2662 ἦ
2318 2595 2406 2644 τὸν
2447 2593 2652 2661 καρπὸν
2690 2591 3025 2640 κατασεῐσαιο
3074 2587 3247 2654 ὑπέϐη
3289 2586 3343 2636 δὲ
3391 2584 3720 2652 αὐτομάτως
3767 2583 3835 2650 τῇ

583 2703 749 2755 ictum
780 2701 1000 2752 fortuito
1041 2698 1204 2751 subiit
1237 2698 1326 2761 qui
1376 2692 1650 2743 transiens
1685 2687 1947 2746 occurrit,
1979 2696 2148 2750 quare

586 2792 690 2844 hoc
729 2787 1151 2841 involttntarium
1191 2795 1294 2836 est.
1337 2780 1398 2831 Et
1432 2778 1562 2830 illud
1600 2789 1811 2841 quoque
1845 2772 2149 2824 involun'a-

586 2879 726 2930 riunt
779 2883 881 2939 est,
933 2874 977 2927 si
1028 2854 1161 2941 quis
1187 2874 1372 2923 volens
1417 2869 1652 2932 aliquem
1690 2862 1979 2927 castigare,
2034 2859 2148 2908 loro

587 2969 670 3017 vel
699 2967 849 3034 virga
880 2980 985 3016 non
1013 2964 1149 3015 dura
1187 2975 1308 3012 eum
1348 2957 1630 3025 percutiat,
1675 2953 1938 3011 moriatur
1971 2958 2146 2998 antem

585 3059 677 3126 qui
707 3069 1001 3124 percussus
1031 3062 1133 3106 est.
1168 3050 1513 3118 Propositum
1548 3044 1690 3097 eniut
1730 3043 1814 3093 hic
1837 3039 2149 3092 considera-

585 3153 698 3208 tur,
931 3143 1055 3209 quia
1110 3147 1418 3207 peccantem
1467 3133 1739 3195 corrigere
1785 3129 1988 3188 voluit,
2039 3139 2146 3175 non

587 3234 921 3287 interimere.
959 3229 1294 3282 Recensetur
1325 3235 1377 3279 et
1410 3224 1536 3275 illttd
1584 3222 1724 3281 inter
1760 3216 2146 3276 involuntaria,

589 3337 713 3374 cum
748 3322 870 3388 quis
914 3321 965 3371 in
999 3332 1172 3385 pugna
1207 3318 1439 3382 aliquem
1474 3315 1618 3380 ligno
1653 3311 1734 3362 vel
1771 3324 1931 3361 manu
1979 3308 2152 3375 repel-

590 3412 730 3473 lens,
763 3427 868 3463 non
899 3424 1058 3476 parce
1088 3407 1139 3458 in
1167 3407 1462 3472 praecipuas
1495 3410 1675 3469 partes
1714 3405 1879 3451 ictum
1913 3403 2147 3464 torquet,

591 3509 652 3554 ut
677 3516 798 3554 eum
839 3499 1014 3557 laniat,
1059 3511 1163 3547 non
1195 3506 1252 3546 nt.
1296 3493 1516 3546 omnino
1561 3489 1866 3542 interficiat.
1909 3485 2014 3539 Sed
2051 3488 2151 3538 hoc

593 3590 812 3658 quidem
840 3587 1049 3638 accedit
1079 3584 1141 3634 ad
1169 3583 1554 3633 voluntarium.
1589 3579 1688 3642 Qui
1715 3579 1857 3629 enim
1883 3575 2149 3640 ejusmodi

597 3680 684 3732 ins
713 3683 961 3728 rumento
995 3675 1057 3724 ad
1111 3688 1168 3726 se
1200 3671 1596 3724 defendendum
1645 3685 1777 3720 usus
1808 3676 1911 3728 est,
1945 3667 2025 3718 vel
2060 3665 2151 3731 qui

597 3781 704 3819 non
739 3779 899 3833 parce
947 3762 1108 3813 letum
1157 3759 1366 3822 inﬂixit,
1419 3759 1585 3824 liquet
1624 3772 1746 3808 eum
1794 3754 1913 3806 ideo
1949 3752 2151 3804 homini

597 3872 705 3909 non
736 3853 1067 3921 pepercisse,
1101 3852 1242 3917 quod
1285 3850 1362 3901 ira
1405 3849 1578 3899 victus
1616 3847 1797 3897 fuerit.
1845 3842 1932 3895 Sic
1978 3850 2029 3893 et
2063 3842 2153 3909 qui

599 3945 745 4012 gravi
785 3945 948 4011 ligno,
994 3948 1046 3994 et
1078 3939 1166 4006 qui
1203 3938 1377 4004 lapide
1422 3937 1658 3997 majore,
1691 3946 1849 3998 quam
1888 3945 1983 3996 pro
2025 3929 2154 3978 viri-

599 4035 702 4090 Lus
723 4034 996 4092 humanis,
1025 4046 1154 4083 usus
1190 4037 1292 4088 est,
1319 4029 1370 4079 in
1404 4025 1782 4077 invnluntariis
1815 4027 2152 4079 numeratur,

601 4133 664 4179 ut.
710 4125 798 4192 qui
843 4122 987 4173 aliud
1027 4120 1279 4182 voluerit,
1330 4115 1475 4168 aliud
1505 4114 1712 4167 fecerit.
1747 4110 1878 4162 Nam
1925 4125 2032 4177 pra:
2078 4109 2158 4159 ira

603 4215 770 4266 ictum
811 4213 969 4262 talem
1006 4210 1205 4271 intulit,
1242 4216 1297 4259 ut
1326 4209 1489 4259 etiam
1528 4217 1848 4271 percussum
1886 4199 2158 4251 interﬁce-

603 4313 717 4368 ret;
758 4314 1083 4369 quamquam
1121 4297 1256 4349 forte
1285 4297 1339 4347 in
1371 4297 1549 4346 animo
1595 4292 1824 4344 habebat
1863 4306 1984 4342 eum
2031 4303 2159 4340 con-

605 4403 799 4452 terere,
847 4386 1170 4442 tton‘attteut
1202 4384 1422 4438 omnino
1470 4384 1800 4434 interimere.
1836 4381 1936 4443 Qui
1979 4386 2157 4429 autem

604 4498 732 4537 ense
770 4482 851 4533 vel
890 4479 1081 4550 quavis
1129 4491 1186 4528 re
1227 4473 1390 4526 simili
1442 4487 1574 4524 usus
1609 4479 1711 4526 est,
1759 4471 1956 4520 nullam
2002 4467 2159 4518 habet

604 4573 1049 4626 excusationem:
1083 4574 1134 4619 et
1183 4565 1436 4620 maxime,
1484 4562 1573 4628 qui
1616 4559 1849 4612 securim
1889 4552 2160 4623 jacnlatus

605 4670 710 4717 est.
748 4659 1089 4711 Manifestum
1133 4661 1214 4708 est
1248 4653 1390 4706 enim
1423 4652 1571 4701 illum
1607 4664 1766 4700 manu
1806 4662 1912 4697 non
1944 4659 2163 4711 percus-

2233 885 2392 952 χάριν
2427 883 2541 951 ἔχει
2575 882 2705 949 παρ’
2731 879 2942 947 ἑαυτῷ,
2977 878 3090 930 ἀλλ’
3127 873 3545 944 ἀπν-γυμνοῦται
3585 875 3827 939 ταύτης*

2236 969 2605 1031 ὲκπεπτωκὼς
2655 970 3011 1035 παραδίδοται
3054 968 3132 1035 τῷ
3177 967 3390 1034 Σατανᾷ
3455 964 3672 1030 Γυμνον
3721 963 3830 1031 γὰρ

2235 1063 2332 1129 τῆς
2365 1061 2514 1120 θείας
2541 1062 2768 1129 χάριτος
2804 1058 2964 1110 αὑτὸν
3011 1056 3187 1125 εὑρὼν
3219 1057 3246 1107 0
3279 1053 3494 1124 ἐχθρὸς,
3531 1054 3834 1120 παραλαμ-

2236 1150 2388 1203 ϐάνει
2443 1151 2624 1212 αὑτὸν,
2682 1149 2777 1201 καὶ
2832 1147 3078 1216 κυριεύει
3138 1146 3325 1198 λοιπὸν
3385 1143 3576 1196 αὐτοῦ.
3644 1145 3756 1194 Καὶ
3808 1144 3834 1194 ὁ

2236 1241 2474 1310 χρυσοῦς
2508 1241 2562 1293 δὲ
2593 1239 2688 1308 τὴν
2734 1239 2979 1306 γλῶτταν
3018 1237 3288 1304 Ἰωάννης,
3331 1234 3706 1301 ἐξίγούμενος
3740 1233 3836 1300 τὴν

2238 1335 2372 1403 πρὸς
2417 1332 2680 1400 Τιμόθεον
2720 1329 3058 1400 Ἐπιστολὴν,
3091 1328 3262 1388 οὓτως
3296 1327 3616 1395 ἡρμήνευσε
3647 1323 3834 1375 τοῦτο.

2236 1424 2458 1478 ΛΙῚΣΤ.
2511 1423 2993 1494 ’Δρρενοφθόρους,
3027 1421 3119 1472 καὶ
3153 1419 3520 1486 ζωοφθὸρους,
3576 1418 3672 1467 καὶ
3710 1431 3837 1482 μοι-

2238 1518 2365 1587 χοὺς
2391 1557 2406 1581 ,
2453 1513 2966 1567 πεντεκαιδεκαετίλ
2997 1527 3013 1543 ο
3073 1511 3169 1562 καὶ
3206 1511 3360 1577 φονεῖ
3395 1547 3409 1570 ,
3453 1509 3550 1558 καὶ
3605 1522 3839 1573 φαρμα-

2240 1610 2368 1668 κοὺς
2398 1645 2412 1668 ,
2471 1606 2564 1656 καὶ
2616 1603 3047 1670 εἰδωλολάτραις,
3127 1598 3481 1661 εΙκοσαετία,
3538 1598 3688 1648 κατὰ
3738 1595 3835 1644 τὸν

2240 1697 2410 1751 πάλαι
2440 1695 2630 1758 τύπον,
2655 1678 2969 1756 είσδέξεται.
3000 1689 3223 1757 Σαφής.

2853 1780 3091 1834 ΚΑΝΩΝ
3120 1777 3202 1832 H'.

2329 1875 2386 1927 Ὀ
2440 1875 2600 1946 ἀξίνῃ
2658 1872 2811 1941 παρά
2872 1876 2964 1921 τὸν
3025 1868 3198 1937 θυμὸν
3259 1864 3400 1919 κατὰ
3463 1866 3562 1934 τῆς
3633 1862 3841 1919 ἑαυτοῦ

2236 1968 2480 2036 γαμετῆς
2533 1966 2874 2035 χρησάμενος
2930 1960 3123 2030 φονεύς
3183 1962 3319 2010 ἔστι.
3383 1958 3580 2018 Καλῶς
3634 1957 3692 2008 δέ
3762 1971 3832 2024 με

2239 2059 2553 2127 ὑπέμνησας
2593 2059 2686 2108 καὶ
2729 2056 2892 2118 ἀξίως
2937 2055 3036 2119 τῆς
3080 2050 3304 2104 σεαυτοῦ
3345 2049 3615 2107 συνέσεως
3653 2047 3834 2098 εἰπεῖν

2241 2151 2365 2217 περὶ
2399 2149 2601 2199 τούτων
2637 2148 2983 2215 πλατύτερον·
3027 2144 3157 2195 διότι
3205 2141 3394 2192 πολλαὶ
3439 2142 3494 2189 ὲν
3528 2140 3642 2197 τοῖς
3673 2137 3835 2186 ἑκου-

2248 2685 2425 2752 πληγῇ
2458 2684 2594 2734 κατά
2627 2682 2856 2748 πάροδον
2889 2681 2914 2731 0
2941 2678 3293 2748 παραπεσὼν
3325 2677 3462 2729 ὥστε
3494 2677 3554 2727 τὸ
3591 2675 3839 2727 τοιοῦτον

2249 2775 2517 2827 ἀκούσιον.
2578 2773 2851 2824 Ἀκούσιον
2903 2773 3082 2840 μέντοι
3139 2772 3231 2822 καὶ
3278 2771 3331 2821 ετ
3373 2785 3457 2829 τις
3509 2767 3840 2836 βουλόμενος

2248 2865 2567 2932 ἐπιστρέψαι
2590 2865 2731 2924 τινὰ,
2771 2865 2949 2933 ἱμάντι
2980 2863 3011 2932 ἦ
3049 2864 3227 2933 ῥάϐδῳ
3261 2861 3333 2930 μὴ
3365 2861 3573 2926 σκληρὶ
3605 2859 3836 2913 τύπτοι,

2250 2955 2493 3022 ἀποθάνῃ
2525 2955 2580 3005 δὲ
2609 2956 2635 3004 0
2668 2955 3019 3021 τυπτόμενος.
3057 2955 3118 3005 Ἠ
3159 2953 3266 3022 γὰρ
3308 2951 3566 3020 πρόθεσις
3599 2948 3842 3001 ἐνταῦθα

2253 3047 2548 3096 σκοπεῖται.
2583 3046 2661 3095 ὄτι
2694 3044 2976 3112 βελτιῶσαι
3011 3043 3269 3111 ἠϐούλετο
3295 3043 3385 3093 τὸν
3423 3040 3841 3110 ἁμαρτάνοντα,

2250 3135 2348 3185 οὑκ
2382 3135 2607 3185 ἀνελεῖν.
2642 3135 2726 3184 Ἑν
2756 3139 2863 3196 τοῖς
2892 3133 3163 3194 ἀκουσίως
3190 3133 3306 3183 ἐστὶ
3339 3134 3558 3183 κάκεῖνο
3610 3163 3628 3187 .
3758 3128 3840 3188 τε,

2250 3224 2583 3292 ἀμυνόμενόν
2606 3242 2724 3275 τινα
2762 3225 2817 3275 ὲν
2857 3224 3000 3293 μάχῃ
3038 3223 3233 3292 ξύλῳῆ
3270 3223 3442 3292 χειρὶ,
3477 3221 3718 3287 ἀςειδῶς
3751 3217 3846 3272 ὲπλ

2249 3312 2314 3364 τὰ
2342 3313 2528 3380 καίρια
2549 3313 2646 3379 τὴν
2676 3311 2886 3380 πληγὴν
2915 3313 3178 3376 ἐνεγκεῖν,
3211 3309 3349 3361 ὥστε
3374 3309 3624 3361 κακῶσαι
3653 3307 3843 3368 αὐτὸν,

2249 3404 2346 3472 οὐχ
2369 3404 2506 3454 ὥστε
2533 3403 2806 3465 παντελῶς
2839 3402 3065 3455 ἀνελειν.
3093 3401 3252 3451 Ἀλλά
3284 3400 3440 3452 τοῦτο
3467 3399 3566 3469 ἤδη
3606 3414 3849 3468 προσεγ-

2251 3493 2392 3560 γίςει
2432 3493 2508 3562 τῷ
2548 3494 2795 3560 ἑκουσίῳ.
2846 3493 2901 3543 '0
2943 3493 3049 3560 γὰρ
3089 3491 3326 3559 τοσούτῳ
3362 3490 3716 3559 χρησάμενος
3754 3488 3850 3557 ὀρ-

2252 3581 2398 3648 γάνῳ
2429 3581 2561 3650 πρὸς
2590 3581 2818 3648 ἄμυναν,
2847 3579 2879 3648 ἢ
2914 3581 2940 3630 0
2970 3580 3041 3648 μὴ
3077 3578 3455 3645 πεφεισμένως
3487 3576 3585 3643 τὴν
3624 3575 3848 3642 πληγὴν

2255 3671 2566 3736 ἐπαγαγὼν,
2609 3670 2764 3736 δῆλός
2804 3671 2939 3730 ἐστι,
2981 3685 3065 3719 τρια
3097 3667 3157 3718 τὸ
3202 3664 3574 3734 κεκρατῆσθαι
3611 3665 3718 3716 ὑπὸ
3753 3665 3848 3716 τοῦ

2256 3761 2474 3821 πάθους,
2507 3759 2736 3826 ἀφειδῶν
2761 3758 2850 3809 τοῦ
2881 3755 3187 3826 ἀνθρώπου.
3234 3756 3467 3824 Ὁμοίως
3504 3755 3598 3805 καὶ
3633 3756 3660 3805 ό
3697 3753 3850 3822 ξύλῳ

2257 3849 2426 3917 βαρεῖ,
2461 3849 2550 3898 καὶ
2579 3851 2604 3898 ό
2640 3847 2770 3914 λίθῳ
2817 3845 3018 3914 μείζονι
3049 3846 3145 3912 τῆς
3174 3844 3453 3912 δυνάμεως
3486 3844 3584 3912 τῆς
3629 3844 3850 3913 ἀνθρω-

2256 3939 2412 4004 πίνης
2443 3938 2802 4006 χρησάμενος,
2835 3939 2946 3996 τοῖς
2981 3937 3252 3996 ἀκουσίοις
3280 3935 3655 4004 ἐναριθμείται
3678 3975 3690 3993 ,
3717 3934 3852 3986 ἄλλο

2259 4028 2353 4096 μέν
2389 4044 2437 4078 τι
2630 4026 3008 4094 προελόμενος,
3055 4025 3180 4076 ἄλλο
3218 4024 3356 4076 δέτι
3405 4027 3658 4092 ποιήσας.
3709 4023 3854 4076 ’Υπδ

2256 4117 2361 4186 γὰρ
2393 4115 2484 4166 τοῦ
2530 4116 2697 4184 θυμοῦ
2741 4115 2991 4183 τοιαύτην
3037 4117 3235 4183 ἤνεγκε
3282 4115 3381 4181 τὴν
3425 4114 3662 4181 πληγὴν,
3698 4112 3850 4165 ὥστε

2258 4207 2460 4257 ἀνελεῖν
2508 4207 2595 4255 τὸν
2652 4205 2944 4272 πληγέντα·
2989 4205 3164 4253 καίτοι
3226 4205 3256 4271 ὴ
3313 4203 3514 4271 σπουδὴ
3565 4198 3633 4270 ἦν
3692 4203 3853 4272 αύτῷ

2259 4294 2541 4362 συντρίψαι
2561 4294 2739 4361 τυχὸν,
2763 4293 2881 4359 οὐχὶ
2904 4292 2956 4342 δὲ
2988 4292 3079 4343 καὶ
3110 4291 3386 4352 παντελῶς
3415 4291 3758 4342 Θανατίιοαι.
3793 4293 3852 4342 '0

2261 4385 2441 4451 μέντοι
2477 4383 2614 4448 ξίφει
2656 4381 3015 4449 χρησάμενος,
3121 4379 3365 4446 ᾡτινιοῦν
3404 4379 3655 4444 τοιούτῳ.
3700 4380 3854 4430 οὐδε-

2263 4475 2386 4542 μίαν
2431 4473 2540 4541 ἔχει
2597 4474 2920 4541 παραίτησιν
2999 4473 3091 4522 καλ.
3150 4472 3380 4538 μάλιστα
3425 4473 3452 4521 0
3500 4470 3600 4539 τὴν
3646 4470 3851 4541 ἀξίνην

2260 4561 2562 4621 ἀκοντίσας.
2586 4562 2691 4611 Καὶ
2713 4562 2818 4629 γὰρ
2843 4561 2959 4612 οὐδὲ
2988 4560 3092 4610 ἀπὸ
3120 4560 3301 4627 χειρὸς
3327 4560 3574 4626 φαίνεται
3601 4559 3847 4628 πλήξας,

2261 4650 2399 4700 ὥστε
2443 4650 2500 4700 τὸ
2545 4648 2738 4717 μέτρον
2778 4648 2876 4714 τῆς
2916 4648 3130 4716 πληγῆς
3177 4648 3261 4696 ἐπ’
3309 4646 3456 4714 αύτῷ
3502 4641 3674 4708 εἶναι,
3725 4649 3850 4698 ἀλλ’

607 4753 770 4812 sisse,
808 4751 882 4801 ita
914 4755 970 4798 ut
1007 4748 1172 4798 ictum
1215 4743 1278 4794 ad
1323 4742 1604 4793 arbitrium
1641 4737 1906 4789 moderari
1940 4743 2150 4801 posset:

2262 4740 2556 4806 ἠκόντισεν,
2598 4738 2734 4788 ὥστε
2778 4740 2869 4790 καὶ
2915 4739 2991 4806 τῷ
3034 4739 3186 4807 βάρει
3224 4736 3315 4789 τοῦ
3358 4738 3606 4807 σιδήρου,
3646 4739 3748 4790 καὶ
3780 4741 3848 4808 τῇ

609 4840 705 4895 sed
734 4839 1008 4907 iaculatus
1042 4843 1143 4893 est,
1191 4833 1264 4883 ita
1317 4839 1374 4880 ut
1411 4837 1463 4881 et
1499 4828 1757 4894 gravitate
1789 4824 1914 4876 ferri
1950 4831 2003 4874 et
2049 4821 2150 4872 acit

2263 4793 2432 4896 ἀκμῇ,
2487 4829 2577 4878 καὶ
2624 4831 2689 4896 τῇ
2734 4828 2821 4879 διὰ
2867 4793 3117 4878 πλείίστού
3162 4828 3323 4894 φορᾷ,
3371 4793 3619 4893 όλείίρίαν
3668 4793 3850 4892 ἀναγῖ

608 4938 663 4983 et
693 4937 840 4980 motu
865 4943 893 4978 e
921 4924 1230 4991 longinquo,
1251 4922 1390 4973 ictus
1416 4917 1722 4970 necessario
1755 4913 1966 4967 letltalis
1992 4913 2150 4963 lieret.

2266 4919 2430 4978 καίως
2488 4918 2583 4986 τὴν
2648 4917 2856 4985 πληγὴν
2910 4915 3179 4981 γενέσθαι.
3223 4915 3500 4967 Ἔκούσιον
3560 4916 3618 4966 δὲ
3676 4918 3848 4968 πάλιν

615 5019 824 5072 Rursus
865 5023 1040 5066 autem
1079 5011 1300 5064 omnino
1325 5015 1406 5062 est
1441 5004 1825 5061 voluntarium,
1861 5016 1921 5052 ac
1957 5001 2159 5051 nullam

614 5108 822 5160 habens
861 5103 1272 5159 dubitationem,
1304 5096 1447 5164 quod
1485 5095 1540 5146 ﬁt
1587 5109 1615 5145 a
1652 5093 1972 5150 latronibus,
2024 5097 2074 5141 et
2108 5089 2160 5139 in

616 5195 825 5250 bellicis
875 5191 1297 5244 incursionibus.
1354 5187 1416 5238 Hi
1460 5185 1602 5238 enim
1648 5192 1864 5250 prepter
1905 5183 2162 5248 pecunias

625 5295 961 5354 interimunt,
1011 5296 1261 5341 caventes
1311 5300 1378 5338 ne
1419 5284 1809 5336 convincantnr
1840 5301 1851 5335 :
1885 5294 1937 5336 et
1982 5285 2074 5352 qui
2120 5287 2170 5338 in

627 5381 782 5435 bellis
823 5380 885 5432 ad
917 5378 1112 5430 caedem
1142 5375 1408 5431 feruntur,
1451 5370 1535 5422 itis
1577 5384 1675 5422 nec
1702 5376 1924 5430 terrere,
1959 5383 2056 5420 nec
2083 5384 2169 5421 ca-

629 5472 851 5538 stigare,
889 5467 977 5518 sed
1010 5463 1354 5517 adversarios
1386 5458 1692 5511 interﬁcere
1728 5464 1909 5522 aperte
1935 5457 2176 5524 proposi-

630 5568 739 5610 tmn
781 5565 882 5609 est.
910 5557 1081 5620 Atque
1117 5551 1327 5604 etiamsi
1354 5549 1474 5617 quis
1503 5556 1718 5616 propter
1749 5547 1981 5613 aliquam
2012 5547 2173 5598 aliam

631 5662 849 5698 causam
895 5643 1167 5694 curiosum
1207 5640 1552 5707 pharmacum
1590 5635 1890 5700 miscuerit,
1921 5644 1974 5689 et
2009 5637 2177 5689 inter-

2267 5007 2560 5068 παντελῶς,
2595 5009 2685 5058 καὶ
2716 5007 2968 5072 οὐδεμίαν
3010 5006 3333 5074 ἀμφιϐολίαν
3379 5005 3519 5073 ἔχον,
3564 5000 3677 5056 οἷόν
3727 5009 3850 5057 ἐστι

2262 5097 2321 5146 τὸ
2346 5096 2450 5145 τῶν
2481 5095 2686 5164 λῃστῶν
2719 5095 2809 5145 καὶ
2835 5094 2894 5145 τὸ
2932 5093 3037 5144 τῶν
3068 5093 3374 5161 πολεμικῶν
3407 5093 3634 5158 ἐφόδων.
3676 5091 3848 5147 Οὗτοι

2268 5184 2362 5249 μὲν
2402 5183 2506 5251 γὰρ
2541 5182 2624 5232 διὰ
2667 5183 2918 5249 χρήματα
2965 5179 3273 5248 ἀναιροῦσι,
3311 5181 3400 5231 τὸν
3439 5181 3662 5247 ἔλεγχον
3705 5186 3849 5236 ἀπο-

2272 5276 2579 5345 φεύγοντες
2609 5272 2659 5323 οἴ
2690 5289 2745 5322 τε
2776 5271 2832 5320 ὲν
2866 5272 2974 5330 τοῖς
3013 5268 3268 5336 πολέμοις
3301 5268 3390 5318 ἐπὶ
3428 5266 3621 5334 φόνους
3657 5266 3852 5334 ἐρχονο

2273 5383 2380 5424 ται,
2423 5361 2542 5414 οὕτε
2591 5359 2850 5428 φοϐῆσαι,
2900 5356 3024 5409 οὔτε
3073 5355 3421 5425 σωφρονίσαι,
3472 5352 3586 5403 ἀλλ’
3636 5353 3854 5403 ἀνελεῖν

2272 5471 2395 5515 τους
2428 5451 2860 5519 ἐναντιουμένους
3045 5448 3107 5498 ὲκ
3149 5445 3240 5497 τοῦ
3274 5442 3504 5512 φανεροῦ
3547 5433 3852 5512 προαιῇού-

2278 5560 2445 5612 μενοι.
2485 5543 2589 5593 Καὶ
2622 5541 2822 5610 μέντοι,
2853 5539 2954 5590 κᾶν
2983 5537 3048 5589 δι’
3081 5537 3244 5606 ἄλλην
3268 5535 3386 5587 τινὰ
3415 5536 3592 5586 αἰτίαν
3621 5535 3852 5603 περίερ-

2273 5649 2366 5697 γον
2423 5631 2707 5700 φάρμακόν
2763 5647 2844 5690 τις
2889 5629 3183 5699 ἐγκεράσῃ,
3249 5628 3407 5698 ἀνέλῃ
3459 5626 3536 5689 δὲ,
3601 5628 3852 5680 ἑκούσιον
