4018 6458
268 355 368 420 613

1198 366 1278 426 1N
1322 367 1558 425 EPiST.
1594 365 1652 428 S.
1695 365 1979 424 BASlLll
2019 363 2461 424 CANONICAM
2492 364 2542 427 Ι.

3377 361 3481 430 6M

263 480 520 552 τιθέμεθα
552 480 612 534 τδ
642 483 897 538 τοιοῦτον·
927 491 1036 539 οἱον
1067 489 1308 542 ποιοῦσιν
1335 494 1389 544 αί
1407 487 1665 559 ’γυναῖκες
1696 494 1815 545 πολ-

1927 482 2131 545 l'ecerit,
2174 482 2226 537 id
2272 496 2373 552 pro
2419 483 2732 538 voluntario
2775 484 3066 555 ducimus;
3097 494 3156 542 ut
3209 503 3353 560 saepe
3403 493 3484 549 fa-

261 573 432 636 λάκις,
460 575 739 638 ἐπαοιδαῖς
768 593 879 628 τισι
910 580 1003 630 καὶ
1042 580 1398 650 καταδέσμοις
1440 581 1574 653 πρὸς
1612 584 1672 635 τὸ
1705 584 1826 635 ἑαυ-

259 663 363 714 τῶν
397 663 619 733 φίλτρον
648 666 946 734 ἐπάγεσθαί
974 683 1123 730 τινας
1151 669 1502 739 πειρώμεναι,
1529 672 1621 724 καὶ
1654 687 1822 741 προσ-

259 753 490 805 διδοῦσαι
515 757 696 818 αὐτοῖς
744 757 1023 828 φάρμακα,
1063 759 1320 818 σκότωσιν
1349 759 1672 830 ἐμποιοῦντα
1706 764 1823 823 ταῖς

257 845 534 908 διανοίαις.
576 849 640 899 Ai
676 848 919 901 τοιαῦται
957 850 1132 902 τοίνυν
1167 848 1474 911 ἀνελοῦσαι,
1506 851 1552 902 εί
1581 852 1673 902 καὶ
1699 851 1822 904 ἄλλο

261 933 644 1004 προελόμεναι,
679 935 806 989 ἄλλο
834 939 1109 1006 ἐποίησαν,
1151 939 1297 1007 ὅμως
1335 939 1419 990 διὰ
1451 940 1509 991 τὸ
1539 941 1820 1011 περίεργον

257 1024 348 1074 καὶ
371 1025 816 1093 ἀπηγορευμένον
837 1028 935 1095 τῆς
957 1027 1344 1096 ἐπιτηδεύσεως
1367 1030 1421 1079 ἑν
1442 1030 1546 1089 τοῖς
1565 1029 1820 1091 ἑκουσίως

258 1113 535 1180 φονεύουσι
577 1115 1037 1182 καταλογίζονται.
1079 1117 1188 1169 Καὶ
1219 1119 1272 1168 αἱ
1311 1117 1486 1169 τοίνυν
1510 1114 1576 1168 τὶ
1606 1117 1820 1186 ἀμϐλω-

254 1203 432 1273 Ορίδια
464 1205 700 1257 διδοῦσαι
735 1209 996 1274 φάρμακα
1029 1207 1334 1277 φονεύτριαί
1377 1188 1479 1259 είσι
1518 1208 1608 1258 καὶ
1636 1207 1815 1270 αὑταὶ,

254 1296 346 1344 καὶ
377 1296 432 1345 αί
462 1294 746 1362 δεχόμεναι
780 1299 844 1347 τὰ
880 1295 1243 1365 ἐμϐρυοκτόνα
1281 1288 1595 1366 δηλητήρια.
1636 1296 1816 1348 Ταῦτα

254 1383 354 1452 μὲν
379 1383 458 1444 είς
492 1383 764 1436 τοσοῦτον.

314 1479 512 1532 ΒΔΛΣ.
574 1477 900 1544 Ἐρωτηθεὶς
951 1477 979 1527 ὁ
1040 1475 1191 1542 ἅγιος
1243 1475 1338 1526 ἐάν
1389 1475 1505 1526 ἐστι
1555 1477 1750 1542 φονεὺς
1787 1475 1814 1526 ὁ

243 1571 437 1640 ὀξίνην
474 1568 747 1639 ἀκονήσις
800 1569 941 1620 κατά
995 1568 1095 1634 τῆς
1143 1569 1353 1629 οἰκείας
1405 1567 1675 1636 γαμετῆς,
1723 1567 1818 1618 καὶ

243 1663 454 1732 πλήξας
508 1660 737 1728 ταύτην,
797 1660 1118 1728 ἀπεφήνατο
1177 1659 1424 1711 ἑκούσιον
1473 1655 1611 1710 εἶναι
1654 1658 1818 1726 φονέα

241 1756 430 1807 αὐτόν.
497 1748 631 1804 Εἶτα
677 1753 916 1802 ποιεῖται
963 1751 1232 1817 διαίρεσιν
1261 1751 1366 1802 τῶν
1414 1749 1680 1801 ἑκουσίων
1723 1747 1820 1800 καὶ

1922 572 2075 625 ciunt
2131 573 2422 638 mulieres,
2477 589 2599 643 qua:
2646 574 2971 644 quibusdam
3019 579 3480 640 incantationibus

1926 671 1980 714 et
2018 660 2270 714 amuletis
2310 662 2376 715 ad
2428 662 2509 716 sui
2543 676 2783 716 amorem
2828 663 3041 732 aliquos
3075 666 3350 722 attrahere
3389 685 3481 723 co-

1923 759 2143 812 nantur,
2184 752 2425 818 dantque
2470 752 2550 806 eis
2591 753 2878 821 pharmace
2920 757 3190 812 mentibus
3226 759 3480 814 tenebras

1920 843 2271 896 oll‘uudentia.
2307 842 2396 897 lla:
2423 858 2571 912 ergo,
2604 845 2648 898 si
2679 845 3068 907 interfecerint,
3092 849 3304 902 etiamsi
3329 849 3476 903 aliud

1919 933 2182 993 volentes,
2231 933 2377 986 aliud
2421 932 2673 995 fecerint,
2723 941 2902 987 tamen
2932 944 3150 1003 propter
3195 943 3469 992 curiosum

1917 1032 1969 1076 et
2021 1023 2350 1090 prohibittnn
2398 1038 2544 1092 opus-
2591 1020 2731 1080 inter
2782 1024 3118 1078 voluntarios
3172 1026 3469 1083 homicifas

1919 1119 2262 1178 rcputantur.
2289 1112 2473 1180 itaque
2501 1121 2552 1164 et
2579 1127 2696 1180 quae
2723 1112 2962 1180 praebent
2993 1113 3280 1180 pbarmaca
3311 1119 3472 1170 abor-

1921 1208 2033 1253 tum
2068 1203 2288 1263 cientia,
2337 1213 2461 1256 sunt
2493 1211 2547 1257 et
2589 1203 2718 1270 ipsa?
2748 1202 3052 1266 homicidae,
3096 1205 3238 1258 sicut
3279 1213 3471 1274 etquae

1920 1307 2124 1344 venena
2156 1290 2320 1344 fetum
2355 1293 2604 1346 necantia
2635 1292 2928 1361 accipiunt.
2958 1291 3080 1346 utre
3109 1295 3323 1362 quidem
3368 1297 3472 1350 huc

1912 1396 2008 1448 usq
2019 1395 2101 1433 ue.

1988 1474 2180 1530 BALS.
2245 1477 2610 1548 Interrogatus
2663 1497 2903 1549 sanctus,
2953 1504 3018 1540 au
3070 1490 3139 1541 sit
3195 1489 3484 1551 homicida.

1916 1565 2006 1633 qui
2044 1569 2276 1620 securim
2330 1567 2601 1634 jaculatus
2636 1575 2688 1626 in
2750 1577 3018 1643 prOpriam
3070 1593 3316 1639 uxorem,
3365 1596 3484 1634 eam

1919 1653 2210 1720 percussit,
2249 1658 2613 1723 pronuntiavit
2664 1676 2782 1713 cum
2835 1678 2954 1716 esse
2981 1665 3340 1718 voluntarium
3393 1669 3488 1722 Izo-

1922 1741 2197 1798 niicidam.
2244 1745 2444 1801 Dein‘de
2495 1747 2620 1802 facit
2656 1749 3009 1806 differentiam
3060 1756 3484 1810 voluntariarmn

241 1843 519 1896 ἀκουσῗων
554 1843 731 1910 φόνων
756 1856 770 1871 ο
807 1842 900 1894 καὶ
941 1841 1031 1893 τὸν
1065 1843 1163 1910 μὲν
1200 1843 1290 1893 ἐπὶ
1324 1841 1513 1911 θηρίον
1541 1841 1573 1910 ἢ
1603 1839 1815 1908 δένδρον

1922 1842 1976 1884 et
2009 1832 2490 1890 involuntariarum
2522 1840 2747 1894 cmdium
2775 1857 2788 1894 :
2814 1851 2867 1896 et
2899 1859 3017 1897 cum
3053 1846 3142 1912 qui
3177 1845 3406 1915 lapidem
3433 1848 3484 1901 in

244 1937 486 2006 ῥίψαντα
520 1933 688 1997 λίθον,
735 1934 1018 2004 πλήξαντα
1045 1934 1098 1985 δέ
1139 1933 1302 2002 τυχὸν
1335 1932 1620 2003 ἄνθρωπον
1653 1947 1818 1996 παρι-

241 2029 374 2079 όντα
406 2026 549 2088 ἐκεῖ,
602 2025 695 2076 καὶ
745 2025 835 2076 τὸν
893 2024 1052 2094 λὼρῳ
1116 2024 1147 2094 ἢ
1203 2023 1417 2093 ἐλαφρᾷ
1469 2019 1649 2091 ῥάϐδῳ
1683 2021 1818 2091 πλή-

242 2114 416 2178 ξαντά
447 2131 572 2166 τινα
600 2113 688 2165 διά
731 2113 1032 2176 παίδευσιν,
1079 2113 1172 2165 ἐὰν
1214 2112 1242 2163 δ
1287 2111 1516 2179 πληγεὶς
1543 2109 1813 2177 ἀποθάνῃ,

240 2205 509 2259 ἀκούσιον
558 2205 724 2273 φονέα
773 2203 968 2256 καλεῖ·
1018 2203 1107 2255 τὸν
1142 2201 1198 2254 δὲ
1227 2203 1284 2253 ἐν
1337 2199 1640 2270 φιλονεικία
1681 2198 1818 2268 πλή-

241 2299 415 2363 ξαντά
452 2313 598 2362 τινα,
629 2295 766 2364 μετά
794 2293 1056 2363 στιϐαρᾶς
1085 2294 1280 2365 ῥάϐδου
1314 2294 1346 2362 ἢ
1380 2295 1445 2363 τῇ
1484 2293 1631 2362 χειρὶ
1659 2293 1816 2358 ἀφει-

242 2389 350 2451 δῶς
383 2388 527 2440 κατὰ
559 2389 750 2439 τούτου
779 2385 1149 2455 χρησάμενον,
1178 2384 1279 2436 κᾶν
1309 2383 1383 2452 μὴ
1416 2382 1625 2436 ἀνελεῖν
1656 2381 1814 2450 ἦθελε

241 2480 335 2532 τὸν
367 2478 667 2547 πληγέντα,
707 2476 842 2529 ἀλλά
886 2475 1135 2529 κακῶσαι
1168 2476 1261 2528 xal
1296 2473 1631 2544 ἀμύνασθαι,
1663 2473 1815 2542 ἐγγί-

244 2569 360 2632 ζειν
389 2567 467 2636 τῷ
521 2567 783 2628 ἑκουσίως
837 2565 1113 2634 φονεύοντι
1168 2563 1337 2630 λέγει,
1391 2562 1484 2615 τοῦ
1514 2563 1817 2631 πληγέντος

243 2658 637 2718 ἀποθανόντος.
683 2657 789 2708 Kal
827 2657 919 2708 τὸν
951 2655 1092 2725 ξύλῳ
1132 2655 1187 2706 δέ
1225 2653 1382 2722 βλρεί
1420 2655 1512 2705 καὶ
1551 2653 1684 2723 λίθῳ
1721 2669 1818 2722 με-

243 2749 400 2818 γάλῳ
449 2747 798 2818 χρησάμενον
852 2747 994 2800 κατά
1043 2763 1209 2811 τινος,
1258 2749 1352 2798 καὶ
1396 2746 1690 2810 ἀνελόντα,
1741 2746 1816 2814 μὴ

243 2844 442 2910 ἔχοντα
463 2840 522 2892 δέ
562 2837 821 2908 πρόθεσιν
852 2838 1034 2905 φόνου,
1069 2839 1323 2891 ἀκούσιον
1352 2837 1518 2905 φονέα
1548 2837 1812 2907 ὁρίζεται.

241 2935 349 2985 Τον
380 2933 438 2986 δέ
467 2933 610 3000 ξίφει
635 2931 982 3000 χρησάμενον
1016 2931 1308 3000 οίῳδήτινι,
1338 2926 1480 2982 κατᾶ
1507 2931 1631 2993 τοὺς
1660 2930 1818 2982 πολε-

247 3026 411 3092 μὲους
447 3023 543 3074 καὶ
570 3023 696 3084 τοὺς
727 3021 949 3090 λῃστὰς,
997 3019 1244 3072 ἑκούσιον
1290 3021 1554 3089 φονευτὴν
1584 3021 1817 3089 ἀποφαί-

245 3131 398 3166 νεται
430 3131 440 3144 υ
481 3111 672 3181 ὥσπερ
697 3111 790 3164 καὶ
815 3111 941 3172 τοὺς
971 3111 1234 3180 φάρμακα
1261 3113 1529 3180 περίεργα
1556 3111 1812 3172 διδόντας.

243 3208 340 3260 καὶ
363 3202 740 3273 ἀμϐλωθρίδια
772 3199 1078 3262 ποιοῦντας.
1106 3201 1213 3254 Kal
1242 3204 1268 3251 ὁ
1297 3202 1394 3269 μὲν
1417 3203 1594 3253 κανὼν
1615 3203 1806 3256 ταῦτα.
1838 3187 1880 3244 C

246 3299 321 3350 Σὺ
397 3295 452 3347 δέ
496 3293 770 3362 ἀνάγνωθι
810 3293 870 3344 τὸ
920 3289 1010 3355 κς⁹
1059 3290 1352 3360 κεφάλαιον
1395 3291 1488 3343 τοῦ
1545 3290 1589 3342 θ’
1634 3292 1812 3344 τίτλου

243 3387 341 3440 τοῦ
395 3384 657 3452 παρόντος
688 3381 1083 3450 συντάγματος,
1119 3383 1212 3432 καὶ
1245 3382 1311 3434 τὰ
1347 3382 1402 3435 ἑν
1443 3383 1633 3449 ἐκείνῳ
1674 3399 1814 3452 γρα-

245 3479 416 3545 φέντα
443 3477 604 3546 χάριν
633 3473 740 3524 τῶν
773 3471 1065 3541 φονευτῶν.
1115 3471 1387 3534 Ὡσαύτως
1415 3473 1688 3540 ἀνάγνωθι
1721 3473 1813 3526 καὶ

242 3570 336 3620 τὸν
395 3567 647 3635 δεύτερον
695 3556 893 3616 καῦόνα
934 3562 1028 3613 τοῦ
1077 3562 1232 3629 ἁγίου
1278 3566 1485 3614 τούτου.
1552 3564 1702 3616 Ἐπεὶ
1757 3564 1814 3616 δὲ

243 3658 378 3726 περὶ
403 3654 677 3726 φονευτῶν
705 3653 794 3705 καὶ
818 3652 1123 3721 φαρμακῶν
1151 3654 1249 3705 οὐκ
1280 3652 1432 3719 ὀλίγα
1455 3653 1811 3721 διαλαμϐάνει

243 3752 273 3802 δ
309 3748 388 3799 λθ⁸
427 3745 604 3806 τίτλος
661 3744 755 3795 τοῦ
810 3738 849 3804 ξ’
891 3740 1115 3810 βιϐὶηίόδ,
1154 3741 1423 3809 ἀνάγνωθι
1464 3742 1560 3793 καὶ
1600 3740 1806 3794 τοῦτον.

243 3837 351 3889 Τοῦ
403 3835 470 3887 ’δὲ
524 3827 774 3899 δευτέρου
833 3829 1069 3898 θέματος
1120 3828 1212 3881 τοῦ
1267 3829 1432 3881 αὑτοῦ
1488 3829 1663 3882 τίτλου
1722 3831 1813 3881 καὶ

242 3929 452 4000 βιϐλίου
504 3923 960 3992 διαλαμϐάνοντος
1010 3920 1179 3974 ταῦτα
1233 3922 1410 3990 ῥητῶς
1439 3937 1454 3950 ⁶
1501 3922 1557 3973 '0
1613 3915 1822 3973 σκοπὸν

240 4019 496 4088 ἐσχηκὼς
523 4013 615 4068 τοῦ
652 4011 928 4079 φονεῦσαι,
965 4012 1065 4064 κᾶν
1096 4012 1168 4081 μὴ
1192 4011 1446 4080 φονεύσῃ.
1482 4012 1616 4063 ἀλλὰ
1647 4028 1814 4081 τραυ-

246 4109 476 4177 ματξσῃ,
519 4105 714 4172 φονεύς
748 4105 862 4152 ἐστι
891 4118 905 4133 ο
941 4102 1088 4152 καὶ-δ
1137 4102 1211 4170 μὴ
1251 4100 1483 4168 θελήσας
1535 4100 1807 4167 φονεῦσαι,

243 4203 339 4250 ἐὰν
364 4193 624 4266 φονεύσῃ,
651 4194 752 4245 οὐκ
785 4190 898 4243 ἐστι
935 4190 1126 4258 φονεύς
1155 4207 1171 4221 ο
1216 4192 1248 4260 ἡ
1276 4191 1330 4243 δέ
1356 4191 1594 4253 διάθεσις
1630 4193 1692 4243 ἐκ
1717 4192 1809 4243 τοῦ

242 4290 551 4358 πλήξαντος
589 4285 822 4352 ὀργάνου
870 4283 1151 4351 ἐλέγχεται
1178 4296 1193 4311 ⁸
1225 4281 1369 4332 εἴποι
1413 4296 1497 4341 τις
1545 4281 1812 4332 ἐναντιοῦ-

243 4381 370 4431 σθαι
431 4376 510 4446 τῷ
562 4375 789 4444 τοιούτῳ
845 4373 1121 4441 κεφαλαίῳ
1164 4372 1255 4424 τὸν
1288 4373 1530 4440 παρόντα
1585 4371 1808 4434 κανόνα,

239 4470 616 4541 διοριζόμενον
652 4466 907 4518 ἀκουσίου
950 4464 1110 4530 φόνου
1145 4463 1450 4531 ἐγκλήματι
1492 4462 1810 4514 ὑποκεῖσθαι

239 4561 334 4614 τὸν
376 4557 737 4611 ἀκοντίσαντα
776 4555 920 4607 λίθον
954 4555 1047 4606 ἐπὶ
1073 4553 1208 4605 κύνα
1249 4554 1280 4621 ἢ
1316 4553 1550 4620 δένδρον,
1593 4555 1685 4604 καὶ
1719 4563 1814 4604 τυ-

239 4649 415 4719 χαίως
464 4647 719 4700 ἀνελόντα
749 4645 1052 4715 ἄνθρωπον.
1089 4644 1271 4712 Φαμὲν
1300 4639 1392 4696 οὖν
1431 4643 1503 4705 ὡς
1553 4646 1580 4696 ὁ
1629 4643 1812 4713 ῥηθεὶς

238 4740 425 4809 νόμος,
459 4738 589 4808 περὶ
623 4737 867 4788 ἑκουσίου
908 4734 1165 4805 φονευτοῦ
1208 4733 1491 4797 διδάσκων,
1527 4733 1619 4786 τὸν
1649 4735 1720 4802 μὴ
1750 4739 1813 4786 ἐκ

239 4825 616 4894 προαιρέσεως
663 4823 998 4890 φονεύσαντα
1028 4824 1127 4875 οὐκ
1158 4821 1413 4889 ὀνομάζει
1446 4822 1695 4874 ἑκούσιον
1723 4839 1816 4889 φο-

239 4917 337 4968 νέα
366 4929 382 4944 ⁶
419 4913 676 4975 ἀκούσιος
705 4912 761 4964 δὲ
790 4915 816 4964 ὁ
837 4911 1073 4974 τοιοῦτος
1103 4913 1297 4977 φονεύς
1328 4915 1464 4975 ἐστι,
1505 4912 1687 4972 καθὼς
1722 4913 1813 4963 καὶ

235 5007 265 5056 δ
299 5005 492 5074 παρὼν
527 5004 703 5056 κανὼν
732 5002 1045 5072 διορίζεται,
1077 5005 1173 5054 καὶ
1206 5006 1524 5072 τιμωρεῖται
1576 5005 1721 5056 κατὰ
1754 5006 1812 5056 τὸ

239 5097 598 5165 προτέλευτον
648 5095 787 5164 θέμα
837 5093 932 5146 τοῦ
989 5099 1064 5156 ις’
1121 5093 1314 5159 κεφαλ.
1355 5093 1449 5144 τοῦ
1501 5100 1579 5146 να¹
1632 5094 1808 5145 τίτλου

235 5186 330 5238 τοῦ
367 5184 408 5251 ξ’
441 5185 673 5255 βιϐλίου,
705 5190 798 5237 καὶ
832 5185 968 5244 κατά
995 5183 1054 5234 τὸ
1078 5181 1118 5234 ε’
1148 5182 1342 5250 κεφάλ.
1400 5184 1493 5235 τοῦ
1524 5184 1601 5237 λθ’
1633 5186 1808 5238 τίτλου

235 5275 330 5329 τοῦ
357 5274 523 5328 αὐτοῦ
558 5273 785 5344 βιϐλίου,
818 5271 1186 5344 διοριζόμενον
1217 5274 1310 5326 καὶ
1340 5273 1431 5325 τὸν
1459 5275 1566 5326 ἀπὸ
1598 5276 1811 5345 τρυφῆς

238 5369 580 5436 φονεύσαντα
609 5367 702 5418 ἐπὶ
745 5364 1070 5417 πενταετίαν
1105 5364 1464 5433 ἑξορίζεσθαι.
1490 5364 1644 5419 Οῦτω
1675 5383 1814 5436 συμ..

237 5458 460 5510 ϐιϐισον
512 5457 574 5508 τὸ
622 5455 843 5524 νομικὸν
903 5453 1098 5522 κεφάλ.
1163 5459 1255 5508 καὶ
1309 5458 1400 5508 τὸν
1432 5459 1654 5512 κανόνα.
1697 5460 1807 5511 Kal

236 5550 544 5618 σημείωσαι
568 5550 676 5602 ἀπὸ
699 5547 790 5600 τοῦ
819 5548 1042 5610 κανόνος
1077 5547 1170 5599 καὶ
1217 5549 1308 5600 τοῦ
1346 5550 1509 5616 νόμου
1541 5550 1624 5604 δτι
1651 5553 1679 5604 δ
1711 5552 1809 5620 μὲν

235 5639 490 5700 ἀκούσιος
539 5640 798 5708 φονευτὴς
832 5639 893 5689 ἐκ
923 5636 1016 5690 τοῦ
1059 5639 1525 5706 ἀποτελέσματος,
1563 5643 1682 5712 ἦτοι
1716 5643 1806 5695 τοῦ

237 5733 420 5796 φόνου,
488 5729 956 5795 καταδικάζεται,
1009 5730 1057 5793 ὁ,
1090 5730 1144 5782 δέ
1190 5731 1436 5793 ἑκούσιος
1479 5732 1585 5785 ἀπὸ
1639 5735 1807 5803 μόνης

1924 1926 2146 1980 bestiam
2192 1928 2274 1982 vel
2324 1931 2572 1986 arborem
2613 1933 2883 2002 jaculatus
2936 1948 3040 1998 est,
3111 1947 3485 1995 transeuntem

1918 2026 2097 2071 autem
2131 2019 2250 2074 illac
2285 2020 2558 2078 hominem
2604 2024 2761 2093 forte]
2791 2031 3074 2096 percussit,
3129 2046 3364 2101 eumque
3393 2034 3484 2101 qui

1919 2107 2037 2162 loro
2068 2110 2148 2164 vel
2179 2112 2278 2166 lcvi
2313 2114 2458 2183 virga
2490 2116 2718 2184 aliquem
2752 2120 2980 2172 docendi
3009 2137 3127 2175 eum
3157 2125 3324 2192 gratia
3368 2141 3488 2194 per-

1918 2200 2106 2264 cussit,
2139 2202 2182 2254 si
2218 2217 2508 2270 percussus
2543 2217 2786 2262 mortuus
2817 2209 2998 2272 fuerit.
3034 2213 3360 2268 homicidam
3408 2219 3489 2270 in-

1919 2290 2277 2348 voluntarium
2328 2296 2562 2365 appellat
2595 2315 2610 2351 :
2662 2315 2782 2353 cum
2823 2311 3026 2366 autem,
3067 2303 3156 2372 qui
3186 2305 3236 2358 in
3267 2317 3487 2360 conten-

1921 2382 2068 2436 tione
2098 2384 2328 2453 aliquem
2368 2389 2518 2458 vitga
2550 2389 2769 2446 duriore
2813 2397 3165 2460 percusserit,
3211 2398 3290 2450 vel
3337 2397 3388 2451 in
3421 2413 3486 2452 eo

1919 2475 2270 2542 percutieudo
2300 2480 2480 2532 manui
2514 2495 2615 2533 non
2644 2484 2960 2549 pepercerit,
2983 2486 3195 2539 etiamsi
3219 2502 3364 2551 eum,
3391 2491 3481 2557 qui

1917 2580 2206 2634 percussus
2236 2576 2341 2632 est,
2393 2569 2695 2624 interﬁcere
2752 2573 3005 2637 noluerit,
3042 2577 3134 2629 sed
3166 2577 3247 2631 vel
3278 2587 3481 2630 tantum

1917 2653 2130 2718 laedere.
2158 2658 2238 2711 vel
2294 2660 2628 2728 propulsare,
2686 2663 2835 2728 dicit,
2889 2666 2955 2719 ad
2985 2683 3130 2731 cum,
3167 2670 3255 2736 qui
3283 2672 3480 2722 «autem

1918 2747 2049 2801 fecit
2079 2747 2458 2814 voluntariam,
2512 2756 2754 2818 proxime
2793 2759 3073 2820 accedere,
3108 2774 3172 2811 eo
3219 2762 3308 2826 qui
3361 2775 3481 2826 pcr-

1917 2852 2106 2892 cussus
2140 2849 2222 2893 est
2256 2851 2484 2893 mortuo.
2514 2841 2646 2894 Eum
2677 2845 2779 2912 61
2809 2861 3024 2914 quoque
3047 2847 3136 2916 qui
3164 2849 3305 2916 ligno
3334 2851 3481 2918 gnari

1917 2937 1972 2981 et
2005 2942 2196 2997 magno
2228 2929 2400 2996 lapide
2443 2947 2567 2985 usus
2599 2934 2861 2989 adversus
2888 2937 3140 3003 aliquem,
3176 2957 3292 2992 cum
3321 2941 3486 2995 in'cr-

1916 3015 2123 3080 fecerit,
2157 3032 2278 3071 cum
2334 3020 2496 3072 nollet
2548 3023 2871 3089 interﬁcere,
2931 3027 3346 3083 iuvuluutarium
3388 3033 3484 3083 ho-

1918 3109 2167 3161 micidam
2188 3110 2392 3164 deﬁnit.
2422 3111 2550 3163 Eum
2583 3125 2784 3178 autem,
2813 3116 3110 3185 quiqttovis
3133 3134 3260 3174 ense
3286 3109 3481 3178 bellum

1915 3203 2214 3268 gerentium
2246 3210 2295 3254 et
2326 3201 2592 3255 latronum
2633 3220 2780 3257 more
2815 3221 2942 3260 usus
2979 3218 3082 3270 est,
3120 3212 3481 3266 voluntarium

1916 3294 2241 3346 homicidam
2295 3296 2603 3360 pronuntiat
2644 3311 2656 3347 :
2697 3297 2836 3349 sicut
2869 3307 2923 3350 et
2971 3313 3085 3362 eos,
3122 3302 3210 3368 qui
3271 3304 3481 3358 curiosa

1917 3386 2044 3438 daut
2114 3386 2524 3448 medicamenta,
2591 3395 2644 3438 cl.
2702 3388 2947 3440 abortum
3007 3390 3200 3443 cientia
3261 3391 3482 3448 faciunt.

1914 3477 2090 3543 Atque
2129 3477 2242 3529 haec
2277 3475 2497 3542 quidem
2538 3491 2735 3531 canon.
2778 3478 2859 3532 Tu
2903 3491 3082 3535 autem
3145 3483 3259 3551 lege
3295 3486 3486 3540 vicesi-

1918 3581 2062 3617 nmm
2107 3576 2320 3618 sextum
2370 3581 2492 3632 cap.
2531 3567 2616 3617 tit.
2655 3565 2687 3619 9
2725 3570 3004 3633 praesentis
3032 3572 3232 3639 operis,
3264 3583 3315 3626 et
3365 3590 3484 3641 qua:

1917 3656 1969 3709 in
2003 3671 2066 3708 eo
2127 3658 2326 3722 scripta
2377 3669 2499 3709 sunt
2529 3657 2594 3711 de
2639 3660 2946 3714 homicidis.
2984 3658 3245 3714 Similiter
3286 3665 3401 3730 lege
3430 3675 3483 3719 ct

1915 3765 2177 3802 canonem
2211 3751 2244 3802 2
2276 3751 2438 3817 hujus
2469 3753 2664 3805 sancti.
2724 3754 2862 3818 Quia
2896 3764 3072 3807 autem
3109 3756 3174 3808 dc
3196 3756 3484 3812 homicidia

1913 3849 1966 3894 ct
2001 3840 2253 3892 venelicis
2290 3855 2394 3893 non
2436 3855 2602 3907 pauca
2643 3852 2836 3896 tractat
2871 3844 2954 3896 tit.
2984 3846 3072 3908 59,
3106 3846 3199 3899 lib.
3245 3863 3333 3899 υτ.
3358 3863 3480 3924 eum

1914 3943 2133 3998 quoque
2163 3929 2276 3998 lege
2313 3950 2324 3983 :
2361 3947 2483 3984 cum
2549 3947 2676 3985 vero
2737 3933 2913 3986 thema
2959 3935 2992 3987 2
3020 3935 3262 4001 ejusdem
3301 3938 3384 3990 tit.
3431 3947 3484 3991 ct

1913 4022 2006 4075 lib.
2039 4023 2152 4075 hzec
2176 4037 2427 4091 expresse
2457 4025 2606 4086 dicit,
2638 4025 2738 4090 Qui
2773 4026 3075 4081 interﬁcere
3099 4029 3477 4096 constituerat,

1913 4114 2017 4166 etsi
2061 4127 2166 4164 non
2214 4112 2571 4174 interfecerit,
2627 4116 2722 4169 sed
2767 4117 3150 4178 vulneraverit,
3196 4130 3276 4172 est
3308 4119 3479 4172 homi-

1913 4201 2030 4254 cida
2060 4219 2074 4254 :
2109 4211 2160 4254 et
2205 4204 2292 4267 qui
2321 4203 2492 4256 noluit
2525 4205 2851 4268 inter-licere,
2881 4207 3092 4258 etiamsi
3117 4207 3472 4274 interfecerit,

1913 4306 2018 4344 non
2049 4300 2133 4343 est
2166 4292 2459 4345 homicida.
2494 4293 2722 4348 Allectio
2776 4308 2974 4360 autem,
3013 4310 3075 4348 ex
3116 4297 3474 4352 instrumento

1913 4395 2021 4448 quo
2038 4383 2328 4446 percussit,
2359 4385 2619 4457 pr_obatur
2659 4402 2671 4438 :
2703 4385 2901 4439 dixerit
2927 4388 3221 4454 quispiam,
3253 4388 3476 4454 eicapiti

1916 4471 2194 4525 adversari
2244 4485 2562 4540 prmsnntem
2597 4491 2885 4538 canonem,
2921 4477 3299 4531 dcenrnentem
3329 4480 3475 4532 iuro-

1919 4562 2166 4615 luntaria:
2200 4563 2364 4616 cedis
2393 4567 2608 4618 crimini
2666 4567 2862 4631 subjici
2919 4583 3063 4628 eum,
3100 4569 3195 4635 qui
3250 4570 3479 4634 lapidem

1917 4652 1968 4704 in
2003 4657 2190 4703 canem
2219 4651 2299 4703 vel
2332 4653 2580 4706 athurcm
2615 4654 2884 4721 jaCulatus
2911 4655 3090 4715 fuerit.
3126 4667 3176 4708 et
3208 4656 3477 4708 hominem

1915 4744 2052 4796 forte
2088 4743 2369 4796 occiderit.
2417 4744 2652 4797 Dicimus
2682 4760 2831 4812 ergo,
2877 4747 3020 4813 quod
3055 4746 3195 4799 dicta
3232 4745 3313 4798 lex
3361 4762 3482 4813 qua:

1913 4835 1978 4888 de
2014 4837 2159 4887 caede
2201 4835 2508 4888 vcluntaria
2536 4836 2714 4896 docet,
2741 4853 2885 4900 ctnn,
2914 4837 3002 4904 qui
3032 4851 3135 4890 non
3164 4836 3284 4888 data
3320 4852 3480 4904 opera

1915 4925 2210 4987 interfecit,
2253 4941 2357 4978 non
2415 4929 2677 4978 tmtninat'
2712 4928 3071 4980 voluntarium
3135 4929 3479 4982 homicidam.

1914 5014 2006 5066 Est
2037 5023 2213 5066 autem
2241 5014 2325 5067 hic
2354 5013 2744 5068 involutitarius
2768 5015 3056 5077 homicida,
3077 5017 3213 5069 sicut
3246 5031 3481 5084 prmsens

1913 5118 2126 5171 quoque
2157 5119 2328 5157 canon
2364 5105 2622 5164 decernit,
2661 5115 2713 5157 et
2745 5108 2966 5174 punitur
3009 5109 3304 5160 secundum
3362 5108 3479 5160 the-

1915 5206 1997 5241 ma
2057 5194 2536 5259 antrpenultimum
2600 5210 2717 5263 cap.
2781 5194 2844 5247 16
2909 5198 2989 5249 tit.
3041 5197 3102 5250 5|
3161 5195 3254 5249 lib.
3309 5197 3378 5247 60
3426 5208 3478 5248 et

1911 5281 2207 5334 secundum
2264 5298 2384 5350 cap.
2445 5283 2478 5337 5
2519 5285 2601 5338 tit.
2657 5286 2727 5340 59
2760 5287 2996 5355 ejusdem
3046 5288 3139 5341 lib.
3194 5289 3478 5347 deliniens.

1910 5388 2031 5427 eum
2063 5377 2248 5439 etiam,
2281 5376 2374 5443 qui
2407 5391 2502 5443 per
2523 5377 2744 5430 delicias
2769 5385 2822 5428 et
2875 5377 3056 5429 ludum
3102 5375 3394 5439 interfecit,
3426 5376 3476 5425 in

1911 5464 2337 5532 quinquennium
2379 5465 2872 5519 exterminandum.
2923 5463 2998 5517 lla
3057 5474 3237 5534 caput.
3264 5465 3395 5533 legis
3424 5476 3478 5517 et

1910 5570 2174 5610 canonem
2206 5558 2457 5610 c0ncilia.
2499 5557 2562 5609 Et
2596 5568 2717 5610 nota
2751 5573 2814 5611 ex
2850 5573 3056 5612 canone
3084 5569 3135 5612 et
3170 5559 3306 5624 lege,
3341 5558 3477 5624 quod

1915 5646 2312 5700 involuntarins
2341 5648 2555 5715 quidem
2584 5648 2852 5707 homicida
2885 5664 2949 5702 ex
2983 5659 3176 5701 eventu
3204 5663 3297 5700 seu
3327 5647 3473 5700 cazde

1914 5742 2307 5793 condemnatur
2343 5757 2358 5794 :
2392 5741 2729 5796 voluntarius
2777 5753 2982 5796 autem.
3020 5755 3085 5794 ex
3131 5741 3247 5794 solo
3280 5755 3476 5809 propo-
