4018 6430
556 329 656 392 515

1803 322 2080 384 ΤΗΕΟῘ).
2127 324 2523 384 ΒΛιὸΑΜΟΝ

3709 321 3817 382 616

554 451 660 504 sito
694 465 708 503 ;
745 449 848 504 etsi
906 450 1046 504 enim
1097 465 1202 503 non
1248 446 1594 510 interfecerit,
1628 455 1686 499 ut
1728 443 1999 499 homicida
2030 460 2113 512 pu-

2234 444 2564 514 προθέσεως.
2604 445 2720 499 Κᾶν
2773 444 2880 516 γάρ
2939 447 3012 516 μὴ
3068 443 3326 518 φονεύσῃ,
3379 444 3706 512 τιμωρεῖται
3744 442 3820 503 ὡς

553 545 700 596 nitur
735 553 951 608 propter
1005 542 1176 594 solum
1233 539 1588 608 propositum.
1635 537 1765 590 Nam
1802 547 1848 591 et
1904 551 2021 604 cap.
2063 535 2124 588 l'2

553 634 682 686 dicti
711 634 793 686 tit.
822 633 889 685 56
917 632 1070 695 dicit,
1102 633 1239 685 Nihil
1269 631 1453 693 refert,
1501 644 1568 682 an
1593 630 1917 693 occid:is,an
1939 627 2125 680 mortis

553 739 772 777 causam
793 725 1050 792 pra-beas.
1076 703 1710 775 Voluntariorum‘autem
1733 718 2124 772 homicidarum

554 830 711 880 paena
744 814 1052 868 ostenditur
1095 814 1148 866 in
1198 812 1496 879 penultimo
1522 812 1758 864 themate
1797 823 1920 875 cap.
1953 809 2006 874 3,
2039 809 2123 859 tit.

553 905 642 968 56,
673 906 809 973 quod
836 904 982 967 dicit,
1018 903 1177 956 Poena
1198 904 1453 956 adversus
1484 901 1798 961 homicidas,
1831 900 1881 950 in
1912 899 1977 950 iis
2009 899 2125 965 an

553 999 697 1060 dem,
732 1001 818 1065 qul
856 1006 978 1049 sunt
1024 995 1262 1048 honestae
1309 993 1745 1052 existimationis,
1793 1003 1873 1045 esr
1919 993 2125 1057 relega-

563 1090 638 1141 tio
663 1100 716 1142 et
765 1090 1003 1156 perfecta
1061 1086 1397 1154 publicatio:
1433 1087 1484 1136 itt
1519 1084 1714 1137 vilibus
1745 1093 1922 1136 autem
1951 1092 2002 1133 et
2031 1082 2126 1133 al)-

551 1179 731 1247 jet-tis,
780 1182 895 1234 ensi
937 1180 1214 1232 et'bestiis
1257 1177 1440 1246 objici.
1485 1177 1555 1229 De
1604 1173 1920 1226 voluntariis
1943 1183 2121 1226 autem

557 1272 864 1335 botnieidis,
907 1286 1092 1325 mense
1126 1270 1290 1338 Aprili
1343 1269 1456 1320 ind.
1499 1283 1590 1331 xv,
1628 1283 1655 1318 a
1702 1266 1972 1332 religioso,
2033 1279 2124 1332 po-

557 1364 858 1417 tentissimo
909 1371 961 1412 et
1013 1370 1200 1413 sancto
1273 1360 1600 1425 imperatore
1655 1368 1838 1410 nosuo
1899 1356 2124 1407 Domino

554 1453 851 1506 Emanuele
901 1451 1200 1512 Comiti-uo,
1256 1449 1466 1502 novella
1517 1449 1660 1499 edita
1721 1455 1820 1508 est,
1877 1454 2124 1512 quamet

554 1547 745 1594 manda
803 1543 1096 1604 memoria},
1153 1557 1270 1608 qum
1304 1551 1423 1608 post
1474 1539 1790 1606 promminm
1846 1537 1924 1591 sic
1956 1538 2119 1589 dicit:

548 1631 710 1684 Jiibet
748 1645 876 1699 ergo
909 1631 1161 1683 omnibus
1196 1631 1284 1697 qui
1328 1637 1452 1681 sunt
1482 1630 1530 1679 lll
1580 1628 1887 1692 regionibus
1930 1627 2124 1693 judici-

554 1724 676 1785 bus,
711 1730 764 1774 et
789 1721 1112 1774 militaribus
1137 1736 1254 1788 qua:
1284 1729 1406 1772 sunt
1438 1720 1490 1770 iit
1533 1734 1614 1771 eis
1643 1718 1832 1784 copiis,
1863 1729 1914 1770 et
1935 1732 2116 1770 earum

553 1813 802 1878 ducibus,
829 1814 917 1866 ubi
952 1813 1115 1866 fuerit
1156 1815 1329 1865 caedes
1382 1811 1708 1875 voluntaria,
1742 1819 1794 1862 et
1840 1810 1944 1861 tale
1969 1810 2124 1878 quid-

551 1908 695 1974 piam
728 1920 892 1960 ausus
918 1905 1082 1959 fuerit
1122 1906 1338 1972 aliquis,
1375 1912 1431 1956 ut
1458 1918 1646 1956 ortines
1681 1904 1861 1955 statim
1885 1904 2123 1954 eiiciten-

555 2007 640 2047 tur
679 1996 744 2048 ad
799 1996 1316 2064 apprehendendum
1359 1992 1702 2054 homicidam,
1755 2001 1805 2043 et
1851 2007 1970 2043 eum
2007 1991 2123 2042 \‘lll-

548 2096 694 2139 ctum
748 2089 1046 2140 mittantatl
1087 2088 1493 2155 imperatoriam
1525 2085 2062 2153 circuitispeetiuneni
2103 2102 2116 2136 :

553 2179 656 2242 \el,
686 2180 727 2232 si
752 2194 810 2231 ea
847 2180 1010 2243 absit,
1048 2180 1112 2232 ad
1171 2195 1377 2245 magna:
1428 2181 1577 2232 urbis
1635 2193 1661 2229 a
1699 2177 1802 2230 Deo
1836 2176 2121 2229 custodita:

554 2271 889 2334 pra-fectum,
928 2282 984 2324 ut
1015 2272 1066 2325 in
1093 2272 1392 2324 custodiam
1424 2271 1687 2338 publicam
1724 2270 2115 2333 ititt‘ttdttcatur,

550 2371 604 2414 et
650 2371 755 2415 tam
785 2363 1088 2430 incorpore
1118 2379 1276 2430 quam
1325 2361 1376 2413 iit
1412 2361 1565 2414 hortis
1618 2359 1907 2413 secundum
1941 2358 2114 2425 legunt

549 2464 602 2505 et
637 2453 972 2506 novellarum
1007 2455 1454 2507 constitutionem
1501 2464 1601 2518 pot.
1624 2461 1812 2504 statum
1845 2454 2112 2516 pun‘aiur,

548 2553 603 2597 et
635 2546 737 2596 alia
783 2544 1042 2613 supplicia
1097 2547 1330 2598 subeat:
1371 2543 1664 2596 scientibus
1715 2543 1798 2594 bis
1843 2543 2114 2604 omnibus,

551 2635 692 2700 quod
729 2636 771 2688 si
799 2636 1078 2702 probatum
1118 2634 1277 2687 fuerit
1323 2636 1559 2700 potuisse
1593 2634 1893 2699 quempiam
1941 2631 2114 2683 bomi-

549 2730 724 2783 cidam
753 2728 1179 2799 apprchendere,
1222 2736 1275 2779 et
1315 2727 1364 2778 id
1418 2740 1523 2777 non
1577 2724 1786 2784 fecerit,
1825 2739 1946 2776 cum
2011 2740 2113 2774 nun

547 2834 704 2872 secus
731 2821 1218 2880 condemnandum,
1251 2833 1406 2885 quam
1427 2817 1469 2869 si
1501 2817 1811 2883 imperatori
1834 2815 2114 2867 insidiatus

551 2911 711 2964 l‘tterit
747 2927 760 2963 :
797 2913 876 2963 sin
914 2921 1088 2962 autem
1122 2911 1338 2962 latuerit
1385 2907 1617 2960 fortasse
1649 2907 1936 2974 quispiam,
1963 2915 2014 2957 et
2047 2904 2112 2954 atl

548 3003 952 3057 Sanctissimam
1010 3003 1100 3055 Dei
1151 3000 1400 3068 Magnam
1448 2997 1736 3052 ecclesiam
1789 2993 2107 3062 confugerit,

2229 542 2423 605 φονεὺς
2457 539 2565 590 διὰ
2625 540 2795 608 μόνην
2846 539 2944 608 τὴν
2993 538 3274 607 πρόθεσιν.
3327 537 3449 590 Ὀτι
3493 534 3589 589 καὶ
3642 534 3706 586 τδ
3749 533 3819 602 ιβ’

2227 629 2421 694 κεφάλ.
2478 628 2570 679 τοῦ
2639 629 2898 698 ῥηθέντος
2981 629 3068 693 λς’
3134 629 3317 679 τίτλον
3372 625 3577 696 φησίν·
3642 625 3813 677 Οὐδὲν

2226 719 2475 786 διαφέρει
2499 721 2558 772 τὸ
2589 719 2847 787 φονεῦσαι
2879 722 2971 774 καὶ
2997 720 3056 773 τὸ
3083 723 3387 789 παρασχεῖν
3410 716 3591 771 αἰτίαν
3622 718 3812 784 φόνου.

2239 811 2302 863 'll
2365 803 2546 879 μέντοι
2605 815 2763 882 ποινὴ
2813 812 2920 865 τῶν
2970 813 3232 864 ἑκουσίων
3284 812 3489 879 φονέων
3551 809 3815 879 δηλοῦται

2226 902 2333 953 ἀπὸ
2361 902 2455 954 τοῦ
2488 903 2848 969 προτελεύτου
2882 903 3116 972 θέμτος
3136 903 3232 956 τοῦ
3255 901 3302 967 γ’
3326 901 3530 966 κε’ραλ.
3588 900 3686 951 τοῦ
3723 899 3816 960 λς’

2226 991 2406 1044 τίτλον
2446 994 2695 1060 λέγοντος
2725 1008 2738 1024 ·
2794 995 2860 1046 Ἠ
2895 993 3052 1061 ποινὴ
3087 995 3118 1062 ή
3168 994 3308 1046 κατά
3338 991 3685 1060 ἀνδροφόνων
3717 990 3815 1041 ἐπὶ

2229 1086 2327 1154 μὲν
2352 1087 2459 1138 τῶν
2491 1086 2726 1155 ἐντίμων
2786 1087 3149 1156 περιορισμὸς
3203 1087 3320 1139 ἐστι
3370 1087 3460 1138 καὶ
3493 1083 3682 1136 τελεία
3715 1083 3812 1152 δή·

2229 1194 2440 1245 μευσις,
2476 1179 2567 1230 ἐπὶ
2595 1178 2650 1230 δὲ
2687 1178 2797 1230 τῶν
2848 1177 3080 1231 εὐτελῶν
3116 1176 3256 1244 ξίφει
3289 1176 3380 1230 καὶ
3419 1178 3634 1246 θηρίοις
3673 1176 3813 1226 ὑπτ-

2226 1267 2513 1338 6ληθῆναι.
2576 1271 2711 1337 Περὶ
2779 1269 2836 1322 δὲ
2899 1271 3104 1338 φονέων
3163 1271 3426 1322 ἑκουσίων
3485 1269 3812 1336 ἑξεφωνήθη

2223 1359 2411 1429 Νεαρὰ
2445 1360 2584 1414 κατᾶ
2608 1362 2699 1413 τὸν
2734 1361 3043 1430 Ἀπρίλλιον
3075 1361 3218 1430 μῆνα
3251 1361 3349 1428 τῆς
3383 1361 3440 1411 ιδ’
3471 1359 3822 1421 ῖνδικτιῶνος

2224 1451 2317 1502 τοῦ
2345 1451 2665 1514 θεοσέπτου,
2699 1455 2994 1522 κρατίστου
3030 1452 3126 1505 καὶ
3155 1452 3311 1519 ἁγίου
3344 1453 3501 1519 ἡμῶν
3531 1450 3816 1518 αὑτοκρά·

2223 1559 2377 1612 τορος
2424 1545 2682 1614 Μανουὴλ
2733 1546 2825 1597 τοῦ
2873 1545 3184 1613 Κομνηνοῦ,
3217 1546 3311 1596 καὶ
3337 1543 3427 1612 ἔχε
3467 1544 3567 1595 καὶ¹
3595 1543 3815 1612 ταύτην

2224 1635 2314 1685 ἐπὶ
2353 1637 2575 1705 μνήμης
2623 1634 2763 1688 οὕτω
2806 1637 2900 1689 καὶ
2961 1639 3099 1707 μετά
3144 1637 3204 1689 τὸ
3250 1637 3536 1706 προοίμιον
3574 1634 3815 1701 διαλαμ.⁸

2226 1724 2497 1780 ϐάνουσαν
2528 1744 2540 1758 ’
2578 1726 3019 1796 Παρακελεύεται
3071 1724 3164 1781 οὖν
3218 1729 3391 1782 ᾶπασι
3448 1730 3560 1789 τοῖς
3611 1728 3670 1778 ὲν
3723 1725 3814 1777 θέο

2230 1835 2363 1887 μασι
2418 1822 2742 1889 διαιτηταῖς,
2785 1821 2877 1872 καὶ
2911 1826 3026 1883 ταῖς
3060 1823 3115 1872 ὲν
3165 1821 3351 1881 αὐτοῖς
3399 1817 3592 1880 οὔσαις
3646 1830 3814 1886 στραο

2225 1915 2508 1971 τιωτικαῖς
2557 1909 2842 1976 δυνάμεσι,
2902 1913 3136 1972 καὶτοῖς
3185 1910 3388 1961 τούτων
3445 1910 3809 1976 στρατηγοῖς,

2224 2004 2459 2071 ἔνθαπερ
2487 2004 2552 2055 ἂν
2615 2002 2859 2064 ἑκούσιος
2911 2003 3068 2070 φόνος
3121 2001 3366 2068 γένηται,
3426 1999 3522 2052 καὶ
3555 1998 3806 2071 τίλμηθῇ

2222 2095 2462 2147 τοιιῦτὲν
2487 2112 2536 2145 τι
2572 2095 2718 2162 παρά
2744 2110 2913 2158 τινος,
2945 2091 3144 2150 αὐτίκα
3181 2093 3392 2154 πάντας
3429 2083 3809 2161 διεγείρεσθαι

2222 2189 2299 2247 εἰς
2332 2187 2428 2254 τὴν
2459 2184 2553 2238 ἰτ-,ὖ
2591 2185 2796 2252 φονέως
2840 2185 3195 2252 κατάσχεσιν,
3244 2185 3339 2236 καὶ
3380 2185 3606 2253 δέσμιον
3639 2185 3808 2236 αὐτὸν

2222 2277 2572 2329 ἀποστέλλειν
2596 2278 2730 2346 προς
2761 2277 2861 2346 τὴν
2894 2276 3168 2345 βασίλειον
3201 2276 3509 2346 περιωπὴν,
3541 2277 3575 2346 ἢ
3599 2276 3808 2343 ταύτης

2220 2367 2628 2434 ἀποδημούσης,
2673 2367 2807 2435 πρὸς
2856 2365 2947 2416 τὸν
3002 2364 3243 2434 ἔπαρχον
3292 2363 3388 2430 τῆς
3415 2362 3801 2430 θεοφυλάκτου

2224 2457 2660 2525 μεγαλοπόλεως,
2693 2458 2835 2509 ὥστε
2872 2459 2954 2519 είς
2993 2453 3263 2525 δημοσίαν
3293 2452 3548 2523 φυλακὴν
3579 2454 3805 2519 εἰσάγε-

2221 2550 2364 2614 σθαι,
2418 2551 2511 2602 καὶ
2569 2550 2667 2610 τὰς
2724 2548 3042 2615 σωματικάς
3091 2549 3186 2600 καὶ
3240 2545 3508 2607 οὐσιακάς
3568 2547 3712 2598 κατά
3747 2561 3806 2596 τε

2217 2645 2415 2711 νόμους
2460 2645 2553 2695 καὶ
2584 2644 2681 2711 τὴν
2715 2643 2823 2694 τῶν
2856 2640 3066 2712 νεαρῶν
3106 2641 3500 2707 θεσπισμάτων
3546 2639 3802 2706 δύναμιν,

2218 2737 2311 2788 καὶ
2359 2737 2551 2805 ἑτέρας
2609 2734 2939 2803 ὕποτεθῆναι
2989 2732 3240 2794 κολάσεις
3275 2750 3287 2762 ·
3325 2731 3553 2784 εἰδότων
3595 2730 3807 2784 τούτων

2218 2829 2472 2887 ἁπάντων
2507 2831 2602 2891 ὡς,
2635 2827 2687 2878 ετ
2724 2843 2807 2887 τις
2844 2823 3123 2893 φωραθείη
3155 2825 3453 2890 δυνάμενος
3498 2824 3806 2890 κατασχεῖν

2216 2919 2305 2969 τον
2333 2917 2520 2984 φονέα,
2561 2915 2656 2966 καὶ
2694 2915 2768 2980 μὴ
2801 2913 2959 2965 τοῦτο
2986 2914 3242 2981 ποιήσας,
3270 2910 3418 2963 οὕτω
3447 2909 3667 2979 μέλλειν
3696 2926 3805 2961 κα·-

2217 3008 2543 3076 τακριθῆναι
2595 3007 2669 3067 ὡς
2720 3005 2861 3056 κατά
2921 3002 3187 3070 βασιλέως
3241 3002 3694 3070 βουλευσάμενος.
3740 3000 3805 3053 Et

549 3107 831 3164 postquam
854 3109 1026 3163 patria:
1049 3093 1429 3147 ceclesiasticm
1451 3093 1709 3144 adversus
1735 3103 1855 3142 eum
1889 3103 2106 3156 proces-

2217 3098 2258 3149 δ’
2292 3097 2421 3156 ἴσως
2459 3095 2704 3147 δια).άοοι
2735 3111 2786 3145 τι
2824 3092 2919 3145 καὶ
2952 3092 3247 3163 προσφύγῃ
3288 3094 3353 3162 τῇ
3387 3093 3676 3162 ἁγιωτάτῃ
3704 3089 3805 3142 τοῦ

548 3189 739 3250 serior,
775 3202 836 3240 ex
877 3187 1026 3254 legali
1058 3183 1460 3247 observatione,
1504 3197 1571 3237 eo
1596 3182 1809 3250 quidem
1843 3190 2112 3247 praesente

545 3277 634 3343 qui
669 3279 867 3343 reginae
893 3278 1100 3330 urbium
1133 3275 1416 3343 imperium
1451 3275 1678 3336 obtinet,
1701 3271 1768 3324 ah
1787 3286 1852 3324 eo
1874 3273 2114 3322 mittetur

547 3367 600 3419 ιιι
653 3367 945 3434 regionem,
994 3380 1152 3432 quam
1206 3364 1477 3417 censuerit
1509 3401 1523 3425 ,
1561 3373 1613 3413 ut
1651 3373 1816 3413 t0tunt
1857 3360 1973 3412 vita:
2003 3373 2113 3410 sua:

547 3466 755 3521 tempus
787 3456 896 3508 illic
921 3456 1204 3521 transigat,
1233 3468 1330 3506 nec
1367 3454 1512 3505 illine
1530 3451 1770 3520 effugiat,
1793 3461 1850 3501 ut
1872 3456 2111 3501 recurrat

546 3547 597 3598 in
618 3562 741 3598 eum
765 3547 963 3606 locum,
993 3548 1043 3597 in
1065 3561 1167 3612 quo
1192 3546 1577 3597 exsecrandum
1607 3541 1838 3595 lionticid
1865 3541 1879 3592 i
1907 3542 2112 3594 Licinus

547 3637 786 3689 admisit.
825 3636 1059 3689 Absente
1095 3644 1270 3687 autent
1298 3633 1434 3687 forte
1485 3636 1826 3701 imperatore,
1867 3651 1892 3685 a
1929 3636 2114 3701 priete-

546 3736 659 3788 cto,
693 3737 744 3777 u'.
766 3726 967 3778 dictum
994 3735 1100 3787 est,
1131 3726 1182 3777 in
1208 3727 1441 3793 aliqudm
1477 3725 1815 3777 remotiorem
1845 3726 2110 3792 regionem

547 3819 1024 3880 exterminabitur,
1060 3828 1109 3869 et
1159 3816 1267 3869 illic
1305 3817 1424 3868 vita:
1474 3830 1583 3867 sua:
1617 3827 1824 3882 tempus
1871 3824 2110 3882 peraget.

549 3909 644 3960 Sin
680 3918 857 3960 autent
888 3923 990 3959 non
1022 3906 1195 3958 solum
1228 3905 1553 3968 voluntarie,
1588 3905 1680 3957 sed
1711 3905 1869 3956 etiam
1892 3919 2113 3971 ιιι-ξιξιιιο·

544 4001 715 4051 dilato
750 4009 1016 4064 captoque
1047 3997 1275 4049 consilio
1318 3996 1516 4048 ςιυιιειιι
1553 3995 1964 4062 perpetraverit,
2004 4009 2107 4047 Ιιοιι

546 4099 772 4155 cogetur
802 4103 864 4139 ex
901 4087 1151 4154 prazdicta
1185 4085 1324 4152 regia
1370 4085 1754 4137 constitutione
1787 4083 2014 4137 tonderi.
2052 4085 2108 4135 Si

544 4183 686 4233 enim
717 4195 860 4245 cum,
890 4180 981 4245 qui
1028 4193 1123 4230 sua
1178 4186 1370 4244 sponte
1426 4177 1491 4229 ad
1554 4187 1827 4240 tonsuram
1882 4177 2108 4239 accedit,

549 4287 651 4326 non
686 4273 750 4324 ad
781 4288 897 4324 eam
924 4271 1106 4323 statim
1136 4270 1370 4321 admittit
1395 4270 1653 4321 cattmtiea
1682 4270 1974 4330 subtilitas,
2013 4271 2107 4321 sed

547 4366 595 4417 ei
616 4363 912 4415 sullieiente
945 4371 1184 4429 tempore
1207 4361 1488 4421 attribnto,
1519 4367 1569 4411 et
1595 4375 1691 4426 per
1716 4365 1887 4426 ipsum
1911 4361 2105 4413 mentis

546 4451 664 4518 ejus
688 4448 958 4509 lirmitate,
993 4453 1071 4498 vel
1100 4447 1412 4498 inﬁrmitate
1437 4447 1888 4515 examinata.62
1920 4448 1959 4499 si
1981 4449 2102 4515 qui-

546 4546 665 4594 dem
695 4541 965 4591 hominem
1003 4539 1269 4590 invenerit
1300 4537 1353 4588 in
1406 4538 1578 4604 primo
1607 4542 1879 4604 proposito
1926 4555 2108 4606 persc-

544 4647 849 4700 veratitcm,
887 4645 940 4688 et
978 4634 1282 4687 nionastico
1320 4633 1582 4697 instituto,
1617 4644 1670 4685 et
1700 4634 1942 4701 corporis
1969 4649 2105 4686 mor-

544 4729 846 4784 tiﬁcatione
877 4742 937 4781 se
968 4727 1194 4796 impigre
1222 4734 1639 4793 prmparantem,
1669 4741 1730 4778 ex
1775 4740 1838 4778 eo
1867 4734 2107 4794 tempore

546 4823 668 4874 boni
697 4833 911 4887 quoque
941 4819 1119 4884 operis
1146 4818 1192 4869 ei
1225 4815 1381 4874 aﬂ'ert
1431 4814 1903 4882 complementum,
1957 4830 2020 4869 eo
2054 4816 2103 4868 in

545 4909 900 4963 monasticam
971 4905 1362 4959 institutionem
1435 4915 1741 4970 statumque
1814 4914 2104 4972 suscepto:

542 5001 810 5067 quomodo
851 5011 954 5050 non
1007 4994 1223 5048 [uerita
1273 4995 1479 5048 ratione
1511 4996 1849 5057 alienum,et
1899 4995 2106 5062 legibus

543 5092 918 5160 Spiritualibus
976 5090 1258 5150 absonum,
1319 5088 1548 5156 aliquem
1619 5097 1804 5140 coacte
1861 5088 2105 5151 tondere,

542 5199 777 5259 eumque
815 5182 1157 5243 homicidam,
1206 5195 1363 5247 quem
1394 5179 1534 5233 Deus
1566 5194 1629 5233 eo
1660 5193 1830 5246 usque
1869 5178 2104 5246 reliquit,

543 5289 599 5328 ut
634 5283 796 5329 etiam
828 5290 1020 5328 manus
1081 5275 1320 5327 fraterno
1367 5274 1627 5341 sanguine
1681 5270 1986 5340 pollueret?
2017 5269 2110 5323 Ti-

543 5371 793 5422 mendunt
827 5379 910 5421 est
942 5370 1083 5420 enim
1131 5381 1195 5419 ne
1231 5366 1432 5419 invitus
1463 5367 1627 5416 vitam
1675 5363 1969 5432 angelicam
2024 5363 2108 5414 in-

542 5477 781 5530 gressus,
814 5477 987 5530 eaque
1037 5462 1086 5513 vi
1140 5468 1414 5527 suscepta,
1449 5457 1754 5510 venerando
1802 5457 1986 5508 habitu
2054 5455 2106 5508 in

545 5554 833 5606 ludibrium
871 5560 1074 5604 utatur.
1126 5550 1396 5615 Quicnini
1463 5549 1707 5600 homines
1765 5546 1988 5599 leviores
2054 5546 2105 5598 in

543 5647 868 5699 dementiam
895 5645 1223 5704 inciderunt,
1250 5642 1282 5693 ii
1313 5641 1572 5709 pessimus
1595 5649 1645 5691 et
1673 5636 2109 5704 perversissimas

541 5742 781 5792 actiones
821 5745 1018 5806 suarte
1078 5745 1267 5788 natura
1321 5734 1752 5803 aggrediuntur:
1811 5731 1928 5788 loco
1961 5747 2088 5801 ergo

2215 3187 2349 3239 Θεοῦ
2401 3187 2631 3255 Μεγάλῃ
2700 3187 3028 3258 Ἐκκλησία,
3101 3185 3238 3252 μετὰ
3299 3183 3360 3236 τὸ
3403 3182 3677 3251 προϐῆναι
3733 3182 3804 3236 τά

2216 3277 2646 3348 ὲκκλησιαστικὰ
2671 3277 2755 3328 ἐπ’
2792 3276 2945 3345 αὐτῷ
2977 3276 3225 3344 ἐπιτίμια
3265 3277 3408 3328 κατά
3437 3276 3540 3345 τὴν
3565 3276 3801 3343 νομικὴν

2216 3370 2619 3437 παρατήρησιν,
2668 3366 3028 3435 ἐνδημοῦντας
3064 3367 3162 3435 μὲν
3213 3367 3306 3418 τοῦ
3359 3366 3692 3435 κρατοῦντος
3731 3366 3800 3432 τῇ

2216 3459 2578 3530 βασιλευούσῃ
2606 3457 2712 3510 τῶν
2750 3459 2979 3518 πόλεων.
3018 3457 3153 3527 παρ’
3198 3457 3365 3510 αὑτοῦ
3403 3457 3801 3525 ἀποσταλήσε-

2212 3567 2300 3601 ται
2325 3553 2402 3610 εΞς
2433 3549 2492 3602 τὸ
2521 3550 2684 3618 θέμα,
2715 3551 2900 3602 ὁποῖον
2937 3548 3001 3602 ἂν
3035 3548 3291 3618 ὲπικρίνη
3318 3564 3330 3576 ·
3371 3547 3513 3600 ὥστε
3546 3548 3640 3600 τὸν
3664 3552 3799 3616 χρῖε

2766 3641 2789 3664 ἒ
2833 3642 2929 3664 ιε

2215 3661 2303 3695 νον
2336 3643 2430 3712 τῆς
2461 3644 2589 3711 ὃλης
2624 3641 2792 3694 αὐτοῦ
2828 3642 2969 3711 ζωῆς
2994 3642 3174 3694 ἐκεῖσε
3200 3639 3561 3702 διαΰεδάζειν,
3597 3638 3691 3690 καὶ
3719 3641 3798 3707 μὴ

2215 3735 2424 3788 ἐκεῖθεν
2457 3734 2899 3803 ἀποδιδράσκειν,
2936 3729 3076 3785 ὥστε
3107 3730 3531 3800 ὲπανατρέχειν,
3573 3730 3702 3782 ἔνθα
3737 3731 3799 3781 τὸ

2212 3824 2305 3878 τοῦ
2340 3827 2497 3894 φόνου
2543 3826 2712 3893 μῦσος
2746 3825 3062 3894 εἰργάσατο.
3108 3823 3548 3893 ’Λποδημοῦντος
3575 3825 3632 3876 δὲ
3664 3823 3798 3885 ἴσως

2209 3917 2302 3969 τοῦ
2339 3915 2626 3985 βασιλέως,
2675 3917 2828 3984 παρὰ
2870 3915 2962 3968 τοῦ
3004 3915 3271 3983 ἐπάρχου,
3309 3915 3385 3976 ὡς
3428 3915 3671 3986 εἴρηται,
3713 3919 3798 3978 εἷς

2210 4025 2329 4058 τινα
2355 4007 2461 4061 τῶν
2494 4006 2829 4076 πορρωτέρω
2867 4006 3062 4075 χωρῶν
3097 4006 3539 4074 ὲξορισθήσεται,
3571 4009 3668 4059 καὶ
3701 4007 3797 4058 τον

2209 4098 2306 4165 τῆς
2339 4097 2484 4166 ζωῆς
2520 4098 2685 4150 αὑτοῦ
2729 4097 2923 4167 χρόνον
2966 4098 3147 4150 ἐκεῖσε
3194 4097 3460 4151 διανύσει.
3496 4098 3595 4149 Ἀν
3634 4097 3691 4149 δέ
3729 4114 3796 4164 γε

2216 4189 2288 4257 μή
2329 4190 2487 4256 μόνον
2514 4189 2800 4250 ἑκουσίως,
2829 4188 2964 4239 ἀλλὰ
2995 4188 3088 4239 καὶ
3118 4189 3179 4240 ἐκ
3210 4187 3467 4256 μελέτης,
3499 4187 3596 4239 τὸν
3630 4190 3796 4255 φόνον

2212 4281 2517 4348 ὲργάσοιτο,
2569 4284 2668 4332 οὐκ
2709 4280 3191 4347 ἀναγκασθήσεται
3226 4278 3371 4330 κατά
3405 4279 3504 4347 τὴν
3548 4280 3799 4348 προρρη-

2212 4371 2396 4423 θεῖσαν
2426 4371 2714 4439 βασιλικὴν
2761 4371 3004 4436 διάταξιν
3055 4373 3424 4438 ἀποκαρῆναι.
3471 4371 3532 4420 Εἰ
3564 4371 3674 4437 γὲρ
3703 4369 3797 4420 τὸν

2210 4463 2472 4523 ἑκουσίως
2500 4464 2564 4530 τῇ
2600 4462 2907 4530 ἀποκάρσει
2947 4464 3355 4530 προστρέχοντα
3384 4462 3485 4511 οὐκ
3519 4461 3795 4512 άπεντεί-

2206 4553 2297 4605 Οεν
2359 4553 2390 4620 ή
2441 4554 2700 4620 κανονικὴ
2749 4553 3006 4623 ἀκρίϐεια
3059 4554 3136 4613 εἰς
3162 4552 3330 4617 αὐτὴν
3387 4552 3790 4619 παραδέχεται,

2207 4642 2342 4694 ἁλλά
2371 4643 2565 4712 καιρὸν
2593 4642 2742 4712 αὐτῷ
2774 4644 2863 4695 τὸν
2900 4642 3176 4712 ἀρκοῦντα
3206 4643 3657 4710 ὲπιμετρήσασα,
3693 4643 3793 4692 καὶ

2204 4735 2271 4787 δι’
2305 4735 2466 4788 αὐτοῦ
2498 4735 2559 4786 τὸ
2599 4737 2695 4803 τῆς
2744 4721 2969 4803 γνώμης
3022 4735 3232 4785 ἐκείνου
3283 4733 3503 4802 βέϐαιον
3549 4735 3661 4784 εἴτε
3697 4733 3794 4786 καὶ

2206 4824 2418 4891 ἀπαγὲς
2467 4823 2828 4892 βασανίσασα,
2879 4825 3040 4892 εἴπερ
3087 4824 3312 4892 εὑρήσει
3355 4824 3447 4874 τὸν
3493 4823 3795 4893 ἄνθρωπον

2206 4915 2273 4981 τῇ
2306 4913 2364 4976 ἐξ
2397 4915 2570 4982 ἀρχῆ;
2601 4914 2860 4982 προθέσει
2890 4913 3231 4982 στοιχοῢντα,
3270 4916 3365 4967 καὶ
3392 4915 3469 4983 τῷ
3505 4916 3794 4985 μοναχικῷ

2210 5003 2566 5070 πολιτεύματι
2593 5007 2686 5056 καὶ
2719 5007 2783 5073 τῇ
2826 5005 3093 5077 νεκρώσει
3134 5005 3226 5058 τοῦ
3277 5005 3536 5072 σώματος
3571 5008 3792 5070 ἀόκνως

2209 5092 2400 5147 ἑαυτὸν
2429 5097 2944 5161 παρασκευάζοντα,
2978 5097 3163 5150 ἔκτοτε
3194 5095 3288 5150 καὶ
3311 5098 3410 5168 τὴν
3446 5099 3541 5150 τοῦ
3575 5099 3790 5166 ἀγα.θοῦ

2209 5185 2373 5254 ἔργου
2429 5181 2577 5253 αὑτῷ
2635 5188 3034 5256 προσεπιφέρει
3070 5188 3493 5258 συμπλήρωσιν,
3553 5193 3635 5251 εἰς
3690 5189 3793 5260 τήν

2213 5276 2510 5346 μοναχικὴν
2545 5278 2816 5330 πολιτείαν
2845 5295 2906 5331 τε
2933 5278 3356 5351 παραδεξαμένη
3389 5282 3482 5333 καὶ
3511 5285 3793 5336 κατάσται

2213 5385 2295 5420 σιν
2322 5385 2335 5399 ο
2373 5370 2488 5431 πῶς
2513 5370 2611 5422 οὐκ
2641 5370 2705 5422 ἂν
2742 5371 2825 5440 εἴη
2864 5371 3076 5438 ἄλογον,
3113 5375 3208 5425 καὶ
3242 5377 3354 5435 τοῖς
3385 5375 3792 5440 πνευματικοῖς

2209 5459 2395 5524 νόμοις
2444 5460 2671 5530 ἀπᾷδον,
2727 5462 3145 5528 ἀναγκαστικῶς
3197 5462 3596 5533 ἀποκείρεσθαι
3645 5481 3788 5526 τινα,

2213 5550 2310 5602 καὶ
2339 5546 2512 5603 ταῦτα
2547 5553 2734 5620 φονέα,
2779 5553 2835 5605 ὃν
2863 5555 3023 5623 μέχρι
3048 5555 3304 5608 τοσούτου
3337 5555 3468 5618 Θεὸς
3500 5557 3794 5624 ἐγκατέλι-

2216 5660 2336 5704 πεν,
2401 5643 2541 5694 ὥστε
2600 5645 2693 5695 καὶ
2748 5646 3020 5714 ἀδελφικῷ
3080 5647 3382 5715 χρανοῆναι
3438 5646 3541 5707 τὰς
3601 5652 3793 5717 χεῖρας

2208 5737 2402 5805 αἵματι
2438 5753 2451 5801 ;
2487 5737 2614 5798 Δέος
2660 5739 2767 5804 γαρ
2803 5737 3000 5807 μήπως
3046 5738 3288 5806 ἀκουσίῳ
3325 5739 3651 5808 προαιρέσει
3704 5739 3792 5791 τὸν
