4018 6462
182 404 287 469 ΒΠ

1153 399 1232 461 ΙΝ
1275 398 1517 460 EPIST.
1563 397 1625 456 S.
1667 389 1952 453 BASILII
1993 388 2428 454 CANONICAM
2468 391 2515 451 Ι.

3334 383 3432 450 618

181 515 485 586 ἀγγελικον⁸
539 516 651 586 βίον
692 512 958 575 ὑπελθὼν,
1002 512 1096 564 καὶ
1140 512 1228 581 βίᾳ
1254 509 1445 563 τοῦτον
1475 505 1771 570 καταδεξάι

1877 511 2114 559 tonsura:
2161 504 2352 558 statuit
2402 511 2519 557 mea
2571 502 2863 570 imperiaiis
2918 500 3193 569 maiestas,
3246 511 3305 554 ut
3349 504 3438 569 qui

187 626 368 678 μενος,
405 609 486 671 είς
524 606 844 677 ἐμπαιγμδν
889 603 964 674 τῷ
1017 604 1282 676 φρικώδει
1326 602 1592 672 χρήσεται
1637 599 1768 668 σχή-

189 719 341 769 ματι.
375 701 666 767 Πεφύκασι
695 699 802 767 γὰρ
852 699 901 750 οἱ
953 694 1062 750 τῶν
1091 695 1395 764 ἀνθρώπων
1425 691 1765 762 κουφότεροι,

186 796 264 854 εἰς
316 794 580 845 ἀπόνοιαν
621 787 976 860 ἐμπεσόντες,
1023 787 1118 839 καὶ
1159 788 1280 849 ταῖς
1326 784 1626 855 χειρίσταις
1673 781 1769 835 καὶ

188 882 681 952 παραϐολωτέραις
718 878 1023 947 ἐπιτολμᾷν
1061 877 1346 947 πράξεσιν.
1402 873 1551 925 Ἀντὶ
1588 872 1770 924 τοίνυν

189 974 284 1040 τῆς
333 972 697 1039 ἀποκάρσεως
739 967 1022 1036 νομοθετεῖ
1060 968 1092 1036 ἡ
1126 965 1373 1036 βασιλεία
1402 979 1504 1032 μου
1537 962 1629 1015 τὸν
1675 977 1770 1014 πε·

189 1061 631 1132 πλημμεληκὸτα
691 1059 851 1126 φόνον
909 1057 1348 1128 μεμελετημένον
1405 1055 1658 1107 ἑκούσιον
1709 1055 1769 1106 ἐν

197 1154 411 1222 φυλακῇ
439 1154 505 1204 δι’
539 1151 660 1210 ὅλον
688 1150 780 1202 τὸν
809 1149 999 1218 χρόνον
1026 1150 1126 1218 τῆς
1155 1147 1301 1216 ζωῆς
1337 1146 1503 1198 αὑτοῦ
1536 1145 1766 1211 διάγειν,

198 1249 293 1297 καὶ
334 1245 611 1313 μηδέποτε
660 1241 872 1294 ἐκεῖθεν
907 1240 1252 1311 ἐξέρχεσθαι,
1303 1237 1424 1307 μηδ’
1470 1237 1580 1290 άπὸ
1617 1237 1770 1307 {iact-

193 1335 352 1402 λικῆς
385 1335 517 1394 ῑσως
561 1331 934 1402 προστάξεως,
982 1331 1124 1385 κατὰ
1168 1329 1338 1400 λήθην
1377 1328 1767 1397 ποριζομένης.

205 1427 329 1479 Ἐπὶ
360 1427 418 1478 δέ
457 1428 582 1488 ταῖς
634 1424 983 1494 περιουσίαις
1033 1424 1212 1476 αὐτῶν
1248 1420 1499 1487 γίνεσθαι
1532 1419 1712 1482 καθὼς
1743 1420 1771 1470 ό

192 1516 708 1586 προμνημονευθεὶς
743 1514 998 1582 βασιλεὺς
1043 1512 1348 1578 διετάξατο.
1416 1512 1571 1566 Ἐπεὶ
1617 1512 1674 1563 δὲ
1722 1513 1771 1565 οἱ

195 1608 417 1669 πλείους
466 1606 580 1659 τῶν
628 1606 834 1674 φονέων
881 1607 946 1658 ἐκ
1004 1605 1235 1674 μελέτης
1285 1604 1380 1656 καὶ
1431 1602 1772 1671 διασκέψεως

196 1700 321 1761 τοὺς
364 1699 563 1764 φόνους
610 1697 1093 1768 κατεργαζόμενοι,
1144 1694 1334 1747 ἔπειτα
1379 1698 1445 1764 τῇ
1494 1695 1774 1767 ἁγιωτάτῃ

198 1790 292 1839 τοῦ
337 1788 475 1840 Θεοῦ
515 1788 744 1858 Μεγάλῃ
792 1786 1084 1855 Ἐκκλησία
1117 1783 1525 1853 προσελθόντες,
1560 1784 1658 1854 οὐχ
1696 1786 1773 1848 ὡς

1873 591 2233 646 voluntariam
2290 593 2491 647 caedem
2542 599 2702 661 capto
2754 590 2980 646 consilio
3026 594 3438 660 perpetravcrit,

1870 684 1924 737 in
1958 685 2205 739 custodia
2243 693 2356 740 tcto
2389 684 2514 738 vitae
2542 699 2654 738 sua:
2694 693 2936 753 tempore
2987 686 3143 755 degat
3174 701 3189 738 :
3238 693 3291 737 et
3342 699 3441 738 nec

1873 774 2024 830 illinc
2073 776 2291 846 quidem
2357 790 2598 845 unquam
2649 776 2912 830 educatur
2972 790 3071 831 nec
3106 777 3258 845 jussu
3300 774 3441 830 forte

1872 866 2231 937 imperatorio
2287 883 2383 936 per
2441 866 2768 924 oblivionem
2822 855 3089 922 exhibito.
3149 869 3223 922 De
3251 879 3438 946 eorum

1875 967 2055 1011 autem
2089 959 2433 1013 facultatibus
2471 959 2584 1022 ﬂat,
2618 959 2760 1013 sicut
2791 959 2960 1028 jussit
2991 960 3290 1028 imperator
3322 975 3441 1014 me-

1873 1055 2138 1102 moratus.
2166 1049 2304 1114 Quia
2335 1061 2514 1104 autem
2546 1049 2727 1119 plures
2779 1049 3090 1112 homicidae.
3122 1052 3213 1120 qui
3242 1051 3442 1105 caedem

1875 1141 2136 1193 meditato
2176 1149 2230 1194 et
2259 1141 2489 1195 consilio
2522 1153 2683 1211 capto
2713 1153 3050 1213 perpetrant,
3085 1144 3150 1196 ad
3203 1142 3442 1197 sanctis-

1873 1230 2067 1285 simam
2104 1231 2196 1284 Dei
2233 1231 2480 1300 Magnam
2507 1232 2807 1288 Ecclesiam
2862 1246 3046 1304 postea
3100 1237 3440 1296 accedentes,

1877 1336 1982 1374 non
2011 1331 2068 1374 ut
2094 1320 2237 1375 facta
2269 1331 2352 1376 est
2385 1338 2412 1375 a
2445 1337 2526 1387 se,
2562 1324 2655 1377 sed
2688 1331 2746 1375 ut
2774 1326 2840 1376 ad
2873 1339 3027 1377 suam
3078 1323 3203 1377 facit
3235 1324 3444 1379 utilita-

1876 1420 2004 1476 tem,
2036 1413 2316 1467 veritatem
2346 1413 2609 1480 celantes,
2640 1414 2840 1468 cmdem
2885 1413 3248 1479 confitentur;
3292 1414 3446 1482 jubet

1875 1517 1993 1556 mea
2036 1503 2337 1572 imperiaiis
2383 1504 2708 1569 sublimitas,
2745 1516 2802 1560 ut
2857 1521 2888 1560 a
2946 1507 3294 1568 sanctissimo
3346 1521 3446 1581 pro

1877 1603 2119 1662 tempore
2146 1586 2453 1665 patriar'cba
2491 1598 2556 1650 ad
2589 1597 2830 1665 regionis
2883 1597 3202 1663 antistitem,
3241 1606 3315 1664 et,
3351 1597 3445 1667 qni

1876 1687 1927 1740 ei
1961 1687 2174 1750 subest,
2217 1687 2444 1754 clerum,
2475 1690 2769 1755 quinetiam
2815 1688 2881 1742 ad
2933 1689 3166 1758 regionis
3211 1689 3448 1756 iudicem

1879 1795 2002 1835 cum
2057 1794 2232 1850 poma:
2267 1782 2689 1837 comminatione
2747 1781 3042 1835 scribatur.
3091 1781 3160 1834 Et
3185 1780 3450 1849 quemad-

199 1882 394 1947 γέγονε
432 1880 562 1947 παρ’
614 1878 790 1929 αὐτῶν
835 1878 864 1928 ό
899 1875 1080 1943 φόνος,
1140 1874 1278 1926 ἀλλὰ
1318 1874 1454 1944 πρὸς
1480 1875 1542 1927 τὸ
1571 1877 1772 1929 οἰκεῖον

1879 1873 2096 1926 modum
2141 1873 2340 1928 factam
2400 1889 2520 1928 esse
2573 1873 2770 1927 caedem
2814 1885 2878 1924 ex
2931 1871 3147 1924 illorum
3184 1874 3449 1936 rescripto

198 1969 482 2036 συμφέρον
515 1966 792 2017 ποιοῦνται
822 1963 921 2032 τὴν
943 1965 1355 2035 ἐξομολόγησιν,
1380 1966 1483 2034 τὴν
1513 1965 1772 2035 ἀλήθειαν

198 2062 713 2131 παρακρύπτοντες,
776 2059 1215 2128 παρακελεύεται
1269 2061 1302 2126 ἠ
1356 2058 1605 2127 βασιλεία
1670 2076 1773 2127 μου

196 2153 417 2221 γραφὴν
452 2151 701 2217 γίνεσθαι
745 2149 837 2202 τοῦ
882 2151 1025 2202 κατὰ
1062 2149 1290 2219 καιροὺς
1334 2150 1641 2217 άγιωτάτου
1673 2167 1777 2204 πα-

196 2244 464 2311 τριάρχου
505 2242 629 2311 μετ’
667 2241 946 2310 ἐπιτιμίου
981 2243 1116 2310 πρὸς
1155 2241 1248 2293 τὸν
1290 2240 1432 2293 κατὰ
1456 2241 1644 2312 χώραν
1676 2245 1774 2312 άρ-

197 2337 386 2404 χιερέα
419 2334 517 2386 καὶ
544 2333 636 2385 τὸν
677 2332 770 2384 ὑπ’
801 2333 966 2385 αὐτὸν
996 2332 1218 2401 κλῆρον,
1253 2331 1388 2385 ἀλλὰ
1417 2332 1523 2401 μὴν
1554 2333 1647 2386 καὶ
1681 2335 1773 2386 τὸν

197 2423 293 2475 τοῦ
341 2423 582 2489 θέματος
613 2423 918 2491 διαιτητὴν,
965 2422 1059 2475 καὶ
1087 2418 1272 2484 καθὼς
1315 2422 1479 2490 μάθοι
1517 2425 1772 2491 γενέσθαι

199 2515 290 2562 τδν
321 2514 484 2578 φόνον
518 2510 626 2562 άπὸ
647 2511 743 2577 τῆς
767 2509 992 2561 ἐκείνων
1025 2509 1392 2577 ἀντιγραφῆς,
1422 2509 1565 2562 οὕτω
1601 2513 1777 2563 ποιεῖν

200 2605 295 2654 καὶ
328 2603 430 2670 τὴν
466 2601 812 2664 ἐπεξέλευσιν
841 2615 856 2630 ο
881 2600 976 2652 καὶ
1011 2598 1086 2668 μὴ
1111 2599 1201 2651 τὸν
1229 2600 1295 2651 ἐκ
1319 2597 1550 2667 μελέτης
1583 2601 1778 2666 φονεύ-

1876 1961 2227 2028 intellexerit,
2284 1964 2355 2018 ita
2408 1977 2526 2017 eam
2584 1975 2801 2031 quoque
2857 1959 3203 2015 ulciscatur:
3256 1970 3310 2015 et
3342 1975 3446 2015 non

1877 2067 2025 2118 eum,
2082 2056 2172 2122 qui
2203 2053 2623 2123 captoconsilio
2656 2053 2856 2107 caedem
2899 2051 3048 2121 facit,
3085 2061 3302 2122 propter
3338 2051 3445 2106 fai-

1878 2161 1994 2200 sam
2033 2161 2186 2200 suam
2219 2146 2643 2209 confessionem,
2680 2147 2897 2201 easdem
2931 2160 3122 2216 ptenas
3154 2148 3453 2216 eademque

1879 2235 2166 2304 supplicia,
2202 2251 2324 2305 quae
2355 2236 2581 2291 fortuito
2611 2247 2666 2291 et
2695 2239 2992 2307 improviso
3019 2238 3072 2291 in
3101 2240 3205 2292 tale
3234 2238 3450 2307 aliquod

1878 2328 2085 2382 crimen
2135 2327 2404 2392 incidens,
2433 2330 2649 2383 subeat.
2687 2327 2744 2383 Si
2775 2329 2897 2399 quis
2921 2339 3102 2384 autem
3155 2329 3449 2391 homicida,

1879 2417 1970 2488 qui
1997 2418 2063 2470 ad
2093 2418 2495 2473 sanctissimam
2520 2417 2764 2489 Magnam
2792 2417 3089 2473 Ecclesiam
3129 2419 3454 2488 conlegerat
3532 2443 3534 2445 >

1881 2516 1935 2560 et
1959 2507 2044 2561 vel
2080 2515 2340 2577 perpetuo
2363 2509 2558 2563 exsilio
2586 2510 3001 2570 condemnatus,
3031 2507 3113 2564 vel
3142 2509 3193 2562 in
3222 2508 3455 2563 vinculis

1881 2610 1934 2651 et
1967 2603 2017 2652 in
2050 2611 2307 2670 perpetua
2338 2616 2459 2656 esse
2481 2601 2725 2656 custodia
2760 2611 2873 2657 toto
2900 2603 3023 2656 vita:
3053 2617 3162 2656 sum
3213 2611 3454 2669 tempore

200 2710 352 2753 οντα,
377 2692 466 2744 διὰ
495 2689 794 2774 τὴνιψευδῆ
822 2688 1163 2758 ἐξαγορείαν,
1196 2687 1294 2751 τὰς
1318 2688 1408 2742 τοῦ
1440 2691 1582 2743 κατά
1605 2691 1772 2761 τύχην

1877 2685 2059 2755 iussus
2094 2699 2232 2758 erat,
2268 2691 2513 2758 solutus,
2551 2692 2797 2747 inventus
2826 2692 2990 2748 fuerit
3044 2694 3098 2747 in
3151 2695 3267 2749 loco
3289 2733 3304 2757 ,
3358 2692 3450 2748 ubi

206 2782 297 2837 καὶ
330 2781 660 2850 άπροόπτως
695 2779 772 2849 τῷ
797 2778 1024 2847 τοιούτῳ
1057 2780 1446 2849 περιπεσόντος
1469 2783 1776 2852 ἐγκλήματι

201 2871 458 2940 δέχεσθαι
489 2870 679 2933 ποινὰς
711 2871 807 2922 καὶ
837 2872 903 2922 τά
937 2870 1211 2940 ἐπιτίμια.
1238 2871 1304 2922 Εἴ
1330 2888 1414 2933 τις
1447 2873 1634 2941 μέντοι
1667 2875 1773 2929 τῶν

203 2965 431 3032 φονέων,
472 2967 537 3033 τῇ
568 2964 845 3032 ἁγιωτάτῃ
891 2961 1119 3033 Μεγάλῃ
1168 2964 1502 3033 προσφυγὼν
1543 2965 1772 3038 Ἐκκλη-

205 3056 316 3123 sic},
346 3060 441 3104 καὶ
463 3053 496 3122 ἢ
522 3056 586 3122 τῇ
618 3053 877 3121 άειφυγίᾳ
904 3050 1280 3122 κατακρίθεὶς,
1305 3052 1338 3121 ἢ
1367 3053 1584 3123 δέσμιος
1613 3052 1772 3124 εἶναι,

203 3149 299 3196 καί
338 3147 397 3195 ὲν
431 3143 647 3212 φυλακῇ
682 3142 1060 3209 ἐγκεκλεῖσθαι
1107 3145 1238 3212 παρ’
1283 3144 1412 3214 ὃλην
1464 3147 1630 3201 αὑτοῦ
1676 3149 1774 3220 τὴν

203 3237 372 3305 ζωὴν,
403 3236 604 3305 εὑρεθῇ
649 3235 835 3297 ἄνετος
881 3236 1274 3305 ἐμπεριπατῶν
1321 3237 1452 3292 ἔνθα
1493 3241 1583 3294 τὸν
1616 3242 1775 3310 φόνον

203 3328 524 3396 εἰργάσατο,
556 3328 774 3395 δέσμιος
806 3329 959 3396 παρὰ
1002 3326 1096 3379 τοῦ
1137 3327 1279 3382 κατὰ
1323 3329 1506 3400 χώραν
1537 3333 1775 3403 πράκτο-

206 3435 298 3485 ρος
326 3418 771 3486 ἀποσταλήσεται
809 3418 886 3479 είς
921 3417 1018 3486 τὴν
1045 3419 1327 3488 βασιλείαν
1357 3438 1459 3489 μου
1484 3439 1498 3452 ·
1543 3425 1637 3476 καὶ
1675 3425 1777 3480 ὅσα

202 3507 258 3558 δὲ
286 3507 413 3559 τότε
446 3507 867 3577 παρευρεθῶσιν
893 3509 1059 3560 αὐτοῦ
1104 3511 1431 3580 πράγματα,
1469 3515 1548 3578 είς
1586 3517 1776 3585 κέρδος

203 3601 360 3651 ἔσται
412 3598 491 3667 τῷ
533 3599 827 3668 πράκτορι,
861 3599 953 3650 καὶ
987 3599 1064 3669 τῷ
1104 3600 1194 3652 τδν
1241 3603 1406 3669 φονέα
1462 3607 1778 3674 καταμηνύ-

204 3690 378 3750 σεὴντι,
413 3687 612 3756 ἐπίσης
650 3688 782 3757 παρ’
817 3687 997 3741 αὐτῶν
1049 3691 1385 3760 μεριζόμενα
1415 3709 1429 3722 ·
1465 3695 1689 3764 μελήσει
1718 3697 1776 3750 δὲ

203 3781 421 3839 πάντως
450 3781 544 3830 καὶ
570 3782 682 3840 τοῖς
715 3781 769 3832 ἐν
794 3781 858 3850 τῇ
902 3780 1180 3853 ἁγιωτάτῃ
1209 3783 1437 3855 Μεγάλῃ
1475 3786 1776 3857 Ἐκκλησία

200 3872 310 3924 τῶν
337 3871 599 3923 τοιούτων
631 3872 936 3939 διαιτηταῖς
966 3874 1104 3941 μετὰ
1145 3877 1531 3946 προσηκούσης
1557 3895 1776 3933 κανονι-

201 3961 305 4029 κῆς
345 3961 652 4029 αὐστηρίας
683 3962 750 4014 τὰ
784 3961 978 4028 φονικὰ
1015 3963 1264 4025 κολάζειν
1305 3967 1646 4037 ἐγκλήματα,
1681 3969 1777 4022 καὶ

206 4053 282 4121 μὴ
324 4054 450 4114 τοὺς
484 4053 732 4121 χρόνους,
778 4052 853 4114 ὡς
900 4054 1080 4124 ἔτυχε,
1119 4057 1455 4125 συντέμνειν,
1493 4059 1588 4113 καὶ
1642 4061 1776 4130 μηδέ

201 4142 290 4210 ἐφ’
316 4139 396 4204 οἷς
427 4144 489 4195 οὐ
521 4143 626 4212 χρὴ
656 4143 819 4195 πλέον
841 4143 935 4196 τοῦ
962 4146 1170 4207 είκότος
1207 4147 1772 4217 φιλανθρωπεύεσθαι.

206 4234 330 4285 Ἴσα
382 4235 570 4302 μέντοι
612 4233 705 4285 τοῦ
759 4234 1023 4303 παρόντος
1064 4234 1436 4305 διατάγματος
1481 4239 1580 4310 τῆς
1623 4241 1776 4309 βασι-

202 4324 354 4385 λείας
416 4341 520 4390 μου
573 4323 958 4394 ύπογραφέντα
987 4324 1140 4394 παρὰ
1185 4326 1295 4380 τῶν
1352 4331 1775 4399 προϊσταμένων

196 4413 312 4465 τῶν
370 4413 744 4484 δικαστηρίων
799 4414 1176 4469 ἀποσταλέντα
1228 4418 1349 4480 ταῖς
1400 4421 1541 4472 κατὰ
1590 4421 1774 4491 χώραν

1881 2779 2081 2832 caedem
2118 2782 2470 2850 perpetravit.
2501 2783 2800 2847 ambulare,
2825 2783 3040 2836 vinctus
3084 2783 3150 2837 ab
3175 2792 3450 2851 exactore,

1881 2873 1972 2940 qui
2007 2881 2092 2926 est
2125 2874 2179 2926 in
2205 2873 2447 2941 regione,
2478 2874 2545 2928 ad
2580 2887 2752 2928 meam
2782 2875 3120 2943 imperialem
3146 2877 3450 2932 sublimita.

1882 2971 1988 3014 tem
2023 2961 2288 3026 mittetur,
2341 2971 2395 3016 et
2431 2978 2768 3033 quaecunque
2795 2965 3015 3032 quidem
3070 2979 3156 3020 res
3215 2977 3345 3021 tunc
3393 2966 3445 3021 ei

1881 3053 2110 3110 inventae
2143 3054 2367 3122 fuerint,
2401 3057 2644 3110 exactori
2695 3056 2750 3110 in
2797 3056 3008 3110 lucrum
3049 3058 3264 3122 cedent,
3317 3067 3370 3112 et
3396 3059 3446 3113 ei

1881 3144 1971 3208 qui
2007 3144 2337 3199 homicidam
2375 3145 2632 3200 indicavit
2655 3161 2721 3201 ex
2757 3161 2912 3216 asque
2943 3147 3086 3201 inter
3113 3163 3206 3204 eos
3238 3148 3443 3203 divisae.

1881 3233 2115 3290 Omnino
2133 3245 2310 3290 autem
2343 3253 2487 3292 cura:
2511 3237 2614 3291 erit
2638 3237 2722 3299 iis,
2750 3238 2837 3304 qui
2869 3249 2992 3293 sunt
3023 3240 3076 3293 in
3106 3240 3450 3296 sanctissima

1879 3325 2075 3397 Magna
2108 3325 2377 3392 Ecclesia,
2414 3327 2628 3381 illorum
2684 3327 2978 3396 iudicibus,
3011 3339 3069 3383 ut
3104 3345 3225 3385 cum
3257 3346 3452 3387 conve-

1880 3420 2066 3474 niente
2094 3418 2352 3473 canonica
2390 3417 2682 3472 severitate
2737 3419 2965 3473 crimina
3004 3420 3168 3475 caedis
3198 3422 3448 3490 puniant,

1880 3494 2208 3579 ettempora
2241 3525 2346 3565 non
2393 3520 2596 3564 temere
2651 3511 2997 3575 contrahant,
3036 3525 3134 3567 nec
3161 3513 3443 3583 plusquam

1879 3614 1978 3667 par
2011 3599 2102 3664 sit,
2136 3600 2189 3653 in
2221 3600 2286 3654 iis
2320 3614 2440 3668 quae
2467 3614 2575 3653 non
2607 3600 2784 3663 decet,
2816 3614 2874 3654 se
2903 3601 3047 3656 lenes
3071 3611 3124 3655 et
3157 3603 3449 3659 clementes

1879 3697 2157 3757 praestent.
2239 3688 2539 3758 Imperialis
2606 3698 2785 3744 autem
2859 3705 2993 3745 meae
3046 3695 3452 3749 constitutionis

1879 3779 2146 3847 exempla,
2179 3777 2249 3833 ab
2276 3778 2340 3833 iis
2355 3780 2444 3847 qui
2469 3790 2706 3849 praesunt
2728 3779 2946 3849 iudiciis
2965 3781 3255 3852 descripta,
3285 3785 3450 3841 missa

1881 3869 1947 3923 ad
1977 3870 2237 3924 ecclesias
2267 3885 2388 3938 qua:
2431 3881 2558 3925 sunt
2595 3871 2648 3927 in
2698 3871 2916 3942 regione
2955 3873 3025 3927 ibi
3078 3886 3449 3944 reponentur;

1883 3967 1943 4014 ut
1997 3974 2187 4015 eorum
2244 3975 2362 4027 quae
2413 3971 2540 4015 sunt
2571 3963 2888 4028 constituta,
2933 3980 3122 4019 omnes
3165 3968 3448 4021 scientiam

1880 4050 2141 4115 habeant,
2175 4060 2234 4106 ut
2263 4051 2471 4107 faciant
2495 4055 2951 4122 quemadmodum
2985 4058 3063 4110 eis
3094 4059 3449 4127 comprehen-

1879 4141 2047 4195 ditur.
2084 4141 2242 4209 Quod
2267 4142 2313 4197 si
2345 4143 2392 4198 is
2446 4145 2537 4211 qui
2564 4154 2722 4214 capto
2771 4146 2996 4199 consilio
3027 4148 3228 4201 cmdcm
3284 4150 3449 4212 fecit,

1880 4242 2160 4287 tonsuram
2211 4250 2308 4289 sua
2343 4245 2534 4305 sponte
2567 4235 2812 4304 elegerit,
2856 4251 2961 4292 non
3016 4240 3218 4309 absque
3249 4244 3450 4310 proba-

1879 4323 2023 4377 tione
2059 4324 2203 4379 iuter
2257 4327 2553 4380 monachos
2605 4329 2973 4394 cooptabitur,
3009 4333 3100 4385 sed
3161 4333 3447 4389 sullicienti

1881 4425 2125 4483 tempore
2142 4417 2548 4471 accuratissime
2569 4426 2618 4471 et
2639 4419 3050 4488 diligentissime
3073 4437 3138 4477 ex
3172 4427 3445 4481 canonicis

197 4505 522 4574 ἐκκλησίαις
549 4505 949 4574 άποτεθήσεται
971 4522 984 4536 °
1006 4507 1148 4560 ὥστε
1174 4509 1379 4573 πάντας
1405 4510 1610 4581 εῐδησιν
1629 4512 1772 4583 ἔχειν

1881 4504 2361 4560 constitutionibus
2405 4508 2770 4570 examinatus,
2822 4520 2876 4563 et
2921 4512 3201 4579 probatus,
3252 4514 3302 4567 in
3330 4529 3446 4569 mo-

199 4596 313 4648 τῶν
348 4598 745 4666 διωρισμένων,
792 4597 868 4659 ὡς
908 4598 974 4650 ἂν
1019 4599 1216 4652 ποιῶσι
1257 4601 1399 4654 κατά
1435 4602 1534 4672 τὴν
1563 4606 1768 4661 τούτων

1877 4594 2120 4650 nasterio
2175 4595 2259 4649 vel
2315 4596 2520 4652 invitus
2568 4607 2681 4653 toto
2743 4601 2866 4654 vita:
2925 4613 3164 4672 tempore
3228 4620 3448 4662 manere

198 4689 518 4756 περίληψιν.
549 4689 722 4756 Εἴπερ
753 4689 935 4757 μέντοι
958 4690 985 4741 ό
1015 4691 1106 4744 τὸν
1142 4691 1581 4763 μεμελετημένον
1608 4699 1766 4765 φόνον

1877 4695 2120 4757 cogetur,
2158 4703 2260 4743 nec
2300 4689 2348 4743 ei
2406 4704 2640 4758 unquam
2687 4690 2832 4746 illine
2877 4695 3028 4749 exire
3078 4701 3442 4765 permittatur.

200 4780 578 4849 ἐργασάμενος
625 4780 884 4842 ἑκουσίως
936 4780 1110 4833 ἕλοιτο
1149 4783 1251 4851 τὴν
1294 4783 1620 4854 άπόκαρσιν,
1664 4790 1765 4841 οὐκ

1877 4777 2258 4832 Monasterin‘m
2293 4787 2473 4832 autem
2502 4781 2608 4835 erit
2638 4783 2858 4838 omnino
2891 4786 2944 4838 in
2977 4785 3081 4840 alia
3134 4789 3442 4857 provincia,

199 4870 584 4938 ἀδοκιμάστως
618 4872 728 4932 τοῖς
771 4873 1019 4940 μοναχοῖς
1063 4873 1581 4944 ἐγκαταλεγήσεται,
1625 4878 1764 4932 άλλά

1877 4882 1926 4926 et
1957 4885 2058 4925 non
2077 4872 2129 4923 in
2156 4885 2219 4924 ea
2242 4880 2383 4924 terra
2412 4887 2534 4940 qua:
2562 4873 2757 4928 mortui
2783 4879 3104 4948 sanguinem
3153 4881 3440 4936 dehiscens

201 4960 338 5024 μετά
365 4960 570 5027 πολλῆς
595 4959 875 5028 ἀκριϐείας
905 4963 998 5013 καὶ
1045 4960 1342 5027 ἐξετάσεως
1371 4965 1460 5019 τὸν
1487 4967 1762 5037 ἀρκοῦντα

1877 4964 2009 5020 male
2029 4962 2284 5030 suscepit.

197 5052 390 5119 χρόνον
425 5052 566 5103 κατά
608 5052 704 5113 τὰς
726 5053 1016 5116 κανονικάς
1033 5053 1302 5118 διατάξεις
1322 5056 1768 5130 βασανιζόμενος.
1803 5060 1894 5130 Τῷ
1929 5059 2112 5128 μέντοι
2145 5057 2495 5126 μοναστηρίῳ
2547 5057 2640 5110 καὶ
2674 5059 2823 5111 ἄκων
2874 5063 3203 5130 προσμένειν
3263 5068 3435 5134 ἀναγ-

198 5145 533 5212 κασθήσεται
567 5142 696 5210 παρ’
738 5142 858 5195 ὅλον
905 5144 996 5195 τὸν
1026 5144 1127 5213 τῆς
1167 5147 1310 5216 ζωῆς
1348 5149 1511 5202 αὐτοῦ
1569 5154 1778 5222 χρόνον,
1820 5154 2088 5222 μηδέποτε
2118 5149 2310 5200 τούτου
2341 5148 2657 5219 ἐξέρχεσθαι
2699 5153 3168 5222 συγχωρούμενοο.
3216 5157 3438 5224 Πάντως

194 5238 250 5289 δὲ
285 5239 342 5289 τὸ
372 5235 737 5305 μοναστήριον
756 5237 814 5286 ἐν
840 5235 1002 5306 ἑτέρᾳ
1040 5236 1193 5289 ἔσται
1235 5241 1494 5310 ἐπαρχίᾳ,
1537 5245 1629 5296 καὶ
1659 5245 1758 5296 οὐκ
1790 5247 1847 5296 ἐν
1883 5243 2069 5314 ἐκείνῃ
2110 5242 2176 5310 τῇ
2217 5243 2308 5309 γῇ,
2353 5240 2388 5306 ἥ
2418 5240 2479 5291 τὺ
2529 5239 2626 5294 τοῦ
2677 5241 2929 5305 θανόντος
2988 5240 3127 5314 αἷμα
3200 5249 3441 5316 χανοῦσα

195 5329 378 5392 κακῶς
422 5329 454 5379 ύ
466 5326 741 5392 πεδέξατο.

263 5425 508 5478 ΖΩΝΑΡ.
544 5424 684 5492 Περὶ
711 5424 972 5476 ἑκουσίων
996 5427 1089 5477 καὶ
1119 5427 1389 5481 ἀκουσίων
1414 5431 1589 5497 φόνων
1619 5433 1767 5502 ἠρω-

190 5510 326 5578 τήθη
359 5513 386 5563 ὁ
411 5513 590 5575 ᾶγιος,
626 5511 718 5561 καὶ
747 5514 886 5574 τέως
934 5512 1025 5563 τὸν
1051 5513 1148 5583 τὴν
1168 5517 1359 5586 άξίνην
1386 5519 1764 5590 άκοντίσαντα,

1939 5431 2046 5502 33
2078 5426 2332 5482 ZUNAR.
2367 5425 2442 5481 De
2485 5426 2807 5482 voluntariis
2839 5442 2902 5482 ac
2923 5427 3300 5487 invoiuutariis
3325 5449 3435 5489 ca:-

1871 5523 2028 5576 dibus
2079 5521 2450 5588 interrogatus
2501 5528 2585 5571 est
2648 5527 2922 5573 sanctus:
2962 5529 3125 5588 atque
3185 5522 3312 5578 hinc
3343 5524 3433 5592 qui

191 5603 281 5654 καὶ
308 5603 593 5672 πλήξαντα
634 5602 807 5671 ταύτῃ
862 5604 961 5672 την
1014 5607 1220 5658 οἰκείαν
1273 5611 1544 5680 γαμετὴν,
1598 5615 1763 5680 φονέα

1877 5615 2100 5670 securim
2142 5611 2416 5682 jaculatus
2463 5619 2578 5677 est,
2620 5625 2793 5680 eaque
2851 5627 3076 5666 uxorem
3120 5628 3270 5668 suam
3306 5629 3430 5682 per-

189 5688 327 5744 είναι
361 5692 616 5744 ἑκούσιον
683 5693 1021 5760 ἀπεφήνατο,
1084 5696 1178 5746 καὶ
1241 5697 1418 5751 πάντα
1470 5700 1558 5753 τὸν
1617 5702 1763 5771 ξίφει

1877 5706 2056 5766 tussit,
2099 5703 2423 5757 homicidam
2452 5717 2571 5757 esse
2601 5702 2968 5758 voluntarium
3013 5705 3430 5768 demonstravit,

188 5782 466 5852 χρώμενον
525 5781 793 5846 οίῳδήτινι
844 5783 982 5836 κατά
1028 5800 1191 5846 τινος.
1229 5787 1469 5842 Ποιείται
1512 5791 1564 5845 Et
1619 5793 1756 5845 διαί-

1877 5806 1918 5850 zt
1967 5797 2281 5863 quicunque
2332 5794 2511 5863 gladio
2561 5793 2812 5865 quopiam
2875 5795 3132 5850 adversus
3185 5796 3417 5867 aliquem

511 5877 777 5936 I‘A'rnos.
834 5879 946 5938 Gtt.
1001 5883 1373 5943 CXXXVIII.

3047 5885 3124 5947 20
