4018 6452
558 368 685 431 (619
1839 371 1940 431 ἸἮ
1952 371 2119 434 ΕΟΙ).

2261 369 2561 430 LSAMON
3722 375 3846 440 (ΞΞο

569 485 773 538 utitur.
808 482 1108 536 liiscrimcn
1149 493 1313 550 porro
1335 483 1616 536 constituit
1642 481 1782 534 inter
1807 481 2137 536 voluntarias

2249 497 2399 551 ρεσιν
2425 480 2534 532 τῶν
2569 481 2838 534 ἑκουσίων
2873 483 2967 538 καὶ
3017 484 3292 539 ἀκουσίων
3328 484 3544 552 φόνων·
3582 491 3680 542 καὶ
3743 492 3846 543 τὸν

577 595 639 633 ac
673 576 1068 630 invnlttnlarias
1096 574 1272 628 caedes
1311 592 1324 627 :
1360 588 1423 628 ac
1451 589 1574 628 eum
1603 573 1706 641 ‘qui
1739 573 2010 634 inferam,
2057 574 2137 626 vel

2249 572 2348 641 μὲν
2373 574 2464 624 ἐπὶ
2507 571 2752 642 θηρίονῆ
2786 573 3004 643 δένδρον
3035 576 3268 647 ῥίψαντα
3320 577 3494 641 λίθον,
3545 579 3839 648 πλήξαντα

570 675 826 724 'a-rhm'cm
884 666 1120 736 lapidem
1169 667 1322 736 jecit,
1381 667 1652 718 hominem
1689 679 1816 718 vero
1861 664 1968 720 illic
2003 664 2142 719 forte

574 767 1000 816 commorautem
1027 761 1334 826 percussit;
1367 759 1509 811 iilum
1527 772 1740 826 quoque
1765 757 1855 826 qui
1877 757 1990 810 loro
2011 796 2026 819 ,
2052 767 2144 810 aut

574 851 676 905 levi
703 852 848 920 virga
882 849 1191 917 quempiam
1223 849 1520 915 disciplinae
1540 847 1710 916 gratia
1739 847 2064 908 verberavit.
2095 847 2140 902 si

573 942 896 993 verheratus
921 939 1174 1001 intereat,
1203 937 1625 991 involuntarium
1647 935 2002 1005 proculdubio
2049 936 2144 988 ho-

571 1031 823 1082 micidam
854 1040 1033 1084 vorat.
1066 1029 1167 1095 Qui
1193 1041 1367 1084 autem
1397 1030 1447 1082 in
1467 1029 1811 1082 contentione
1835 1027 2140 1096 quempiam

575 1121 832 1174 solidiore
889 1120 1084 1174 bacillo
1131 1129 1223 1173 aut
1275 1134 1438 1172 manu
1495 1118 1695 1171 acriter
1731 1117 1785 1170 in
1845 1118 2142 1185 praecipuas

574 1221 756 1277 partes
812 1210 1104 1278 percussit,
1169 1208 1384 1263 etiamsi
1444 1205 1752 1261 interﬁcere
1811 1205 1950 1259 haud
1983 1205 2142 1258 vellet

572 1300 939 1363 vulneratum,
992 1300 1084 1353 sed
1120 1299 1316 1353 laedere
1371 1306 1582 1351 tantum
1612 1305 1666 1351 et
1699 1296 2040 1364 propulsare,
2075 1295 2141 1347 ad

573 1391 938 1445 voluntarium
977 1389 1303 1442 homicidam
1337 1389 1576 1455 proxime
1612 1387 1870 1440 accedere
1891 1384 2140 1450 affirmat,

574 1484 618 1536 si
650 1483 968 1535 vulneratus
995 1479 1246 1532 intereat.
1279 1476 1381 1541 Qui
1421 1485 1602 1530 autem
1634 1477 1780 1546 ligno
1808 1476 1957 1544 gravi
1982 1485 2032 1529 et
2065 1479 2143 1528 in-

575 1573 722 1638 genti
778 1571 952 1639 lapide
982 1571 1246 1622 adversus
1282 1567 1514 1636 aliquem
1567 1583 1700 1621 usus
1729 1566 1950 1630 occidit,
1977 1568 2141 1620 invo-

576 1665 870 1716 luntarium
927 1659 1066 1714 forte
1117 1661 1442 1714 homicidam
1472 1675 1594 1714 esse
1630 1661 1834 1713 deﬁnit.
1882 1659 1982 1724 Qui
2015 1672 2143 1712 vero

577 1769 708 1805 ense
735 1753 988 1821 quopiam
1036 1761 1116 1806 cst
1141 1767 1293 1815 usus,
1325 1761 1379 1806 et
1411 1752 1673 1814 latrones,
1703 1761 1758 1804 ct
1789 1753 1881 1815 qui
1919 1751 2141 1804 bellicas

575 1845 923 1896 incursiones
954 1842 1158 1894 faciunt
1197 1843 1266 1896 ob
1301 1842 1586 1908 rapiendas
1635 1844 1913 1910 pecunias,
1949 1843 2137 1895 volun-

2258 1840 2415 1892 Ἀλλά
2452 1841 2559 1910 μὴν
2591 1842 2839 1904 καὶτοὺς
2879 1843 3151 1910 φάρμακα
3205 1844 3447 1906 διδόντας

572 1936 743 1989 tarios
801 1935 1103 1988 homicidas
1146 1949 1267 1988 esse
1329 1934 1688 1987 demonstrat.
1751 1934 1892 1999 Quin
1953 1942 2006 1986 ct
2045 1934 2135 2001 qui

573 2023 866 2091 pharmaca
924 2024 1163 2091 praebent
1216 2022 1508 2090 aliquibus,
1541 2023 1753 2074 etiamsi
1806 2021 2136 2083 interﬁcere,

569 2116 660 2183 qui
693 2115 1044 2186 pharmacum
1089 2115 1328 2178 miscuit,
1379 2113 1797 2182 haudquaquam
1845 2111 1899 2164 in
1958 2112 2139 2165 animo

574 2207 847 2268 nabuerit,
881 2207 976 2258 sed
1019 2204 1252 2274 aliquem
1301 2204 1368 2258 ad
1403 2219 1638 2258 amorem
1684 2204 1853 2258 voluit
1883 2204 2135 2266 allicere;

568 2295 700 2350 illud
740 2309 868 2349 vero
900 2296 1154 2348 haustum
1190 2295 1463 2349 bibentem
1514 2295 1808 2360 interiecit,
1839 2302 1932 2349 aut
1964 2295 2140 2348 homi.

572 2387 660 2441 nis
713 2397 949 2440 mentem
979 2385 1231 2452 corrupit
1285 2366 1361 2437 ad.
1386 2384 1655 2438 insaniam
1710 2399 1832 2438 eum
1893 2385 2134 2452 adigens,

573 2478 717 2530 inter
736 2477 1076 2530 voluntarias
1110 2478 1286 2532 caedes
1333 2483 1634 2529 enumerat.
1672 2474 1983 2528 Homicidas
2010 2489 2139 2528 vero

570 2567 827 2622 mulieres
874 2567 1006 2620 dicit
1068 2581 1164 2620 eas
1217 2580 1454 2634 quoque,
1493 2581 1612 2632 qua:
1666 2567 1957 2633 pharmaca
2007 2565 2140 2619 dant

2249 659 2308 710 δὲ
2334 659 2622 728 ἄνθρωπον
2643 661 2804 729 τυχὸν
2836 665 3101 732 παριόντα
3146 665 3298 718 ἐκεῖ·
3347 667 3444 719 καὶ
3479 667 3576 720 τὸν
3606 669 3773 739 λώρφ
3804 672 3840 738 ἢ

2245 749 2455 818 ἐλαφρᾷ
2491 749 2669 819 ράϐδῳ
2701 752 2984 820 πλήξαντά
3014 771 3136 807 τινα
3165 757 3256 808 διὰ
3313 757 3622 822 παίδευσιν,
3651 761 3748 812 ἐὰν
3783 762 3846 814 δὲ

2243 843 2271 892 6
2291 839 2520 908 πληγεὶς
2553 841 2823 912 ἀποθάνῃ,
2856 844 3114 895 ἀκούσιον
3135 845 3301 911 φονέα
3332 846 3490 898 καλεί
3518 847 3844 916 ἀναμφίϐο-

2245 929 2352 982 λον.
2393 931 2495 982 Τὸν
2535 931 2590 983 δέ
2625 934 2683 984 ἐν
2719 932 3025 1003 φιλονεικίᾳ.
3078 935 3366 1005 πλήξαντά
3417 954 3542 990 τινα
3590 940 3839 1007 στιϐαρᾷ

2246 1023 2446 1093 ῥάϐδῳ,
2477 1023 2510 1093 ἡ
2543 1026 2606 1091 τῇ
2632 1025 2777 1094 χειρὶ
2811 1025 3048 1093 ἀφειδῶς
3089 1030 3186 1081 ἐπὶ
3232 1031 3302 1080 τά
3356 1029 3575 1099 καίρια,
3611 1031 3720 1083 κᾶν
3759 1033 3841 1100 μὴ

2242 1114 2454 1167 ἀνελεῖν
2505 1114 2668 1184 ἧθελε
2707 1113 2800 1167 τὸν
2862 1117 3168 1186 πληγέντα,
3224 1119 3363 1172 ἀλλά
3413 1121 3675 1174 κακῶσαι
3743 1125 3845 1174 καὶ

2243 1201 2578 1271 ἀμύνασθαι,
2617 1201 2859 1270 ἐγγίζειν
2892 1204 2970 1274 τῷ
3015 1206 3280 1270 ἑκουσίως
3311 1209 3600 1276 φονεύοντι
3653 1209 3840 1276 λέγει,

2243 1292 2336 1344 τοῦ
2368 1292 2666 1361 πληγέντος
2705 1294 3116 1358 ἀποθανόντος*
3145 1299 3241 1351 καὶ
3270 1300 3361 1350 τὸν
3410 1300 3553 1369 ξύλῳ
3584 1301 3640 1353 δὲ
3675 1300 3846 1369 βαρεῖ

2243 1385 2338 1437 καὶ
2376 1383 2507 1454 λίθῳ
2561 1385 2784 1454 μεγάλῳ
2814 1388 3164 1457 χρησάμενον
3216 1393 3358 1443 κατά
3385 1409 3552 1457 τινος,
3582 1395 3680 1446 καὶ
3706 1395 3847 1447 ἀνε-

2253 1476 2439 1541 λόντα,
2471 1477 2726 1530 ἀκούσιον
2747 1479 2887 1547 τάχα
2922 1481 3087 1548 φονέα
3134 1476 3274 1534 εἶναι
3311 1485 3579 1550 ὁρίζεται.
3644 1486 3754 1539 Τὸν
3780 1487 3847 1537 δὲ

2245 1564 2387 1632 ξίφει
2416 1568 2759 1636 χρησάμενον
2783 1569 3078 1639 οίῳδήτινι,
3151 1571 3396 1632 καὶτοὺς
3453 1572 3684 1644 λῃστὰς,
3737 1577 3846 1626 καὶ

2243 1659 2345 1718 τὰς
2397 1659 2620 1726 ἑφύδους
2689 1659 2974 1723 ποιοῦντας
3033 1661 3340 1730 πολεμικὰς
3416 1663 3507 1716 διὰ
3572 1665 3846 1733 ἀρπαγάς

2246 1749 2568 1818 χρημάτων,
2596 1750 2873 1812 ἑκουσίους
2900 1751 3169 1818 φονευτάς
3227 1747 3367 1803 εἷναι
3433 1753 3842 1820 ἀποφαίνεται.

3518 1845 3658 1905 τισὶ,
3729 1846 3848 1897 κᾶν

2249 1931 2323 1999 μὴ
2352 1931 2613 1998 φονεῦσαι
2645 1933 2673 1984 6
2703 1933 2763 1986 τὸ
2789 1933 3078 2000 φάρμακον
3106 1935 3344 2003 κεράσας
3372 1935 3665 2002 προέθετο,
3693 1935 3845 1986 ἀλλά

2244 2021 2384 2088 πρὸς
2415 2022 2637 2090 φίλτρον
2685 2024 3068 2090 ἐπαγαγέσθαι
3135 2026 3257 2077 τινὰ
3314 2025 3589 2088 ἐϐούλετο,
3653 2027 3716 2077 τὸ
3773 2026 3843 2077 δὲ

2245 2110 2409 2162 ποθέν
2443 2111 2622 2162 ἀνεῖλε
2647 2111 2738 2162 τὸν
2768 2113 2981 2176 πιόντα,
3016 2113 3046 2182 ἢ
3085 2113 3174 2167 τὸν
3216 2113 3342 2166 νοῦν
3394 2114 3488 2165 τοῦ
3533 2111 3841 2184 ἀνθρώπου

2245 2199 2546 2269 διέφθειρε,
2590 2203 2915 2272 παράφρονα
2945 2202 3180 2270 ποιῆσαν
3222 2204 3313 2255 τὸν
3362 2205 3675 2272 ἄνθρωπον,
3718 2206 3842 2264 τοῖς

2246 2292 2518 2352 ἑκουσίοις
2543 2292 2724 2359 φόνοις
2757 2293 3072 2362 ἑναριθμεί.
3108 2295 3440 2363 Φονευτρίας
3467 2295 3526 2347 δέ
3553 2295 3707 2360 λέγει
3733 2297 3841 2348 καὶ

2245 2383 2340 2446 τὰς
2371 2383 2440 2436 τὰ
2469 2382 2842 2454 ἀμϐλωθρίδια
2868 2384 3118 2448 διδούσας
3146 2385 3439 2452 φάρμακα,
3469 2385 3569 2437 καὶ
3600 2385 3700 2447 τάς
3743 2386 3843 2438 δε-

2243 2475 2481 2544 χομένας
2519 2474 2677 2538 αὐτὰ,
2711 2473 2892 2537 καθὼς
2921 2475 3016 2528 καὶ
3042 2477 3101 2527 ἑν
3129 2476 3208 2546 τῷ
3233 2476 3472 2546 δευτέρῳ
3506 2476 3673 2528 αὑτοῦ
3724 2493 3839 2530 κα.-

2247 2564 2361 2616 νόνι
2399 2563 2504 2633 ἠδη
2527 2566 2658 2633 περὶ
2681 2563 2886 2616 τούτων
2911 2563 3170 2633 ὡρίσατο.

570 2662 816 2714 abortum
846 2659 1067 2723 cientia,
1100 2671 1152 2714 et
1184 2675 1304 2729 quae
1333 2660 1418 2712 illa
1450 2660 1748 2728 accipiunt,
1776 2659 2231 2729 quemadmodum
2267 2657 2320 2710 in
2359 2657 2601 2711 secundo
2637 2657 2810 2725 ipsius
2833 2673 3048 2711 canone
3071 2659 3182 2725 jam
3211 2657 3278 2712 de
3324 2658 3426 2711 hac
3459 2673 3518 2712 re
3555 2657 3839 2720 deﬁnlvn.

640 2745 869 2801 ARIST.
906 2747 1182 2801 Homicida
1215 2759 1295 2801 est
1348 2749 1438 2816 qui
1477 2749 1654 2802 securi
1689 2759 1877 2802 contra
1911 2763 2134 2802 uxorem

575 2853 707 2891 usus
739 2848 842 2891 est.
900 2836 1305 2890 lnvoluutarius
1345 2851 1475 2890 vero
1507 2837 1776 2890 homicida
1824 2837 1916 2904 qui
1963 2837 2139 2904 lapide

571 2929 628 2981 in
667 2943 857 2981 canem
911 2927 1061 2995 jacto
1119 2927 1390 2980 hominem
1443 2937 1723 2980 assecutus
1783 2935 1867 2980 cst
1905 2943 1916 2978 :
1955 2936 2009 2979 ct
2046 2926 2137 2994 q-ui

572 3020 805 3087 «:aStigat
833 3019 966 3080 loro,
994 3029 1045 3070 et
1077 3021 1246 3086 virga.
1279 3019 1380 3082 Qui
1407 3020 1458 3071 in
1497 3033 1672 3086 pugna
1697 3018 1840 3087 ligno
1867 3018 1948 3072 vel
1977 3032 2139 3070 manu

569 3109 733 3160 ictum
799 3109 851 3159 in
891 3107 1193 3175 praecipuas
1234 3118 1411 3174 partes
1455 3114 1694 3173 torquet,
1727 3115 1780 3159 et
1837 3107 2091 3160 interﬁcit
2117 3144 2132 3171 ,

569 3199 635 3252 ad
672 3198 1034 3250 voluntarium
1086 3211 1253 3266 proiic
1282 3199 1513 3252 accedit.
1547 3198 1648 3262 Qui
1678 3197 1857 3266 gladio
1915 3207 2007 3250 aut
2042 3198 2136 3249 ali-

566 3305 676 3357 quo
724 3287 993 3355 ejusmodi
1045 3303 1177 3342 usus
1231 3298 1335 3351 est,
1369 3290 1592 3343 omnino
1639 3297 1725 3342 est
1768 3289 2132 3342 voluntarius.

565 3379 697 3432 item
735 3379 879 3431 latro
909 3387 964 3433 et
997 3379 1188 3442 hostis,
1224 3387 1277 3431 et
1305 3379 1394 3447 qui
1427 3380 1587 3432 aliam
1616 3380 1684 3433 ob
1715 3393 1934 3433 causam
1966 3391 2133 3432 vene-

571 3485 696 3522 num
751 3469 979 3530 dederit,
1016 3469 1058 3522 si
1103 3467 1460 3533 interfecerit,
1488 3479 1572 3524 est
1603 3470 1933 3524 voluntarius
1958 3469 2134 3524 homi-

2321 2746 2543 2800 ΔΙῚΣΤ.
2598 2749 2818 2812 Φονεὺς,
2849 2750 2874 2800 6
2909 2749 3051 2801 κατά
3076 2749 3177 2816 τῆς
3216 2748 3474 2814 γυναικὸς
3507 2749 3664 2819 ἀξίνῃ
3687 2766 3839 2820 χρη-

2248 2840 2504 2908 σάμενος.
2547 2840 2826 2899 ’Δκούσιος
2886 2842 3150 2911 φονευτὴς
3201 2843 3230 2893 6
3296 2841 3444 2894 λίθον
3511 2844 3673 2910 ἀφεὶς
3733 2848 3839 2898 ἐπὶ

2246 2933 2407 2995 κύνα,
2438 2933 2530 2984 καὶ
2558 2932 2848 2999 ἀνθρώπου
2877 2933 3059 3002 τυχών
3083 2950 3097 2965 ο
3131 2937 3223 2987 καὶ
3261 2936 3288 2985 6
3333 2935 3606 2987 παιδεύων
3636 2937 3838 3003 ίμάντι

2252 3023 2347 3074 καὶ
2375 3021 2543 3091 λύγῳ.
2593 3022 2648 3073 '0
2678 3021 2732 3074 δὲ
2767 3023 2826 3074 ὲν
2853 3023 3000 3091 μάχῃ
3032 3021 3173 3090 ξύλῳ
3201 3023 3232 3092 ἢ
3259 3025 3402 3091 χειρὶ
3428 3024 3551 3084 δοὺς
3610 3025 3707 3076 ἐπὶ
3761 3027 3840 3078 τὰ

2247 3115 2438 3180 καίρια
2486 3113 2581 3165 καὶ
2635 3112 2859 3176 ἀνελὼν,
2896 3113 3026 3182 ἄγχι
3072 3114 3163 3165 τοῦ
3223 3115 3494 3167 ἑκουσίου.
3566 3116 3626 3167 '0
3683 3115 3838 3185 ξίφει

2246 3204 2653 3274 χρησάμενοςῆ
2696 3206 2923 3275 τοιούτῳ
2949 3208 3076 3272 τινὶ,
3115 3207 3332 3270 πάντως
3378 3208 3651 3272 ἑκούσιος.
3718 3212 3840 3264 Καὶ

2247 3295 2529 3364 ὀληστης,
2585 3296 2738 3348 καὶό
2767 3298 3045 3366 πολέμιος,
3076 3300 3170 3350 καὶ
3219 3300 3248 3350 6
3297 3299 3364 3350 δι’
3421 3299 3591 3369 ἀλλην
3646 3300 3838 3353 αἰτίαν

2245 3385 2463 3448 ἐπιδοὺς
2496 3388 2810 3456 φάρμακον,
2847 3391 2894 3442 εί
2926 3390 3113 3459 ἀνέλῃ,
3166 3389 3418 3453 ἑκούσιος
3441 3408 3456 3422 ο
3496 3393 3594 3443 καὶ
3631 3395 3690 3444 αί
3759 3393 3839 3445 τὰ

2244 3472 2623 3544 ἀμϐλωθρίδια
2652 3475 2914 3543 διδοῦσαι,
2951 3479 3043 3530 καὶ
3076 3479 3133 3531 αί
3163 3479 3568 3549 λαμϐάνουσαι.

565 3567 711 3620 cida.
742 3566 873 3618 ltem
906 3578 1024 3632 qua:
1058 3564 1446 3618 medicamenta
1480 3569 1727 3618 abortum
1762 3564 2112 3633 provocantis
2145 3564 2293 3631 dant,
2328 3577 2380 3622 et
2408 3583 2528 3638 qua:
2563 3571 2857 3641 accipiunt.

648 3660 1075 3714 llomicidiornm
1113 3661 1358 3727 quardam
1391 3669 1516 3713 sunt
1545 3659 1866 3726 voluntaria,
1903 3660 2004 3714 alia
2040 3675 2138 3714 au-

569 3769 674 3808 tem
733 3752 1095 3806 involuntaria
1132 3789 1146 3814 ,
1200 3750 1305 3804 alia
1342 3765 1470 3804 vero
1499 3751 1612 3804 fere
1670 3751 1998 3805 voluntaria.
2034 3750 2135 3816 Qui

573 3846 718 3895 enim
757 3842 947 3898 securi
982 3841 1212 3906 aliquem
1273 3842 1424 3908 petit,
1465 3850 1517 3892 et
1546 3856 1667 3894 eum
1719 3843 1937 3906 occidit,
1969 3849 2022 3896 et
2046 3842 2137 3911 qui

571 3941 636 3988 ad
703 3934 1134 3986 interiectionem
1171 3931 1350 3998 gladio
1384 3946 1514 3985 usus
1559 3941 1660 3995 est,
1695 3943 1749 3985 ct
1797 3933 2054 3996 latrones,
2085 3943 2140 3987 et

571 4028 753 4076 hostes
783 4021 893 4091 (isti
917 4020 1062 4073 enim
1089 4029 1307 4089 propter
1329 4019 1614 4086 pecuniam
1637 4020 1914 4085 occidunt,
1963 4021 2016 4074 hi
2043 4036 2138 4073 au-

569 4125 675 4166 tem
705 4111 1046 4164 adversarios
1071 4109 1358 4164 manifesto
1385 4111 1581 4164 vellent
1611 4112 1883 4179 occidere)
1901 4112 2140 4165 volunta-

570 4206 635 4259 rii
683 4203 996 4273 judicantur
1029 4202 1327 4255 homicidae.
1375 4201 1636 4254 Similiter
1667 4210 1720 4255 et
1751 4215 1871 4269 qua:
1900 4201 2139 4255 medica-

570 4307 750 4349 menta
777 4294 944 4346 fetum
977 4291 1222 4344 necantia
1247 4293 1416 4354 dant,
1451 4299 1503 4341 et
1528 4305 1648 4358 quae
1667 4291 1853 4344 eadem
1879 4298 2132 4344 sumunt:

570 4398 623 4438 et
650 4399 769 4452 qua:
809 4382 1008 4434 vellent
1046 4396 1285 4433 amorem
1323 4379 1554 4446 alicujus
1585 4381 1650 4434 ad
1699 4396 1758 4434 se
1807 4382 2082 4434 attrahere
2115 4396 2131 4434 :

573 4487 626 4528 ct
659 4477 1114 4528 medicamentum
1144 4475 1587 4534 commiscentes,
1621 4473 1858 4538 illudque
1893 4473 1992 4540 ipsi
2025 4480 2134 4525 tra-

574 4570 788 4627 dentes,
844 4573 900 4614 tit
949 4561 1204 4614 tenebras
1243 4562 1541 4616 intellectui
1577 4561 1884 4625 offundam,
1923 4561 1965 4615 si
1999 4561 2134 4614 reci-

571 4657 809 4722 pientem
846 4635 1167 4715 occiderint,
1213 4652 1514 4706 voluntarie
1556 4653 1890 4706 interemisse
1919 4651 2133 4717 judica-

579 4749 802 4798 buntur.
832 4743 931 4808 Qui
968 4753 1144 4797 autem
1190 4743 1420 4809 lapidem
1455 4744 1506 4795 in
1531 4758 1720 4797 canem
1752 4752 1845 4796 aut
1889 4742 2136 4795 arborem

565 4836 721 4902 jacit,
755 4837 821 4887 ad
877 4833 1044 4887 feram
1084 4833 1534 4902 propulsandam,
1573 4841 1667 4886 aut
1704 4833 1934 4886 fructum
1975 4833 2141 4886 decu-

576 4927 842 4990 tiendum,
880 4935 934 4978 et
968 4925 1241 4978 hominem
1277 4926 1503 4978 Iortuito
1531 4925 1756 4988 occidit,
1791 4924 1871 4976 vel
1905 4923 1998 4990 qui
2026 4925 2141 4976 loro

577 5029 668 5070 aut
698 5018 844 5085 virga
879 5017 1116 5083 aliquem
1148 5027 1461 5084 peccantem
1511 5015 1632 5069 ferit
1675 5024 1731 5068 ut
1760 5015 2032 5078 emendet,
2087 5022 2142 5066 et

573 5126 696 5162 eum
755 5110 1038 5171 interlicit,
1076 5108 1214 5160 inter
1271 5107 1658 5161 involtintarios
1713 5106 2013 5161 homicidas
2052 5119 2137 5158 re-

575 5209 914 5255 censentur:
968 5200 1057 5267 qui
1111 5205 1290 5251 autem
1336 5200 1386 5251 in
1420 5215 1594 5268 pugna
1646 5200 1791 5268 ligno
1840 5208 1931 5251 aut
1977 5213 2136 5250 manu

575 5293 784 5359 plagam
813 5290 971 5342 alicui
1003 5290 1055 5341 in
1089 5289 1211 5342 loco
1251 5288 1512 5357 primario
1542 5288 1741 5341 acriter
1773 5287 1953 5343 infert.
1990 5303 2138 5340 eum-

573 5398 680 5451 que
709 5383 928 5447 occidit,
966 5393 1046 5434 est
1078 5381 1345 5434 homicida
1386 5382 1498 5433 l'ere
1537 5380 1892 5432 voluntarius.
1931 5379 2135 5442 Quam-

571 5476 653 5527 vis
692 5475 922 5526 enimut
954 5474 1276 5541 prOpulsans
1313 5487 1434 5524 eum
1482 5473 1571 5538 qui
1611 5489 1732 5523 cum
1774 5473 1887 5538 ipso
1915 5479 2136 5540 pugnat,

578 5563 707 5617 illud
733 5563 924 5616 fecerit
957 5573 1160 5623 utﬁunt
1211 5566 1406 5614 damno
1437 5560 1692 5622 alliceret,
1728 5578 1830 5613 non
1873 5574 2047 5613 autem
2081 5571 2138 5612 nt

578 5655 799 5706 omnino
830 5654 1190 5717 intcrllceret;
1227 5663 1402 5704 tamen
1433 5655 1498 5704 ah
1529 5653 1693 5706 animi
1734 5655 1983 5720 passione
2013 5667 2133 5704 eum

575 5748 775 5798 \ictuin
829 5745 996 5800 fuisse
1064 5757 1308 5816 apparet,
1361 5756 1412 5800 et
1463 5746 1666 5801 idcirco
1732 5746 1933 5799 homini
1992 5731 2134 5815 ligro

2315 3664 2435 3718 Τῶν
2465 3666 2643 3732 φόνων
2679 3666 2728 3718 οί
2772 3666 2873 3735 μέν
2912 3669 3054 3720 εἰσιν
3087 3669 3348 3734 ἑκούσιοι,
3381 3673 3432 3723 oi
3462 3671 3518 3723 δὲ
3545 3672 3832 3726 ἀκούσιοι·

2243 3754 2365 3807 οίδὲ
2404 3755 2572 3822 ἐγγὺς
2600 3757 2874 3810 ἑκουσίου.
2922 3757 2981 3809 '0
3007 3760 3103 3825 μὲν
3163 3761 3273 3828 γάρ
3311 3762 3604 3824 ἀκοντίσας
3628 3763 3835 3833 ἀξίνην

2243 3844 2384 3896 κατά
2414 3859 2557 3905 τινος
2608 3847 2699 3897 καὶ
2723 3845 2990 3910 φονεύσας
3012 3847 3209 3898 αὐτόν’
3260 3848 3355 3900 καὶ
3407 3851 3434 3900 ὁ
3477 3850 3627 3917 ξίφει
3681 3869 3832 3921 χρη-

2246 3933 2482 4000 σάμενος
2512 3936 2592 3994 είς
2651 3934 2950 4003 ἀναίρεσιν,
2983 3935 3075 3987 καὶ
3130 3935 3181 3986 oi
3221 3935 3439 4005 lunai,
3472 3940 3566 3989 καὶ
3622 3941 3669 3990 oi
3727 3957 3836 3992 πο-

2245 4019 2426 4090 λέμιοι
2466 4022 2537 4091 (οἱ
2575 4023 2673 4089 μὲν
2698 4023 2808 4091 γὰρ
2838 4024 2924 4075 διὰ
2952 4026 3209 4094 χρήματα
3255 4025 3600 4093 ἀναιροῦσιν,
3659 4032 3710 4081 oi
3772 4032 3837 4084 δὲ

2245 4111 2494 4181 φανερῶς
2551 4113 2763 4165 ἀνελεῖν
2817 4113 3060 4167 ἐθέλουσι
3108 4101 3112 4107 ’
3152 4115 3276 4177 τοὺς
3353 4117 3837 4187 ἐναντιουμένους)

2247 4205 2487 4256 ἑκούσιοι
2515 4204 2794 4271 κρίνονται
2844 4206 3119 4273 φονευταί.
3169 4207 3446 4269 Ὡσαύτως
3498 4210 3555 4261 δὲ
3618 4213 3715 4262 καὶ
3770 4215 3836 4264 αι

2242 4294 2484 4347 διδοῦσαι
2507 4296 2575 4346 τά
2607 4295 2985 4363 ἐμϐρυοκτόνα
3039 4297 3333 4365 φάρμακα,
3371 4299 3468 4348 καὶ
3495 4301 3552 4350 αί
3604 4299 3836 4367 λαμϐά-

2249 4403 2438 4438 νουσαι
2489 4386 2697 4439 ταῦτα’
2763 4388 2858 4438 καὶ
2926 4388 2982 4438 αί
3045 4374 3366 4457 βουλάμεναξ
3421 4391 3648 4461 φίλτρον
3677 4395 3834 4457 τινὸς

2249 4471 2383 4543 πρὸς
2411 4476 2608 4535 ἑαυτὰς
2639 4475 3048 4540 ἀφελκύσασθαι
3067 4491 3081 4506 ο
3109 4479 3204 4529 καὶ
3236 4480 3650 4547 συγκεράσασαι
3682 4485 3837 4551 φάρ-

2253 4583 2447 4634 μακον,
2480 4568 2576 4618 καὶ
2604 4564 2945 4619 ἐπιδιδοῦσαι
2996 4567 3155 4619 τοῦτο
3209 4568 3381 4636 αὐτῷ,
3417 4570 3687 4624 σκότωσιν
3723 4574 3803 4641 ἐμ
3825 4602 3840 4614 ο

2248 4656 2436 4707 ποιοῦν
2486 4655 2589 4724 τῆς
2635 4656 2894 4721 διανοίας,
2946 4659 2994 4709 εί
3052 4657 3282 4710 ἀνέλωσι
3338 4660 3430 4710 τὸν
3502 4661 3836 4730 δεξάμενον,

2251 4745 2513 4806 ἑκουσίως
2545 4744 2804 4812 φονεῦσαι
2834 4745 3164 4810 λογίζονται.
3204 4747 3263 4798 '0
3294 4746 3348 4798 δὲ
3387 4746 3536 4799 λίθον
3566 4750 3659 4799 ἐπὶ
3685 4750 3838 4804 κύνα

2248 4833 2280 4900 ἢ
2314 4831 2533 4901 δένδρον
2568 4833 2821 4901 πέμπων,
2857 4834 2949 4884 ἐπὶ
2971 4833 3049 4902 τῷ
3079 4835 3140 4886 τὸ
3177 4834 3369 4904 Θηρίον
3419 4836 3765 4904 ἀμύνασθαι,
3796 4842 3835 4909 ἢ

2246 4923 2339 4974 τὸν
2365 4923 2582 4991 καρπὸν
2629 4927 2975 4988 κατασεῑσαι,
3019 4926 3112 4976 καὶ
3164 4927 3490 4995 αὐτομάτως
3551 4930 3838 4995 φονεύσας

2248 5013 2571 5081 ἄνθρωπον·
2604 5014 2635 5080 ἢ
2671 5015 2697 5065 6
2728 5013 2885 5084 λώρῳ
2920 5013 2952 5083 ἦ
2982 5013 3186 5084 βεργίῳ
3210 5017 3380 5082 τύψας
3427 5019 3552 5069 τινὰ
3604 5021 3701 5070 ἐπὶ
3750 5023 3836 5091 τῷ

2253 5101 2544 5169 βελτιῶσαι
2584 5105 2746 5156 αὑτὸν
2771 5105 3183 5172 ἁμαρτάνοντα,
3242 5108 3337 5158 καὶ
3365 5108 3572 5160 ἀνελὼν
3637 5111 3835 5171 αὐτὸν,

2251 5197 2307 5245 ἐν
2331 5198 2438 5255 τοῖς
2467 5196 2746 5256 ἀκουσίοις
2773 5195 2882 5248 εἰσὶ
2902 5199 3210 5262 φονευταῐς.
3243 5197 3301 5249 Ὀ
3332 5198 3386 5249 δὲ
3412 5200 3470 5249 ἐν
3502 5201 3652 5268 μάχῃ
3681 5199 3836 5270 ξύλῳ

2252 5289 2283 5355 ἢ
2311 5290 2454 5355 χειρὶ
2488 5287 2706 5355 πληγήν
2729 5304 2834 5338 τινι
2867 5289 3182 5353 ἐπενεγκὼν
3236 5289 3472 5356 ἀφειδῶς
3509 5292 3566 5342 ἐν
3597 5306 3840 5359 καιριω-

2245 5379 2394 5446 τάτῳ
2420 5378 2586 5444 τόπῳ,
2615 5379 2708 5429 καὶ
2736 5377 2940 5430 ἀνελὼν
2965 5379 3149 5444 αὑτὸν,
3185 5379 3350 5446 ἐγγύς
3374 5381 3493 5431 ἐστι
3529 5380 3620 5432 τοῦ
3669 5382 3837 5432 ἑκου-

2250 5472 2386 5523 σίου.
2421 5470 2536 5520 Κᾶν
2571 5470 2701 5538 γὰρ,
2769 5470 2842 5530 ὡς
2903 5472 3244 5539 ἀμυνόμενος
3302 5473 3391 5523 τὸν
3457 5470 3579 5540 μετ’
3653 5472 3832 5525 αὑτοῦ

2255 5561 2579 5628 μαχόμενον,
2621 5559 2778 5612 τοῦτο
2809 5561 3088 5630 ἐποίησεν,
3144 5561 3282 5614 ὥστε
3328 5562 3585 5613 κακῶσαι
3636 5563 3830 5626 αὑτὸν,

2247 5652 2321 5722 μὴ
2352 5653 2535 5721 μέντοι
2579 5654 2633 5704 δὲ
2687 5654 2782 5705 καὶ
2839 5656 3056 5713 παντῶς
3093 5656 3301 5708 ἀνελεῖν
3334 5671 3348 5685 ⁸
3397 5654 3514 5706 ἀλλ’
3557 5650 3653 5708 οὖν
3703 5655 3836 5720 φαί-

2243 5763 2388 5800 νεται
2415 5747 2506 5799 καὶ
2541 5745 2646 5797 ὑπὸ
2670 5746 2762 5798 τοῦ
2785 5748 2990 5809 πάθους
3018 5747 3109 5799 τοῦ
3146 5745 3320 5816 θυμοῦ
3356 5747 3833 5819 κατακρατηθεὶς,
