4018 6518
299 379 391 442 εει
1269 376 1350 438 IN
1374 377 1615 439 EPIST.
1644 380 1704 440 s.
1736 380 2023 444 BASILII
2054 387 2485 452 CANONICAM
2520 391 2571 453 Ι.
3448 393 3553 457 692

428 479 515 572 6:5:
548 480 704 572 τούτο
744 484 978 550 ἀσειδῶς
1009 489 1310 557 ἐπαγαγὼν
1366 493 1466 562 τὴν
1525 491 1742 563 πληγὴν
1798 492 1877 564 τῷ

1986 502 2138 568 gravi
2197 502 2406 572 plagam
2459 506 2659 558 acriter
2720 501 2962 558 intulisse
2998 519 3010 556 :
3060 511 3114 556 ct
3147 499 3278 555 illntl
3311 515 3412 556 non
3446 505 3548 558 erit

297 567 575 640 ἀνθρώπῳ
611 571 754 644 ξύλῳ
783 575 968 648 βαρεζ’
996 580 1091 651 καὶ
1150 583 1250 636 οὐκ
1320 583 1470 638 ἔσται
1518 583 1579 637 τὸ
1631 581 1874 639 τοιοῦτον

1089 619 1091 631 ι
1150 583 1250 636 οὐκ
1320 583 1470 638 ἔσται
1518 583 1579 637 τὸ
1631 581 1874 639 τοιοῦτον
1984 592 2206 646 omnino
2238 592 2676 648 involuntarium.

296 663 475 734 πάντη
511 665 794 721 ἀκούσιον.

903 759 1147 814 ΚΑΝΩΝ
1187 759 1265 813 οι.
2508 771 2617 844 64
2653 769 2881 825 CANON
2919 770 3006 827 tx.

501 894 561 946 Ἠ
592 894 648 947 δὲ
678 892 774 946 τοῦ
801 893 1005 964 Κυρίου
1033 888 1333 958 ἀπόφασις,
1365 892 1505 945 κατά
1534 892 1630 962 μὲν
1660 890 1755 962 τὴν
1776 890 1874 961 τῆς

2176 891 2353 961 {Eque
2395 891 2530 945 viris
2574 898 2624 946 et
2660 890 2985 944 mulieribus
3038 894 3293 946 convenit
3333 907 3533 946 secun-

298 982 510 1044 ἑννοίας
541 981 885 1046 ἀκολουθίαν,
909 980 968 1046 ἐξ
993 982 1106 1033 ίσου
1143 980 1234 1033 καὶ
1266 980 1486 1051 ἀνδράσι
1509 980 1600 1033 καὶ
1632 980 1874 1048 γυναιξὶν

1972 986 2097 1040 dum
2130 986 2414 1055 sententia:
2435 984 2878 1040 consecutionem
2909 983 3054 1053 quod
3090 997 3117 1035 a
3146 983 3377 1036 Domino
3406 999 3530 1052 pro-

299 1071 550 1142 ἁρμόζει,
575 1074 702 1142 περὶ
724 1071 816 1124 τοῦ
847 1070 919 1141 μὴ
944 1070 1140 1134 ἐξεῖναι
1163 1070 1340 1140 γάμου
1367 1070 1693 1134 ἐξίστασθαι,
1730 1087 1871 1142 παρ-

1970 1079 2277 1132 nuntialum
2300 1084 2405 1140 est,
2442 1092 2551 1130 non
2580 1077 2746 1131 licere
2774 1092 2805 1129 a
2841 1075 3190 1128 matrimonio
3220 1074 3527 1131 discedere.

295 1163 456 1224 τκτὸς
504 1161 660 1229 λόγου
731 1163 1006 1233 πορνείας.
1053 1162 1119 1214 Ἦ
1160 1162 1217 1215 δὲ
1251 1161 1503 1232 συνήθεια
1559 1162 1656 1231 οὺχ
1701 1161 1871 1226 οὕτως

1970 1168 2075 1224 nisi
2113 1169 2185 1222 ob
2211 1168 2648 1222 fornicationem.
2697 1165 3048 1221 Consuetudo
3080 1172 3258 1218 autem
3304 1180 3412 1218 non
3458 1165 3529 1218 ita

297 1255 437 1326 ἔχει’
469 1256 585 1308 ἀλλ’
613 1256 704 1308 ἐπὶ
741 1257 838 1327 μὲν
866 1257 973 1309 τῶν
1005 1255 1280 1324 γυναικῶν
1319 1257 1514 1326 πολλὴν
1547 1257 1870 1327 εὑρίσκομεν

1970 1273 2030 1311 se
2077 1257 2257 1320 habet,
2303 1256 2397 1311 sed
2435 1257 2754 1311 mulieribus
2795 1256 3012 1325 quidem
3061 1254 3230 1308 multa
3277 1266 3529 1308 accurate

294 1344 708 1414 ἀκριϐολογίαν,
752 1345 844 1398 τοῦ
877 1347 973 1415 μὲν
1012 1347 1329 1400 ’Δποστόλου
1363 1347 1637 1415 λέγοντοςσ
1677 1349 1794 1401 Ὅτι
1835 1349 1868 1400 ό

1965 1345 2246 1399 observari
2294 1344 2771 1413 deprehendimus,
2817 1360 2940 1399 cum
2981 1344 3272 1413 Apostolus
3305 1346 3521 1413 quidem

294 1433 681 1502 κολλώμενος
706 1433 780 1502 τῇ
807 1437 1020 1504 πόρνῃ,
1051 1435 1120 1489 ἐν
1145 1435 1317 1504 σῶμά
1340 1437 1487 1490 ἐστιε
1515 1437 1606 1489 τοῦ
1631 1436 1686 1489 δὲ
1714 1437 1869 1507 Ἱερε-

1967 1435 2134 1498 dicat,
2169 1433 2319 1499 Quod
2356 1437 2446 1503 qui
2495 1436 2727 1490 adhwret
2778 1436 3060 1497 meretrici,
3106 1436 3166 1504 ﬁt
3209 1451 3369 1488 unum
3411 1452 3526 1488 cor—

293 1523 442 1592 μίου·
484 1525 633 1588 Ὅτι,
681 1525 790 1576 ἐὰν
834 1524 1071 1593 γένηται
1109 1525 1263 1593 γυνὴ
1307 1525 1477 1593 ἀνδρὶ
1507 1526 1710 1592 ἑτέρῳ,
1755 1529 1865 1586 οὐκ

1962 1536 2057 1588 pus
2107 1527 2162 1586 ις
2195 1519 2459 1576 Jeretnias
2517 1538 2668 1587 vero,
2713 1523 2865 1587 Quod
2897 1525 2944 1577 si
2975 1510 3143 1592 fuerit
3185 1523 3374 1576 mulier
3407 1540 3525 1576 cum

288 1611 640 1679 ἐπιστρέψει
666 1611 815 1679 πρὸς
845 1612 950 1665 τὸν
974 1613 1161 1681 ἄνδρα
1194 1612 1410 1680 αὐτῆς,
1449 1615 1608 1668 ἀλλὰ
1640 1631 1865 1683 μιαινο-

1964 1607 2069 1661 alt'o
2098 1608 2227 1672 viro,
2254 1625 2354 1662 non
2382 1618 2671 1663 revertetur
2705 1609 2770 1662 ad
2796 1612 2962 1662 virum
2990 1626 3165 1676 suum,
3198 1610 3288 1664 sed
3320 1612 3526 1679 pallula

285 1701 442 1768 μένη
466 1700 883 1769 μιανθήσεται·
922 1703 1016 1754 καὶ
1044 1703 1220 1756 πάλιν·
1265 1705 1329 1757 '0
1365 1704 1520 1771 ἔχων
1545 1702 1864 1773 μοιχαλίδα

1959 1699 2224 1765 polluetur
2267 1701 2286 1730 ³
2320 1717 2335 1766 ;
2369 1708 2423 1754 et
2459 1701 2676 1765 iterum,
2715 1701 2820 1766 Qui
2862 1699 3015 1754 habet
3045 1701 3358 1768 adulteram,
3387 1703 3522 1756 stul-

288 1793 497 1860 ἆφρων
519 1793 620 1844 καὶ
646 1793 891 1861 ἀσεϐής.
925 1793 987 1845 Ἠ
1017 1792 1072 1845 δὲ
1112 1793 1366 1863 συνήθεια
1398 1793 1490 1844 καὶ
1512 1793 1863 1862 μοιχεύοντας

1962 1798 2044 1843 tus
2070 1798 2148 1843 est
2176 1798 2227 1843 et
2255 1789 2448 1859 impius
2498 1792 2540 1844 ³.
2574 1791 2926 1845 Consuetudo
2955 1803 3133 1846 autem
3169 1794 3331 1846 etiam
3372 1793 3525 1846 adul-

286 1883 488 1951 ἄνδρας
515 1882 610 1934 καὶ⁷
640 1883 696 1935 ἐν
725 1881 996 1952 πορνείαις
1023 1881 1179 1943 ὄντας
1203 1883 1523 1952 κατέχεσθαι
1553 1882 1655 1934 ὑπὸ
1679 1898 1863 1949 γυναι-

1960 1887 2108 1932 teros
2135 1879 2284 1934 viros
2319 1887 2373 1934 et
2412 1881 2465 1933 in
2502 1879 2961 1936 lornicationibus
2994 1892 3275 1938 versantes
3303 1883 3456 1952 jubet
3493 1899 3522 1937 a

287 1973 403 2025 κῶν
436 1974 786 2043 προστάσσει.
822 1973 982 2024 ’Ὥστε
1011 1974 1043 2041 ή
1077 1971 1152 2041 τῷ
1185 1972 1461 2045 ἀφειμένῳ
1490 1972 1640 2043 ἀνδρὶ
1681 1990 1857 2025 συνοιο

1961 1969 2281 2024 mulieribus
2339 1971 2585 2026 retineri.
2618 1971 2797 2036 Quare
2827 1987 2947 2040 qnze
2995 1988 3099 2026 una
3133 1989 3256 2027 cum
3289 1975 3406 2028 viro
3437 1974 3522 2027 di-

287 2061 462 2114 κοῦσα
483 2064 585 2114 οὐκ
604 2059 719 2114 οῖδα
743 2063 791 2114 εί
815 2061 1035 2114 δύναται
1066 2061 1311 2131 μοιχαλὶς
1488 2063 1855 2134 χρηματίζειν.

1962 2059 2132 2113 misso
2163 2059 2396 2126 habitat,
2427 2062 2613 2115 nescio
2652 2076 2717 2115 an
2758 2063 2930 2131 possit
2960 2061 3202 2118 adultera
3231 2065 3516 2134 appellari.

285 2151 364 2203 Τδ
389 2151 496 2222 γὰρ
536 2151 786 2221 ἔγκλημα
816 2150 1046 2202 ἐνταῦθα
1074 2150 1173 2219 τῆς
1203 2149 1548 2219 ἀπολυσάσης
1575 2150 1664 2202 τὸν
1694 2150 1858 2221 ἄνδρα

1958 2147 2175 2202 Crimen
2206 2149 2351 2202 enitn
2386 2149 2475 2204 hic
2519 2151 2734 2219 attingit
2770 2153 3071 2215 mulierem,
3104 2169 3224 2222 quae
3443 2157 3519 2207 vi-

285 2240 542 2306 ἅπτεται,
580 2242 720 2294 κατά
753 2241 910 2292 ποίαν
940 2241 1118 2294 αἰτίαν
1294 2239 1500 2309 ἀπέστη
1538 2239 1630 2292 τοῦ
1661 2240 1858 2309 γάμου.

1960 2251 2079 2290 rurn
2113 2237 2362 2305 dimisit,
2398 2253 2632 2308 quanam
2665 2240 2731 2293 de
2754 2254 2918 2295 causa
2963 2256 2991 2293 a
3021 2243 3276 2311 eonjugio
3304 2241 3515 2297 disces-

285 2334 410 2386 Είτε
449 2333 545 2385 καὶ
583 2332 925 2402 τυπτομένη,
967 2332 1040 2402 μὴ
1075 2331 1312 2402 φέρουσα
1494 2330 1590 2393 τὰς
1625 2331 1856 2399 πληγὰς,

1958 2326 2112 2380 serit.
2150 2325 2280 2381 Sive
2325 2328 2466 2380 enim
2503 2342 2764 2397 percussa
2800 2330 2986 2399 plagas
3021 2343 3130 2383 non
3165 2330 3325 2394 lerat,
3377 2332 3515 2384 let-re

284 2421 580 2490 ὑπομένειν
623 2422 790 2491 ἐχρῆν
828 2421 1026 2490 μᾶλλον
1070 2419 1103 2482 ἢ
1139 2419 1512 2488 διαζευχθῆναι
1550 2422 1644 2472 τοῦ
1683 2437 1857 2473 συνοι-

1955 2417 2126 2470 satius
2149 2425 2265 2470 erat
2288 2432 2452 2485 quam
2484 2433 2512 2470 a
2541 2419 2771 2488 conjuge
2798 2421 3041 2489 separari
3070 2439 3083 2473 :
3116 2422 3230 2475 sive
3255 2422 3513 2476 damnum

283 2509 528 2574 κοῦντοςσ
566 2510 676 2563 εἴτε
719 2512 818 2580 τὴν
866 2512 944 2572 είς
993 2509 1061 2560 τά
1108 2509 1362 2578 χρήματα
1399 2507 1600 2578 ζημίαν
1645 2508 1718 2578 μὴ
1762 2509 1858 2576 φέ-

1953 2505 2008 2558 in
2054 2508 2303 2574 pecuniis
2332 2523 2440 2560 non
2477 2508 2633 2570 ferat,
2667 2525 2736 2564 ne
2763 2509 2878 2563 haec
2913 2507 3130 2578 quidem
3159 2511 3306 2578 justa
3341 2526 3511 2565 excu-

287 2617 476 2670 ρουσα,
511 2601 632 2654 οὐδὲ
657 2601 798 2669 αὕτη
827 2602 858 2670 ἡ
886 2601 1156 2670 πρόφασις
1183 2599 1475 2667 ἀξιόλογος.
1513 2601 1577 2652 Ei
1598 2600 1654 2667 δὲ
1679 2599 1765 2654 διὰ
1791 2601 1852 2653 τὸ

1951 2596 2090 2649 satio
2120 2614 2131 2648 :
2160 2597 2245 2650 sin
2297 2609 2500 2658 autem,
2549 2599 2806 2666 quoniam
2858 2600 2976 2669 ipse
3016 2601 3147 2654 vivit
3187 2603 3239 2655 in
3275 2601 3511 2656 fornica-

281 2692 345 2743 ἐν
368 2691 592 2762 πορνείᾳ⁸
621 2691 781 2744 αὑτὸν
812 2691 941 2760 ζῇν,
971 2692 1069 2743 οὐκ
1104 2691 1298 2760 ἔχομεν
1327 2690 1482 2743 τοῦτο
1529 2691 1587 2743 ὲν
1619 2693 1685 2760 τῇ
1731 2707 1854 2744 συν-

1954 2685 2120 2748 tione,
2151 2700 2260 2738 non
2288 2687 2547 2741 habemus
2571 2689 2711 2742 hanc
2743 2691 2797 2743 in
2820 2692 3192 2746 ecclesiastica
3217 2704 3510 2749 consuetu-

281 2779 441 2852 ηθείᾳ
488 2785 555 2852 τῇ
607 2781 1023 2850 ἐκκλησιαστικῇ
1054 2781 1113 2832 τὸ
1153 2781 1552 2850 παρατήρημαο
1587 2778 1719 2832 ἀλλά
1761 2780 1853 2832 καὶ

1955 2773 2083 2829 e‘ine
2112 2775 2572 2841 observationem,
2609 2780 2719 2832 imo
2753 2795 2882 2834 vero
2908 2781 2975 2834 ab
3006 2782 3210 2836 infideli
3249 2783 3366 2837 viro
3401 2800 3505 2837 non

281 2869 511 2921 ἀπίστου
541 2870 729 2938 ἀνδρὸς
749 2869 1074 2939 χωρίζεσθαι
1097 2867 1156 2920 οὐ
1185 2865 1522 2937 προσετάχθη
1692 2867 1850 2936 γυνὴ,

1943 2853 2106 2931 iussa
2145 2872 2227 2920 est
2262 2867 2458 2920 mulier
2491 2869 2756 2934 separari,
2785 2869 2879 2922 sed
2903 2879 3125 2939 prOpter
3153 2882 3402 2926 eventum
3433 2876 3510 2928 in-

280 2963 416 3015 ἀλλά
462 2962 829 3032 παραμένειν,
864 2959 951 3011 διά
991 2959 1052 3010 τδ
1096 2958 1286 3028 ἄδηλον
1326 2957 1423 3025 τῆς
1465 2955 1757 3018 ἐκϐάσεως.
1792 2957 1852 3008 Τί

1953 2962 2160 3008 certum
2187 2969 2486 3008 remanere.
2519 2955 2658 3020 Quid
2680 2958 2816 3010 enim
2846 2959 2972 3024 scis,
2998 2959 3207 3021 mulier,
3240 2979 3306 3013 an
3341 2965 3504 3014 virum

280 3050 394 3120 ατὰρ
423 3047 611 3114 οἶδας,
645 3050 849 3117 γύναι,
887 3049 939 3099 εί
977 3047 1083 3099 τὸν
1114 3046 1304 3113 ἄνδρα
1333 3044 1588 3109 adicere;
1619 3046 1779 3097 Ὥστε
1815 3047 1847 3115 ἠ

1951 3042 2151 3095 salvum
2203 3044 2276 3096 sis
2323 3043 2635 3112 factura‘?
2698 3046 2896 3113 Quare,
2951 3064 3071 3117 quae
3126 3051 3368 3118 reliquit,
3421 3061 3505 3105 est

280 3138 673 3198 καταλιποῦσα,
710 3136 973 3206 μοιχαλὶς,
999 3138 1046 3188 εί
1078 3137 1162 3187 ἐπ’
1187 3135 1343 3189 ἀλλον
1370 3132 1529 3206 ἦλθεν
1565 3135 1752 3204 ἄνδρα.
1790 3135 1846 3188 Ὀ

1948 3133 2212 3195 adultera,
2268 3134 2312 3188 si
2348 3134 2415 3187 ad
2461 3135 2625 3188 alium
2678 3137 2850 3190 virum
2901 3139 3153 3194 accessit.
3183 3139 3285 3204 Qui
3320 3150 3498 3193 autem

277 3230 338 3280 δὲ
373 3228 754 3297 καταλειφθεὶς
793 3228 1134 3294 συγγνωστός
1171 3229 1304 3286 ἐστι,
1336 3228 1429 3279 καὶ
1459 3228 1491 3295 ἡ
1529 3225 1846 3279 συνοικοῦσα

1944 3223 2168 3278 relictus
2206 3231 2312 3288 est,
2345 3225 2542 3296 dignus
2569 3235 2652 3280 est
2679 3228 2860 3291 venia,
2895 3235 2948 3283 et
2977 3245 3096 3298 quae
3137 3248 3242 3285 una
3275 3247 3397 3285 cum
3437 3247 3501 3285 eo

277 3319 358 3388 τῷ
378 3319 600 3390 τοιούτῳ
629 3320 686 3371 οὐ
722 3318 1122 3387 κατακρίνεται.
1154 3318 1215 3369 El
1249 3317 1429 3385 μέντοι
1463 3319 1491 3369 ό
1522 3317 1685 3387 ἀνὴρ,
1714 3318 1844 3370 ἀπο-

1945 3313 2174 3376 babitat,
2204 3329 2315 3368 non
2345 3314 2757 3370 condemnatur.
2787 3315 2892 3370 Sed
2914 3319 2960 3371 si
2983 3321 3084 3384 vir,
3118 3321 3208 3388 qui
3237 3321 3304 3373 ab
3334 3336 3501 3372 uxore

279 3410 411 3472 στάς
444 3409 544 3477 τῆς
567 3408 838 3474 γυναικὸς,
865 3405 950 3458 ἐπ’
973 3405 1136 3472 ἄλλην
1155 3401 1306 3474 ἦλθε,
1335 3404 1428 3456 καὶ
1454 3404 1611 3467 αὐτὸς
1637 3404 1839 3474 μοιχὸς,

1947 3405 2223 3472 discessit,
2265 3409 2499 3463 accessit
2536 3409 2603 3462 ad
2644 3410 2827 3473 aliam,
2875 3419 2959 3466 est
2999 3420 3054 3465 et
3102 3412 3217 3481 ipse
3265 3413 3498 3476 adulter,

275 3497 410 3550 διότι
461 3499 610 3547 ποιεί
655 3494 820 3564 αὐτὴν
874 3492 1239 3561 μοιχευθῆναι·
1290 3494 1379 3545 καὶ
1435 3496 1466 3564 ὴ
1516 3496 1830 3553 συνοικοῦσα

1943 3510 2070 3564 qura
2106 3496 2239 3550 facit
2291 3505 2352 3550 ut
2388 3499 2504 3568 ipsa
2560 3499 2885 3556 adulterium
2927 3503 3257 3565 committat;
3298 3511 3350 3556 et
3381 3520 3499 3571 qua:

262 3584 436 3652 αὐτῷ,
488 3581 746 3652 μοιχαλὶς,
787 3581 919 3632 διότι
956 3581 1225 3649 ἀλλότριον
1261 3583 1425 3651 ἄνδρα
1466 3585 1598 3653 πρὸς
1633 3586 1828 3659 ἑαυτὴν

1942 3599 2048 3638 una
2081 3601 2201 3640 cum
2243 3588 2364 3655 ipso
2409 3588 2636 3654 habitat,
2674 3600 2758 3643 est
2781 3591 3046 3654 adultera,
3085 3593 3209 3660 quia
3257 3591 3488 3643 alienum

267 3671 504 3739 μετέστη
514 3688 624 3724 σεν.

1943 3670 2113 3722 virum
2139 3671 2204 3723 ad
2237 3680 2294 3726 Re
2326 3674 2590 3727 traduxit.

330 3768 528 3821 ΒΑΛΣ.
573 3765 900 3839 Ἐρωτηθεὶς
924 3768 952 3819 ὁ
981 3767 1136 3832 ἀγιος
1165 3765 1215 3817 τί
1238 3763 1445 3832 ὀφείλει
1473 3763 1718 3831 γίνεσθαι
1747 3766 1827 3825 είς

2006 3765 2199 3821 BALS.
2256 3765 2492 3822 Sanctus
2546 3766 2928 3834 interrogatus,
2977 3768 3107 3836 quid
3171 3767 3332 3823 debet
3379 3770 3489 3822 neri

255 3860 385 3920 τοὺς
414 3857 740 3928 όμοζύγους,
777 3857 873 3910 ἐάν
896 3872 980 3918 τις
1013 3855 1070 3921 ἐξ
1126 3853 1306 3907 αὐτῶν
1353 3857 1430 3917 είς
1462 3855 1650 3924 ἕτερον
1695 3854 1824 3926 ἔλθῃ

1933 3857 2272 3927 conjugibus,
2306 3859 2352 3912 si
2391 3857 2510 3926 quis
2561 3871 2627 3910 ex
2693 3858 2825 3926 ipsis
2873 3871 2934 3911 se
2986 3859 3052 3910 ad
3105 3857 3252 3910 aliud
3301 3857 3488 3910 matris

257 3952 456 4021 γόμον,
488 3952 521 4020 ἢ
558 3951 651 4001 καὶ
690 3945 962 4018 πορνεύσῃ
985 3962 997 3976 ·
1027 3946 1252 4014 ἐποίησε
1285 3946 1378 3998 τὸν
1421 3945 1688 4013 ἀπόλογον
1718 3947 1825 3997 ἀπὸ

1937 3949 2176 4003 monium
2233 3950 2546 4008 contulerit.
2609 3947 2695 4001 vel
2746 3948 2909 4001 etiam
2970 3947 3270 4000 fornicatus
3305 3947 3487 4010 fuerit,

256 4038 870 4111 διατόρωνγραφικῶν,
901 4037 994 4090 καὶ
1017 4039 1080 4089 ὲκ
1099 4035 1197 4104 τῆς
1224 4036 1344 4088 τότε
1366 4036 1670 4104 κρατούσης
1703 4052 1824 4088 συν-

1929 4030 2061 4088 fecit
2089 4049 2408 4104 responsum
2432 4049 2498 4089 ex
2529 4035 2759 4089 diversis
2794 4035 3105 4102 scripturis,
3144 4042 3198 4088 et
3251 4050 3315 4087 ex
3357 4050 3487 4088 con-

254 4131 472 4198 ηθείας.
520 4129 672 4182 Ἐπεὶ
707 4128 763 4179 δὲ
793 4125 862 4178 τα
889 4127 944 4177 ιν
1002 4123 1077 4194 τῷ
1124 4123 1348 4193 τοιούτῳ
1398 4124 1582 4177 κανόνι
1646 4127 1822 4178 πάντα

1930 4125 2215 4179 suetudine
2259 4141 2378 4195 quae.
2409 4134 2535 4179 tunc
2557 4126 2899 4180 servabatur.
2941 4124 3078 4190 Quia
3118 4136 3320 4189 autem,
3370 4141 3487 4193 qua:

258 4222 447 4290 σχεδὸν
479 4217 862 4288 μετετύπωσεν
894 4217 926 4284 ὴ
957 4214 1055 4283 put"
1121 4215 1308 4282 Νεαρά
1375 4215 1820 4281 Ίουστινιάντιος,

1929 4213 1982 4268 in
2010 4215 2112 4269 hoc
2146 4230 2353 4270 canone
2374 4217 2474 4271 sita
2510 4226 2656 4280 sunt,
2686 4217 2785 4269 117
2827 4217 3173 4285 imperatoris
3199 4214 3485 4268 Justiniani

253 4316 290 4379 ἡ
326 4312 556 4378 κειμένη
591 4309 648 4359 ὲν
679 4306 754 4376 τῷ
785 4305 827 4371 ζ’
861 4305 1023 4375 τίτλῳ
1050 4303 1143 4357 τοῦ
1173 4301 1259 4369 κη’
1294 4303 1520 4372 βιϐλίου,
1550 4306 1821 4370 ἀνάγνωθι

1929 4305 2161 4369 novella,
2197 4323 2316 4375 qua:
2346 4308 2396 4361 in
2445 4309 2527 4361 tit.
2554 4308 2610 4371 7,
2642 4308 2734 4361 lib.
2766 4321 2935 4361 xxvm
2995 4306 3167 4374 posita
3202 4316 3306 4365 est.
3341 4307 3487 4374 peni-

253 4401 481 4468 ταύτην,
522 4397 783 4456 ὡσαύτως
813 4395 907 4446 καὶ
935 4394 1032 4462 τὴν
1065 4400 1169 4463 ρια⁰
1199 4393 1442 4461 Νεαρὰν,
1493 4394 1588 4445 xal.
1629 4392 1820 4454 ἀπλῶς

1927 4405 2012 4451 tus
2046 4398 2377 4466 immutavit,
2436 4403 2550 4469 lege
2591 4415 2707 4452 eam
2741 4401 3008 4464 similiter,
3057 4410 3109 4452 et
3157 4398 3248 4452 ill
3305 4400 3485 4453 novel-

253 4491 365 4543 ἀπὸ
393 4489 486 4542 τοῦ
520 4485 567 4540 α’
595 4505 720 4554 κεφ.
745 4486 838 4539 τοῦ
866 4484 1028 4537 αὑτοῦ
1059 4483 1236 4537 τίτλου
1294 4484 1456 4552 μέχρι
1484 4482 1576 4534 καὶ
1611 4481 1701 4534 τοῦ
1740 4500 1777 4546 ς
1799 4523 1814 4543 ,

1928 4486 2057 4547 lam,
2114 4499 2167 4540 et
2215 4498 2274 4540 ut
2330 4491 2492 4541 semel
2524 4489 2723 4553 dicam,
2759 4503 2790 4542 a
2820 4488 2996 4556 primo
3026 4489 3203 4555 capite
3239 4489 3481 4556 ejusdem

254 4585 354 4634 xci.
389 4581 571 4650 μάθῃς
609 4583 749 4632 κατά
793 4579 991 4639 πόσους
1032 4576 1270 4646 τρόπους
1296 4573 1514 4627 λύονται
1542 4574 1610 4626 τά
1644 4590 1822 4626 συνοι-

1926 4577 2010 4626 tit.
2038 4590 2205 4642 usque
2235 4577 2300 4629 ad
2329 4577 2382 4642 6,
2415 4587 2471 4630 et
2500 4580 2642 4632 scies
2667 4587 2800 4646 quot
2835 4579 3005 4632 modis
3038 4579 3320 4632 solvantur
3345 4595 3482 4633 con-

253 4673 437 4735 κὲσια,
472 4673 569 4724 καὶ
591 4669 709 4730 πῶς
734 4665 1058 4730 κολάζονται
1085 4668 1208 4719 ὅσον
1237 4664 1374 4726 τέως
1416 4663 1524 4716 ἀπὸ
1552 4663 1645 4716 τοῦ
1677 4663 1823 4716 πολι-

1920 4665 2092 4733 jugia,
2122 4675 2176 4720 et
2216 4670 2485 4733 quomodo
2515 4684 2545 4721 a
2575 4669 2690 4736 lege
2717 4669 2860 4724 civili
2894 4670 3188 4738 puniuntur
3215 4671 3303 4738 qui
3331 4672 3487 4723 adul-

251 4762 407 4815 τικοῦ
431 4761 599 4830 νόμου
631 4762 682 4812 οἱ
714 4758 1058 4828 μοιχεύοντες
1088 4759 1152 4809 ὲκ
1194 4755 1303 4808 τῶν
1333 4752 1637 4823 όμοζύγων,
1668 4752 1700 4822 ἢ
1731 4753 1821 4804 καὶ

1925 4764 2170 4809 terantur
2201 4774 2229 4809 e
2259 4758 2597 4826 conjugibus,
2632 4759 2716 4813 vel
2749 4761 2910 4814 etiam
2942 4761 3320 4826 l‘ornicantur;
3347 4776 3484 4829 prce-

254 4853 612 4923 πορνεύοντες
639 4867 654 4882 ο
687 4850 824 4918 πρὸς
853 4849 909 4902 δὲ
934 4849 1026 4901 καὶ
1068 4849 1118 4901 οι
1153 4845 1481 4913 παραλόγως
1529 4844 1627 4913 τὴν
1694 4847 1822 4912 ὀμο-

1926 4855 2066 4898 lerea
2100 4856 2355 4901 autemet
2382 4849 2474 4916 qui
2500 4857 2696 4917 praeter
2724 4851 2986 4904 rationem
3015 4852 3136 4904 vita:
3165 4853 3480 4905 societatem

252 4943 421 5006 ζωϊαν
451 4940 979 5008 καταλιμπάνοντες.
1048 4937 1350 5005 Ἀνάγνωθι
1378 4937 1473 4989 καὶ
1527 4937 1619 4988 τὸν
1664 4935 1819 4988 ’ἐκτον

1922 4937 2256 5004 relinquunt.
2313 4938 2453 5006 Lege
2532 4939 2660 4992 item
2724 4955 2987 4993 eanonem
3043 4939 3110 4993 96
3167 4942 3379 4994 concilii
3432 4944 3481 4994 in

253 5037 346 5086 καὶ
378 5031 764 5100 ὲννενηκοστὸν
793 5031 995 5083 κανόνα
1019 5031 1120 5093 τῆς
1147 5031 1203 5081 ὲν
1265 5029 1344 5098 τῷ
1377 5028 1630 5098 Τρούλλῳ
1689 5043 1814 5078 συν-

1921 5025 2108 5080 Trullo
2162 5035 2216 5080 et
2274 5042 2392 5096 quae
2443 5029 2496 5081 in
2533 5043 2657 5083 eum
2710 5031 2912 5098 scripta
2969 5042 3118 5084 sunt.
3151 5031 3285 5098 Lege
3317 5033 3477 5084 etiam

251 5126 394 5189 όδου,
426 5127 522 5177 καὶ
543 5123 610 5176 τά
639 5125 696 5174 ὲν
726 5122 906 5192 αὐτῷ·
966 5121 1230 5182 ὡσαύτως
1297 5118 1567 5185 ἀνάγνωθι
1620 5117 1710 5169 καὶ
1749 5116 1816 5168 τὰ

1916 5117 2058 5185 jura,
2120 5131 2241 5184 quae
2279 5116 2345 5169 ad
2409 5116 2569 5172 linem
2634 5133 2808 5187 usque
2861 5120 3021 5188 primi
3080 5120 3474 5188 capitistit.“

251 5217 332 5278 εἰς
360 5216 420 5268 τὸ
448 5215 604 5275 τέλος
635 5212 728 5266 τοῦ
761 5220 808 5265 α’
846 5229 973 5279 κεφ.
993 5212 1087 5264 τοῦ
1125 5217 1191 5263 ια’
1221 5210 1400 5262 τίτλου
1430 5209 1522 5260 τοῦ
1551 5208 1813 5278 παρόντος

1920 5210 2205 5275 praesentis
2273 5206 2455 5274 operis
2490 5209 2592 5261 sita
2623 5218 2751 5262 sunt
2787 5251 2803 5272 ,
2836 5210 3085 5264 similiter
3121 5219 3175 5263 et
3215 5209 3479 5278 interpre-

253 5304 630 5370 συντάγματος
680 5301 1136 5370 καταστρωθέντα
1176 5299 1418 5369 νόμιμα’
1480 5299 1678 5365 ὁμοίως
1722 5297 1814 5347 καὶ

1918 5300 2174 5349 tationem
2210 5298 2404 5365 capitis
2441 5314 2472 5350 v
2515 5298 2759 5368 ejusdem
2791 5299 2874 5352 tit.
2905 5309 2958 5353 et
2986 5313 3049 5352 cx
3095 5300 3179 5352 his
3229 5300 3476 5355 omnibus

254 5397 350 5462 την
379 5391 674 5462 ἑρμηνείαν
703 5393 796 5444 τοῦ
840 5391 881 5442 ε’
933 5407 1054 5458 κειρ.
1108 5389 1204 5442 τοῦ
1268 5387 1430 5442 αὑτοῦ
1485 5389 1685 5452 τίτλου,
1722 5389 1814 5440 καὶ

960 5407 1054 5458 εεφ.
1108 5389 1204 5442 τοῦ
1268 5387 1430 5442 αὑτοῦ
1485 5389 1685 5452 τίτλου,
1722 5389 1814 5440 καὶ
1917 5385 2036 5440 fuse
2071 5386 2136 5439 de
2162 5386 2245 5442 his
2271 5388 2547 5458 intelliges.

260 5487 436 5555 μάθῃς
461 5485 525 5536 lx
564 5483 780 5537 πάντων
813 5483 1058 5544 πλατέως
1107 5481 1173 5534 τά
1211 5491 1349 5549 περι⁸
1369 5482 1592 5531 τούτων.

322 5576 571 5630 ΖΩΝΑΡ.
598 5573 687 5643 Μὴ
707 5572 928 5625 λύεσθαι
971 5573 1148 5640 γάμον
1182 5571 1452 5638 παρεκτὸς
1482 5568 1637 5633 λόγου
1677 5583 1809 5636 πορ.

1985 5561 2235 5618 ZONAR.
2275 5561 2352 5617 Ne
2400 5564 2682 5618 solvantur
2718 5567 2939 5634 nttptize,
2972 5575 3196 5634 excepta
3237 5564 3470 5618 fornica-

258 5668 398 5727 νείας
429 5669 457 5718 ό
485 5666 687 5736 Κύριος
721 5666 1062 5732 ἀπεφήνατο.
1102 5660 1318 5729 Ταύτην
1348 5659 1438 5713 οὖν
1464 5661 1561 5728 τὴν
1594 5659 1808 5725 ἀπόφα-

1918 5654 2079 5707 tionis
2101 5668 2287 5717 Causa,
2331 5653 2594 5710 Dominus
2625 5658 2899 5726 praecepit.
2938 5654 3047 5710 lloc
3079 5656 3241 5725 igitur
3272 5670 3474 5726 praeco-

344 5777 355 5804 ‘
391 5779 405 5831 l
435 5778 562 5833 Cor.
591 5793 662 5842 vr,
693 5778 774 5831 16.
874 5771 892 5800 ¹
920 5777 1118 5831 Jcrem.
1145 5791 1224 5838 ιιι,
1262 5776 1310 5828 1.
1415 5768 1433 5798 ³
1464 5770 1618 5826 Prov.
1643 5785 1794 5833 ιιιίιι,
1821 5767 1910 5822 22.

920 5777 1118 5831 Jcrem.
1145 5791 1224 5838 ιιι,
1262 5776 1310 5828 1.
1415 5768 1433 5798 ³
1464 5770 1618 5826 Prov.
1643 5785 1794 5833 ιιιίιι,
1821 5767 1910 5822 22.
2008 5766 2025 5795 ⁸
2059 5767 2072 5820 Ι
2105 5767 2231 5821 Cor.
2274 5785 2370 5831 vtt,
2408 5767 2489 5821 16.
