4018 6432
524 334 628 397 623

527 458 674 516 ptum
705 463 766 502 ex
795 463 950 517 mquo
976 464 1201 520 magnus
1223 450 1310 505 hic
1337 451 1493 507 Pater
1522 452 1650 505 viris
1685 461 1735 504 et
1765 450 2078 504 mulieribus
2106 452 2151 508 Δ

527 539 816 593 convenire
851 541 1064 601 asserit,
1122 542 1190 594 ita
1234 551 1289 594 ut
1330 556 1428 596 uec
1469 542 1580 595 viro
1613 555 1764 594 suam
1813 539 2081 593 dimittere

528 643 771 692 uxorem,
798 645 899 684 nec
930 631 1082 683 uxori
1118 645 1146 682 a
1176 631 1291 684 viro
1314 632 1607 686 abscedere
1638 630 1957 699 permissum
1985 631 2079 681 sit.

529 718 633 772 Sed
669 723 1004 773 consuetudo
1041 735 1146 772 non
1180 721 1367 775 eodem
1407 720 1564 775 modo
1587 735 1646 775 se
1670 718 1833 774 habet
1869 719 1919 771 in
1951 717 2080 770 viris

529 813 618 876 qui
655 811 963 878 relinquunt
995 827 1216 873 uxores,
1239 819 1292 864 et
1322 813 1641 866 mulieribus
1669 825 1790 880 quae
1830 809 1969 862 idem
2001 806 2081 859 fa-

528 903 697 953 ciunt.
731 901 917 954 Mulier
967 903 1252 970 siquidem,
1282 917 1401 971 qua:
1425 917 1454 955 a
1495 903 1610 956 viro
1641 901 1863 964 secedit,
1895 898 2084 951 alteri-

528 1007 632 1059 que
716 993 1042 1060 adjungitur,
1085 993 1322 1049 adultera
1378 995 1670 1064 judicatur,
1716 1007 1816 1046 nec
1849 990 2080 1057 amplius

527 1098 556 1134 a
583 1084 700 1135 viro
736 1099 855 1148 suo,
904 1087 1003 1137 nisi
1043 1087 1087 1138 is
1129 1087 1384 1152 voluerit,
1419 1088 1732 1153 recipietur.
1766 1081 1955 1136 Virum
1988 1096 2083 1134 au-

531 1185 633 1227 tem
665 1175 876 1228 etiamsi
913 1176 1212 1232 fornicatus
1264 1179 1425 1232 fuerit
1453 1187 1545 1230 attt
1584 1177 1933 1237 adulleratus,
1969 1189 2081 1227 mtt-

530 1262 629 1315 Iier
659 1265 972 1331 relinquere
1009 1266 1149 1318 haud
1213 1276 1411 1331 potest.
1463 1267 1539 1318 Ac
1586 1265 1630 1317 si
1677 1264 1928 1330 deinceps
1958 1259 2083 1314 reli-

517 1364 647 1403 .cltts
695 1369 816 1406 cum
866 1356 1037 1408 altera
1083 1358 1247 1409 vitam
1306 1367 1448 1424 agat,
1508 1371 1628 1424 quae
1668 1354 1740 1407 illi
1772 1350 2082 1420 adjungilur

528 1455 894 1510 nequaquam,
933 1446 1027 1507 ait,
1064 1445 1304 1499 adultera
1362 1445 1718 1514 iudicabitur.
1748 1441 1966 1496 Crimen
2005 1441 2082 1494 si-

527 1530 744 1596 quidem
782 1531 923 1584 illius
956 1543 1058 1594 est,
1109 1548 1230 1601 quae
1265 1534 1442 1584 virum
1468 1547 1622 1585 suum
1677 1529 1897 1598 reliquit
1933 1546 1945 1581 :
1985 1541 2084 1581 nec

527 1621 670 1672 enim
702 1621 749 1675 ei
791 1636 817 1672 a
855 1623 968 1674 viro
999 1624 1274 1676 discedere
1306 1636 1623 1676 concessum
1655 1631 1756 1674 est.
1806 1618 1935 1684 Sed,
1969 1620 2082 1671 sive

528 1725 587 1762 se
618 1727 737 1764 cum
778 1713 865 1764 illa
894 1714 1088 1766 acet-be
1123 1723 1292 1781 gerat,
1328 1713 1467 1765 ferre
1489 1719 1702 1779 oportet
1735 1723 1750 1763 :
1783 1709 1897 1764 sive
1922 1722 2085 1776 pecu—

527 1801 631 1854 nia:
683 1802 948 1870 jacturam
1005 1804 1257 1869 patiatur,
1300 1804 1425 1855 dum
1469 1802 1616 1855 videt
1665 1800 1732 1855 ab
1782 1816 1846 1854 eo
1899 1799 2079 1853 dotem

529 1891 737 1944 absumi
764 1908 778 1957 ;
817 1891 926 1944 sive
950 1899 1199 1959 tangatur
1222 1892 1510 1962 zelotypia,
1551 1891 1692 1960 quod
1723 1904 1843 1943 cum
1877 1889 1999 1942 aliis
2023 1895 2083 1941 ut

530 1982 609 2033 vir
638 1991 1034 2049 corrumpatur,
1077 1982 1448 2036 obdurandum
1482 1990 1588 2044 est,
1639 1994 1735 2034 nec
1769 1993 1797 2032 a
1838 1979 1957 2032 viro
1984 1978 2083 2032 ab-

527 2070 874 2122 scedendum.
918 2071 971 2124 Si
1006 2072 1170 2137 enim,
1195 2086 1314 2125 cum
1349 2071 1578 2125 infidelis
1624 2071 1696 2124 sit
1725 2069 1859 2122 alter
1897 2070 2085 2138 conju-

526 2175 673 2226 gum,
703 2162 854 2213 alteri
887 2163 952 2214 ab
975 2177 1040 2216 eo
1068 2163 1316 2216 secedere
1349 2163 1466 2230 ipso
1518 2163 1685 2215 invito
1715 2159 1822 2231 65
1861 2160 2082 2214 vetitum

525 2259 629 2311 est,
667 2251 806 2303 beati
855 2249 1002 2304 Pauli
1035 2252 1286 2314 decreto,
1320 2266 1548 2320 quonam
1587 2253 1741 2303 modo
1768 2249 1839 2302 illi
1872 2249 2085 2316 impune

525 2341 652 2404 erit,
676 2342 766 2406 qui
798 2342 952 2394 aliam
983 2342 1051 2394 ob
1071 2357 1284 2396 causam
1307 2342 1606 2410 conjugium
1627 2340 1820 2393 solvit?
1854 2339 2086 2404 Quatuo-

526 2432 673 2483 brem
709 2447 824 2500 quae
865 2447 893 2484 a
928 2435 1041 2488 viro
1061 2435 1349 2497 abscessit,
1389 2435 1430 2487 si
1467 2431 1769 2484 cumaltero
1797 2430 2082 2492 habitavit,

526 2522 768 2573 adultera
815 2523 1100 2591 iudicatur.
1135 2524 1189 2577 Si
1226 2537 1351 2576 vero
1376 2537 1498 2576 cum
1534 2521 1720 2574 relicto
1787 2521 1902 2572 viro
1955 2533 2085 2571 con-

527 2611 708 2676 iunCIa
755 2615 986 2682 legitime
1026 2615 1203 2681 fuerit,
1238 2629 1410 2682 neque
1441 2621 1500 2666 ut
1526 2613 1790 2676 adultera,
1824 2625 2000 2678 neque
2030 2619 2087 2662 ut

529 2703 816 2756 foruicaria
853 2705 1266 2758 condemnatur.
1297 2703 1361 2756 Et
1398 2703 1480 2754 vir
1533 2716 1752 2753 uxorem
1809 2715 1959 2752 suam
2002 2699 2084 2751 di-

533 2795 777 2857 mittens,
809 2803 864 2847 et
925 2797 1125 2848 ducens
1166 2795 1325 2846 aliam
1372 2792 1586 2846 adulter
1620 2799 1721 2856 est,
1754 2799 1806 2844 et
1859 2802 2080 2843 uxorem

529 2898 653 2935 cum
685 2885 790 2936 alio
823 2887 1037 2937 mistam
1073 2883 1368 2937 adulteram
1406 2881 1556 2934 facit.
1587 2879 1648 2932 Et
1683 2894 1801 2948 quae
1821 2876 2084 2945 ejusmodi

535 2975 650 3026 viro
686 2975 914 3036 habitat,
942 2987 1048 3027 non
1102 2973 1358 3042 ignorans
1411 2971 1478 3024 ab
1520 2985 1583 3025 eo
1641 2983 1864 3023 uxorem
1922 2981 2085 3036 quam

531 3063 792 3117 habuerat
828 3066 1126 3126 dimissam,
1152 3063 1394 3115 adultera
1425 3071 1525 3114 est.
1560 3061 1807 3113 Alienum
1846 3074 2076 3127 namque

530 3154 708 3207 virum
743 3156 808 3208 ad
835 3168 893 3208 se
925 3153 1184 3206 traduxit.
1212 3153 1315 3206 Sed
1352 3152 1463 3204 haec
1493 3151 1704 3218 quidem
1743 3150 1829 3203 hic
1858 3163 2082 3218 magnus

531 3249 711 3310 Pater,
744 3263 806 3300 ex
841 3261 901 3300 ea
932 3259 1048 3314 qum
1085 3254 1211 3297 tunc
1234 3242 1506 3298 obtinebat
1535 3241 1900 3317 ecclesiastica
1952 3255 2083 3294 con-

531 3339 818 3392 suetudine
852 3337 1071 3391 asserit.
1110 3333 1306 3387 Verum
1341 3348 1402 3386 ex
1446 3347 1530 3396 ea,
1570 3347 1692 3401 qua:
1726 3339 1910 3399 postea
1941 3330 2084 3384 edita

531 3441 635 3494 est,
667 3433 729 3485 de
765 3430 1012 3483 divertiis
1065 3429 1412 3495 imperatoris
1451 3425 1740 3479 Justiniani
1773 3425 1978 3480 novella
2021 3425 2087 3478 li-

535 3525 633 3576 bro
683 3535 850 3575 uvm
894 3520 1249 3572 Basilicarum
1288 3517 1370 3572 tit.
1410 3517 1436 3568 7
1490 3517 1682 3583 posita,
1718 3525 1912 3584 praeter
1956 3515 2088 3569 alias

540 3627 758 3673 causas,
792 3612 860 3664 ob
893 3623 1028 3678 quas
1055 3607 1303 3675 conjugis
1338 3606 1548 3658 solvere
1572 3606 1888 3659 mulieribus
1904 3606 2085 3658 datum

535 3715 636 3766 cst,
672 3703 757 3755 illa
788 3716 1002 3771 quoque
1038 3710 1352 3754 recensetur
1375 3739 1388 3763 ,
1424 3707 1481 3751 ut
1527 3699 1571 3752 si
1623 3698 1677 3750 in
1709 3699 1896 3751 eadem
1929 3699 2087 3751 domo

539 3805 631 3850 aut
665 3795 794 3848 urbe
826 3795 909 3848 vir
939 3793 1091 3845 alteri
1128 3791 1336 3844 mulieri
1368 3791 1808 3854 commisccatur,
1838 3797 1998 3857 atque
2024 3789 2088 3842 ab

539 3902 705 3941 uxore
744 3885 1071 3948 admonitus,
1113 3894 1290 3937 tamen
1337 3882 1404 3934 ab
1441 3881 1581 3933 illius
1620 3881 1947 3933 commercio
1997 3895 2090 3934 ne-

541 3991 810 4047 quaquam
843 3977 1133 4037 abstineat,
1187 3971 1404 4040 nuptias
1439 3969 1734 4024 dissolvere
1769 3970 2088 4026 mulieribus

538 4072 608 4124 ob
637 4068 954 4138 zelotypiam
982 4065 1306 4136 permissum
1344 4065 1434 4118 sit.

2109 1757 2156 1816 B

607 4330 826 4384 ARlST.
865 4329 1025 4382 Juxta
1071 4328 1278 4381 Domini
1324 4342 1624 4382 sermonem
1672 4328 1754 4380 vir
1796 4336 1847 4381 et
1898 4324 2091 4378 mulier

543 4422 907 4476 fornicationis
935 4432 1096 4474 causa
1126 4420 1353 4486 separati
1406 4418 1604 4486 pariter
1637 4416 2088 4471 condemuantur.

538 4511 882 4568 Consuetudo
915 4524 1045 4563 vero
1078 4511 1382 4563 adulterum
1410 4520 1462 4562 et
1496 4509 1873 4562 fornicatorem
1903 4521 1930 4558 a
1968 4519 2097 4558 con-

533 4605 749 4672 jugibus
780 4617 884 4656 non
915 4610 1146 4669 separat.
1184 4601 1240 4652 Si
1272 4615 1377 4668 qua
1427 4614 1555 4653 vero
1603 4599 1798 4652 mulier
1844 4598 1961 4650 viro
2011 4596 2092 4649 di-

541 4695 718 4745 misso
773 4690 957 4756 juncta
1011 4689 1210 4751 fuerit,
1266 4702 1372 4740 non
1418 4697 1499 4740 est
1551 4687 1777 4739 forsitan
1824 4685 2100 4750 adultera;

541 4785 697 4851 culpa
743 4784 881 4835 enim
910 4782 962 4834 in
990 4794 1127 4845 eam,
1167 4777 1417 4848 quaesiue
1441 4778 1647 4830 ratione
1697 4775 1916 4838 dimisit,
1973 4772 2097 4840 reji-

540 4875 726 4926 rieuda
754 4881 836 4926 est
867 4891 880 4925 :
913 4872 996 4925 vel
1020 4870 1180 4923 etiant
1213 4869 1472 4927 adultera,
1500 4867 1543 4920 si
1570 4866 1658 4920 alii
1696 4865 1974 4932 jungatur.
2008 4862 2097 4914 Di-

539 4969 739 5016 missus
764 4977 885 5014 vero
912 4961 1060 5013 venia
1088 4960 1279 5026 dignus
1303 4967 1406 5012 est.
1431 4956 1529 5022 Qui
1549 4971 1675 5008 vero
1702 4970 1851 5008 suam
1880 4953 2096 5018 reliquit

541 5067 764 5105 uxorem
796 5061 850 5103 et
882 5051 948 5103 ad
982 5049 1139 5102 aliam
1176 5047 1423 5109 accessit,
1471 5055 1522 5099 ct
1555 5046 1665 5114 ipse
1702 5055 1783 5097 est
1828 5045 2092 5105 moechus,

539 5153 594 5195 et
623 5157 738 5193 eam
768 5140 1030 5193 maechari
1067 5137 1214 5201 facit,
1270 5146 1322 5190 et
1375 5133 1537 5188 etiam
1595 5133 1783 5186 mulier
1832 5148 1953 5186 cum
1989 5146 2093 5200 qua

540 5231 979 5281 consuetudinem
1015 5229 1191 5281 habet.

609 5314 719 5368 Etsi
778 5316 1029 5367 Dominus
1084 5315 1252 5365 virum
1296 5314 1361 5364 ab
1405 5327 1572 5365 uxore
1609 5327 1703 5362 sua
1766 5311 2088 5376 disjuuctum

541 5408 918 5474 (praeterquam
974 5406 1024 5455 in
1075 5401 1439 5454 fornicationis
1483 5398 1666 5468 causa)
1715 5411 1766 5452 et
1812 5398 2088 5451 mulierem

539 5499 654 5549 sine
691 5497 900 5548 ratione
931 5510 957 5545 a
990 5494 1107 5546 viro
1155 5507 1251 5544 suo
1299 5501 1602 5558 separatam
1657 5490 1934 5556 aequaliter
1963 5502 2091 5540 con-

542 5590 795 5637 dcmuat:
853 5594 1025 5636 tamen
1063 5582 1376 5634 constitutio
1427 5579 1796 5632 ecclesiastica
1852 5579 1901 5630 id
1935 5577 2093 5631 aliter

546 5675 654 5730 fieri
689 5675 858 5740 jubet.
894 5673 1022 5724 Nim
1052 5673 1219 5724 virum
1255 5671 1364 5724 sive
1401 5669 1750 5723 fornicantmu
1798 5671 1906 5723 sive
1941 5668 2089 5724 adul-

1772 340 2048 401 THEOD.
2086 339 2174 398 BA
2187 338 2483 399 LSAMON
2529 368 2540 380 -

3650 334 3775 398 ’621

2183 465 2266 500 σιν
2305 450 2495 519 ἐπίσης
2528 452 2694 518 φησὶν
2748 453 2773 504 6
2821 455 2993 520 μέγας
3044 445 3198 515 οὗτος
3249 454 3444 523 Πατὴρ
3496 449 3773 518 ἁρμόζειν

2184 541 2278 591 καὶ
2309 541 2534 609 ἀνδράσι
2568 543 2660 595 καὶ
2708 543 2974 610 γυναιξὶν,
3027 543 3166 596 ὥστε
3225 547 3370 612 μήτε
3437 542 3608 609 ἄνδρα
3663 540 3772 608 τὴν

2183 636 2385 688 οἰκείαν
2420 638 2638 702 ἀφιέναι
2679 641 2934 703 γυναῖκα,
2977 638 3113 706 μήτε
3145 641 3381 704 γυναῖκα
3422 633 3770 702 ἀφίστασθαι

2185 727 2278 778 τοῦ
2314 727 2506 796 ἀνδρὸς
2549 728 2734 796 αὐτῆς.
2781 727 2920 779 Ἀλλ’
2976 732 3008 794 ἡ
3077 729 3334 793 συνήθεια
3393 729 3496 794 οὐχ
3559 723 3770 792 ὁμοίως

2184 814 2294 882 ἔχει
2329 815 2420 865 ἐπὶ
2445 814 2658 884 ἀνδρῶν
2689 814 2958 881 ἀφιέντων
3003 816 3100 877 τὰς
3161 817 3450 880 γυναῖκας,
3511 814 3610 866 καὶ
3669 814 3769 864 ἐπὶ

2183 904 2462 973 γυναικῶν
2494 905 2694 972 ὁμοίως
2727 906 3018 958 ποιουσῶν.
3067 905 3128 956 Ἦ
3159 905 3258 974 μὲν
3285 905 3393 973 γὰρ
3425 905 3592 973 γυνὴ.
3632 905 3778 955 ἀπο-

2185 995 2360 1045 στᾶσα
2383 991 2478 1045 τοῦ
2511 992 2704 1060 ἀνδρὸς
2734 993 2830 1045 καὶ
2889 993 3223 1060 συναφθεῖσα
3255 991 3451 1061 ἑτέρῳ,
3513 990 3775 1059 μοιχαλὶς

2183 1082 2450 1152 κρίνεται,
2485 1085 2580 1136 καὶ
2602 1083 2784 1135 οὐκέτι
2819 1084 3142 1152 δεχῦήσεται
3175 1083 3328 1151 παρά
3383 1081 3478 1135 τοῦ
3542 1082 3773 1148 ἀνδρὸς,

2183 1173 2230 1225 εἰ
2253 1172 2327 1242 μὴ
2355 1175 2557 1235 ὲκεῖνος
2590 1173 2832 1242 βούλοιτο
2856 1189 2871 1206 ο
2900 1175 2992 1226 τὸν
3019 1174 3073 1227 δὲ
3102 1175 3272 1243 ἄνδρα
3297 1175 3391 1226 καὶ
3425 1173 3775 1242 πορνεύοντα

2183 1267 2276 1316 καὶ
2314 1267 2690 1332 μοιχεύονταή
2746 1264 2881 1334 γυνὴ
2926 1267 3146 1333 ἀφεῖναι
3198 1267 3259 1318 οὒ
3313 1266 3566 1317 δύναται.
3638 1264 3755 1314 Καὶ

2183 1355 2366 1408 λοιπὸν
2395 1357 2444 1407 εἰ
2470 1357 2496 1408 6
2528 1356 2747 1423 ἀφεθεὶς
2775 1356 2936 1426 ἑτέρα
2979 1359 3311 1422 συνοικήσει,
3360 1358 3392 1426 ἡ
3417 1356 3593 1421 τούτῳ
3635 1371 3775 1406 συν-

2183 1447 2419 1514 αφθεῖσα
2468 1447 2530 1498 οὐ
2565 1447 2913 1516 κριθήσεται,
2966 1448 3121 1514 φησὶ,
3207 1446 3477 1516 μοιχαλίς,
3533 1446 3607 1497 Τὸ
3656 1446 3777 1514 γὰρ

2185 1535 2487 1604 ἁμάρτημα
2537 1533 2638 1600 τῆς
2703 1533 3108 1602 καταλειψάσης
3165 1533 3256 1584 τὸν
3312 1534 3515 1584 οἰκεῖον
3588 1532 3778 1598 ἄνδρα

2184 1625 2352 1678 ἐστίν.
2381 1625 2455 1677 Οὐ
2481 1624 2590 1693 γὰρ
2615 1626 2828 1692 ἐφεῖται
2855 1624 2994 1693 αὐτῇ
3029 1622 3369 1689 ἀφίστασθαι
3390 1621 3486 1673 τοῦ
3521 1621 3730 1690 ἀνδρός
3757 1635 3773 1648 ⁸

2184 1713 2302 1766 ἀλλ’
2335 1715 2441 1767 είτε
2473 1715 2685 1782 πικρῶς
2728 1714 2864 1783 αὐτῇ
2921 1713 3308 1782 προσφέρεται,
3373 1713 3564 1780 φέρειν
3620 1711 3763 1780 χρὴ,

2184 1804 2292 1856 εῖτε
2327 1805 2406 1865 εἰς
2441 1805 2699 1872 χρήματα
2730 1803 3022 1870 ζημιοῦται
3048 1801 3146 1870 τὴν
3181 1803 3383 1869 προῖκα
3415 1800 3762 1867 δαπανωμέ-

2183 1910 2283 1963 νην
2313 1892 2496 1960 ὁρῶσα
2525 1909 2539 1923 ο
2573 1893 2681 1945 εῐτε
2710 1892 3001 1960 ζηλοτυπεῖ
3026 1891 3114 1942 διὰ
3139 1891 3200 1942 τὸ
3224 1892 3442 1956 ἑτέραις
3472 1891 3564 1940 τὸν
3593 1890 3777 1956 ἄνδρα

2188 1981 2643 2051 συμφθείρεσθαι,
2678 1984 2964 2050 καρτερεῖν
3015 1982 3095 2033 δεῖ
3145 1981 3238 2033 καί
3279 1981 3372 2032 τοῦ
3422 1981 3619 2048 ἀνδρδς
3692 1979 3776 2047 μὴ

2184 2073 2538 2142 χωρίζεσθαι.
2597 2073 2658 2124 Εἰ
2715 2073 2848 2141 γὰρ,
2909 2073 3142 2124 ἀπίστου
3201 2071 3310 2124 τῶν
3362 2070 3776 2123 συνοικούντων

2184 2165 2334 2225 ὄντος
2394 2165 2642 2232 θατέρου,
2699 2164 2758 2216 τὸ
2823 2164 3008 2232 ἕτερον
3058 2164 3350 2233 πρόσωπον
3418 2161 3776 2232 χωρισθῆναι

2185 2254 2354 2307 αὑτοῦ
2381 2254 2606 2316 ἄκοντος
2635 2255 2965 2314 κεκώλυται,
2997 2257 3138 2308 κατά
3167 2255 3258 2308 τὸν
3308 2256 3584 2323 μακάριον
3614 2250 3776 2303 Παῦ-

2187 2345 2276 2396 λον
2300 2361 2311 2373 ·
2343 2347 2458 2406 πῶς
2491 2346 2781 2409 ἀνεύθυνος
2811 2347 2964 2399 ἔσται
3011 2347 3038 2398 6
3085 2347 3152 2398 δι’
3187 2347 3385 2416 ἑτέραν
3416 2346 3600 2397 αἰτίαν
3621 2344 3779 2396 λύων

2184 2436 2282 2505 τὴν
2315 2435 2613 2504 συζυγίανς
2644 2437 2806 2489 Ὥστε
2860 2440 2893 2506 ἡ
2943 2440 3229 2490 ἀποστᾶσα
3285 2437 3380 2489 τοῦ
3436 2437 3657 2505 ἀνδρὸς,
3723 2436 3776 2485 εί

2185 2527 2328 2595 ἄλλῳ
2359 2526 2659 2596 συνῴκησε,
2721 2528 2964 2596 μοιχαλὶς
2991 2528 3284 2592 λογίζεται.
3329 2527 3391 2578 Ἦ
3419 2527 3474 2578 δὲ
3501 2526 3577 2593 τῷ
3597 2542 3777 2577 καταο

2186 2614 2464 2682 λειφθέντι
2500 2615 2654 2682 ἀνδρὶ
2708 2618 3134 2668 συνευνασθεῖσα
3189 2616 3462 2684 νομίμως,
3514 2614 3639 2665 οὔτε
3691 2613 3777 2675 ὡς

2191 2705 2441 2773 μοιχαλὶς
2478 2704 2603 2758 οὔτε
2651 2707 2724 2767 ὡς
2788 2707 3140 2776 πορνεύσασα
3188 2707 3610 2774 κατακρίνεται.
3659 2705 3778 2757 Καὶ

2187 2798 2214 2847 6
2239 2796 2377 2863 ἀνὴρ
2423 2795 2500 2859 δὲ,
2533 2796 2632 2863 τὴν
2663 2795 2858 2848 ἑαυτοῦ
2897 2799 3128 2859 γυναῖκα
3181 2797 3484 2858 ἀπολύσας,
3515 2796 3612 2847 καὶ
3644 2796 3776 2846 ἐτέ-

2194 2897 2289 2951 ραν
2313 2877 2780 2948 εἰσοικισάμενοξ,
2829 2886 3012 2951 μοιχός
3051 2883 3190 2949 ἔστι,
3245 2887 3338 2936 καὶ
3376 2886 3475 2952 τὴν
3521 2889 3773 2950 γυναῖκα

2194 2969 2481 3038 μοιχαλίδα
2513 2972 2674 3032 ποιεῖ,
2710 2972 2856 3039 ἀλλῳ
2903 2975 3263 3040 μιγνυμένην.
3313 2975 3425 3024 Καὶ
3459 2975 3491 3041 ἡ
3519 2973 3595 3041 τῷ
3651 2991 3772 3025 τοις

2191 3060 2332 3128 ούτῳ
2354 3060 2408 3111 δὲ
2437 3060 2589 3128 ἀνδρὶ
2615 3062 3008 3128 συνοικήσασα,
3039 3063 3098 3112 ἑν
3126 3062 3327 3129 εἰδήσει
3354 3062 3448 3114 τοῦ
3492 3062 3772 3114 ἀπολῦσαι

2186 3151 2346 3206 αὑτὸν
2386 3151 2450 3220 ἣν
2518 3148 2631 3219 εἰχε
2673 3153 2929 3214 γυναῖκα,
2967 3151 3213 3219 μοιχαλίς
3242 3153 3414 3204 ἐστιν.
3454 3152 3774 3220 ’Ᾱλλότριον

2188 3243 2295 3311 γὰρ
2324 3242 2492 3309 ἄνδρα
2525 3241 2657 3309 πρὸς
2688 3241 2889 3308 ἑαυτὴν
2917 3243 3274 3312 μετέστησεν.
3324 3243 3490 3294 Ἀλλά
3538 3242 3717 3294 ταῦτα
3743 3244 3772 3293 6

2189 3334 2360 3402 μέγας
2393 3328 2545 3394 οὗτός
2576 3347 2708 3401 φησι
2742 3334 2932 3400 Πατὴρ
2997 3335 3137 3386 κατά
3179 3334 3239 3384 τὺ
3269 3335 3582 3401 τηνικαῦτα
3635 3351 3774 3401 xpu-

2187 3423 2314 3475 τοῦν
2352 3421 2812 3491 ἐκκλησιαστικὸν
2848 3421 2986 3482 ἔθος.
3029 3421 3121 3473 Ἐκ
3173 3422 3226 3473 δὲ
3254 3423 3353 3488 τῆς
3405 3422 3544 3490 μετά
3593 3423 3768 3473 ταῦτα

2189 3514 2316 3580 περὶ
2339 3512 2547 3573 λύσεως
2578 3512 2771 3579 γάμων
2827 3509 3240 3578 ὲκφωνηθείσης
3276 3511 3501 3577 Νεαρᾶς
3534 3511 3627 3563 τοῦ
3666 3513 3770 3579 βα-

2191 3605 2378 3667 σιλέως
2417 3602 2819 3667 Ἰουστινιανοῦ,
2849 3603 2946 3670 τῆς
2978 3604 3235 3672 κειμένης
3268 3605 3348 3662 εἰς
3398 3604 3608 3671 βιϐλίον
3643 3605 3756 3654 τῶν

2188 3694 2491 3746 Βασιλικῶν
2535 3691 2641 3761 κη’,
2677 3694 2812 3746 τίτλ.
2845 3691 2914 3756 ζ’,
2972 3693 3108 3763 πρὸς
3158 3694 3279 3753 ταῖς
3336 3693 3526 3754 ἄλλαις
3564 3694 3774 3755 αἰτίαις

2187 3787 2308 3845 ταῖς
2334 3784 2400 3836 δι’
2431 3784 2496 3846 ἃς
2531 3782 2679 3835 λύειν
2699 3785 2816 3844 ταῖς
2851 3781 3059 3848 γυναιξὶ
3085 3783 3154 3833 τά
3183 3784 3496 3834 συνοικέσια
3539 3783 3770 3845 δίδοται,

2195 3877 2290 3927 καὶ
2325 3875 2386 3926 τὸ
2414 3877 2471 3927 ὲν
2503 3878 2568 3943 τῇ
2599 3875 2732 3942 αὐτῇ
2754 3875 2901 3942 οἰκίᾳ
2929 3874 2961 3941 ἦ
2987 3873 3137 3925 πόλει
3173 3874 3264 3924 τὸν
3296 3873 3465 3941 ἀνδρα
3499 3875 3778 3941 συμφθεί-

2199 3968 2382 4039 ρεσθαι
2415 3968 2631 4035 γυναικὶ
2658 3967 2816 4037 ἄλλη,
2847 3964 3288 4032 ἐπιφωνούμενον
3318 3964 3470 4032 παρά
3529 3965 3624 4015 τοῦ
3669 3966 3780 4032 μέ-

2197 4077 2321 4131 ρους
2361 4060 2460 4127 τῆς
2489 4059 2746 4125 γυναικὸς
2774 4057 2847 4126 μὴ
2877 4056 3206 4122 ἀφίστασθαι
3240 4057 3337 4124 τῆς
3371 4055 3514 4124 πρὸς
3552 4056 3778 4125 ἐκείνην

2193 4149 2430 4216 ὁμιλίας,
2475 4149 2622 4200 λύειν
2654 4149 2780 4210 τοὺς
2831 4147 3042 4217 γάμους
3094 4149 3217 4208 ταῖς
3265 4146 3486 4213 γυναιξὶ
3530 4147 3624 4198 διὰ
3673 4148 3780 4213 τὴν

2196 4239 2531 4309 ζηλοτυπίαν
2563 4239 2803 4306 ἐφίησιν.

2267 4330 2486 4383 ΑΡΙΣΤ.
2519 4331 2673 4381 Κατά
2704 4329 2794 4379 τὸν
2821 4327 2912 4381 τοῦ
2952 4329 3151 4397 Κυρίου
3190 4329 3350 4395 λόγον
3411 4331 3546 4389 ῖσως
3602 4344 3782 4378 κατα-

2199 4421 2482 4484 δικάζεται
2512 4419 2607 4471 καὶ
2638 4420 2798 4488 ἀνὴρ,
2830 4419 2922 4471 καὶ
2955 4419 3111 4488 γυνὴ,
3160 4419 3281 4488 δίχα
3343 4419 3602 4487 πορνείας
3638 4424 3784 4472 ἀποο

2200 4507 2554 4575 ζευγνύμενοι
2578 4523 2592 4538 ·
2628 4508 2659 4576 ὴ
2693 4508 2745 4559 δὲ
2776 4507 3034 4576 συνήθεια
3053 4509 3144 4560 τὸν
3180 4507 3367 4576 μοιχὸν
3397 4508 3493 4560 καὶ
3520 4509 3610 4559 τὸν
3641 4507 3787 4577 πόρε

2197 4615 2286 4651 νον
2315 4597 2657 4662 διαζεύγνυσι
2687 4597 2795 4649 τῶν
2827 4598 3096 4666 συμϐίων.
3150 4598 3209 4649 Εἰ
3253 4598 3309 4650 δέ
3350 4615 3433 4660 τις
3463 4599 3652 4666 ἀφέτῳ
3682 4600 3786 4650 ἀν-

2197 4689 2282 4757 δρὶ
2314 4686 2655 4756 συζευχθείη,
2702 4687 2802 4738 οὐκ
2859 4686 2937 4738 ἔνι
2986 4687 3150 4755 τυχδν
3205 4688 3490 4755 μοιχαλίς·
3556 4688 3615 4738 τὸ
3664 4690 3784 4758 γὰρ

2203 4780 2372 4830 αῐτιον
2404 4780 2494 4831 ὲπὶ
2521 4779 2618 4846 τὴν
2645 4778 2855 4843 ἀλόγως
2885 4779 3111 4844 ἀφεῖσαν
3136 4794 3151 4808 ο
3185 4778 3217 4845 ἢ
3249 4778 3344 4828 καὶ
3401 4778 3674 4845 μοιχαλὶς,
3731 4781 3783 4829 εἰ

2204 4867 2340 4936 πρὸς
2378 4866 2564 4935 ἕτερον
2599 4865 2906 4930 ζεύγνυται.
2948 4866 3006 4918 Ὀ
3033 4867 3088 4918 δὲ
3147 4867 3366 4934 ἀφεθεὶς
3399 4867 3779 4933 συγγνωστός.

2210 4956 2267 5006 Ὀ
2299 4954 2354 5006 δὲ
2384 4953 2481 5023 τὴν
2502 4958 2736 5021 γυναῖκα
2782 4954 2980 5018 λιπὼν,
3020 4956 3114 5008 καὶ
3152 4954 3239 5007 ἐπ’
3289 4955 3458 5023 ἀλλην
3522 4957 3638 5018 ἰὼν,
3680 4956 3784 5006 καὶ

2201 5045 2360 5106 αὐτὸς
2399 5045 2604 5113 μοιχὸς,
2634 5048 2727 5096 καὶ
2754 5045 2922 5112 αὐτὴν
2979 5044 3379 5114 μεμοιχεῦσθαι
3409 5047 3577 5108 ποιεῖ,
3609 5043 3708 5097 καὶ
3745 5046 3780 5112 ἡ

2200 5135 2346 5201 αύτῷ
2378 5135 2701 5187 συνοικοῦσα
2732 5136 2890 5204 γυνή.

2269 5311 2328 5362 Εἰ
2365 5311 2453 5360 καὶ
2481 5312 2507 5360 6
2533 5308 2732 5376 Κύριος
2767 5309 2856 5360 τὸν
2904 5311 3069 5379 ἀνδρα
3124 5311 3216 5362 τὸν
3253 5312 3644 5380 ὃιαζευχθέντα
3675 5315 3784 5384 τῆς

2207 5402 2340 5462 ἰδίας
2365 5401 2620 5466 γυναικὸς
2670 5401 2966 5466 (παρεκτὸς
3010 5400 3167 5466 λόγου
3211 5403 3490 5471 πορνείας)
3532 5405 3627 5456 καὶ
3680 5404 3784 5474 τὴν

2205 5493 2440 5557 γυναῖκα
2469 5489 2770 5556 ἀνευλόγως
2809 5491 2901 5542 τοῦ
2961 5491 3091 5543 ἰδίου
3153 5493 3523 5562 χωρισθεῖσαν
3587 5495 3785 5564 ἀνδρὸς

2201 5581 2554 5642 καταδικάζει
2589 5583 2780 5650 ἐπίσης
2806 5597 2821 5612 ο
2856 5583 2967 5633 ἀλλ’
3033 5586 3065 5651 ὴ
3109 5584 3367 5651 συνήθεια
3400 5586 3435 5652 ἡ
3485 5587 3780 5654 ἐκκλησια-

2195 5670 2358 5739 στικὴ
2389 5671 2559 5731 ἄλλως
2580 5669 2735 5722 τοῦτο
2768 5675 3089 5738 προστάττει
3112 5673 3356 5739 γίνεσθαι
3380 5691 3392 5705 ο
3417 5675 3510 5726 τὸν
3546 5675 3642 5742 μὲν
3669 5677 3781 5746 γὰρ
