4018 6432
534 369 637 434 62.7

1752 364 1848 424 ΤΗ
1858 361 2026 423 ΕΟΙ).
2057 361 2144 419 BA
2155 361 2452 423 LSAMON

3673 357 3787 424 αα

525 494 917 562 dispensationi
955 495 999 546 si
1038 493 1286 552 cesserit,
1346 488 1394 540 id
1427 490 1473 542 ei
1524 486 1745 556 perjurii
1801 487 1917 540 loco
1963 502 2069 541 non

2217 491 2375 561 νομία
2397 493 2472 552 είς
2496 491 2774 562 ἐπιορκίαν
2797 488 2943 560 αύτῷ
2973 490 3035 542 ού
3069 489 3469 559 λογισθήσεται,
3504 489 3590 542 διά
3619 490 3683 542 τὸ
3717 491 3789 558 μί’

521 585 893 654 imputabitur.
926 572 1120 652 quippe
1145 583 1267 649 quia
1290 577 1636 646 jurijurando
1663 578 1934 645 adjectum
1961 593 2069 632 non

521 684 602 726 est
639 688 702 726 ne
729 672 1004 740 paululum
1036 670 1251 738 quidem
1280 667 1547 721 Mindanis
1577 682 1942 730 recessurum,
1976 670 2069 720 sed

520 763 776 829 deinceps
802 774 1236 828 permansurum.
1269 757 1379 810 Nos
1405 766 1584 812 autem
1611 757 1813 810 Severo
1842 757 2070 810 oblivio-

519 866 641 904 nem
674 852 918 903 causanti
959 851 1037 904 sic
1076 851 1435 919 ignoscemus,
1470 857 1525 900 ut
1558 834 1681 900 eum
1727 862 2066 907 moneamus,

520 941 858 993 occultorum
882 939 1213 1006 cognitorem
1243 951 1396 990 suam
1427 937 1597 1003 ipsius
1631 935 1928 988 Ecclesiam
1963 949 2070 986 non

519 1043 808 1098 passurum
863 1028 929 1080 ab
982 1024 1246 1094 ejusmodi
1301 1024 1521 1076 homine
1571 1021 1887 1076 labefactari
1927 1040 1938 1075 :
1977 1021 2072 1089 qui

518 1127 713 1185 praeter
736 1131 975 1170 canones
1009 1117 1076 1167 ab
1100 1114 1255 1166 initio
1287 1113 1435 1173 fecit,
1470 1125 1533 1164 ac
1565 1111 1920 1178 jurejurando
1944 1125 2072 1163 con-

519 1217 605 1261 tra
665 1208 952 1275 Evangelia
1012 1207 1300 1272 astringit,
1361 1211 1417 1256 et
1471 1203 1765 1271 perjurium
1839 1199 2071 1256 transfe-

518 1299 691 1353 rendo
717 1298 926 1359 edocet,
960 1311 1023 1349 ac
1053 1304 1347 1363 postremo,
1379 1293 1506 1346 dum
1543 1293 1863 1346 oblivionem
1899 1294 2072 1346 simu-

517 1390 616 1447 lat.
651 1390 930 1441 mentitur.
976 1385 1084 1440 Sed
1129 1385 1386 1453 quoniam
1435 1383 1679 1436 cordium
1710 1384 1920 1450 judices
1968 1397 2074 1434 non

522 1491 731 1535 sumus,
771 1475 864 1528 sed
903 1490 968 1528 ex
1023 1474 1089 1525 iis
1137 1482 1254 1539 quae
1310 1471 1581 1533 audimus,
1610 1471 1945 1538 judrcamus,
1982 1470 2076 1523 de-

518 1583 646 1620 mus
676 1565 902 1618 Domino
942 1564 1256 1623 vindictam,
1293 1577 1524 1630 eumque
1558 1562 1692 1613 citra
1723 1577 1949 1615 examen
1985 1578 2076 1615 su-

521 1657 841 1725 spiciamus,
880 1655 1116 1708 humano
1148 1654 1299 1714 vitio,
1348 1652 1605 1706 oblivioni
1654 1653 1885 1714 scilicet,
1925 1645 2077 1720 igno-

522 1753 762 1800 εεοηῑεε.

591 1853 701 1921 66
734 1851 926 1904 BALS.
963 1850 1189 1916 Quidam
1233 1859 1285 1901 nt
1318 1849 1699 1904 ordinarentur
1743 1846 1954 1902 evocati
2005 1846 2087 1914 ju-

515 1956 707 2000 rarum
734 1959 792 1998 se
821 1943 1214 1997 ordinationem
1244 1957 1354 1996 non
1406 1941 1754 1996 admissuros.
1786 1939 1924 1993 Dicit
1958 1951 2088 2005 ergo

519 2050 742 2092 sanctus
779 2053 886 2090 non
915 2043 1164 2104 oportere
1205 2048 1298 2088 eos
1343 2032 1458 2103 cogi
1489 2033 1748 2101 pejerare.
1781 2028 1895 2083 Etsi
1920 2027 2083 2091 enim,

519 2131 716 2199 inquit,
753 2129 998 2182 videatur
1028 2127 1118 2190 iis,
1159 2125 1248 2193 qui
1297 2140 1361 2179 ex
1407 2140 1465 2178 se
1517 2123 1948 2193 ipsisjurarunt,
2001 2118 2090 2172 vel

520 2223 612 2292 qui
665 2220 881 2288 aliquod
913 2219 1014 2273 Isibl
1042 2218 1315 2272 vinculum
1357 2216 1682 2284 injecerunt,
1727 2212 1814 2266 vel
1867 2225 2086 2265 carnem

523 2297 631 2367 non
664 2313 1003 2375 comedendi,
1045 2312 1127 2366 vel
1163 2312 1347 2364 vinum
1403 2325 1506 2362 non
1564 2304 1804 2372 bibendi,
1856 2304 1940 2357 vel
1989 2317 2088 2357 nec

524 2406 652 2460 illud
690 2404 942 2467 faciendi,
974 2405 1137 2459 licere
1169 2416 1357 2456 rursus
1397 2398 1671 2452 vinculum
1721 2397 1950 2459 solvere,
1978 2400 2031 2446 et
2059 2407 2087 2444 a

520 2496 876 2562 jurejurando
921 2493 1187 2556 deiicere;
1250 2492 1343 2544 sed
1394 2487 1728 2555 experientia
1781 2484 2088 2545 didicimus,

528 2587 694 2655 quod.
728 2588 817 2655 qui
854 2587 1180 2654 pejerarunt,
1213 2597 1319 2636 non
1348 2590 1491 2635 recta
1526 2589 1653 2635 sunt
1698 2578 1750 2630 in
1796 2576 1880 2628 via
1933 2576 2025 2628 sed
2061 2587 2091 2626 a

527 2678 641 2731 Deo
672 2678 924 2730 sinuntur
973 2683 1193 2743 propter
1244 2672 1540 2742 perjurium
1597 2669 1813 2725 tentari.
1867 2666 2093 2736 Oportet

529 2780 730 2831 autem,
765 2769 958 2836 inquit,
997 2767 1048 2820 in
1091 2765 1176 2819 his
1224 2763 1512 2832 juramenti
1564 2760 1790 2814 formam
1827 2772 2089 2827 quaerere,

527 2877 598 2913 an
640 2860 692 2912 in
723 2861 884 2912 Deum
915 2858 1105 2921 jurans
1135 2854 1352 2913 dixerit,
1386 2867 1454 2905 an
1489 2852 1541 2903 in
1589 2849 1787 2917 aliquid
1843 2845 2008 2909 aliud,
2039 2853 2092 2899 et

529 2952 691 3006 verba
725 2950 839 3018 ejus
873 2949 960 3018 qui
988 2946 1209 3017 juravit.
1241 2954 1296 3000 et
1317 2943 1656 2998 affectionem
1681 2954 1838 3008 quam
1867 2937 2092 3006 juravit,

529 3053 583 3096 et
621 3042 780 3096 etiam
810 3040 1026 3094 subtilia
1059 3039 1112 3092 in
1162 3036 1341 3091 verbis
1390 3034 1776 3088 additamenta.
1824 3027 1919 3081 Est
1951 3025 2092 3078 enim

530 3143 954 3187 consentaneum
983 3144 1046 3184 ex
1073 3126 1392 3182 sacramenti
1417 3123 1696 3195 qualitate,
1727 3130 1779 3176 et
1806 3135 1868 3174 ex
1895 3117 2090 3177 verbis,

2217 581 2565 650 προσκεῖσθαι
2599 581 2677 650 τῷ
2710 583 2884 650 ὅρκῳ,
2929 578 3062 649 μηδὲ
3106 578 3240 649 πρὸς
3281 578 3452 649 βραχὺ
3496 579 3787 649 ἀναχωρή·

2226 691 2325 726 τειν
2500 672 2807 736 Μινδάνων,
2836 671 2970 724 ἀλλὰ
3002 672 3335 740 παραμενεῖν
3363 672 3440 731 είς
3467 668 3529 721 τό
3559 669 3783 738 ἐφεξῆς.

2214 764 2435 834 Σευήρῳ
2466 763 2542 825 δὲ,
2571 759 3018 831 προφασιζομένῳ
3037 760 3133 830 τὴν
3153 759 3341 828 λήθην,
3381 761 3544 828 ἡμεῖς
3572 772 3790 826 συγχω⁴

2214 855 2472 922 ρήσομεν,
2508 853 2766 914 εἰπόντες,
2789 851 2867 903 ὅτι
2893 850 3000 902 τῶν
3027 850 3280 920 κρυπτῶν
3305 850 3554 917 γνώστης
3583 850 3646 900 οὐ
3687 863 3790 898 πε-

2217 941 2454 1008 ριόψεται
2491 940 2588 1008 τὴν
2619 938 2809 992 ἑαυτοῦ
2839 937 3156 1006 Ἐκκλησίαν
3191 937 3294 988 ὑπὸ
3319 936 3562 988 τοιούτου
3591 937 3790 1002 λυμαιι

2212 1031 2466 1101 νομὲνηνο
2515 1029 2790 1091 ποιοῦντος
2837 1030 2932 1098 μὲν
2975 1027 3334 1087 άκανονίστως
3376 1025 3436 1076 τὸ
3468 1025 3527 1088 ἐξ
3567 1025 3784 1093 ἀρχῆς,

2211 1123 2356 1193 ὅρκῳ
2379 1121 2431 1172 δὲ
2462 1118 2921 1189 καταδεσμοῦντος
2954 1118 3102 1187 παρά
3127 1115 3192 1169 τά
3214 1115 3540 1182 Εύαγγέλια·
3569 1129 3787 1180 παρορ-

2211 1217 2323 1267 κεῖν
2357 1213 2410 1266 δὲ
2445 1213 2782 1272 διδάσκοντος
2819 1210 2884 1261 δι’
2917 1202 2991 1262 ὧν
3030 1205 3698 1278 μετετέθη,’ψευδομένου
3729 1203 3791 1254 δὲ

2209 1301 2302 1354 νῦν
2323 1301 2388 1354 δι’
2424 1293 2497 1353 ὧν
2683 1299 2779 1368 τὴν
2817 1298 2983 1368 λήθην
3023 1294 3430 1364 σχηματίζεται.
3465 1291 3690 1358 Ἐπειδὴ
3726 1289 3791 1340 δὲ

2207 1391 2306 1442 οὐκ
2343 1389 2507 1458 ἐσμὲν
2533 1388 2765 1457 καρδιῶν
2788 1385 2992 1456 κριταὶ,
3024 1384 3136 1437 ἀλλ’
3176 1383 3232 1448 ἐξ
3261 1376 3335 1434 ὧν
3357 1380 3627 1448 ἀκούομεν
3663 1378 3795 1447 κρῖ-

2209 1495 2401 1548 νομεν·
2448 1478 2625 1547 δῶμεν
2671 1476 2747 1546 τῷ
2794 1476 2982 1545 Κυρίῳ
3020 1473 3117 1542 τὴν
3164 1472 3468 1540 ἐκδίκησιν,
3526 1467 3685 1521 αὐτοὶ⁹
3727 1465 3793 1517 δὲ

2209 1571 2531 1639 ἀδιακρίτως
2555 1567 2715 1618 αὐτὸν
2744 1564 3053 1633 δεξώμεθα,
3087 1559 3413 1629 συγγνώμην
3446 1558 3628 1617 δόντες
3687 1555 3793 1606 άν-

2209 1659 2460 1728 θρωπίνῳ
2497 1656 2680 1720 πάθει,
2712 1659 2775 1724 τῇ
2803 1653 2960 1724 λήθῃ.

2271 1843 2464 1896 ΒΑΛΣ.
2499 1841 2656 1906 Τινὲς
2678 1845 2759 1905 είς
2781 1842 2841 1894 τὸ
2871 1839 3319 1910 χειροτονηθῆναι
3355 1829 3790 1907 μετακαλούμει

2192 1936 2656 2005 νοι,ἐξωμνύοντο
2700 1934 2777 2004 μὴ
2819 1929 3219 1996 καταδέξασθαι
3265 1930 3366 1997 τὴν
3402 1928 3792 1999 χειροτονίαν.

2190 2028 2328 2090 Τοὺς
2358 2027 2450 2081 οὖν
2486 2028 2757 2089 τοιούτους
2782 2025 2930 2094 λέγει
2968 2026 2996 2077 ὀ
3034 2023 3192 2090 ἆγιος
3242 2021 3320 2089 μὴ
3371 2020 3481 2072 δεῖν
3531 2019 3798 2086 ἀναγκά-

2191 2119 2380 2183 ζεσθαι
2414 2119 2712 2188 ἐπιορκεῖν.
2747 2117 2867 2171 Κᾶν
2890 2115 3000 2184 γὰρ
3021 2113 3173 2183 δοκῇ,
3204 2109 3392 2182 φησὶν,
3426 2107 3631 2174 ἐξεῖναι
3665 2110 3799 2171 τοῖς

2189 2211 2282 2280 ἀφ’
2311 2211 2521 2266 ἑαυτῶν
2551 2211 2815 2282 ὀμόσασιν
2850 2208 2883 2280 ἢ
2915 2207 3114 2277 δεσμόν
3132 2222 3253 2258 τινα
3302 2203 3519 2264 ἑαυτοῖς
3573 2201 3794 2254 ἐπιδα-

2189 2300 2394 2366 λοῦσιν,
2428 2302 2504 2366 ὡς
2534 2302 2609 2372 μὴ
2637 2302 2837 2370 φαγεῖν
2868 2297 3056 2369 κρέας.
3097 2296 3132 2366 ἢ
3185 2295 3331 2347 πιεῖν
3394 2286 3563 2354 οἶνον,
3601 2290 3634 2358 ἢ
3707 2291 3794 2358 μὴ

2190 2394 2308 2446 τάδε
2338 2393 2587 2462 ποιῆσαι,
2636 2391 2785 2444 λύειν
2823 2389 2989 2443 πάλιν
3018 2387 3112 2454 ἀφ’
3151 2385 3366 2440 ἑαυτῶν
3401 2385 3491 2436 τδν
3549 2381 3792 2451 δεσμὸν,

2193 2485 2288 2538 καὶ
2314 2483 2406 2538 τοῦ
2429 2485 2593 2553 ὅρκου
2624 2479 2980 2550 ἀφίστασθαι⁸
3003 2478 3118 2532 ἀλλ’
3151 2479 3215 2530 ἐκ
3248 2475 3446 2545 πείρας
3494 2472 3796 2541 ἐμάθομεν

2192 2577 2276 2629 ὅτι
2309 2576 2760 2646 παρορκήσαντες
2809 2573 2908 2625 οὐκ
2967 2567 3295 2631 εύοδοῦνται,
3347 2563 3465 2618 ἀλλ’
3519 2561 3624 2615 ὑπὸ
3686 2557 3793 2611 τοῦ

2194 2665 2328 2719 Θεοῦ
2391 2663 2848 2735 παραχωροῦνται
2895 2659 3264 2729 πειρασθῆναι
3311 2654 3400 2708 διὰ
3433 2653 3533 2721 τὴν
3589 2651 3798 2716 ἐπιορο

2195 2759 2336 2812 κίαν.
2375 2759 2466 2810 Δεῖ
2489 2757 2569 2820 δὲ,
2607 2756 2795 2824 φησὶν,
2839 2751 3066 2806 ἐπὶτῶν
3093 2747 3365 2803 τοιούτων
3392 2746 3486 2798 καὶ
3522 2742 3585 2794 τὸ
3616 2735 3799 2806 εἶδος,

2193 2847 2287 2900 τοῦ
2330 2848 2494 2916 ὅρκου
2533 2846 2781 2908 σκοπεῖν,
2821 2843 2921 2895 εἰτ’
2977 2837 3072 2894 οὖν
3127 2839 3176 2892 εἰ
3219 2837 3356 2889 Θεδν
3400 2832 3697 2900 ὠνόμασεν
3757 2828 3799 2880 ὁ

2195 2936 2431 3005 ὀμνύων,
2462 2935 2646 3004 sane
2681 2951 2755 2997 τι,
2807 2933 2901 2984 καὶ⁵
2944 2931 3014 2982 τὰ
3057 2929 3281 2998 ῥήματα
3335 2922 3432 2975 τοῦ
3473 2920 3792 2986 ὀμόσαντος

2195 3027 2290 3080 καὶ⁸
2319 3026 2418 3094 τὴν
2448 3024 2688 3078 διάθεσιν
2722 3023 2818 3090 ἀφ’
2837 3016 2901 3091 ἧς
2930 3019 3132 3087 ὤμοσε,
3167 3013 3383 3076 καὶτὰς
3406 3011 3549 3065 κατὰ
3579 3009 3802 3062 λεπτδνι

2196 3117 2253 3170 ἐν
2284 3119 2396 3178 τοῖς
2433 3116 2640 3185 ῥήμασι
2678 3111 3013 3182 προσθήκας.
3051 3109 3116 3160 Ὅ
3158 3105 3306 3167 είκδς
3359 3103 3469 3171 γάρ
3517 3102 3674 3154 ἐστιν
3722 3101 3794 3151 ἐκ

532 3234 586 3277 et
615 3239 680 3276 ex
716 3221 996 3275 allectione
1045 3221 1133 3287 (an
1193 3218 1399 3272 scilicet
1457 3214 1648 3285 pusillo
1683 3221 1737 3266 et
1779 3225 1884 3266 non
1941 3211 2089 3263 ilrmo

2203 3209 2294 3278 τῆς
2323 3207 2416 3261 τοῦ
2444 3208 2605 3276 ὅρκου
2644 3205 2944 3274 ποιότητος,
2983 3201 3076 3253 καὶ
3119 3200 3184 3252 ἐκ
3231 3196 3340 3248 τῶν
3390 3193 3658 3265 ῥημάτων
3688 3193 3792 3244 καὶ

531 3316 711 3368 animo
739 3313 980 3382 juravit),
1018 3311 1421 3366 considerantes
1468 3304 1944 3374 comprehendere,
1987 3315 2091 3354 non

533 3403 807 3472 prohiberi
840 3411 1088 3468 Oportere
1109 3413 1251 3461 eum,
1279 3398 1368 3467 qui
1389 3397 1612 3464 juravit,
1668 3410 1696 3448 a
1743 3392 2095 3463 jurejurando

532 3488 817 3542 desistere.
847 3485 939 3540 Sin
982 3485 1101 3540 istis
1131 3485 1508 3545 consideratis,
1565 3496 1669 3536 non
1723 3491 1807 3536 est
1856 3479 2096 3533 invenire

531 3581 798 3634 rationem
832 3579 1065 3647 aliquam
1102 3591 1270 3645 quare
1320 3591 1346 3628 a
1395 3572 1744 3642 jurejurando
1790 3571 2093 3627 desisteret.

530 3678 746 3735 oportet
805 3667 938 3720 tales
987 3666 1282 3726 dimittere,
1363 3678 1432 3717 ne
1488 3660 1746 3729 pejerent.
1813 3657 2095 3728 Negotium

531 3768 712 3812 autem
752 3745 963 3816 Severi.
999 3771 1090 3810 seu
1146 3769 1304 3809 causa
1333 3763 1386 3806 et
1409 3759 1782 3823 argumentum
1814 3760 1930 3803 erat
1957 3747 2101 3815 ejus-

533 3849 677 3903 modi
715 3867 728 3902 :
764 3848 1034 3917 Longinus
1062 3847 1280 3915 quidam
1332 3843 1562 3897 habebat
1613 3856 1799 3912 agrum
1845 3839 2095 3893 Mindana

533 3944 733 3997 dictum
767 3940 858 4011 qui
889 3942 1104 4009 quidem
1137 3949 1252 3993 erat
1292 3937 1531 3991 Mesthiae
1576 3935 1906 4002 epise0patui
1964 3933 2097 3986 sub-

524 4036 755 4102 jectus:
815 4034 1050 4087 Severus
1098 4042 1302 4094 autem,
1363 4043 1484 4082 cum
1541 4037 1686 4082 esset
1756 4025 2096 4079 Masadarum

530 4127 836 4194 episcopus,
870 4124 1160 4192 quemdam
1190 4119 1258 4190 (1)
1273 4111 1485 4174 riacum'
1522 4118 1790 4172 ordinavit
1822 4118 2097 4184 presbyte—

532 4234 650 4272 rum
678 4218 881 4285 templi,
914 4218 1055 4285 quod
1114 4224 1232 4268 erat
1288 4215 1339 4269 in
1395 4227 1543 4283 agro,
1573 4207 1926 4280 jurejurando
1951 4208 2100 4275 prius

533 4313 805 4376 adactum,
835 4310 976 4378 quod
1011 4311 1059 4362 in
1116 4307 1313 4375 templo
1372 4312 1734 4374 permaneret,
1782 4301 1868 4355 vel
1921 4299 2099 4368 potius

532 4403 860 4472 episcOpatui
887 4411 1028 4454 esset
1051 4399 1321 4466 subjectus
1350 4413 1364 4448 :
1400 4398 1495 4449 sed
1527 4395 1813 4462 episcopus
1841 4391 2095 4460 regionis,

533 4493 619 4544 cui
649 4501 766 4544 erat
817 4506 942 4559 ager
995 4487 1295 4556 subjectus,
1335 4484 1650 4552 prohibebat
1699 4481 1985 4551 Cyriaeum
2031 4479 2099 4533 ab

535 4585 641 4636 alio
672 4583 982 4635 ordinatum
1033 4593 1183 4633 sacra
1215 4577 1493 4631 celebrare
1541 4575 1592 4627 in
1624 4572 1853 4627 ecclesia
1886 4586 2005 4640 quae.
2032 4571 2098 4623 ad

536 4677 709 4737 ipsum
739 4670 1061 4740 pertinebat,
1109 4676 1159 4722 et
1193 4668 1314 4721 ideo
1346 4665 1606 4735 Cyr-iaeus
1639 4676 1702 4716 ea
1762 4662 1943 4714 relicta
1994 4661 2100 4712 alio

538 4764 831 4817 translatus
891 4771 996 4814 est.
1055 4759 1222 4812 Porro
1276 4755 1552 4823 Longinus
1582 4768 1797 4822 quoque
1855 4751 1906 4805 id
1961 4765 2100 4818 aagre

539 4857 717 4909 ferens
751 4855 987 4905 minatus
1021 4859 1100 4903 est
1156 4863 1214 4903 se
1243 4847 1525 4901 ecclesiam
1554 4845 1822 4899 desertam
1878 4842 2099 4896 relictu-

538 4965 676 5002 rum
712 4946 784 4999 De
816 4959 875 4998 ea
911 4958 1037 5011 ergo
1069 4955 1123 4993 re
1170 4940 1528 5004 interrogatus
1579 4950 1802 5015 magnus
1850 4932 2098 4994 Basilius,

537 5039 837 5109 respondit,
869 5051 1054 5104 agrum
1095 5033 1179 5087 cui
1219 5030 1554 5084 renuntiatus
1593 5035 1674 5079 est
1709 5023 1990 5095 (Syriacus,
2050 5021 2100 5074 id

537 5141 644 5194 est,
675 5131 828 5197 cujus
859 5128 1142 5198 presbyter
1171 5124 1482 5178 nominatus
1521 5127 1621 5180 est,
1680 5126 1927 5184 oportere
1981 5128 2102 5167 esse

541 5221 883 5276 Masadarum
920 5215 1248 5286 episcOpatui
1281 5211 1604 5276 subjectum,
1632 5204 1732 5261 etsi
1766 5213 1907 5259 esset
1963 5205 2101 5257 alius

541 5314 798 5381 regionis,
835 5319 888 5363 et
911 5309 1197 5376 Cyriacum
1225 5306 1331 5359 illic
1361 5303 1580 5357 reverti.
1611 5301 1701 5353 Sic
1720 5295 2101 5364 enim,inquit,

542 5419 642 5457 nec
671 5404 758 5455 ille
813 5401 972 5454 faciet
1010 5407 1203 5464 prreter
1228 5405 1648 5455 sacramentum,
1678 5407 1776 5445 nec
1829 5389 2104 5456 Longinus

541 5493 825 5545 ecclesiam
857 5491 1093 5550 deseret,
1143 5488 1244 5540 hoc
1289 5497 1368 5539 est
1408 5488 1672 5538 desertam
1726 5482 1988 5546 relinquet
2025 5476 2102 5527 vr-l

542 5587 703 5638 etiam
734 5584 993 5646 destruet,
1049 5594 1144 5633 nec
1194 5593 1343 5631 suam
1394 5577 1627 5628 animam
1666 5582 1882 5640 propter
1936 5570 2102 5620 otium

543 5675 940 5735 rumlcmnabit,
1001 5688 1093 5726 seu
1147 5671 1193 5723 ei
1247 5669 1512 5737 subjiciet,
1557 5665 1724 5733 utqui
1773 5663 2021 5730 precibus
2052 5671 2104 5712 et

546 5770 741 5822 diiizvis
775 5765 988 5834 lzy-nnis
1021 5779 1123 5817 non
1161 5769 1332 5826 vacet,
1370 5758 1460 5812 sed
1511 5757 1576 5810 ab
1621 5756 1699 5810 eis
1748 5762 1942 5808 cesset.
2003 5751 2105 5806 Nos

2196 3302 2296 3370 τῆς
2376 3297 2670 3358 διαθέσεως
2724 3295 2819 3364 (εί
2873 3292 3038 3362 τυχόν
3094 3292 3158 3343 ἐκ
3222 3284 3632 3356 μικροψυχίας.
3686 3281 3795 3334 καὶ

2196 3390 2295 3441 οὐκ
2327 3387 2384 3453 ἐξ
2411 3385 2743 3456 ἀμεταθέτου
2778 3382 3004 3452 γνώμης
3035 3376 3268 3448 ὤμοσε),
3292 3371 3627 3429 καταλαϐεῖν
3647 3371 3790 3432 τοὺς

2199 3480 2556 3542 σκοποῦντας,
2580 3478 2652 3546 μὴ
2687 3473 2991 3527 κωλύεσθαι
3023 3473 3114 3523 τὸν
3147 3470 3422 3539 ὀμόσαντα
3461 3465 3781 3530 ἀποστῆναι

2198 3571 2290 3623 τοῦ
2313 3572 2498 3636 ὅρκου.
2550 3571 2613 3622 Et
2674 3567 2730 3619 δὲ
2775 3568 2981 3618 τούτων
3027 3558 3421 3624 σκοπουμένων
3473 3555 3575 3606 οὒκ
3631 3554 3789 3604 ἔστιν

2200 3663 2380 3731 εὑρεῖν
2408 3659 2760 3730 παραμυθίαν
2791 3655 2916 3709 τινὰ
2945 3654 3022 3714 είς
3047 3652 3106 3704 τὸ
3138 3649 3439 3715 ἀποστῆναι
3470 3643 3565 3696 τοῦ
3588 3645 3788 3711 ὅρκου,

2201 3754 2304 3822 χρὴ
2331 3753 2457 3814 τοὺς
2482 3750 2756 3812 τοιούτους
2779 3748 2893 3817 ἐᾷν,
2948 3745 3036 3797 ἵνα
3079 3742 3152 3812 μὴ
3208 3736 3534 3809 ἐπιορκῶσι.
3593 3734 3700 3822 To

2200 3820 2344 3896 κατὰ
2375 3841 2465 3892 τὸν
2496 3839 2736 3908 Σεδῆρον
2795 3837 3052 3905 πρᾶγμα,
3112 3831 3232 3901 ἦτοι
3293 3828 3326 3895 ὴ
3372 3823 3578 3894 πρᾶξις
3613 3820 3716 3872 καὶ
3753 3820 3797 3886 ἡ

2202 3933 2478 3996 ὑπόθεσις,
2516 3931 2758 3984 τοιοῦτον
2810 3924 2897 3997 ἦν.
2955 3922 3217 3992 Λογγῖνός
3268 3935 3356 3981 τις
3401 3911 3550 3985 εἶχεν
3605 3910 3788 3980 ἀγρὸν

2200 4023 2444 4078 Μίνδανα
2497 4008 2864 4089 ’καλούμενον
2922 4020 2988 4087 τῇ
3041 4013 3316 4081 ἐπισκοπῇ
3358 4012 3457 4076 τῆς
3512 4003 3802 4064 Μισθεῐας

2203 4113 2594 4182 ὑποκείμενον·
2627 4110 2868 4179 Σεὸἦρος
2897 4109 2952 4161 δὲ
3009 4103 3284 4160 Μασάδων
3348 4099 3653 4155 ἐπίσκοπος
3708 4092 3797 4182 ὢν

2202 4179 2577 4273 ἐχειροτόνησε
2625 4198 2899 4270 Κυριακόν
2930 4212 3050 4248 τινα
3105 4195 3184 4255 είς
3243 4190 3334 4242 τὸν
3383 4190 3441 4239 ἐν
3490 4183 3586 4273 τῷΔ
3628 4179 3799 4273 ἀγρῷ

2185 4294 2329 4346 -ναόν
2361 4291 2752 4360 πρεσϐύτερον,
2793 4287 3071 4355 ὀμόσαντα
3121 4277 3468 4350 παραμένειν
3519 4271 3599 4340 τῷ
3635 4269 3791 4338 ναῷ,

2203 4386 2236 4456 ἢ
2278 4383 2480 4453 μᾶλλον
2527 4384 2590 4452 τῇ
2625 4382 2900 4447 ἐπισκοπῇ
2935 4375 3240 4430 ὑποτελεῖν.
3285 4367 3425 4421 Ἀλλ’
3537 4364 3639 4429 τῆς
3667 4364 3792 4414 ἐνο-

2209 4453 2328 4543 ρίας
2355 4463 2739 4539 ἐπίσκοπος,ᾖ
2777 4469 3036 4522 ὑπέκειτο
3089 4465 3117 4514 ὁ
3168 4459 3359 4529 ἀγρὸς,
3400 4454 3646 4508 ἐκώλυσε
3692 4453 3797 4504 τὸν

2206 4565 2483 4634 κυριακὸν
2513 4563 2817 4633 ίερουργεῖν
2856 4560 2913 4610 ἐν
2942 4553 3210 4626 ἐκκλησία
3236 4546 3570 4617 διαφερούσῃ
3597 4543 3784 4610 αὐτῷ,

2204 4656 2330 4724 παρ’
2401 4655 2590 4724 ἐτέρου
2646 4649 3113 4722 χειροτονηθέντα.
3166 4645 3256 4696 Διὸ
3301 4641 3395 4692 καὶ
3458 4634 3792 4691 καταλιπὼν

2203 4746 2374 4815 αὐτὴν
2405 4747 2432 4799 ὀ
2462 4744 2760 4814 Κυριακὸς,
2789 4739 3052 4811 μετετέθη
3103 4734 3359 4805 ἀλλαχοῦ.
3392 4731 3504 4783 Καὶ
3533 4729 3560 4779 ὀ
3583 4727 3799 4792 Λογγῖο

2206 4855 2293 4900 νος
2327 4837 2413 4890 διὰ
2475 4836 2634 4888 τοῦτο
2684 4833 3026 4902 λυπούμενος
3081 4827 3296 4900 ἠπείλει
3343 4819 3637 4888 ἐρημῶσαι
3686 4819 3796 4880 τὴν

2205 4928 2524 4995 ἐκκλησίαν.
2561 4925 2888 4996 Ἐρωτηθεὶς
2909 4921 3039 4990 γοῦν
3062 4922 3089 4974 ὀ
3133 4918 3306 4988 μέγας
3340 4910 3623 4968 Βασίλειος
3651 4904 3796 4996 περὶ

2203 5019 2417 5080 τούτου,
2452 4995 2806 5084 ἀπεκρίνατο,
2857 5013 2947 5066 τὸν
3007 5010 3198 5080 άγρδν,
3259 4999 3302 5071 ᾧ
3355 4995 3719 5067 ἐπεκηρύχθη
3763 4998 3793 5046 ὁ

2205 5108 2504 5178 Κυριακδς,
2566 5109 2736 5175 ἤγουν
2781 5107 2862 5165 είς
2917 5104 2976 5157 ὀν
3035 5095 3330 5167 ὠνομάσθη
3380 5089 3788 5178 πρεσὸύτερος,

2210 5199 2534 5267 ὑποτεθῆναι
2565 5199 2629 5266 τῇ
2678 5196 2949 5263 ἐπισκοπῇ
2988 5191 3097 5244 τῶν
3130 5185 3425 5247 Μασάδων,
3460 5181 3511 5232 εί.
3541 5180 3635 5231 καὶ
3667 5175 3780 5228 ἐτέ-

2208 5305 2307 5356 ρας
2337 5284 2402 5356 ἧν
2434 5263 2666 5354 tuapte;
2701 5285 2794 5334 καὶ
2821 5282 2911 5334 τὸν
2938 5277 3213 5349 κυριακὸν
3247 5270 3402 5330 αὖθις
3434 5263 3781 5332 ἐπαναστρέ-

2206 5355 2305 5448 ita;
2342 5355 2474 5433 ἐκεῖ.
2509 5378 2665 5431 Οὕτω
2705 5376 2837 5444 γάρ,
2876 5375 3062 5441 φησὶν,
3095 5368 3219 5421 οὕτε
3259 5365 3466 5423 ἐκεῖνος
3501 5356 3656 5426 παρὰ
3683 5355 3782 5407 τὸν

2207 5472 2366 5540 ὅρκον
2393 5472 2628 5538 ποιήσει,
2662 5465 2785 5519 οὕτε
2832 5467 2858 5518 ὀ
2889 5464 3150 5530 Λογγῖνος
3181 5457 3278 5524 τὴν
3312 5451 3624 5540 ἐκκλησίαν
3647 5449 3790 5515 ἐρη-

2214 5539 2403 5634 μώσει,
2439 5562 2558 5614 ὸιντλ⁸
2587 5558 2680 5611 τοῦ
2715 5559 2922 5626 ἔρημον
2963 5549 3304 5615 καταλείψει,
3335 5545 3368 5613 ἢ
3397 5544 3491 5594 καὶ
3532 5539 3784 5598 καθελεῖ,

2207 5632 2327 5708 οὐδὲ
2359 5655 2455 5722 τὴν
2480 5651 2672 5704 ἑαυτοῦ
2715 5650 2894 5718 ψυχὴν
2948 5648 3070 5706 ταῖς
3120 5640 3342 5710 ἁργίαις
3391 5632 3780 5688 καταδικάσει,

2211 5748 2375 5814 ἥγθυν
2410 5741 2686 5801 ὑποϐαλεῖ,
2726 5740 2799 5804 τῷ
2837 5738 2910 5805 μὴ
2945 5733 3222 5805 σχολάζειν
3274 5730 3459 5798 εὐχαῖς
3517 5727 3612 5779 καὶ
3667 5722 3784 5780 τοῖς
