4018 6446
207 351 305 414 629

1203 354 1283 414 IN
1314 351 1551 414 EPIST.
1579 354 1639 412 Β.
1685 348 1965 411 ΒᾹΞΙΙΛῘ
2003 350 2446 412 CANONICAM
2482 349 2534 412 Ι.

3344 349 3450 408 Oili)

206 462 366 525 θείοις
401 462 614 532 ὕμνοις,
659 464 795 517 ἀλλὰ
828 464 1038 534 ἀργεῖν.
1084 467 1177 519 Ἐκ
1211 469 1418 519 τούτοιν
1466 466 1560 518 καὶ
1583 468 1767 535 ἡμεῖς,

1887 481 2122 534 quoque,
2153 465 2350 534 inquit,
2399 479 2517 534 quae
2557 463 2622 517 ad
2643 462 2926 532 Cyriacutn
2985 459 3276 530 pertinent,
3339 458 3448 510 dis-

201 557 387 620 φησὶν,
421 556 828 623 οἰκονομοῦντες
878 560 945 610 τά
977 557 1119 612 κατὰ
1177 559 1267 611 τὸν
1328 559 1630 626 κυριακὸν,
1684 558 1776 610 καὶ

202 647 530 715 ἐπιστρέψαι
560 648 721 700 αὑτὸν
756 652 834 709 εἷς
869 649 968 718 τὴν
1020 651 1341 719 ἐκκλησίαν,
1442 650 1656 719 ὤμοσεν
1684 653 1776 718 ὲγο

206 740 518 806 καρτερεῖν,
550 740 965 808 ἐπιτρέποντες,
991 743 1050 792 ού
1084 743 1313 811 δόξομεν
1370 743 1519 812 παρά
1544 745 1777 804 κανόνας

207 833 410 889 ποιεῖν.
433 831 550 884 οὐδὲ
590 833 798 894 ἐκεῖνος
837 833 1201 900 παραϐαίνειν
1224 833 1316 887 τδν
1339 835 1504 906 ὅρκον
1535 836 1774 905 κριθείη.

219 919 681 990 ἐπανερχόμενος
709 923 818 994 γὰρ
875 925 1021 977 δοκεῖ
1087 926 1386 994 φυλάσσειν
1442 927 1532 979 τδν
1590 928 1775 997 ὅρκον,

204 1011 286 1063 ὅτι
317 1011 443 1063 οὐδὲ
471 1015 789 1082 πρόσκειται
819 1014 896 1084 τῷ
927 1015 1100 1086 ὅρκῳ,
1136 1017 1256 1069 οὐδὲ
1293 1017 1428 1084 πρὸς
1461 1017 1635 1087 βραχὺ
1653 1019 1779 1071 ἀνα-

207 1102 483 1171 χωρήσειν
509 1105 604 1155 τοῦ
645 1104 815 1171 ἀγροῦ
849 1105 956 1156 τῶν
983 1106 1285 1163 Μινδάνων.
1324 1108 1466 1173 Ὀρα
1515 1107 1609 1160 οὖν
1663 1107 1778 1170 πῶς

205 1194 270 1243 ἐκ
300 1193 398 1258 τῆς
425 1194 529 1246 τῶν
566 1197 828 1264 ῥημάτων
847 1198 1148 1261 ἐξετάσεως
1189 1198 1284 1251 καὶ
1307 1198 1777 1267 κατασκοπὴσεως

207 1284 509 1353 ὲθήρευσεν
539 1289 567 1339 ὁ
614 1288 767 1353 am;
814 1289 957 1352 νοῦν,
1006 1291 1149 1343 ὥστε
1184 1292 1257 1361 μὴ
1288 1291 1466 1343 δοκεῖν
1497 1292 1780 1359 ἐπιορκεῖν

206 1374 300 1423 τδν
329 1372 627 1440 ὀμόσαντα.
663 1377 850 1431 Ταῦτα
881 1380 980 1447 μὲν
1000 1375 1094 1432 οὖν
1148 1379 1278 1448 περὶ
1327 1379 1424 1433 τοῦ
1475 1379 1778 1450 Κυριακοῦ.

217 1464 280 1517 ὐ
308 1462 364 1515 δὲ
388 1464 646 1534 Σεϐῆρος,
677 1468 1020 1536 αἰτιώμενος,
1051 1472 1132 1524 δτι
1174 1471 1252 1534 είς
1304 1471 1475 1541 ἀγρὸν
1522 1471 1778 1544 ἀλλοτρίᾳ

210 1553 578 1607 ὑποτελοῦντα
607 1557 791 1629 ὲνορίᾳ
817 1559 1244 1630 ἐχειροτόνησεν,
1269 1560 1422 1628 ἔλεγε
1450 1562 1591 1616 κατά
1608 1562 1781 1632 λήθην

207 1641 370 1695 τοῦτο
395 1645 646 1710 ποιῆσαι,
679 1649 950 1716 ἀγνοήσας
981 1649 1155 1718 ἑτέρῳ
1186 1652 1278 1702 τὸν
1313 1651 1488 1721 ἀγρὸν
1552 1653 1777 1705 ὑποκεῖ-

215 1732 362 1785 σθαι.
412 1732 565 1786 Ἐπεὶ
596 1731 708 1800 οὖν,
742 1739 896 1806 φησὶ,
934 1741 1034 1809 τὴν
1072 1739 1240 1808 λήθην
1270 1741 1652 1811 προϐάλλεται,
1703 1745 1784 1796 δεῖ

209 1825 376 1878 αύτδν
411 1827 838 1897 συγχωρηθῆναι
865 1832 957 1882 καὶ
990 1833 1067 1893 είς
1097 1830 1194 1900 τὴν
1244 1833 1425 1900 κρίσιν
1476 1833 1780 1904 ἀναρτῆσαι

212 1915 377 1967 αὑτὸν
413 1915 510 1968 τοῦ
541 1917 701 1972 Θεοῦ.
733 1919 858 1972 Ὀτι
892 1921 1000 1990 γὰρ
1018 1925 1117 1973 οὐκ
1139 1923 1305 1991 ἐσμὲν
1329 1924 1780 1993 καρδιογνῶσται,

211 2005 328 2057 ἀλλ’
355 2005 434 2069 ὡς
465 2007 756 2076 ἀκούομεν,
798 2011 1080 2080 κρίνομεν,
1131 2013 1310 2083 δῶμεν
1358 2014 1456 2084 τὴν
1503 2015 1785 2085 ἰκδίκησιν

208 2097 290 2166 τῷ
328 2096 467 2166 Θεῷ,
510 2104 1064 2170 συγγνωμονήσαντες
1121 2104 1210 2157 διὰ
1257 2104 1358 2174 τὴν
1404 2104 1600 2175 λήθην,
1660 2107 1784 2177 ῆτις

210 2187 330 2238 ἐστὶ
363 2187 536 2251 πάθος
569 2189 926 2259 ἀνθρώπινον.
971 2193 1080 2246 Καὶ
1110 2193 1177 2246 τά
1219 2194 1316 2262 μὲν
1345 2194 1440 2248 τοῦ
1473 2198 1697 2259 κανόνος
1722 2199 1784 2250 εν

208 2278 445 2341 τούτοις.
488 2280 559 2332 Σὺ
590 2281 644 2333 δὲ
669 2282 940 2349 ἀνάγνωθι
968 2285 1032 2335 τὸ
1081 2281 1150 2354 ιη’
1177 2301 1302 2354 κεφ.
1352 2283 1447 2338 τοῦ
1480 2285 1548 2354 ιγ’
1605 2289 1783 2342 τίτλον

209 2369 309 2421 τοῦ
329 2370 600 2435 παρόντος
636 2375 1040 2442 συντάγματος,
1087 2376 1181 2430 καὶ
1211 2377 1277 2428 τὰ
1340 2377 1422 2439 εἰς
1467 2379 1566 2443 τὴν
1613 2380 1786 2449 ἑρμη-

210 2458 364 2512 νείαν
391 2461 558 2514 αὑτοῦ
577 2462 862 2532 γραφέντα
892 2464 1055 2534 χάριν
1083 2465 1556 2536 ἀναψηλαφήσεως
1584 2468 1782 2537 δρκων.

215 2552 350 2624 Ἔχε
382 2554 439 2608 δὲ
475 2556 568 2610 ἐπὶ
591 2559 814 2626 μνήμης
847 2559 941 2610 καὶ
965 2557 1028 2610 τὸ
1056 2559 1212 2628 παρὰ
1259 2557 1352 2611 τοῦ
1382 2559 1540 2627 ἁγίου
1570 2560 1785 2630 ὁρισθὲν

209 2646 374 2715 χάριν
398 2645 493 2700 τοῦ
517 2649 966 2718 παρεμπεσόντος
994 2648 1204 2715 φάκτου
1235 2651 1330 2704 ἐπὶ
1358 2653 1424 2721 τῇ
1473 2652 1784 2723 χειροτονίᾳ

210 2736 308 2789 τοῦ
324 2737 646 2808 Κυριακοῦ,
677 2739 770 2792 καὶ
813 2741 879 2810 τῇ
907 2742 1174 2812 γενομένη
1211 2742 1362 2812 παρὰ
1393 2742 1580 2795 τούτου
1625 2743 1786 2812 δῆθεν

213 2829 494 2898 ἐπιορκία.
533 2829 642 2882 Καὶ
671 2831 977 2900 σημείωσαι
1009 2831 1090 2884 ὅτι
1142 2833 1235 2888 διὰ
1261 2833 1451 2886 τούτου
1519 2835 1786 2903 συγγινιῦ-

212 2933 459 2982 σκονται,
495 2921 570 2982 ὡς
599 2920 793 2987 ἔοικεν,
829 2921 878 2974 oi
909 2925 1048 2976 κατά
1081 2941 1234 2987 τινας
1269 2921 1669 2994 πατριαρχικάς
1694 2925 1784 2978 ικ-

217 3008 451 3078 κλησίας
486 3011 897 3080 ἱερουργοῦντες
945 3013 1204 3082 ἐγχώριοι
1252 3014 1550 3084 ἀρχιερεῖς.
1581 3013 1644 3068 Ei
1675 3017 1784 3086 γάρ

216 3099 310 3194 μὴ⁸
327 3100 390 3154 τὸ
411 3104 516 3171 τῆς
545 3102 767 3168 ἀγνοίας
809 3103 1100 3173 πρόϐλημα
1135 3104 1400 3175 ἐϐοήθησε
1432 3105 1505 3176 τῷ
1537 3107 1781 3176 Σεϐήρῳ,
1812 3138 1854 3194 c

213 3187 494 3263 καθῃρέθη
527 3193 615 3258 ἂν,
636 3192 726 3246 διὰ
757 3194 817 3245 τὸ
851 3193 982 3264 παρ’
1007 3195 1221 3264 ὲνορίαν
1261 3197 1484 3265 ποιῆσαι
1539 3215 1779 3268 χειροτο-

211 3279 355 3333 νίαν.
385 3281 524 3348 Περὶ
569 3282 626 3334 δὲ
665 3284 857 3354 ἱερέων
874 3285 1086 3354 ψευδῶς
1124 3288 1589 3356 μαρτυρησάντων
1617 3287 1785 3354 ἀνάγ-

211 3369 345 3421 νωθι
375 3369 475 3439 τὴν
510 3377 596 3434 ος⁸
627 3373 843 3440 Νεαρὰν
871 3372 965 3425 τοῦ
1017 3372 1284 3442 βασιλέως
1334 3374 1502 3447 κυροῦ
1558 3377 1784 3441 Λέοντος

209 3459 305 3513 τοῦ
332 3461 657 3531 Φιλοσόφου,
689 3464 1163 3534 διαλαμϐάνουσαν
1209 3468 1308 3533 ὡς,
1349 3469 1400 3520 εί
1435 3468 1534 3536 μὲν
1562 3468 1784 3538 ἔνορκον

209 3553 692 3624 ψευδομαρτυρίαν
766 3559 982 3627 ποιήσει
1050 3561 1079 3612 ό
1142 3560 1342 3632 ἱερεὺς,
1417 3559 1779 3630 καθαιρεῖται.

208 3645 417 3716 Ὀρκου
463 3647 520 3699 δὲ
590 3649 664 3715 μὴ
731 3649 1276 3718 παραζευγνυμένου,
1337 3649 1655 3716 ἀφορίζεται
1688 3651 1780 3702 ἐπὶ

206 3738 396 3806 τριετῆ
438 3740 631 3806 χρόνον
668 3741 748 3801 εις
797 3742 1178 3812 μοναστήριον,
1205 3742 1298 3794 καὶ
1341 3741 1512 3804 οὕτως
1543 3744 1623 3804 είς
1681 3742 1778 3812 τὴν

211 3825 350 3878 ιὸῐαν
379 3827 534 3890 τάξιν
561 3829 1016 3885 ἀποκαθίσταται.

281 3917 527 3971 ΖΩΝΑΡ.
552 3917 710 3980 Τινὲς
736 3921 814 3982 εἰς
856 3920 918 3973 τὸ
963 3925 1403 3994 χειροτονηθῆναι
1455 3927 1780 3998 καλούμενοι

209 4003 520 4073 ἱξώμνυντο
553 4007 627 4077 μὴ
683 4009 1075 4075 καταδέξασθαι
1129 4013 1227 4083 τὴν
1258 4017 1611 4082 χειροτονίαν.
1643 4016 1780 4078 Τοὺς

209 4091 303 4146 οὖν
328 4097 608 4160 τοιούτους
665 4097 810 4164 λέγει
848 4099 875 4150 ὁ
893 4101 1078 4188 κανὼν
1113 4102 1188 4172 μὴ
1220 4104 1330 4157 δεῖν
1373 4106 1780 4172 ἀναγκάζεσθαι

210 4187 509 4256 ἐπιορκεῖν.
539 4188 658 4242 Κᾶν
684 4190 836 4261 δοκῇ,
872 4187 1054 4263 φησὶν,
1087 4194 1288 4258 ἐξεῖναι
1312 4199 1424 4260 τοῖς
1447 4199 1541 4266 ἀφ’
1571 4199 1778 4251 ἑαυτῶν

209 4279 492 4346 ὀμόσασιν,
549 4281 582 4349 ἢ
635 4280 835 4350 δεσμόν
855 4300 972 4336 τινα
1037 4287 1247 4348 ἑαυτοῖς
1277 4288 1642 4355 ἐπιϐαλοῦσιν,
1671 4283 1780 4342 οἷον

215 4370 287 4438 μὴ
317 4373 516 4436 φαγεῖν
544 4372 735 4442 κρέας,
762 4374 794 4442 ἢ
824 4374 899 4444 μὴ
927 4378 1070 4427 πιεῖν
1099 4371 1263 4440 οἶνον,
1296 4378 1328 4446 ἢ
1360 4378 1433 4447 μὴ
1451 4380 1569 4432 τόδε
1601 4381 1632 4449 ἢ
1661 4381 1780 4432 τόδε

1880 566 2192 624 pensantes,
2217 567 2270 610 et
2302 555 2676 627 permittentes
2729 563 2782 607 ιιι
2820 555 3002 606 redeat
3040 553 3104 604 ad
3134 549 3446 609 ecclesiam,

1879 649 2064 718 inqua
2095 661 2154 702 se
2184 661 2536 715 perseverare
2588 645 2812 713 juravit,
2863 657 2965 696 non
3003 641 3308 695 videbimur
3362 638 3445 692 fa-

1879 754 2003 793 cere
2021 749 2213 805 praeter
2234 753 2490 802 canones,
2513 753 2612 792 nec
2641 735 3115 804 illejusjurandum
3142 723 3444 800 transgredi

1880 829 2148 884 videbitur
2185 847 2198 883 :
2239 839 2518 885 revertens
2565 829 2708 883 enim
2737 828 2950 882 videtur
3000 841 3219 881 servare
3267 823 3446 893 jusju-

1881 918 2137 985 randum,
2183 920 2307 987 quia
2350 918 2701 988 jut-ijuraudo
2746 918 3020 987 adjectum
3075 931 3180 967 non
3229 926 3329 972 est,
3389 932 3448 966 se

1881 1025 1988 1064 non
2023 1011 2088 1064 ad
2141 1011 2303 1065 breve
2343 1021 2553 1080 tempus
2608 1024 2959 1064 excessurum
3012 1025 3080 1063 ex
3131 1023 3259 1077 agro
3310 1006 3447 1060 Min-

1882 1101 2165 1154 dauorum.
2198 1101 2304 1171 67
2332 1098 2464 1154 Vide
2515 1114 2641 1168 ergo
2695 1100 2966 1168 quomodo
3025 1113 3090 1150 ex
3165 1098 3448 1150 verborum

1882 1191 2276 1246 examinatione
2321 1200 2375 1246 et
2394 1191 2831 1246 consideratione
2859 1200 3079 1243 sanctus
3117 1187 3447 1241 sententiam

1883 1291 2125 1344 venatur,
2167 1291 2225 1335 ut
2248 1285 2294 1335 is
2318 1283 2409 1349 qui
2440 1283 2666 1350 jnravit,
2719 1297 2824 1336 non
2880 1282 3122 1338 videatur
3181 1279 3447 1349 pejerare.

1885 1372 2007 1427 llaec
2030 1388 2158 1442 ergo
2198 1374 2263 1427 de
2326 1373 2573 1443 (Syriaco.
2625 1373 2857 1428 Severus
2917 1383 3097 1428 autem
3145 1383 3450 1431 accusatus,

1884 1464 2027 1532 quod
2067 1467 2119 1518 in
2159 1480 2370 1534 agrum,
2401 1465 2488 1534 qui
2521 1474 2635 1518 erat
2659 1463 2750 1517 alii
2800 1464 3005 1534 regioni
3042 1463 3338 1530 subjectus,
3364 1477 3454 1516 or-

1885 1555 2142 1620 dinasset,
2177 1556 2389 1611 diccbat
2419 1571 2476 1610 se
2510 1558 2611 1609 hoc
2635 1555 2913 1610 oblivione
2957 1555 3168 1616 fecisse,
3205 1555 3455 1608 nescien-

1887 1660 1991 1701 tem
2023 1663 2206 1716 agrum
2262 1649 2351 1700 alii
2412 1662 2531 1702 esse
2587 1647 2916 1716 subjectum.
2975 1646 3240 1712 Quoniam
3298 1659 3454 1715 ergo,

1889 1738 2081 1808 inquit,
2139 1739 2204 1791 ad
2257 1739 2337 1791 sui
2393 1738 2762 1794 defensionem
2817 1738 3176 1809 ignoranti:.m
3235 1737 3452 1803 allegat,

1886 1837 2098 1897 oportet
2134 1829 2181 1882 ei
2211 1829 2436 1897 ignosci,
2473 1844 2705 1898 eumque
2737 1828 2830 1883 Dei
2863 1829 3070 1898 judicio
3105 1829 3447 1895 relinquere:

1888 1935 2006 1972 cum
2041 1919 2181 1972 enim
2217 1918 2459 1971 cordium
2510 1921 2820 1988 cognitores
2857 1934 2962 1972 non
3011 1932 3218 1980 sumus,
3271 1919 3364 1970 sed
3398 1927 3457 1966 ut

1862 2012 2156 2087 .audimus,
2184 2010 2508 2079 judicamus,
2537 2012 2724 2065 demus
2754 2010 2862 2064 Deo
2893 2011 3211 2072 vindictam,
3256 2006 3460 2061 condo-

1889 2113 2078 2156 nantes
2107 2111 2326 2170 propter
2368 2102 2717 2166 oblivionem,
2767 2116 2887 2169 qua:
2918 2109 3002 2155 est
3053 2101 3344 2153 humanum
3376 2098 3458 2150 νε.

1891 2194 2043 2248 tium.
2081 2195 2148 2249 Et
2188 2208 2363 2248 canon
2397 2194 2614 2262 quidem
2651 2193 2701 2246 in
2738 2193 2823 2246 his
2854 2192 3123 2247 consistit.
3159 2189 3240 2243 Tu
3279 2198 3455 2241 autem

1888 2284 2004 2354 lege
2056 2298 2175 2353 cap.
2210 2283 2276 2337 l8
2306 2325 2319 2345 ,
2347 2298 2469 2351 cap.
2501 2283 2570 2337 l3
2627 2285 2706 2336 tit.
2745 2283 2811 2337 15
2838 2282 3119 2352 piazsentis
3161 2283 3342 2348 operis
3363 2320 3376 2340 ,
3400 2291 3459 2332 et

1889 2392 2005 2444 qua:
2039 2376 2091 2430 in
2121 2376 2236 2445 ejus
2288 2377 2731 2444 interpretatione
2756 2375 2953 2444 scripta
2992 2386 3114 2428 sunt
3147 2375 3210 2427 de
3259 2379 3456 2424 tracta-

1889 2467 2034 2520 tione
2060 2466 2517 2535 juramentorum.
2553 2465 2635 2518 Tu
2671 2473 2852 2518 autem
2892 2465 3031 2517 habe
3085 2463 3137 2515 in
3193 2461 3456 2514 memoria

1887 2557 1939 2611 id
1968 2570 2201 2625 quoque,
2236 2556 2441 2625 quoda
2495 2564 2686 2610 sancto
2744 2555 3005 2624 scriptum
3059 2563 3141 2607 cst
3193 2551 3260 2606 de
3313 2550 3456 2603 facto

1888 2649 2030 2715 quod
2062 2646 2252 2702 incidit
2281 2648 2336 2701 in
2369 2647 2712 2702 ordinatione
2742 2646 2980 2717 Cyriaci,
3014 2656 3069 2700 et
3128 2647 3192 2698 de
3219 2641 3458 2714 periurio

1887 2737 2028 2806 quod
2057 2737 2126 2791 ab
2145 2752 2210 2792 eo
2229 2737 2578 2793 commissum
2595 2748 2677 2793 est
2713 2757 2725 2793 :
2756 2747 2809 2792 et
2835 2747 2962 2792 uota
2984 2737 3126 2806 quod
3147 2745 3454 2805 prepterea,

1889 2836 1947 2882 ut
1975 2837 2058 2882 est
2106 2829 2416 2894 verisimile,
2472 2829 2772 2898 ignoscitur
2801 2830 3036 2896 regionis
3097 2827 3458 2888 antistitibus,

1887 2920 1978 2989 qui
2015 2919 2068 2972 iu
2130 2921 2452 2987 quibusdam
2506 2921 2954 2988 patriarchalibus
3011 2920 3256 2974 ccclesiis
3302 2933 3456 2972 sacra

1888 3009 2183 3064 celebrant.
2211 3009 2321 3063 Nisi
2369 3011 2513 3064 enim
2561 3011 2876 3081 ignorantiae
2907 3019 3198 3078 pra'textns
3252 3007 3458 3062 Severo

1889 3100 2150 3154 auxilium
2183 3101 2417 3166 tulisset,
2455 3103 2735 3172 depositus
2770 3113 2935 3167 esset,
2962 3104 3106 3170 quod
3133 3103 3270 3155 ultra
3302 3117 3456 3154 suam

1892 3191 2173 3245 ditecesim
2230 3193 2626 3248 ordinationem
2682 3193 2923 3249 fecisset.
2974 3192 3050 3248 De
3088 3192 3466 3247 sacerdotibus

1891 3287 2073 3335 autem
2095 3280 2242 3336 falso
2292 3282 2610 3344 testificatis,
2680 3282 2794 3348 lege
2866 3282 3208 3350 imperatoris
3257 3281 3462 3334 domini

1891 3365 2085 3423 Leonis
2119 3368 2391 3439 Sapientis
2443 3371 2704 3425 novellam
2737 3370 2824 3434 76,
2858 3386 2979 3440 quae
3030 3372 3294 3431 continet,
3316 3369 3459 3436 quod

1890 3462 1936 3515 si
1992 3461 2252 3516 sacerdos
2309 3461 2504 3518 falsum
2555 3463 2925 3517 testimonium
2975 3461 3186 3529 juratns
3241 3460 3458 3520 dixerit,

1891 3554 2194 3622 deponitur.
2229 3553 2381 3622 Quod
2410 3556 2452 3608 si
2480 3556 2861 3624 jusjurandum
2896 3569 3003 3609 non
3036 3555 3356 3617 accesserit,
3405 3555 3458 3607 in

1893 3647 2281 3699 monasterium
2316 3646 2381 3699 ad
2430 3647 2718 3700 triennium
2770 3655 3075 3717 separetur,
3135 3657 3189 3700 et
3222 3646 3302 3700 sie
3353 3646 3460 3717 pri-

1892 3737 2032 3793 stino
2059 3737 2234 3792 ordini
2267 3736 2601 3794 restitdatur.

1960 3918 2211 3975 ZONAR.
2243 3919 2470 3987 Quidam
2497 3920 2668 3974 vocati
2693 3929 2749 3972 ut
2773 3921 3178 3984 ordinarentur,
3205 3920 3462 3986 jurarnnt

1893 4027 1951 4066 se
1989 4012 2382 4065 ordinationem
2439 4029 2545 4068 non
2604 4013 2954 4067 admissuros.
3007 4013 3279 4080 Ejusmodi
3331 4025 3460 4077 ergo

1892 4101 2159 4164 homines,
2193 4101 2268 4153 ait
2295 4115 2490 4164 canon,
2525 4118 2626 4156 non
2657 4117 2779 4157 esse
2811 4103 2875 4156 ad
2910 4103 3204 4171 perjnrinm
3241 4103 3462 4169 adigen.

1889 4192 2004 4246 dos.
2051 4191 2278 4247 Etiamsi
2325 4195 2591 4260 videatur,
2644 4195 2836 4261 inquit,
2875 4194 3036 4259 licere
3089 4194 3175 4255 iis,
3221 4194 3310 4260 qui
3358 4207 3457 4244 sua

1889 4293 2081 4351 sponte
2123 4284 2396 4352 jurarunt,
2445 4295 2538 4339 aut
2569 4287 2783 4355 aliquod
2820 4287 3088 4340 vinculum
3120 4285 3220 4338 sibi
3262 4284 3461 4352 injcce-

1888 4383 2049 4438 runt;
2091 4377 2234 4427 velut
2269 4376 2536 4430 abstinere
2577 4393 2604 4429 a
2643 4379 2926 4442 carnibus,
2971 4385 3061 4429 aut
3105 4391 3132 4427 a
3183 4376 3325 4438 vino,
3369 4383 3460 4426 aut

212 4463 458 4526 ποιῆσαι,
493 4459 646 4512 λύειν
717 4462 881 4515 πάλιν
938 4462 1035 4530 ἀφ’
1082 4465 1293 4517 ἑαυτῶν
1322 4467 1413 4518 τὸν
1436 4467 1652 4537 δεσμὸν.
1688 4470 1780 4522 καὶ

1890 4465 1991 4518 hoe
2018 4464 2102 4520 vel
2141 4465 2268 4518 illud
2298 4467 2583 4531 omittere;
2615 4467 2887 4520 vinculum
2919 4467 3046 4521 illud
3083 4483 3294 4520 rursum
3323 4482 3453 4532 pro-

210 4547 304 4599 τοῦ
337 4551 506 4617 ὅρκου
554 4549 928 4616 ἀφίστασθαι·
988 4549 1116 4605 ἀλλ’
1169 4555 1233 4605 ὲκ
1281 4555 1478 4624 πείρας
1506 4556 1781 4626 ἐμάθομεν

209 4637 289 4686 ὅτι
317 4638 865 4706 οίπαρορκήσαντες,
929 4639 1095 4708 ἤγουν
1125 4641 1173 4692 oi
1223 4642 1371 4711 παρά
1418 4642 1546 4706 τοὺς
1586 4644 1780 4712 ὅρκοῠς

209 4731 564 4795 ποιήσαντες,
616 4729 718 4781 οὐκ
753 4729 1118 4795 εὐδοκοῦνται,
1159 4732 1278 4783 ἀντὶ
1306 4730 1424 4797 τοῦ,
1469 4733 1528 4785 οὑ
1565 4732 1780 4802 θελητοὶ

207 4818 284 4886 τῷ
304 4817 422 4887 Θεῷ
450 4821 606 4878 εἰσιν,
633 4819 664 4888 ἢ
695 4820 795 4872 οὐκ
817 4821 1094 4888 εὐδόκιμοι
1133 4822 1303 4892 αύτῷ,
1341 4824 1400 4874 οὑ
1431 4824 1475 4876 δ’
1496 4824 1780 4894 εὐάρεστοι

211 4910 511 4978 κρίνονται.
543 4912 634 4960 Δεῖ
669 4909 746 4974 δὲ,
775 4898 962 4980 φησιν’,
989 4913 1082 4964 ἐπὶ
1133 4913 1242 4964 «ἓν
1287 4913 1542 4967 τοιούτων
1578 4915 1672 4967 καὶ
1720 4916 1779 4967 τὸ

211 5000 347 5066 εἶδος
381 5003 479 5055 τοῦ
513 5002 678 5071 ὅρκου
713 5007 969 5056 σκοπεῖν·
999 5005 1199 5069 εῖτουν,
1249 5010 1296 5059 εί
1324 5008 1456 5059 Θεὸν
1498 5009 1780 5078 ὠνόμασεν

211 5093 451 5159 ὀμνύων,
502 5093 534 5161 ἧ
564 5092 691 5146 ἄλλο
723 5111 798 5158 τι,
833 5098 924 5146 καὶ
975 5095 1045 5146 τὰ
1087 5097 1305 5166 ῥήματα
1335 5096 1429 5148 τοῦ
1456 5098 1777 5164 ὀμόσαντος,

214 5187 304 5236 καὶ
352 5185 453 5253 τὴν
492 5183 735 5236 διάθεσιν
789 5186 883 5252 ἀφ’
945 5181 1008 5254 ῆς
1063 5185 1269 5252 ὤμοσε,
1323 5189 1418 5238 καὶ
1473 5187 1570 5248 τὰς
1643 5188 1781 5238 κατά

210 5277 402 5327 λεπτὸν
436 5279 496 5327 ὲν
523 5279 635 5338 τοῖς
683 5277 888 5343 ῥήμασι
933 5281 1266 5348 προσθήκας.
1309 5281 1464 5340 Εἰκὸς
1492 5281 1597 5349 γάρ
1632 5284 1780 5332 ἑστιν

212 5368 276 5416 ἐκ
309 5369 407 5434 τῆς
439 5365 535 5418 τοῦ
595 5366 760 5432 ὅρκου
825 5369 1130 5435 ποιότητος,
1167 5376 1258 5422 καὶ
1293 5372 1355 5421 ἑκ
1381 5376 1487 5421 τῶν
1520 5371 1778 5442 ῥημάτων

213 5457 305 5507 καὶ
326 5457 389 5507 ἐκ
424 5457 521 5522 τῆς
585 5457 874 5519 διαθέσεως
906 5475 919 5488 ·
969 5461 1207 5527 είτυχὸν
1266 5463 1329 5512 ἐκ
1397 5462 1778 5530 μικροψυχίας,

213 5545 308 5597 καὶ
330 5546 430 5596 οὐκ
459 5546 516 5609 ἐξ
540 5545 778 5614 ἀμέτρου
801 5545 1020 5613 γνώμης
1069 5546 1269 5614 ὤμοσε,
1300 5550 1625 5602 καταλαϐεῖν
1655 5551 1781 5612 τοὺς

216 5633 572 5693 σκοποῦντας,
613 5632 686 5699 μὴ
719 5634 1021 5687 κωλύεσθαι
1054 5635 1145 5686 τὸν
1175 5636 1447 5702 ὀμόσαντα
1481 5638 1781 5705 ἀποστῆναι

217 5723 304 5774 τοῦ
335 5726 518 5792 ὅρκον.
559 5723 619 5776 Εἰ
649 5723 725 5790 δὲ,
763 5724 964 5778 τούτων
1033 5729 1439 5796 σκοπουμένων,
1485 5729 1582 5781 οὐκ
1634 5729 1781 5782 ἔστιν

1888 4556 2003 4624 pria
2051 4558 2377 4610 auctoritate
2425 4557 2741 4621 dissolvere,
2779 4568 2832 4610 et
2877 4573 2904 4610 a
2937 4556 3290 4626 jurejurando
3327 4559 3458 4609 deli-

1888 4660 2051 4700 cere:
2094 4657 2464 4701 verumtamen
2502 4649 2832 4716 experientia
2880 4649 3189 4708 didicimus,
3239 4662 3332 4701 eos
3367 4649 3455 4714 qui

1889 4739 2251 4806 perjurarunt,
2284 4740 2382 4793 hoc
2414 4749 2518 4803 est,
2544 4739 2634 4806 qui
2658 4749 2844 4793 contra
2874 4740 2927 4791 id
2949 4741 3087 4807 quod
3112 4741 3454 4806 juravernnt,

1886 4829 2163 4896 quippiam
2208 4828 2474 4892 fecerunt,
2522 4845 2628 4883 non
2671 4832 2903 4898 placere,
2933 4833 3034 4883 hoc
3070 4842 3185 4892 est,
3238 4831 3458 4882 minime

1887 4927 2136 4978 acceptos
2166 4930 2286 4969 esse
2319 4915 2447 4977 Deo,
2493 4915 2573 4967 vel
2625 4917 3037 4985 haudquaquam
3075 4915 3288 4985 probos,
3321 4917 3457 4968 auii-

1887 5019 2086 5074 cosque
2123 5007 2189 5058 ab
2245 5006 2361 5071 ipso
2405 5006 2663 5072 judicari.
2707 5004 2928 5074 Oportet
2977 5021 3125 5070 vero,
3165 5008 3354 5075 inquit,
3405 5007 3454 5057 in

1889 5094 2036 5147 hisce
2071 5094 2373 5146 hominibus
2421 5109 2588 5163 genus
2618 5109 2830 5162 quoque
2870 5094 3228 5160 iurisiurandi
3278 5096 3454 5148 cousi-

1888 5188 2096 5249 derare,
2127 5186 2368 5240 Deumne
2397 5187 2982 5254 appellaveritjnraus,
3017 5204 3083 5240 an
3121 5188 3268 5246 aliud
3303 5189 3456 5256 quid-

1890 5278 2050 5344 piam.
2093 5287 2201 5329 tum
2236 5276 2470 5344 jurautis
2503 5279 2685 5340 verba,
2734 5279 3008 5347 animique
3052 5277 3299 5332 allectum
3348 5295 3456 5347 quo

1889 5369 2108 5436 iuravit,
2156 5384 2219 5422 ac
2263 5371 2501 5422 minutas
2542 5385 2783 5438 quasque
2827 5369 3130 5425 additiones
3164 5372 3216 5425 in
3251 5372 3452 5426 verbis.

1893 5457 2171 5512 Probabile
2195 5459 2336 5512 enim
2365 5468 2466 5521 est,
2493 5474 2556 5512 ex
2583 5460 2940 5528 jurisjurandi
2972 5461 3160 5524 lorum,
3186 5477 3249 5515 ex
3280 5462 3456 5517 verbis

1893 5550 2111 5618 pariter,
2153 5560 2205 5603 et
2231 5565 2295 5604 ex
2332 5552 2496 5604 animi
2534 5549 2837 5614 affectione,
2885 5555 2931 5606 si
2971 5553 3109 5606 [orte
3144 5568 3207 5606 ex
3240 5551 3457 5621 pusilla-

1894 5643 2158 5704 nimitate,
2187 5658 2293 5696 non
2326 5654 2508 5697 autem
2538 5659 2601 5697 ex
2632 5646 2900 5699 constanti
2939 5646 3213 5714 proposito
3233 5643 3452 5711 iuravit,

1891 5732 2215 5801 deprehendi
2254 5748 2410 5801 posse
2442 5735 2507 5787 ab
2537 5733 2624 5798 iis,
2665 5736 2752 5804 qui
2789 5737 3045 5792 attentius
3076 5736 3452 5806 cogitaverim,
