4018 6460
544 306 643 366 631

1814 330 2098 394 TIIEOD.
2132 335 2220 392 BA
2232 337 2533 400 LSAMON

3691 345 3810 404 632

546 433 649 469 non
703 418 947 488 impediri
995 424 1288 493 jurantem,
1322 446 1429 499 quo
1460 434 1637 489 minus
1681 449 1711 489 a
1755 438 2107 504 jurejurando

2229 445 2388 512 ηὑρεῖν
2423 447 2777 518 παραμυθίαν
2804 451 2927 501 τινὰ
2960 452 3035 512 εἰς
3060 453 3119 503 τὸ
3140 451 3456 519 ἀποστῆναι
3479 452 3569 503 τοῦ
3591 454 3794 518 ὅρκου,

544 509 1221 588 άοίῑοῑιιι.ννεγιιωιοιη,οη,
1269 523 1313 575 si
1358 525 1506 579 hisce
1537 528 1947 592 animadversis,
1994 533 2110 584 nul-

545 602 651 654 lam
689 602 817 658 licet
860 607 1102 664 invenire
1135 616 1563 678 excusationem,
1600 633 1695 686 per
1721 620 2110 689 quamjureju-

550 696 721 750 rando
768 699 1068 763 solvuntur,
1122 703 1386 769 ejusmodi
1436 720 1648 774 oportet
1693 712 1986 778 dimittere,
2044 732 2109 770 ne

543 801 662 841 sese
690 788 929 859 perjurio
979 796 1339 868 adstringant.
1387 799 1539 867 Quod
1583 813 1760 858 autem
1801 808 1865 859 de
1910 807 2111 862 Severo

548 891 802 934 narratur
850 886 1143 951 negotium,
1192 891 1305 943 sive
1352 893 1514 959 actio,
1573 894 1659 949 vel
1711 908 2106 965 argumentum,

544 966 808 1028 ejusmodi
834 982 939 1026 est.
966 971 1238 1044 Longinus
1268 980 1484 1045 quidam
1518 982 1747 1038 habebat
1774 1000 1983 1055 agrum,
2016 987 2106 1041 cui

544 1056 797 1112 Mindana
847 1077 1039 1117 nomen
1084 1074 1222 1131 erat,
1274 1068 1502 1126 Misthia:
1537 1068 1867 1143 episcopatui
1925 1077 2105 1145 subje-

545 1159 714 1201 ctum.
742 1151 974 1207 Severus
998 1165 1199 1218 autem,
1229 1173 1348 1212 cum
1379 1160 1713 1217 Masadarum
1736 1174 1879 1219 esset
1901 1168 2107 1234 episco-

543 1255 664 1307 pus,
696 1240 980 1311 Cyriacum
1004 1250 1288 1315 quemdam
1320 1253 1527 1321 templi,
1553 1257 1692 1321 quod
1720 1258 1769 1309 in
1804 1272 1932 1327 agro
1961 1261 2107 1325 posi-

544 1344 655 1386 tum
685 1345 822 1399 erat,
847 1340 1214 1409 presbyterum
1238 1344 1537 1411 constituit,
1563 1348 1653 1414 qui
1684 1348 1844 1401 etiam
1871 1350 2102 1417 juravit,

543 1441 604 1479 se
636 1428 688 1479 in
720 1430 914 1495 templo
944 1445 1373 1500 permansurum,
1405 1436 1487 1489 vel
1516 1437 1693 1504 potius
1725 1439 1868 1494 illius
1904 1443 2111 1509 episco-

542 1519 690 1582 patui
721 1518 839 1572 fore
875 1521 1167 1589 subjectum
1200 1541 1214 1577 :
1246 1540 1429 1579 verum
1456 1527 1599 1585 illius
1634 1531 1879 1599 regionis
1898 1535 2110 1601 episco-

544 1627 665 1679 pus,
716 1613 799 1665 t-tti
841 1627 967 1680 ager
1008 1615 1282 1682 subjectus
1331 1627 1468 1681 erat,
1519 1621 1804 1690 Cyriacum
1857 1640 1885 1677 a
1938 1630 2109 1683 sacris

544 1702 861 1756 muneribus
882 1705 1144 1761 obeundis
1183 1707 1233 1759 in
1265 1709 1512 1775 ecclesia,
1537 1727 1656 1778 quae
1677 1712 1756 1765 sui
1788 1713 1925 1782 juris
1944 1727 2109 1779 esset,

549 1798 788 1857 arcebat,
825 1797 1023 1865 quippe
1058 1798 1145 1867 qui
1184 1801 1250 1853 ab
1298 1801 1402 1856 alio
1448 1803 1620 1857 sacris
1664 1806 1940 1861 ordinibus
1976 1810 2112 1865 foret

548 1883 858 1954 insignitus.
894 1886 967 1941 Ex
992 1903 1098 1956 quo
1124 1890 1213 1943 illa
1244 1890 1429 1945 relicta
1464 1891 1720 1962 Cyriacus
1752 1896 1856 1951 alio
1886 1914 2116 1955 conces-

548 1979 667 2028 sit:
712 1987 821 2031 tum
868 1976 1142 2047 Longinus
1185 1996 1401 2051 quoque
1429 1997 1491 2037 ea
1540 1984 1608 2039 de
1653 2000 1813 2041 causa
1856 2005 2113 2059 moerens,

547 2071 816 2122 desertam
859 2084 917 2122 se
949 2070 1229 2125 ecclesiam
1273 2073 1608 2130 redditurum
1652 2077 1975 2136 minabatur.
2010 2082 2117 2137 Ro.

550 2167 705 2225 gatus
754 2159 936 2227 itaque
978 2176 1203 2228 magnus
1252 2163 1503 2228 Basilius,
1553 2170 1619 2222 ad
1653 2169 1752 2224 hoc
1792 2174 2113 2240 respondit,

552 2266 741 2318 agrum
777 2252 860 2305 cui
894 2254 1231 2308 renuntiatus
1257 2265 1338 2309 est
1367 2255 1648 2325 Cyriacus,
1694 2262 1792 2315 ltoc
1824 2272 1928 2327 est,
1962 2262 2115 2331 cujus

553 2344 832 2413 presbyter
880 2345 1183 2399 nominatus
1229 2356 1333 2411 est,
1390 2345 1729 2402 Masadarum
1782 2353 2114 2419 episcopatui

552 2434 771 2502 subjici,
809 2435 1021 2489 etiamsi
1068 2436 1291 2491 alterius
1332 2439 1569 2505 regionis
1613 2450 1778 2507 esset,
1830 2458 1893 2497 ac
1928 2459 2116 2499 rursus

555 2526 681 2579 illuc
715 2526 888 2579 redire
919 2525 1224 2597 Cyriacum.
1263 2529 1338 2582 lta
1382 2546 1633 2599 namque,
1666 2534 1763 2599 ait,
1817 2550 1988 2602 neque
2029 2537 2117 2591 ille

556 2617 776 2671 violabit
822 2618 1237 2686 jusjurandum,
1289 2634 1463 2688 neque
1511 2622 1785 2693 Longinus
1835 2627 2115 2681 ecclesiam

558 2710 840 2773 dcsolabit,
892 2713 991 2764 hoc
1037 2724 1139 2775 est,
1194 2716 1458 2769 desertam
1499 2716 1780 2783 relinquet,
1831 2728 1922 2769 aut
1954 2719 2115 2770 etiam

557 2796 791 2851 abolebit
845 2815 856 2851 :
910 2814 1081 2865 neque
1132 2810 1395 2854 suammet
1451 2801 1562 2871 68
1618 2802 1853 2853 animam
1909 2802 2117 2855 inertiis

559 2890 851 2952 damnabit,
892 2892 990 2944 hoc
1020 2905 1121 2955 est,
1161 2894 1429 2961 subjiciet,
1462 2894 1602 2963 quod
1638 2910 1739 2948 nou
1772 2894 2111 2960 precationi-

561 2979 661 3033 bus
695 2996 754 3031 ac
789 2979 983 3034 diviuis
1016 2982 1260 3037 laudibus
1287 2991 1460 3044 vacet,
1499 2983 1590 3036 sed
1622 2982 1688 3035 ab
1725 2982 1788 3035 iis
1817 2981 1974 3050 plane
2000 2997 2119 3035 ces-

2140 1764 2185 1819 Β

2213 537 2318 606 χρὴ
2352 540 2477 600 τοὺς
2541 540 2814 601 τοιούτους
2874 543 2990 611 ἑᾷν,
3015 543 3102 596 ἴνα
3138 544 3211 611 μὴ
3243 544 3567 611 ἐπιορκῶσι.
3610 544 3685 593 Τὸ
3748 542 3805 593 δὲ

2212 628 2351 679 κατὰ
2410 627 2500 680 τὸν
2554 630 2788 699 Σευῆρον
2840 634 3093 700 πρᾶγμα,
3145 635 3322 701 ήτοιή
3360 634 3564 703 πρᾶξις
3636 634 3733 684 καὶ
3769 636 3803 697 ἡ

2214 721 2486 784 ὑπόθεσις,
2539 723 2776 777 τοιοῦτόν
2808 742 2859 777 τι
2885 720 2969 795 ἦν.
3014 725 3273 792 Λογγῖνός
3305 742 3391 787 τις
3447 723 3597 792 εἶχεν
3632 725 3805 791 ἀγρὸν

2212 811 2543 880 καλούμενον
2598 814 2841 867 Μίνδανα
2871 856 2886 881 ,
2938 819 3003 885 τῇ
3052 818 3327 886 ἐπισκοπῇ
3362 818 3463 885 τῆς
3514 817 3794 876 Μισθείας

2213 901 2592 970 ὑποκείμενον.
2653 905 2889 975 Σευῆρος
2938 906 2994 957 δέ
3043 907 3316 960 Μασάδων
3362 908 3673 966 ἐπίσκοπος
3727 905 3807 955 ὣν

2211 993 2584 1063 ἐχειροτόνησε
2642 997 2923 1065 Κνριακόν
2972 1015 3091 1050 τινα
3138 999 3221 1060 εἰς
3272 998 3364 1050 τὸν
3397 999 3456 1049 ἐν
3496 997 3578 1064 τῷ
3639 996 3809 1061 ἀγρῷ

2212 1084 2338 1135 ναὸν
2393 1085 2779 1155 πρεσϐύτερον,
2848 1088 3125 1157 ὀμόσαντα
3182 1090 3527 1157 παραμένειν
3558 1087 3636 1153 τῷ
3665 1085 3805 1151 ναῷ.

2212 1176 2246 1244 ή
2282 1176 2481 1244 μᾶλλον
2512 1180 2577 1246 τῇ
2594 1178 2866 1249 ἐπισκοπῇ
2894 1179 3059 1233 αὑτοῦ
3115 1180 3418 1232 ὑποτελεῖν.
3465 1179 3611 1231 Ἀλλ’
3646 1181 3673 1229 ὁ
3702 1180 3808 1243 τῆς

2211 1264 2424 1331 ἐνορίας
2466 1262 2822 1341 ἐπίσκοποςῇ
2856 1270 3112 1322 ὑπέκειτο
3139 1270 3166 1320 6
3193 1269 3383 1337 ἀγρδς,
3434 1268 3650 1319 ἐκώλυε
3711 1268 3809 1318 τὸν

2212 1354 2489 1420 κυριακὸν
2521 1359 2827 1427 ἱερουργεῖν
2855 1361 2914 1413 ἐν
2946 1359 3214 1429 ἐκκλησίᾳ
3252 1359 3589 1426 διαφερούσῃ
3619 1358 3803 1424 αὐτῷ,

2212 1444 2342 1510 παρ’
2379 1444 2566 1512 ἐτέρου
2612 1446 3073 1516 χειροτονηθέντα.
3104 1449 3194 1499 Διὸ
3222 1447 3317 1498 καὶ
3348 1445 3673 1498 καταλιπὼν
3700 1448 3809 1497 αὑ-

2212 1534 2311 1605 τὴν
2343 1538 2371 1587 6
2407 1537 2700 1605 Κυριακδς,
2746 1538 3012 1605 μετετέθη
3040 1536 3311 1607 ἀλλαχοῦ·
3342 1536 3436 1588 καὶ
3473 1539 3499 1588 6
3526 1538 3801 1603 Λογγῖνος

2213 1624 2299 1677 διὰ
2331 1626 2487 1677 τοῦτο
2516 1626 2853 1690 λυπούμενος
2903 1627 3118 1697 ἠπείλει
3151 1628 3439 1698 ἐρημῶσαι
3466 1629 3564 1697 τὴν
3594 1628 3809 1693 ἐκκλης

2218 1714 2358 1767 σίαν.
2407 1716 2735 1785 Ἐρωτηθεὶς
2764 1713 2857 1770 οὖν
2880 1720 2907 1769 6
2934 1718 3107 1787 μέγας
3140 1718 3419 1779 Βασίλειος
3442 1720 3569 1787 περὶ
3599 1718 3805 1769 τούτου

2218 1805 2550 1877 ἀπεκρίνατο
2602 1808 2693 1861 τὸν
2738 1808 2905 1877 ἀγρὸν
2964 1805 3009 1876 ᾧ
3046 1809 3400 1877 ἐπεκηρύχθη
3430 1811 3458 1861 6
3492 1810 3806 1877 Κυριακδς.

2218 1894 2387 1965 ήγουν
2434 1897 2513 1959 είς
2551 1897 2611 1950 ὃν
2660 1898 2951 1966 ὠνομάσθη
3006 1898 3401 1967 πρεσϐύτερος,
3456 1900 3799 1967 ὑποτεθῆναι

2216 1990 2282 2057 τῇ
2310 1988 2577 2057 ἐπισκοπῇ
2606 1988 2712 2041 τῶν
2728 1990 3021 2051 Μασάδων,
3047 1992 3095 2042 εἰ
3125 1992 3218 2043 καὶ
3236 1990 3432 2058 ἐτέρας
3457 1985 3528 2059 ἦν
3556 1990 3812 2059 ἐνορίας,

2218 2081 2310 2131 καὶ
2334 2078 2425 2130 τὸν
2470 2078 2743 2150 κυριακὸν
2776 2076 2928 2139 αὖθις
2959 2082 3369 2149 ἐπαναπρέψαι
3430 2083 3570 2133 ἐκεῖ.
3643 2082 3815 2135 Οὕτω

2218 2165 2347 2232 γὰρ,
2410 2167 2597 2233 φησὶν,
2629 2166 2751 2219 οὔτε
2782 2167 2989 2227 ἐκεῖνος
3045 2168 3198 2235 παρά
3232 2169 3323 2221 τὸν
3356 2170 3522 2237 ὅρκον
3546 2171 3804 2239 ποιήσει,

2218 2255 2339 2309 οὔτε
2365 2260 2393 2309 6
2418 2258 2677 2325 Λογγῖνος
2736 2258 2834 2327 τὴν
2866 2258 3162 2327 ἐκκλησίαν
3188 2259 3494 2329 ἐρημώσει,
3528 2264 3651 2313 ἀντὶ
3683 2263 3817 2326 τοῦ,

2219 2346 2425 2417 ἔρημον
2459 2347 2773 2416 καταλείψει
2802 2348 2835 2418 ἦ
2866 2350 2961 2401 καὶ
3010 2348 3228 2401 καθελεῖ
3248 2364 3267 2382 ο
3297 2350 3419 2402 οὐδὲ
3448 2352 3553 2419 τὴν
3596 2352 3811 2405 ἑαυτοῦ

2216 2438 2393 2507 ψυχήν
2414 2441 2532 2501 ταῖς
2577 2440 2800 2509 ἀργίαις
2858 2440 3235 2498 καταδικάσει.
3285 2442 3457 2510 ἧγουν
3511 2442 3812 2505 ὑποϐαλεῖ,

2218 2531 2296 2600 τῷ
2334 2530 2405 2599 μὴ
2449 2530 2728 2600 σχολάζειν
2780 2531 2963 2599 εὐχαῖς
3025 2531 3118 2583 καὶ
3174 2534 3286 2595 τοῖς
3349 2532 3518 2595 θείοις
3586 2532 3814 2601 ὕμνοις,

2222 2621 2355 2674 ἀλλὰ
2381 2621 2569 2689 ἀργεῖν
2603 2624 2667 2673 ἐκ
2694 2620 2929 2675 τούτων.
3003 2624 3113 2674 Καὶ
3145 2623 3324 2689 ἡμεῖς,
3381 2624 3572 2692 φησὶν,
3601 2625 3818 2676 οίκονοο

2225 2708 2454 2777 μοῦντες
2511 2708 2581 2762 τά
2640 2710 2783 2762 κατά
2828 2710 2919 2762 τὸν
2960 2711 3260 2779 κυριακὸν,
3316 2710 3409 2761 καὶ
3461 2711 3817 2779 ὑποστρέψαι

2220 2800 2381 2854 αὑτὸν
2429 2802 2509 2863 είς
2568 2800 2666 2870 τὴν
2703 2801 3050 2871 Ἐκκλησίαν,
3080 2796 3355 2874 ὤμοσεν
3414 2804 3812 2873 ἐγκαρτερεῖν,

2220 2892 2627 2963 ἐπιτρέποντες,
2661 2892 2721 2945 οὐ
2746 2892 2967 2957 δόξομεν
2990 2892 3141 2960 παρά
3168 2894 3397 2956 κανόνας
3449 2896 3650 2955 ποιεῖν,
3686 2896 3819 2948 οὑδέ

2222 2983 2426 3045 ἐκεῖνος
2460 2983 2821 3055 παραϐαίνειν
2851 2985 2943 3036 τὸν
2977 2985 3136 3053 ὅρκον
3158 2984 3399 3053 κριθείη.
3463 2987 3818 3057 Ἐπανερχό-

562 3080 665 3122 set.
726 3071 801 3123 Ac
843 3086 959 3133 nos,
998 3072 1189 3140 inquit.
1227 3074 1337 3126 haec
1369 3074 1433 3125 de
1464 3071 1695 3141 Cyriaco
1741 3072 2116 3132 decernentes.

2229 3091 2385 3144 μενος
2442 3074 2575 3144 γὰρ,
2625 3074 2772 3126 δοκεῖ
2832 3074 3122 3140 φυλάσσειν
3170 3074 3263 3126 τὸν
3318 3076 3501 3142 ὅρκον,
3552 3077 3635 3128 ὅτι
3690 3078 3819 3129 οὐδὲ

566 3176 631 3214 ac
662 3161 838 3213 redire
872 3162 1043 3229 ipsum
1082 3164 1145 3216 ad
1176 3164 1487 3227 ecclesiam,
1530 3163 1582 3216 in
1623 3178 1727 3229 qua
1774 3179 1833 3217 se
1868 3179 2118 3231 perman-

561 3264 744 3303 surum
775 3250 997 3318 juravit,
1037 3254 1427 3318 permittentes,
1461 3269 1567 3306 nou
1600 3254 1900 3306 videbimur
1929 3255 2118 3305 adver-

564 3356 656 3395 sus
688 3356 917 3396 canones
953 3358 1131 3411 agere,
1174 3357 1345 3412 neque
1391 3344 1479 3397 ille
1512 3344 1712 3396 violare
1745 3343 2117 3411 jusjurandum

562 3432 907 3500 jndicabitur.
948 3434 1081 3488 Illud
1125 3451 1354 3503 namque
1389 3437 1681 3490 observare
1729 3435 2000 3489 videbitur
2036 3449 2122 3488 re—

571 3534 809 3589 vertens,
841 3527 1093 3591 quoniam
1146 3541 1318 3592 neque
1356 3526 1658 3593 jurameuto
1692 3525 1962 3591 adjectum
2018 3532 2120 3587 est,

568 3632 634 3668 ne
681 3615 826 3668 brevi
871 3616 1088 3683 quidem
1143 3617 1402 3681 temporis
1454 3617 1627 3683 spatio
1670 3629 1698 3666 a
1751 3614 2121 3668 blindanorum

570 3719 701 3773 agro
758 3718 1115 3758 secessurum.
1172 3706 1301 3758 Vide
1356 3705 1513 3772 igitur
1569 3706 1837 3771 quomodo
1889 3721 1953 3759 ex
2010 3705 2123 3771 ipsa

568 3796 853 3848 verborum
880 3795 1210 3862 inspectione
1233 3803 1283 3845 et
1311 3795 1776 3848 animadversione
1798 3795 2121 3847 sententiam

570 3894 788 3937 sanctus
822 3883 904 3935 vir
941 3883 1233 3951 indagavit,
1269 3899 1330 3935 ex
1363 3898 1491 3950 qua,
1534 3883 1627 3950 qui
1670 3898 1725 3936 se
1765 3881 2121 3950 jurejurando

570 3974 956 4036 obstrinxerat,
990 3988 1017 4025 a
1050 3973 1284 4040 perjurio
1328 3972 1459 4025 liber
1503 3986 1625 4026 esse
1670 3972 1958 4025 videretur.
2001 3971 2122 4026 Haec

574 4066 737 4132 igitur
771 4066 835 4117 de
881 4065 1123 4133 Cyriaco.
1177 4062 1409 4117 Severus
1454 4078 1613 4131 porro
1643 4073 1948 4127 accusatus,
1983 4065 2124 4131 quod

576 4170 708 4219 agro
742 4156 829 4222 qui
886 4154 1073 4209 alienae
1121 4155 1410 4224 provinciae
1464 4154 1737 4221 subjectus
1775 4162 1910 4214 erat,
1941 4167 2129 4221 quem-

578 4244 719 4311 piam
751 4244 1103 4313 praefecisset,
1133 4246 1452 4299 causabatur
1484 4259 1542 4297 se
1575 4244 1622 4296 id
1664 4253 1883 4311 propter
1907 4242 2130 4295 oblivio-

579 4350 700 4387 nem
732 4336 1101 4403 fecisse,quod
1134 4351 1318 4405 agrum
1348 4336 1401 4387 in
1422 4335 1646 4387 alterius
1676 4336 1877 4385 ditione
1902 4333 2130 4401 positum

2220 3165 2536 3233 πρόσκειται
2558 3163 2634 3233 τῷ
2665 3164 2831 3232 ὅρκῳ,
2863 3164 2982 3216 οὐδὲ
3017 3166 3154 3231 πρὸς
3197 3164 3371 3233 βραχὺ
3411 3166 3812 3233 ἀναχωρήσειν

2220 3251 2313 3304 τοῦ
2337 3251 2507 3320 ἀγροῦ
2538 3252 2645 3303 τῶν
2674 3251 2973 3305 Μινδάνων.
3000 3252 3143 3319 Ὅρα
3172 3252 3265 3303 οὖν
3304 3253 3424 3314 πῶς
3481 3255 3547 3305 ἐκ
3583 3255 3680 3320 τῆς
3704 3257 3821 3305 τῶν

2226 3341 2486 3409 ῥημάτων
2533 3338 2833 3402 ἐξετάσεως
2866 3341 2959 3391 καὶ
2986 3341 3459 3408 κατασκοπήσεως
3496 3343 3816 3408 ἐθήρευσεν

2222 3435 2249 3485 6
2276 3434 2427 3499 ἅγιος
2442 3432 2584 3496 νοῦν,
2614 3432 2753 3484 ὥστε
2786 3432 2860 3499 μὴ
2876 3431 3052 3483 δοκεῖν
3074 3434 3355 3499 ἐπιορκεῖν
3379 3432 3471 3483 τὸν
3496 3432 3816 3497 ὀμόσαντα.

2228 3523 2414 3575 Ταῦτα
2445 3522 2545 3591 μὲν
2580 3521 2673 3574 οὖν
2716 3521 2845 3589 περὶ
2894 3518 2987 3572 τοῦ
3035 3519 3315 3587 Κυριακοῦ
3340 3535 3356 3550 ⁹
3388 3523 3414 3573 6
3448 3521 3506 3571 δέ
3552 3522 3822 3588 Σευῆρος,

2228 3614 2551 3681 αἰτιώμενος
2607 3615 2687 3664 ὅτι
2744 3612 2824 3673 είς
2891 3610 3060 3679 ἀγρὸν
3108 3611 3368 3679 ἀλλοτρίᾳ
3430 3612 3825 3664 ὑποτελοῖντα

2228 3703 2411 3772 ἐνορίᾳ
2435 3703 2860 3770 ἐχειροτόνησεν,
2881 3700 3029 3767 ἔλεγε
3047 3701 3185 3753 κατά
3202 3701 3372 3769 λήθην
3388 3700 3546 3753 τοῦτο
3566 3707 3693 3768 ποιῆ
3704 3719 3821 3764 σαι,

2228 3796 2498 3859 ἀγνοήσας
2541 3793 2711 3860 ἑτέρῳ
2755 3794 2847 3845 τὸν
2892 3794 3061 3861 ἀγρὸν
3089 3792 3434 3846 ὑποκεῖσθαι.
3508 3793 3664 3843 Ἐπεὶ
3698 3790 3821 3856 οὖν,

2231 3884 2389 3950 φησὶ,
2424 3883 2522 3951 τὴν
2550 3882 2722 3950 λήθην
2753 3882 3137 3949 προϐάλλεται,
3169 3883 3251 3934 δεῖ
3269 3883 3418 3950 αὐτῷ
3451 3884 3828 3950 συγχωρηθῆ-

2232 3990 2340 4037 ναι,
2375 3975 2465 4025 καὶ
2493 3974 2570 4035 είς
2600 3973 2699 4039 τὴν
2730 3972 2909 4042 κρίσιν
2961 3974 3052 4025 τοῦ
3094 3972 3229 4025 Θεοῦ
3273 3974 3585 4038 ἀναρτῆσαι
3626 3973 3825 4022 αὐτόν

2236 4061 2315 4113 ὅτι
2348 4062 2454 4130 γὰρ
2477 4062 2575 4112 οὐκ
2603 4060 2766 4126 ἐσμέν
2802 4060 3251 4128 καρδιογνῶσται,
3289 4057 3405 4109 ἀλλ’
3432 4056 3508 4117 ὡς
3536 4055 3823 4120 ἀκούομεν

2238 4153 2495 4221 κρίνομεν
2524 4193 2539 4216 ,
2591 4152 2769 4221 δῶμεν
2814 4153 2909 4220 τὴν
2963 4150 3245 4217 ἐκδίκησιν
3301 4148 3377 4214 τῷ
3422 4147 3544 4212 Θεῷ
3583 4185 3597 4207 ,
3683 4163 3826 4209 συγ-

2239 4244 2687 4311 γνωμονήσαντες
2758 4241 2844 4293 διὰ
2905 4240 3002 4309 τὴν
3047 4239 3240 4310 λήθην,
3302 4238 3423 4307 ἥτις
3485 4238 3606 4289 ἐστὶ
3647 4235 3831 4297 πάθος

2238 4332 2598 4399 ἀνθρώπινον.

579 4427 870 4493 ignoraret.
902 4427 1166 4492 Quoniam
1202 4440 1350 4494 ergo,
1392 4425 1590 4493 inquit,
1632 4425 1958 4477 oblivionem
1999 4424 2263 4491 praetexit,
2296 4430 2509 4490 oportet
2583 4424 2684 4491 ipsi
2716 4428 2724 4483 ἱ
2755 4424 3031 4488 ignoscere
3095 4422 3381 4488 ipsumque
3440 4421 3507 4471 ad
3571 4419 3827 4472 divinum

574 4516 833 4581 judicium
890 4516 1250 4567 transmittere
1298 4530 1311 4565 :
1356 4513 1782 4580 quandoquidem
1841 4528 1962 4566 cum
2022 4528 2123 4564 non
2161 4512 2327 4564 simus
2364 4514 2602 4565 cordiutn
2656 4521 3009 4570 scrutatores,
3081 4510 3173 4563 sed
3230 4511 3533 4579 iudicemus
3606 4526 3669 4561 ex
3737 4510 3827 4564 eis

582 4622 701 4674 quae
728 4609 997 4666 audimus,
1024 4605 1390 4674 adjudicetnus
1415 4603 1670 4656 ultionem
1718 4604 1848 4668 Deo,
1886 4603 2231 4669 ignoscentes
2259 4610 2475 4671 praptcr
2502 4601 2845 4665 oblivionem,
2881 4616 3000 4668 qua:
3022 4602 3316 4653 humanum
3353 4610 3435 4652 est
3468 4600 3681 4650 vitium.

652 4700 879 4754 ARIST.
934 4701 1047 4753 Non
1094 4714 1251 4767 cnges
1293 4714 1437 4761 eum,
1474 4699 1563 4766 qui
1597 4713 1654 4752 se
1694 4714 1795 4751 non
1836 4699 2139 4751 ordinatum

585 4795 699 4848 fore
724 4793 1006 4860 juraverit.

665 4886 815 4943 Eum,
868 4882 957 4948 qui
992 4882 1194 4933 electus
1225 4893 1308 4935 est
1339 4883 1638 4947 episcopus,
1675 4889 1728 4931 ct
1764 4888 1980 4947 propter
2014 4880 2146 4933 inci-

591 4978 802 5028 tlentetn
839 4974 1068 5039 aliquam
1104 4985 1320 5023 causam
1350 4972 1492 5038 jurat
1520 4985 1578 5023 se
1616 4971 2004 5022 ordinationem
2033 4984 2141 5021 non

592 5071 986 5126 suscepturum,
1035 5060 1274 5113 ordinari
1324 5076 1429 5112 non
1464 5075 1641 5128 coges.
1689 5058 1911 5126 Oportet
1961 5068 2141 5111 autem

595 5155 936 5207 considerare
963 5164 1015 5205 et
1040 5150 1326 5217 jurameuti
1357 5151 1608 5218 speciem,
1639 5160 1690 5202 et
1720 5149 1901 5211 verba,
1938 5159 1988 5202 et
2020 5149 2149 5200 all'e‘

596 5245 829 5298 ctionem
876 5260 903 5295 a
945 5258 1047 5312 qua
1093 5242 1310 5309 juravit,
1342 5251 1393 5295 et
1430 5256 1546 5307 quae
1589 5240 1850 5293 subtiliter
1884 5240 1936 5291 in
1966 5239 2149 5291 verbis

597 5337 737 5388 facta
788 5344 911 5387 sunt
962 5335 1351 5386 additamenta.
1411 5330 1475 5383 Et
1526 5332 1567 5383 si
1614 5345 1731 5396 quae
1786 5331 1855 5382 sit
1905 5329 2149 5382 alicunde

596 5425 887 5489 jurameuti
922 5425 1221 5485 excusatio,
1252 5422 1541 5490 perjurium
1585 5435 1846 5488 apparens
1875 5423 1919 5471 ei
1950 5430 2151 5472 conuo-

604 5529 753 5578 nare,
783 5530 1015 5581 cumque
1044 5515 1296 5569 ordinare
1330 5512 1605 5581 permittit.
1641 5510 1695 5564 Si
1736 5521 1909 5562 autem
1947 5510 2146 5561 nullum

603 5605 673 5656 sit
705 5607 923 5659 omnino
949 5604 1232 5671 refugium,
1266 5607 1358 5657 sed
1393 5600 1699 5655 omnimodo
1734 5598 1980 5667 pejerans
2004 5599 2149 5650 inve-

606 5696 801 5755 niatur,
861 5698 902 5750 si
954 5695 1189 5748 ordinari
1247 5693 1667 5763 permitteretur,
1727 5690 1882 5743 talem
1935 5689 2154 5745 omnino

606 5792 1013 5858 [irmtcrmittere
1048 5798 1273 5859 oportet.

2320 4699 2539 4751 ΑΡΙΣΤ.
2599 4697 2712 4749 Οὐκ
2746 4695 3077 4762 ἀναγκάσεις
3111 4694 3203 4744 τὸν
3230 4693 3304 4762 μή
3339 4694 3406 4745 ἂν
3434 4694 3834 4763 χειροτονηθή-

2174 4775 2218 4830 Ῑ)
2251 4807 2337 4843 ναι
2361 4789 2655 4855 ὀμόσαντα.

2315 4882 2416 4933 Τὸν
2445 4879 2780 4949 ψηφισθέντα
2838 4878 3154 4937 ἐπίσκοπον,
3188 4874 3283 4926 xui.
3328 4873 3421 4925 διά
3452 4890 3578 4924 τινα
3605 4890 3840 4941 παρεμο

2246 4969 2514 5024 πεσοῦσαν
2546 4968 2864 5037 δυσχερείαν
2924 4965 3333 5031 ἐπομοσάμενον
3361 4964 3459 5030 τὴν
3490 4962 3837 5031 χειροτονίαν

2251 5064 2325 5130 μὴ
2350 5058 2762 5123 καταδέξασθαι,
2816 5055 3263 5125 χειροτονηθῆναι
3306 5054 3408 5105 οὐκ
3463 5054 3834 5118 ἀναγκάσεις.

2247 5154 2367 5221 Χρὴ
2398 5151 2452 5202 δὲ
2512 5148 2830 5201 σκοπεῖσθαι
2868 5148 2962 5198 καὶ
3027 5148 3087 5198 τὸ
3114 5142 3253 5201 εἶδος
3276 5145 3370 5196 τοῦ
3412 5145 3605 5211 ὅρκου,
3635 5150 3735 5197 καὶ
3764 5150 3839 5199 τὰ

2250 5244 2491 5312 ῥήματα.
2528 5242 2619 5291 καὶ
2678 5240 2775 5308 τὴν
2805 5239 3043 5291 διάθεσιν
3094 5236 3185 5302 ἀφ’
3222 5230 3287 5305 ἧς
3320 5235 3529 5302 ὤμοσε,
3574 5236 3669 5287 καὶ
3731 5236 3838 5297 τὰς

2248 5334 2387 5386 κατὰ
2415 5331 2606 5383 λεπτὸν
2655 5332 2711 5380 ἐν
2743 5330 2949 5395 ῥήμασι
2997 5326 3336 5395 προσθήκας.
3376 5325 3485 5374 Καὶ
3550 5326 3647 5376 ἐὰν
3743 5327 3831 5389 τίς

2251 5435 2414 5477 ποθεν
2442 5419 2863 5489 παραμυθίατοῦ
2883 5421 3071 5487 ὅρκου,
3102 5417 3404 5485 συγχωρεῖν
3436 5414 3586 5480 αὐτῷ
3620 5414 3721 5483 τὴν
3743 5416 3837 5467 δο-

2253 5514 2453 5567 κοῦσαν
2503 5511 2805 5579 ἐπιορκίαν,
2858 5509 2953 5561 καὶ
3008 5506 3430 5573 χειροτονεῖσθαι
3485 5503 3777 5568 ἐπιτρέπει
3819 5519 3833 5533 ·

2257 5604 2350 5655 ἐὰν
2374 5602 2429 5652 δὲ
2466 5601 2705 5669 μηδεμία
2833 5597 3144 5667 μηδαμόθεν
3181 5595 3492 5661 καταφυγὴ,
3521 5591 3663 5643 ἀλλὰ.
3689 5608 3837 5640 παν-

2263 5692 2483 5760 ταχόθεν
2544 5689 2811 5757 ἐπιορκῶν
2871 5686 3213 5753 εὑρίσκεται,
3273 5687 3319 5735 εἰ
3381 5680 3836 5749 χειροτονηθῆναι

2266 5782 2611 5849 σνγζζιινβτιθῇ,
2641 5779 2721 5831 ὃ;ῖ
2782 5776 3055 5837 παντελῶς
3092 5775 3299 5842 παρεᾷν
3336 5772 3427 5824 τον
3451 5769 3719 5822 τοιοῦτον.
