4018 6452
217 367 322 428 633

818 476 1058 530 KANQN
1091 474 1192 533 ΙΝ.

233 569 294 620 ’0
339 568 392 621 δὶ
419 570 513 620 τὸν
543 568 797 622 ἀκούσιον
845 570 1078 638 ποιήσας
1134 567 1293 635 φόνον
1321 567 1635 636 ἀρκούντως
1663 568 1781 633 ἑξε-

297 661 550 730 πλήρωσε
600 662 700 730 τὴν
749 660 905 729 δίκην
933 662 989 712 ἐν
1017 661 1127 722 τοῖς
1182 658 1375 712 ἕνδεκα
1421 659 1586 714 ἔτεσι.
1619 659 1786 729 Δῆλον

300 749 408 820 γὰρ
426 751 506 803 ὅτι
537 751 631 804 ἐπὶ
693 750 803 802 τῶν
853 751 1170 821 πληγέντων
1196 750 1260 802 τὰ
1307 751 1551 814 Μωσέως
1601 768 1787 820 παρα-

298 841 631 908 τηρήσομεν.
671 842 782 894 Καὶ
815 842 906 893 τὸν
981 841 1377 893 κατακλιθέντα
1403 841 1504 908 μὲν
1533 842 1626 894 ἐπὶ
1679 840 1787 895 τῶν

305 933 532 999 πληγῶν
571 933 639 993 ἃς
669 933 850 996 ἔλαϐε,
893 933 1185 1000 βαδίσαντα
1211 933 1267 984 δὲ
1295 933 1457 986 πάλιν
1484 934 1573 985 ἐπὶ
1611 934 1789 1004 ῥάϐδῳ

304 1022 494 1082 αὐτοῦ.
550 1025 611 1075 ού
665 1023 991 1092 λογισόμεθα
1046 1023 1455 1089 πεφονεῦσθαι*
1513 1024 1644 1076 εἰδὲ
1691 1025 1788 1076 καὶ

302 1112 402 1162 οὐκ
429 1111 688 1178 ἐξανέστη
736 1112 870 1178 μετὰ
917 1113 1016 1173 τὰς
1081 1112 1314 1181 πληγὰς,
1342 1111 1458 1164 ἀλλ’
1486 1110 1581 1164 οὖν
1603 1113 1681 1182 τῷ
1715 1112 1790 1182 μὴ

314 1203 639 1270 προελέσθαι
678 1205 838 1256 αὑτὸν
867 1205 1095 1268 ἀνελεῖν,
1119 1204 1148 1254 6
1196 1206 1478 1272 τυπτήσας
1530 1205 1792 1276 φονευτὴς

306 1298 426 1366 μὲν,
464 1298 576 1349 ἀλλ’
609 1299 864 1362 ἀκούσιος
893 1300 978 1352 διὰ
1013 1299 1107 1368 τὴν
1140 1298 1420 1365 πρόθεσιν.

307 1471 496 1522 ΒΑΔΣ.
526 1469 585 1522 '0
628 1470 704 1531 νζ⁹
751 1469 927 1522 κανὼν
981 1468 1075 1522 τοῦ
1137 1469 1294 1533 ἁγίου
1354 1469 1542 1522 τούτου
1568 1472 1782 1540 Πατρός

233 1564 331 1614 επὶ
398 1561 532 1614 δέκα
551 1562 776 1630 χωρίζει
820 1561 946 1620 τοὺς
993 1558 1248 1612 ἀκούσιον
1276 1565 1434 1624 φόνον
1460 1562 1795 1626 ποιήσαντας

233 1653 370 1724 ρτῆς
387 1652 496 1704 τῶν
518 1651 674 1703 θείων
696 1651 1053 1718 ἀγιασμάτων
1087 1649 1454 1724 μεταλήψεως.
1477 1653 1539 1705 Ὀ
1571 1652 1628 1704 δὲ
1648 1669 1795 1721 παρ-

229 1719 333 1797 ὧν
368 1742 548 1796 κανών
598 1759 749 1812 φησι,
807 1741 896 1792 τὸν
945 1742 1019 1812 μὴ
1074 1741 1229 1808 μόνον
1291 1719 1381 1794 ἐπὶ
1427 1742 1558 1794 δέκα
1624 1719 1793 1806 ἔτεσι,

231 1833 372 1886 ἀλλά
417 1833 634 1892 ἕνδεκα.
707 1833 782 1903 μὴ
848 1832 1184 1902 μετασχόντα
1266 1832 1374 1885 τῶν
1439 1834 1796 1902 ἀγιασμάτων

234 1923 498 1977 ἀκούσιον
565 1923 829 1992 φονευτὴν
877 1923 942 1974 ὲκ
985 1922 1302 1993 περιουσίας
1347 1922 1616 1992 δέχεσθαι.
1667 1919 1799 1976 Εἶτα

236 2013 570 2081 προστίθησι
621 2011 696 2080 μή
728 2011 1055 2065 ἀπεντεῦθεν
1081 2013 1155 2074 ὡς
1177 2011 1342 2078 φονέα
1381 2011 1800 2082 κατακρίνεσθαι

231 2105 328 2155 τόν
356 2103 636 2172 πλήξαντά
681 2121 822 2168 τινα,
863 2103 964 2156 κᾶν
1015 2105 1234 2173 καιρίαν
1261 2105 1532 2173 επήνεγκε
1559 2103 1795 2173 πληγὴν,

238 2194 316 2262 μὴ
378 2196 469 2247 ἐπὶ
540 2194 726 2262 σκοπῷ
782 2195 962 2263 μέντοι
1024 2194 1204 2262 φόνου.
1264 2194 1408 2247 Αλλά
1459 2194 1585 2264 χρὴ,
1644 2195 1797 2262 φησὶ,

233 2285 378 2338 κατά
395 2285 492 2338 τόν
536 2285 827 2338 Μωσαῖκὺν
862 2285 1044 2353 νόμον,
1096 2286 1383 2353 προσέχειν
1431 2286 1524 2336 επὶ
1552 2284 1632 2354 τῷ
1667 2284 1801 2354 πλη-

233 2373 406 2438 γέντι·
460 2374 555 2425 καὶ
587 2375 634 2424 εί
669 2373 768 2440 μὲν
833 2372 969 2441 μετά
1017 2371 1078 2423 τὸ
1132 2370 1524 2436 κατακλιθῆναι
1579 2372 1643 2422 ὲκ
1700 2371 1801 2439 τῆς

236 2465 458 2532 πληγῆς
484 2467 620 2532 πρὸς
653 2465 842 2532 ὖγείαν
897 2464 956 2516 ού
988 2463 1311 2532 προέκοψεν,
1348 2462 1481 2515 ἀλλὰ
1515 2461 1798 2530 ἐτελεύτηο

237 2571 351 2619 σεν,
379 2556 437 2618 ἐξ
465 2556 710 2623 ἀνάγκης
774 2554 1093 2608 ὑποκεῖσθαι
1121 2555 1210 2607 τὸν
1264 2553 1541 2623 πλήξαντα
1594 2553 1671 2622 τῷ
1702 2552 1798 2605 τοῦ

237 2645 500 2696 ἀκουσίου
556 2644 717 2711 φόνου
765 2645 1104 2712 ἐγκλήματι·
1162 2646 1212 2696 εί
1241 2643 1297 2696 δὲ
1346 2643 1542 2713 ἀνέστη
1585 2644 1649 2695 ὲκ
1703 2642 1801 2710 τῆς

237 2734 472 2800 πληγῆς,
513 2734 608 2784 καὶ
657 2731 1052 2801 περιεπάτησεν
1103 2731 1194 2782 ἐπὶ
1236 2732 1301 2800 τῇ
1353 2731 1537 2800 ῥάϐδῳ
1608 2730 1798 2794 αὑτοῦ,

238 2823 407 2890 ῆγουν
431 2825 508 2891 μή
558 2822 778 2882 τελείως
819 2820 1107 2890 ἀπηλλάγη
1153 2822 1252 2889 τῆς
1311 2819 1614 2884 ἀσθενείας,
1680 2815 1800 2872 εἶτα

237 2913 500 2977 ἀπέθανε,
538 2915 612 2982 μὴ
631 2911 936 2978 λογίζεσθαι
969 2912 1059 2963 τὸν
1088 2911 1368 2980 πλήξαντα
1416 2912 1600 2979 φονέα.
1638 2912 1801 2964 Ὠστε

242 3003 554 3070 σημείωσαι
590 3005 682 3055 καὶ
724 3003 831 3056 ἀπὸ
875 3001 1088 3065 τούτου,
1129 3002 1311 3064 καθὼς
1343 3004 1569 3070 εῐπομεν
1601 3004 1694 3056 καὶ
1745 3003 1802 3054 ἐν

1198 367 1276 426 lN
1319 365 1559 427 EPIST.
1587 366 1650 428 S.
1687 365 1969 426 BASILII
2006 367 2443 430 CANONICAM
2478 371 2528 429 Ι.

1817 477 1864 534 Δ

3349 368 3456 432 634

2497 476 2724 534 CANON
2768 478 2860 533 XI.

1887 567 1988 635 Qui
2022 579 2200 624 autem
2238 571 2652 624 involuntariam
2683 574 2881 626 eadem
2923 569 3072 633 fecit,
3110 571 3160 623 iu
3203 570 3457 624 undecim

1959 661 2121 713 annis
2147 659 2355 714 abunde
2383 660 2589 729 judicio
2612 661 2896 716 satisfecit.
2927 661 3141 714 Clarum
3171 669 3252 714 cst
3283 662 3458 723 enim,

1957 750 2098 818 quod
2131 753 2181 803 in
2219 751 2282 805 iis
2308 753 2402 821 qui
2429 754 2667 821 percussi
2694 762 2838 816 sunt,
2869 766 2990 820 qua
3018 751 3188 804 voluit
3222 751 3460 821 Moyses,

1961 842 2391 905 observabimus,
2427 853 2485 895 ιιι
2523 858 2644 896 eum
2677 844 2914 910 quidem.
2949 841 3036 908 qui
3079 851 3294 909 propter
3341 843 3461 908 pla-

1961 946 2080 1000 gas.
2125 948 2259 1001 quas
2303 937 2533 1001 accepit,
2571 933 2844 993 decubuit,
2882 947 3066 986 rursus
3098 944 3274 986 autem
3306 934 3461 1002 virga

1963 1037 2060 1076 sua
2093 1023 2309 1077 innixus
2339 1023 2654 1085 ambulavit,
2688 1021 2926 1075 occisum
2961 1034 3078 1074 esse
3111 1035 3215 1072 non
3251 1031 3463 1087 reputa-

1966 1112 2143 1166 bimus
2183 1129 2197 1164 :
2229 1112 2310 1165 sin
2343 1120 2520 1165 autem
2574 1120 2694 1178 post
2745 1111 2882 1163 ictus
2913 1124 3014 1163 non
3047 1109 3304 1171 surrexit,
3338 1123 3457 1161 cum

1964 1219 2084 1256 eum
2120 1213 2296 1255 tamen
2333 1201 2495 1255 nollet
2546 1199 2848 1254 interﬁcere
2888 1201 2974 1267 qui
3010 1199 3330 1257 verberavit.
3378 1209 3462 1252 est

1963 1293 2177 1363 quidem
2208 1293 2498 1358 homicida,
2534 1291 2626 1346 sed
2663 1288 3056 1344 iuvoluntarius
3085 1299 3302 1357 propter
3331 1302 3462 1356 pro-

1965 1381 2224 1447 positum.

1966 1470 2165 1526 BALS.
2223 1471 2713 1541 Quinquagesimus
2763 1470 3026 1537 septimus
3075 1483 3247 1522 canon
3300 1466 3463 1534 huius

1897 1565 2066 1618 sancti
2095 1561 2272 1617 Patris
2305 1578 2418 1624 eos.
2452 1561 2544 1630 qui
2582 1561 2994 1616 involnntariam
3023 1563 3222 1616 caedem
3265 1560 3470 1622 fecere,

1899 1654 2083 1709 decem
2110 1654 2265 1708 annis
2295 1669 2322 1706 a
2349 1653 2653 1706 divinorum
2680 1663 3141 1706 sacramentorum
3172 1651 3468 1718 participa-

1901 1743 2045 1795 tione
2073 1752 2309 1808 separat.
2343 1743 2586 1796 Przesens
2611 1750 2790 1794 autem
2819 1755 2991 1794 canon
3022 1739 3170 1800 dicit.
3199 1753 3345 1798 eum.
3371 1740 3465 1807 qui

1898 1847 2008 1887 non
2037 1833 2208 1887 solum
2244 1834 2532 1900 decennio,
2559 1834 2653 1888 sed
2682 1833 2842 1886 etiam
2876 1830 3125 1884 undecim
3160 1830 3336 1892 annis,
3370 1844 3464 1882 sa-

1900 1924 2198 1978 cramentis
2240 1938 2346 1977 non
2391 1921 2827 1986 communicavit,
2871 1919 3288 1973 involuntarinm
3323 1919 3468 1971 occi-

1901 2028 2076 2067 sorem
2109 2013 2241 2067 satis
2287 2026 2557 2082 superque
2595 2011 2809 2066 fecisse.
2851 2009 3053 2063 Deinde
3083 2006 3288 2071 adjicit,
3341 2023 3466 2061 eum

1901 2118 2006 2157 non
2057 2102 2178 2157 ideo
2219 2111 2278 2156 ut
2323 2101 2648 2156 homicidam
2685 2099 3057 2161 condemnari.
3105 2099 3196 2166 qui
3232 2098 3468 2165 aliquem

1901 2193 2190 2260 percussit,
2225 2193 2440 2247 etiamsi
2488 2192 2738 2246 lcthalem
2788 2190 2994 2258 plagam
3036 2187 3316 2254 indixerit,
3361 2204 3470 2244 non

1909 2289 2087 2334 tamen
2133 2295 2256 2335 cum
2299 2281 2576 2335 occidendi
2618 2281 2894 2350 ιιι-οροείιο
2930 2297 2943 2331 :
2980 2281 3070 2332 sed
3118 2289 3351 2345 oportet,
3394 2279 3473 2333 in-

1899 2370 2036 2440 quit,
2053 2374 2346 2426 secundum
2369 2372 2536 2441 legem
2562 2372 2872 2433 llosaicam,
2896 2371 3033 2436 ejus,
3057 2371 3147 2438 qui
3179 2383 3470 2438 percussus

1902 2471 2004 2516 est.
2033 2462 2296 2516 rationem
2331 2461 2553 2526 habere,
2581 2470 2659 2524 et.
2689 2462 2734 2515 si
2766 2469 3046 2530 postquam
3077 2461 3142 2512 ab
3171 2459 3278 2511 ictu
3309 2460 3472 2512 decu-

1903 2554 2040 2619 buit,
2066 2567 2172 2606 non
2202 2553 2496 2615 convaluit,
2526 2554 2619 2608 sed
2652 2563 2899 2605 mortuus
2921 2559 3026 2611 est,
3051 2549 3095 2601 is
3126 2549 3220 2617 qui
3254 2561 3475 2614 percus-

1902 2645 1975 2697 sit
1990 2645 2361 2698 involuntariat
2379 2645 2539 2697 caedis
2556 2643 2802 2700 crimine.
2821 2655 3038 2695 necessa
3048 2640 3144 2700 rio,
3166 2638 3432 2692 tenebitur
3451 2653 3469 2690 :

1903 2737 1985 2789 sin
2027 2745 2204 2788 autem
2259 2734 2327 2788 ab
2360 2735 2467 2787 ictu
2509 2734 2768 2794 surrexit,
2812 2740 2868 2783 et
2912 2731 3058 2800 virga
3109 2744 3206 2783 sua
3250 2729 3473 2782 innixus

1905 2827 2222 2888 ambulavit.
2255 2826 2358 2880 hoc
2389 2837 2492 2888 est,
2523 2840 2630 2878 non
2665 2826 2899 2892 perfecte
2927 2837 2956 2875 a
2996 2819 3182 2875 morbo
3215 2829 3300 2874 est
3335 2819 3470 2874 libe-

1907 2929 2080 2978 ratus.
2107 2917 2302 2971 deinde
2333 2926 2576 2970 mortuus
2605 2924 2726 2979 est;
2756 2927 2876 2967 eum
2907 2913 2996 2980 qui
3039 2911 3327 2980 percussit,
3365 2925 3470 2964 non

1907 3009 2145 3078 reputari
2199 3018 2256 3062 ut
2291 3008 2634 3062 homicidam.
2681 3006 2861 3071 Quare
2900 3015 3025 3057 ncta
3069 3006 3227 3056 etiam
3271 3017 3333 3055 ex
3370 3002 3472 3056 hoc

238 3094 318 3160 τῷ
356 3099 409 3160 η’
459 3093 690 3155 κανόνι,
737 3093 828 3144 τὸν
893 3091 1144 3145 ἀκούσιον
1197 3093 1354 3157 φόνον
1409 3094 1471 3144 ἐκ
1528 3093 1621 3145 τοῦ
1669 3093 1800 3144 ἀπο-

1906 3099 2358 3169 quemadmodum
2394 3098 2630 3150 diximus
2661 3103 2716 3149 et
2745 3095 2796 3146 in
2826 3109 2944 3148 can.
2979 3093 3012 3147 8
3044 3092 3463 3145 involuntariam

239 3185 572 3251 τελέσματος
624 3181 1037 3251 ἀναφαίνεσθαι.
1116 3182 1216 3233 Διά
1286 3181 1443 3233 τοῦτο
1495 3181 1602 3250 γάρ
1677 3180 1800 3233 οὐδὲ

243 3277 342 3345 τήν
389 3275 606 3345 πληγὴν
663 3265 1156 3342 περιεργαζόμεθα,
1193 3275 1301 3325 εἴτε
1351 3273 1522 3341 μικρὰ
1555 3273 1798 3340 γέγονεν,

242 3365 353 3415 εἴτε
413 3365 650 3433 μεγάλη,
705 3363 840 3415 ἀλλά
895 3361 989 3413 τὸν
1033 3363 1096 3413 έκ
1130 3362 1228 3430 τῆς
1277 3361 1490 3430 πληγῆς
1529 3363 1756 3415 θάνατον
1783 3377 1796 3391 ·

242 3451 488 3518 ὥσπερό
515 3451 762 3513 ἑκούσιος
810 3455 968 3518 φόνος
1013 3453 1075 3503 ὲκ
1137 3452 1304 3518 μόνης
1352 3452 1450 3519 τῆς
1492 3453 1802 3520 προθέσεως

244 3545 659 3608 κατακρίνεται,
719 3542 822 3595 κᾶν
882 3541 955 3610 μὴ
1015 3540 1189 3609 προϐῇ
1251 3540 1621 3607 ἀποτέλεσμα,
1684 3543 1802 3611 ἦτοι

244 3637 494 3695 θάνατος.
536 3633 850 3700 Σημείωσαι
890 3631 945 3684 δὲ
983 3631 1090 3684 ἀπὺ
1150 3630 1244 3682 τοῦ
1278 3630 1543 3698 παρόντος
1579 3635 1800 3693 κανόνος

245 3724 328 3776 δτι
359 3725 454 3776 επὶ
473 3722 570 3776 τοῦ
607 3722 862 3774 ἀκουσίου
897 3721 1058 3788 φόνου
1090 3721 1277 3782 κακῶς
1317 3736 1462 3782 τινες
1488 3721 1802 3789 πολυπραγ-

248 3815 468 3886 μονοῦσι
522 3818 662 3868 κατα
707 3813 863 3866 ποίαν
919 3814 1132 3882 ἡμέραν
1173 3814 1204 3878 ή
1255 3811 1438 3880 πληγὴ
1504 3811 1801 3880 ὲπηνέχθη,

244 3913 335 3958 καὶ
366 3909 504 3972 μετὰ
537 3905 708 3962 πόσας
735 3904 947 3973 ἡμέρας
998 3903 1406 3972 ἐπηκολούθησε
1433 3905 1510 3970 τῷ
1542 3904 1802 3969 πληγέντι

243 3999 274 4048 6
317 3997 566 4058 θάνατος.
604 3994 720 4048 Κᾶν
769 3994 878 4062 γὰρ
916 3995 1080 4055 πολὺς
1126 3993 1368 4061 παρῆλθε
1399 3994 1535 4062 μετά
1593 3993 1803 4063 πληγὴν

247 4091 457 4156 καιρδς,
499 4089 647 4150 ὅμως
687 4086 743 4137 δὲ
783 4087 844 4135 ὲκ
881 4087 979 4147 τῆς
1054 4084 1227 4144 αἰτίας
1267 4083 1453 4134 ἔθανεν
1486 4086 1512 4135 6
1546 4082 1644 4151 τὴν
1669 4085 1804 4151 πλη-

249 4180 352 4244 γὴν
399 4177 662 4237 ὑποστὰς.
705 4175 855 4227 οὐδὲν
903 4169 1064 4243 ἦττον
1123 4174 1376 4239 γενέσθαι
1435 4175 1665 4241 λέγομεν
1715 4175 1804 4227 τὸν

251 4267 510 4321 ἀκούσιον
558 4266 738 4332 φόνον.
816 4264 1116 4329 Ἀνάγνωθι
1187 4263 1279 4313 καὶ
1336 4262 1424 4312 τὸν
1483 4269 1530 4328 η’
1605 4262 1802 4312 κανόνα

247 4358 339 4411 τοῦ
396 4357 553 4424 ἁγίου
613 4354 802 4408 τούτου
845 4350 1057 4421 Πατρὸς
1086 4391 1101 4415 ,

249 4449 418 4503 αὑτοῦ

319 4539 563 4592 ΖΩΝΑΡ.
611 4535 888 4590 ’Δκούσιόν
941 4549 1026 4594 τις
1091 4531 1313 4599 εποίησε
1377 4529 1557 4597 φόνον,
1603 4530 1694 4582 καὶ
1719 4530 1808 4582 ἓν·-

247 4633 375 4683 δεκι
427 4627 701 4682 διεϐίϐασε
749 4626 974 4696 χρόνους
1035 4623 1435 4691 ἀφωρισμένος.
1515 4621 1804 4690 Ἥρωτήθη

248 4723 343 4779 οὖν
375 4727 403 4778 6
431 4725 588 4791 ἅγιος
610 4722 775 4790 είχρὴ
839 4719 1065 4787 λυθῆναι
1087 4717 1248 4769 αὑτὸν
1301 4715 1395 4767 τοῦ
1416 4715 1617 4783 δεσμοῦ
1650 4730 1664 4740 ·
1708 4714 1805 4766 καὶ

247 4814 586 4882 ἀπεκρίνατο
633 4811 715 4862 ὅτι
745 4811 802 4861 ὲν
846 4809 958 4870 τοῖς
1009 4807 1203 4859 ἕνδεκα
1261 4805 1438 4856 ἔτεσιν
1485 4802 1803 4870 ἀρκούντως

247 4905 595 4970 εξεπλήρωσε
654 4898 750 4970 τὴν
798 4898 975 4965 δίκην,
1031 4897 1196 4966 ἧγουν
1236 4895 1334 4962 τὴν
1375 4893 1669 4961 τιμωρίαν.
1726 4891 1810 4944 Td.

249 4996 304 5048 δὲ
335 4993 528 5047 ἕνδεκα
597 4989 692 5056 Em
757 4986 929 5051 εἶπεν,
987 4991 1082 5054 οὐχ
1115 4986 1186 5046 ὡς
1211 4984 1450 5049 τοσούτῳ
1511 4983 1687 5052 χρόνῳ
1715 4984 1808 5036 τοῦ

250 5087 522 5146 ἀκουσίως
547 5082 906 5152 φονεύσαντος
963 5079 1388 5148 επιτιμωμένουο
1419 5077 1666 5130 δεκαετία
1693 5076 1802 5144 γὰρ

251 5174 549 5235 ότοιοῦτος
603 5172 920 5238 ἐπιτιμᾶται
986 5169 1128 5221 κατά
1189 5169 1278 5220 τὸν
1326 5167 1399 5228 νζ⁹
1455 5169 1656 5219 κανόνα
1710 5163 1806 5217 τοῦ

256 5266 489 5334 μεγάλου
523 5263 711 5313 τούτου
750 5261 981 5328 Πατρός·
1009 5257 1124 5309 ἀλλ’
1166 5258 1240 5318 ὡς
1272 5255 1417 5308 οὕτω
1449 5256 1540 5308 τού
1598 5256 1804 5322 φάκτου

251 5355 487 5423 ἔχοντος.
542 5346 679 5404 Εῐτά
735 5365 899 5417 φησιν
926 5351 1006 5400 ὅτι
1038 5350 1094 5400 ὲν
1120 5351 1231 5408 τοῖς
1267 5347 1522 5414 πληγεῖσι
1550 5347 1645 5396 καὶ
1670 5346 1804 5397 ἀπο-

253 5441 472 5496 θανοῦσι
515 5437 1002 5504 παρατηρήσομεν,
1057 5435 1174 5502 ήτοι
1216 5431 1805 5501 παραφυλάξομεν,τὸν

253 5533 413 5596 νόμον
468 5528 562 5578 τὸν
619 5525 930 5586 Μωοαϊκὺν,
977 5523 1124 5585 ὅστις
1165 5522 1331 5590 ὥρισε
1389 5523 1480 5574 τὸν
1535 5520 1807 5589 πληγέντα

255 5620 405 5689 παρά
452 5634 598 5679 τινος
626 5619 716 5668 καὶ
744 5615 1132 5668 κατακλιθέντα
1179 5614 1266 5665 διὰ
1298 5613 1394 5675 τὰς
1426 5613 1662 5682 πληγὰς,
1709 5615 1806 5665 ἐὰν

258 5712 392 5764 μετὰ
412 5710 588 5763 ταῦτα
616 5706 901 5774 ἐξαναστῇ,
935 5708 1027 5758 καὶ
1059 5707 1402 5772 περιπατήσῃ
1433 5703 1600 5772 snt-:3
1631 5704 1808 5772 ῥάϐδῳ

1180 4354 1274 4404 καὶ
1335 4351 1434 4419 τὴν
1487 4350 1790 4420 ἑρμηνείαν

1836 4401 1882 4456 D

1905 3190 2103 3244 eadem
2133 3203 2199 3243 ex
2228 3185 2420 3241 ellectu
2468 3186 2705 3241 ostendi.
2750 3184 3041 3252 Propterea
3087 3182 3232 3237 enim
3271 3196 3368 3236 nec
3404 3181 3470 3233 de

1905 3279 2011 3333 ictu
2045 3278 2374 3341 laboramus,
2421 3293 2487 3330 an
2531 3277 2604 3332 sit
2634 3290 2856 3343 parvus,
2900 3289 2968 3326 an
3003 3288 3248 3339 magnus,
3280 3272 3372 3325 sed
3404 3274 3471 3325 de

1905 3377 2076 3424 morte
2105 3383 2223 3437 quae
2262 3383 2326 3423 ex
2355 3370 2463 3422 ictu
2497 3365 2780 3434 processit,
2812 3372 2870 3416 ut
2898 3364 3073 3417 caedes
3101 3362 3406 3415 voluntaria
3437 3375 3465 3414 a

1904 3460 2177 3527 proposito
2205 3457 2318 3511 solo
2343 3456 2632 3522 iudicatur,
2664 3451 2872 3506 etiamsi
2906 3450 3128 3504 ell'cctus
3159 3451 3272 3503 sive
3301 3463 3454 3502 mors

1906 3549 2125 3603 minime
2153 3556 2430 3616 sequatur.
2478 3545 2610 3598 Nota
2654 3551 2832 3596 autem
2873 3557 2939 3596 ex
2971 3541 3218 3608 praesenti
3253 3554 3462 3592 canone

1904 3640 2046 3708 quod
2078 3640 2134 3693 in
2165 3639 2307 3692 caede
2343 3633 2700 3689 involuntaria
2746 3632 2985 3686 nonnulli
3019 3631 3130 3701 69
3159 3631 3300 3683 male
3340 3639 3466 3682 sunt

1905 3731 2129 3784 nimium
2163 3728 2387 3788 curiosi,
2418 3734 2720 3795 qtmrentes
2747 3737 2855 3791 quo
2882 3724 2970 3776 die
3001 3729 3319 3774 vulneratus
3359 3729 3465 3784 est,

1904 3829 1958 3875 et
2006 3827 2128 3886 post
2173 3827 2304 3887 quot
2349 3817 2463 3871 dies
2509 3831 2652 3877 eum,
2698 3815 2788 3882 qui
2840 3827 3127 3882 percussus
3170 3824 3274 3876 est,
3325 3827 3472 3866 mors

1903 3919 2193 3966 consecuta
2221 3919 2300 3963 est
2331 3927 2344 3963 :
2371 3909 2474 3962 etsi
2507 3909 2648 3962 enim
2677 3908 2892 3976 longum
2923 3917 3130 3974 tempus
3156 3915 3271 3974 post
3303 3906 3467 3958 ictum

1903 4000 2239 4068 praeterierit,
2257 4014 2320 4052 ex
2337 4000 2436 4054 hac
2457 4009 2634 4054 tamen
2656 4015 2812 4053 causa
2832 4007 3069 4051 mortuus
3089 4007 3169 4051 cst
3192 3997 3279 4066 qui
3309 3997 3469 4048 it-tmn

1903 4091 2175 4154 sustinuit,
2207 4091 2373 4144 nihilo
2399 4091 2576 4144 secius
2627 4090 2821 4144 factam
2856 4103 2975 4144 esse
3003 4089 3230 4141 dicimus
3272 4087 3471 4139 caedem

1904 4181 2346 4235 involuntariam.
2400 4180 2542 4250 Lege
2589 4188 2645 4235 et
2693 4194 2956 4234 canouem
3009 4179 3042 4232 8
3088 4178 3246 4247 hujus
3295 4176 3470 4230 sancti

1904 4271 2098 4332 Patris.
2127 4281 2181 4326 et
2211 4270 2330 4338 ejus
2365 4269 2890 4338 interpretationem.

1981 4523 2233 4578 ZONAR.
2275 4523 2698 4577 lnvoluntariam
2733 4522 2854 4590 quis
2893 4521 3091 4574 caedem
3127 4518 3380 4586 patravit,
3409 4531 3474 4571 ac

1914 4615 2158 4668 undecim
2190 4628 2362 4667 annos
2408 4613 2667 4680 transegit
2701 4618 3036 4678 segregatus.
3082 4609 3318 4677 Rogatus
3372 4607 3473 4662 l‘nit

1912 4719 2039 4775 ergo
2062 4714 2277 4759 sanctus
2304 4705 2406 4768 vir,
2432 4720 2497 4756 an
2524 4704 2674 4756 illum
2703 4718 2766 4757 eo
2789 4701 2999 4755 vinculo
3023 4702 3157 4754 solvi
3181 4709 3425 4768 oporteat
3453 4717 3469 4754 :

1914 4795 2291 4862 responditque
2321 4793 2570 4846 undecim
2600 4807 2866 4845 annorum
2900 4790 3076 4857 spatio
3104 4790 3238 4842 satis
3269 4788 3473 4856 suppli-

1913 4885 1983 4938 cii
2031 4884 2215 4948 luisse,
2248 4885 2383 4938 satis
2429 4897 2733 4953 ptenarum.
2781 4880 3042 4936 Undecim
3090 4892 3250 4946 porro
3304 4893 3474 4931 annos

1913 4975 2070 5037 dixit,
2117 4991 2221 5029 non
2268 4974 2408 5042 quod
2451 4981 2599 5025 tanto
2656 4983 2918 5037 tempore,
2971 4971 3059 5036 qui
3113 4969 3472 5022 involuntarie

1914 5065 2131 5127 occidit,
2159 5066 2421 5134 puniatur
2457 5079 2472 5117 :
2503 5063 2823 5116 decennium
2857 5075 3086 5126 namque
3121 5061 3268 5112 hisce
3301 5059 3472 5111 homi-

1913 5155 2090 5216 nibus,
2124 5151 2570 5220 quinquagesimo
2603 5149 2830 5215 septimo
2860 5162 3064 5200 canone
3101 5146 3258 5212 hujus
3291 5145 3466 5212 magni

1913 5247 2109 5309 Patris,
2149 5246 2328 5298 multa
2377 5244 2591 5298 nomine
2625 5242 2976 5296 constitutum
3013 5248 3094 5292 est
3139 5255 3152 5292 :
3189 5240 3281 5292 sed
3327 5237 3467 5305 quod

1914 5340 1985 5393 ita
2017 5353 2134 5392 sese
2164 5351 2250 5390 res
2276 5337 2327 5390 in
2352 5336 2455 5388 hoc
2484 5333 2701 5388 homine
2737 5331 2980 5384 haberet.
3019 5324 3218 5381 Deinde
3247 5327 3464 5388 asserit,

1913 5433 1966 5487 in
2001 5433 2068 5486 iis
2095 5431 2183 5498 qui
2215 5429 2451 5498 percussi
2475 5443 2538 5480 ac
2569 5425 2762 5480 mortui
2799 5430 2944 5486 sunt,
2979 5420 3338 5481 retinendam,
3369 5419 3470 5470 hoc

1913 5534 1994 5579 est
2027 5521 2345 5579 servandam
2383 5533 2502 5574 esse
2533 5517 2824 5571 Mosaicam
2857 5515 3049 5583 legem,
3080 5527 3198 5579 quas
3233 5509 3470 5565 decrevit

1915 5615 2208 5677 hominem,
2259 5611 2346 5680 qui
2393 5626 2422 5661 a
2471 5623 2721 5678 quopiam
2774 5619 3060 5674 percussus
3094 5613 3193 5665 est,
3243 5614 3469 5668 moxque

1927 5704 2201 5770 decubuit,
2233 5705 2276 5757 si
2311 5710 2493 5770 postea
2530 5714 2560 5749 ο
2599 5697 2797 5753 lectulo
2824 5693 3124 5752 surrexerit
3153 5692 3466 5746 ambulave-
