4018 6440
186 389 288 453 637

1165 386 1248 450 IN
1282 385 1528 450 EPIST.
1569 387 1629 447 S.
1657 381 1948 446 BASILII
1983 385 2430 450 CANONICAM
2472 392 2522 452 Ι.

3367 393 3472 457 C38

185 510 294 557 τῶν
345 499 859 573 αἰχμαλωτισθῆναι
905 500 1137 554 πιστῶν.
1193 494 1367 566 Οὗτος
1423 503 1479 556 δὲ
1514 505 1542 556 ὁ
1591 502 1772 558 κανὼν

1885 516 2059 564 autem
2113 527 2286 568 canon
2321 510 2490 565 divini
2537 508 2715 564 Patris
2751 508 3033 564 sanctitati
3080 506 3472 564 convenienter

183 596 358 660 ἀξίως
421 596 520 664 μὶν
547 597 614 666 τῇ
655 594 1024 665 ἀγιοπρεπεία
1069 596 1166 648 τοῦ
1201 596 1350 649 θείου
1407 597 1626 666 Πατρδς
1657 599 1774 663 ἐξε-

182 686 343 754 τέθη,
372 687 473 740 οὐκ
502 688 717 757 ἑνεργεῖ
770 687 846 750 δὲ,
881 687 966 740 διὰ
1009 687 1068 739 τὸ
1129 689 1486 757 συμπίπτειν,
1535 691 1583 742 εί
1613 689 1775 743 τοῦτο

185 778 345 849 δοθῇ,
373 777 645 849 μηδέποτε
668 779 796 841 τοὺς
824 779 1168 848 στρατιώτας
1199 782 1642 850 μεταλαμϐάνειν
1663 782 1773 835 τῶν

185 872 351 925 θείων
428 872 786 940 ἀγιασμάτων
829 872 1088 941 πολέμοις
1159 873 1589 945 ἀλλεπαλλήλοις
1659 878 1772 929 evo-

187 963 542 1034 χλουμένους,
577 965 674 1016 καὶ
732 963 1095 1032 ἀναιροῦντας
1127 968 1256 1027 τοὺς
1296 969 1775 1040 πολεμίους,ὃπερ

186 1058 340 1108 ἐστὶν
394 1057 687 1126 ἀφόρητον.
757 1055 1072 1125 Γέγραπται
1116 1057 1171 1110 δὲ
1240 1058 1316 1120 ώς
1366 1060 1462 1113 τοῦ
1512 1058 1776 1129 βασιλέως

187 1148 404 1200 ἐκείνου
435 1147 601 1201 Φωκᾶ
662 1148 941 1214 ἀξιοῦντος
999 1150 1140 1218 μετὰ
1180 1152 1479 1221 μαρτύρων
1513 1155 1773 1224 συναριθ-

190 1242 418 1309 μεῖσθαι
473 1242 600 1302 τοὺς
668 1241 725 1292 ἐν
764 1242 1025 1308 πολέμοις
1075 1243 1528 1312 ἀναιρουμένους,
1565 1247 1616 1297 οἱ
1652 1247 1773 1300 τότε

185 1333 499 1401 ἀρχιερεῖς,
533 1331 609 1400 τῷ
636 1333 826 1386 κανόνι
858 1333 1035 1403 τούτῳ
1065 1337 1426 1406 χρησάμενοι,
1462 1339 1559 1408 τὴν
1615 1341 1774 1410 βασι-

185 1422 346 1492 λικὴν
409 1423 663 1477 ἔνστασιν
709 1427 1110 1495 κατεσίγησαν,
1145 1428 1382 1496 φάμενοι
1409 1447 1425 1463 ·
1496 1432 1620 1494 Πῶς
1659 1435 1775 1497 τοῖς

188 1513 432 1584 μάρτυσι
465 1514 952 1584 συναριθμήσομεν
977 1519 1104 1579 τοὺς
1122 1520 1182 1571 ὲν
1202 1519 1462 1589 πολέμοις
1481 1524 1771 1590 πεσόντας,

184 1603 283 1666 οῦς
328 1607 357 1658 ό
389 1605 563 1673 μέγας
593 1606 878 1671 Βασίλειος
921 1608 996 1672 ὡς
1033 1609 1108 1680 μὴ
1143 1611 1423 1681 καθαροὺς
1455 1616 1553 1677 τὰς
1584 1619 1775 1686 κείρας

185 1697 278 1749 ἰπὶ
309 1700 555 1766 τριετίαν
613 1698 856 1753 ἐκώλυσε
893 1701 1000 1754 τῶν
1045 1703 1410 1774 ἀγιασμάτων
1439 1725 1453 1772 ;
1487 1709 1776 1778 Διαφόρων

184 1793 242 1846 δὲ
276 1794 472 1863 ίερέων
506 1795 911 1864 παραστάντων
957 1799 1255 1864 συνοδικῶς
1293 1802 1437 1855 κατά
1487 1803 1775 1871 βασιλικὸν

183 1885 446 1952 ὁρισμὸν,
481 1885 620 1939 ἀλλά
648 1886 755 1956 μὴν
779 1889 874 1942 καὶ
895 1890 1202 1942 ἐπισκόπου
1257 1891 1429 1956 τινὸς,
1458 1895 1552 1947 καὶ
1582 1896 1776 1962 ἐξομο-

187 1973 468 2044 λογησαμέ
475 1993 582 2031 νων
601 1980 743 2030 κατά
760 1978 1038 2048 πολεμίων
1057 1980 1442 2053 συμπλακῆναι
1465 1987 1553 2037 καὶ
1570 1986 1779 2038 ἀνελεῖν

186 2066 416 2131 πολλοὺς
452 2068 511 2134 ἐξ
542 2069 742 2132 αὐτῶν,
768 2073 800 2141 ἡ
823 2071 923 2141 μὲν
961 2071 1081 2125 θεία
1116 2075 1214 2127 καὶ
1245 2075 1367 2144 ίερὰ
1399 2076 1616 2140 σύνοδος
1648 2080 1780 2131 ἀκο-

186 2158 392 2222 λούθως
423 2161 502 2230 τῷ
556 2163 739 2215 κανόνι
800 2164 974 2233 τούτῳ
1033 2167 1128 2219 καὶ
1190 2167 1268 2236 τῷ
1327 2166 1418 2237 μγ⁹
1449 2170 1545 2222 τοῦ
1610 2172 1776 2225 αὐτοῦ

185 2251 345 2317 ἁγίου
382 2254 478 2305 καὶ
536 2253 753 2322 ἑτέραις
806 2253 981 2317 θείαις
1036 2256 1324 2324 διαταγαῖς
1350 2258 1508 2330 ἦθελε
1575 2264 1777 2331 μηκέτι

189 2345 384 2408 αὐτοὺς
435 2345 793 2415 ἱερουργῆσαι
836 2363 850 2376 ·
888 2346 938 2399 οἱ
995 2347 1215 2412 πλείους
1241 2349 1317 2416 δὲ,
1368 2352 1459 2403 καὶ
1493 2353 1694 2422 μᾶλλον
1725 2355 1778 2406 οἱ

190 2438 774 2507 στρατιωτικώτεροι,
830 2440 926 2491 καὶ
975 2440 1251 2510 βραϐείων
1310 2443 1509 2506 αὐτοὺς
1591 2445 1776 2511 ἀξίους

188 2525 322 2582 εἶναι
355 2529 708 2584 διενίσταντο.
759 2530 952 2584 Πολλοὶ
1003 2532 1081 2596 δὲ,
1121 2533 1405 2596 ἀνελόντες
1451 2535 1776 2606 ἀνθρώπους

187 2623 243 2673 ὲν
268 2622 346 2689 τῷ
383 2621 561 2690 καιρῷ
597 2622 696 2689 τῆς
729 2622 867 2691 μετὰ
898 2622 1111 2690 ῥάϐδων
1142 2625 1441 2695 παιγνικῆς
1472 2627 1772 2698 συμϐολῆς,

191 2712 330 2778 μετὰ
366 2713 575 2779 φονέων
603 2712 964 2780 ἐλογίσθησαν
1008 2715 1527 2783 ἑκουσιοακουσίων,
1558 2715 1648 2774 οἷα
1677 2719 1772 2774 τοῦ

185 2802 430 2855 τοιούτου
457 2805 709 2871 παιγνίου
733 2804 808 2874 μὴ
823 2805 977 2868 ὄντος
989 2806 1097 2859 ἀπὸ
1116 2807 1225 2858 τῶν
1255 2809 1775 2880 ὲπιγινωσκομένων

189 2891 352 2944 πέντε
381 2892 461 2955 τῷ
486 2892 638 2962 νόμῳ
685 2894 975 2961 παιγνίων,
1015 2895 1123 2948 τών
1153 2897 1246 2950 καὶ
1275 2896 1504 2964 ἀγώνων
1539 2898 1774 2969 λεγομέ-

190 3003 317 3048 νων,
354 2985 531 3054 ἧγουν
594 2986 695 3053 τῆς
734 2987 983 3056 πυγμῆς,
1022 2986 1117 3041 τοῦ
1143 2988 1370 3057 δρόμου,
1402 2990 1495 3042 τοῦ
1520 2991 1776 3060 πηδήμα-

187 3091 298 3137 τος,
357 3075 454 3128 τοῦ
516 3076 726 3138 δίσκου,
776 3079 869 3132 καὶ
927 3078 1027 3147 τῆς
1071 3078 1614 3149 παλαίστρας-’ὥστε
1636 3087 1684 3136 οἱ
1714 3085 1775 3135 ἐν

188 3167 302 3228 τοῖς
328 3165 593 3229 τοιούτοις
624 3169 900 3236 παιγνίοις
935 3169 1257 3236 φονεύοντες
1281 3171 1341 3222 οὐ
1409 3175 1775 3244 προκριματί-
1802 3195 1847 3253 α

188 3254 394 3319 ζονται.

261 3349 512 3403 ΖΩΝΔΡ.
544 3349 620 3402 υῦ
666 3348 790 3402 κατ’
833 3349 1098 3419 ἐπιταγὴν
1129 3351 1156 3403 ὀ
1188 3351 1344 3417 ἅγιός
1373 3369 1506 3422 φησι
1530 3354 1656 3416 τοὺς
1714 3355 1774 3405 ὲν

195 3439 456 3508 πολέμοις
505 3441 869 3511 ἀναιροῦντας
909 3442 1006 3494 ἐπὶ
1066 3441 1310 3510 τριετίαν
1351 3443 1652 3512 ἀπέχεσθαι
1679 3446 1776 3512 τῆς

192 3535 503 3597 κοινωνίας,
567 3533 699 3586 ³ιλλά
753 3533 898 3586 κατά
963 3535 1303 3604 συμϐουλήν.
1365 3535 1510 3604 Πλὴν
1544 3535 1775 3605 φορτικὴ

189 3628 338 3680 δοκεῖ
365 3627 672 3696 συμϐουλή.
732 3627 983 3697 Συμϐαίη
1031 3629 1141 3697 γὰρ
1175 3629 1242 3680 ἂν
1292 3631 1356 3681 ἐκ
1373 3627 1578 3697 ταύτης
1609 3628 1774 3696 μηδέο

192 3733 320 3770 ποτε
356 3719 484 3780 τοὺς
512 3719 852 3786 στρατιώτας
893 3720 1220 3788 μεταλαϐεῖν
1243 3719 1351 3772 τῶν
1380 3721 1540 3773 θείων
1561 3720 1772 3790 δώρων,

192 3811 285 3861 καὶ
332 3810 570 3878 μάλιστα
599 3809 730 3873 τοὺς
785 3809 984 3880 θάρσος
1018 3813 1466 3880 ἐνδεικνυμένους
1494 3813 1590 3864 καὶ
1647 3814 1774 3880 ἀρι-

194 3905 361 3963 στεῖς.
396 3902 471 3954 Uti
505 3901 616 3968 γὰρ
640 3901 705 3955 ἀν
746 3918 878 3954 ποτε
935 3905 1114 3971 σχοῖεν
1177 3903 1362 3954 ἄδειαν
1389 3905 1480 3954 ἐπὶ
1534 3903 1776 3972 τριετίαν

192 3991 494 4062 ἠρεμῆσαι.
529 3991 590 4042 El
638 3990 770 4058 γοῦν
791 3993 842 4042 οἱ
867 3992 1122 4058 πολέμοις
1171 3991 1601 4059 ἀλλεπαλλήλοις
1654 4007 1777 4058 σχο-

192 4079 469 4145 λάζοντες,
508 4081 601 4132 καὶ
629 4077 983 4149 ἀναιροῦντες
1011 4083 1136 4143 τοὺς
1162 4081 1473 4148 πολεμίους,
1497 4082 1772 4149 είργονται

191 4172 289 4241 τῆς
325 4170 634 4234 κοινωνίας,
698 4171 910 4224 ἔσονται
970 4171 1057 4224 διὰ
1110 4171 1224 4240 βίου
1287 4172 1641 4241 στερούμενοι
1677 4174 1777 4239 τῆς

192 4263 284 4318 τοῦ
315 4262 527 4332 ἀγαθοῦ
589 4263 966 4332 μεταλήψεως.
1021 4263 1197 4332 Ὅπερ
1255 4265 1611 4332 Χριστιανοτς
1647 4263 1781 4331 ἀφό-

196 4375 356 4428 ρητος
408 4358 654 4416 κόλασις.
715 4355 816 4407 Διά
844 4355 896 4406 τί
950 4354 1007 4407 δὲ
1043 4355 1143 4417 τὰς
1197 4358 1388 4424 χεῖρας
1435 4356 1498 4409 οὐ
1544 4355 1779 4422 καθαροὶ

194 4451 437 4519 κριθετεν
463 4449 514 4500 οἱ
536 4449 677 4514 ὑπὲρ
701 4445 794 4497 τοῦ
824 4444 1219 4514 πολιτεύματος
1261 4446 1355 4497 καὶ
1392 4445 1502 4498 τῶν
1534 4444 1775 4514 ἀδελφῶν

195 4541 612 4610 ἀγωνιζόμενοι,
650 4539 736 4590 ἵνα
770 4537 844 4606 μὴ
871 4537 1127 4607 ληφθείεν
1157 4540 1269 4599 τοῖς
1295 4539 1595 4606 πολεμίοις,
1620 4539 1652 4609 ἢ
1689 4539 1776 4591 ἶνα

197 4631 734 4704 αἰχμαλωτισθέντας
760 4629 1332 4698 ὲλευθερώσωσιν;Εί
1388 4632 1496 4698 γὰρ
1534 4630 1783 4699 φονεύειν

196 4726 319 4788 τοὺς
379 4723 705 4793 Βαρϐἀρους
755 4721 1261 4791 εὑλαϐηθήσονται,
1319 4723 1394 4785 ὡς
1443 4723 1544 4786 τάς
1596 4725 1785 4792 χεῖρας

194 4816 446 4869 ἰντεῦθεν
479 4814 808 4881 μιαίνοντες,
842 4812 1120 4880 οἰχήσεται
1161 4811 1479 4879 ξύμπαντα,
1522 4813 1616 4862 καὶ
1644 4827 1784 4877 κρα-

198 4911 459 4978 τήσουσιν
489 4908 538 4957 oi
573 4904 840 4973 βάρϐαροι
874 4905 1091 4956 πάντων
1118 4920 1132 4934 ·
1168 4903 1204 4956 ἀ
1241 4906 1332 4954 καὶ
1360 4905 1408 4956 οἱ
1447 4903 1615 4955 πάλαι
1667 4903 1782 4954 Πα-

202 5002 360 5070 τέρες
415 4998 794 5065 λογισάμενοι,
857 4995 917 5047 οὐ
968 4995 1079 5056 τοῖς
1122 4995 1346 5063 φονεῦσι
1379 4993 1786 5062 συγκατέλεξαν

201 5095 326 5154 τοὺς
373 5097 434 5145 ὲν
484 5089 742 5156 πολέμοις
799 5087 1164 5154 φονεύοντας,
1223 5087 1787 5154 συγγνωμονῆσαντες

203 5188 410 5247 αὐτοῖς,
447 5183 524 5244 ὡς
549 5174 704 5242 οὗτος
756 5179 959 5249 ἔφησεν
983 5179 1011 5230 ὁ
1038 5178 1214 5245 ἅγιος,
1277 5177 1352 5240 ὡς
1380 5178 1517 5244 ὑπὲρ
1573 5192 1778 5241 σωφροο

205 5279 366 5346 σύνης
399 5273 497 5328 καὶ
530 5271 809 5333 εὐσεϐείας
868 5271 1252 5340 ἀμυνομένοις.
1321 5270 1382 5321 Ei
1429 5270 1540 5336 γὰρ
1568 5272 1616 5321 οἱ
1647 5269 1789 5336 Βάρ·

205 5368 358 5439 ϐαροι
388 5365 790 5437 κυριεύσουσιν,
830 5359 954 5414 οῦτε
984 5361 1232 5412 εὐσέϐεια
1271 5360 1441 5421 ἔσται,
1490 5359 1614 5411 οὔτε
1685 5379 1787 5413 σω-

207 5458 469 5528 φροσύνη.
534 5456 646 5522 Τὴν
701 5455 801 5524 μὲν
871 5454 983 5522 γὰρ
1004 5453 1291 5506 εὐσέϐειαν
1341 5452 1691 5521 ἀθετήσουσι,
1726 5452 1786 5503 τὸ

205 5555 401 5605 οἰκεῖον
431 5548 596 5609 σέϐας
625 5547 985 5615 κρατύνοντες
1011 5561 1025 5576 ·
1087 5545 1184 5612 τὴν
1215 5545 1272 5596 δὲ
1308 5544 1665 5612 σωφροσύνην
1691 5545 1784 5596 οὐ·

206 5644 308 5706 διις
347 5642 594 5713 μετιέναι
646 5637 1152 5707 συγχωρηθήσεται,
1200 5635 1337 5689 ἀλλὰ
1363 5635 1462 5705 ζῇν
1492 5634 1614 5686 κατ’
1645 5634 1788 5686 ὲκεί-

210 5753 326 5796 νονς
382 5737 531 5795 ἅπας
585 5731 1027 5800 ἑκϐιασθήσεται.
1108 5727 1168 5780 Ὀ
1222 5727 1276 5778 δὲ
1324 5729 1391 5778 τὰ
1454 5729 1572 5778 θεῖα
1620 5725 1786 5787 πολὺς

225 5828 538 5887 “Omine;
574 5825 627 5874 ἐν
654 5825 715 5892 τῇ
767 5819 1162 5891 πρξςἊμμοῦν
1194 5818 1498 5887 μονάζοντα
1525 5819 1780 5880 κανονικῇ

1887 608 2064 662 editus
2094 614 2200 670 est,
2232 605 2325 660 sed
2354 619 2461 658 non
2487 611 2568 656 est
2602 603 2654 656 in
2692 614 2816 663 usu,
2840 601 2983 669 quod
3013 614 3079 653 cx
3106 614 3170 654 eo
3203 598 3467 661 eveniret,

1887 695 1933 749 si
1967 695 2368 756 admitteretur,
2394 700 2452 746 ut
2477 690 2678 745 milites
2699 697 3164 744 sacramentorum
3193 702 3466 755 nunquam

1884 797 2070 843 essent
2095 787 2413 856 participes,
2445 800 2566 839 cum
2600 785 2651 837 in
2685 783 2901 838 crebris
2922 783 3031 854 70
3060 781 3223 837 bellis
3252 796 3468 836 versen-

1886 891 1994 944 tur,
2030 888 2083 935 et
2114 883 2297 934 hostes
2327 877 2659 932 interficiant
2688 893 2702 930 :
2732 875 2874 944 quod
2908 892 3014 929 non
3043 884 3125 929 est
3158 873 3472 928 ferendum.

1885 972 2160 1040 Scriptum
2187 981 2270 1026 est
2296 971 2466 1032 enim,
2496 971 2640 1037 quod
2671 983 2792 1023 cum
2824 965 3028 1020 Phocas
3063 965 3151 1019 ille
3176 966 3470 1032 imperator

1883 1066 2046 1121 vellet
2074 1079 2168 1120 eos
2201 1062 2533 1133 martyribus
2564 1058 2911 1112 annumerari
2943 1057 3031 1126 qui
3061 1057 3113 1109 in
3149 1056 3303 1109 bellis
3326 1053 3468 1107 occi-

1884 1163 2106 1222 duntur,
2145 1157 2236 1224 qui
2281 1164 2410 1209 tunc
2455 1162 2614 1207 erant
2661 1152 2933 1205 antistites
2983 1150 3088 1203 hoc
3127 1149 3206 1200 usi
3259 1159 3466 1199 canone

1885 1250 2292 1320 imperatoriam
2345 1245 2658 1300 instantiam
2705 1243 2923 1297 silentio
2969 1244 3337 1304 mandarunt,
3385 1238 3465 1290 di-

1883 1352 2068 1397 centes
2107 1359 2122 1393 :
2155 1339 2439 1406 Quomodo
2467 1350 2564 1390 eos
2596 1334 2685 1401 qui
2715 1335 2766 1387 in
2796 1334 2952 1388 bellis
2981 1333 3296 1386 ceciderunt
3325 1329 3465 1381 inter

1885 1443 2150 1504 martyres
2201 1427 2703 1491 annumerabimus,
2749 1439 2885 1492 quos
2937 1437 3165 1492 magnus
3210 1419 3460 1478 Basilius.

1884 1539 1946 1582 ut
1979 1528 2071 1595 qui
2104 1539 2206 1578 non
2242 1531 2428 1578 essent
2464 1519 2613 1588 puris
2648 1517 2918 1578 manibus,
2952 1515 3187 1567 triennio
3219 1526 3249 1564 a
3279 1524 3460 1564 sacra-

1886 1617 2087 1672 mentis
2114 1610 2438 1683 prohibuit?
2467 1609 2600 1664 Cum
2629 1616 2808 1660 autem
2847 1604 2998 1658 nmlti
3032 1603 3368 1664 sacerdotes,
3406 1608 3461 1653 et

1886 1724 2028 1764 unus
2061 1706 2276 1776 quidem
2301 1707 2611 1774 episc0pus,
2644 1714 2705 1753 se
2729 1698 2880 1766 jussu
2919 1695 3268 1765 imperatorio
3301 1707 3462 1762 syno-

1885 1803 2078 1858 daliter
2112 1797 2399 1859 stitissent,
2421 1802 2478 1849 et
2507 1808 2630 1847 cum
2671 1790 2918 1846 hostibus
2949 1804 3008 1842 se
3041 1801 3234 1839 manus
3268 1798 3459 1838 conse-

1885 1898 2056 1950 ruisse
2085 1891 2388 1958 multosque
2410 1902 2476 1941 ex
2508 1886 2570 1940 iis
2597 1883 2861 1938 occidisse
2887 1879 3017 1935 fassi
3045 1887 3250 1942 essent,
3278 1877 3456 1930 divina

1881 1996 1935 2041 et
1965 1995 2153 2041 sancta
2188 1983 2427 2054 synodus
2464 1983 2863 2045 consequenter
2901 1972 3024 2025 huic
3051 1969 3274 2031 canoni,
3304 1981 3358 2021 et
3390 1967 3461 2020 ισ

1881 2079 2126 2148 ejusdem
2185 2073 2360 2128 sancti
2415 2080 2470 2124 et
2524 2068 2644 2122 aliis
2700 2064 2902 2119 divinis
2958 2058 3459 2122 constitutionibus,

1881 2171 2100 2225 volebat
2143 2167 2290 2236 ipsos
2333 2179 2440 2219 non
2495 2160 2730 2230 amplius
2769 2170 2921 2211 sacra
2968 2152 3267 2207 celebrare.
3302 2149 3462 2203 Com-

1879 2265 2061 2334 plures
2093 2270 2295 2324 autem,
2343 2269 2398 2311 et
2433 2254 2522 2324 qui
2560 2259 2718 2306 erant
2768 2247 2926 2317 paulo
2973 2245 3144 2314 magis
3179 2243 3455 2303 militares,

1879 2331 1976 2410 eos
2013 2353 2176 2407 etiam
2211 2346 2452 2416 prmmiis
2477 2344 2672 2413 dignos
2696 2355 2816 2395 esse
2847 2335 3270 2393 contendebant.
3306 2331 3454 2386 Multi

1880 2455 2083 2508 autem,
2109 2441 2197 2512 qui
2227 2441 2280 2494 in
2313 2449 2555 2505 tempore
2584 2432 2779 2488 ludicri
2809 2445 2929 2484 cum
2955 2428 3124 2499 virgis
3145 2425 3459 2482 certaminis

1878 2536 2128 2593 homines
2159 2531 2569 2588 interfecerant,
2602 2524 2886 2582 homicidis
2928 2520 3269 2576 annuinerati
3303 2526 3456 2578 sunt,

1879 2629 1972 2700 qui
2013 2624 2435 2683 involuntariam
2464 2618 2771 2676 voluntarie
2813 2613 3013 2669 caedem
3051 2617 3455 2680 perpetrarent,

1879 2725 2065 2787 utpote
2091 2730 2214 2771 eum
2260 2716 2364 2768 hoc
2410 2710 2678 2764 ludicrum
2709 2721 2816 2760 non
2869 2705 2940 2758 sit
2969 2718 3037 2758 ex
3088 2702 3152 2756 iis
3193 2700 3453 2767 quinque,

1879 2827 1999 2883 quae
2045 2810 2160 2878 lege
2193 2812 2589 2873 agnoscuntur,
2622 2813 2741 2868 quae
2785 2799 2948 2851 etiam
2997 2791 3293 2850 certamina
3327 2804 3456 2858 ago-

1880 2882 2084 2970 nesque
2117 2899 2394 2959 dicuntur,
2428 2893 2637 2949 scilicet
2667 2889 2974 2959 pugillatus,
3009 2900 3222 2946 cursus,
3255 2882 3447 2944 saltus,

1880 2996 2087 3055 discus,
2127 2990 2399 3060 palmstra.
2434 2987 2612 3053 Quare
2660 2985 2748 3053 qui
2781 2982 2834 3035 in
2879 2981 2958 3035 eis
2987 2977 3210 3033 ludicris
3244 2973 3454 3030 interii-

1879 3090 2053 3149 ciunl,
2084 3081 2397 3154 pra'judicfo
2424 3094 2532 3133 non
2559 3077 2889 3132 adiciuntur.

1958 3356 2212 3413 ZONAR.
2255 3353 2685 3419 Haudquaquam
2737 3339 3057 3411 praecipiens
3105 3339 3324 3389 sanctus
3372 3329 3454 3383 vir

1882 3453 1969 3514 iis,
2001 3451 2092 3520 qui
2141 3451 2192 3500 in
2247 3445 2386 3498 bello
2433 3436 2823 3494 interfecerunt
2865 3427 3098 3484 triennio
3129 3441 3158 3478 a
3204 3436 3452 3477 commu-

1882 3543 2042 3597 nione
2068 3535 2445 3592 abstinendum
2479 3544 2602 3583 esse
2633 3526 2848 3587 asserit,
2878 3521 2971 3576 sed
3009 3516 3291 3573 consilium
3324 3528 3450 3582 pro—

1881 3650 2106 3707 ponens.
2139 3630 2438 3686 Onerosum
2477 3619 2833 3676 nihilominus
2871 3614 2922 3667 id
2968 3609 3253 3666 consilium
3277 3604 3446 3659 videri

1879 3699 2069 3800 possit.
2110 3725 2182 3779 Ex
2222 3719 2312 3775 illo
2346 3728 2575 3782 namque
2605 3708 2907 3774 contingat,
2947 3713 3002 3756 ut
3032 3699 3232 3754 divinis
3267 3708 3453 3748 mune-

1881 3824 2030 3876 ribus
2085 3827 2357 3882 nunquam
2409 3809 2609 3863 milites
2665 3798 3098 3857 communicent;
3147 3787 3447 3858 pmsertim

1881 3911 1968 3977 qui
2015 3907 2183 3960 robur
2226 3901 2541 3968 praeferunt,
2592 3908 2655 3946 ac
2700 3905 2758 3945 se
2803 3897 3056 3941 strenuos
3099 3894 3209 3948 pra:
3240 3875 3451 3930 caeteris

1881 3965 2161 4052 exhibent.
2203 3965 2488 4055 Nunquam
2543 3981 2686 4032 enim
2731 3977 2796 4028 iis
2837 3973 3053 4026 dabitur
3104 3966 3334 4020 facultas
3385 3965 3451 4015 ad

1883 4086 2175 4141 triennium
2209 4053 2550 4150 quiescendi.
2611 4068 2667 4122 Si
2719 4079 2847 4133 ergo
2892 4063 2982 4130 qui
3042 4058 3197 4113 bellis
3244 4053 3454 4110 crebris

1883 4147 2241 4236 exercentur,
2269 4179 2325 4224 et
2353 4171 2539 4222 hostes
2569 4159 2937 4242 interficiunt,
2987 4169 3014 4205 a
3075 4147 3455 4206 communione

1883 4278 2158 4325 arcentur,
2187 4273 2299 4316 ιοιο
2339 4260 2462 4311 vitae
2489 4263 2729 4320 tempore
2763 4235 2887 4302 boni
2926 4241 3310 4300 communione
3339 4235 3454 4305 pri-

1882 4361 1990 4414 vati
2031 4361 2247 4423 degerit.
2278 4350 2410 4415 Quae
2432 4346 2645 4413 quidem
2677 4355 2829 4409 ptena
2855 4348 2935 4393 est
2960 4331 3284 4390 Christianis
3312 4327 3455 4381 haud

1887 4449 2204 4509 tolerabilis.
2233 4445 2402 4509 Quam
2435 4453 2562 4491 vero
2585 4437 2652 4488 ob
2677 4445 2894 4486 causam
2926 4439 3265 4496 nequaquam
3297 4432 3458 4488 puras

1896 4557 2085 4598 manus
2116 4551 2304 4608 gerere
2332 4530 2735 4603 iudicabuntur,
2787 4521 2874 4589 qui
2931 4533 3027 4587 pro
3082 4512 3349 4582 republica
3407 4518 3460 4563 et

1892 4603 2152 4691 fratribus
2180 4628 2466 4684 dimicant,
2503 4636 2569 4673 ne
2601 4616 2796 4685 captivi
2827 4613 3163 4665 abducantur
3196 4606 3263 4657 ab
3290 4603 3458 4656 hosti-

1893 4729 2012 4785 bus,
2051 4729 2141 4774 aut
2172 4728 2228 4771 ut
2267 4717 2320 4770 in
2362 4712 2678 4768 servitutem
2727 4705 2990 4759 abductos
3016 4701 3248 4754 libercnt
3276 4695 3298 4746 ’ί
3325 4695 3456 4748 Nam

1892 4817 1937 4870 si
1976 4815 2040 4866 ab
2075 4804 2462 4864 interﬂciendis
2507 4798 2760 4854 Bai-heris
2794 4802 3044 4852 caveant,
3081 4788 3235 4856 quasi
3271 4797 3462 4837 manus

1891 4923 1956 4961 ex
1996 4905 2099 4959 hoc
2146 4899 2473 4969 polluentes,
2528 4905 2739 4960 pessum
2790 4887 2942 4938 ilmnt
2988 4880 3192 4938 omnia,
3235 4884 3461 4930 cuncto-

1895 4967 2406 5061 rumqneiBarliari
2460 4983 2753 5050 potientur.
2804 4975 2934 5040 Qua:
2987 4967 3192 5035 antiqui
3247 4977 3466 5032 quoque

1896 5059 2087 5142 Patres
2118 5085 2298 5136 animo
2337 5084 2668 5143 reputantes,
2702 5069 2791 5135 qui
2835 5069 2884 5120 in
2922 5064 3060 5118 bello
3099 5059 3466 5114 interficerent

1898 5179 2321 5244 haudquaquam
2384 5163 2671 5220 hoinicidis
2731 5161 3193 5215 adnumerarunt,
3253 5151 3464 5201 veniam

1896 5270 2028 5336 ipsis
2056 5268 2264 5322 dantes,
2302 5258 2592 5325 siquidem,
2629 5262 2686 5304 ut
2729 5252 2818 5305 hic
2848 5249 2923 5302 ait
2957 5255 3206 5305 sanctus,
3237 5255 3333 5309 pro
3365 5255 3467 5307 pn-

1894 5359 2075 5414 dicitia
2122 5369 2183 5407 ac
2237 5353 2438 5417 pietate
2487 5345 2837 5399 decertarint.
2889 5339 2945 5392 Si
2998 5349 3231 5403 uanique
3283 5345 3470 5392 rerum

1893 5451 2171 5520 potiantur
2203 5442 2447 5503 Barbari,
2482 5453 2656 5505 neque
2682 5437 2789 5488 ulla
2823 5434 3014 5501 pietas,
3049 5441 3226 5495 neque
3254 5421 3467 5493 pudici-

1893 5544 1969 5594 tia
2000 5535 2291 5606 supererit.
2324 5532 2584 5584 Pietatem
2615 5541 2846 5592 namque
2876 5521 3154 5591 abjicient,
3187 5533 3337 5570 suam
3378 5531 3466 5568 re-

1891 5631 2141 5698 ligionem
2169 5625 2467 5678 retinentes
2497 5639 2508 5671 :
2537 5619 2849 5688 pudicitiam
2881 5627 3009 5667 vero
3036 5609 3300 5664 retinendi
3329 5607 3462 5660 nulli

1893 5723 1981 5776 fiet
2020 5719 2267 5778 facultas,
2312 5717 2405 5770 sed
2442 5715 2656 5765 illorum
2695 5711 2901 5778 legibus
2933 5707 3116 5757 vivere
3146 5716 3334 5755 omnes
3368 5714 3462 5752 co-

1893 5823 2105 5880 gentur.
2159 5811 2425 5863 Caeterum
2480 5805 2566 5859 ille
2615 5803 2919 5858 divinarum
2987 5812 3163 5850 rerum
3224 5791 3468 5860 apprime
