4018 6434
570 335 673 397 639

1855 334 2135 396 THEOD.
2174 334 2575 398 BALSAMON

3750 348 3844 409 διο

567 450 775 520 peritus
802 446 1157 512 Athanasius,
1194 446 1248 503 in
1294 460 1392 501 sua
1430 447 1497 501 ad
1530 447 1783 503 Ammum
1832 454 2150 506 monachum

2272 453 2531 523 ἐπιστολῇ
2565 453 2739 509 ταῦτα
2764 456 2910 525 λέγει
2947 459 3127 530 ῥητῶς
3159 473 3176 492 ο
3210 461 3468 515 Φονεύειν
3491 464 3596 516 οὐκ
3625 464 3798 531 ἔξεστι
3819 482 3831 498 ο

564 541 791 609 epistola
835 541 1119 602 canonica,
1167 539 1281 594 haec
1321 554 1579 608 expresse
1618 539 1794 595 dicit:
1836 540 2150 599 lnteriicere

564 646 893 700 quemquam
922 632 1082 700 plane
1106 632 1249 686 haud
1275 630 1401 685 licet
1427 650 1440 686 :
1476 646 1663 686 verum
1698 634 1751 688 in
1785 634 1936 691 bellis
1956 636 2152 690 adver-

563 724 740 778 sarius
794 724 1068 788 occidere,
1118 734 1172 779 et
1227 722 1439 793 legibus
1487 726 1815 792 permissum
1869 734 1926 781 et
1986 727 2145 781 laude

563 817 786 882 dignum
834 824 936 869 est.
996 815 1227 870 Proinde
1274 815 1536 870 existimo
1583 816 1688 871 hoc
1739 818 1917 888 magni
1962 816 2146 872 Basilii

562 906 848 961 consilium
884 905 1195 961 nullatenus
1226 921 1466 974 unquam
1503 917 1779 960 servatum
1815 907 2003 962 fuisse.
2035 907 2147 961 Ta-

562 1011 687 1050 men
716 1006 865 1050 certo
894 999 1127 1065 quodam
1157 1008 1401 1065 tempore
1423 997 1509 1061 iis,
1532 998 1624 1066 qui
1649 1014 1745 1066 pro
1769 999 2148 1055 traditionibus

563 1087 953 1142 ecclesiasticis
985 1090 1418 1156 propugnabant,
1463 1089 1614 1144 utilis
1656 1088 1778 1143 fuit.
1824 1089 1957 1144 Cum
2002 1091 2144 1145 enim

561 1180 865 1249 imperator
906 1181 1247 1251 Nicephorus
1278 1182 1507 1243 Phocas.
1539 1182 1998 1251 quemadmodum
2032 1197 2148 1237 me-

561 1272 750 1327 moria:
784 1275 1049 1340 proditum
1084 1280 1188 1337 est,
1234 1288 1350 1333 eos.
1394 1274 1483 1340 qui
1522 1273 1573 1326 in
1609 1271 1764 1328 bellis
1797 1273 2141 1338 ceciderant,

560 1366 895 1431 martyribus
946 1365 1299 1420 adnumerari
1345 1366 1666 1433 postularet,
1700 1380 1762 1420 ac
1805 1368 1993 1421 eodem
2036 1381 2145 1436 quo

562 1453 639 1508 illi
688 1470 839 1509 more
890 1455 1097 1510 laudari
1147 1466 1201 1511 et
1245 1457 1348 1511 coli
1387 1474 1402 1511 :
1435 1466 1623 1512 contra
1671 1458 2004 1527 objecerunt,
2050 1460 2145 1528 qui

560 1556 691 1602 tunc
715 1548 974 1614 temporis
1003 1546 1152 1602 fuere
1181 1550 1375 1602 summi
1400 1554 1737 1618 sacerdotes,
1762 1551 1899 1606 haud
1930 1566 2144 1620 aequum

559 1653 687 1694 esse
731 1639 1001 1708 ejusmodi
1058 1640 1373 1696 hominibus
1421 1644 1833 1698 venerationem
1881 1643 2139 1713 impendi.

559 1728 717 1793 Quod
744 1745 867 1784 cum
911 1745 1015 1784 non
1049 1732 1464 1799 persuaderent,
1513 1744 1787 1800 postremo
1833 1736 1934 1789 hoc
1978 1734 2143 1788 veluti

558 1833 769 1874 canone
796 1822 876 1874 usi
911 1828 1058 1885 sunt,
1089 1819 1333 1877 dicentes
1366 1839 1379 1876 :
1411 1821 1657 1889 Quonam
1690 1825 1852 1878 modo
1884 1840 1983 1879 nos
2013 1840 2136 1880 cum

2260 544 2374 596 ἀλλ’
2397 547 2453 597 ἐν
2486 545 2707 617 πολέμῳ
2729 548 2974 619 ἀναιρεῖν
3000 550 3127 615 τοὺς
3158 552 3499 615 ἀντιπάλους
3523 553 3749 621 ἔννομόν
3786 572 3841 607 τε

2263 638 2356 690 καὶ
2411 636 2636 691 ἐπαίνου
2681 637 2849 702 ἀξιον.
2906 636 3075 709 Οἶμαι
3119 641 3250 709 γοῦν
3279 643 3355 707 ὡς
3393 642 3601 697 οὔποτε
3666 646 3699 713 ἡ
3754 644 3841 698 τοῦ

2263 729 2501 798 μεγάλου
2524 731 2812 786 Βασιλεὶου
2840 732 3086 803 ὑποθήκη
3126 733 3268 803 αῦτη
3301 736 3611 808 ἐκράτησε·
3640 737 3778 800 τέως
3804 736 3844 789 δ’

2260 824 2318 873 ιν
2369 824 2547 893 καιρῷ
2595 826 2709 888 τοῖς
2779 824 3165 893 ἀντεχομένοις
3223 828 3844 893 τῶνοὲκκλησιαστικῶν

2263 913 2620 982 παραδόσεων
2656 915 3036 986 ἐλυσιτέλησε.
3072 918 3179 971 Τοῦ
3207 921 3318 991 γὰρ
3349 920 3628 989 βασιλέως
3680 921 3844 989 Νικη-

2258 1005 2426 1073 φόρου
2476 1005 2568 1059 τοῦ
2589 1008 2775 1067 Φωκᾶ,
2804 1008 2881 1071 ὡς
2950 1009 3256 1079 ἱστόρηται,
3322 1012 3697 1074 ἀπαιτοῦντος
3724 1014 3845 1073 τοὺς

2257 1098 2315 1148 ὲν
2369 1095 2634 1166 πολέμοις
2673 1100 3103 1170 ἀναιρουμένους
3132 1105 3532 1157 συντάττεσθαι
3561 1108 3679 1165 τοῖς
3713 1106 3843 1175 μάρ-

2254 1204 2397 1250 τυσι,
2437 1190 2531 1241 καὶ
2558 1191 2681 1243 κατ’
2729 1194 2971 1257 ἐκείνους
3040 1195 3309 1263 τιμᾶσθαι
3372 1196 3466 1248 καὶ
3534 1198 3842 1265 ὑμνεῖσθαι,

2254 1279 2304 1331 oi
2361 1279 2481 1332 τότε
2540 1281 2817 1353 ἀρχιερεῖς
2862 1287 3236 1353 ἀντεπέφερον
3309 1287 3385 1357 μὴ
3440 1288 3655 1341 δίκαιον
3715 1285 3845 1342 εἶναι

2253 1372 2385 1434 τοὺς
2409 1373 2687 1437 τοιούτους
2716 1376 3002 1445 τιμᾶσθαι.
3039 1377 3147 1430 Καὶ
3181 1380 3254 1448 μὴ
3314 1378 3607 1437 πείθοντες
3671 1379 3848 1431 τελευ-

2252 1466 2427 1527 ταῖον,
2485 1463 2561 1526 ὡς
2611 1468 2801 1519 κανόνι
2838 1468 3019 1538 τούτῳ
3048 1469 3357 1540 ἐχρήσαντο
3410 1471 3685 1538 φάμενον
3735 1471 3847 1533 Πῶς

2256 1557 2423 1625 ἡμεῖς
2478 1560 2589 1622 τοῖς
2652 1562 3040 1631 μαρτυρήσασι
3075 1563 3204 1624 τοὺς
3264 1564 3323 1613 ὲν
3362 1562 3633 1630 πολέμοις
3661 1564 3850 1613 πεσόν-

2252 1664 2351 1709 τας
2380 1650 2886 1720 συναριθμήσομεν,
2937 1651 3031 1711 οὓς
3052 1654 3079 1704 6
3112 1653 3287 1721 μέγας
3336 1653 3646 1717 Βασίλειος,
3676 1653 3750 1715 ὡς
3775 1653 3846 1723 μὴ

2257 1739 2526 1809 καθαροὺς
2568 1743 2668 1804 τὰς
2686 1744 2874 1813 χεῖρας
2900 1783 2917 1808 ,
2948 1744 3040 1796 ἐπὶ
3071 1745 3319 1813 τριετίαν
3352 1744 3471 1797 τῶν
3495 1744 3853 1814 ἀγιασμάτων

2256 1830 2517 1899 ἀπεῖρξεν
2540 1849 2555 1896 ;

560 1911 889 1981 martyribus
929 1928 1046 1978 eos,
1112 1916 1202 1985 qui
1262 1916 1315 1969 in
1352 1916 1504 1973 hellis
1541 1919 1879 1982 ceciderunt,
1915 1919 2305 1975 adnunteiabiu
2332 1938 2415 1990 us,
2445 1939 2582 1995 quos
2622 1942 2850 2000 magnus
2869 1928 3127 1993 Basilius,
3167 1938 3423 1999 tanquam
3474 1928 3567 1999 qui
3618 1927 3857 1997 impuras

560 2017 757 2058 manus
814 2018 1085 2075 gererent,
1165 2009 1401 2065 triennio
1457 2025 1488 2065 a
1547 2015 1907 2067 sacramentis
1964 2014 2173 2068 arcuit?

635 2099 738 2169 71
774 2099 1003 2155 ARIST.
1031 2102 1133 2169 Qui
1174 2119 1273 2172 pro
1301 2107 1503 2175 pietate
1530 2118 1756 2178 pugnat,
1804 2109 2017 2164 etiamsi
2044 2110 2143 2164 deo

2322 2115 2546 2169 ΑΡΙΣΤ.
2595 2116 2656 2168 Ὀ
2687 2115 3018 2185 πολεμιστὴς
3054 2118 3121 2185 τῇ
3157 2114 3435 2185 εὑαὸεἱᾳ,
3482 2116 3533 2167 εἱ
3566 2112 3667 2167 καὶ
3701 2111 3840 2181 ἀμύ·

561 2190 769 2253 tendat,
803 2192 1040 2247 triennio
1067 2208 1095 2247 a
1123 2198 1511 2253 communione
1551 2200 1845 2256 abstineat.

636 2279 942 2339 Homicidia
988 2284 1044 2339 in
1092 2285 1251 2343 bellis
1288 2286 1431 2342 facta
1476 2304 1585 2344 non
1638 2293 1927 2347 homicidia
1963 2308 1993 2346 a
2045 2292 2152 2348 Pa-

562 2380 601 2426 ti
617 2372 740 2428 ibus
764 2384 1007 2441 reputata
1024 2386 1149 2430 sunt
1168 2378 1643 2448 (quemadmodum
1659 2392 1714 2435 et
1735 2397 1963 2450 magnus
1974 2384 2148 2437 Atha-

566 2461 752 2517 nasius
780 2463 847 2517 ad
872 2463 1124 2520 Animum
1154 2472 1481 2523 monachum
1516 2468 1734 2535 scribit,
1763 2470 1951 2525 dicens
1996 2484 2012 2525 :
2044 2471 2149 2525 Eos

564 2553 658 2621 qui
691 2567 751 2608 se
780 2554 832 2608 in
863 2555 1007 2611 bello
1059 2558 1360 2616 fortissime
1398 2575 1690 2630 gesserunt
1738 2567 1946 2635 magnis
1978 2567 2153 2620 bono-

565 2644 715 2698 ribus
763 2644 978 2716 dignari
1032 2660 1271 2718 oportet,
1326 2660 1382 2707 et
1431 2654 1619 2722 cippos
1675 2654 1890 2710 illorum
1944 2658 2154 2727 erlgere

565 2745 717 2805 gesta
766 2738 1101 2801 indicantes,
1167 2750 1225 2796 ut
1279 2744 1371 2812 qui
1424 2745 1757 2801 reluctantes
1790 2748 2156 2815 abstulerunt,

566 2836 621 2880 et
654 2840 793 2894 opus
850 2828 1147 2898 legitimum
1179 2832 1527 2901 perfecerunt
1566 2847 1622 2890 et
1695 2838 1854 2893 laude
1903 2839 2150 2908 dignum)

566 2935 744 2990 neque
772 2938 998 2994 magnus
1028 2927 1115 2981 hic
1159 2929 1241 2981 vir
1287 2927 1553 2994 judicium
1609 2946 1799 2985 eorum
1859 2932 2149 3000 improbat,

567 3012 692 3081 quia
731 3029 830 3082 pro
863 3017 1121 3083 pudicitia
1150 3025 1204 3072 et
1230 3020 1433 3087 pietate
1465 3020 1648 3076 hostes
1672 3022 2014 3092 propulsant.
2042 3022 2150 3077 Sed

568 3111 757 3159 monet
782 3105 985 3159 bonum
1013 3122 1134 3161 esse
1169 3119 1229 3162 ut
1260 3109 1381 3163 talis
1408 3125 1436 3163 a
1461 3114 1847 3169 communione
1890 3114 2001 3167 sola
2047 3116 2147 3167 ab-

569 3198 792 3264 stineat,
826 3197 952 3268 quia
988 3213 1152 3268 puras
1187 3214 1298 3254 non
1334 3200 1494 3256 habet
1518 3216 1736 3257 manus.

1160 3378 1389 3434 CANON
1423 3379 1564 3434 XIV.

570 3472 671 3538 Qui
703 3487 900 3528 usuras
930 3472 1154 3539 accipit,
1182 3472 1230 3526 si
1264 3471 1521 3540 injustum
1545 3472 1755 3526 lucrum
1789 3473 1842 3527 in
1886 3487 2151 3543 pauperes

639 3580 965 3622 consumere
1016 3565 1268 3630 voluerit,
1331 3573 1387 3619 et
1436 3566 1503 3617 ab
1539 3564 1785 3620 avaritiae
1833 3567 2022 3621 morbo
2052 3567 2147 3621 de-

642 3663 829 3729 inceps
860 3657 1107 3720 liberari.
1138 3666 1227 3713 est
1256 3656 1325 3711 ad
1353 3656 1721 3713 sacerdotium
1753 3657 2147 3713 admittendus.

644 3840 835 3896 BALS.
870 3840 1191 3895 Sanctorum
1216 3840 1433 3908 quidem
1459 3839 1826 3908 apostolorum
1857 3855 2033 3895 canon
2060 3840 2152 3905 44,

569 3936 859 4001 episcopos
884 3933 966 3986 vel
1020 3934 1371 4002 presbyteros
1402 3931 1488 3985 vel
1536 3932 1798 3987 diaconos
1843 3931 2153 3987 feneranles

570 4039 786 4080 cessare
817 4024 901 4079 vel
933 4024 1129 4093 deponi
1169 4031 1428 4092 oportere
1448 4021 1638 4076 deﬁnit
1670 4039 1685 4077 :
1712 4022 1955 4077 decimus
1991 4024 2155 4089 septi-

571 4132 692 4171 mus
724 4125 901 4170 autem
938 4131 1112 4169 canon
1146 4114 1336 4184 prima
1367 4112 1562 4183 synodi
1614 4127 1805 4169 omnes
1861 4115 2154 4170 canonicos

574 4208 882 4262 fenerantes
906 4206 1104 4276 deponi
1132 4188 1309 4274 jubet.
1341 4204 1486 4274 Lege
1508 4218 1638 4273 ergo
1661 4218 1851 4259 eorum
1883 4220 2151 4260 canonum

572 4298 1072 4368 interpretationes.
1130 4295 1237 4351 Sed
1289 4296 1412 4364 quia
1473 4295 1557 4349 lea
1603 4295 1781 4349 civilis
1831 4311 1939 4350 non
2000 4298 2155 4366 punit

571 4389 745 4445 laicos
775 4388 1107 4449 fenerantes,
1144 4387 1240 4441 sed
1296 4388 1460 4443 etiam
1494 4387 1759 4454 permittit
1809 4388 1876 4441 ad
1930 4404 2152 4442 usuram

571 4490 762 4535 mutuo
795 4479 961 4545 dare;
1025 4478 1273 4533 nonnulli
1336 4488 1540 4542 autem,
1582 4487 1641 4532 ut
1688 4486 1773 4532 est
1833 4480 2152 4546 verisimile,

572 4572 888 4627 feneranles
942 4572 1197 4627 volebant
1240 4570 1307 4624 ad
1351 4585 1567 4625 sacrum
1622 4571 1867 4625 ordinem
1928 4587 2150 4641 promo-

570 4666 714 4724 veri.
748 4675 802 4718 et
850 4676 1071 4734 propter
1119 4673 1276 4732 turpe
1328 4663 1539 4717 lucrum
1578 4665 1658 4719 eis
1713 4679 1819 4718 non
1872 4667 2156 4732 permitte-

2173 3433 2221 3497 C

2256 2223 2360 2269 νοι,
2424 2208 2672 2277 τριετίαν
2700 2206 2989 2277 ἀπεχέσθω
3046 2206 3147 2276 τῆς
3180 2206 3493 2267 κοινωνίας.

2328 2298 2468 2361 Τοὺς
2502 2299 2561 2351 ὲν
2592 2298 2850 2369 πολέμοις
2878 2298 3097 2366 φόνους,
3134 2296 3210 2367 μὴ
3246 2298 3446 2366 φόνους
3490 2297 3848 2363 λογισθέντας

2254 2390 2403 2459 παρά
2425 2389 2533 2442 τῶν
2567 2391 2850 2459 Πατέρων,
2883 2387 3067 2452 καθὼς
3108 2390 3201 2441 καὶ
3229 2390 3256 2441 6
3292 2389 3472 2459 μέγας
3529 2388 3849 2452 Ἀθανάσιος

2252 2482 2390 2550 πρὸς
2427 2479 2672 2550 ’Δμμοῦν
2697 2479 3351 2548 μονάζονταέπιστέλλει,
3375 2479 3558 2549 τιμῶν
3579 2481 3845 2549 μεγάλων,

2254 2572 2454 2639 λέγων,
2486 2572 2773 2637 ἀξιοῦσθαι
2811 2574 2941 2634 τοὺς
2979 2573 3038 2624 ὲν
3101 2572 3362 2641 πολέμοις
3416 2574 3850 2644 ἀριστεύσαντας

2250 2664 2378 2734 Χρῆν
2425 2664 2518 2715 καὶ
2546 2664 2747 2731 στήλας
2794 2661 3000 2715 τούτων
3071 2663 3409 2731 ἐγείρεσθαι,
3468 2662 3848 2731 κηρυττούσας

2249 2758 2321 2811 τὰ
2355 2756 2784 2825 κατορθώματα,
2827 2756 2904 2818 ὡς
2937 2755 3302 2824 ἀναιροῦντας
3339 2757 3467 2817 τοὺς
3497 2756 3844 2817 ἀντιπάλους,

2248 2850 2344 2903 καὶ
2375 2849 2617 2917 πρᾶγμα
2643 2846 2934 2908 ποιοῦντας
2959 2846 3204 2916 ἔννομον,
3242 2849 3339 2901 καὶ
3391 2848 3628 2901 ἐπαίνου
3670 2848 3845 2913 ἀξιον⁸

2248 2940 2368 2993 οὐδὲ
2401 2942 2429 2992 6
2459 2939 2628 3009 μέγας
2659 2932 2814 3002 οὗτος
2849 2940 2988 3009 ἀνὴρ
3017 2938 3117 3008 τὴν
3171 2938 3354 3007 κρίσιν
3416 2940 3607 2993 αὐτῶν
3659 2940 3847 2993 ἀποδο-

2249 3028 2496 3099 κιμάζει,
2547 3028 2635 3080 διὰ
2687 3028 2749 3080 τὸ
2803 3027 2943 3097 ὑπὲρ
2996 3027 3355 3097 σωφροσύνης
3414 3030 3513 3080 καὶ
3566 3028 3848 3089 εὐλαϐείας

2248 3121 2555 3191 ἀμύνεσθαι
2582 3120 2675 3172 τὸν
2709 3119 3070 3190 πολεμιστήν.
3111 3121 3257 3189 Πλὴν
3293 3119 3666 3187 συμϐουλεύει
3692 3119 3848 3172 καλὸν

2251 3210 2395 3267 εῖναι
2456 3215 2557 3282 τῆς
2588 3213 2877 3274 κοινωνίας
2920 3214 3088 3282 μόνης
3120 3212 3210 3263 τὸν
3240 3212 3486 3266 τοιοῦτον
3513 3213 3840 3283 ἀπέχεσθαι,

2250 3302 2340 3356 διὰ
2366 3302 2428 3355 τὸ
2450 3302 2527 3373 μὴ
2552 3300 2802 3371 καθαρὰς
2833 3301 2981 3369 ἔχειν
3012 3301 3111 3362 τὰς
3138 3303 3351 3370 χεῖρας.

2874 3391 3119 3445 ΚᾹΝΩΝ
3154 3388 3252 3444 1Δ’.

2266 3486 2325 3537 '0
2357 3486 2553 3548 τόκους
2584 3484 2882 3555 λαμϐάνων
2916 3483 3013 3536 ἐὰν
3038 3480 3406 3550 καταδέξηται
3436 3482 3498 3535 τὸ
3520 3482 3708 3538 εδικον
3732 3481 3853 3549 ἱέρ-

2322 3576 2410 3639 δος
2447 3579 2528 3638 εἱς
2558 3576 2807 3644 πτωχοὺς
2860 3572 3177 3638 ἀναλῶσαι,
3210 3572 3305 3625 καὶ
3343 3570 3440 3624 τοῦ
3495 3571 3691 3624 λοιποῦ
3742 3570 3831 3623 τοῦ

2323 3670 2629 3737 νοσήματος
2662 3672 2761 3737 τῆς
2818 3663 3263 3736 φιλοχρηματίας
3313 3663 3731 3732 ἀπαλλαγῆναι,
3772 3661 3850 3713 δε-

2323 3758 2451 3820 κτός
2486 3761 2633 3810 ἐστιν
2665 3759 2745 3821 εἱς
2774 3757 3100 3826 ἱερωσύνην.

2324 3850 2526 3905 ΒᾹΔΣ.
2572 3850 2629 3901 '0
2661 3850 2761 3918 μὲν
2807 3850 2891 3917 μδ⁹
2922 3848 3106 3901 κανὼν
3156 3849 3264 3901 τῶν
3294 3850 3471 3915 ἁγίων
3530 3848 3847 3900 ἀποστόλων

2256 3944 2381 4003 τοὺς
2407 3939 3089 4004 τοκίζονταςιὲπισκόπους
3124 3939 3156 4009 ἦ
3204 3938 3624 4007 πρεσϐυτέρους
3670 3939 3702 4007 ἢ
3742 3938 3851 3990 δια-

2256 4035 2445 4095 κόνους
2470 4031 2739 4084 παύεσθαι
2771 4030 2801 4099 ἢ
2834 4030 3220 4098 καθαιρεῖσθαι
3258 4029 3560 4099 διορίζεται
3591 4047 3606 4062 ο
3646 4032 3674 4083 6
3707 4029 3762 4082 δὲ
3791 4025 3851 4092 ιζ’

2256 4124 2435 4178 κανὼν
2477 4124 2576 4193 τῆς
2606 4120 2653 4176 α’
2698 4123 2920 4175 συνόδου
2953 4122 3166 4183 πάντας
3202 4123 3331 4182 τοὺς
3390 4120 3719 4182 κανονικοὺς
3772 4137 3853 4171 το-

2255 4215 2509 4277 κίζοντας
2578 4211 2962 4277 καθαιρεῖσθαι
3022 4208 3497 4279 παρακελεύεται·
3577 4208 3851 4277 ἀνάγνωθι

2255 4303 2349 4359 οὖν
2381 4306 2479 4367 τὰς
2511 4304 2621 4355 τῶν
2661 4301 2924 4354 τοιούτων
2978 4300 3224 4353 κανόνων
3303 4299 3634 4368 ἑρμηνείας.
3705 4301 3852 4352 Ἐπεὶ

2256 4396 2312 4449 δὲ
2343 4398 2370 4448 6
2404 4394 2683 4455 πολιτικὸς
2714 4392 2879 4461 νόμος
2916 4391 2976 4443 ού
3014 4390 3238 4453 κολάζει
3282 4392 3409 4452 τοὺς
3446 4391 3676 4453 λαῖκοῦς
3709 4390 3851 4442 τοκί-

2258 4489 2469 4553 ζοντας,
2516 4487 2651 4539 ἀλλὰ
2677 4485 2771 4536 καὶ
2811 4481 3015 4553 μᾶλλον
3047 4481 3337 4550 ἐπιτρέπει
3371 4482 3512 4551 μετὰ
3559 4484 3726 4534 τόκου
3764 4482 3853 4532 61-

2258 4581 2477 4643 νείξειν,
2513 4577 2654 4637 τινὲς
2677 4574 2844 4640 δὲ,ὼς
2870 4574 3038 4636 ἔοικε,
3093 4572 3437 4635 δανείζοντες
3467 4573 3649 4634 οὕτως
3669 4570 3852 4641 ἧθελον

2259 4670 2559 4739 ἀξιωθῆναι
2594 4667 2805 4737 βαθμοῦ
2838 4664 3139 4736 ἱερατικοῦ,
3193 4665 3289 4717 καὶ
3331 4664 3433 4715 οὐκ
3481 4665 3737 4732 ἐδέχοντο
3773 4664 3853 4715 διὰ

570 4757 730 4810 batur
770 4776 782 4810 :
818 4757 949 4809 dicit
1002 4771 1132 4822 ergo
1167 4765 1387 4809 sanctus
1437 4770 1533 4809 eos
1580 4756 1744 4810 etiam
1782 4758 1849 4809 ad
1887 4757 2144 4810 sacerdo-

2264 4763 2348 4831 τὴν
2376 4760 2469 4813 τοῦ
2503 4762 2662 4812 τόκου
2692 4756 3145 4827 αἰσχροκέρδειαν
3167 4770 3180 4783 ⁶
3214 4754 3421 4821 φησῖνό
3447 4755 3605 4820 ἅγιος
3623 4758 3716 4807 καὶ
3736 4756 3851 4813 τοὺς

573 4850 706 4901 tium
736 4848 1121 4907 admittendos.
1155 4848 1197 4899 sl
1232 4862 1353 4917 qum
1400 4862 1465 4900 ex
1517 4848 1704 4901 usuris
1748 4848 1974 4901 collecta
2031 4856 2156 4900 sunt

572 4938 625 4991 lu
661 4954 929 5007 pauperes
978 4940 1442 5007 consumpserint,
1494 4948 1548 4991 et
1603 4954 1663 4993 se
1714 4939 1765 4992 id
1820 4940 2155 4992 asseruerint

571 5048 681 5089 non
713 5033 944 5098 amplius
986 5031 1250 5087 laeturos.

644 5124 898 5181 ΖΟΝΑΒ.
938 5124 1188 5178 Decimus
1214 5124 1474 5192 septimus
1500 5120 1730 5177 Nicaeum
1752 5124 1938 5191 prima:
1962 5126 2155 5196 synodi

576 5232 750 5273 canon
777 5232 872 5270 eos
896 5218 986 5285 qui
1017 5215 1359 5278 l‘euerantur,
1408 5215 1678 5284 siquidem
1726 5218 1905 5269 sacris
1955 5217 2155 5271 initiati

578 5310 714 5373 sint,
749 5307 941 5377 deponi
974 5305 1148 5374 jubet.
1181 5305 1275 5360 Hic
1312 5320 1440 5360 vero
1469 5321 1700 5375 magnus
1749 5305 1927 5366 Pater.
1977 5307 2159 5375 Siqui-

582 5400 933 5470 dem,inquit,
959 5399 1179 5453 fenehre
1210 5399 1416 5451 lucrum
1442 5396 1498 5452 in
1526 5413 1791 5467 pauperes
1812 5398 2163 5465 distribuant,

578 5506 643 5546 ac
670 5493 929 5560 deinceps
955 5506 984 5544 a
1019 5490 1317 5544 fenerando
1346 5490 1677 5554 abstineant,
1724 5490 1776 5543 iu
1814 5505 2028 5543 sacrum
2067 5505 2156 5543 or-

577 5586 760 5638 dinem
814 5583 1029 5637 admitti
1083 5590 1357 5643 poterunt.
1412 5580 1571 5635 Forte
1627 5583 1788 5650 igitur
1838 5592 2154 5651 praesentem

579 5689 845 5730 canonem
874 5673 1020 5730 edito
1051 5689 1078 5726 a
1106 5672 1337 5728 Nicasnis
1365 5673 1615 5726 Patrihus
1650 5674 1847 5727 canoni
1878 5675 2151 5727 adversari

578 5765 847 5832 quisniam
877 5765 1318 5822 existimaverit:
1366 5764 1459 5821 sed
1508 5780 1613 5819 non
1676 5774 1755 5819 cst
1808 5766 1902 5818 ita.
1956 5764 2049 5818 llle
2086 5766 2157 5819 si-

2259 4853 2533 4913 τοιούτους
2584 4848 2837 4919 δέχεσθαι
2870 4848 2950 4909 εἱς
2983 4843 3309 4916 ἱερωσύνην,
3340 4843 3434 4894 ὲάν
3465 4846 3537 4895 τὰ
3565 4844 3677 4896 ἀπὸ
3698 4846 3850 4897 τόκου

2265 4943 2601 5013 συναχθέντα
2623 4944 2701 5003 εἰς
2725 4939 2978 5007 πτωχοὺς
3010 4934 3355 4997 ἀναλώσωσι,
3383 4937 3479 4988 καὶ
3505 4937 3827 4989 κατάθωντα

2267 5036 2467 5106 μηκέτι
2500 5031 2657 5086 τοῦτο
2696 5030 2942 5098 ποιῆσαι.

2336 5126 2579 5179 ΖΩΝΑΡ.
2626 5124 2686 5175 Ὀ
2716 5119 2781 5185 ιζ’
2820 5116 3000 5173 κανὼν
3029 5118 3129 5185 τῆς
3153 5118 3210 5168 ὲν
3244 5116 3453 5186 Νικαίᾳ
3476 5113 3709 5183 πρώτης
3734 5130 3852 5164 συν·

2266 5219 2386 5273 ὁδου
2411 5218 2537 5278 τοὺς
2576 5216 2669 5266 ἐπὶ
2693 5215 2876 5273 τόκοις
2899 5209 3248 5274 δανείζοντας
3294 5206 3635 5276 ἱερωμένους
3669 5204 3852 5259 καθαι-

2269 5306 2479 5378 ρεῖσθαι
2508 5304 2863 5373 προστάττει.
2904 5302 2966 5353 ’0
3018 5300 3079 5352 δὲ
3140 5299 3312 5367 μέγας
3349 5290 3504 5358 οὗτος
3548 5294 3764 5363 Πατὴρ,
3807 5292 3851 5342 εἱ

2264 5400 2325 5451 τὸ
2357 5401 2420 5450 ὲκ
2452 5397 2559 5449 τῶν
2592 5396 2771 5448 τόκων
2806 5395 3020 5464 κέρδος,
3057 5392 3243 5459 φησιν.
3278 5392 3359 5449 εἱς
3411 5390 3669 5456 πτωχοὺς
3726 5387 3851 5438 ἀνα-

2264 5491 2445 5551 λώσει,
2484 5487 2576 5539 καὶ
2606 5486 2700 5538 τοῦ
2733 5483 2923 5537 λοιποῦ
2956 5484 3271 5549 ἀπόσχηται
3304 5478 3398 5532 τοῦ
3444 5476 3716 5541 τοκίζειν,
3764 5475 3847 5526 δερ

2268 5582 2401 5631 κτὸ;
2440 5581 2587 5629 ἐστιν
2618 5579 2697 5636 εἰς
2736 5574 3059 5643 ἱερωσύνην.
3099 5574 3255 5633 Ἴσως
3288 5568 3379 5621 οῦν
3404 5584 3551 5619 τισιν
3582 5563 3846 5618 ἐναντιοῦ-

2271 5672 2395 5723 σθαι
2426 5669 2566 5733 δόξει
2595 5667 2671 5737 τῷ
2696 5665 2803 5719 τῶν
2828 5666 2884 5715 ὲν
2914 5664 3117 5732 Νικαίᾳ
3140 5663 3404 5729 ῐὶατέρων
3448 5660 3637 5710 κανόνι
3658 5656 3684 5707 6
3718 5670 3846 5719 παρ-

2265 5762 2338 5813 ὼν
2389 5758 2598 5813 κανώνο
2636 5756 2876 5811 ἀλλὀὐκ
2908 5753 3022 5806 ἐστι
3086 5751 3265 5804 τοῦτο.
3305 5750 3548 5812 Ἐκεῖνος
3600 5747 3696 5818 μὲν
3747 5743 3846 5811 γὰρ

3494 6420 3547 6434 ⁷Ἷ
3624 6420 3657 6434 ἡ
3724 6418 3739 6421 ³
3800 6416 3825 6419 ἡ
3910 6416 3961 6421 ‘—
