4018 6448
183 347 283 419 Gil

1154 359 1236 426 lN
1270 362 1513 425 EPlS'l’o
1550 367 1608 428 S.
1651 366 1936 428 BASILII
1990 373 2425 439 CANONJCAM
2465 382 2510 442 ῐ.

3321 396 3431 463 642

174 469 306 536 περὶ
347 467 666 538 ἱερωμένων
712 471 1060 528 διατάττεται
1106 475 1454 540 τοκιζόντων,
1517 470 1673 539 οὗτος
1711 479 1726 527 ί

1872 482 2085 546 quidem
2116 489 2178 537 de
2208 489 2379 543 sacris
2420 491 2698 549 ordinibus
2744 493 2992 564 initiatis,
3035 503 3122 555 hic
3153 515 3331 559 autem
3364 512 3429 561 de

173 561 304 626 περὶ
334 558 561 624 λαῑκῶν,
594 563 688 614 καὶ
728 561 819 614 τὸν
858 563 1232 634 ἀποσχόμενον
1255 565 1351 618 τοῦ
1384 567 1620 628 τοκὶζειν
1644 568 1760 620 λαῖ-

1864 567 2015 624 laicis
2042 571 2410 634 l'euerantibus
2431 582 2698 640 decernit.
2721 584 2784 639 Et
2809 602 2931 640 eum
2954 592 3045 658 qui
3076 607 3104 644 a
3131 592 3427 650 fenerando

176 649 293 704 κον.
321 650 417 701 καὶ
439 650 497 701 τὺ
539 651 751 736 ἐκεῖθεν
776 653 1060 722 περιελθὸν
1084 655 1234 723 αὐτῷ
1252 655 1440 724 κέρδος
1459 656 1739 708 διαδιδόντα

1862 659 2130 717 abalineat
2159 666 2352 720 luicum
2380 708 2396 733 ,
2443 675 2689 742 quodque
2715 677 2784 730 illi
2819 680 2940 732 inde
2956 649 3198 748 superest
3219 649 3422 740 lucrum

187 743 422 808 πτωχοῖς
459 741 532 809 μὴ
558 725 950 811 ἐμποδίζεσθαι
976 744 1127 812 λέγει
1162 748 1506 815 προαχθῆναι
1533 747 1614 812 είς
1675 749 1753 799 ie-

180 833 456 899 ρωσύνην.

244 921 476 974 ΔΡΙΣΤ.
535 921 593 974 '0
630 923 821 985 τόκους
843 923 1130 994 λαμϐάνων
1184 927 1372 990 δεκτὸς
1421 930 1497 992 είς
1523 929 1752 999 ἱερωσύ-

170 1023 294 1077 νην,
325 1009 537 1077 διορθού
549 1027 725 1078 μενος.

245 1099 541 1168 Διόρθωσις
577 1100 634 1152 δὲ
667 1102 862 1154 τούτου
891 1103 1028 1174 αὕτη
1068 1106 1203 1170 ἐστὶ,
1238 1107 1297 1158 τὸ
1329 1107 1607 1163 ἀναλῶσαι
1667 1110 1752 1172 είς

180 1193 432 1258 πτωχοὺς
456 1192 515 1242 τὺ
539 1193 897 1262 ἐπισυναχθὲν
931 1197 993 1246 ὲκ
1023 1196 1129 1248 τῶν
1145 1198 1314 1250 τόκων
1334 1198 1512 1251 ἄδικον
1542 1200 1750 1268 κέρδος,

175 1285 270 1332 καί⁵
297 1282 640 1348 ὑποσχέσθαι
681 1284 877 1350 μηκέτι
915 1285 991 1353 τῷ
1023 1287 1247 1356 τοιούτῳ
1273 1289 1372 1357 τῆς
1419 1290 1752 1360 φιλοχρημα-

171 1373 291 1432 τίας
317 1374 586 1441 νοσήματι
622 1376 908 1441 ἐμπεσεῖν.

732 1467 966 1520 ΚΑΝΩΝ
1016 1467 1116 1523 1Ε’.

173 1555 457 1622 Θαυμάζω
496 1554 552 1610 δέ
596 1572 724 1620 που,
758 1561 855 1626 τὴν
886 1562 1282 1633 γραμματικὴν
1313 1564 1602 1634 ἀκρίϐειαν
1654 1569 1747 1622 ἐπὶ

244 1647 345 1712 τῆς
382 1648 602 1714 γραφῆς
650 1648 1033 1715 ἀπαιτοῦντος,
1109 1653 1202 1704 καὶ
1250 1652 1600 1722 λογιζομένου
1659 1658 1743 1708 ὅτι

249 1738 649 1807 ἠναγκασμένη
704 1741 853 1791 ἐστὶν
911 1743 943 1810 ἡ
990 1740 1130 1804 λέξις
1170 1745 1269 1811 τῆς
1328 1745 1623 1812 ἑρμηνείας
1687 1749 1746 1800 τὸ

241 1827 441 1893 ἑαυτῆς
475 1825 713 1897 εὔσημον
737 1830 1070 1898 ἐκδιδούσης,
1102 1833 1162 1884 οὐ
1189 1835 1250 1886 τὸ
1293 1835 1495 1903 κυρίως
1527 1838 1744 1905 ὑπὸτῆς

250 1914 550 1985 Ἐὁραῖκῆς
597 1920 778 1988 φωνῆς
850 1923 1248 1991 σημαινόμενον
1330 1927 1738 1994 μετατεθείσης.

251 2007 411 2059 Ἐπεὶ
441 2009 496 2059 δὲ
526 2009 606 2061 δεῖ
643 2011 717 2079 μὴ
751 2012 935 2080 ἀργῶς
966 2015 1255 2081 παρελθεῖν
1302 2017 1360 2066 τὸ
1393 2018 1486 2068 ὑπ’
1550 2019 1742 2088 ἀνδρὸς

241 2097 545 2167 ζητητικοῦ
580 2102 801 2168 κινηθὲν
830 2104 1142 2172 πρόσλημα,
1174 2107 1241 2159 τά
1268 2108 1491 2161 πετεινὰ
1519 2109 1613 2161 τοῦ
1654 2111 1744 2161 οὐ·

247 2190 439 2259 ρανοῦ,
474 2191 636 2244 καὶοὶ
672 2192 849 2261 ίχθύες
876 2196 974 2262 τῆς
1009 2195 1282 2266 θαλάσσης
1311 2199 1406 2250 καὶ
1439 2201 1495 2250 ὲν
1520 2202 1582 2268 τῇ
1613 2217 1741 2252 κοσ-

248 2283 476 2350 μοποιία
508 2282 607 2351 τὴν
646 2284 814 2351 αὐτὴν
838 2285 1026 2353 ἔλαχον
1055 2288 1289 2353 γένεσιν.
1330 2287 1423 2340 Ἐκ
1455 2289 1562 2341 τῶν
1618 2290 1742 2342 ὑδά-

250 2389 360 2424 των
398 2376 507 2441 γάρ
538 2373 742 2444 ἐξήχθη
767 2378 1050 2445 ἀμφότερα
1070 2379 1136 2430 τὰ
1164 2379 1314 2448 γένη.
1361 2379 1432 2430 Τὸ
1465 2380 1520 2431 δὲ
1549 2382 1738 2446 αἴτιον,

243 2464 323 2514 ὅτι
352 2465 557 2517 ταυτόν
584 2468 734 2516 ἐστιν
776 2467 1054 2534 ἑκατέροις
1098 2467 1312 2535 ἰδίωμα.
1364 2469 1443 2520 Τὰ
1493 2470 1592 2538 μὲν
1632 2471 1740 2540 γάρ

235 2554 554 2623 διανήχεται
583 2557 644 2606 τὸ
685 2556 846 2627 ὕδωρ,
885 2558 953 2609 τὰ
992 2556 1048 2608 δὲ
1096 2559 1412 2627 ἐπινήχεται
1469 2559 1545 2628 τῷ
1596 2561 1738 2630 ἀέρι.

241 2647 340 2696 Διά
371 2645 528 2697 τοῦτο
563 2647 660 2713 μὲν
689 2645 780 2698 οὖν
825 2650 975 2716 κοινῇ
1011 2646 1190 2698 αὐτῶν
1208 2648 1550 2718 ιπεμνήσθη.
1578 2650 1650 2700 Τὸ
1683 2651 1738 2702 δὲ

239 2736 425 2802 σχῆμα
457 2735 551 2786 τοῦ
594 2736 774 2802 λόγου,
825 2737 898 2796 ὡς
961 2737 1057 2804 μὲν
1132 2737 1261 2806 πρὸς
1330 2739 1456 2799 τοὺς
1524 2738 1734 2807 ἰχθύας,

236 2823 631 2892 ἀκαταλλήλως
666 2824 923 2892 ἁποδόθη,
955 2824 1028 2885 ὠς
1071 2824 1127 2875 δὲ
1164 2824 1296 2892 πρὸς
1342 2826 1514 2876 πάντα
1555 2828 1622 2876 τὰ
1680 2827 1737 2877 ἐν

243 2913 400 2964 ὕδασι
438 2913 789 2976 διαιτώμενα,
815 2914 908 2965 καὶ
939 2915 1084 2964 πάνυ
1115 2913 1352 2974 οίκείως,
1400 2915 1480 2963 Τὰ
1512 2914 1619 2980 γὰρ
1644 2930 1738 2964 πε-

243 3003 392 3052 τεινὰ
425 3001 518 3052 τοῦ
541 2999 773 3069 ούρανοῦ
804 3000 1266 3087 ὑποτέτακταετῴ
1308 2999 1603 3069 ἀνθρώπῳ,
1641 3001 1736 3052 καὶ

239 3093 286 3142 οί
322 3091 504 3158 ίχθύες
553 3089 1000 3159 στῆ-ςιθαλάσσης,
1051 3092 1146 3142 καὶ
1187 3090 1287 3142 ούκ
1349 3090 1500 3142 αὐτοὶ
1556 3093 1733 3158 μόνον,
1766 3107 1810 3166 α

241 3182 376 3235 ἀλλά
401 3184 493 3233 καὶ
522 3182 698 3233 πάντα
721 3182 787 3233 τὰ
820 3180 1251 3248 διαπορευόμενα
1284 3179 1503 3248 τρίϐους
1533 3180 1728 3233 θαλάσο

243 3288 360 3340 σης.
386 3272 461 3322 Ού
492 3271 622 3338 γὰρ,
650 3271 702 3322 εί
725 3287 775 3321 τι
809 3268 1046 3335 ἔνυδρον,
1071 3269 1165 3322 καὶ
1199 3269 1348 3338 ίχθύς
1364 3271 1532 3335 ἐστιν,
1559 3271 1634 3332 ὡς
1661 3269 1729 3322 τὰ

233 3361 472 3430 κητώδη,
503 3359 778 3425 φάλαιναι,
803 3359 896 3410 καὶ
916 3357 1191 3424 ζύγαιναι,
1221 3363 1314 3410 καὶ
1345 3358 1619 3426 δελφίνεςν
1637 3360 1732 3412 καὶ

240 3451 450 3519 φῶκαι,
485 3451 580 3500 καὶ
618 3449 842 3516 προσέτι
880 3449 1057 3511 ἵπποι,
1092 3450 1185 3500 καὶ
1232 3448 1416 3511 κύνες,
1447 3450 1540 3500 καὶ
1576 3450 1727 3515 πρίο-

235 3560 344 3604 νες,
372 3543 468 3594 καὶ
493 3541 688 3608 ξιφίαι,
711 3541 802 3592 καὶ
828 3542 874 3592 oi
893 3539 1169 3593 θαλάσσιοι
1195 3538 1328 3608 βόες·
1370 3540 1416 3590 εί
1454 3539 1508 3593 δὲ
1533 3539 1727 3609 βούλει,

245 3636 340 3686 καὶ
375 3633 660 3699 ἀκαλῆςραι
685 3671 699 3693 ,
739 3632 832 3685 καὶ
866 3631 1069 3693 κτένες,
1129 3630 1224 3682 καὶ
1271 3630 1338 3681 τὰ
1372 3630 1730 3698 όστρακόρινα

239 3726 437 3787 πάντα,
471 3716 543 3774 ὢν
568 3721 718 3773 οὐδέν
741 3723 890 3773 ἐστιν
922 3719 1070 3789 ἰχθύς
1091 3735 1105 3749 ⁸
1145 3719 1238 3772 καὶ
1281 3720 1456 3772 πάντα
1483 3720 1519 3772 ἃ
1546 3722 1732 3774 διαπο-

239 3814 453 3884 ρεύεται
511 3812 728 3881 τρίϐους
755 3811 1043 3877 θαλάσσης,
1100 3811 1174 3870 ὡς
1212 3806 1349 3863 εἶναι
1383 3818 1432 3877 γ’
1493 3813 1729 3880 τὰγένη,

241 3905 460 3972 πετεινὰ
473 3901 722 3972 ούρανοῦ,
742 3901 926 3969 ίχθύας
944 3901 1234 3971 θαλάσσης,
1254 3903 1349 3954 καὶ
1370 3902 1468 3955 ὅσα
1485 3903 1625 3955 τῶν¹’
1646 3904 1704 3956 ’δύ
1718 3933 1734 3945 -

241 3994 382 4060 ὅρων
425 3994 537 4051 τοῖς
570 3990 781 4058 ίχθύσιν
813 3988 1264 4057 ἀντιστελλόμενα
1323 3989 1731 4059 διαπορεύονται

232 4086 323 4135 καὶ
355 4081 498 4133 αὐτὰ
551 4081 649 4140 τὰς
711 4080 928 4148 τρίδους
971 4078 1264 4145 θαλάσσης.

746 4167 980 4221 ΚΑΝΩΝ
1016 4169 1128 4234 ις’.

185 4261 239 4312 ’0
275 4262 584 4326 δὲΝααμᾶν
613 4261 730 4327 οὐχὶ
778 4261 949 4328 μέγας
986 4260 1134 4329 παρά
1170 4260 1377 4330 Κυρίῳ,
1413 4261 1548 4314 ἀλλὰ
1586 4261 1718 4330 παρ’

237 4351 380 4419 αὐτῷ
431 4351 605 4419 κυρίῳ
645 4348 842 4401 αὑτοῦ·
914 4349 1180 4408 τουτέστι,
1241 4348 1347 4401 τῶν
1403 4351 1721 4420 παραδυναο

1861 754 2188 818 pauperibus
2217 757 2495 827 largiatur,
2536 765 2945 835 haudquaquam
2983 773 3230 838 impediri
3269 791 3423 829 usse-

1859 840 1952 903 l‘il,
1985 846 2270 909 quaminus
2302 850 2351 901 in
2384 866 2596 905 sacrum
2628 859 2870 910 ordinem
2899 866 3202 926 promoveri
3230 868 3417 931 possit.

1926 931 2152 988 ARIST.
2181 935 2279 1001 Qui
2313 955 2502 994 usuras
2527 946 2746 1015 accipit,
2779 963 3055 1004 correcws
3085 954 3138 1004 in
3172 956 3422 1010 sacerdo-

1859 1019 1988 1073 tluut
2019 1024 2341 1082 admittitur.

1923 1109 2095 1179 Hujus
2125 1124 2304 1170 autem
2335 1124 2602 1178 correctio
2634 1125 2749 1180 haec
2812 1137 2916 1190 est,
2945 1139 3006 1184 ut
3049 1131 3104 1184 in
3153 1148 3418 1201 pauperes

1853 1204 2122 1270 expendat.
2149 1205 2406 1273 injustum
2443 1212 2650 1266 Iucrmu
2699 1233 2765 1269 ex
2804 1222 2991 1274 usm'is
3021 1224 3332 1284 collectum.
3366 1233 3419 1277 ct

1851 1292 2171 1358 proﬁteatur
2212 1311 2272 1350 se
2298 1301 2528 1366 posthac
2563 1303 2615 1357 in
2647 1305 2953 1362 istiusmodi
2987 1312 3228 1364 avaritia:
3272 1328 3419 1366 mor-

1851 1384 1973 1436 bum
2005 1399 2108 1436 non
2141 1387 2400 1443 indicere.

2449 1483 2676 1537 CANON
2707 1484 2821 1539 XV.

1846 1563 2104 1621 Admiror
2139 1581 2318 1626 autem
2351 1585 2494 1625 tuam
2530 1575 2813 1631 litteralem
2848 1579 2900 1631 in
2933 1579 3198 1648 scriptura
3237 1587 3412 1640 subti-

1916 1656 2147 1721 litatem,
2183 1664 2273 1730 qui
2326 1665 2586 1730 postules,
2635 1675 2692 1720 et
2745 1680 2958 1736 reputes
3009 1683 3251 1727 coactam
3287 1690 3409 1730 esse

1917 1747 2212 1804 dictionem
2244 1795 2260 1815 ,
2308 1764 2492 1821 utpote
2547 1757 2992 1826 interpretatione
3022 1801 3036 1824 ,
3079 1769 3219 1829 quod
3273 1779 3302 1817 a
3352 1783 3411 1821 se

1917 1837 2055 1891 bene
2083 1841 2435 1908 signiﬁcatur,
2472 1849 2830 1913 exprimente,
2885 1865 2992 1902 non
3031 1855 3174 1920 quod
3205 1869 3232 1906 a
3281 1872 3411 1911 voce

1919 1925 2138 1982 Hebraea
2212 1936 2422 2000 proprie
2466 1934 2750 1990 denmatur
2825 1939 3206 1997 transferente.
3267 1944 3404 2012 Quia

1916 2023 2094 2073 autem
2126 2034 2336 2090 Oportet
2368 2029 2743 2093 quaestionem,
2774 2045 2892 2097 qua:
2931 2047 2958 2084 a
2990 2034 3103 2084 viro
3131 2038 3406 2102 quazreudi

1912 2111 2156 2164 Studioso
2184 2114 2349 2179 posita
2376 2125 2476 2177 est,
2533 2131 2636 2169 non
2676 2119 2846 2173 otiose
2888 2123 3166 2186 praterire
3199 2140 3214 2181 ;
3257 2127 3407 2178 volu-

1913 2213 2032 2254 cres
2055 2201 2209 2264 coeli,
2244 2211 2298 2255 et
2323 2204 2495 2270 pisces
2519 2209 2702 2270 maris,
2732 2209 2892 2261 etiam
2935 2209 2984 2262 in
3021 2213 3200 2265 mundi
3257 2229 3408 2266 crea-

1915 2288 2058 2343 tione
2086 2293 2328 2346 eamdem
2357 2298 2756 2358 generatiOuem
2815 2300 2988 2353 sortiti
3046 2313 3193 2354 sunt.
3230 2305 3404 2357 Ambo

1913 2376 2056 2429 enim
2089 2394 2284 2445 genera
2317 2396 2381 2434 ex
2409 2383 2565 2449 aquis
2590 2383 2846 2450 producta
2901 2399 3046 2441 sunt.
3086 2389 3257 2441 Causa
3303 2407 3404 2442 au-

1913 2473 2213 2536 tem,quod
2266 2473 2508 2540 utrisque
2585 2475 2770 2527 eadem
2827 2487 2908 2529 est
2967 2482 3281 2546 praprietas.
3338 2482 3405 2534 lli

1911 2569 2084 2611 autem
2108 2576 2202 2628 per
2232 2577 2376 2615 mare
2402 2573 2609 2627 natant,
2637 2564 2710 2617 illi
2734 2581 2860 2619 vero
2881 2578 3234 2635 supernatant
3265 2572 3402 2626 aeri.

1926 2646 2212 2715 Propterea
2242 2666 2370 2714 ergo
2400 2668 2583 2705 eorum
2613 2657 2969 2708 communiter
3003 2659 3264 2712 meminit.
3313 2658 3404 2711 Fi-

1910 2753 2039 2805 gura
2074 2749 2254 2792 autem
2291 2743 2573 2805 orationis,
2604 2753 2660 2796 ut
2693 2745 2756 2795 atl
2789 2747 2962 2812 pisces
2997 2747 3235 2812 quidem,
3274 2762 3404 2814 pro-

1910 2828 2025 2894 prie
2062 2828 2266 2882 reddita
2307 2848 2319 2881 :
2360 2840 2417 2881 ut
2447 2842 2626 2883 autem
2657 2832 2722 2884 ad
2751 2834 2925 2885 omnia
2959 2848 3076 2900 qua:
3120 2837 3316 2902 degunt
3344 2836 3400 2888 in

1905 2917 2077 2983 aquis,
2105 2921 2323 2972 omnino
2353 2922 2513 2973 etiam
2545 2933 2692 2988 apte.
2742 2921 2870 2974 Nam
2900 2935 2953 2976 et
2994 2925 3239 2981 VOllH'l'eS
3274 2929 3397 2980 «eli

1906 3005 2106 3059 homini
2167 3008 2391 3076 subjecti
2450 3019 2576 3062 sunt
2621 3021 2675 3062 et
2721 3011 2896 3077 pisces
2942 3014 3129 3077 maris,
3185 3024 3238 3066 et
3297 3030 3403 3067 non

1912 3097 2015 3165 72
2047 3100 2143 3166 ipsi
2173 3100 2368 3162 solum,
2401 3102 2492 3154 sed
2519 3111 2573 3153 et
2607 3103 2788 3155 omnia
2819 3117 2938 3171 quae
2973 3105 3137 3156 maris
3180 3105 3403 3158 semitas

1906 3191 2278 3256 perambulant
2304 3192 2348 3244 ⁸.
2375 3190 2490 3244 Non
2513 3193 2656 3245 enim
2680 3193 2721 3246 si
2748 3193 2874 3260 quid
2907 3204 2988 3245 est
3038 3194 3291 3261 aquatile,
3322 3209 3404 3253 est

1905 3279 2066 3330 etiam
2103 3280 2286 3345 piscis,
2321 3291 2378 3332 ut
2405 3292 2527 3333 sunt
2555 3291 2692 3344 cete,
2725 3281 2964 3344 balenae,
3009 3292 3063 3335 et
3096 3288 3401 3352 ηερωεμά

1907 3367 2204 3435 delphines,
2235 3379 2287 3422 et
2321 3371 2525 3437 phocas,
2552 3379 2605 3424 et
2633 3381 2890 3438 pra-terea
2944 3373 3089 3439 equi,
3127 3382 3178 3424 et
3215 3388 3398 3434 canes.

1905 3465 1959 3508 et
1990 3471 2174 3520 serrae,
2209 3468 2263 3512 et
2291 3458 2472 3524 gladii,
2507 3469 2560 3513 et
2591 3459 2749 3514 boves
2773 3461 2964 3513 marini
2997 3479 3011 3514 :
3040 3463 3084 3512 si
3113 3461 3190 3514 vis
3217 3470 3397 3514 autem

1909 3544 2070 3597 etiam
2127 3545 2332 3607 urticae,
2380 3553 2434 3598 et
2494 3546 2754 3612 pectines,
2797 3553 2850 3599 et
2911 3546 3087 3598 omnia
3128 3553 3388 3601 testacea.

1915 3650 2140 3704 quorum
2180 3635 2380 3687 nullum
2409 3644 2493 3688 est
2525 3634 2710 3703 piscis.
2759 3636 2824 3688 lit
2879 3635 3059 3687 omnia
3109 3650 3225 3700 qua:
3285 3636 3398 3686 vius

1910 3727 2072 3778 maris
2101 3725 2490 3791 perambulant,
2523 3735 2577 3777 ut
2602 3726 2703 3776 sint
2733 3725 2832 3776 tria
2882 3738 3100 3793 genera,
3154 3725 3399 3777 volucres

1908 3814 2051 3876 cmli,
2108 3816 2280 3880 pisces
2341 3814 2524 3876 maris,
2587 3823 2633 3866 et
2687 3829 3012 3881 quaecunque
3060 3813 3309 3880 aquatilia
3367 3831 3396 3863 u

1905 3904 2141 3968 piscibus
2206 3901 2454 3954 distincta
2510 3901 2621 3968 ipsa
2691 3913 2900 3970 quoque
2951 3901 3115 3955 maris
3179 3901 3399 3954 semitas

1908 3990 2299 4061 pcrarnbulant.

2415 4167 2642 4222 CANON
2682 4165 2820 4220 XVI.

1836 4260 2074 4313 Naaman
2105 4270 2281 4312 autem
2329 4274 2437 4311 non
2469 4273 2691 4324 magnus
2746 4259 2883 4324 apud
2925 4257 3233 4317 Dominum,
3299 4255 3394 4309 sed

1919 4350 2060 4417 apud
2092 4350 2365 4402 dominum
2389 4364 2541 4401 suum
2579 4365 2590 4399 :
2627 4348 2726 4401 hoc
2771 4359 2873 4411 est,
2907 4364 3044 4401 unus
3068 4358 3181 4401 erat
3205 4363 3270 4400 ex
3302 4347 3393 4408 iis,

241 4441 534 4492 στευό·ιτων
584 4435 652 4508 ἦν
700 4438 778 4506 τῷ
813 4437 1023 4506 βασιλεῖ
1073 4437 1181 4490 τῶν
1238 4437 1442 4508 Σύρων.
1479 4439 1718 4528 Πρόσεχε

1908 4437 1998 4504 qui
2033 4451 2276 4505 magnam
2312 4436 2624 4489 obtinebant
2663 4446 2978 4502 potestatem
3026 4437 3163 4502 apud
3213 4449 3394 4502 regem

235 4525 324 4581 οὖν
355 4529 601 4597 ἀκριϐῶς
630 4531 696 4597 τῇ
728 4528 948 4597 Γραφῇ,
976 4528 1071 4578 καὶ
1107 4527 1330 4579 αὐτόθεν
1353 4529 1602 4597 εὑρήσεις
1626 4525 1724 4599 τῆν

238 4619 388 4670 λύσιν
422 4619 516 4670 τοῦ
553 4619 887 4686 ζητήματος.

239 4709 428 4765 ΒΔΛΣ.
472 4710 535 4761 Ol
572 4710 836 4778 παρόντες
863 4709 956 4761 δύο
993 4709 1214 4770 κανόνες
1243 4711 1270 4761 ό
1297 4715 1357 4761 ιε’
1383 4711 1474 4762 καὶ
1498 4711 1526 4761 ὁ
1551 4708 1627 4773 ις’
1649 4710 1722 4779 μὴ

176 4799 474 4866 ποιούμενοι
505 4799 794 4868 κανονικὴν
824 4798 1005 4867 κοινὴν
1041 4799 1350 4866 οἱανδήτινα
1399 4800 1718 4868 παράδοσιν,

173 4888 278 4940 ἀλλ’
308 4890 605 4957 ἑρμηνείαν
634 4887 915 4956 γραφικῶν
937 4888 1216 4958 ῥημάτων,
1253 4887 1350 4941 οὑκ
1379 4889 1725 4958 ὲξηγήθησαν

173 4981 293 5049 παρ’
309 4981 487 5048 ἡμῶν,
509 4980 582 5041 ὡς
613 4979 744 5047 μηδὲ
777 4980 1124 5048 προθεμένων
1145 4979 1388 5048 γραφικὰ
1405 4979 1724 5049 ἑρμηνεύειν

176 5071 409 5138 ῥήματα,
451 5068 586 5120 ἀλλὰ
614 5068 871 5120 κανονικά
905 5068 1000 5120 καὶ
1042 5070 1238 5138 νομικά
1268 5069 1720 5138 παραγγέλματα.

238 5160 478 5211 ΖΩΝΔΡ.
515 5159 591 5210 Τὸ
644 5159 741 5227 μὲν
772 5157 1032 5229 ἐρώτημα
1094 5156 1279 5226 σαφῶς
1325 5157 1384 5208 ού
1447 5157 1718 5225 δηλοῦται,

176 5251 311 5301 ἔοικε
363 5249 418 5300 δὲ
478 5249 586 5301 ἀπὸ
624 5249 721 5315 τῆς
773 5249 1118 5317 ἀποκρίσεως
1161 5247 1253 5299 τοῦ
1292 5247 1525 5316 μεγάλου
1561 5249 1722 5302 Βασι-

176 5334 308 5385 Αείου
336 5332 574 5385 τοιοῦτον
600 5329 761 5385 εἶναι,
801 5333 923 5384 Ὅτι
960 5331 1074 5393 πῶς
1134 5332 1243 5382 τῶν
1302 5332 1570 5383 πετεινῶν
1622 5333 1720 5385 τοῦ

175 5424 394 5490 ούρανοῦ
428 5425 523 5476 καὶ
547 5424 652 5474 τῶν
689 5422 886 5491 ἰχθύων
909 5423 1008 5489 τῆς
1053 5421 1330 5492 θαλάσσης
1380 5422 1540 5474 Δαὸὶδ
1587 5422 1722 5491 ὁμοῦ

174 5517 430 5583 ἐμνήσθη,
464 5516 557 5566 καὶ
585 5510 736 5573 αὖθις
771 5516 872 5582 ἔφη
906 5531 920 5547 ·
973 5514 1048 5567 Τὰ
1081 5513 1558 5581 ὃιαπορευόμενα
1607 5516 1725 5580 τρία

239 5689 257 5722 ⁸
312 5689 457 5744 Psal.
487 5705 604 5751 vm.
628 5692 681 5746 9.

1903 4525 2158 4594 Syrorum
2195 4542 2209 4577 :
2244 4522 2534 4592 Scriptum
2567 4540 2692 4591 ergo
2722 4525 3000 4591 diligenter
3037 4536 3265 4577 mentem
3302 4524 3398 4575 ad-

1901 4613 2046 4678 hibe,
2070 4621 2122 4664 et
2154 4613 2394 4664 invenies
2426 4612 2549 4664 hinc
2573 4613 2885 4666 solutionem
2916 4613 3244 4680 quzestionis.

1904 4703 2096 4755 BALS.
2130 4702 2428 4755 Praesentcs
2452 4705 2554 4754 duo
2583 4716 2815 4756 canones
2846 4703 2912 4756 l5
2937 4711 2989 4755 et
3019 4703 3082 4754 16
3112 4719 3234 4755 cum
3269 4703 3394 4755 uul-

1831 4794 1934 4846 lam
1967 4793 2276 4846 canonicam
2307 4802 2360 4845 et
2390 4807 2724 4845 communem
2778 4792 2972 4845 faciant
3023 4794 3387 4857 traditiOnem,

1825 4884 1918 4938 sed
1953 4883 2247 4950 Scriptura:
2280 4892 2490 4935 tantum
2525 4882 2664 4934 dicta
2713 4884 2998 4949 explicent.
3055 4897 3158 4936 non
3195 4895 3319 4936 sunt
3355 4901 3383 4937 a

1825 4973 1979 5028 nobis
2014 4972 2344 5039 interpretati
2380 4989 2393 5024 :
2432 4973 2595 5038 utqui
2619 4969 2908 5038 Sn-ripturre
2949 4973 3088 5024 dicta
3118 4975 3386 5040 explicare

1823 5079 1928 5117 non
1965 5061 2328 5123 statuerimus,
2363 5062 2455 5115 sed
2479 5062 2732 5112 canonica
2779 5069 2831 5114 et
2882 5061 3064 5128 legalia
3099 5075 3382 5130 prtL'Ct‘pla.

1901 5151 2156 5206 ZUNAR.
2192 5152 2242 5204 in
2267 5167 2386 5205 can.
2432 5153 2518 5206 l5.
2570 5153 2918 5221 Interrogatio
2945 5156 3159 5218 quidem
3201 5168 3384 5222 aperte

1825 5260 1928 5297 non
1961 5241 2257 5308 explicatur
2287 5254 2300 5290 :
2332 5240 2541 5294 videtur
2584 5253 2784 5303 autem,
2817 5253 3079 5308 quantum
3112 5261 3173 5297 ex
3204 5249 3379 5312 magni

1826 5331 2005 5385 Basilii
2042 5331 2397 5398 responsione
2433 5331 2682 5398 colligere
2741 5331 2886 5393 licet,
2935 5333 3196 5399 ejusmodi
3241 5348 3379 5386 essn.

1825 5422 2068 5486 Quonam
2135 5423 2294 5473 modo
2343 5420 2614 5473 volucrum
2664 5420 2784 5474 cculi
2839 5431 2888 5474 et
2940 5423 3161 5488 piscium
3219 5425 3384 5475 maris

1826 5511 1995 5565 David
2034 5509 2188 5564 simul
2223 5510 2547 5574 meminerit,
2575 5525 2893 5565 rursumuue
2920 5511 3223 5580 subjungat,
3253 5514 3383 5576 Qua
