4018 6482
564 365 674 429 643

1781 351 2064 412 THEOD.
2108 350 2508 410 BALSAMON

3748 354 3858 415 Ml.

571 473 949 545 perambulare:
1020 471 1238 526 sentite:
1303 468 1512 523 maris?
1569 464 1982 535 Supervacanea
2074 463 2131 516 si-

2260 462 2411 525 ὄους
2444 460 2794 514 θαλασσών.
2825 463 2985 515 Δοκεῖ
3019 460 3129 530 γὰρ
3155 462 3296 515 κατὰ
3316 460 3378 516 τὸ
3435 461 3700 534 περισσὸν
3726 467 3860 517 ἑπα-

564 567 780 632 quidem
810 565 924 617 haec
955 561 1164 616 additio
1191 560 1405 614 videtur
1443 557 1630 613 fuisse.
1665 557 1744 610 Ad
1794 556 1922 609 illud
1980 555 2146 623 igitur

562 657 704 724 quod
737 655 898 709 simul
934 654 1113 708 avium
1157 653 1493 721 pisciumque
1550 647 1879 710 meminerit,
1923 660 2147 713 respon-

564 748 675 809 det,
737 755 969 811 utraque
1021 756 1084 795 ex
1119 743 1274 810 aquis
1323 742 1582 809 producta
1640 737 1830 802 fuisse,
1888 736 2146 803 illineque

562 848 740 890 ortum
777 835 1067 896 habuisse;
1101 833 1367 902 facileque
1404 834 1455 885 id
1511 844 1800 900 apparere,
1858 835 2142 897 propterea

561 929 702 992 quod
732 925 1040 977 volucribus
1075 925 1279 993 pariter
1310 932 1363 976 et
1399 923 1637 989 piscibus
1669 921 1856 974 eadem
1888 919 2132 988 proprie-

565 1030 647 1072 tas
702 1018 851 1071 insit.
903 1017 1090 1070 Pisces
1150 1029 1341 1082 nempe
1396 1013 1553 1081 aquis
1593 1013 1861 1074 innatant,
1895 1012 2142 1063 volucres

559 1123 691 1162 vero
719 1115 1071 1176 supernatant
1102 1107 1248 1168 aeri;
1284 1119 1348 1157 ac
1384 1103 1454 1156 illi
1488 1102 1701 1170 quidem
1751 1109 1897 1153 motu
1935 1099 2140 1152 alarum

561 1211 773 1261 natant,
813 1199 980 1252 cauda
1011 1212 1135 1250 vero
1167 1208 1416 1262 tanquam
1455 1191 1823 1263 gubernaculo
1871 1198 2139 1244 utuntur:

561 1291 809 1343 volucres
844 1300 1022 1341 autem
1054 1287 1246 1340 eodem
1308 1286 1468 1338 modo
1514 1285 1612 1336 alis
1667 1283 1882 1344 quidem
1931 1283 2138 1346 volant,

561 1382 788 1432 caudam
821 1394 948 1432 vero
1000 1379 1062 1431 ad
1105 1377 1487 1429 conversiones
1533 1389 1595 1426 ac
1655 1375 1892 1427 directos
1951 1387 2140 1425 cursus

561 1472 839 1525 adhibent.
897 1471 1049 1536 Quod
1111 1478 1290 1520 autem
1342 1481 1446 1519 non
1509 1478 1913 1533 supervacaneo
1979 1477 2139 1530 porro

562 1564 758 1616 dixerit
794 1562 1100 1624 Psalmista,
1149 1561 1323 1627 pisces
1365 1568 1419 1611 et
1459 1573 1576 1624 quae
1622 1554 1991 1624 perambulant
2050 1567 2138 1606 se-

561 1657 722 1708 mitas
755 1655 945 1714 maris,
974 1653 1283 1719 respondet,
1317 1665 1424 1703 non
1451 1649 1651 1710 omnia,
1681 1660 1799 1713 quae
1840 1645 1941 1698 sub
1981 1645 2136 1713 aquis

2255 557 2451 620 γαγεῐν
2471 554 2573 623 τὴν
2599 553 2924 625 προσθήκην
2971 554 3199 624 ταύτην.
3278 556 3424 626 Πρὸς
3475 558 3579 625 μὲν
3637 552 3736 609 οὖν
3795 556 3856 608 τὸ

2248 645 2386 713 δμοῦ
2422 645 2730 715 μνησθῆναι
2759 645 2867 697 τῶν
2900 646 3161 699 πετεινῶν
3203 647 3297 700 καὶ
3329 648 3437 702 τῶν
3499 648 3710 717 ἰχθύων
3745 664 3848 715 φη-

2251 739 2335 790 σὶν
2358 738 2440 790 δτι
2464 738 2558 790 καὶ
2589 738 2755 805 ἄμφω
2783 739 2846 790 ὲκ
2878 737 2986 790 τῶν
3041 738 3252 792 ὑδάτων
3303 741 3704 810 παρήχθησαν,
3758 741 3855 792 καὶ

2248 827 2457 879 ἐκεῖθεν
2490 828 2648 896 ἔσχον
2686 829 2785 897 τὴν
2816 829 3032 894 γένεσιν
3063 848 3075 860 ·
3112 832 3206 883 καὶ
3244 831 3408 884 τοῦτο
3457 831 3626 900 δῆλον
3655 834 3722 884 ἐκ
3753 828 3854 884 τοῦ

2251 918 2310 970 τὸ
2339 920 2473 971 αὐτὸ
2508 919 2706 988 ἰδίωμα
2733 921 2824 972 καὶ
2866 924 2982 982 τοῖς
3017 925 3288 985 πετεινοῖς
3339 924 3434 976 καὶ
3485 928 3606 987 τοῖς
3667 927 3852 994 ἰχθύσι

2247 1014 2559 1080 προσεῖναι.
2593 1014 2655 1064 Οἱ
2691 1013 2790 1081 μὲν
2821 1014 2929 1083 γὰρ
2952 1013 3133 1083 ἰχθύες
3165 1018 3486 1086 ὲννήχονται
3517 1018 3632 1078 τοῖς
3669 1017 3851 1082 ὕδασι,

2247 1104 2317 1156 τὰ
2350 1105 2406 1156 δὲ
2445 1106 2668 1157 πετεινὰ
2696 1107 3044 1175 ἐπινήχονται
3067 1109 3160 1160 τὸν
3192 1109 3363 1176 ἀέρα’
3400 1107 3496 1159 καὶ
3523 1109 3576 1159 οί
3620 1110 3726 1176 μὲν
3782 1113 3852 1178 τῇ

2245 1197 2460 1265 κινήσει
2494 1196 2604 1249 τῶν
2653 1198 2869 1267 πτερῶν
2927 1200 3210 1268 νήχονται,
3258 1199 3336 1267 τῷ
3391 1199 3446 1250 δὲ
3490 1199 3713 1268 οὐραίῳ
3771 1202 3856 1261 εἰς

2244 1289 2571 1359 κυδέρνησιν
2609 1289 2948 1358 κέχρηνται·
2981 1292 3050 1343 τὰ
3107 1293 3331 1344 πετεινὰ
3369 1291 3426 1344 δὲ
3457 1292 3687 1360 ὁμοίως,
3735 1295 3854 1354 τοῖς

2248 1379 2344 1447 μὲν
2377 1382 2600 1447 πτεροῖς
2652 1382 2930 1445 πέτονται,
2967 1383 3032 1450 τῇ
3064 1380 3120 1434 δὲ
3172 1381 3309 1451 οὐρᾷ
3361 1381 3504 1450 πρὸς
3549 1383 3648 1445 τὰς
3684 1399 3853 1451 περι-

2244 1472 2482 1541 στροφὰς
2507 1474 2770 1541 χρῶνται,
2833 1475 2926 1526 καὶ
2960 1475 3059 1537 τὰς
3112 1476 3358 1541 κινήσεις
3412 1473 3516 1536 τὰς
3579 1470 3850 1525 κατευού.

2243 1564 2387 1631 Πρὸς
2420 1564 2475 1616 δὲ
2538 1564 2599 1616 τὸ
2666 1565 2742 1633 μὴ
2797 1566 3095 1634 παρέργως
3139 1566 3318 1617 εἰπεῖν
3376 1565 3473 1617 τὸν
3521 1565 3852 1635 ψαλμῳδὸν,

2240 1654 2384 1720 τοὺς
2415 1656 2626 1723 ίχθύας
2645 1657 2744 1709 καὶ
2800 1657 2873 1709 τὰ
2924 1656 3401 1724 διαπορευόμενα
3445 1658 3694 1724 τρίϐους
3741 1661 3854 1710 θα-

559 1747 778 1815 (legnnl,
839 1747 1066 1813 piscium
1113 1743 1328 1796 nomine
1379 1739 1697 1808 signiﬁcari,
1751 1752 1926 1807 neque
1990 1736 2131 1788 enim

2244 1747 2518 1812 λασσῶν,
2556 1749 2661 1816 ἔφη
2696 1750 2904 1818 ὄτιούχ
2960 1750 3061 1801 ὅσα
3129 1751 3351 1818 ἔνυδρα,
3404 1750 3592 1802 πάντα
3655 1748 3852 1817 ἰχθύες

559 1847 675 1889 cete
725 1838 897 1904 pisces
955 1835 1332 1894 nominantur,
1398 1845 1569 1897 neque
1614 1839 1869 1890 testacea,
1925 1838 1978 1881 et
2031 1828 2131 1877 alia

2244 1801 2519 1905 ierovmt:
2559 1801 2687 1894 ούτε
2725 1842 2833 1912 γὰρ
2873 1801 2938 1895 τὰ
2974 1841 3192 1912 κητώδη
3232 1801 3417 1913 ἰχθύες
3453 1801 3853 1910 ὀνομάζξνται,

559 1927 825 1992 quoidam,
867 1926 1021 1976 veluti
1054 1923 1233 1988 sepim,
1271 1921 1582 1989 polypodes.
1631 1927 1683 1971 et
1741 1918 1887 1971 hisce
1932 1916 2131 1968 aliinia.

2244 1931 2360 1983 οὕτε
2392 1931 2462 1983 τὰ
2509 1936 2952 2004 ὀστρακόδερμα,
2981 1938 3074 1987 καὶ
3105 1934 3242 1988 ἄλλα
3284 1935 3427 1996 τινὰ,
3463 1928 3578 1986 οἷον
3613 1935 3848 2003 σηπίαι.

562 2017 632 2072 Ut
661 2017 884 2085 proinde
915 2017 1012 2067 tria
1060 2016 1165 2066 sint
1202 2028 1419 2079 genera,
1448 2009 1704 2070 volatilia,
1754 2019 1807 2061 et
1859 2009 2052 2075 pisces,
2084 2016 2131 2058 et

2244 2024 2330 2074 καὶ
2361 2023 2684 2086 πολύποδες,
2710 2025 2805 2077 καὶ
2852 2027 2918 2078 τὰ
2947 2025 3159 2088 τούτοις
3191 2027 3458 2094 ὁμογενῆ.
3501 2025 3671 2077 Ὥστε
3708 2026 3850 2093 τρία

557 2119 888 2173 qna-cunque
919 2103 1168 2168 aquatilia
1203 2101 1415 2167 quidem
1450 2115 1569 2154 eum
1621 2101 1751 2162 sint,
1791 2112 1899 2150 non
1944 2108 2129 2150 tamen

2244 2108 2375 2164 εἶναι
2405 2113 2561 2180 γένη,
2590 2114 2836 2175 πετεινὰ,
2864 2116 2956 2167 καὶ
2994 2116 3207 2186 ἰχθύας,
3237 2119 3329 2169 καὶ
3353 2118 3456 2169 ὃσα
3486 2115 3686 2184 ἔνυδρα
3709 2115 3845 2184 μὲν.

555 2195 782 2263 piscium
812 2193 993 2257 generi
1031 2194 1477 2243 adnumerantur.

631 2285 860 2340 ZONAR
918 2285 969 2336 in
1024 2283 1272 2337 ran.16.
1326 2282 1691 2345 Interrogatus
1755 2290 1837 2335 est
1888 2292 2129 2344 sanctus,

2301 2296 2546 2347 ΖΩΝΑΡ.
2590 2295 2880 2365 Ἦρωτήθη
2910 2300 2936 2349 ὁ
2963 2298 3117 2364 ἆγιος
3153 2300 3246 2350 καὶ
3289 2299 3409 2360 πῶς
3449 2300 3483 2367 ή
3517 2297 3719 2366 Γραφὴ
3749 2295 3849 2348 λέ-

558 2380 830 2449 quomodo
863 2379 1002 2430 tliCul
1041 2377 1317 2444 Srriptura
1357 2374 1622 2433 Naaman,
1666 2372 1833 2424 fuisse
1880 2387 2130 2440 magnum

2244 2404 2315 2453 rat
2343 2389 2432 2438 τὸν
2459 2389 2695 2455 Νααμὰν
2731 2391 2908 2456 μέγαν
2938 2391 3088 2461 παρὰ
3133 2391 3342 2460 κυρίῳ·
3381 2390 3480 2442 καὶ
3537 2387 3698 2441 εἶπεν
3755 2390 3846 2449 ὡς

2239 2203 2316 2271 τῷ
2351 2204 2496 2268 γένει
2529 2204 2583 2255 δὲ
2613 2204 2722 2255 τῶν
2757 2204 2955 2272 ἰχθύων
2985 2207 3044 2257 ού
3089 2205 3549 2275 συνηρίομηνται.

561 2470 701 2536 apud
736 2470 1010 2520 dominum
1043 2484 1056 2520 :
1090 2477 1141 2519 et
1177 2465 1325 2526 dixit,
1366 2480 1466 2516 non
1520 2462 1684 2514 fuisse
1745 2461 1979 2513 Naaman
2022 2475 2131 2512 ma-

557 2576 719 2628 gnum
749 2561 887 2624 apud
922 2558 1108 2617 Deum,
1146 2559 1238 2608 sed
1285 2557 1424 2622 apud
1472 2553 1747 2606 dominum
1786 2567 1962 2614 suum,
1995 2552 2127 2616 sive,

559 2651 728 2703 fuisse
755 2665 918 2702 unum
951 2664 1012 2700 ex
1048 2647 1404 2699 latiiiliaribus
1456 2645 1592 2712 ejus,
1644 2651 1696 2696 et
1741 2643 1832 2711 qui
1881 2657 2128 2710 magnam

556 2742 695 2808 apud
722 2756 841 2793 eum
881 2749 1199 2807 potestatem
1232 2735 1566 2790 obtinebant.

626 2830 852 2884 ABIST.
885 2829 1020 2884 Can.
1048 2829 1132 2882 15.
1164 2827 1420 2882 Volucres
1467 2828 1586 2881 ρωιὶ
1631 2835 1685 2878 et
1736 2826 1910 2893 pisces
1963 2824 2127 2877 maris

2230 2479 2290 2529 ού
2321 2478 2470 2546 παρὰ
2498 2478 2573 2545 τῷ
2607 2478 2724 2546 Θεῷ
2757 2481 2931 2546 μέγας
2962 2473 3029 2548 ἦν
3057 2480 3085 2530 ό
3119 2480 3364 2546 Νεεμὰν,
3398 2478 3539 2531 ἀλλὰ
3566 2479 3724 2549 παρὰ
3758 2479 3846 2546 τῷ

2231 2571 2403 2638 κυρίῳ
2465 2570 2668 2623 αὐτοῦ’
2697 2572 2864 2640 ἠγουν
2901 2571 3010 2624 τῶν
3043 2572 3408 2643 ᾠκειωμένων
3458 2572 3689 2642 ἐκείνῳ,
3739 2570 3846 2624 καὶ

2235 2663 2404 2715 stolidi
2439 2664 2568 2732 παρ’
2613 2664 2810 2733 ἐκείνῳ
2841 2665 3185 2733 δυναμένων.

2296 2845 2513 2895 ᾹΙἾΣΤ.
2548 2845 2685 2896 Καν.
2712 2843 2792 2897 ιε’.
2827 2845 2908 2896 Τα
2934 2842 3155 2895 πετεινὰ
3187 2841 3278 2893 τοῦ
3302 2841 3538 2910 ούρανοῦ
3571 2840 3672 2892 καὶ
3703 2839 3842 2901 τοὺς

556 2920 837 2988 Scriptura
874 2921 1032 2973 simul
1064 2919 1247 2980 refert,
1300 2930 1581 2986 prapterea
1608 2919 1747 2985 quod
1780 2926 2126 2979 utrorumque

2251 2935 2417 3001 χθύις
2446 2936 2541 2998 τῆς
2570 2934 2848 3002 θαλάσσης
2880 2934 2994 3002 ἅμα
3016 2930 3168 2985 εἶπεν
3203 2933 3452 3002 ήΓραφή
3473 2948 3488 2962 ο
3523 2932 3606 2983 ὅτι
3639 2933 3707 2983 ὲκ
3735 2929 3844 2982 Θα-

554 3021 704 3064 ortus
755 3027 817 3064 ex
872 3012 1002 3063 mari
1048 3012 1139 3062 sit.
1176 3009 1395 3062 Addidit
1428 3025 1576 3072 vero,
1631 3024 1746 3076 qum
1790 3024 1881 3071 per
1912 3008 2124 3060 semitas

2244 3023 2433 3092 ιάσσης
2507 3025 2835 3093 ἀμφοτέρων
2885 3027 2918 3093 ἡ
2969 3024 3202 3090 γένεσις.
3278 3021 3562 3088 Ἐπήγαγε
3624 3021 3706 3081 δὲ,
3764 3021 3844 3072 τὰ

555 3104 779 3154 marium
834 3110 1128 3161 transeunt,
1187 3111 1404 3167 propter
1445 3112 1691 3162 cetacea,
1747 3109 1799 3151 et
1865 3109 2118 3161 testacea,

2244 3116 2698 3185 ἲιαπορευόμενα
2733 3119 2971 3183 τρίϐους
3003 3113 3359 3174 θαλασσῶν.
3389 3114 3478 3167 διὰ
3501 3113 3573 3166 τὰ
3604 3115 3838 3183 κητώδη

553 3207 782 3260 quorum
816 3193 1016 3244 nullum
1048 3199 1130 3244 est
1168 3194 1352 3258 piscis.

625 3282 850 3334 ARIST.
886 3281 1016 3334 Can.
1059 3281 1144 3334 16.
1182 3281 1419 3333 Naaman
1475 3297 1701 3348 magnus
1753 3281 1894 3351 apud
1944 3279 2122 3333 domi-

556 3385 680 3421 num
723 3387 736 3423 ε
777 3385 879 3422 non
922 3371 1109 3428 Deum,
1141 3370 1232 3422 sed
1262 3371 1536 3422 dominum
1575 3386 1750 3422 suum.

627 3460 678 3511 In
705 3459 851 3512 hisce
883 3459 1092 3510 duobus
1121 3461 1407 3526 capitibus,
1439 3475 1628 3525 nempe
1657 3459 1724 3511 'l5
1769 3467 1821 3511 et
1867 3457 1932 3512 16
1976 3457 2117 3510 nulla

553 3560 637 3607 est
667 3552 1062 3616 interpretatio,
1114 3551 1369 3616 quoniam
1405 3552 1504 3602 ista
1556 3561 1683 3603 sunt
1726 3551 1904 3620 potius
1929 3550 2119 3610 {inter-

556 3642 886 3709 pretatioues
918 3640 1211 3707 Scriptura:
1250 3642 1541 3693 verborum
1601 3656 1627 3691 a
1681 3649 1868 3693 sancto
1899 3639 2123 3707 Amphi-

558 3733 733 3785 locbio
783 3732 979 3784 Basilio
1028 3746 1222 3798 magno
1275 3733 1618 3784 eritissorum.
1675 3733 1753 3782 Ad
1802 3731 2124 3798 qua'stiones

557 3816 701 3870 enim
728 3817 792 3868 de
817 3817 1012 3882 quibus
1037 3818 1123 3868 ille
1157 3817 1440 3881 haesitavit,
1470 3832 1786 3884 responsum
1816 3818 1983 3871 dedit.

575 4074 972 4091 Mm

2228 3209 2318 3260 καὶ
2357 3205 2786 3274 ὀστρακόδερμα,
2808 3197 2883 3259 ὧν
2928 3207 3077 3258 οὐδέν
3107 3207 3254 3257 ἐστιν
3287 3203 3460 3274 ἰχθύς.

2298 3297 2520 3351 ΔΡΙΣΤ.
2556 3298 2691 3349 Καν.
2729 3295 2825 3360 ις’.
2891 3296 3129 3364 Νααμὰν
3171 3297 3344 3365 μέγας
3378 3297 3534 3365 παρὰ
3592 3296 3674 3364 τῷ
3728 3312 3840 3347 κυο

2229 3385 2350 3454 ρίῳ,
2398 3385 2458 3436 οὑ
2489 3385 2568 3452 τῷ
2597 3385 2736 3453 Θεῷ,
2768 3385 2902 3436 ἀλλὰ
2936 3385 3016 3453 τῷ
3047 3386 3218 3454 κυρίῳ
3248 3383 3435 3437 αὐτοῦ.

2318 3472 2405 3524 Ἐν
2435 3471 2645 3534 τούτοις
2694 3478 2805 3535 τοῖς
2835 3474 2959 3527 δυσὶ
3010 3473 3354 3542 κεφαλαίοις,
3391 3473 3566 3543 ἤγουν
3622 3473 3709 3542 τῷ
3769 3492 3832 3524 ιεο

2229 3561 2325 3613 καὶ
2353 3559 2430 3629 τῷ
2459 3567 2543 3623 ις’
2575 3561 2844 3630 ἑρμηνεία
2891 3561 2988 3612 οὒκ
3017 3560 3157 3625 ἔστι,
3191 3561 3279 3613 διὰ
3315 3563 3377 3613 τὸ
3425 3558 3570 3613 εἶναι
3648 3559 3838 3613 ταῦτα

2235 3650 2439 3719 μᾶλλον
2465 3651 2767 3720 ἑρμηνείας
2795 3650 2904 3703 τῶν
2937 3651 3366 3721 ἀπορῤηθέντων
3396 3651 3697 3720 γραφικῶν
3732 3654 3841 3721 ρη-

2235 3743 2421 3808 μάτων
2447 3741 2600 3811 παρὰ
2627 3740 2721 3792 τοῦ
2753 3742 2913 3808 ἁγίου
2949 3741 3307 3810 Ἀμφιλοχίου
3347 3742 3425 3810 τῷ
3465 3742 3696 3811 μεγάλῳ
3726 3744 3838 3791 8:-

2235 3832 2436 3900 σιλείῳ.
2463 3832 2606 3901 Πρὸς
2634 3832 2742 3901 γὰρ
2768 3832 2837 3885 τὰ
2857 3834 3172 3903 ζητήματα,
3203 3834 3239 3887 ἃ.
3260 3836 3391 3904 παρ’
3422 3833 3595 3887 αὑτοῦ
3627 3834 3838 3902 διηποη-

2238 3927 2402 3994 ρείτο,
2438 3927 2676 3978 ἐποιεῖτο
2715 3925 2811 3977 καὶ
2843 3925 2945 3994 τὴν
2980 3926 3299 3996 ἀπόκρισιν.

2041 4080 2465 4091 c——_—————r

1690 4202 2034 4333 ΤΟΥ
2111 4195 2682 4333 ΑΥΤΟΥ

1321 4402 1581 4484 ΠΕΡΙ
1675 4399 2220 4486 ΚΑΝΟΝΩΝ
2296 4401 2871 4487 ΕΠΙΣΤΟΛΗ
2948 4403 3049 4486 B'.

1861 4651 2494 4764 EJUSDEM

1445 4842 2041 4931 CANONICA
2115 4842 2698 4934 EPISTOLA
2757 4848 2893 4936 Ιῐ.

1049 5060 1151 5129 73
1181 5059 1407 5112 CANON
1439 5049 1612 5113 'xx‘n.

2838 5067 2877 5116 Κ
2891 5067 3078 5119 ΑΝΩΝ
3110 5064 3201 5120 ΙΖ’.

637 5176 771 5229 Cum
822 5174 1024 5242 pridem
1073 5173 1136 5224 ad
1181 5172 1484 5240 propositas
1525 5171 1742 5223 nobisa
1794 5180 1883 5222 tua
1921 5172 2117 5235 pietate

2288 5165 2461 5216 Πάλαι
2507 5163 2640 5233 πρὸς
2693 5167 2792 5226 τὰς
2836 5167 2986 5233 παρὰ
3013 5164 3108 5232 τῆς
3141 5162 3431 5225 εὐλαϐείας
3462 5180 3558 5216 σου
3604 5181 3824 5234 προτα-

573 5265 893 5333 ᾳυωεῑὶοηρε
937 5261 1378 5329 respondissem;
1437 5276 1542 5311 non
1615 5260 1734 5311 misi
1801 5259 2063 5325 scriptum
2101 5297 2115 5318 ,

573 5358 765 5419 partim
821 5353 1032 5419 quidem
1084 5351 1241 5417 longo
1282 5358 1332 5401 et
1369 5350 1676 5416 periculoso
1710 5350 1898 5400 morbo
1928 5350 2119 5399 deten-

571 5453 678 5504 tus,
711 5442 903 5509 partim
943 5456 1069 5493 vero
1126 5449 1343 5506 pmpter
1394 5441 1674 5506 penuriam
1722 5439 2115 5489 ministrorum.

572 5531 732 5583 Pauci
774 5531 916 5583 enim
969 5529 1105 5598 apud
1147 5545 1265 5589 nos,
1321 5540 1372 5580 et
1411 5530 1505 5580 vim
1548 5530 1725 5595 periti.
1764 5537 1815 5581 et
1849 5529 2018 5596 parati
2056 5526 2120 5578 ad

572 5620 836 5686 ejusmodi
922 5618 1248 5669 ministeria.
1316 5616 1509 5680 Quare,
1548 5617 1780 5684 cognitis
1847 5631 2119 5668 morarum

573 5711 774 5772 causis,
813 5709 1033 5777 ignosce
1060 5709 1511 5762 nobis.Admirati
1545 5719 1720 5763 autem
1752 5724 1938 5762 sumus
1971 5716 2120 5759 tuum

2221 5251 2402 5313 Οείσας
2563 5256 2694 5320 ἡμῖν
2726 5255 3020 5321 ἐρωτήσεις
3043 5253 3511 5324 ἀποκρινάμενος,
3540 5254 3642 5305 οὐκ
3701 5256 3824 5306 ἀπ-

2227 5343 2439 5393 έστειλα
2463 5343 2521 5392 τὸ
2553 5344 2805 5410 γράμμα,
2831 5343 2984 5394 τοῦτο
3014 5343 3110 5412 μὲν
3142 5342 3244 5394 ὑπὸ
3265 5344 3363 5413 τῆς
3387 5344 3702 5412 ἀρρωστίας
3715 5345 3827 5414 τῆς

2225 5433 2437 5498 μακρᾶς
2489 5432 2579 5481 καὶ
2641 5431 2979 5482 ἐπικινδύνου
3017 5432 3358 5501 ἀσχοληθεὶς,
3415 5433 3576 5484 τοῦτο
3617 5431 3677 5483 δὲ
3705 5433 3827 5482 ὑπὸ

2221 5519 2317 5586 τῆς
2359 5521 2586 5588 ἀπορίας
2626 5518 2732 5570 τῶν
2765 5519 3208 5588 διακονουμένων.
3268 5521 3466 5587 Ὀλίγοι
3506 5519 3613 5590 γὰρ
3665 5522 3813 5587 παρ’

2224 5609 2350 5675 ἡμῖν
2393 5607 2486 5658 καὶ
2523 5608 2640 5659 ὁδοῦ
2677 5607 2951 5678 ἔμπειροι,
2988 5611 3080 5662 καὶ
3109 5613 3624 5680 παρεσκευασμένοι
3670 5611 3822 5680 πρὸς

2221 5697 2317 5756 τὰς
2344 5698 2593 5759 τοιαύτας
2646 5699 2965 5767 ὑπηρεσίας.
3001 5701 3181 5766 Ὥστε,
3233 5699 3421 5770 μαθὼν
3472 5702 3570 5764 τὰς
3625 5705 3819 5765 αἰτίας
