4018 6458
219 371 318 432 MT;

1132 373 1210 432 ΙΝ
1254 375 1490 436 EPIST.
1539 376 1597 438 S.
1649 376 1936 439 BASiHI
1971 379 2413 441 CANONICAM
2458 382 2539 442 Il.

3356 392 3457 455 646

217 502 314 572 τῆς
361 499 719 570 βραδυτῆτος,
757 497 842 559 δὸς
887 497 1014 566 ἡμῖν
1053 497 1152 566 τὴν
1199 496 1549 564 συγγνώμην.
1611 494 1791 546 Ἐθαυ-

1895 505 2136 561 discendi
2191 508 2452 572 studium,
2492 511 2654 564 simul
2699 517 2750 564 et
2785 511 3167 576 humilitatem,
3207 512 3349 581 quod
3400 522 3455 568 et

220 594 476 662 μάσαμεν
524 590 582 641 δέ
640 606 730 640 σου
761 590 857 657 τὴν
902 586 1256 656 φιλομάθειαν
1285 584 1420 654 ὁμοῦ
1468 585 1560 636 καὶ
1590 583 1686 653 τὴν
1710 600 1801 634 τα-

219 680 685 752 πεινοφροσύνην·
728 680 806 730 ὅτι
849 678 944 731 καὶ
995 675 1184 748 μαθεῖν
1229 674 1521 745 καταδέχῃ,
1567 676 1665 745 τὴν
1701 674 1796 728 τοῦ

216 775 492 826 διδάσκειν
525 772 690 835 -τάξιν
736 768 1183 835 πεπιστευμένος,
1212 768 1305 818 καὶ
1328 766 1614 836 μανθάνειν
1669 766 1798 835 παρ’

218 856 502 932 ἡμῶν,οἷς
532 859 679 912 οὐδὲν
723 858 862 927 μέγα
916 858 1174 926 πρόσεστι
1211 853 1346 923 πρὸς
1390 853 1609 920 γνῶσιν.
1659 853 1795 904 Ἀλλ’

220 954 410 1022 ὅμως,
465 950 648 1018 ἐπειδὴ
699 949 966 1017 καταδέχῃ
1028 943 1115 998 διά
1145 945 1236 996 τὸν
1290 943 1450 1010 φόΰον
1509 943 1600 994 τοῦ
1660 942 1792 994 Θεοῦ

224 1046 399 1094 ποιεῖν
457 1044 688 1111 πρᾶγμα
728 1042 787 1092 οὐ
837 1039 1034 1110 ῥᾳδίως
1080 1039 1211 1105 παρ’
1261 1037 1446 1105 ἐτέρου
1487 1036 1793 1102 γινόμενον,

228 1133 333 1201 χρὴ
358 1133 451 1183 καὶ
477 1133 620 1199 ἡμᾶς
647 1134 711 1200 τῇ
739 1128 1016 1199 προθυμίᾳ
1047 1144 1138 1178 σου
1168 1128 1260 1178 καὶ
1285 1129 1350 1195 τῇ
1379 1127 1555 1194 ἀγαθῇ
1591 1125 1791 1194 σπουδῇ

226 1223 576 1292 συναίρεσθαι
608 1223 702 1273 καὶ
724 1222 862 1291 ὑπὲρ
891 1219 1139 1287 δύναμιν,

441 1312 758 1381 Ἢρώτησας
799 1312 944 1378 ἡμᾶς
980 1311 1104 1378 περὶ
1145 1308 1397 1376 Βιάνορος
1426 1305 1518 1358 τοῦ
1556 1302 1794 1374 πρεσϐυ-

224 1404 407 1472 τέρου,
439 1405 487 1454 εί
507 1402 691 1462 δεκτός
719 1393 863 1452 ἐστιν
896 1402 972 1460 εἰς
1000 1399 1088 1451 τὸν
1119 1398 1342 1466 κλῆρον,
1375 1396 1462 1447 διὰ
1495 1394 1585 1447 τὸν
1613 1396 1791 1464 ὅρκον.

239 1492 380 1557 Ἐγὼ
399 1492 455 1544 δὲ
480 1491 578 1559 ήδη
613 1490 733 1542 τινὰ
763 1489 938 1540 κοινὸν
969 1490 1091 1557 ὅρον
1127 1489 1254 1556 περὶ
1280 1486 1497 1537 πάντων
1520 1486 1654 1553 ὁμοῦ
1687 1485 1794 1536 τῶν

229 1584 345 1650 μετ’
381 1580 546 1633 αὑτοῦ
591 1579 953 1647 ὀμωμοκότων
991 1581 1102 1638 τοῖς
1153 1578 1270 1628 κατ’
1314 1576 1639 1644 Ἀντιόχειαν
1664 1575 1796 1643 κλη-

230 1674 402 1740 ρικοῖς
444 1667 559 1722 οἶδα
620 1669 972 1730 ἐκτεθεικώς·
1026 1669 1164 1721 ὥστε
1219 1667 1326 1718 τῶν
1379 1667 1476 1736 μὲν
1526 1666 1795 1734 δημοσίων

227 1759 424 1818 αὐτοὺς
446 1757 743 1825 ἀπέχεσθαι
768 1757 1057 1824 συλλόγων,
1097 1755 1203 1822 ἰδίᾳ
1240 1755 1296 1806 δὲ
1323 1755 1564 1823 ἐνεργεῖν
1726 1751 1795 1803 τὰ

1893 596 2106 651 discere
2135 614 2238 651 non
2266 600 2529 668 graveris,
2555 616 2676 654 cum
2712 601 2943 654 docendi
2983 603 3134 655 locns
3166 605 3262 656 tibi
3303 619 3454 657 com-

1893 689 2096 744 missus
2159 691 2231 742 sit
2261 733 2276 756 ,
2333 701 2385 743 et
2414 707 2443 744 a
2499 682 2659 746 nobis
2705 691 2934 757 discere,
2971 695 3168 761 quibus
3203 696 3336 748 nihil
3370 703 3454 750 est

1894 779 2075 845 magni
2117 779 2182 832 ad
2213 782 2519 856 scientiam.
2553 781 2658 835 Sed
2695 789 2874 834 tamen
2907 783 3036 850 quia
3067 800 3173 836 non
3208 787 3453 852 gravaris

1892 867 1963 920 ob
1993 868 2243 922 timorem
2294 869 2385 923 Dei
2421 887 2529 924 rem
2576 872 2772 935 facere,
2823 889 2985 941 quam
3028 876 3167 929 alius
3200 877 3341 928 haud
3377 874 3454 928 fa-

1892 958 1993 1010 cile
2049 958 2254 1022 I'aciat,
2309 971 2518 1027 oportet
2563 972 2618 1013 nt
2662 972 2714 1015 et
2774 979 2872 1017 nos
2933 975 3034 1016 tua:
3087 965 3352 1016 alacritati
3390 979 3452 1016 ac

1895 1044 2036 1100 bono
2067 1049 2244 1102 studio
2275 1065 2427 1118 Opem
2457 1052 2616 1103 etiam
2651 1055 2790 1105 ultra
2825 1055 2966 1106 vires
2994 1055 3256 1107 feramus.

2155 1296 2495 1365 Interrogasti
2528 1314 2628 1352 nos
2659 1300 2724 1352 de
2754 1299 2980 1352 Bianore
3010 1300 3344 1368 presbytero,
3385 1315 3451 1351 an

1894 1383 1948 1438 in
1993 1385 2198 1437 clerum
2269 1386 2477 1439 admitti
2533 1390 2744 1455 possit,
2785 1398 3005 1458 propter
3043 1391 3450 1456 jusjurandum.

1894 1473 2006 1544 Ego
2053 1484 2230 1528 autem
2279 1491 2360 1529 me
2391 1479 2499 1542 jam
2545 1495 2883 1532 communem
2924 1481 3180 1548 aliquam,
3211 1481 3451 1547 regulam

1894 1565 1962 1619 de
1993 1567 2245 1619 omnibus
2295 1569 2385 1635 qui
2444 1583 2546 1620 una
2595 1583 2716 1621 cum
2753 1586 2817 1620 eo
2849 1573 3167 1637 jnravcrant
3194 1612 3208 1635 ,
3261 1570 3455 1622 Antio-

1895 1658 2082 1710 chenis
2118 1658 2330 1709 clericis
2364 1657 2599 1711 edidisse
2635 1660 2850 1711 memini
2879 1678 2891 1716 :
2923 1670 2977 1712 ut
3023 1661 3122 1727 ipsi
3156 1677 3183 1712 a
3220 1661 3455 1725 publicis

1893 1746 2110 1816 quidem
2129 1747 2483 1800 conventibus
2518 1749 2842 1810 abstineant.
2865 1751 3114 1819 privatim
3327 1764 3453 1801 vero

225 1844 336 1896 τῶν
388 1843 791 1913 πρεσϐυτέρων.
845 1845 916 1895 Τὸ
955 1850 1084 1896 αυτο
1133 1845 1188 1894 δὲ
1211 1843 1367 1895 τοῦτο
1400 1844 1493 1894 καὶ
1527 1843 1662 1912 πρὸς
1695 1842 1791 1909 τὴν

1895 1841 2078 1892 munia
2152 1841 2348 1893 obeant
2404 1840 2864 1908 presbyterorum.
2933 1841 2986 1895 Id
3037 1843 3212 1909 ipsum
3276 1851 3457 1894 autent

226 1931 423 1985 ἐαυτοῦ
485 1934 783 2006 ὑπηρεσίαν
827 1935 1005 1987 ἄδειαν
1045 1933 1191 2003 αὐτῷ
1234 1934 1501 2003 παρέχει·
1535 1933 1664 1984 διότι
1697 1933 1796 1984 οὐκ

226 2023 284 2072 ἐν
326 2022 624 2092 Ἀντιοχείᾳ
681 2026 825 2075 ἐστὶν
877 2028 907 2093 ἡ
964 2025 1250 2094 ἱερωσῦνη,
1304 2024 1417 2076 ἀλλ’
1449 2026 1507 2076 ἐν
1548 2024 1752 2092 Ἰκονίῳ
1779 2039 1790 2049 ⁸

228 2110 310 2179 ἦν,
343 2112 419 2174 ὡς
451 2113 616 2174 αὐτὸς
667 2114 977 2176 ἐπέστειλας
1012 2117 1164 2184 ἡμῖν,
1204 2117 1302 2184 τῆς
1350 2113 1677 2181 Ἀντιοχείας
1715 2114 1794 2173 είς

222 2200 439 2269 οἴκησιν
491 2203 870 2270 ἀντηλλάξατο.
929 2206 1111 2267 Ἔστιν
1164 2202 1255 2257 οὖν
1289 2206 1476 2267 δεκτὸς
1525 2207 1729 2265 ἐκεῖνος
1766 2206 1793 2256 ὁ

224 2289 382 2356 ἀνὴρ,
420 2291 816 2359 ἀπαιτούμενος
871 2294 1018 2363 παρὰ
1047 2295 1146 2362 τῆς
1191 2295 1470 2356 εὐλαϐείας
1496 2311 1587 2346 σου
1629 2310 1794 2362 μετα-

229 2378 485 2446 μέλεσθαι
521 2381 610 2431 ἐπὶ
643 2384 706 2449 τῇ
744 2383 960 2452 εὐκολίᾳ
997 2383 1088 2435 τοῦ
1114 2383 1296 2453 ὅρκου,
1329 2385 1387 2436 όν
1419 2387 1510 2436 ἐπὶ
1547 2383 1641 2436 τοῦ
1670 2384 1794 2435 ἀπί-

227 2485 350 2521 στου
409 2471 599 2539 ἀνδρὸς
811 2474 1152 2542 ἐξωμόσατο,
1214 2476 1479 2543 βαστάσαι
1534 2477 1631 2545 τὴν
1710 2478 1793 2528 ὲν-

225 2557 446 2630 όχλησιν
469 2561 562 2612 τοῦ
593 2562 788 2631 μικροῦ
805 2564 1011 2618 ἐκείνου
1043 2566 1283 2619 κινδύνου
1321 2568 1393 2636 μὴ
1421 2567 1682 2637 δυνηθείς.

279 2725 478 2779 ΒΑΛΣ.
525 2723 612 2786 Ὠς
643 2724 809 2787 ἔοικε,
861 2724 1003 2785 τινὲς
1035 2725 1201 2792 ἱερεῖς
1244 2724 1562 2792 Ἀντιοχεῖς,
1595 2718 1669 2775 ὧν
1705 2719 1784 2783 εἷς

210 2811 278 2888 ἦν
314 2815 411 2868 καὶ
459 2816 487 2866 ό
527 2813 761 2882 Βιάνωρ⁹
835 2811 1059 2881 ὤμοσαν
1101 2813 1212 2867 ἀπὸ
1266 2813 1500 2881 ἀπειλῆς
1558 2814 1788 2864 ἀπίστου

210 2909 354 2968 τινὸς
403 2907 571 2973 ὅρκον
610 2905 893 2974 ἀθέμιτον,
924 2906 1218 2958 κάντεῦθεν
1249 2904 1645 2958 ὲσκανδάλισαν
1665 2904 1790 2965 τοὺς

209 2998 555 3066 όρθοδόξους,
611 2998 686 3058 ὡς
720 2996 794 3066 μὴ
842 2997 1240 3064 ὕπενεγκόντες
1290 3000 1393 3066 τὴν
1421 2998 1644 3066 ὄχλησιν
1694 2994 1789 3046 τοῦ

213 3089 469 3144 ἀπίστου.
501 3088 607 3140 Τοῦ
638 3088 767 3155 γοῦν
794 3088 1052 3158 Βιάνορος
1101 3089 1159 3151 ἐξ
1212 3088 1547 3155 Ἀντιοχείας
1604 3104 1790 3154 μετοι-

1896 1933 2059 1985 etiam
2093 1933 2140 1985 ei
2172 1934 2411 1985 muneris
2442 1934 2524 1986 sui
2558 1934 2844 2001 peragendi
2883 1934 3084 2000 prrebet
3127 1934 3453 1995 libertatem,

1895 2023 2036 2091 quod
2076 2038 2182 2076 non
2212 2025 2282 2076 sit
2312 2024 2609 2076 Antiochiae
2669 2025 3052 2083 sacerdotium,
3117 2025 3208 2076 sed
3245 2024 3405 2076 lconii
3435 2037 3454 2076 :

1896 2127 2058 2180 quam
2100 2114 2308 2175 urbem,
2342 2121 2398 2165 ut
2428 2114 2538 2180 ipse
2573 2113 2638 2165 ad
2689 2129 2787 2166 nos
2829 2113 3128 2181 scripsisti,
3167 2113 3454 2165 Antiochia

1894 2203 1960 2256 ad
2013 2203 2359 2256 habitandum
2417 2205 2760 2270 permutavit.
2803 2202 2939 2269 Ergo
2992 2203 3070 2253 \ir
3104 2203 3191 2254 ille
3251 2204 3452 2268 suscipi

1894 2301 2115 2360 potest;
2175 2294 2481 2360 postulante
2533 2294 2598 2345 ab
2658 2309 2722 2345 eo
2767 2294 2964 2359 pietate
3021 2299 3108 2342 tna
3146 2331 3160 2352 ,
3229 2301 3286 2344 ut
3348 2307 3455 2360 pm-

1894 2383 2175 2435 nitentiam
2227 2391 2348 2450 agat
2383 2422 2394 2443 ,
2451 2382 2520 2434 ob
2554 2381 2765 2435 facilem
2802 2393 2854 2434 et
2903 2392 3207 2449 promptum
3246 2383 3308 2434 ad
3335 2382 3454 2449 jus-

1889 2472 2181 2538 jurandum
2255 2475 2531 2531 animum,
2596 2473 2738 2539 quod
2811 2489 2993 2526 coram
3072 2476 3268 2528 infideli
3333 2478 3455 2529 viro

1888 2561 2092 2627 jnravil
2121 2603 2136 2626 ,
2169 2563 2469 2616 molestiam
2518 2562 2656 2616 ferre
2705 2565 2882 2632 exigui
2918 2567 3061 2620 illius
3085 2567 3307 2634 periculi
3343 2582 3454 2622 non

1896 2652 2100 2704 valens.

1970 2726 2164 2776 BALS.
2193 2722 2420 2788 Quidam
2450 2723 2793 2787 Antiocheni,
2829 2733 2885 2777 nt
2932 2713 3222 2781 verisimile
3248 2736 3346 2788 est,
3387 2741 3472 2779 sa-

1893 2815 2139 2866 cerdotes
2183 2827 2411 2880 quorum
2460 2828 2597 2865 unus
2629 2823 2748 2866 erat
2795 2817 2953 2866 etiam
3005 2815 3224 2877 Bianor,
3257 2827 3476 2883 propter

1893 2904 2124 2957 inﬁdelis
2175 2905 2474 2972 cujuspiam
2534 2906 2709 2958 tninas
2783 2907 3047 2959 nefarium
3094 2909 3473 2974 jusjurandum

1889 2995 2183 3063 jurarunt;
2249 3003 2304 3046 et
2361 2994 2482 3046 ideo
2517 2995 2853 3048 orthodoxos
2891 2995 3255 3058 oﬂ‘endernnt,
3292 3009 3347 3048 ιιι
3383 2998 3474 3065 qni

1895 3085 2130 3136 inﬁdelis
2165 3083 2471 3136 molestiam
2507 3099 2613 3137 non
2671 3085 3049 3139 sustinuerint.
3105 3086 3240 3140 Cum
3296 3089 3478 3155 itaque

214 3181 486 3249 κήσαντος
535 3181 615 3240 είς
649 3180 708 3232 τὸ
753 3181 995 3244 Ἰκόνιον,
1036 3179 1133 3232 καὶ
1165 3178 1258 3231 τοῦ
1321 3180 1477 3246 ἁγίου
1527 3179 1790 3247 Ἀμφιλο-

1898 3179 2092 3232 Bianor
2120 3193 2186 3231 ex
2234 3179 2521 3231 Antiochia
2574 3177 2813 3231 Iconium
2864 3179 3146 3246 migrasset
3177 3188 3230 3229 et
3259 3188 3478 3232 sanctus

213 3273 332 3340 χίου
362 3272 458 3325 τοῦ
510 3272 998 3340 ἁρχιερατεύοντος
1051 3275 1108 3325 ἐν
1151 3274 1358 3341 Ἰκονίῳ
1401 3273 1787 3343 ἐρωτήσαντας

211 3365 301 3417 τὸν
335 3365 493 3431 ἅγιον
521 3365 569 3415 ει
605 3364 794 3424 δεκτός
829 3366 980 3416 ἐστιν
1025 3367 1105 3427 είς
1156 3365 1356 3434 κλῆρον
1411 3367 1437 3416 ό
1469 3365 1631 3423 αὐτὸς
1668 3361 1786 3413 Βιά-

212 3473 344 3525 νωρ,
374 3455 758 3522 ἀπελογήσατο
792 3457 819 3506 ό
842 3456 995 3522 ἅγιος
1022 3456 1104 3508 ὅτι
1147 3457 1339 3506 Κοινὸν
1369 3456 1494 3521 ὅρον
1539 3453 1657 3523 ἦτοι
1697 3469 1790 3504 κα-

215 3547 341 3598 νόνα
378 3547 648 3615 ἐξεθέμην
699 3547 827 3614 περὶ
870 3546 977 3597 τῶν
1022 3548 1078 3598 ἐν
1129 3546 1433 3614 Ἀντιοχείᾳ
1468 3543 1787 3612 ὀμοσάντων

220 3638 434 3707 ἱερέων,
466 3638 552 3688 ἵνα
599 3630 745 3688 οὗτοι
785 3638 891 3689 τῶν
950 3638 1049 3706 μὲν
1098 3640 1374 3707 δημοσίων
1423 3638 1544 3705 ἦτοι
1593 3635 1790 3687 κοινῶν

217 3729 493 3794 συλλόγων
554 3728 886 3797 ἀπέχωνται,
951 3730 1058 3799 ίδίᾳ
1109 3732 1166 3782 δὲ
1233 3728 1496 3800 ἐνεργῶσι
1554 3728 1622 3780 τὰ
1681 3725 1789 3778 τῶν

218 3821 631 3891 πρεσϐυτέρων,
679 3823 815 3891 ὅπερ
878 3822 970 3875 καὶ
1026 3822 1052 3873 ὀ
1085 3821 1298 3891 Βιάνωρ
1353 3823 1438 3872 ἐπ’
1469 3820 1647 3880 ἀδείας
1675 3817 1790 3886 ἔχει

215 3917 410 3965 ποιεῖν’
453 3913 548 3965 καὶ
617 3913 821 3981 μᾶλλον
863 3913 944 3966 ὅτι
1005 3913 1126 3964 οὐδὲ
1179 3914 1236 3965 ἐν
1275 3911 1580 3981 Ἀντιοχείᾳ
1607 3909 1788 3980 μέλλει

216 4003 538 4075 ἱερουργεῖν,
576 4005 670 4056 καὶ
703 4004 789 4055 διὰ
834 4004 994 4057 τοῦτο
1035 4003 1415 4066 σκανδαλίζει-δ
1444 4004 1570 4064 τοὺς
1613 3999 1788 4067 ὀρῶν-

212 4109 308 4154 τας
338 4094 502 4145 αὑτὸν
539 4097 680 4161 μετὰ
730 4094 820 4145 τὸν
873 4093 1037 4163 ὅρκον
1080 4090 1492 4161 ἱερουργοῦντα,
1563 4087 1697 4139 ἀλλὰ
1732 4087 1790 4138 ἐν

225 4184 453 4252 Ἰκονίῳ,
489 4184 620 4236 ἔνθα
663 4182 971 4253 μετῴκησε,
1001 4183 1096 4236 καὶ
1147 4182 1279 4243 ἴσως
1320 4181 1440 4232 οὐδὲ
1486 4177 1786 4231 σκανδάλου

213 4275 385 4336 αῖτιος
415 4275 729 4343 γενήσεται.
753 4274 827 4336 ὡς
860 4274 969 4325 τῶν
1011 4272 1223 4325 πολλῶν
1248 4273 1384 4341 μηδὲ
1417 4271 1638 4324 εἰδότων
1690 4268 1790 4337 τὴν

211 4363 304 4416 τοῦ
363 4365 529 4432 ὅρκου
581 4363 820 4433 τελετήν.
895 4363 1040 4430 Πλὴν
1076 4360 1193 4424 οὖν,
1249 4364 1404 4430 φησι,
1466 4361 1568 4414 κᾶν
1605 4360 1791 4420 δεκτός

212 4454 361 4503 ἐστιν
404 4454 484 4513 εἰς
530 4451 591 4504 τὸ
631 4453 961 4520 ἱερουργεῖν,
1018 4452 1155 4504 ἀλλὰ
1193 4452 1560 4520 ἀπαιτηθήτω
1628 4465 1792 4518 μετα-

214 4545 352 4595 νοεῖν
377 4545 472 4596 ἐπὶ
504 4546 573 4612 τῇ
617 4543 834 4613 εὐκολίᾳ
868 4543 964 4596 τοῦ
1000 4544 1189 4612 ὅρκου,
1221 4545 1340 4612 ἤτοι
1382 4544 1474 4595 ἐπὶ
1513 4541 1590 4610 τῷ
1640 4540 1794 4592 εὐκό-

213 4635 319 4695 λως
367 4636 461 4686 καὶ
500 4635 805 4704 προχείρως
849 4636 1069 4704 ὀμόσαι,
1131 4633 1440 4696 ὲνδεδωκὼς
1481 4633 1567 4684 διὰ
1622 4629 1787 4697 φόϐον

218 4721 416 4789 μικροῦ
459 4721 726 4774 κινδύνου.

288 4813 533 4867 ΖΩΝΛΡ.
587 4815 829 4884 Ἀσαφής
865 4817 1014 4869 ἐστιν
1055 4818 1089 4886 ἡ
1134 4817 1427 4885 ἀπόκρισις
1483 4812 1646 4882 αὕτη,
1716 4812 1790 4882 μὴ

214 4903 378 4974 οὔσης
412 4905 580 4976 δήλης
606 4906 704 4974 τῆς
729 4909 1075 4978 ἐρωτήσεως.
1125 4909 1274 4971 Τέως
1296 4907 1351 4960 δὲ
1396 4907 1612 4974 λέγεται
1664 4907 1791 4959 ἄπι-

219 4998 342 5050 στόν
371 5016 492 5050 τινα
552 4999 728 5062 ἐνίους
774 4999 882 5051 τῶν
934 5004 992 5053 ἐν
1040 5001 1344 5070 Ἀντιοχείᾳ
1400 4997 1792 5068 πρεσϐυτέρων

219 5088 510 5156 βιάσασθαι
555 5090 808 5151 ἀπειλαῖς
852 5091 1052 5158 ὀμόσαι
1085 5090 1159 5157 μὴ
1197 5091 1442 5155 ἐνεργεῖν
1476 5089 1546 5139 τὰ
1573 5087 1680 5138 τῶν
1717 5088 1792 5137 ιε-

221 5181 376 5249 ρέων.
431 5177 533 5232 Ὧν
564 5175 638 5243 εἷς
673 5183 992 5252 μετῴκησεν
1043 5185 1121 5242 εἰς
1181 5182 1238 5234 τὸ
1281 5182 1522 5244 Ἰκόνιον,
1573 5181 1700 5249 περὶ
1729 5172 1790 5232 οὗ

220 5272 309 5324 καὶ
335 5273 437 5340 τὴν
485 5270 754 5341 ἐρώτησιν
801 5275 1098 5343 ἐποιήσατο
1130 5275 1156 5325 ό
1188 5272 1342 5339 ἅγιος
1417 5271 1787 5339 Ἀμφιλόχιος.

218 5363 384 5431 Φησὶν
415 5363 512 5415 οὖν
532 5365 558 5415 ό
581 5363 754 5430 μέγας
781 5365 1058 5425 Βασίλειος
1096 5366 1179 5416 ὅτι
1214 5365 1406 5415 Κοινὸν
1438 5365 1583 5431 ὅρον,
1621 5363 1791 5430 ἤγουν

220 5456 417 5526 κανόνα
476 5459 572 5507 καὶ
613 5455 805 5518 τύπον,
839 5456 1108 5525 ἐξεθέμην
1173 5459 1301 5526 περὶ
1337 5455 1550 5506 πάντων
1590 5453 1697 5504 τῶν
1735 5454 1791 5502 ὲν

231 5547 531 5618 Ἀντιοχείᾳ
583 5549 922 5615 ὀμοσάντων,
983 5548 1066 5600 ἵνα
1112 5549 1161 5599 οἱ
1206 5545 1440 5599 τοιοῦτοι
1476 5545 1791 5613 ἀπέχωνται

224 5643 316 5710 μὲν
346 5641 456 5692 τῶν
495 5640 768 5707 συλλόγων
802 5641 909 5692 τῶν
944 5641 1161 5701 κοινῶν,
1199 5641 1305 5710 ἰδίᾳ
1349 5639 1404 5690 δὲ
1432 5640 1696 5707 ἐνεργῶσι
1725 5641 1792 5690 τά

220 5732 321 5783 τῶν
353 5731 763 5800 πρεσϐυτέρων.
790 5733 909 5784 Τῶν
929 5733 984 5785 δὲ
1023 5733 1297 5800 συλλόγων
1359 5733 1554 5793 αὐτοὺς
1592 5733 1794 5799 ἀπέχε-

224 5819 341 5874 σθαι
369 5820 563 5884 ὥρισε,
609 5823 681 5884 μὴ
720 5823 928 5887 πολλοῖς
965 5823 1260 5877 σκανδάλου
1317 5824 1477 5878 αἴτιοι
1515 5825 1792 5894 γίνωνται,

1898 3271 2331 3338 Amphilochius,
2400 3273 2489 3338 qui
2544 3281 2659 3324 erat
2711 3269 2874 3324 leonii
2944 3271 3196 3337 antistes,
3227 3282 3475 3324 sanetum

1897 3365 2307 3434 interrogasset,
2342 3379 2408 3415 an
2442 3365 2509 3416 sit
2541 3362 2807 3415 Bianorin
2832 3362 3033 3415 elerum
3067 3363 3474 3428 suscipiendus;

1900 3459 2175 3525 respondit
2202 3467 2425 3511 sanctus
2453 3471 2467 3508 :
2503 3455 2804 3508 Commune
2838 3456 3110 3506 decretum
3167 3469 3259 3506 seu
3310 3468 3476 3507 cano.

1900 3564 2020 3602 nem
2053 3548 2194 3602 edidi
2233 3549 2298 3598 de
2334 3545 2712 3600 sacerdotibus
2742 3545 2832 3612 qui
2867 3544 3170 3595 Antiochiae
3195 3545 3477 3612 jurarunt,

1899 3652 1956 3695 ut
1988 3643 2022 3696 ii
2053 3658 2081 3694 a
2115 3642 2345 3709 publicis
2375 3641 2591 3709 quidem
2643 3654 2737 3693 seu
2775 3639 3153 3690 communibus
3191 3636 3476 3690 coiiventi-

1898 3733 1997 3787 bus
2071 3731 2425 3794 abstineant;
2471 3729 2721 3796 privatim
2787 3739 2965 3780 autem
3042 3729 3477 3796 presbyterorum

1899 3838 2122 3876 munera
2152 3823 2374 3886 obeant,
2411 3822 2552 3889 quod
2590 3819 2809 3872 Bianori
2857 3833 3069 3886 quoque
3104 3819 3225 3870 licet
3257 3818 3432 3870 facere
3461 3832 3476 3870 :

1898 3927 1952 3966 et
1983 3929 2048 3967 eo
2085 3916 2275 3982 magis,
2308 3914 2449 3980 quod
2483 3927 2583 3966 nec
2613 3911 2915 3964 Antiochia:
2960 3909 3180 3977 quidem
3212 3920 3291 3960 est
3323 3921 3479 3960 sacra

1897 4005 2271 4058 eelebratnrus
2321 4016 2376 4056 et
2426 4013 2709 4070 propterea
2767 4015 2864 4052 nee
2898 4001 3138 4052 videntes
3191 4014 3313 4050 eum
3361 4006 3482 4065 post

1894 4095 2277 4165 jusjurandum
2331 4093 2737 4147 sacrificantem
2792 4090 3120 4153 oﬂensnrus,
3173 4092 3264 4144 sed
3317 4091 3479 4144 Iconii

1898 4202 2006 4256 quo
2037 4187 2284 4255 migravit
2337 4197 2391 4236 et
2425 4187 2560 4237 forte
2597 4200 2693 4237 nec
2727 4183 3034 4236 oﬂ'endicnli
3070 4183 3285 4250 quidem
3314 4198 3477 4235 causa

1899 4279 2081 4343 fuerit,
2134 4291 2256 4350 cum
2306 4277 2456 4328 tnnlti
2495 4276 2636 4329 illius
2681 4277 3041 4346 jnrisjnrandi
3093 4276 3323 4330 formam
3360 4291 3482 4329 nes-

1901 4371 2065 4424 ciant.
2104 4369 2209 4422 Sed
2241 4369 2418 4431 inquit
2454 4369 2641 4429 etiam,
2695 4369 2736 4419 si
2796 4373 2860 4422 ad
2920 4384 3069 4421 sacra
3110 4368 3355 4422 facienda
3412 4369 3482 4418 sit

1900 4461 2289 4524 admittendus,
2343 4460 2591 4528 exigatur
2643 4470 2821 4512 tamen
2873 4461 2940 4511 ah
2976 4475 3039 4512 eo
3095 4469 3156 4512 nt
3208 4459 3482 4511 facilitatis

1889 4548 2246 4618 jurisjurandi
2314 4563 2436 4602 eum
2513 4550 2796 4616 pmniteat,
2873 4547 3012 4614 quod
3068 4548 3275 4600 scilicet
3329 4547 3482 4599 lacilc

1898 4647 2251 4707 proinpteque
2283 4638 2551 4706 juraverit
2584 4653 2804 4706 propter
2840 4649 3038 4690 inetnm
3074 4638 3222 4700 parvi
3254 4637 3479 4705 perieuli

1896 4729 2110 4782 cedens.

1971 4818 2222 4873 ZONAR.
2259 4817 2500 4873 Obscura
2538 4823 2649 4874 haec
2680 4821 2960 4887 responsio
2996 4831 3099 4882 est,
3154 4823 3196 4873 si
3256 4821 3473 4888 quidem

1897 4911 2120 4963 minime
2150 4911 2292 4963 clara
2326 4918 2406 4964 est
2435 4911 2806 4974 interrogatio.
2848 4911 3063 4965 Interim
3118 4920 3298 4964 tamen
3356 4927 3484 4965 nar-

1899 5016 2050 5056 ratur
2127 5002 2398 5057 inlidelem
2456 5005 2766 5070 quemdam,
2843 5005 3128 5056 nonnullos
3185 5006 3484 5057 AntiOi-hiaa

1897 5095 2242 5164 presbyteros
2288 5109 2402 5148 sea
2449 5101 2792 5148 sacerdotum
2848 5097 3163 5150 muneribus
3219 5100 3484 5151 obeundis

1897 5196 2206 5240 cessaturos
2241 5195 2298 5238 ιιι
2324 5187 2570 5251 jnrarent
2610 5188 2770 5240 minis
2821 5188 3083 5256 adegissc.
3116 5188 3186 5239 lix
3244 5203 3474 5254 quorum

1897 5292 2123 5330 numero
2195 5293 2334 5331 unus
2386 5277 2622 5331 Iconium
2675 5279 2947 5345 migravit,
2998 5280 3060 5332 de
3101 5295 3206 5348 quo
3260 5281 3484 5348 prohde

1901 5372 2040 5425 hanc
2073 5373 2551 5439 interrogationem
2579 5382 2794 5424 sanctus
2839 5372 3250 5440 Amphilochius
3289 5389 3485 5441 propo-

1899 5465 2024 5514 suit.
2061 5461 2366 5531 Respondet
2402 5477 2532 5528 ergo
2587 5477 2815 5528 magnus
2852 5464 3106 5529 Basilius,
3138 5481 3480 5516 comumnem

1901 5568 1960 5606 se
1994 5553 2390 5615 deﬁnitionem,
2443 5556 2545 5607 hoc
2575 5562 2675 5619 est,
2714 5570 2974 5610 canonetn
3004 5566 3058 5608 ct
3109 5556 3334 5607 formam
3369 5558 3485 5608 edi-

1899 5644 2044 5698 disse
2075 5647 2139 5696 de
2170 5646 2421 5697 omnibus
2457 5646 2520 5699 iis
2573 5647 2661 5713 qui
2700 5649 3001 5701 Antiochia:
3049 5649 3384 5714 jniaverant,
3426 5659 3483 5700 nt

1900 5734 2206 5787 abstineant
2263 5734 2516 5786 nimirum
2575 5736 2837 5804 ejusmodi
2889 5738 3136 5791 homines
3169 5753 3195 5788 a
3250 5739 3482 5806 publicis

1899 5830 2273 5894 conventibus,
2304 5827 2552 5897 privatim
2585 5844 2712 5885 vero
2743 5833 3083 5886 sacerdotum
3134 5833 3332 5886 obeant
3360 5845 3478 5885 nmo
