4018 6434
551 351 656 413 847

1787 339 2064 404 TllEOD.
2108 345 2196 404 BR.
2210 345 2509 404 LSAMON

3711 346 3810 413 648

551 460 663 512 nia.
697 458 736 508 Δ
767 455 1121 511 conventibus
1167 469 1327 525 porro
1357 453 1628 509 abstinere
1662 454 1808 521 ipsos
1837 455 2022 523 jussit,
2056 468 2129 506 ne‘

2246 455 2424 508 εἰδόσιν
2477 455 2672 516 αὐτοὺς
2729 453 3034 524 ὀμόσαντας
3098 455 3170 523 μὴ
3205 455 3538 525 ἱερουργεῖν,
3573 457 3815 527 ὁρῶσιδὲ

551 548 740 602 multis
769 548 1005 605 scandali
1039 561 1198 600 causa
1232 546 1382 610 tlant,
1415 546 1503 613 qui
1537 559 1660 598 cum
1694 544 1813 598 illos
1846 560 2122 612 nunquam

557 652 712 691 saera
779 637 886 709 74
937 639 1174 692 {acturos
1215 639 1424 704 iurasse
1481 639 1680 700 sciant,
1738 651 1860 690 mox
1923 637 2131 703 publice

559 729 937 781 sacriﬁcantes
969 729 1420 780 animadvertant.
1479 725 1588 782 lloc
1645 727 1811 795 igitur
1870 727 2014 779 idem
2063 725 2131 779 de

560 817 789 870 Bianore
825 817 1054 870 aﬂirmat
1083 836 1094 868 :
1128 818 1240 870 ﬁeri
1292 818 1542 869 nimirum
1599 818 1700 885 ipsi
1762 818 2130 881 ministrandi,

563 908 666 962 hoc
695 921 796 972 εει,
831 925 986 962 sacra
1021 925 1241 962 munera
1271 911 1553 963 exercendi
1604 911 1935 964 facultatem.
1989 909 2131 962 Prae-

561 1001 748 1051 sertim
780 1016 899 1051 cum
930 1014 1028 1052 nec
1075 1000 1370 1052 Antiochiae
1424 1015 1575 1054 sacra
1630 1001 1866 1054 tacturus
1915 1000 2005 1064 sit,
2043 999 2127 1052 ubi

559 1085 904 1152 jnravit,sed
952 1090 1112 1141 Iconii
1146 1104 1252 1156 quo
1300 1101 1479 1157 postea
1528 1090 1814 1143 concessit.
1873 1089 2133 1154 Exigatur

566 1187 714 1236 vero,
750 1177 940 1242 inquit,
977 1191 1031 1229 ut
1065 1179 1208 1230 illum
1247 1183 1503 1246 poeniteat
1547 1180 1902 1249 jurisjurandi
1959 1181 2134 1232 facili-

2231 546 2471 615 δημοσία
2495 545 2944 616 λειτουργοῦντας
2977 547 3197 610 αὐτούς.
3234 548 3408 600 Τοῦτο
3440 550 3576 614 γοῦν
3612 551 3706 603 καὶ
3740 552 3813 620 τῷ

2234 636 2458 706 Βιάνορι
2491 636 2642 704 λέγει
2675 638 2862 690 ἄδειαν
2893 639 3154 708 παρέχειν
3188 640 3325 707 πρὸς
3357 640 3456 708 τὴν
3485 642 3807 709 ὑπηρεσίαν,

2235 726 2404 794 ἤγουν
2430 727 2565 795 πρὸς
2613 726 2710 797 τὴν
2742 727 3105 794 λειτουργίαν·
3142 731 3235 780 καί
3269 728 3474 796 μᾶλλον
3510 731 3599 782 ὅτι
3624 731 3739 782 οὐδὲ
3761 734 3811 783 ἐν

2247 817 2546 886 Ἀντιοχείᾳ
2575 818 2754 884 μέλλει
2799 821 3120 888 ἱερουργεῖν,
3153 820 3287 870 ὃπου
3321 819 3574 886 ὤμοσεν,
3619 820 3733 872 ἀλλ’
3760 823 3811 872 ἐν

2249 909 2479 976 Ἰκονίῳ,
2543 910 2668 961 ἔνθα
2731 911 3062 980 μετῴκησεν.
3105 911 3495 981 Ἀπαιτηθήτω
3551 914 3633 976 δὲ,
3667 916 3810 980 φησι,

2242 1003 2523 1067 μετανοεῖν
2575 1001 2664 1051 ἐπὶ
2714 1004 2778 1070 τῇ
2816 1004 3036 1070 εὐκολίᾳ
3089 1003 3180 1054 τοῦ
3236 1004 3422 1072 ὅρκου·
3461 1005 3587 1072 ἤτοι
3623 1006 3714 1056 ἐπὶ
3743 1005 3813 1072 τῷ

2242 1091 2484 1151 εὐκόλως
2509 1091 2609 1143 καὶ
2633 1092 2939 1162 προχείρως
2969 1094 3168 1162 ὀμόσαι
3196 1095 3508 1157 ἐνδεδωκώς
3540 1095 3636 1148 διὰ
3661 1095 3814 1162 φόϐον

2246 1181 2447 1250 μικροῦ
2469 1182 2737 1236 κινδύνου.

565 1269 695 1320 tatis
727 1285 740 1320 :
777 1269 876 1322 hoc
910 1280 1012 1331 est,
1043 1273 1178 1337 quod
1211 1282 1319 1325 tam
1375 1273 1532 1327 facile
1567 1286 1615 1326 et
1647 1284 1891 1340 prompte
1925 1273 2106 1342 exigui
2132 1274 2352 1341 periculi
2386 1286 2530 1328 metu
2562 1276 2824 1331 adductus
2846 1278 3138 1345 jnraverit.

637 1363 864 1416 Αιιιδτ.
895 1364 1177 1435 Presbyter
1210 1366 1405 1420 Bianor
1439 1385 1560 1422 cum
1588 1370 1848 1437 juraverit
1880 1377 1930 1420 et
1960 1369 2134 1435 poeni-

566 1457 730 1507 tentia
791 1459 984 1509 ductus
1014 1458 1080 1509 ob
1146 1458 1438 1522 jttratnenti
1497 1459 1764 1510 levitatem
1841 1459 2136 1526 suscipien-

567 1546 687 1598 dus.

639 1635 735 1687 Hic
767 1637 1044 1706 presbyter
1070 1653 1096 1689 a
1132 1638 1360 1704 quodam
1412 1639 1604 1708 injuria
1642 1639 1865 1692 alfectus
1911 1651 1968 1694 et
2022 1658 2137 1697 mo-

2310 1369 2535 1422 ΑΡΙΣΤ.
2606 1372 2662 1423 ‘0
2715 1371 3084 1442 πρεσϐύτερος
3141 1372 3373 1442 Βιάνωρ,
3436 1373 3649 1442 ὀμόσας
3728 1375 3815 1426 καὶ

2247 1462 2732 1529 μεταμελόμενος,
2785 1464 2872 1517 διὰ
2957 1465 3058 1532 τὴν
3132 1465 3385 1516 εὐκολίαν
3443 1465 3660 1518 ἐκείνου
3730 1461 3814 1516 τοῦ

2239 1551 2427 1621 ὅρκου,
2480 1553 2690 1614 δεκτός.

2311 1637 2478 1703 Οὗτος
2507 1646 2532 1695 ὁ
2564 1645 2958 1714 πρεσϐύτερος,
2996 1647 3100 1700 ὑπό
3162 1664 3304 1709 τινος
3350 1648 3816 1718 ἐπηρεαζόμενος,

567 1721 778 1776 lestiam
811 1727 924 1790 ejus
953 1727 1188 1792 perferre
1220 1743 1322 1780 non
1355 1739 1564 1794 potens,
1599 1746 1627 1780 e
1655 1739 1960 1798 contemptu
1987 1733 2137 1799 jura-

2246 1736 2339 1785 καὶ
2363 1733 2436 1802 μὴ
2457 1735 2750 1803 δυνάμενος
2793 1737 2891 1806 τὴν
2945 1739 3151 1790 ἐκείνου
3191 1739 3413 1807 ὄχλησιν
3448 1717 3816 1808 Ῠύπενεγκείι.

570 1815 646 1865 vit
674 1830 731 1866 se
761 1817 990 1883 amplius
1019 1832 1173 1870 saera
1226 1833 1330 1869 non
1370 1819 1654 1872 iacturum.
1713 1818 1912 1875 Deinde
1963 1824 2137 1889 pceni-

570 1906 737 1956 tentia
768 1907 958 1959 ductus
989 1910 1351 1961 sacerdotium
1385 1910 1535 1963 obire
1561 1912 1725 1964 voluit
1755 1928 1768 1964 :
1827 1923 1881 1965 et
1914 1929 2137 1980 magnus

571 1992 799 2046 Basilius
849 1997 911 2048 de
959 2009 1024 2048 eo
1071 1997 1430 2066 interrogatus
1479 2014 1545 2052 an
1598 2001 1938 2067 recipiendus
1971 2010 2134 2065 esset,

572 2085 813 2148 mandat,
836 2090 975 2153 quod
1007 2086 1049 2138 si
1079 2087 1424 2152 jurisjnrandi
1453 2089 1683 2142 levitatis
1712 2106 1829 2142 eum
1858 2091 2138 2159 posttiteat,

574 2176 662 2227 ille
695 2179 1031 2238 admittatur,
1067 2193 1171 2229 non
1205 2187 1379 2230 autent
1417 2190 1473 2231 ut
1505 2180 1554 2231 itt
1592 2182 1819 2247 publicis
1851 2184 2137 2236 comenti-

575 2263 674 2314 bus
708 2279 861 2314 sacra
896 2265 1210 2327 celebraret,
1237 2270 1304 2319 ob
1337 2269 1624 2320 multorum
1679 2270 2009 2333 scandalum,
2046 2273 2137 2325 sed

576 2362 636 2406 ut
664 2369 784 2424 qua:
812 2358 875 2406 ad
904 2359 1250 2424 presbyteros
1277 2361 1542 2424 pertinent
1579 2362 1829 2428 privatim
1853 2361 2077 2416 faceret.

1131 2468 1354 2522 CASON
1386 2471 1572 2525 XVIII.

875 2588 950 2643 De
1007 2590 1176 2659 lapsis
1229 2588 1550 2655 virginibus,
1586 2603 1704 2654 quae
1738 2588 1900 2638 vitam
1925 2595 2128 2639 castam

586 2679 840 2751 professa:
876 2678 1119 2741 Domino,
1160 2679 1351 2731 deinde
1378 2679 1557 2730 carnis
1603 2676 1913 2730 libidinibus
1957 2682 2127 2735 victae,

583 2779 740 2837 pacta
797 2783 892 2822 sua
947 2769 1097 2820 irrita
1143 2767 1388 2828 faciunt,
1437 2778 1618 2834 patres
1667 2766 1882 2833 quidem
1916 2768 2128 2826 nostri,

587 2873 705 2910 cum
740 2859 1054 2925 simpliciter
1095 2871 1156 2908 ac
1190 2856 1382 2908 leniter
1412 2869 1532 2909 sese
1581 2854 1645 2906 ad
1698 2869 1882 2907 eorum
1921 2854 2012 2920 qui
2060 2854 2133 2905 la-

586 2948 786 2999 buntur
827 2947 1187 2998 inﬁrmitatem
1241 2943 1713 2997 accommodarent
1747 2980 1760 3004 ,
1805 2949 2133 2994 censuerunt

2251 1822 2466 1891 ὤμοσεν
2493 1825 2550 1888 ἐξ
2610 1826 2903 1895 ὀλιγωρίας
2964 1828 3163 1898 μηκέτι
3227 1829 3642 1898 λειτουργῆσαι.
3687 1826 3815 1882 Εἶτα

2249 1913 2662 1983 μεταμεληθεὶς,
2697 1917 2994 1983 ἱερατεύειν
3051 1920 3321 1972 ἐϐούλετο·
3380 1921 3481 1974 καὶ
3523 1922 3817 1990 ἐρωτηθεὶς

2250 2007 2378 2073 περὶ
2401 2004 2558 2057 τοῦτο
2592 2008 2618 2058 ὁ
2646 2009 2817 2072 μέγας
2843 2007 3114 2072 Basiliam;
3152 2014 3198 2062 εί
3225 2012 3443 2070 δεκτέος
3475 2012 3620 2072 ἐστί,
3648 2027 3815 2079 προσ-

2243 2095 2429 2148 τάττει
2489 2096 2585 2157 ὼς,
2649 2100 3095 2167 είμεταμέλεται
3158 2103 3249 2152 ἐπὶ
3312 2105 3378 2171 τῇ
3441 2103 3670 2171 εὐκολίᾳ.
3722 2101 3814 2152 τοῦ

2241 2185 2426 2252 ὅρκου,
2482 2185 2736 2254 δεχθῆναι
2796 2189 2976 2240 αὐτόν·
3039 2191 3112 2260 μὴ
3144 2193 3199 2242 ἐν
3229 2193 3522 2259 δημοσίαις
3571 2192 3628 2243 δὲ
3658 2193 3815 2245 συνά-

2245 2272 2356 2334 Εεσι
2425 2275 2758 2344 λειτουργεῖν
2817 2278 2904 2329 διά
2958 2278 3015 2328 τὸ
3069 2280 3176 2331 τῶν
3216 2282 3426 2332 πολλῶν
3479 2281 3798 2342 σκάνδαλον,

2240 2363 2358 2416 ἀλλ’
2393 2363 2498 2434 ίδίᾳ
2524 2367 2590 2418 τὰ
2614 2367 2722 2417 τῶν
2762 2369 3150 2438 πρεσϐυτέρων
3174 2373 3438 2440 ἐνεργεῖν.

2849 2483 3089 2535 ΚΑΝΩΝ
3126 2486 3231 2538 IH'.

2439 2594 2570 2664 Περὶ
2602 2595 2710 2645 τῶν
2754 2595 3096 2646 ἐκπεσουσῶν
3125 2593 3409 2662 παρθένων
3435 2591 3544 2643 τῶν
3571 2591 3802 2658 καθομο-

2236 2678 2618 2748 λογησαμένων
2651 2682 2740 2732 τὸν
2773 2684 2828 2733 ἐν
2859 2681 3144 2749 σεμνότητι
3183 2680 3292 2747 βίον
3317 2679 3392 2748 τῷ
3420 2679 3635 2748 Κυρίῳ,
3667 2673 3800 2736 εἶτα,

2236 2767 2322 2818 διὰ
2353 2773 2412 2820 τὸ
2451 2769 2737 2821 ὑποπεσεῖν
2761 2772 2873 2831 τοῖς
2904 2769 3097 2821 πάθεσι
3128 2769 3223 2835 τῆς
3245 2767 3465 2835 σαρκὸς,
3496 2765 3803 2817 ἁθετουσῶν

2239 2853 2333 2915 τὰς
2399 2857 2607 2909 ἐαυτῶν
2679 2858 2981 2925 συνθήκας,
3051 2859 3098 2907 oi
3164 2857 3260 2924 μὲν
3322 2856 3557 2921 πατέρες
3618 2854 3802 2922 ἡμῶν.

2237 2944 2422 3006 ἀπλῶς
2598 2949 2690 2997 καὶ
2715 2947 2902 3015 πράως
2926 2944 3456 3012 συμπεριφερόμενοι
3484 2944 3606 3002 ταῖς
3645 2942 3771 2993 ἀσθε
3789 2969 3804 2979 ο

586 3037 731 3101 ipsas
761 3042 881 3103 post
917 3049 1114 3086 annum
1146 3035 1350 3086 admitti
1405 3048 1582 3099 posse,
1631 3032 1697 3084 de
1750 3032 1855 3083 illis
1889 3031 1952 3083 ad
1983 3030 2132 3084 simi-

2246 3033 2405 3094 νείαις
2433 3035 2538 3086 τῶν
2577 3035 3108 3095 κατολισθαινόντων,
3169 3033 3571 3101 ἐνομοθέτησαν
3613 3032 3803 3092 δεκτάς

584 3125 862 3176 litudinem
911 3124 1242 3191 digamorum
1294 3122 1669 3188 dijudicantes.
1748 3119 1944 3174 Verum
2002 3117 2134 3172 mihi

585 3212 798 3279 quidem
856 3213 1104 3270 videtur,
1167 3213 1420 3279 quoniam
1471 3209 1562 3262 Dei
1607 3210 1750 3262 dono
1786 3208 2134 3277 progrediens

585 3299 826 3352 Ecclesia
873 3301 927 3352 (it
979 3301 1206 3360 fortior,
1273 3315 1336 3351 ac
1383 3314 1526 3351 nunc
1569 3299 1955 3364 multiplicatur
2001 3298 2136 3350 ordo

585 3389 894 3457 virginum,
944 3389 1226 3457 diligenter
1268 3388 1715 3442 considerandam
1764 3404 1883 3442 esse
1929 3396 1982 3442 et
2020 3404 2134 3441 rem

587 3478 779 3544 ipsam,
811 3487 967 3544 prout
1007 3477 1370 3531 consideranti
1419 3476 1700 3529 manifesta
1729 3487 1832 3537 est.
1880 3485 1934 3530 et
1991 3475 2136 3530 Scri-

590 3577 758 3635 ptura:
819 3568 1142 3620 sententiam
1189 3582 1306 3632 qua:
1361 3581 1423 3617 ex
1470 3567 1851 3618 consecutione
1905 3567 2136 3620 inveniri

589 3665 783 3724 potest.
825 3655 1070 3708 Viduitas
1138 3655 1278 3705 enim
1339 3654 1647 3721 virginitate
1693 3655 1960 3718 inferior;
2009 3670 2137 3723 ergo

589 3754 642 3795 et
689 3746 967 3797 viduarum
1019 3743 1270 3794 delictum
1332 3741 1486 3808 longe
1549 3743 1728 3793 minus
1775 3756 1934 3808 quam
1978 3745 2134 3810 virgi-

590 3850 735 3886 num.
775 3835 1061 3886 Videamus
1089 3846 1214 3907 crgo
1247 3828 1374 3896 qttid
1408 3829 1471 3880 ad
1507 3828 1844 3882 Timotheum
1903 3847 1930 3882 ιι
1967 3829 2138 3884 Paulo

591 3926 848 3992 scriptum
923 3925 992 3977 sit
1055 3919 1359 3974 :Juniores
1447 3930 1615 3971 autem
1685 3920 1865 3972 viduas
1947 3921 2135 3973 devita.

592 4015 879 4081 Postquam
939 4015 1072 4066 enim
1134 4013 1460 4062 lasciuierunt
1528 4011 1772 4062 adversus
1833 4011 2135 4075 Christum,

593 4103 777 4154 nubere
833 4103 1047 4161 volant,
1109 4099 1348 4150 habentes
1418 4099 1895 4150 condemnationem
1930 4137 1944 4160 ,
2008 4101 2138 4167 quod

591 4193 814 4257 primam
855 4189 1010 4253 ﬁdem
1043 4189 1246 4238 irritam
1303 4187 1534 4251 fecerunt
1592 4181 1627 4238 ⁸.
1669 4186 1845 4254 Itaque
1897 4189 1944 4240 si
1978 4188 2141 4240 vidua

2239 3117 2374 3173 εἶναι
2425 3123 2558 3189 μετά
2590 3122 2680 3174 τὸν
2733 3122 2974 3174 ἐνιαυτὸν
3031 3161 3046 3184 ,

2239 3211 2479 3279 διγάμων
2509 3213 2912 3280 διαταξάμενοι·
2950 3214 3071 3281 ἐμοὶ
3103 3211 3158 3264 δὲ
3200 3211 3366 3274 δοκεῖ,
3399 3209 3586 3278 ἐπειδὴ
3618 3213 3683 3278 τῇ
3715 3209 3803 3260 τοῦ

2240 3300 2374 3352 Θεοῦ
2428 3302 2604 3370 χάριτι
2665 3301 2926 3369 προϊοῦσα
2978 3303 3010 3369 ἠ
3068 3299 3394 3368 Ἐκκλησία,
3444 3298 3806 3366 κραταιοτέρα

2242 3391 2467 3457 γίνεται,
2499 3393 2591 3442 καὶ
2629 3391 2952 3460 πληθύνεται
2995 3391 3087 3443 νῦν
3143 3389 3202 3441 τὸ
3238 3389 3423 3456 τάγμα
3463 3388 3573 3439 τῶν
3609 3387 3804 3456 παρθέ-

2243 3497 2348 3532 νων
2379 3515 2396 3542 ,
2530 3481 2814 3549 προσέχειν
2848 3481 3089 3550 ἀκριϐῶς
3123 3480 3200 3548 τῷ
3226 3497 3284 3530 τε
3307 3481 3425 3532 κατ’
3456 3479 3667 3530 ἔννοιαν
3693 3495 3806 3544 (pat-

2242 3569 2449 3638 νομένῳ
2505 3570 2785 3638 πράγματι
2835 3569 2927 3621 καὶ
2969 3572 3033 3636 τῇ
3078 3569 3177 3638 τῆς
3215 3567 3436 3636 Γραφῆς
3477 3567 3707 3635 διανοίᾳ,
3745 3568 3808 3633 ἦν

2241 3659 2463 3712 δυνατὸν
2524 3659 2762 3728 ἐξευρεῖν
2810 3658 2918 3709 ἀπὸ
2963 3655 3056 3708 τοῦ
3101 3657 3419 3709 ἀκολούθου.
3448 3658 3664 3726 Χηρεία
3707 3659 3808 3724 γάρ

2245 3747 2538 3816 παρθενίας
2564 3747 2797 3798 ἐλάττων
2819 3763 2830 3776 ·
2857 3745 3048 3798 οὐκοῦν
3078 3747 3170 3797 καὶ
3206 3746 3262 3796 τὸ
3288 3746 3398 3796 τῶν
3427 3748 3614 3814 χηρῶν
3640 3747 3814 3815 ἀμάρο

2245 3852 2397 3905 τημα
2433 3837 2607 3904 πολλῷ
2639 3836 2886 3905 δεύτερόν
2921 3837 3033 3887 ἐστι
3067 3834 3158 3886 τοῦ
3191 3834 3294 3886 τῶν
3322 3834 3628 3902 παρθένων.
3662 3835 3811 3885 Ἴδω-

2251 3943 2347 3994 μεν
2373 3927 2546 3978 τοίνυν
2576 3927 2626 3977 τί
2652 3927 2956 3994 γέγραπται
2988 3923 3233 3992 Τιμοθέῳ
3257 3924 3408 3992 παρὰ
3433 3921 3527 3973 τοῦ
3565 3923 3776 3974 Παύλου
3803 3939 3813 3950 ο

2247 4015 2542 4081 Νεωτέρας
2588 4015 2653 4066 δὲ
2691 4014 2879 4082 χήρας
2932 4013 3235 4079 παραιτοῦ.
3273 4015 3450 4066 Ὅταν
3493 4013 3604 4080 γὰρ
3649 4029 3817 4065 κατα-

2248 4104 2653 4170 στρηνιάσωσι
2726 4103 2829 4155 τοῦ
2893 4101 3179 4168 Χριστοῦ,
3237 4101 3446 4169 γαμεῖν
3491 4101 3813 4163 θέλουσιν,

2248 4193 2495 4260 ἔχουσαι
2519 4191 2708 4259 κρῖμα,
2747 4192 2833 4244 ὅτι
2861 4193 2970 4256 τὴν
2995 4191 3231 4258 πρώτην
3253 4192 3461 4242 πίστιν
3488 4191 3814 4255 ἠθέτησαν.

3205 3119 3327 3171 καθ’
3367 3119 3667 3188 ὁμοιότητα
3703 3119 3804 3169 τῶν

590 4286 791 4356 judicio
841 4287 1122 4356 subjicnur
1155 4284 1476 4352 gravissimo
1511 4320 1526 4345 ,
1587 4294 1646 4336 ut
1700 4297 1818 4349 quae
1881 4281 2036 4333 [idem
2095 4280 2137 4331 in

2252 4279 2314 4330 Εί
2343 4283 2520 4332 τοίνυν
2545 4287 2689 4351 χήρα
2721 4284 2947 4350 κρίματι
2977 4283 3255 4334 ὑπόκειται
3292 4282 3595 4350 βαρυτάτῳ,
3631 4280 3704 4341 ὼς
3723 4282 3819 4346 τὴν

593 4377 867 4430 Christum
926 4375 1134 4426 irritam
1187 4373 1408 4434 fecerit,
1447 4373 1573 4441 quid
1629 4372 1785 4426 nobis
1846 4371 2143 4439 putandum

594 4467 660 4518 de
693 4467 918 4532 virgine,
956 4478 1073 4528 quae
1116 4477 1310 4530 sponsa
1339 4471 1419 4515 est
1445 4462 1644 4516 Cbristi
1667 4501 1681 4524 ,
1717 4470 1770 4514 et
1804 4475 2017 4514 sacrum
2054 4474 2145 4512 vas

594 4554 820 4605 Domino
864 4551 1222 4605 dedicatum?
1275 4549 1522 4619 Magnum
1563 4552 1778 4620 quidem
1826 4559 1907 4603 est
1957 4563 2145 4618 pecca-

594 4647 707 4693 tum
736 4679 750 4700 ,
805 4641 886 4692 vel
933 4641 1184 4691 ancillam
1232 4641 1584 4693 clandestinis
1630 4639 1994 4692 matrimoniis
2026 4653 2146 4692 sese

594 4728 831 4788 dantem.
869 4738 1054 4794 stupro
1105 4729 1320 4780 domum
1369 4730 1586 4795 implere
1610 4766 1624 4790 ,
1655 4738 1708 4780 et
1751 4729 2017 4781 deteriore
2037 4729 2146 4780 vita

595 4818 845 4884 injuriam
897 4818 1200 4884 possessori
1265 4818 1485 4869 facere:
1533 4819 1689 4884 longe
1727 4826 1904 4870 autem
1930 4817 2146 4884 gravius

595 4915 678 4958 est
715 4921 970 4974 sponsam
1005 4906 1119 4958 ﬁeri
1176 4906 1504 4970 adulteram,
1540 4921 1602 4958 ac
1634 4921 1744 4959 suae
1775 4922 1897 4958 cum
1946 4921 2146 4974 sponso

596 4996 962 5061 (-onjunctioni
1014 4997 1247 5050 dedecus
1308 4995 1564 5049 ferentem
1599 5035 1614 5059 ,
1680 4997 1966 5064 impudicis
1993 4997 2146 5050 volu-

595 5087 829 5153 ptitibus
879 5101 936 5139 se
998 5087 1214 5140 dedere.
1268 5085 1498 5139 Proinde
1563 5087 1722 5139 vidua
1775 5088 1988 5156 quidem
2025 5125 2038 5148 ,
2089 5095 2147 5138 ut

593 5183 843 5240 corrupta
877 5176 1108 5236 ancilla.
1144 5176 1535 5229 condemnatur
1569 5194 1580 5240 ;
1618 5179 1768 5245 virgo
1808 5192 1936 5230 vero
1991 5176 2146 5227 adul-

593 5275 718 5317 terae
835 5264 1036 5331 judicio
1168 5268 1474 5334 subjicitur.
1495 5268 1956 5332 Quemadmodum
1984 5267 2147 5335 igitur

589 5369 711 5406 eum
747 5358 841 5423 qui
892 5370 1013 5407 cum
1050 5358 1223 5409 aliena
1258 5370 1341 5412 est
1379 5361 1601 5411 muliere
1631 5402 1644 5426 ,
1691 5359 1996 5412 adulterum
2051 5374 2148 5411 no-

592 5446 889 5505 minamus,
937 5461 1040 5498 non
1095 5447 1242 5512 prius
1291 5449 1636 5501 admittentes
1696 5448 1760 5500 ad
1811 5448 2146 5501 communio-

591 5547 734 5596 nem,
775 5550 934 5602 quam
982 5549 1009 5586 a
1045 5545 1265 5603 peccato
1319 5540 1654 5592 cessaverit:
1696 5539 1766 5591 ita
1829 5537 2066 5605 profecto
2091 5546 2144 5591 ct

695 5671 710 5700 ¹
741 5669 755 5722 l
788 5670 925 5723 Tim.
955 5689 1003 5735 ν,
1034 5672 1110 5729 ll,
1150 5670 1230 5724 12.

2252 4368 2330 4428 είς
2383 4369 2611 4437 Χριστὸν
2673 4369 2984 4437 ἀθετήσασα
3035 4370 3234 4428 πίστιν,
3275 4369 3326 4418 τί
3364 4369 3467 4436 χρὴ
3509 4365 3819 4432 λογίζεσθαι

2251 4459 2395 4526 ἡμᾶς
2428 4459 2552 4526 περὶ
2579 4460 2674 4526 τῆς
2727 4458 3010 4527 παρθένου,
3041 4459 3162 4526 ἥτις
3189 4456 3374 4524 νύμφη
3406 4457 3524 4506 ἐστὶ
3564 4455 3659 4506 τοῦ
3688 4456 3823 4521 Χρι-

2254 4547 2398 4609 στοῦ,
2431 4549 2522 4600 κα¹ι
2563 4547 2749 4610 σκεῦος
2783 4549 2923 4616 ἱερὸν
2957 4546 3214 4600 ἀνατεθὲν
3243 4545 3320 4614 τῷ
3349 4545 3632 4616 Δεσπότῃ;
3663 4545 3822 4607 Μέγα

2255 4640 2348 4707 μὲν
2382 4640 2678 4709 ἁμάρτημα
2732 4641 2824 4692 καὶ
2853 4638 3042 4707 δούλην
3075 4637 3352 4706 λαθραίοις
3384 4636 3585 4703 γάμοις
3624 4634 3821 4698 ἑαυτὴν

2253 4728 2585 4780 ἐπιδιδοῦσαν
2634 4730 2833 4798 φθορᾶς
2881 4727 3189 4795 ἀναπλῆσαι
3218 4726 3307 4777 τὸν
3337 4721 3506 4785 οἷκον,
3565 4723 3660 4774 καὶ
3698 4720 3822 4771 καθ-

2253 4817 2488 4885 υϐρίζειν
2516 4819 2602 4870 διά
2622 4819 2713 4869 τοῦ
2745 4818 2980 4888 πονηροῦ
3005 4817 3118 4886 βίου
3150 4817 3239 4868 τὸν
3259 4801 3619 4882 κεκτημένον·
3645 4808 3821 4876 πολλῷ

2251 4908 2306 4959 δὲ
2332 4909 2500 4976 δήπου
2539 4908 2912 4977 χαλεπώτερον
2952 4909 3047 4978 τὴν
3092 4908 3304 4976 νύμφην
3357 4902 3639 4972 μοιχαλίδα
3671 4900 3822 4966 γενέο

2254 4998 2395 5058 σθαι,
2431 5000 2523 5050 καὶ
2553 4998 2645 5068 τὴν
2679 5000 2812 5069 πρὸς
2844 5000 2935 5051 τὸν
2968 4999 3198 5068 νυμφίον
3232 4997 3422 5048 ’ἐνωσιν
3449 4992 3819 5059 ἀτιμάσασαν,

2252 5086 2458 5155 ἡδοναῖς
2491 5087 2805 5150 ἀκολάστοις
2839 5089 3034 5156 ἐαυτὴν
3075 5085 3370 5138 ἐπιδοῦναι.
3413 5081 3623 5133 Οὐκοῦν
3654 5082 3686 5148 η
3723 5078 3821 5147 μὲν

2252 5175 2411 5242 Χήραν
2443 5175 2516 5236 ὡς
2549 5175 2703 5244 δούλη
2769 5175 3159 5244 διεφθαρμένη,
3194 5169 3651 5232 καταδικάζεται·
3691 5170 3723 5236 ἡ
3761 5167 3820 5218 δὲ

2253 5265 2512 5333 παρθένος
2559 5265 2634 5333 τῷ
2691 5268 2912 5336 κρίματι
2977 5265 3074 5332 τῆς
3143 5261 3441 5332 μοιχαλίδος
3512 5259 3817 5310 ὑπόκειται.

2255 5356 2457 5424 ’Ὠσπερ
2518 5352 2608 5409 οὖν
2647 5356 2733 5408 τὸν
2781 5356 3031 5425 ἀλλοτρία
3075 5353 3290 5420 γυναικὶ
3343 5350 3594 5401 συνιόντα
3637 5347 3820 5416 μοιχὸν

2252 5445 2603 5514 ὀνομάζομεν,
2656 5446 2713 5497 ού
2769 5447 3026 5516 πρότερον
3064 5442 3495 5512 παραδεξάμενοι
3519 5442 3599 5502 είς
3632 5457 3822 5492 κοινω-

2252 5537 2387 5600 νίαν,
2424 5541 2547 5606 πρὶν
2581 5536 2943 5604 ἧπαύσασθαι
2975 5536 3071 5604 τῆς
3115 5535 3422 5603 ἁμαρτίας·
3456 5533 3600 5586 οὕτω
3634 5531 3818 5601 δηλον-
