4018 6442
259 275 370 340 6l9

1193 276 1270 337 ΙΝ
1312 272 1555 335 EPIST.
1603 273 1669 335 S.
1714 272 2002 334 BASILII
2036 271 2478 334 CANONICAM
2519 272 2598 333 II.

3395 273 3503 340 650

255 406 337 456 ὁτι
364 404 460 455 καὶ
485 400 577 452 ἐπὶ
601 397 694 450 τοῦ
723 398 821 468 τὴν
845 394 1109 466 παρθένον
1135 393 1346 465 ἔχοντος
1380 392 1826 464 διατεθησόμεθα.

1939 399 2006 454 de
2032 414 2099 454 eo
2137 398 2230 468 qui
2266 399 2530 470 virginem
2582 397 2747 452 habet
2795 405 3123 452 statuemus.
3155 393 3289 450 illud
3319 405 3501 451 autem

270 493 478 546 Ἐκεῖνο
523 489 580 542 δὲ
617 487 713 542 νῦν
753 484 1296 558 προδιομολογεῐσθαι
1337 486 1468 556 ἡμῖν
1511 485 1828 550 ἀναγκαῖον,

258 584 341 635 ὅτι
376 581 644 653 παρθένος
691 580 1085 650 ὁνομάζεται,ἡ
1133 577 1396 640 ἑκουσίως
1432 577 1630 646 ἑαυτὴν
1661 591 1829 645 προσ-

254 671 541 744 αγαγοῦσα
595 670 674 741 τῷ
731 669 932 742 Κυρίῳ,
981 672 1072 721 καὶ
1120 667 1503 736 ἀποταξαμένη
1533 665 1610 735 τῷ
1644 666 1827 736 γάμῳ,

257 768 353 820 καὶ
380 767 468 820 τὸν
485 766 543 817 ὲν
576 761 833 831 ἁγιασμῷ
870 761 982 829 βῖον
1016 760 1423 831 προτιμήσασα.
1462 756 1572 819 Τὰς
1603 757 1660 809 δὲ
1699 759 1832 825 ὁμο-

255 856 444 924 λογίας
474 855 590 907 τότε
624 851 968 923 ὲγκρίνομεν,
1011 852 1102 918 ἀφ’
1133 845 1303 920 οὗπερ
1330 848 1396 901 ἂν
1424 850 1458 919 ἡ
1494 847 1678 920 ἡλικία
1733 845 1832 917 τὴν

258 947 353 1000 τοῦ
381 946 538 1011 λόγου
567 944 960 1014 συμπλήρωσιν
988 941 1100 1012 (75)
1121 940 1241 1012 ἔχῃ.
1275 941 1410 994 Οὐδὲ
1432 941 1541 1011 γάρ
1567 941 1662 1003 τὰς
1701 955 1831 991 παι-

257 1037 416 1100 δικὰς
445 1034 626 1105 φωνάς
663 1033 880 1096 πάντως
927 1031 1123 1103 κυρίας
1158 1030 1250 1084 ἐπὶ
1270 1029 1380 1114 τῶν
1400 1031 1656 1083 τοιούτων
1682 1030 1834 1100 ἡγεῖ-

260 1127 385 1181 σθαι
447 1126 743 1195 προσῆκεν,
787 1123 924 1177 ἀλλὰ
967 1121 1065 1192 τὴν
1095 1121 1238 1192 ὑπὲρ
1265 1121 1332 1175 τὰ
1361 1121 1494 1175 δέκα
1525 1121 1586 1185 ἕξ
1613 1121 1647 1190 ἢ
1701 1119 1836 1173 δέκα

257 1217 355 1269 καί
377 1214 514 1268 ἑπτά
536 1213 836 1284 γενομένην
865 1212 981 1281 ἔτη,
1005 1210 1202 1283 κυρίαν
1228 1207 1395 1264 οὖσαν
1412 1209 1519 1263 τῶν
1538 1209 1832 1280 λογισμῶν,

259 1305 646 1376 άνακριθεῖσαν
703 1304 795 1358 ἐπὶ
846 1303 1048 1366 πλεῖον,
1110 1299 1228 1357 εἶτα
1255 1303 1688 1375 παραμείνασαν,
1741 1300 1836 1355 καὶ

261 1394 599 1466 λιπαροῦσαν
633 1394 718 1447 διὰ
745 1395 963 1448 ίκεσιῶν
992 1396 1126 1465 πρὸς
1159 1393 1221 1447 τὺ
1261 1393 1680 1464 παραδεχθῆναι,
1713 1391 1834 1445 τότε

262 1487 727 1556 έγκαταλέγεσθαι
757 1486 862 1557 χρὴ
896 1489 1014 1549 ταῖς
1050 1485 1362 1557 παρθένοις,
1387 1485 1480 1557 καὶ
1517 1486 1616 1555 τὴν
1644 1484 1836 1554 ὁμολο-

261 1579 389 1646 γίαν
433 1576 534 1646 τῆς
585 1576 841 1648 τοιαύτης
891 1575 1112 1647 κυροῦν,
1149 1576 1243 1629 καὶ
1275 1577 1372 1646 τὴν
1394 1576 1652 1646 ἀθέτησιν
1667 1578 1837 1647 αὐτῆς

263 1671 656 1741 ἀπαραιτήτως
702 1668 970 1731 κολάζειν.
1009 1668 1216 1731 Πολλὰς
1269 1668 1378 1739 γὰρ
1437 1671 1615 1736 γονεῖς
1666 1687 1837 1742 προσ-

1939 505 2083 546 nunc
2131 491 2186 545 in
2233 499 2579 546 antecessum
2639 499 2876 544 statuere
2931 489 3090 545 nobis
3121 503 3345 544 necesse
3378 499 3501 551 est,

1938 579 2200 649 virginem
2249 580 2478 642 vocari,
2526 593 2646 648 qua
2700 593 2762 633 se
2808 593 2907 633 sua
2939 585 3132 646 sponte
3173 577 3370 632 obtulit
3402 575 3508 629 Dn-

1942 673 2110 733 mino.
2151 686 2215 725 ac
2243 671 2496 726 nuntium
2542 669 2747 739 nuptiis
2779 668 3020 728 remisit.
3052 679 3105 722 et
3134 668 3508 723 sanctimonia:

1941 762 2250 818 institutum
2306 763 2554 831 amplexa
2632 770 2735 814 est.
2793 757 3169 814 Professiones
3214 769 3390 813 autem
3438 760 3507 813 ab

1938 865 2004 904 eo
2055 858 2296 919 tempore
2323 849 2702 912 admittimus,
2757 862 2867 917 quo
2895 857 3028 902 tetas
3081 846 3309 900 rationis
3351 862 3506 900 com-

1939 939 2269 1008 plementum
2325 936 2600 990 habuerit.
2649 933 2836 1004 Neque
2885 934 3030 989 enim
3067 933 3303 1002 pueriles
3348 947 3507 985 voces

1936 1030 2164 1085 omnino
2219 1036 2368 1084 ratas
2427 1027 2483 1081 in
2529 1025 2800 1096 ejusmodi
2845 1025 3008 1080 rebus
3063 1023 3260 1078 habere
3308 1036 3506 1076 conve-

1936 1120 2019 1173 nit
2066 1135 2081 1170 :
2128 1119 2226 1175 sed
2284 1134 2406 1190 quae
2438 1133 2605 1188 supra
2653 1114 2926 1172 sexdecim
2986 1114 3069 1167 vel
3120 1112 3507 1182 septemdecim

1937 1222 2114 1264 annos
2159 1218 2286 1263 nata
2320 1249 2336 1274 ,
2388 1208 2866 1263 ratiocinationum
2892 1221 3114 1262 suarum
3146 1205 3348 1259 arbitra
3371 1245 3387 1271 ,
3415 1205 3505 1259 diu

1936 1300 2243 1353 examinata
2294 1315 2358 1354 ac
2389 1299 2613 1369 probata
2644 1339 2660 1365 ,
2715 1297 2978 1367 deinceps
3021 1297 3423 1366 perseveravit,
3454 1305 3507 1350 et

1939 1397 2002 1444 ut
2052 1389 2372 1443 admittatur
2422 1397 2739 1444 constanter
2794 1387 3109 1458 rogaverit,
3144 1396 3256 1439 tum
3289 1385 3503 1438 detnum

1939 1481 2084 1536 inter
2129 1481 2370 1550 virgines
2428 1479 2750 1546 referenda,
2811 1478 3042 1548 ejusque
3092 1487 3208 1532 rata
3257 1476 3505 1540 habenda

1938 1571 2228 1642 professio,
2263 1585 2327 1624 ac
2357 1570 2504 1625 illius
2551 1570 2774 1625 violatio
2825 1568 3236 1623 inexorabiliter
3279 1567 3510 1636 punien-

1938 1661 2029 1716 da.
2061 1661 2258 1716 Multas
2288 1662 2433 1715 enim
2485 1668 2734 1730 parentes
2782 1660 3061 1714 adducunt
3108 1669 3161 1712 et
3212 1658 3413 1712 fratres
3453 1665 3508 1711 et

262 1763 458 1828 άγουσι
511 1761 607 1813 καὶ
656 1759 894 1827 ἀδελφοὶ,
953 1760 1049 1813 καὶ
1098 1760 1208 1812 τῶν
1265 1761 1651 1829 προσηκόντων
1690 1760 1833 1822 τινὲς

1940 1754 2373 1823 propinquorum
2435 1752 2683 1805 nonnulli
2745 1759 2869 1806 ante
2931 1758 3187 1813 atatem,
3247 1764 3355 1804 non
3408 1765 3507 1804 sua

260 1852 368 1923 πρὸ
398 1851 500 1921 τῆς
534 1851 770 1921 ἡλικίας,
805 1852 904 1904 οὐκ
929 1850 1138 1904 οἴκοθεν
1171 1851 1505 1922 ὁρμηθείσας
1534 1850 1668 1921 πρὸς
1694 1852 1835 1919 ἀγα-

263 1944 417 2014 μίαν,
441 1944 578 1997 ἀλλά
605 1961 659 1994 τι
686 1941 933 2013 βιωτικδν
970 1944 1184 2005 ἑαυτοῖς
1225 1940 1602 2013 διοικούμενοι.
1639 1944 1737 2005 ‘Ac
1774 1941 1834 1996 οὐ

261 2031 460 2102 ῥᾳδίως
495 2030 888 2100 προσδέχεσθαι
923 2030 1022 2095 δεῖ,
1071 2029 1173 2094 ἕως
1209 2031 1274 2083 ἂν
1302 2030 1548 2102 φανερῶς
1575 2030 1672 2101 τὴν
1701 2029 1837 2084 ίδίαν

257 2124 439 2175 αὐτῶν
484 2121 864 2191 ἰρευνήσωμεν
889 2118 1134 2191 γνώμην.

329 2205 529 2257 ΒΔΛΣ.
561 2203 843 2273 Διαφόρως
874 2202 1102 2272 είπομεν
1130 2201 1213 2254 ὁτι
1242 2198 1525 2270 παρθένοι,
1557 2202 1820 2268 γυναίκες

261 2295 360 2349 καὶ
385 2292 582 2364 χῆραι,
613 2292 755 2361 μετὰ
782 2290 972 2345 λαῐκοῦ
1003 2292 1282 2361 σχήματος
1324 2294 1448 2354 ταῖς
1501 2290 1824 2362 ικκλησίαις

257 2384 708 2458 προσερχόμεναι
740 2385 796 2438 ei
822 2385 922 2453 μιν
980 2381 1285 2452 παρθενίαν
1311 2382 1648 2452 ὡμολόγουν,
1682 2384 1740 2438 αί
1771 2383 1830 2438 δι

254 2477 622 2548 σωφροσύνην
656 2492 673 2506 ο
746 2475 843 2530 καὶ
929 2475 1008 2539 ὡς
1079 2475 1495 2545 άνατεθειμέναι
1579 2476 1658 2547 τῷ
1711 2477 1830 2548 Θεῷ

251 2567 509 2637 ἠξιοῦντο
537 2566 686 2636 παρὰ
733 2565 842 2621 τῶν
914 2568 1234 2622 ίπισκόπων
1289 2570 1471 2642 πάσης
1513 2571 1833 2641 σωματικῆς

253 2658 602 2729 δπιμελείας.
649 2657 984 2728 Ἐρωτηθεὶς
1016 2655 1110 2714 οὖν
1143 2650 1346 2729 ὁᾶγιος
1374 2662 1428 2715 τί
1456 2661 1662 2731 ὀφείλει
1688 2662 1836 2733 γίνε-

254 2750 380 2802 σθαι
407 2751 491 2812 εἰς
523 2749 626 2810 τὰς
659 2748 1035 2820 πορνευούσας
1063 2750 1393 2822 παρθένους,
1450 2750 1554 2824 εφη
1613 2753 1697 2806 ὅτι
1768 2752 1835 2806 Ol

260 2844 360 2913 μιν
410 2843 780 2914 πρεσϐύτεροι
833 2842 1160 2914 διορίζονται
1217 2844 1580 2914 ἐπιτιμᾶσθαι
1632 2843 1838 2916 ταύτας

260 2934 406 2987 κατὰ
448 2934 581 2998 τοὺς
643 2934 933 3003 διγάμους,
987 2933 1086 2987 καὶ
1151 2933 1435 2999 ἀξιοῦσθαι
1514 2936 1687 2999 αὐτάς
1733 2937 1839 3006 τῆς

257 3023 424 3093 ἁγίας
457 3023 816 3095 μεταλήψεως
851 3024 994 3094 μετὰ
1028 3025 1279 3078 ενιαυτόν
1305 3039 1320 3055 ο
1354 3023 1466 3090 εγὼ
1520 3025 1578 3079 δι
1613 3025 1834 3095 βλέπων

1941 1849 2134 1913 sponte
2187 1841 2256 1895 ad
2292 1842 2535 1896 caelibem
2573 1843 2736 1896 vitam
2787 1843 3077 1903 incitatas,
3132 1841 3227 1896 sed
3290 1849 3348 1893 ut
3404 1841 3508 1896 sibi

1941 1933 2049 2006 ipsi
2097 1931 2315 2002 aliquod
2341 1933 2397 1991 in
2442 1933 2554 1986 vita
2575 1935 2924 1988 commodum
2975 1933 3315 2004 provideant.
3349 1931 3509 1986 Tales

1941 2041 2052 2081 non
2110 2026 2269 2081 facile
2337 2025 2724 2091 admittenda,
2790 2027 2965 2083 donec
3031 2032 3215 2097 aperte
3269 2028 3507 2098 ipsarum

1943 2113 2270 2186 perscrutati
2315 2112 2580 2168 fuerimus
2605 2114 2947 2168 sententiam.

2019 2202 2125 2274 75
2157 2203 2351 2259 BALS.
2380 2205 2620 2262 Diversis
2660 2205 2712 2259 in
2741 2204 2874 2260 locis
2910 2204 3167 2267 diximus,
3196 2206 3338 2272 quod
3389 2220 3505 2258 mn-

1933 2285 2116 2360 lieres,
2145 2295 2406 2367 virgines,
2437 2309 2492 2352 et
2514 2299 2686 2352 viduae
2706 2296 2964 2352 ecclesias
2989 2311 3110 2351 cum
3144 2297 3300 2351 laico.
3316 2297 3501 2352 habitu

1933 2387 2290 2454 accedentes,
2357 2388 2463 2444 illa:
2522 2389 2747 2458 quidem
2801 2388 3190 2460 virginitatem,
3239 2390 3319 2442 liae
3370 2404 3500 2444 vero

1932 2479 2325 2544 continentiam
2345 2481 2777 2549 protttebantur,
2807 2491 2862 2535 et
2895 2491 3148 2550 tauquam
3195 2480 3306 2534 Dro
3355 2481 3504 2534 dedi-

1931 2580 2068 2625 catae
2091 2572 2160 2628 ab
2186 2573 2458 2642 episcopis
2485 2571 2633 2625 omni
2667 2569 2939 2639 corporali
2972 2570 3306 2638 providentia
3326 2569 3503 2640 digme

1933 2660 2299 2721 habebantur.
2329 2663 2706 2732 Interrogatus
2741 2662 2926 2731 itaque
2959 2671 3208 2724 sanctus.
3237 2661 3364 2730 quid
3417 2664 3502 2716 de-

1930 2751 2054 2806 beat
2083 2752 2195 2808 fieri
2226 2753 2280 2808 in
2311 2753 2548 2825 virgines
2580 2767 2701 2822 qua
2745 2751 3102 2818 fornicantur,
3168 2753 3301 2808 dixit
3355 2759 3500 2823 quod

1929 2843 2179 2898 seniores
2206 2842 2424 2911 quidem
2482 2843 2780 2897 decernunt
2827 2856 2921 2896 eas
2968 2842 3110 2897 sicut
3154 2855 3210 2897 et
3254 2845 3502 2908 bigamos

1930 2932 2133 3003 puniri,
2157 2946 2362 3003 easque
2389 2942 2515 3002 post
2535 2947 2732 2986 annum
2755 2941 2942 2986 sancta
2998 2933 3374 2988 communione
3416 2936 3503 2989 di«

1933 3037 2066 3092 gnas
2085 3023 2310 3078 haberi:
2338 3037 2441 3092 ego
2479 3037 2613 3078 vero
2643 3023 2833 3077 videns
2864 3021 3156 3077 Ecclesiam
3180 3023 3236 3077 in
3294 3022 3496 3079 bonum

257 3120 360 3189 τὴν
401 3118 741 3189 Ἐκκλησίαν
784 3118 1208 3189 προκόπτουσαν
1244 3121 1326 3182 εἰς
1386 3120 1450 3172 τδ
1485 3119 1709 3188 ἀγαθὸν,
1739 3120 1833 3173 καὶ

1938 3114 2221 3184 proiicere,
2275 3125 2330 3169 et
2350 3129 2536 3170 sacras
2560 3113 2798 3185 virgines
2844 3114 3226 3181 multiplicari,
3251 3117 3371 3170 dico
3402 3132 3494 3170 eas

251 3212 353 3273 τὰς
423 3211 733 3281 παρθένους
798 3211 1237 3281 πληθυνομένας,
1299 3210 1442 3280 λέγω
1480 3211 1833 3284 ὀφειλόμενον

255 3299 398 3356 εἶναι
441 3303 647 3373 μᾶλλον
680 3301 852 3365 αὐτὰς
880 3302 956 3366 ὥς
989 3302 1306 3373 μοιχαλίδας
1345 3302 1695 3366 κολάξεσθαι.
1722 3305 1834 3358 Καὶ

255 3392 659 3457 κατασκευάζει
721 3392 813 3445 τὸν
864 3393 1067 3446 υίκεῐον
1139 3392 1299 3459 λόγον
1379 3393 1658 3457 ἐντεῦθεν,
1735 3393 1826 3446 λέ-

256 3501 374 3553 γων
411 3485 496 3538 ὅτι
520 3483 721 3554 χηρεία
740 3482 844 3553 τῆς
867 3480 1178 3552 παρθενίας
1213 3483 1480 3538 ἐλάττων.
1531 3484 1596 3538 El
1631 3484 1833 3548 τοίνυν,

257 3575 402 3629 κατὰ
438 3574 532 3627 τδν
569 3572 920 3640 ’Δπόστολον,
952 3574 1130 3644 κρίμα
1164 3574 1402 3644 ῑχουσιν,
1457 3575 1628 3646 ἧγουν
1665 3592 1835 3628 κατα-

256 3665 420 3735 δίκην
447 3666 503 3719 αί
533 3665 870 3736 άθετήσασαι
904 3665 1073 3736 χῆραι
1123 3665 1226 3736 τὴν
1294 3665 1590 3736 ὁμολογίαν
1630 3666 1833 3732 αὐτῶν,

259 3757 446 3829 πολλῷ
470 3757 635 3811 πλέον
657 3758 713 3812 αἱ
742 3756 1004 3829 παρθένοι
1065 3759 1589 3828 κατακριθήσονται.
1643 3757 1838 3811 Ὡσαύ-

257 3868 367 3911 τως
393 3849 728 3920 παρεικάζει
751 3851 851 3922 τὴν
885 3849 984 3920 μὶν
1017 3850 1194 3920 χήραν
1220 3848 1407 3920 δούλη,
1464 3849 1563 3918 τὴν
1597 3850 1656 3903 δὲ
1694 3866 1838 3918 παρ’

259 3945 415 3998 θένον
465 3943 656 4016 νύμφῃ
682 3943 830 4006 τινος
860 3942 1268 4006 οἰκοδεσπότου,
1289 3943 1386 3994 καὶ
1439 3941 1582 3994 οὕτω
1611 3941 1836 4009 συνάγει

260 4035 371 4088 άπὸ
407 4035 633 4088 πάντων
680 4031 862 4094 καλῶς
929 4031 1252 4086 ὑποκεῖσθαι
1305 4031 1383 4101 τῷ
1445 4032 1544 4100 τῆς
1592 4033 1834 4102 μοιχείας

260 4126 578 4194 ιγκλήματι
606 4123 706 4187 τὰς
758 4122 1099 4182 ἐκπεσούσας
1134 4121 1462 4191 παρθένους.
1497 4115 1635 4173 Εἶτα
1710 4123 1802 4172 ἐπι

262 4221 423 4288 φέρει
448 4217 534 4269 ὁτι
578 4214 708 4284 περὶ
738 4215 964 4268 δκείνων
993 4212 1104 4266 τῶν
1166 4211 1457 4281 παρθένων
1526 4211 1838 4278 διαλέγεται

258 4310 370 4363 τῶν
399 4307 665 4370 ἑκουσίως
701 4305 906 4368 ἑαυτὰς
928 4303 1326 4372 προσαγουσῶν
1376 4303 1455 4372 τῷ
1502 4301 1713 4371 Κυρίῳ,
1745 4302 1840 4355 καὶ

1934 3204 2136 3260 debere
2160 3203 2345 3276 potius
2374 3213 2434 3258 ut
2460 3203 2738 3259 adulteras
2761 3204 2964 3274 puniri.
2999 3205 3064 3258 Et
3108 3206 3311 3260 dictum
3346 3222 3502 3263 suum

1935 3295 2063 3350 hinc
2091 3295 2430 3364 comprobat,
2483 3295 2693 3360 dicens,
2723 3295 2866 3363 quod
2915 3295 3147 3351 viduitas
3198 3306 3283 3352 est
3332 3299 3508 3351 minor

1934 3386 2267 3455 virginitate.
2300 3386 2359 3441 Si
2424 3401 2590 3457 ergo,
2651 3395 2709 3440 ut
2746 3386 2876 3440 dicit
2929 3387 3240 3454 Apostolus,
3306 3389 3510 3444 habent

1929 3477 2191 3546 judicium
2223 3491 2318 3532 seu
2348 3477 2779 3532 condemnantur
2800 3475 2996 3542 vidum,
3020 3491 3140 3544 quae
3201 3493 3352 3533 snam
3385 3497 3510 3549 pro-

1938 3566 2226 3622 fessionem
2272 3569 2483 3623 irritam
2517 3568 2750 3633 faciunt,
2809 3567 2976 3622 multo
3019 3569 3192 3639 magis
3247 3572 3508 3626 condem-

1938 3658 2210 3714 nabuntur
2254 3659 2511 3731 virgines.
2533 3658 2795 3714 Similiter
2826 3657 3033 3712 ancilla:
3057 3660 3270 3728 quidem
3293 3661 3506 3715 viduam

1937 3749 2233 3816 assimilat;
2273 3749 2539 3818 virginem
2568 3763 2700 3803 vero
2756 3763 2971 3818 sponsae
3032 3749 3260 3818 alicujus
3310 3755 3508 3819 patuis-

1940 3836 2211 3893 familias:
2243 3837 2393 3890 etita
2423 3851 2488 3891 ex
2521 3834 2775 3889 omnibus
2831 3833 3035 3904 colligit
3095 3835 3342 3890 adulterii
3396 3838 3510 3889 crio

1941 3927 2088 3980 mine
2119 3936 2266 3981 recte
2293 3927 2467 3980 teneri
2513 3925 2693 3994 lapsas
2717 3926 2974 3995 virgines.
3035 3925 3237 3979 Deinde
3288 3927 3514 3994 subjun-

1941 4017 2122 4086 git,se
2151 4019 2217 4071 de
2245 4017 2353 4070 ilis
2382 4016 2682 4085 virginibus
2727 4017 2929 4077 dicere,
2983 4030 3105 4084 qua:
3163 4032 3222 4070 se
3279 4017 3509 4071 Domino

1938 4124 2036 4162 sua
2069 4117 2259 4176 sponte
2280 4108 2616 4170 obtulerunt,
2646 4117 2702 4161 et
2731 4106 3084 4161 matrimonio
3126 4109 3510 4162 renuntiarunt

1938 4199 1994 4252 in
2060 4208 2218 4253 :etate
2238 4197 2474 4266 sedecim
2506 4198 2592 4252 vel
2640 4195 3026 4267 septemdecim
3057 4212 3350 4251 annorum.
3379 4198 3508 4264 Qum

1940 4298 2119 4342 autem
2145 4290 2197 4342 in
2219 4289 2411 4343 minori
2442 4298 2603 4343 :etate
2657 4291 2792 4342 iiunt
2834 4289 3217 4358 professiones,
3253 4290 3382 4344 dicit
3403 4306 3509 4344 non

259 4398 696 4466 άποταξαμένων
723 4397 803 4465 τῷ
844 4395 1010 4465 γάμῳ
1074 4399 1131 4446 ἑν
1191 4394 1379 4463 ἡλικίᾳ
1443 4393 1833 4460 ἑξκαιδεκάτου

1943 4380 2153 4432 admitti
2187 4379 2405 4433 debere.
2432 4378 2623 4432 Multas
2647 4378 2814 4443 enim,
2877 4378 3084 4446 inquit,
3135 4377 3366 4433 offerunt
3419 4396 3512 4448 pa-

264 4458 1042 4561 xpdvou'ﬂ‘tmaxaiaeuéso'u.
1088 4458 1287 4548 Tacet
1320 4458 1412 4536 ἐπὶ
1437 4458 1623 4551 ἥττονι
1659 4485 1833 4551 χρόνῳ

1943 4479 2056 4526 tres
2084 4471 2245 4523 etiam
2276 4471 2492 4531 invitas,
2526 4480 2746 4538 propter
2763 4477 3132 4538 paupertatem
3158 4471 3242 4524 vel
3270 4470 3512 4540 aliquam

263 4583 561 4652 γινομένας
588 4579 879 4650 ὁμολογίας
910 4579 1044 4646 φησὶ
1067 4575 1144 4645 μὴ
1175 4572 1586 4644 προσδέχεσθαι.
1630 4572 1836 4635 Πολλὰς

265 4677 397 4744 γάρ,
429 4674 594 4743 φησι,
622 4670 996 4740 προσάγουσιν
1015 4669 1064 4720 ei
1086 4667 1263 4734 γονεῖς
1280 4667 1375 4718 καὶ
1408 4665 1482 4734 μὴ
1505 4664 1837 4732 βουλομένας

263 4765 330 4818 δι’
353 4764 592 4834 ἀπορίαν
613 4762 646 4831 ἢ
667 4762 734 4814 δι’
757 4761 922 4828 ἄλλην
940 4760 1060 4812 τινὰ
1080 4756 1474 4811 αἰτίαν.Ταῦτα
1493 4757 1587 4810 τοῦ
1612 4756 1834 4816 κανόνος

262 4855 667 4929 διοριζομὲνου,
715 4853 786 4923 μὴ
833 4851 993 4922 εἴπῃς
1021 4849 1379 4914 ὶξακούεσθαι
1419 4847 1608 4900 τοῦτον
1637 4847 1732 4900 καὶ
1755 4848 1835 4908 είς

267 4945 663 5020 μοναζούσαςῆ
697 4939 1002 5012 ἁσκητρίας
1031 4958 1046 4972 ο
1080 4939 1183 4993 κᾶν
1211 4940 1317 5009 γὰρ
1349 4939 1408 4990 ὲν
1430 4938 1613 5007 ἥττονι
1655 4937 1832 5007 πάντη

265 5039 454 5110 ἡλικίᾳ
476 5035 578 5106 τὴν
601 5032 874 5102 κοσμικὴν
897 5028 1206 5083 άπόθωνται
1228 5029 1416 5099 τρίχα,
1435 5025 1632 5096 βεϐαία
1656 5025 1832 5089 ισται,

268 5133 343 5194 ὡς
371 5129 493 5195 δμοὶ
525 5127 695 5186 δοκεῖ,
728 5124 818 5176 καὶ
843 5123 922 5184 είς
948 5122 1007 5172 τὸ
1031 5119 1212 5190 ἑξῆςὴ
1246 5117 1504 5188 ὁμολογία
1536 5115 1723 5169 αὐτοῦ.

343 5218 594 5274 ZDNAP.
648 5215 758 5277 Τὰς
803 5211 1105 5281 παρθενίαν
1164 5208 1660 5276 επαγγειλαμένας,
1716 5200 1834 5258 εἶτα

275 5298 614 5371 ὶκπεσούσας
647 5307 742 5359 καὶ
777 5304 1128 5372 ἁθετησάσας
1159 5301 1259 5364 τὰς
1281 5301 1489 5353 ἑαυτῶν
1540 5299 1837 5364 συνθήκας,

274 5405 390 5474 ἢτοι
423 5401 522 5461 τὰς
557 5394 901 5464 ὑποσχέσεις,
935 5393 986 5446 οί
1016 5392 1115 5461 μὲν
1183 5390 1534 5457 παλαιότεροι
1599 5387 1841 5474 Πατέρες

274 5471 897 5559 συγκαταϐατικώτερον
989 5483 1382 5552 διατιθέμενοι,
1438 5483 1513 5543 ὡς
1562 5471 1753 5542 -οὗτος
1814 5481 1842 5532 ὁ

273 5585 424 5653 ἅγιος
464 5579 637 5647 λέγει,
674 5578 767 5629 ἐπὶ
798 5574 1044 5629 ἐνιαυτὸν
1089 5570 1444 5641 άφορίξεσθαι
1509 5569 1839 5635 διετάξαντο,

277 5677 366 5730 καὶ
397 5670 536 5746 μετὰ
573 5671 745 5724 ταῦτα
765 5665 1038 5735 δέχεσθαι.
1064 5667 1208 5719 κατὰ
1239 5666 1366 5719 τοὺς
1413 5662 1440 5714 δ
1465 5662 1678 5732 γάμους
1704 5678 1716 5688 ν
1746 5653 1839 5714 οὗ.

585 5769 853 5828 Parnm»
885 5762 1003 5822 Gtt.
1035 5751 1422 5822 CXXXVIII.

1945 4556 2107 4615 aliam
2129 4574 2375 4614 causam.
2411 4558 2534 4612 Haec
2562 4574 2683 4612 cum
2720 4559 2974 4613 decernat
2995 4573 3187 4621 canon,
3219 4574 3286 4613 ne
3310 4560 3514 4614 dixeris

1945 4665 2065 4703 eum
2105 4649 2327 4719 intelligi
2366 4650 2432 4704 de
2483 4649 2807 4705 monialibus
2849 4649 2934 4703 vel
2976 4650 3225 4704 ascetriis
3259 4653 3378 4719 (seu
3425 4652 3510 4704 di-

1943 4740 2082 4792 vina:
2117 4739 2450 4794 meditationi
2475 4739 2667 4793 dicatis
2723 4739 3068 4808 virginibus):
3128 4739 3228 4794 etsi
3266 4742 3408 4804 enim
3458 4743 3510 4795 in

1943 4830 2136 4884 minori
2167 4839 2324 4883 atate
2354 4829 2561 4884 crinem
2593 4830 2906 4886 sucularem
2956 4830 3323 4899 deposuerint,
3357 4831 3513 4887 firma

1942 4919 2070 4985 erit,
2101 4929 2163 4975 ut
2196 4920 2324 4974 mihi
2354 4921 2588 4984 videtur,
2647 4922 2713 4975 ad
2748 4919 2800 4974 id
2855 4920 2999 4990 quod
3049 4920 3301 4990 deinceps
3329 4925 3514 4998 sequi.-

1946 5019 2052 5073 tur,
2082 5008 2253 5078 ipsius
2280 5006 2568 5080 professio.

2013 5205 2262 5261 ZONAR.
2317 5205 2445 5271 Qua:
2491 5206 2849 5275 virginitatem
2902 5216 3027 5262 sunt
3088 5210 3364 5278 professe,
3415 5227 3511 5276 pa-

1942 5307 2058 5351 stea
2103 5311 2234 5352 vero
2255 5297 2570 5351 exciderunt
2623 5309 2678 5351 et
2731 5312 2826 5353 sua
2868 5309 3047 5366 pacta.
3093 5300 3195 5354 hoc
3240 5311 3345 5368 est,
3387 5317 3510 5370 pro-

1942 5387 2232 5441 missiones
2257 5385 2505 5441 fecerunt
2555 5387 2762 5451 irritas,
2788 5389 2993 5457 antiqui
3020 5389 3208 5444 Patres
3250 5391 3424 5446 lenius
3448 5408 3509 5446 se

1944 5494 2009 5533 ac
2035 5479 2350 5536 clementius
2374 5489 2643 5549 gerentes,
2676 5490 2734 5532 ut
2763 5491 2988 5536 sanctus
3034 5481 3119 5535 hic
3163 5484 3241 5536 vir
3281 5483 3377 5549 ait,
3404 5499 3511 5536 uno

1949 5584 2094 5624 anno
2126 5568 2513 5637 segregandas,
2548 5577 2603 5622 et
2647 5584 2715 5624 eo
2747 5580 2941 5625 exacto
2990 5586 3140 5625 more
3177 5574 3510 5642 digamorum

1945 5659 2307 5717 admittenda:
2341 5673 2460 5715 esse
2481 5659 2860 5717 decreverunt.
2894 5662 2992 5717 llic
3049 5678 3176 5718 vero
3221 5664 3366 5734 ipsas
3401 5683 3516 5736 ρωο

3005 5756 3083 5816 21
