4018 6444
219 261 319 326 653

1142 261 1223 322 IN
1256 259 1502 321 EPIST.
1548 259 1611 318 S.
1647 257 1937 320 BASILII
1979 257 2424 320 CANONICAM
2479 255 2556 316 ll.

3376 256 3479 318 654

217 384 308 438 τὸν
336 383 395 434 ὲν
432 379 697 449 ἁγιασμῷ
742 379 1174 449 προτιμήσασαν
1235 378 1388 447 βίονο
1459 377 1509 429 εξ
1583 373 1805 447 παραϐῇ

1918 375 2085 428 vitam
2119 374 2172 428 itt
2204 372 2566 429 sanctimonia
2603 380 2777 425 actam
2813 367 3143 438 antepo.-uit,
3175 368 3218 421 si
3273 370 3486 434 profes-

219 473 320 535 τὰς
347 470 672 543 ὁμολογίας,
706 470 804 524 καὶ
823 469 920 539 τὴν
952 471 1092 539 πρὸς
1121 471 1213 522 τὸν
1276 469 1508 538 νυμφίον
1565 467 1805 537 Χριστὸν

217 565 414 617 ἕνωσιν
442 563 732 634 ἀτιμάσει,
785 563 1002 629 ἡδοναῖς
1054 562 1381 624 ἀκολάστοις
1431 561 1636 631 ἑαυτὴν
1687 559 1806 613 ἑπι-

217 654 407 719 δοῦσα,
458 654 519 708 ού
567 652 1054 724 παραδεχθήσεται
1106 651 1284 716 άλλως
1361 655 1426 722 τῇ
1476 651 1802 722 Ἐκκλησία,

218 747 387 813 εἰμὴ
457 743 645 812 παυθῇ
722 743 825 811 τῆς
875 743 1176 812 ἁμαρτίας,
1233 741 1328 795 καὶ
1399 742 1644 796 διαλύσει
1744 741 1806 796 τὸ

218 834 467 904 ἄθεσμον
541 837 905 890 συνοικέσιον.
986 833 1160 888 Τοῦτο
1246 833 1355 905 γὰρ
1429 833 1804 897 διασπάσασα,

217 928 314 978 καὶ
395 927 865 994 μεταμεληθεῖσα,
950 929 1042 978 τὸν
1077 946 1088 956 ·
1120 927 1316 994 χρόνον
1389 924 1484 976 τοῦ
1570 924 1666 977 ἐπὶ
1738 926 1804 994 τῇ

225 1010 446 1086 μοιχείᾳ
469 1017 877 1088 ἁμαρτήματος
934 1016 1314 1087 ἐκπληρώσει,
1365 1014 1509 1070 ὥστε
1567 1016 1625 1068 ὲν
1675 1015 1810 1068 δέκα

225 1111 323 1163 καὶ
389 1112 554 1163 πέντε
590 1111 772 1164 ἔτεσιν
821 1109 1194 1179 ἀκοινώνητον
1279 1107 1452 1176 αὐτὴν
1501 1104 1644 1160 εἶναι
1699 1104 1809 1158 τῶν

222 1201 590 1268 ἀγιασμάτων
618 1217 632 1230 ·
664 1203 723 1254 ὲν
752 1200 1050 1270 τέσσαρσιν
1068 1201 1248 1254 ἔτεσιν
1271 1199 1329 1264 ἐξ
1351 1198 1531 1251 αὐτῶν
1556 1197 1664 1250 τῶν
1685 1212 1809 1248 πεν-

223 1293 522 1347 τεκαίδεκα
561 1293 695 1347 ὶτῶν
728 1293 1174 1364 προσκλαίουσαν
1209 1293 1332 1361 μὶν,
1393 1293 1452 1344 ιν
1521 1289 1684 1343 πέντε
1750 1288 1806 1342 δὲ

221 1388 335 1447 τοῖς
353 1386 735 1454 ἀκροωμένοις
766 1384 876 1437 τῶν
925 1383 1086 1438 θείων
1138 1383 1374 1455 Γραφῶν
1436 1381 1808 1449 συνταττομέ-

221 1495 356 1540 νων,
396 1479 455 1528 ιν
494 1478 796 1545 τέσσαρσιν
828 1479 1274 1540 ὑποπίπτουσιν,
1308 1475 1405 1528 καὶ
1457 1476 1515 1526 ἐν
1553 1474 1673 1527 δυσλ⁸
1699 1475 1811 1536 τοῖς

224 1569 446 1631 πιστοῖς
469 1567 846 1632 συνεστῶσαν,
879 1567 1106 1622 καὶτῶν
1135 1566 1317 1637 εὐχῶν
1383 1565 1755 1619 κοινωνοῦσαν
1792 1577 1806 1592 ’

223 1662 318 1713 καὶ
356 1658 500 1730 μετὰ.
525 1660 617 1712 τὸν
641 1658 1134 1713 πεντεκαιδέκατον
1170 1659 1404 1729 χρόνον,,
1448 1655 1545 1710 τοῦ
1601 1655 1810 1710 τελείου

1913 464 2096 520 siones
2151 479 2280 519 suas
2333 463 2686 526 transilierit,
2740 469 2797 516 et
2844 461 3158 516 unctionem
3213 475 3365 513 suam
3419 460 3486 514 ad

1914 573 2168 625 sponsam
2203 555 2519 626 neglexerit,
2551 553 2914 622 voluptatibus
2943 552 3161 606 lascivis
3187 567 3314 606 sese
3382 562 3486 605 tra-

1915 651 2066 711 dens.
2092 663 2198 702 non
2248 648 2407 701 aliter
2448 647 2501 700 in
2575 644 2875 698 Eeclesiam
2938 643 3249 712 reeipietur,
3301 642 3405 696 nisi
3460 657 3488 694 a

1915 750 2136 812 peccato
2175 747 2374 803 cesset,
2398 746 2450 790 et
2480 736 2822 805 “legitimum
2856 734 3260 788 matrimonium
3290 734 3488 789 dissol-

1917 846 2024 887 vat.
2054 833 2203 888 Istud
2241 831 2382 886 enim
2409 831 2743 894 distralteus,
2778 838 2833 882 et
2881 828 3263 898 pmnitcntiam
3324 843 3486 895 agens

1919 937 2130 996 tempus
2160 927 2370 996 peccati
2412 926 2466 978 in
2518 923 2880 977 fornicatione
2938 921 3201 986 explebit,
3241 928 3377 974 adeo
3434 931 3492 974 ttt

1915 1023 2034 1091 ipsa
2081 1020 2395 1089 quindecim
2459 1017 2620 1070 annis
2690 1024 3159 1069 sacramentorum
3239 1029 3345 1067 non
3415 1015 3486 1067 sit

1913 1113 2208 1180 particeps,
2267 1119 2502 1177 quatuor
2551 1109 2782 1161 istorum
2834 1105 3144 1175 quindecim
3220 1121 3491 1160 annorum

1916 1215 2089 1256 annos
2118 1200 2347 1261 deflens.
2397 1202 2634 1270 quinque
2660 1208 2840 1252 autem
2879 1199 3020 1253 inter
3051 1212 3145 1252 eos
3207 1199 3298 1267 qni
3356 1198 3496 1251 divi-

1913 1309 2010 1348 nas
2034 1292 2342 1362 Scripturas
2367 1291 2614 1358 audiunt,
2641 1289 2927 1354 collocata,
2949 1297 3178 1358 quatuor
3197 1289 3492 1353 substrata,

1913 1394 1968 1440 et
1990 1385 2200 1439 duobus
2233 1385 2374 1438 inter
2413 1385 2596 1439 ﬁdeles
2645 1384 2971 1446 constituta,
3011 1391 3064 1434 et
3123 1396 3341 1448 precum
3369 1396 3494 1450 par-

1918 1478 2114 1547 ticeps,
2141 1484 2195 1530 et
2220 1484 2341 1546 post
2374 1475 2690 1544 quindecim
2719 1489 2891 1529 annos
2939 1471 3289 1543 perfectionis
3345 1489 3496 1528 com-

1918 1583 2014 1636 pos
2073 1569 2166 1621 ﬁat
2215 1577 2270 1622 et
2316 1567 2494 1621 divina
2570 1565 2953 1620 communione
3001 1566 3159 1634 digna
3213 1565 3494 1618 habeatur.

1916 1659 2174 1726 Quamvis
2221 1660 2308 1713 hic
2342 1673 2516 1713 canon
2575 1657 2801 1727 requirit
2855 1670 2975 1711 eam
3027 1669 3188 1723 supra
3236 1653 3470 1708 sedecim

221 1753 428 1820 τυχεῖν,
469 1750 690 1820 καὶτῆς
742 1750 892 1814 θείας
945 1751 1232 1812 κοινωνίας
1310 1748 1637 1818 ἀξιωθῆναι.
1695 1747 1805 1801 Kit

1928 1752 2010 1806 vel
2043 1751 2426 1819 septemdecim
2461 1764 2631 1803 annos
2663 1763 2789 1804 esse
2837 1763 2954 1815 qua:
3016 1747 3071 1800 in
3108 1747 3372 1816 virginum
3407 1761 3499 1798 or-

220 1842 248 1893 ὁ
281 1843 469 1894 κανὼν
498 1835 656 1903 οὗτος
687 1839 831 1910 ὑπὲρ
869 1841 936 1892 τὰ
968 1840 1168 1904 δεκαὲξ
1198 1840 1234 1911 ἦ
1257 1841 1350 1893 καὶ
1398 1837 1678 1892 δεκαεπτὰ
1709 1837 1806 1906 ἔτη

222 1933 431 2002 ἀπαιτῇ
467 1926 609 1984 εἶναι
635 1933 734 2001 τὴν
803 1931 1218 2003 ὲκλιπαροῦσαν
1283 1930 1699 2002 Μραδεχθῆναι
1729 1930 1812 1990 είς

1910 1845 2092 1899 dinem
2139 1841 2348 1896 admitti
2374 1841 2628 1910 cupit,ut
2673 1837 3110 1909 quandoquidem
3162 1847 3289 1890 tunc
3335 1837 3500 1889 ratio-

1915 1935 2249 1991 cinationum
2283 1933 2356 1986 sit
2396 1931 2636 1994 domina,
2671 1939 2727 1984 et
2748 1930 3068 1998 completam
3103 1929 3291 1980 haheat
3343 1929 3501 1979 ratio-

223 2025 283 2076 τὸ
305 2023 420 2077 τῶν
455 2024 744 2095 παρθένων
777 2024 967 2095 τάγμα
996 2042 1011 2054 ο
1055 2025 1122 2079 [ν’
1149 2024 1226 2088 ὡς
1281 2023 1582 2094 τηνικαῦτα
1651 2021 1805 2092 κυρία

1920 2043 2066 2092 nem,
2095 2027 2139 2080 si
2171 2025 2566 2095 promissiones
2601 2040 2726 2078 suas
2779 2021 3084 2088 violaverit,
3150 2021 3499 2075 inexorabili.

227 2110 363 2169 οὖσα
389 2116 499 2168 τῶν
529 2115 835 2185 λογισμῶν,
861 2116 954 2169 καὶ
975 2116 1072 2181 τὴν
1102 2115 1199 2168 τοῦ
1231 2116 1389 2183 λόγου
1421 2115 1805 2185 συμπλήρωσιι

1922 2130 2004 2173 ter
2035 2134 2227 2188 pmnas
2266 2120 2397 2170 luat.
2428 2119 2494 2170 At
2545 2115 3001 2184 quadragesimus
3033 2123 3204 2168 sexta:
3237 2115 3287 2166 in
3313 2113 3499 2167 Trnllo

224 2206 826 2278 εχουσα,είάθετήσει
897 2206 997 2269 τάς
1057 2207 1356 2276 συνθήκας,
1415 2206 1813 2276 ἀπαραιτήτως

225 2297 494 2368 κολασθῇ.
541 2297 687 2351 Ἀλλ’
740 2293 834 2350 οὖν
893 2301 923 2351 ό
974 2297 1419 2368 τεσσαρακοστδς
1484 2295 1663 2349 κανῶν
1709 2295 1812 2365 τῆς

227 2391 284 2442 ὲν
304 2391 382 2460 τῷ
408 2388 673 2462 Τρούλλῳ
705 2389 872 2460 ἕκτης
911 2391 1152 2455 συνόδου,
1191 2393 1287 2445 καὶ
1341 2391 1432 2444 τὸν
1491 2391 1625 2445 δέκα
1674 2391 1812 2445 ὲτῶν

1921 2209 2115 2278 synodi
2147 2223 2319 2261 canon
2363 2209 2526 2260 etiam
2557 2204 2797 2274 eumqui
2855 2221 2976 2258 eum
3034 2205 3218 2260 decem
3271 2207 3343 2261 sit
3397 2223 3500 2259 an-

1915 2317 2107 2356 norum
2133 2301 2317 2370 iugum
2350 2299 2707 2354 monasticam
2743 2309 2826 2352 est
2853 2308 3204 2367 suscepturus
3239 2300 3494 2364 admittit,

1916 2402 1975 2446 ut
2023 2393 2264 2447 Ecclesia
2300 2393 2577 2459 potentior
2610 2392 2827 2456 evadat,
2888 2401 2945 2446 et
2995 2391 3230 2445 ﬁdelium
3273 2408 3498 2461 congre-

225 2480 374 2549 ὅντα,
453 2481 723 2552 μέλλοντα
795 2485 888 2555 τὶν
969 2482 1261 2553 μοναδικδν
1318 2482 1480 2551 ζυγὸν
1537 2482 1805 2550 ὑπελθεῖν1

1914 2487 2065 2555 gatio
2123 2487 2188 2538 ad
2241 2487 2621 2538 mandatorum
2675 2483 3115 2538 observationem
3170 2485 3260 2539 Dei
3324 2488 3494 2554 gratia

228 2550 626 2642 παραδέγεται,
659 2573 750 2626 διά
777 2573 836 2626 τδ
852 2550 984 2644 ’τὴνν
1009 2574 1344 2644 Ἐκκλησίαν
1400 2550 1813 2644 κραταιοτέραν

1921 2578 2076 2630 ﬁrma
2101 2576 2416 2643 stabilisque
2460 2576 2575 2632 ﬁat.

226 2665 502 2730 γενέσθαι,
535 2664 628 2718 καὶ
657 2664 720 2718 τδ
748 2662 858 2718 τῶν
889 2663 1098 2716 πιστῶν
1133 2664 1386 2735 σύστημα
1411 2666 1551 2728 πρὸς
1585 2665 1685 2736 τήν
1705 2665 1814 2719 τῶν
1841 2665 2072 2719 ἐντολῶν
2102 2667 2336 2738 τήρησιν
2397 2668 2579 2739 χάριτι
2636 2669 2758 2739 θείᾳ
2816 2671 3016 2740 πάγιόν
3038 2689 3098 2724 τε
3153 2671 3246 2725 καὶ
3316 2672 3497 2739 dae:-

225 2754 306 2819 λλ,
339 2752 501 2810 εἶναι.

817 2897 1056 2951 ΚΑΝΩΝ
1081 2895 1179 2953 ιϐ’.

236 3007 478 3079 Ἀνδρῶν
506 3007 564 3060 δὲ
586 3007 881 3077 ὁμολογίαν
906 3011 1006 3063 οὐκ
1032 3009 1300 3079 ἔγνωμεν,
1322 3009 1458 3081 πλήν
1490 3011 1538 3063 εί
1570 3009 1646 3081 μή
1674 3026 1819 3072 τινες

2490 2895 2720 2952 CANON
2785 2896 2928 2950 XIX.

1923 3008 2174 3062 Virorum
2206 3016 2387 3062 autem
2423 3009 2792 3076 professiones
2821 3024 2927 3063 non
2962 3009 3209 3062 novimus
3266 3018 3494 3076 prater-

295 3098 530 3159 ἑαυτοὺς
552 3099 630 3166 τῷ
657 3100 902 3168 τάγματι
926 3101 1036 3152 τῶν
1082 3101 1424 3168 μοναζόντων
1477 3101 1805 3172 ὲγκατηρίθ-

1985 3116 2147 3170 quam
2172 3101 2323 3169 siqui
2355 3116 2415 3155 se
2447 3103 2592 3169 ipsos
2609 3103 3002 3156 monachorum
3032 3102 3208 3155 ordini
3229 3117 3494 3156 annume-

297 3207 485 3260 μησαν
513 3206 529 3221 ·
555 3190 606 3242 οἳ
639 3191 783 3244 κατά
815 3191 875 3243 τδ
909 3191 1268 3256 σιωπώμενον
1291 3191 1507 3244 δοκοῦσι
1565 3192 1805 3261 παραδέ⁹

293 3281 486 3349 χεσθαι
523 3280 622 3352 τὴν
649 3283 911 3348 ἀγαμίαν.
951 3283 1098 3350 Πλὴν
1126 3283 1220 3335 καὶ
1247 3279 1335 3334 ἐπ’
1358 3283 1602 3344 ἐκείνων,
1633 3283 1808 3334 ἐκεῖνο

297 3371 544 3441 ήγοῦμαι
578 3373 939 3442 προηγεῖσθαι
982 3374 1306 3443 προσήκειν,
1365 3371 1677 3442 ἐρωτᾶσθαι
1713 3371 1810 3423 αἱ·

295 3467 422 3528 τοὺς
482 3464 581 3518 καὶ
611 3462 988 3530 λαμϐάνεσθαι
1014 3464 1112 3533 τὴν
1146 3463 1277 3534 παρ’
1305 3463 1484 3518 αὐτῶν
1515 3464 1808 3532 ὁμολογίαν

295 3555 526 3625 ἐναργῆ,
593 3554 738 3607 ὥστε
812 3556 1032 3609 ἐπειδὰν
1108 3554 1488 3624 μετατίθενται
1541 3558 1674 3624 πρὸς
1719 3555 1811 3607 τὸν

296 3648 633 3716 φιλόσαρκον
657 3648 752 3700 καὶ
783 3645 1034 3716 ήδονικὺν
1065 3644 1199 3714 βίον,
1235 3645 1470 3703 ὑπάγειν
1501 3644 1699 3706 αὐτοὺς
1729 3643 1810 3713 τῷ

297 3739 405 3792 τῶν
426 3739 805 3808 πορνευόντων
837 3737 1128 3806 ἐπιτιμίῳ.

298 3850 499 3903 ΒΔΔΣ.
541 3848 860 3919 Σημείωσαι
910 3849 1020 3901 ἀπὸ
1067 3847 1164 3900 τοῦ
1239 3847 1507 3917 παρόντος
1560 3847 1806 3912 κανόνος,

229 3939 498 4007 λέγοντος,
549 3939 774 4008 Ἀνδρος
811 3940 869 3992 δὲ
891 3939 1188 4008 ὁμολογίας
1215 3939 1316 3991 ούκ
1367 3938 1636 4008 ἔγνωμεν,
1669 3939 1808 4008 πλὴν

227 4034 274 4085 εί
307 4035 382 4101 μή
405 4049 550 4094 τινες
580 4031 812 4093 ἑαυτοὺς
862 4031 941 4100 τῷ
1003 4031 1249 4098 τάγματι
1294 4029 1406 4082 τῶν
1467 4029 1809 4097 μοναζόντων

227 4121 738 4191 ἐγκατηρίθμησαν,
770 4120 851 4172 ὅτι
885 4121 942 4172 ὲν
973 4119 1051 4188 τῷ
1087 4118 1157 4189 ιη’
1183 4119 1367 4172 κανόνι
1398 4122 1457 4172 ού
1485 4119 1617 4189 περὶ
1644 4136 1808 4188 μονα-

227 4211 429 4275 ζόντων
462 4207 642 4277 εἶπεν,
675 4210 814 4264 ἀλλά
870 4211 1000 4280 περὶ
1065 4210 1352 4280 παρθένων
1393 4210 1808 4280 ἀφοριζομένων

224 4305 298 4373 τῷ
329 4303 453 4372 Θεῷ
491 4303 637 4373 μετὰ
667 4303 863 4355 λαῖκοῦ
914 4303 1218 4372 σχήματος.
1284 4302 1588 4369 ’Δνάγνωθι
1618 4302 1716 4370 τῆς
1749 4303 1807 4354 ιν

1984 3199 2215 3244 rarunt:
2253 3191 2343 3260 qui
2373 3191 2532 3244 tacite
2561 3191 2812 3244 videntur
2846 3191 3154 3246 caelibatum
3186 3192 3489 3245 admittere.

1981 3281 2085 3336 Sed
2119 3282 2171 3336 in
2206 3281 2314 3337 illis
2343 3297 2557 3351 quoque
2580 3283 2835 3336 existimo
2858 3287 3166 3351 praecedere
3208 3295 3488 3352 oportere.

1987 3386 2046 3428 ut
2083 3374 2184 3442 ipsi
2227 3383 2662 3442 tnterrogetttur,
2698 3382 2751 3426 et
2777 3374 3006 3428 evidens
3065 3375 3304 3439 ipsorum
3346 3377 3492 3428 aeei-

1980 3466 2164 3532 piatur
2197 3463 2485 3532 professio,
2515 3471 2573 3517 ut
2620 3473 2908 3533 postquam
2940 3478 3000 3518 se
3031 3465 3096 3516 ad
3139 3464 3484 3518 libidinosam

1981 3571 2033 3614 et
2059 3559 2417 3626 voluptariam
2465 3557 2629 3610 vitam
2689 3559 3080 3622 converterint,
3143 3573 3333 3612 eorum
3396 3559 3486 3626 qui

1985 3650 2319 3704 fornicantur
2348 3648 2614 3718 puuitioni
2638 3647 3018 3718 subiiciantur.

1981 3856 2180 3912 BALS.
2218 3856 2353 3912 Nota
2382 3872 2448 3911 ex
2492 3855 2743 3926 przrsenti
2798 3871 3010 3911 canone
3050 3857 3281 3920 dicente,
3333 3855 3491 3910 Viro-

1909 3964 2028 4002 rum
2060 3959 2238 4002 autem
2274 3948 2639 4016 professiones
2671 3962 2776 4000 non
2816 3947 3088 4011 novimus,
3129 3957 3487 4015 praeterquam

1911 4041 1953 4093 si
1977 4039 2068 4107 qui
2099 4041 2326 4107 seipsos
2377 4041 2427 4092 in
2478 4040 2871 4093 monachorum
2928 4055 3214 4093 numerum
3285 4041 3485 4094 retule-

1913 4135 2068 4190 runt,
2091 4128 2235 4197 quod
2271 4129 2320 4180 in
2358 4143 2566 4182 canone
2596 4129 2662 4183 l8
2723 4145 2827 4183 non
2889 4129 2956 4183 de
3020 4129 3297 4182 n;onathis
3323 4168 3338 4190 ,
3393 4131 3489 4181 scd

1909 4215 1977 4270 de
2028 4217 2331 4285 virginibus
2386 4218 2491 4270 Deo
2585 4233 2704 4271 cum
2740 4218 2877 4272 laico
2938 4219 3122 4271 habitu
3189 4218 3486 4285 segregatis

1910 4307 2120 4362 locutus
2172 4319 2274 4362 est.
2335 4308 2477 4378 Lege
2536 4309 2854 4378 Garthagin.
2909 4323 3030 4378 syn.
3067 4323 3186 4362 can.
3238 4308 3290 4370 6,
3323 4309 3391 4360 ιι
3432 4321 3486 4361 et

227 4395 557 4466 Καρθαγινη
583 4395 806 4448 συνόδου
839 4395 1042 4447 κανόνα
1079 4399 1155 4458 ς’,
1205 4389 1288 4463 με’
1336 4395 1429 4446 καὶ
1475 4385 1627 4462 ρὶςπ
1666 4391 1804 4453 Τοὺς

1913 4398 2036 4454 Ηϐ.
2070 4397 2362 4453 Monaehos
2389 4408 2566 4452 autem
2617 4398 2768 4462 dicit,
2801 4399 3018 4452 etiamsi
3057 4399 3218 4452 tacite
3263 4399 3484 4452 videan-

227 4488 411 4556 μέντοι
442 4487 716 4556 μοναχούς
748 4501 907 4554 φησι,
958 4484 1059 4538 κάν
1088 4485 1185 4537 καὶ
1247 4484 1447 4536 δοκῶσι
1509 4482 1802 4553 σιωπηρῶς

223 4576 617 4630 κατατίθεσθαι
644 4575 924 4641 ἁγνεύειν,
946 4575 1096 4645 ὅμως
1126 4575 1372 4642 ὀφείλειν
1421 4575 1516 4626 καὶ
1579 4572 1804 4636 τούτους

221 4669 554 4737 ἐρωτᾶσθαι,
596 4667 691 4718 καὶ
727 4667 1018 4734 ὁμολογεῖν
1051 4665 1300 4736 ἀγαμίαν
1350 4683 1366 4698 ·
1396 4665 1509 4728 ἵνα,
1546 4667 1642 4718 ἐὰν
1665 4665 1802 4735 ψεύ⁹

223 4776 444 4822 σωνται,
505 4759 581 4819 ὡς
643 4755 1048 4823 πορνεύσαντες
1109 4756 1516 4827 ἲπιτιμηθῶσι.
1583 4758 1801 4814 Τούτων

221 4848 286 4920 δή
305 4847 483 4910 οὕτως
511 4847 768 4917 ἐχόντων,
801 4845 876 4914 μή
908 4844 1074 4917 εἴπῃς
1100 4843 1175 4907 ῶς
1240 4846 1288 4897 οἱ
1351 4845 1428 4916 μή
1475 4849 1801 4915 ποιήσαντες

227 4941 453 5009 μοτιαχοὶ
487 4937 748 5006 τοιαύτην
774 4934 1069 5005 ὁμολογίαν
1096 4933 1426 5005 ἀνέγκλητοι
1456 4934 1798 5008 διατηρηθή-

225 5047 426 5082 σονται.
466 5030 589 5082 Κᾶν
623 5029 732 5097 γὰρ
764 5027 838 5098 μὴ
868 5027 1125 5095 ἀποκαρῇ
1163 5042 1267 5090 τις,
1343 5025 1480 5079 ἀλλὰ
1565 5028 1798 5095 ῥασοφο-

222 5123 384 5193 ρήσῃ,
415 5123 475 5174 οὐ
495 5121 787 5190 δυνήσεται
817 5119 1414 5190 μετασχηματισθῆναι
1463 5119 1557 5172 καὶ
1591 5121 1671 5182 είς
1697 5121 1798 5187 γά-

223 5233 321 5284 μον
351 5213 548 5280 nam,
591 5212 729 5267 ἀλλά
779 5213 928 5265 άκων
996 5210 1482 5279 ἀναγκασθήσεται
1530 5209 1798 5281 ὑποστρέ-

219 5309 316 5376 ψαι
343 5309 426 5368 εἰς
459 5306 554 5358 τὸν
585 5306 887 5373 μοναχικὸν
915 5303 1052 5373 βίον,
1094 5303 1170 5364 ὡς
1212 5302 1476 5364 πολλάκις
1528 5302 1687 5356 τοῦτο
1721 5304 1797 5356 εί-

219 5415 418 5468 πομεν.
447 5398 522 5449 Τὸ
547 5397 680 5453 αὐτὸ
707 5397 764 5448 δὲ
784 5396 935 5448 ἕσται
971 5395 1068 5448 καὶ
1107 5395 1188 5456 εις
1239 5395 1502 5463 μοναχάς,
1535 5393 1671 5446 ἀλλά
1701 5395 1795 5446 καὶ

221 5491 295 5550 εις
325 5490 530 5548 πάντας
558 5486 688 5548 τοὺς
720 5485 811 5536 τοῦ
836 5484 1103 5555 βήματος.
1136 5483 1246 5549 καὶ
1267 5476 1414 5535 οὗτοι
1444 5481 1552 5552 γὰρ
1579 5498 1792 5550 σιωπη-

227 5580 324 5648 ρῶς
353 5576 600 5629 δοκοῦσιν
631 5575 916 5643 ὁμολογεῖν
958 5576 1033 5644 μή
1066 5573 1247 5628 ἐλθεῖν
1286 5575 1368 5637 είς
1413 5574 1588 5642 γάμον
1655 5573 1793 5641 μετά

226 5671 319 5736 τὴν
352 5665 708 5738 χειροτονίαν,
739 5666 832 5719 καὶ
856 5664 1291 5736 παρκόςαίνοντες
1311 5663 1402 5716 τὸν
1423 5662 1622 5717 κανόνα
1650 5660 1790 5714 κιθ-

1910 4503 1998 4545 tnr
2022 4491 2329 4544 castitatem
2357 4489 2560 4551 colere,
2595 4489 2793 4543 debere
2827 4497 3006 4544 tamen
3041 4505 3135 4544 eos
3181 4491 3342 4544 etiam
3396 4493 3483 4544 in-

1905 4583 2194 4651 terrogari,
2253 4591 2308 4634 et
2361 4580 2666 4634 caelibatum
2725 4581 3007 4650 proﬁteri:
3054 4593 3111 4634 ut
3171 4583 3214 4635 si
3271 4585 3478 4636 mentiti

1903 4672 2107 4726 fuerint
2137 4679 2196 4724 ut
2238 4671 2597 4726 fornicatores
2637 4673 2957 4740 puniantur.
2989 4671 3100 4726 Etsi
3151 4681 3332 4727 autem
3367 4675 3480 4728 hzve

1904 4763 1976 4817 ita
2005 4776 2068 4817 se
2101 4761 2360 4826 habeant,
2393 4775 2460 4815 ne
2489 4762 2698 4818 dixeris
2733 4763 2877 4831 quod
2906 4764 3160 4818 monachi
3197 4766 3286 4832 qui
3333 4765 3474 4817 hane

1904 4851 2301 4922 professionem
2339 4867 2447 4907 non
2476 4853 2678 4917 fecere,
2713 4853 2955 4908 insontes
3011 4854 3256 4923 nullique
3302 4855 3474 4923 culpae

1901 4942 2122 4997 obnoxii
2154 4941 2543 4998 servabuntur.
2579 4941 2690 4997 Etsi
2723 4944 2868 4997 enim
2941 4960 3045 4998 non
3083 4945 3240 4998 fuerit
3286 4955 3476 5000 tonsus

1902 5031 2199 5102 quispiam,
2256 5033 2351 5087 sed
2387 5048 2511 5086 rasa
2542 5033 2858 5100 gestaverit,
2901 5048 3006 5087 non
3043 5035 3474 5102 poterit-mutare

1901 5123 2148 5178 habitum
2175 5132 2229 5178 et
2263 5125 2330 5177 ad
2369 5124 2584 5192 nuptias
2637 5124 2955 5191 convolare,
3017 5127 3110 5179 sed
3173 5126 3369 5178 invitus
3401 5129 3466 5176 ad

1900 5214 2145 5268 habitum
2205 5212 2566 5267 monasticam
2615 5215 2817 5268 reverti
2863 5225 3124 5286 cogetur,
3179 5216 3320 5269 sicut
3369 5217 3470 5268 hoc

1897 5317 2039 5370 sape
2071 5301 2330 5356 diximus.
2362 5300 2505 5355 Idem
2560 5302 2666 5355 erit
2727 5311 2782 5356 et
2808 5304 2873 5356 de
2923 5303 3267 5365 monialibtts,
3305 5312 3359 5355 ct
3401 5306 3468 5356 de

1899 5394 2152 5448 omnibus
2177 5393 2393 5447 clericis
2414 5392 2721 5447 tribunalis.
2753 5393 2885 5448 Nam
2917 5404 2970 5448 et
3007 5394 3039 5446 ii
3074 5407 3264 5446 omnes
3307 5395 3468 5448 tacite

1897 5482 2139 5554 proﬁteri
2169 5482 2422 5536 videntur
2440 5496 2498 5535 se
2531 5481 2935 5536 matrimonium
2965 5496 3067 5533 non
3089 5491 3468 5536 eontracturos

1897 5581 2016 5642 post
2048 5572 2480 5626 ordinationem:
2535 5582 2591 5626 et
2649 5587 2911 5626 canonctn
2982 5571 3464 5640 transgredientes,

1895 5664 2259 5733 deponuntur.
2321 5662 2511 5729 Quer
2557 5674 2865 5719 sanctorum
2927 5662 3290 5731 apostolorum
3338 5681 3466 5722 Catt.
