4018 6448
205 357 302 420 l5?

1124 365 1204 428 IN
1243 368 1484 429 EPIST.
1531 370 1596 430 S.
1638 367 1939 429 BASILII’
1973 369 2428 432 CANONICAM
2471 371 2552 433 II.

3344 378 3454 442 (5'8

206 470 296 539 τὴν
328 470 610 540 δμολθγίέι
654 474 836 528 αὐτῶν
873 476 1115 546 φανερὰν
1165 479 1471 548 λαμϐάνειν
1497 496 1512 513 ⁸
1580 483 1689 546 ἵνα,
1728 485 1778 538 εί

1890 475 1954 534 Ut
1985 478 2116 533 siad
2152 480 2528 549 voluptuosam
2581 489 2629 536 et
2698 482 2971 539 carnalem
3013 485 3178 542 vitam
3238 487 3454 546 decide-

207 562 588 629 ps‘raniamn:
629 565 826 619 ἔκτοτε
852 569 990 638 πρὸς
1025 569 1118 622 τὸν
1167 571 1418 640 ἡδονικδν
1466 574 1558 627 καὶ
1626 576 1779 645 φιλό-

198 670 403 724 σαρκον
443 654 582 725 βίον,
630 658 692 710 τὸ
747 659 855 713 τῶν
917 663 1298 734 πορνευόντων
1367 665 1647 736 ἐπιτίμιον
1696 667 1781 721 δὲ-

199 738 418 803 ξωνται.

812 841 1053 898 ΚΑΝΩΝ
1075 847 1156 902 Κ’.

199 919 365 974 Ὀσαι
398 927 659 991 γυναῖκες
690 927 748 982 ὲν
779 931 993 1001 αἱρέσει
1024 933 1184 991 οὖσαι
1233 941 1534 1011 παρθενίαν
1564 945 1781 1018 ὡμολό-

269 1028 472 1080 γησαν,
501 1010 626 1070 εἶτα
668 1020 808 1088 μετά
838 1023 1013 1078 ταῦτα
1078 1029 1256 1098 γάμον
1283 1010 1630 1103 ἀνθείλοντοξ
1680 1041 1780 1112 οὐχ

263 1105 512 1174 ἠγοῦμαι
537 1113 738 1179 χρῆναι
773 1116 1235 1182 καταδικάζεσθαι
1261 1124 1488 1189 ταύτας.
1505 1128 1645 1184 Ὅσα
1670 1105 1781 1204 γὰρ

262 1198 291 1248 ό
323 1198 489 1267 νόμος
523 1201 696 1268 λαλεῖ,
727 1210 841 1271 τοῖς
872 1211 930 1264 ἐν
949 1211 1027 1281 τῷ
1056 1214 1206 1285 νόμῳ
1230 1216 1400 1275 λαλεῖ.
1435 1222 1501 1274 Ai
1524 1222 1581 1276 δὲ
1613 1198 1780 1294 μήπω

263 1291 601 1350 ἐπελθοῦσαι
636 1299 730 1353 τὸν
769 1301 938 1370 ζυγὸν
963 1307 1058 1361 τοῦ
1087 1310 1351 1380 Χριστοῦ,
1399 1316 1525 1370 οὐδὲ
1555 1291 1654 1388 την
1676 1291 1778 1373 νο-

265 1383 533 1451 μοθεσίαν
565 1389 993 1455 ἐπιγινώσκουσι
1039 1399 1132 1453 τοῦ
1173 1404 1471 1461 Δεσπότου.
1505 1407 1672 1463 Ὥστε
1699 1410 1783 1465 δεο

265 1474 397 1572 κταί
426 1477 535 1529 είσι
575 1482 641 1550 τῇ
684 1481 984 1560 Ἐκκλησία
1016 1492 1158 1559 μετά
1186 1495 1405 1551 πάντων
1433 1501 1528 1554 καὶ
1559 1501 1657 1572 τὴν
1688 1507 1782 1558 ἐπὶ

263 1564 483 1664 τούτοις
513 1569 711 1636 ἄφεσιν
743 1573 960 1645 ἔχουσιν
986 1581 1051 1637 ἐκ
1111 1584 1211 1655 τῆς
1253 1587 1496 1653 πίστεως
1702 1600 1781 1662 είς

251 1651 296 1704 Χ
305 1657 515 1722 ριστὸν,
549 1661 643 1714 καὶ
666 1665 901 1721 καθόλου
937 1672 1002 1726 τά
1033 1673 1091 1725 ἐν
1124 1651 1202 1746 τῷ
1245 1651 1641 1756 κατηχουμένὶρ

253 1752 545 1844 γενόμενα
577 1758 658 1819 είς
690 1760 924 1828 εὐθύνας
983 1768 1084 1820 οὐκ
1137 1771 1387 1838 ἄγονται.
1443 1752 1690 1844 Τούτοις
1724 1752 1780 1836 δὲ

261 1840 424 1910 δῆλον
447 1845 528 1898 ὅτι
568 1847 701 1903 ἄνευ
720 1852 1153 1930 βαπτίσματοςή
1185 1861 1482 1936 Ἐκκλησία
1513 1868 1573 1921 οὐ
1598 1840 1776 1941 παρα-

260 1933 503 2038 dixerat,
535 1939 678 1996 ὥστε
702 1945 1142 2015 ἀναγκαιότατον
1183 1955 1277 2008 ἐπὶ
1307 1933 1520 2024 τούτοις
1549 1961 1616 2016 τὰ
1649 1933 1782 2038 τέρε-

263 2023 427 2078 σεεία
451 2029 550 2098 τῆς
582 2033 868 2100 γενέσεως.

263 2117 465 2216 Βμξ.
511 2123 602 2187 Ὠς
629 2124 828 2216 ἕῌοικεν,
854 2133 1134 2202 αἱρετικαὶ
1165 2144 1423 2208 γυναῖκες
1469 2145 1784 2216 ὡμολόγουν

194 2208 544 2278 παρθενίαν,
613 2210 734 2270 εἷτα
802 2221 1060 2291 ἀνδράσιν
1165 2229 1364 2294 ἑαυτὰς
1466 2208 1733 2300 ἐξεδίδουν
1767 2253 1779 2266 ·

196 2304 636 2374 προσερχόμεναι
658 2309 715 2362 δὲ
742 2314 809 2382 τῇ
848 2313 1148 2390 Ἐκκλησία
1179 2320 1517 2390 ἑπετιμῶντο
1538 2326 1611 2388 ὡς
1651 2327 1782 2396 ψευ-

197 2391 453 2460 σάμενοιι.
523 2397 660 2466 Φησὶ
715 2401 844 2468 γοῦν
897 2405 1129 2474 όάγιος,
1192 2410 1267 2482 μὴ
1323 2391 1783 2481 καταδικάξεσοαι

194 2485 400 2548 ταύτας
481 2491 645 2559 χάριν
711 2491 788 2549 ὧν
854 2500 960 2567 πρὸ
1012 2503 1108 2556 τοῦ
1175 2507 1462 2562 πιστεῦσαι
1516 2512 1779 2580 ἔψεύσαν-

193 2589 275 2668 τοΪ
308 2567 446 2631 Εῐτα
521 2582 753 2637 καθόλου
807 2587 991 2644 δίδωσι
1050 2594 1253 2648 κανόνα
1326 2599 1402 2668 μὴ
1453 2567 1781 2666 κολόιζεσθαι

196 2665 324 2728 τοὺς
383 2671 796 2739 πιστεύσαντας
878 2678 973 2730 καὶ
1028 2679 1452 2750 βαπτισθέντας,
1527 2689 1657 2757 περὶ
1707 2685 1784 2744 ὦν

193 2755 451 2828 ἥμαρτον
491 2763 599 2830 πρὸ
631 2763 727 2818 τοῦ
780 2767 1189 2840 βαπτίσματος.
1235 2774 1563 2842 Αἱρετικοὺς
1590 2755 1646 2832 δὲ
1673 2783 1782 2837 νόει

195 2847 322 2909 τοὺς
379 2849 458 2918 μὴ
496 2851 675 2916 ἄλλως
703 2854 1050 2926 δεχομένους,
1113 2864 1164 2915 εί
1241 2866 1318 2934 μὴ
1376 2864 1779 2936 βαπτισθῶσιν.

198 2936 319 2989 Είσὶ
360 2940 474 3010 γάρ
511 2959 664 3009 τινες
691 2946 962 3016 αίρετικοὶ
1018 2952 1114 3005 καὶ
1174 2956 1349 3026 χωρὶς
1404 2958 1783 3030 βαπτίσματος

194 3031 401 3093 δεκτοὶ.
447 3033 596 3105 ἁγίῳ
623 3039 890 3110 χρίσματι
927 3044 1076 3115 μόνῳ
1139 3047 1442 3117 χριόμενοι.
1486 3052 1597 3105 Καὶ
1649 3053 1781 3109 ἀνά-

1881 569 2014 636 rint,
2048 569 2436 628 fornicatorum
2470 589 2647 646 poenae
2679 574 3058 644 subjiciantnr.

2483 860 2719 917 CANON
2754 861 2875 918 XX.

1883 943 2224 1017 Quaecunque
2252 949 2533 1019 mulieres,
2580 968 2704 1007 cum
2752 964 2939 1011 essent
3002 957 3293 1024 haeretica,
3349 961 3449 1015 vir-

1960 1038 2240 1106 ginitatetn
2286 1042 2544 1110 professae
2598 1054 2744 1110 sunt,
2793 1047 2987 1103 deinde
3035 1059 3219 1118 postea
3266 1054 3455 1105 matri-

1958 1130 2197 1184 monium
2237 1133 2562 1200 maluerunt,
2611 1152 2716 1190 non
2777 1139 3032 1196 existimo
3073 1157 3166 1198 eas
3206 1154 3462 1212 oportere

1960 1221 2336 1279 condemnari.
2372 1226 2720 1299 Qumcunque
2743 1231 2888 1286 enim
2921 1233 3052 1288 dicit
3075 1235 3180 1298 lex,
3219 1235 3283 1289 iis
3304 1237 3458 1302 dicit,

1954 1315 2044 1381 qui
2066 1316 2279 1380 sunt,in
2315 1317 2448 1385 lege.
2475 1319 2816 1390 Qumcunque
2841 1335 3018 1379 autem
3037 1326 3225 1397 jugum
3242 1328 3446 1383 Christi

1953 1407 2187 1459 nondum
2217 1408 2519 1476 subierunt,
2544 1427 2622 1466 ea;
2652 1427 2750 1467 nec
2784 1414 2992 1470 Domini
3047 1417 3192 1486 leges
3237 1429 3455 1474 norunt.

1957 1495 2131 1558 Ouare
2192 1510 2320 1553 sunt
2379 1502 2446 1555 ab
2501 1503 2742 1558 Ecclesia
2804 1520 2928 1560 cum
2980 1509 3234 1564 omnibus
3284 1513 3459 1564 susci-

1954 1585 2186 1655 piendae.
2229 1599 2283 1644 et
2337 1601 2558 1663 propter
2585 1595 2698 1651 haec
2738 1596 2939 1652 habent
2970 1601 3347 1658 remissionem
3392 1620 3461 1659 ex

1956 1681 2063 1740 llde
2103 1683 2153 1736 in
2186 1683 2487 1751 Christum,
2513 1696 2566 1743 et
2591 1691 2815 1748 omnino
2847 1708 2968 1764 quae
2999 1695 3052 1750 in
3113 1699 3461 1754 catechume-

1955 1774 2073 1828 nica
2093 1774 2198 1829 vita
2226 1777 2359 1831 liunt
2391 1778 2442 1832 in
2462 1781 2726 1849 judicium
2765 1801 2869 1841 non
2903 1798 3190 1846 vocantur.
3241 1790 3458 1846 Clarum

1954 1874 2038 1919 est
2065 1876 2244 1921 autem
2271 1869 2414 1938 quod
2451 1870 2583 1926 tales
2611 1874 2852 1932 Ecclesia
2904 1893 3007 1933 non
3043 1881 3162 1936 sine
3193 1882 3462 1952 baptismo

1957 1955 2169 2024 recipit.
2226 1956 2406 2025 Quare
2452 1965 2820 2030 generationis
2876 1968 3154 2039 privilegia
3209 1982 3336 2029 sunt
3402 1974 3452 2028 in

1953 2047 2086 2115 ipsis
2122 2051 2356 2106 maxime
2389 2057 2723 2114 necessaria.

1955 2137 2145 2195 BALS.
2185 2140 2253 2198 Ut
2286 2155 2370 2198 est
2396 2147 2713 2214 verisimile,
2748 2149 3016 2209 haeretica;
3052 2156 3309 2212 mulieres
3355 2158 3466 2212 vir.-

1886 2229 2168 2296 giuitatem
2198 2233 2621 2302 proﬁtebantur,
2686 2239 2883 2295 deinde
2929 2257 2989 2297 se
3043 2246 3175 2300 viris
3237 2257 3462 2316 nuptum

1887 2315 2118 2371 dabant:
2151 2319 2217 2373 ad
2259 2319 2560 2379 Ecclesium
2594 2335 2775 2381 autem
2799 2331 3125 2388 accedentes
3165 2334 3464 2404 reprehen-

1887 2406 2157 2463 dehantur
2185 2416 2244 2464 ut
2275 2413 2533 2469 mentitae.
2566 2415 2706 2472 Dicit
2759 2433 2887 2491 ergo
2922 2431 3167 2490 sanctus,
3226 2439 3322 2480 eas
3357 2442 3461 2481 non

1885 2509 2009 2550 esse
2048 2498 2491 2558 condemnandus
2525 2507 2681 2560 dedis
2700 2522 2819 2576 quae
2860 2510 3098 2566 mentita.-
3127 2523 3252 2569 sunt
3308 2526 3458 2570 ante—

1885 2601 2044 2657 quam
2072 2590 2374 2648 crederent.
2411 2594 2618 2652 Deinde
2656 2597 2709 2651 in
2737 2613 2948 2654 summa
2980 2601 3144 2656 tradit
3168 2617 3460 2667 canoncm,

1887 2695 1992 2734 non
2026 2683 2217 2749 punire
2243 2698 2338 2740 eos
2382 2688 2474 2757 qui
2504 2690 2850 2746 crediderunt
2883 2701 2940 2747 et
2998 2694 3254 2762 baptizati
3313 2707 3460 2760 sunt,

1886 2771 1952 2826 de
1986 2772 2052 2827 iis
2078 2789 2197 2843 quae
2241 2786 2366 2832 ante
2420 2777 2747 2846 baptismum
2796 2783 3211 2840 commiserunt.
3281 2787 3463 2844 Hare-

1887 2862 2024 2916 ticos
2083 2875 2261 2919 autem
2321 2883 2414 2922 eos
2495 2869 2754 2942 intelligo,
2809 2875 2899 2943 qui
2940 2890 3049 2930 non
3090 2877 3465 2948 suscipiuntur.

1886 2953 1986 3008 nisi
2023 2955 2173 3023 prius
2199 2956 2457 3025 baptizati
2495 2959 2716 3017 fuerint.
2746 2965 2884 3019 Sunt
2917 2966 3060 3021 enim
3095 2969 3312 3038 quidam
3350 2969 3464 3023 bre-

1889 3047 2064 3112 retici,
2111 3049 2202 3117 qui
2257 3052 2559 3107 suntetiam
2630 3055 2746 3111 sine
2799 3058 3070 3129 baptismo
3134 3062 3463 3129 suscipiendi

194 3127 365 3190 γνωθι
393 3128 490 3181 τὸν
538 3129 587 3195 ζ’
649 3133 855 3187 κανόνα
897 3135 1000 3206 τῆς
1047 3137 1314 3210 δευτέρας
1372 3143 1617 3211 συνόδου,
1686 3148 1779 3202 καὶ

1890 3149 2071 3196 sancto
2101 3141 2393 3199 chrismate
2426 3145 2545 3199 solo
2603 3147 2771 3201 uncti.
2811 3127 2954 3217 Lege
3011 3159 3066 3204 et
3119 3165 3241 3206 can.
3294 3152 3324 3204 7
3376 3167 3465 3206 sc-

195 3219 401 3272 κανόνα
439 3218 508 3283 ιζ’
543 3222 652 3276 τῶν
687 3224 863 3292 ἁγίων
899 3227 1242 3286 ἀποστόλων.

265 3311 514 3366 ΖΩΝΑΡ.
564 3316 854 3382 Αίρετικαὶ
907 3322 1168 3385 γυναῖκες
1233 3324 1548 3395 ὡμολόγουν
1637 3349 1780 3403 παρ-

195 3401 460 3469 θενεύειν,
496 3401 617 3485 εἶτα
640 3408 898 3475 ἀνδράσιν
951 3412 1157 3478 ἑαυτὰς
1203 3414 1494 3479 ἐξεδίδουν.
1563 3401 1780 3489 Ταύτας

196 3498 746 3571 προσερχομέναςτῇ
795 3502 1062 3574 καθολικῆ
1134 3507 1437 3582 Ἐκκλησία
1491 3514 1722 3587 γνώμην
1755 3521 1782 3570 ὁ

195 3587 348 3653 ᾶγως
376 3590 566 3643 δίδωσι
602 3592 681 3662 μὴ
705 3595 1176 3660 καταδικάζεσθαι
1201 3600 1278 3665 ὡς
1305 3601 1664 3673 ψευσαμὲνας
1685 3607 1780 3677 τὴν

194 3680 517 3748 ὁμολογίαν.
571 3683 714 3736 Ὀσα
767 3685 898 3756 γὰρ,
927 3689 1120 3758 φησὶν,
1156 3692 1366 3763 όνόμος
1428 3695 1607 3760 λαλεῖ,
1649 3702 1782 3763 -τοῖς

195 3769 254 3820 ὲν
299 3770 378 3839 τῷ
409 3771 565 3841 νόμῳ
600 3771 774 3828 λαλεῖ.
805 3777 869 3829 Al
902 3777 958 3829 δὲ
992 3779 1070 3848 μὴ
1113 3780 1407 3848 δεξάμεναι
1468 3785 1562 3839 τὸν
1620 3789 1783 3860 ζυγὸν

196 3860 288 3914 τοῦ
318 3861 562 3931 Χριστοῦ
623 3865 746 3918 οὐδὲ
803 3867 901 3936 τὴν
955 3869 1182 3940 ἐντολὴν
1245 3873 1461 3929 ἐκείνου
1517 3880 1781 3946 επιγινώ-

198 3969 414 4017 σκουσι,
448 3955 546 4008 καὶ
573 3955 762 4009 λοιπον
790 3957 1106 4012 δεκταίείσι
1155 3966 1220 4033 τῇ
1272 3965 1604 4039 Ἐκκλησίᾴ,
1646 3969 1781 4039 ἄφε-

198 4061 284 4097 σιν
309 4045 536 4116 ἔχουσαι
603 4049 664 4100 ὲκ
699 4048 796 4103 τοῦ
862 4052 1160 4107 πιστεῦσαι
1243 4057 1469 4128 Χριστῷ
1525 4063 1616 4114 καὶ
1685 4063 1781 4115 τοῦ

196 4139 442 4192 τοιούτου
475 4141 898 4212 ἁμαρτήματος.
957 4141 1089 4199 Εἶτα
1144 4148 1376 4203 καθόλου
1430 4152 1616 4206 δίδωσι
1681 4171 1784 4208 κα-

197 4232 327 4286 νὸνα
365 4232 451 4286 ὅτι
477 4233 580 4286 ὅσα
628 4234 687 4285 ὲν
719 4239 1118 4310 κατηχουμένῳ
1181 4240 1280 4312 βίῳ
1345 4242 1640 4312 γένωνται,
1683 4247 1782 4315 οὐκ

197 4323 542 4395 εύθύνονται.
570 4325 693 4378 ἀντὶ
714 4325 834 4392 τοῦ,
865 4328 926 4379 οὑ
968 4330 1314 4395 κολάζονται.
1382 4333 1552 4406 Πλὴν,
1622 4338 1780 4409 φησὶ,

193 4415 421 4477 τούτους
455 4417 587 4469 ἄνευ
623 4415 1003 4487 βαπτίσματος
1032 4422 1063 4489 ἡ
1107 4423 1416 4495 Ἐκκλησία
1457 4428 1517 4479 οὐ
1540 4429 1782 4497 παραδέ-

1885 3232 2072 3286 cundze
2099 3248 2219 3304 syn.
2246 3242 2298 3288 et
2320 3250 2444 3292 can.
2470 3237 2532 3290 l7
2563 3236 2620 3291 S.
2649 3238 3053 3307 Apostolorum.

1958 3325 2211 3382 ZONAR.
2259 3329 2540 3384 llrereticte
2592 3331 2845 3387 mulieres
2920 3331 3289 3402 virginitatem
3347 3349 3464 3402 pro-

1884 3415 2196 3485 ﬁtebantur,
2232 3420 2428 3479 deinde
2470 3423 2597 3479 viris
2639 3424 2846 3492 seipsss
2887 3422 3195 3478 tradebant.
3256 3423 3382 3487 Eas,
3417 3425 3459 3478 si

1883 3508 1950 3563 ad
1988 3506 2288 3565 Ecclesiam
2342 3513 2666 3568 catholicam
2728 3515 3049 3584 procedant,
3099 3524 3318 3570 sanctus
3377 3517 3463 3571 hic

1882 3600 1966 3653 vir
2002 3616 2098 3655 sua
2137 3604 2404 3658 sententia
2452 3603 2900 3675 haudquaquam,
2958 3606 3114 3676 quasi
3167 3605 3464 3676 professio-

1884 3708 2007 3748 nem
2035 3693 2804 3762 fcfellerint,condemuandss
2851 3713 2975 3753 essc
3011 3697 3239 3766 judicat.
3274 3697 3441 3764 Quae-

1883 3800 2102 3854 cunque
2163 3787 2335 3853 enim,
2415 3788 2512 3853 ait,
2553 3788 2636 3842 lex
2683 3787 2948 3857 loquitur,
2994 3788 3060 3842 iis
3111 3787 3203 3857 qui
3246 3789 3299 3841 in
3350 3787 3465 3858 lege

1883 3887 2006 3932 sunt
2037 3878 2298 3949 loquitur.
2326 3879 2456 3947 Quae
2486 3895 2614 3935 vero
2644 3880 2845 3934 Christi
2872 3881 3061 3950 jugqu
3122 3896 3228 3935 non
3280 3896 3464 3935 susce-

1881 3979 2101 4038 perunt,
2132 3970 2274 4024 illius
2321 3986 2537 4039 quoque
2571 3969 2825 4025 mandata
2878 3985 2981 4024 non
3045 3981 3363 4041 agnoscunt,
3402 3987 3464 4026 ac

1883 4061 2138 4132 deinceps
2169 4063 2237 4116 a‘J
2258 4061 2501 4118 Ecclesia
2527 4063 2740 4118 admitti
2793 4072 3049 4133 possunt,
3104 4064 3342 4128 veniam,
3397 4080 3462 4118 ex

1882 4167 1948 4207 eo
1974 4154 2117 4222 quod
2171 4153 2391 4210 Christo
2442 4155 2792 4220 crediderint,
2831 4155 2902 4211 ab
2945 4156 3046 4210 hoc
3105 4171 3318 4224 quoque
3354 4157 3462 4210 cri-

1883 4245 2028 4300 mine
2060 4245 2393 4302 obtinentes.
2429 4244 2565 4300 Tum
2625 4246 2677 4300 iu
2709 4245 3026 4301 universum
3063 4246 3304 4316 regulam
3352 4257 3462 4299 sla-

1884 4337 2006 4401 tuit,
2046 4353 2378 4409 quazcunque
2419 4338 2677 4394 nimirum
2737 4339 2790 4393 in
2833 4338 3280 4392 catechumenica
3354 4340 3463 4392 vita

1885 4428 2320 4497 committuntur,
2356 4446 2459 4486 non
2481 4431 2659 4486 vocari
2675 4430 2729 4484 in
2745 4429 3028 4499 judicium,
3045 4430 3147 4484 hoc
3167 4438 3268 4491 est,
3295 4427 3460 4481 haud-

195 4523 350 4576 χιται
383 4521 398 4539 ⁶
436 4510 566 4562 ἐπεὶ
637 4503 733 4562 οὖν
795 4510 1174 4580 βαπτίζονται,
1210 4515 1322 4568 τῶν
1358 4519 1465 4588 πρὸ
1530 4519 1626 4572 τοῦ
1676 4521 1774 4591 βα-

1890 4535 2160 4591 quaquam
2203 4523 2408 4590 puniri.
2443 4525 2667 4587 Adhuc,
2700 4523 2898 4591 inquit,
2926 4523 3189 4593 ejusmodi
3217 4521 3460 4575 homines

194 4600 502 4667 πτίσματος
531 4601 867 4671 σφαλμάτων
903 4604 1124 4657 πάντων
1159 4608 1517 4678 συγχώρησιν
1559 4610 1770 4681 ἔχουσι.

192 4688 365 4746 Τοῦτο
396 4693 510 4762 γάρ
541 4692 692 4746 ἐστιν
718 4694 746 4747 ὃ
783 4696 1010 4762 ἐπάγει,
1068 4697 1148 4751 ὅτι
1198 4701 1647 4766 ,ἀναγκαιότατον
1682 4706 1777 4758 ἐπὶ

191 4783 420 4846 τούτους
451 4784 521 4837 τὰ
549 4785 819 4855 πρεσϐεία
859 4786 959 4856 τῆς
986 4789 1282 4855 γενέσεως,
1339 4791 1509 4864 ἤγουν
1567 4794 1649 4847 ὅτι
1682 4797 1775 4850 ἀν-

193 4876 445 4943 αγκαίως
479 4875 667 4929 λοιπὸν
711 4877 906 4931 ἕπεται
991 4879 1414 4950 βαπτιζομένοις
1478 4886 1664 4950 αὐτοῖς
1708 4889 1776 4942 τὰ

194 4969 464 5039 πρεσϐεῖα
497 4964 594 5036 τῆς
627 4969 896 5035 γενέσεως
929 4985 943 5000 ⁸
984 4971 1046 5024 τὸ
1091 4973 1373 5046 ἐξαίρετον
1425 4977 1624 5048 δηλαδὴ
1678 4982 1777 5050 τῆς

191 5060 247 5110 ὲν
269 5057 349 5128 τῷ
375 5057 714 5127 βαπτίσματι
739 5060 1026 5127 γενέσεως,
1059 5064 1179 5133 ἦτοι
1213 5064 1314 5134 τῆς
1337 5068 1776 5139 ἀναγεννήσεως,

191 5151 218 5202 ὂ
255 5151 412 5203 ἔστιν
449 5152 481 5219 ἡ
519 5152 880 5225 συγχώρησις
938 5155 1048 5208 τῶν
1106 5160 1652 5228 προημαρτημένων.
1683 5148 1779 5216 AL

195 5241 445 5307 ρετικοὺς
476 5240 510 5311 ἢ
539 5242 669 5304 τοὺς
705 5244 779 5311 μὴ
821 5241 1003 5307 ἄλλως
1039 5246 1368 5314 δεχομένους
1393 5248 1439 5300 εί
1481 5250 1556 5320 μὴ
1582 5250 1776 5320 βαπτιο

193 5329 365 5382 σθὼσι
408 5333 710 5404 νοητέον,ἢ
750 5334 879 5394 τοὺς
910 5336 1198 5398 ἀπίστους.
1276 5339 1394 5391 Είσὶ
1464 5343 1570 5411 γάρ
1631 5359 1775 5405 τινες

193 5423 611 5490 αἱρετικοὶ,καὶ
655 5427 830 5494 χωρὶς
919 5425 1300 5497 βαπτίσματος
1351 5430 1554 5498 δεκτοὶ,
1635 5436 1777 5507 ἁγίῳ

193 5511 461 5581 χρίσματι
497 5512 644 5583 μόνῳ
685 5515 988 5584 χριόμενοι,
1045 5518 1171 5582 ώςὸ
1224 5521 1293 5584 ιζ’
1335 5522 1515 5577 κανὼν
1537 5527 1634 5596 τῆς
1654 5527 1773 5581 δευ⁶

193 5602 360 5670 τέρας
411 5603 634 5656 συνόδου
661 5605 1035 5663 διατάττεται.
1066 5610 1228 5664 Είποι
1281 5612 1337 5665 δέ
1360 5631 1444 5677 τις
1499 5617 1778 5671 ἐναντιοῦ-

196 5689 322 5742 σθαι
357 5692 448 5743 τὸν
482 5693 656 5762 μέγαν
692 5696 976 5752 Βασίλειον
1006 5700 1092 5755 διὰ
1117 5701 1211 5755 τοῦ
1248 5705 1515 5774 παρόντος
1552 5709 1777 5773 κανόνος

195 5784 272 5851 τῷ
305 5784 541 5857 πέμπτῳ
573 5789 757 5842 κανόνι
815 5794 914 5862 τῆς
969 5794 1026 5848 ἰν
1065 5795 1473 5867 Νεοκαισαρείᾳ
1531 5801 1773 5869 συνόδου,

1885 4611 2129 4665 Ecclesia
2157 4612 2275 4668 sine
2319 4614 2588 4684 baptismo
2614 4630 2716 4668 non
2767 4615 3004 4669 admittit
3041 4630 3055 4679 ;
3093 4614 3204 4684 78
3247 4611 3461 4682 quando

1884 4716 2052 4766 porro
2076 4701 2446 4771 baptizantur,
2481 4718 2668 4758 eorum
2695 4719 2816 4773 quae
2850 4713 2975 4757 ante
3017 4703 3342 4771 bapttsmum
3373 4698 3458 4752 ad-

1885 4793 2086 4849 misere
2126 4805 2473 4865 peccatorum
2528 4795 2739 4865 penitus
2795 4796 3006 4850 veniam
3039 4801 3444 4863 consequuntur

1886 4883 2454 4955 lloc.enimsigniiieat
2487 4889 2538 4942 id
2569 4889 2710 4956 quod
2747 4886 2989 4954 subjicit,
3038 4901 3164 4940 esse
3213 4886 3461 4938 nimirum

1887 4977 1940 5032 in
1996 4978 2307 5048 hujusmodi
2370 4980 2684 5035 hominibus
2742 4979 3110 5051 generationis
3179 4977 3458 5046 privilegia

1887 5072 2118 5126 maxime
2153 5073 2482 5137 necessaria,
2515 5072 2613 5127 hoc
2643 5081 2748 5136 est,
2795 5087 2918 5126 cum
2975 5071 3077 5140 ipsi
3116 5072 3458 5140 baptizcntur

1887 5163 2198 5219 necessario
2231 5164 2482 5234 deinceps
2507 5164 2788 5231 consequi,
2833 5175 2890 5216 ut
2920 5164 3197 5233 privilegia
3236 5176 3456 5230 genera-

1888 5254 2048 5309 tionis
2080 5255 2396 5310 obtineant:
2434 5256 2576 5323 quod
2607 5256 2864 5310 nimirum
2901 5255 3178 5326 singulare
3221 5269 3283 5307 ac
3336 5267 3458 5320 pra--

1884 5346 2102 5413 cipuum
2134 5354 2221 5399 est
2254 5345 2305 5398 in
2333 5345 2589 5413 baptismi
2647 5345 3019 5416 gcucraticne,
3071 5346 3186 5400 sive
3245 5359 3459 5412 regene-

1884 5437 2115 5499 ratione,
2153 5436 2422 5491 absolutio
2455 5452 2645 5505 nempe
2673 5438 2739 5491 ab
2775 5446 3042 5491 anteacta:
3070 5436 3190 5488 vitm
3220 5433 3458 5488 delictis.

1885 5527 2182 5584 llaareticos
2204 5544 2366 5598 porro
2397 5538 2491 5584 aut
2537 5545 2631 5584 eos
2682 5529 2986 5600 intelligere
3045 5535 3279 5597 OpOI‘lel,
3330 5542 3463 5595 quos

1886 5636 1991 5675 non
2019 5621 2174 5675 aliter
2209 5623 2312 5676 nisi
2352 5622 2698 5691 baptizentur
2729 5621 2938 5676 admitti
2986 5621 3065 5675 fas
3091 5630 3193 5684 est,
3223 5632 3315 5673 aut
3342 5621 3431 5672 inti

1887 5712 2052 5766 deles.
2094 5711 2230 5767 Sunt
2259 5714 2399 5768 enim
2425 5714 2591 5782 aliqui
2642 5715 2882 5770 hzeretiei
2942 5714 3104 5769 etiam
3139 5715 3259 5768 sine
3287 5715 3456 5782 bapti-

1889 5819 2005 5860 stuo
2036 5805 2354 5874 recipiendi,
2389 5816 2578 5863 sancto
2599 5807 2770 5862 solum
2802 5807 3096 5864 chrismate
3150 5805 3452 5877 intrugcnti,
