4018 6438
263 328 359 391 661

1187 326 1268 385 ΙΝ
1308 325 1559 387 EPIST.
1596 324 1660 386 S.
1695 325 1989 386 BASILII
2028 326 2477 387 CANONICAM
2520 325 2601 387 li.

3427 321 3535 384 662

255 437 368 498 τοῖς
399 435 590 500 αὐτοῖς
634 435 940 508 ἐπιτιμίοις
1020 423 1414 508 θεραπεύεται.
1489 434 1659 488 Πλέον
1688 434 1844 502 πὰρ,

1978 436 2117 489 ιιιΙιοι
2149 449 2371 488 uxorem
2398 435 2721 505 legitimam,
2750 431 3121 488 ctfornicatns
3159 429 3528 507 estJlaxima

255 531 414 622 9116‘?
450 529 891 599 λέγειβρεέλειν
923 531 1287 602 ἐπιτιμᾶσθαι
1337 530 1433 582 τὸν
1463 528 1655 600 ἔχοντα
1679 527 1838 595 νόμι-

257 637 361 683 μον
388 619 626 688 γυναῖκα
659 624 756 678 καὶ
783 623 1187 694 πορνεύσαντα,
1227 623 1376 693 παρὰ
1418 623 1507 674 τὸν
1537 621 1611 691 μὴ
1644 619 1838 688 ἔχοντα

1953 533 2130 577 autem
2189 538 2319 593 pars
2363 537 2535 591 paena:
2595 521 2788 577 medici
2849 522 3048 576 animae
3093 519 3304 592 judicio
3365 518 3538 575 relin-

1948 615 2149 683 quilttr.

253 717 499 780 γυναῖκα
528 717 627 772 καὶ⁵
659 717 1066 788 πορνεύσαντα.
1100 719 1173 770 Τὸ
1203 718 1260 772 δὲ
1293 717 1455 771 πλέον
1514 715 1609 769 τοῦ
1692 707 1974 780 ἐπιτιμίου
2042 713 2121 774 εἰς
2175 710 2275 782 τὴν
2356 713 2630 785 διάκρισιν
2682 711 2778 768 τοῦ
2834 712 3067 785 ψυχικοῦ
3142 709 3329 782 ίατροῦ
3406 709 3539 763 ἀνε-

253 808 416 874 τέθη.

330 900 796 973 ΖΩΝΑΡ.’Δνὴρ,
839 902 1029 969 φησὶν,
1086 901 1226 971 ἔχων
1280 905 1542 970 γυναῖκα,
1607 899 1704 952 ἐὰν
1765 898 1846 961 είς

255 992 456 1060 ἑτέραν
492 991 715 1061 ἁμάρτῃ
745 991 817 1061 μὴ
874 992 1048 1064 ἄνδρα
1115 991 1372 1063 ἔχουσαν,
1421 992 1618 1062 πόρνος
1671 990 1842 1051 ἐστὶν,

253 1083 374 1134 ἀλλ’
411 1083 473 1136 οὐ
507 1085 718 1152 μοιχός.
752 1084 879 1137 Ἐπὶ
908 1084 1066 1139 πλέον
1133 1085 1191 1139 δέ
1245 1084 1394 1155 αὐτῷ
1446 1085 1507 1137 τὸ
1571 1081 1847 1149 ἐπιτίμιον

253 1175 680 1242 παρατείνεται,
711 1176 881 1247 ἧγουν
915 1176 1228 1247 βαρύτερον
1287 1177 1634 1244 ἐπιτιμᾶται.
1693 1171 1848 1242 παρὰ

251 1270 347 1321 τὸν
383 1269 458 1339 μὴ
481 1268 736 1334 συζῶντα
772 1270 996 1336 γυναικὶ⁵
1022 1270 1118 1322 καὶ
1169 1269 1575 1339 πορνεύσαντα.
1618 1266 1709 1334 Τῷ
1748 1265 1847 1334 μέν

252 1362 364 1430 γὰρ
395 1360 700 1430 συγγνώμη
762 1378 848 1424 τις
895 1361 1100 1414 δίδοται
1149 1361 1238 1414 διὰ
1280 1361 1381 1422 τὴν
1439 1360 1691 1429 ἀνάγκην
1743 1357 1846 1426 τῆς

253 1453 476 1521 φύσεως
499 1470 513 1484 ·
544 1456 572 1506 6
596 1452 654 1506 δὲ
681 1454 918 1520 γυναῖκα
943 1452 1086 1521 ἔχων
1153 1454 1253 1521 τῆς
1341 1450 1676 1520 συγγνώμης
1698 1445 1845 1502 ratio

251 1561 354 1611 της
384 1543 707 1612 ἐστέρηται,
738 1543 838 1610 τῆς
868 1545 1105 1614 φυσικῆς
1166 1544 1419 1610 ἀνάγκης
1485 1539 1846 1613 παραμυθίαν

250 1629 394 1699 ἔχων
423 1631 524 1699 τὴν
549 1630 786 1700 νόμιμον
813 1633 1088 1701 γαμετὴν,
1119 1632 1457 1702 ἁμαρτάνων
1479 1631 1535 1684 δέ
1599 1631 1671 1684 δι’
1705 1631 1845 1684 ἀκο-

2024 891 2279 948 ZONAR.
2339 893 2454 958 Vir,
2526 894 2731 965 inquit,
2793 895 3006 950 habens
3056 911 3302 959 uxorem,
3369 896 3422 949 .si
3481 897 3534 949 in

1952 987 2182 1041 alteram
2230 987 2541 1054 peccaverit
2573 1001 2679 1041 non
2710 986 3003 1042 habentem
3063 988 3268 1048 virum,
3299 986 3539 1042 fornica-

1951 1088 2037 1133 tor
2063 1089 2240 1142 est,at
2276 1094 2381 1134 non
2430 1079 2670 1135 adulter.
2737 1079 2986 1149 Amplius
3035 1089 3215 1134 autem
3242 1080 3313 1134 illi
3369 1081 3538 1134 multa

1951 1171 2286 1237 extenditur,
2318 1173 2422 1226 hoc
2445 1179 2548 1234 est,
2589 1171 2810 1240 gravius
2847 1171 3092 1241 punitur,
3142 1187 3302 1238 quam
3353 1173 3398 1225 is
3428 1171 3540 1243 79

1951 1259 2194 1328 quicum
2231 1275 2452 1315 uxorem
2487 1276 2592 1316 non
2629 1261 2826 1317 habeat
2863 1262 3188 1319 fornicatur.
3224 1261 3360 1315 Huic
3391 1265 3536 1316 enim

1953 1344 2200 1420 qnzedam
2225 1353 2546 1407 conceditur
2578 1353 2736 1408 venia
2790 1355 2859 1409 ob
2899 1364 3106 1408 natura:
3130 1353 3538 1409 necessitatem.

1953 1442 2231 1512 Quilvero
2289 1458 2516 1499 uxorem
2571 1445 2755 1510 habet,
2807 1445 2908 1501 hac
2963 1445 3318 1500 excusatione
3362 1452 3534 1508 caret,

1952 1551 2074 1590 cum
2103 1535 2396 1605 legitimam
2429 1552 2650 1591 uxorem
2679 1537 2879 1592 habeat
2905 1538 3167 1592 naturalis
3199 1538 3542 1592 necessitatis

1951 1625 2336 1692 levamentum,
2388 1637 2553 1698 atque
2601 1631 2671 1683 ob
2718 1622 3194 1697 intemperantiam
3252 1643 3315 1682 ac
3366 1628 3546 1681 libidi-

250 1720 454 1773 λασίαν
479 1721 577 1774 καὶ
611 1721 908 1789 ἀσέλγειαν
937 1739 951 1753 ·
976 1723 1058 1775 διὸ
1086 1723 1184 1775 καὶ
1243 1723 1448 1791 μᾶλλον
1505 1722 1844 1792 ἐπιτιμᾶται

1978 1732 2075 1771 tem
2127 1728 2348 1787 peccet:
2407 1720 2634 1788 proinde
2691 1729 2746 1775 et
2807 1721 3028 1792 gravius
3090 1729 3147 1775 et
3204 1718 3543 1774 diuturniora

253 1813 350 1865 καὶ
373 1813 468 1865 ἐπὶ
501 1812 726 1866 πλείονα
753 1813 970 1884 χρόνον.
1019 1813 1165 1867 Ἀλλ’
1199 1817 1351 1882 ὅμως
1405 1816 1438 1883 ἠ
1476 1813 1616 1884 γυνὴ
1672 1813 1842 1868 αὐτοῦ

255 1903 347 1955 τὸν
379 1903 629 1958 τοιοῦτον
664 1905 725 1958 οὐ
754 1905 1187 1976 παραιτήσεται.
1221 1906 1285 1958 'H
1317 1906 1375 1958 δέ
1405 1905 1577 1976 ἄνδρα
1633 1904 1837 1975 ἔχουσα

253 1998 396 2064 γυνὴ
423 1999 521 2050 καὶ
559 2000 794 2067 μιγεῖσα
822 1999 995 2068 ἑτέρῳ
1032 1999 1283 2068 μοιχαλίς
1310 1999 1427 2051 ἐστι
1462 2011 1476 2026 ⁸
1529 1999 1625 2051 καὶ
1664 1997 1850 2068 ὁάνὴρ

250 2089 426 2156 αὐτῆς
472 2089 743 2160 ἐξωθήσει
808 2091 1002 2159 αὐτὴν,
1059 2091 1157 2144 καὶ
1209 2090 1307 2143 οὐκ
1357 2089 1848 2160 ἀναγκασθήσεται

254 2178 969 2251 πῳσλαδέσθαιαὺτὴν.εἰ
1015 2181 1090 2250 μὴ
1143 2179 1419 2250 βούλεται.
1484 2179 1643 2234 Οὕτω
1709 2181 1845 2252 γὰρ,

252 2271 414 2338 φησὶ,
449 2273 796 2343 κεκράτηκεν
835 2275 868 2344 ή
902 2274 1183 2343 συνήθεια,
1216 2273 1499 2339 κρίνεσθαι
1541 2273 1738 2329 ταῦτα.
1785 2275 1844 2328 Ὀ

251 2360 310 2413 δὲ
334 2361 494 2430 λόγος
519 2364 616 2417 καὶ
639 2366 672 2434 ή
734 2365 904 2427 αίτία,
933 2365 1002 2418 δι’
1043 2366 1111 2433 ήν
1143 2363 1288 2418 οὕτω
1353 2365 1673 2433 νενόμισται
1703 2365 1848 2434 γίνε-

265 2455 414 2516 σθαι,
443 2458 545 2509 οὐκ
577 2455 801 2519 εΰκολός
837 2459 984 2522 ἐστι,
1021 2458 1179 2526 φησὶ,
1213 2457 1499 2527 νοηθῆναι.

325 2547 552 2600 ΔΡΙΣΤ.
609 2547 817 2617 Ἀνδρα
845 2549 1259 2618 πεπορνευκότα
1306 2550 1338 2618 ή
1372 2548 1476 2602 ίδία
1513 2551 1845 2621 παραλήψε-

255 2655 368 2694 ται.
432 2638 778 2692 Μιανθεϊσαν
827 2638 884 2692 at
920 2640 1157 2707 γυναῖκα
1184 2642 1211 2693 6
1237 2640 1376 2711 ἀνὴρ
1428 2641 1844 2711 ἀποπέμπεται.

257 2730 466 2798 Πόρνος
540 2731 678 2800 γὰρ,
747 2731 808 2785 οὐ
863 2731 1053 2803 μοιχός
1116 2734 1286 2799 ἐστιν,
1329 2733 1356 2785 6
1407 2733 1488 2796 είς
1557 2733 1849 2806 ἐλευθέραν

258 2820 514 2874 ἐκπεσὼν
561 2820 915 2889 ὑπογύναιος.

326 2911 442 2980 Οὐχ
464 2910 542 2972 ὡς
572 2911 762 2981 μοιχὸς
792 2914 819 2965 6
843 2911 983 2982 ἀνὴρ
1009 2911 1337 2983 κριθήσεται
1372 2915 1400 2967 6
1437 2916 1706 2969 συνοικῶν
1750 2934 1848 2984 γυ-

257 3001 429 3065 ναικὶ,
468 3004 561 3055 καὶ
612 3003 748 3072 πρὸς
804 3003 1000 3075 ἑτέραν
1032 3003 1330 3076 ἐλευθέραν
1362 3006 1546 3077 γάμου
1589 3009 1848 3080 ἁμαρτή-

1954 1821 2196 1881 tempore
2227 1813 2473 1881 punitur.
2504 1811 2620 1867 Non
2649 1824 2831 1868 tamen
2883 1813 3193 1880 huiusmodi
3265 1814 3539 1868 hominem

1951 1913 2090 1954 uxor
2114 1899 2283 1969 ipsius
2314 1900 2636 1970 repudiabit.
2671 1899 2863 1954 Mulier
2891 1912 3070 1954 autem
3102 1901 3276 1954 virum
3312 1901 3539 1967 habens,

1953 1988 2000 2045 si
2029 1991 2183 2045 alteri
2234 1993 2682 2054 commisceatur,
2727 1993 2970 2047 adultera
3016 2004 3146 2061 est;
3196 2010 3425 2065 eamque
3459 1995 3544 2050 vir

1951 2097 2082 2138 suus
2127 2083 2380 2152 expellet,
2419 2099 2519 2139 nec
2556 2083 2661 2138 sibi
2722 2099 2936 2138 rursum
2997 2086 3268 2140 ascisrcre
3319 2095 3542 2154 cogetur

1952 2174 2054 2229 nisi
2087 2175 2238 2229 velit.
2301 2175 2376 2230 ita
2435 2190 2690 2246 namque,
2746 2177 2845 2240 ait,
2908 2177 3143 2231 obtinuit
3205 2180 3544 2235 consuetudo

1955 2265 2054 2320 ista
2089 2263 2398 2331 diiudicari.
2433 2265 2717 2321 Rationem
2750 2283 2877 2321 vero
2902 2278 2957 2322 et
3001 2283 3253 2334 causam,
3287 2269 3356 2324 ob
3374 2286 3538 2340 quant

1952 2357 2024 2411 ita
2073 2356 2190 2411 ﬂeri
2245 2367 2568 2414 consuetum
2612 2365 2719 2426 est,
2781 2359 2927 2415 haud
2972 2358 3153 2425 facile,
3215 2360 3310 2426 ait,
3375 2359 3543 2416 fuerit

1953 2448 2227 2517 indagare.

2021 2538 2251 2595 ARIST.
2287 2537 2480 2593 Virum
2511 2541 2602 2609 qui
2657 2540 2957 2596 fornicatus
2981 2550 3067 2595 est
3123 2556 3264 2595 uxor
3314 2544 3535 2611 propria

1951 2628 2217 2697 recipiet:
2267 2630 2607 2700 inquinatam
2673 2647 2802 2687 vero
2870 2632 3137 2688 adulterio
3185 2647 3408 2686 uxorem
3458 2633 3543 2686 vir

1952 2721 2208 2777 dimittet.
2232 2720 2557 2780 Fornicator
2585 2725 2735 2780 enim
2763 2741 2866 2781 non
2894 2726 3105 2779 adulter
3130 2735 3233 2790 est,
3260 2725 3351 2795 qui
3383 2726 3538 2780 uxori

1949 2813 2169 2885 junctus
2199 2830 2322 2870 cum
2357 2817 2532 2872 soluta
2563 2833 2678 2872 rem
2708 2819 2984 2875 habuerit.

2025 2905 2119 2961 Vir
2170 2908 2263 2978 qui
2313 2924 2436 2964 cum
2482 2911 2709 2966 muliere
2758 2910 3037 2966 colubitat
3087 2920 3140 2964 et
3199 2912 3249 2964 in
3310 2911 3469 2965 aliam
3505 2925 3535 2962 a

1951 3002 2295 3057 matrimonio
2316 3002 2544 3058 liberam
2569 3013 2848 3072 peccatum
2886 3018 2915 3057 a
2937 3002 3129 3070 lr'nisil,
3179 3005 3392 3058 adulter
3425 3019 3533 3058 non

259 3107 380 3154 σας,
413 3092 530 3145 ἀλλ’
590 3093 668 3156 ὡς
696 3073 916 3162 πόρνοςέ
961 3094 1054 3147 καὶ
1089 3093 1180 3147 διὰ
1219 3073 1382 3150 τοῦτο
1415 3073 1536 3150 οὐδὲ
1567 3073 1679 3162 toi;
1714 3073 1843 3166 pot-

1978 3093 2356 3162 Iijudicabitur,
2387 3097 2480 3151 sed
2513 3095 2830 3152 fornicator.
2865 3095 2930 3150 Et
2985 3096 3106 3150 ideo
3140 3111 3239 3152 nec
3291 3096 3536 3151 adulterii

259 3183 409 3250 χείας
471 3182 772 3253 ἐπιτιμίοις
818 3184 1280 3256 ὑποϐληθὴσεταιο
1339 3189 1500 3242 πλέον
1551 3189 1607 3242 δὲ
1642 3191 1843 3261 πόρνου

258 3275 746 3344 ἐπιτιμηθήσιται.
829 3275 1002 3329 Τοῦτο
1065 3278 1122 3331 δέ
1179 3278 1270 3331 διὰ
1338 3280 1435 3349 τὴν
1489 3280 1846 3349 κρατήσασαν

261 3367 571 3441 συνήθειαν.
599 3368 711 3437 Τὴν
740 3367 838 3437 μὲν
868 3369 978 3437 γὰρ
1012 3370 1245 3436 γυναῖκα
1275 3370 1447 3440 ἑτέρῳ
1495 3371 1652 3441 ἀνδρὶ
1679 3389 1846 3440 μιανο

261 3440 446 3510 θεῖσαν
485 3458 639 3527 παρὰ
677 3457 769 3510 τοῦ
811 3457 1006 3526 ἀνδρὸς
1033 3458 1204 3529 αὐτῆς
1231 3461 1559 3530 προστάττει
1599 3440 1847 3516 γάποδιὼ-

262 3550 476 3603 κεσθαι·
533 3549 626 3602 τὸν
685 3551 742 3602 δὲ
799 3551 966 3620 ἄνδρα
1037 3552 1371 3620 πορνεύοντα
1423 3553 1528 3606 ὑπὸ
1574 3553 1674 3624 τῆς
1710 3555 1846 3618 ίδῖας

262 3641 516 3708 γυναικὸς
547 3639 759 3694 κελεύει
806 3640 881 3713 μὴ
915 3641 1272 3709 ἀπολύεσθαι,
1334 3644 1471 3699 ἀλλὰ
1545 3645 1850 3718 παραδέχερ

265 3732 383 3785 σθαι
417 3733 606 3787 αὐτόν.

859 3825 1094 3878 ΚΛΝΩΝ
1122 3826 1250 3881 KB'.

268 3913 403 3977 Τοὺς
459 3916 519 3981 ἐξ
575 3916 836 3986 ἁρπαγῆς
882 3917 957 3986 (9)
1014 3919 1240 3988 ἔχοντας
1288 3924 1576 3988 γυναῖκας,
1638 3923 1686 3976 εἰ
1749 3924 1847 3988 μὲν

335 4008 514 4071 ἄλλοις
573 4013 1178 4080 προμεμνηστευμένας
1229 4011 1337 4067 εἶεν
1370 4016 1741 4088 ἀφῃρημένοι,
1787 4018 1848 4071 οὐ

338 4099 603 4169 πρότερον
666 4100 771 4170 χρὴ
841 4102 1274 4172 παραδέχεσθαι,
1345 4106 1513 4175 πρινὴ
1557 4107 1849 4176 ἀφελέσθαι

339 4189 540 4250 αὐτῶν,
569 4190 665 4242 καὶ
700 4189 788 4242 ἐπ’
816 4191 1036 4262 ἐξουσίᾳ
1067 4192 1176 4246 τῶν
1225 4193 1459 4265 ἐξαρχῆς
1501 4214 1844 4267 μεμνηστευ.

336 4281 766 4348 μένωνποιῆσαι⁹
801 4282 912 4334 είτε
952 4283 1225 4352 βούλοιντο
1262 4287 1444 4339 λαῦεῐν
1503 4289 1693 4354 αὑτὰς,
1737 4291 1849 4344 είτε

336 4373 663 4442 ἀποστῆναιο
713 4377 760 4427 εί
793 4375 849 4428 δὲ
906 4376 1274 4444 σχολάζουσαν
1327 4395 1413 4442 τις
1464 4379 1625 4452 λάϐῃ,
1687 4383 1852 4451 ἀφαι-

339 4465 551 4534 ρεῖσθαι
583 4466 685 4534 μὲν
718 4467 820 4531 δεῖ,
856 4469 949 4520 καὶ
1001 4471 1114 4531 τοῖς
1171 4470 1394 4534 οἰκείοις
1451 4472 1852 4545 ἀποκαθιστᾷν,

341 4555 657 4623 ἐπιτρέπειν
704 4554 759 4607 δέ
784 4558 849 4626 τῇ
881 4557 1075 4630 γνώμῃ
1104 4558 1213 4612 τῶν
1250 4560 1491 4626 οἰκείων,
1537 4563 1644 4615 εἴτε
1680 4567 1856 4629 γονεῖς

339 4641 464 4705 εἷεν,
520 4643 630 4696 εἴτε
669 4644 912 4713 ἀδελφοὶ,
974 4648 1085 4700 εἴτε
1154 4650 1459 4702 οἱτινεσοῦν
1511 4653 1856 4722 προεστῶτες

334 4738 429 4798 τῆς
485 4735 677 4806 κόρης·
729 4735 831 4789 κᾶν
886 4735 987 4805 μὲν
1029 4737 1260 4792 ἕλωνται
1322 4742 1458 4812 αὐτῇ
1497 4743 1852 4811 παραδοῦναι,

338 4825 589 4879 ἵστασθαι
625 4826 684 4877 τὸ
712 4829 1073 4886 συνοικέσιον.
1131 4829 1308 4882 ἐὰνδὲ
1364 4831 1727 4900 ἀνανεύσωσι,
1781 4834 1854 4904 μὴ

338 4917 643 4984 βιάζεσθαι.
673 4917 775 4970 Τὸν
807 4919 992 4988 μέντοι
1051 4920 1113 4972 ἐκ
1139 4919 1405 4991 διαφορᾶς
1444 4923 1556 4975 εἴτε
1595 4921 1856 4992 λαθραίας

347 5010 454 5062 εἴτε
521 5009 834 5080 βιαιοτέρας
867 5013 1102 5078 γυναῖκα
1135 5011 1326 5080 ἔχοντα
1371 5014 1586 5084 ἀνάγκη
1643 5017 1709 5069 τὰ
1757 5018 1858 5084 τῆς

343 5101 603 5168 πορνείας
637 5101 935 5168 ἐπιγνῶναι
956 5102 1228 5172 ἐπιτίμια·
1283 5103 1399 5157 ἔστι
1432 5105 1488 5157 δέ
1520 5109 1578 5158 ἐν
1625 5107 1857 5177 τέσσαρς

345 5210 427 5246 σιν
489 5193 669 5246 ἐτεσιν
714 5193 996 5264 ὡρισμένη
1027 5197 1140 5257 τοῖς
1177 5197 1568 5266 πορνεύσουσιν
1600 5199 1857 5265 ἐπιτίμη-

1950 3184 2126 3254 ptenis
2156 3185 2494 3254 sttbjicietur,
2545 3189 2641 3242 sed
2698 3188 2981 3262 plusquam
3029 3189 3321 3244 fornicator
3349 3189 3540 3257 punie-

1955 3286 2063 3331 tur.
2094 3275 2207 3334 Hoc
2241 3289 2419 3336 autem
2449 3281 2501 3335 fit
2540 3283 2608 3335 ob
2641 3285 3091 3339 consuetudinem
3128 3299 3247 3352 qum
3279 3283 3534 3337 obtinuit.

1955 3367 2233 3423 Mulierem
2283 3371 2427 3424 enim
2464 3371 2532 3425 ab
2582 3373 2688 3428 alio
2718 3375 2834 3426 viro
2883 3373 3140 3441 pollutam
3207 3389 3234 3426 a
3269 3373 3386 3428 viro
3439 3388 3539 3427 suo

1953 3457 2145 3527 expelli
2179 3461 2417 3515 mandat.
2445 3463 2514 3516 At
2541 3463 2715 3516 virum
2746 3462 3102 3519 fornicantem
3142 3463 3208 3518 ab
3245 3479 3412 3519 uxore
3439 3479 3537 3518 sua

1956 3563 2060 3603 non
2091 3550 2310 3618 dimitti,
2346 3554 2439 3609 sed
2470 3553 2690 3609 retineri
2715 3553 2873 3623 jubet

2511 3817 2737 3874 CANON
2804 3817 2971 3876 XXII.

1959 3914 2064 3968 Eos
2094 3915 2178 3981 qui
2212 3929 2274 3968 ex
2326 3923 2476 3981 raptu
2519 3914 2716 3968 habent
2749 3916 3027 3979 mulieres,
3077 3917 3122 3969 si
3158 3917 3277 3972 aliis
3306 3917 3528 3987 quidem

2027 4004 2324 4074 desponsas
2365 4004 2726 4072 abripuerint,
2755 4021 2862 4059 non
2918 4006 3070 4075 prius
3094 4019 3306 4074 Oportet
3339 4009 3540 4063 admit-

2025 4104 2164 4161 tere,
2197 4111 2358 4166 qnam
2414 4097 2480 4149 ab
2531 4098 2610 4151 eis
2641 4097 2832 4151 ablata:
2890 4098 3022 4162 sint,
3052 4108 3105 4153 et
3140 4100 3210 4152 sit
3243 4101 3290 4153 iu
3344 4116 3533 4156 eorum

2026 4196 2293 4255 potestate
2323 4188 2521 4256 quibus
2552 4188 2836 4256 desponsa:
2869 4186 3103 4254 fuerant,
3131 4206 3198 4243 an
3228 4206 3322 4245 eas
3373 4193 3537 4246 velint

2027 4280 2298 4348 accipere,
2330 4295 2397 4333 an
2425 4279 2706 4335 desistere.
2762 4279 2819 4334 Si
2850 4280 2972 4350 quis
3017 4291 3198 4336 autem
3253 4296 3536 4339 vacantem

2024 4370 2316 4439 acceperit,
2371 4370 2587 4425 auferre
2647 4372 2863 4441 quidem
2913 4382 3124 4444 oportet
3181 4385 3235 4429 et
3298 4377 3411 4430 suis
3453 4393 3538 4432 re.

2026 4462 2523 4527 stituere,i!lorum
2583 4472 2760 4518 autem
2849 4467 3133 4522 sententia:
3199 4471 3534 4537 permittere,

2022 4556 2135 4610 sive
2179 4556 2286 4609 sint
2317 4564 2590 4624 parentes,
2640 4557 2756 4610 sive
2825 4555 3018 4612 fratres
3040 4597 3054 4623 ,
3086 4562 3200 4614 sive
3228 4563 3538 4631 quicunque

2019 4648 2108 4702 alii
2144 4647 2340 4717 virgini
2373 4647 2598 4716 prtesint
2633 4664 2646 4700 :
2679 4655 2734 4700 et
2763 4648 2808 4702 si
2840 4648 2888 4702 ei
2922 4649 3141 4716 quidem
3176 4652 3396 4705 tradere
3436 4669 3536 4704 νιν

2027 4737 2249 4804 luerint,
2285 4739 2695 4792 matrimonium
2728 4739 3062 4794 constituere
3087 4757 3100 4804 ;
3125 4741 3205 4794 sin
3235 4751 3414 4798 autem
3447 4760 3506 4798 rc

2027 4828 2268 4892 nuerint,
2307 4843 2411 4882 non
2439 4828 2577 4897 cogi.
2618 4826 2679 4880 Ei
2713 4841 2892 4886 autem
2926 4834 3019 4901 qui
3055 4832 3336 4886 mulierem
3370 4834 3452 4888 vel
3484 4835 3534 4892 vi

2025 4921 2112 4975 vel
2143 4921 2278 4975 clam
2309 4935 2339 4974 a
2371 4934 2428 4974 se
2462 4919 2707 4975 vitiatam
2744 4922 2924 4988 habet,
2958 4939 3178 4979 necesse
3228 4936 3309 4979 est
3360 4925 3534 4980 forni-

2021 5014 2252 5069 cationis
2287 5028 2473 5082 pcenas
2503 5012 2820 5082 imponere;
2875 5025 2956 5070 est
3007 5026 3185 5073 autem
3213 5021 3264 5073 in
3299 5030 3525 5089 quatuor

2025 5106 2180 5160 annis
2201 5106 2521 5176 prazfinitum
2557 5106 2978 5165 fornicatoribus
2997 5112 3336 5180 supplicium.
3361 5114 3536 5183 Opor-

2022 5210 2097 5253 tet
2147 5209 2324 5254 autem
2357 5213 2449 5254 eos
2482 5216 2624 5254 anno
2680 5201 2858 5270 primo
2891 5217 2918 5254 a
2953 5204 3204 5272 precibus
3255 5207 3450 5274 expelli
3482 5217 3537 5263 et

1499 5337 1686 5400 Guill.
1722 5341 2052 5420 Beveregii
2087 5348 2272 5402 notae.

348 5456 416 5524 f9)
447 5458 592 5522 Τοὺς
634 5457 703 5520 ἐξ
737 5458 1032 5526 ἁρπαγῆς.
1081 5458 1416 5515 Scholiastes
1454 5461 1839 5531 llarmetmpuli

282 5525 344 5577 ad
393 5532 538 5579 hunc
590 5525 856 5583 canonem
886 5531 997 5582 haec
1021 5531 1298 5592 nbsrrvat,
1344 5533 1404 5582 'U
1452 5525 1842 5595 πολιτικδξνὸ-

286 5611 376 5667 po;
410 5597 612 5665 σφόδρα
652 5598 898 5661 κολάζων
928 5600 1018 5651 τὸν
1051 5601 1374 5664 ἁρπάσαντα
1423 5607 1679 5667 γυαῖκα,
1717 5604 1838 5655 οὐδὲ

287 5666 684 5739 συζεύγνυσθαι
721 5668 872 5735 αὐτῷ
931 5669 1026 5738 τὴν
1075 5666 1442 5738 ἁρπαγεῖσα-ι
1484 5676 1834 5739 παραχωρεῖ,

286 5733 381 5786 κᾶν
434 5740 480 5789 οἱ
538 5739 672 5799 αὐτῆ
725 5733 1123 5802 προσήκοντες
1158 5733 1314 5792 τοῦτο
1379 5733 1693 5802 Βούλωντοίί.
1731 5733 1838 5796 λοι

1953 5467 2122 5518 civilis
2161 5465 2352 5518 arriter
2391 5482 2507 5519 eum
2531 5466 2770 5533 puniens,
2794 5469 2885 5535 qui
2922 5468 3189 5521 mulierem
3226 5472 3426 5534 rapuit.
3466 5484 3533 5523 tu

1951 5540 2179 5599 quidem.
2209 5548 2261 5588 ut
2287 5549 2434 5601 rapta
2457 5539 2792 5590 matrimonio
2815 5539 2911 5604 ipsi
2930 5537 3209 5605 jungatur,
3234 5540 3488 5606 permittit
3517 5554 3536 5601 ξ

1953 5607 2067 5658 [ἐσσι
2116 5607 2168 5657 id
2228 5609 2504 5673 propinqui
2537 5608 2770 5663 mulieris
2809 5610 2980 5664 velint.
3020 5609 3348 5679 llarmeuop.
3385 5608 3544 5679 Epit..

1953 5693 2070 5729 cun.
2110 5687 2241 5731 sccl.
2275 5677 2324 5731 5.
2355 5677 2436 5731 tit.
2477 5678 2527 5731 ὖ.

1953 5693 2070 5729 (Vin.
2110 5687 2241 5732 sect.
2275 5687 2324 5735 ξ),
2355 5688 2436 5731 ιιι.
2477 5687 2527 5732 ὖ.
