4018 6436
533 331 598 387 iii}
609 334 640 389 3

1770 324 2042 385 THEOD.
2089 328 2487 390 BALSAMON

3604 330 3752 394 »δίει

600 436 742 499 ipsos
773 432 960 486 deﬂere
992 434 1055 486 ad
1108 430 1245 485 fores
1276 431 1534 485 eet-lesiae.
1586 432 1835 485 Secundo
1869 444 2070 495 autem,

2247 458 2352 505 σις.
2407 444 2526 515 Χρὴ
2559 444 2717 512 δὲτῷ
2754 445 2953 513 πρῴτῳ
2999 411 3359 498 ἑκθάλλεσθαι
3430 444 3543 497 τῶν
3594 462 3753 515 προσ-

594 531 658 579 ad
692 525 1016 577 auditionem
1052 522 1280 575 admitti.
1315 520 1517 585 Tertio,
1554 522 1755 573 admitti
1790 522 1854 575 ad
1906 524 2079 590 poeni-

592 618 833 670 tentiam.
872 614 1093 679 Quarto,
1122 613 1185 667 ad
1210 613 1675 681 congregationem
1714 626 1831 665 cum
1864 612 2081 681 populo,

593 707 923 761 abstinentes
946 708 1012 759 ab
1037 705 1329 759 oblatione.
1357 702 1557 758 Deinde
1588 704 1663 757 eis
1694 704 1927 772 permitti
1958 704 2081 757 boui

599 796 1052 852 communionem.

598 1055 789 1109 BALS.
868 1056 1165 1109 Vicesimus
1215 1055 1475 1120 septimus
1529 1069 1700 1108 canon
1756 1052 2081 1106 Chalcedon.

530 1143 718 1212 synodi
748 1144 834 1211 qui
865 1144 1001 1196 idem
1033 1152 1117 1197 est
1143 1145 1358 1197 omnino
1389 1157 1556 1197 canon
1579 1144 1647 1197 9i
1671 1153 1835 1197 sexta
1860 1141 2073 1211 synodi,

535 1234 777 1288 decernit
806 1234 935 1300 quid
985 1233 1170 1286 debeat
1206 1234 1317 1286 lieri
1349 1234 1413 1287 iis
1470 1234 1560 1302 qui
1595 1234 1845 1286 mulieres
1878 1233 2090 1301 rapiunt

534 1324 746 1378 nomine
776 1324 1035 1392 conjugii.
1069 1322 1316 1376 Praesens
1349 1325 1526 1377 autem
1582 1337 1752 1376 canon
1786 1322 1939 1387 jubet
1967 1334 2081 1380 eos.

532 1415 619 1477 qui
654 1414 929 1467 mulierem
964 1413 1115 1466 alteri
1152 1414 1470 1481 desponsam
1505 1413 1801 1482 rapuerint,
1852 1426 1954 1463 non
1984 1411 2083 1461 ali-

536 1518 615 1557 ter
640 1506 704 1557 ιιι]
738 1505 1107 1571 pmnitentiam
1164 1505 1374 1557 admitti
1432 1518 1591 1571 quam
1628 1504 1671 1557 si
1730 1513 1906 1569 raptas
1938 1502 2088 1569 prius

538 1594 803 1654 dederint,
834 1603 889 1645 ut
917 1593 1095 1659 sponsi
1122 1607 1304 1644 earum
1335 1591 1478 1660 ipsas
1508 1592 1551 1645 si
1586 1592 1751 1646 velint
1780 1592 2049 1657 accipiant
2074 1606 2086 1640 :

538 1683 617 1734 sin
646 1684 840 1746 minus,
874 1683 942 1735 sit
973 1682 1107 1748 apud
1136 1694 1261 1737 suos
1296 1689 1569 1750 cognatos.
1606 1682 1691 1733 Ab
1725 1680 1803 1735 eis
1835 1694 1961 1733 vero
1992 1680 2086 1747 qui

540 1774 811 1825 mulierem
844 1774 1065 1827 liberam
1099 1788 1190 1826 seu
1248 1773 1373 1827 nulli
1432 1774 1753 1839 desponsam
1794 1773 2088 1840 rapuerint,
2123 1780 2170 1839 Β

538 1876 656 1914 eam
691 1861 872 1916 itidem
909 1849 1107 1917 :tnferri
1131 1873 1191 1919 et
1226 1864 1364 1918 tratli
1395 1863 1733 1931 parentibus,
1786 1863 1871 1916 vel
1906 1863 1970 1915 iis
2001 1862 2091 1931 qui

538 1952 735 2019 alioqui
769 1953 833 2005 ad
866 1968 981 2007 eam
1015 1955 1283 2009 attinent:
1342 1963 1398 2008 ut
1425 1969 1544 2007 eam
1577 1954 1620 2008 si
1655 1953 1836 2018 velint,
1888 1954 2089 2022 raptori

536 2041 880 2109 ronjnngant,
912 2057 1032 2096 cum
1076 2044 1195 2112 ejus
1226 2044 1383 2099 etiam
1417 2058 1684 2098 consensu
1713 2058 1727 2107 ;
1784 2043 1867 2097 sin
1903 2052 2081 2097 autent

536 2132 636 2185 hoc
664 2134 741 2184 eis
772 2148 871 2185 non
905 2133 1184 2201 placuerit,
1215 2148 1280 2187 ne
1311 2134 1423 2188 iiut.
1478 2133 1967 2201 Quomodocunque
1997 2149 2095 2185 au-

541 2232 642 2271 tem
676 2236 734 2274 se
768 2236 852 2274 res
881 2222 1093 2283 habeat,
1133 2220 1231 2274 etsi
1264 2221 1311 2273 vi
1333 2221 1511 2275 lelicet
1556 2230 1723 2290 rapta:
1754 2232 1934 2291 raptor
1969 2237 2095 2277 cou-

533 2310 809 2377 jungatnr,
833 2310 1008 2377 pinnis
1028 2310 1127 2363 erit
1160 2307 1542 2363 fornicaturum
1589 2310 1875 2375 obnoxius,
1899 2319 1951 2363 et
1983 2325 2086 2363 non

536 2399 710 2451 solum
742 2399 820 2451 sic
875 2399 1125 2467 punietur
1153 2408 1352 2465 raptor.
1408 2400 1501 2452 sed
1562 2408 1614 2451 et
1673 2400 1718 2452 is
1762 2401 1853 2469 qui
1906 2399 2095 2467 puellae

536 2490 673 2539 alam
711 2489 896 2539 vitium
930 2489 1123 2542 attulit.
1160 2487 1569 2542 Fornicalortnn
1602 2498 1781 2542 autem
1813 2502 2001 2557 poenas
2039 2488 2093 2542 in

536 2587 764 2647 quatuor
795 2592 963 2631 annos
998 2578 1199 2632 deﬁnit.
1254 2577 1320 2632 Et
1365 2580 1416 2632 in
1457 2580 1541 2633 his
1593 2579 1807 2648 quidem
1857 2595 2095 2649 praesens

534 2684 708 2721 canon
741 2668 1013 2721 consistit.
1045 2667 1153 2724 ch
1183 2680 1360 2721 autem
1391 2669 1561 2723 civilis
1592 2668 1696 2722 alio
1721 2669 1882 2724 modo
1914 2681 2096 2738 rapto-

540 2773 624 2811 rcs
653 2758 825 2824 punit,
864 2772 962 2811 nec
996 2758 1102 2811 ullo
1136 2757 1294 2811 modo
1327 2757 1593 2824 permittit
1626 2767 1685 2810 ut
1716 2769 1898 2827 raptor
1930 2767 2097 2828 raptat

538 2848 910 2916 coniungatur.
966 2847 1031 2901 Et
1098 2856 1153 2901 tu
1207 2849 1320 2918 lege
1370 2836 1679 2916 praedictum
1738 2865 1997 2903 canonem
2027 2849 2093 2902 27

541 2936 727 3004 synodi
759 2936 1036 3003 Citalced.,
1065 2945 1120 2991 et
1148 2936 1217 2991 92
1238 2946 1422 2991 sextae.
1452 2944 1502 2991 et
1531 2952 1649 2991 can.
1678 2938 1741 2991 (i7
1780 2948 2093 2995 sanctorum

542 3027 925 3093 apostolorum,
955 3037 1007 3080 et
1041 3038 1199 3096 caput
1249 3029 1317 3083 30
1351 3028 1487 3083 tituli
1516 3028 1548 3084 9
1591 3029 1867 3097 pratsentis
1918 3030 2097 3098 operis

538 3126 591 3169 et
620 3131 739 3185 quae
789 3117 842 3169 in
889 3116 968 3169 eis
996 3126 1140 3171 sunt.
1193 3116 1311 3185 θα
1353 3115 1485 3170 Cum
1544 3126 1721 3169 autem
1784 3127 2094 3185 praesentem

2201 3092 2399 3161 δήποτε
2475 3091 2566 3143 τὸν

540 3220 798 3260 ιιιιηοιιεω
828 3207 979 3258 audis
1025 3207 1313 3269 dicentem,
1365 3222 1431 3261 ex
1474 3221 1754 3262 consensu
1810 3219 2091 3276 parentum

546 3296 627 3346 vel
660 3304 1007 3361 cognatorum
1040 3293 1227 3361 puellae
1267 3308 1383 3347 eam
1459 3294 1579 3349 dari
1635 3308 1854 3364 nuptum
1906 3297 1952 3349 ei
2001 3295 2093 3363 qui

546 3388 740 3450 rapuit,
806 3400 871 3438 ne
925 3384 1121 3437 dixeris
1168 3393 1446 3450 parentum
1496 3400 1815 3440 consensum
1868 3400 2096 3452 euntque

545 3477 716 3528 solum
751 3474 1007 3527 snmcere.
1034 3474 1251 3541 Quoties
1271 3477 1413 3530 enim
1441 3486 1566 3531 sunt
1594 3477 1842 3545 legitima:
1870 3478 2090 3542 nuptiae,

546 3565 883 3618 necessarius
932 3580 1141 3633 qunque
1195 3575 1277 3619 est
1330 3580 1511 3618 eorum
1562 3565 1652 3631 qui
1703 3566 2100 3635 conjungnntttr

544 3669 879 3716 consensus;
918 3656 1031 3707 sive
1064 3655 1111 3707 in
1164 3664 1424 3723 potestate
1472 3656 1601 3719 sint,
1653 3656 1765 3710 sive
1812 3656 1894 3710 sui
1938 3657 2099 3725 juris.

545 3744 683 3796 1)ἱ‹·ἰι
711 3746 851 3796 enim
903 3760 1016 3809 cap.
1053 3747 1086 3798 2
1119 3747 1196 3798 tit.
1235 3746 1266 3798 4
1298 3746 1389 3798 lib.
1448 3762 1611 3799 xxvnt
1662 3748 1776 3801 inec
1803 3762 2050 3814 expresse
2082 3766 2096 3804 :

544 3833 657 3886 Non
688 3843 814 3886 sunt
846 3834 1093 3899 legitimae
1123 3836 1340 3901 nuptiae,
1374 3835 1473 3888 nisi
1510 3835 1543 3887 ii
1576 3836 1666 3903 qui
1700 3836 2098 3905 conjungnntur

544 3925 913 3978 consenserint
942 3937 993 3975 ct
1024 3925 1110 3990 qui
1146 3938 1239 3976 eos
1274 3924 1470 3977 habent
1499 3925 1549 3976 iu
1579 3935 1839 3991 potestate
1872 3944 1884 3978 ε
1922 3927 1964 3978 si
1998 3942 2094 3979 au-

548 4027 649 4067 tem
683 4030 744 4068 ex
780 4016 879 4069 ltac
908 4014 1022 4081 lege
1044 4016 1107 4067 ad
1139 4014 1351 4082 nuptias
1380 4015 1444 4067 iis
1474 4014 1560 4082 qui
1592 4027 1719 4068 sunt
1750 4017 1801 4068 in
1830 4025 2096 4095 potestate

545 4120 671 4159 situs
702 4120 777 4159 ρει
806 4110 1142 4159 necessarius
1184 4119 1496 4167 consensus,
1551 4105 1719 4158 multo
1769 4106 1937 4173 magis
1992 4123 2093 4159 non

545 4196 633 4246 ﬁet
681 4197 1079 4249 ma'riutonium
1128 4211 1310 4249 eorum
1358 4195 1447 4264 qui
1498 4205 1622 4250 sunt
1658 4197 1739 4249 sui
1788 4197 1945 4265 juris,
1997 4198 2096 4250 nisi

543 4287 642 4350 ipsi
673 4300 885 4353 quoque
916 4287 1309 4339 consenserint.

2260 536 2438 604 ευχῶν
2475 577 2489 598 ,
2550 538 2643 588 καὶ
2705 538 3060 606 προσκλαίειν
3113 538 3311 598 αὖτοὺς
3359 540 3424 606 τῇ
3470 536 3613 607 θύρα
3664 537 3753 606 τῆς

2260 628 2573 698 ἐκκλησίας.
2636 628 2726 697 Τῷ
2778 630 3017 699 δευτέρῳ
3045 631 3301 699 δεχθῆναι
3347 633 3428 691 εἰς
3473 630 3752 696 ἀκρόασινο

2261 718 2535 787 τῷτρίτῳ
2582 720 2837 789 δεχθῆναι
2887 721 2967 781 είς
3020 720 3332 788 μετάνοιανο
3392 721 3470 790 τῷ
3510 722 3753 789 τετάρτῳ

2264 809 2342 869 εἰς
2388 808 2644 861 σύστασιν
2705 812 2843 877 μετὰ
2908 808 3001 862 τοῦ
3033 809 3188 873 λαοῦ,
3227 811 3609 878 ἀπεχομένους
3663 812 3756 878 τῆς

2266 901 2602 967 προσφορᾶς.
2652 898 2785 952 Εἶτα
2842 902 3027 962 αὐτοῖς
3069 900 3472 953 ἐπιτρέπεσθαι
3519 899 3622 968 τὴν
3655 918 3759 952 xu:-

2263 988 2459 1039 νωνίαν
2496 988 2585 1041 τοῦ
2611 989 2839 1056 ἀγαθοῦ.

2260 1081 2457 1133 ΒΛΛΣ.
2517 1080 2577 1132 'O
2611 1081 2709 1149 μὲν
2734 1081 2815 1144 κζ’
2847 1082 3025 1135 κανὼν
3053 1082 3150 1153 τῆς
3176 1084 3232 1135 ἒν
3275 1083 3586 1152 Χαλκηδόνι
3636 1098 3757 1134 συν-

2190 1172 2331 1234 όδου,
2392 1174 2541 1236 ὅστις
2578 1175 2668 1225 καὶ
2702 1175 3121 1243 ἀπαράλλακτος
3168 1173 3253 1243 ιιβο
3291 1176 3472 1228 κανών
3516 1178 3637 1228 ἐστι
3666 1175 3761 1243 τῆς

2193 1271 2247 1345 ς’
2284 1264 2524 1328 συνόδου,
2570 1264 2864 1334 διορίζεται
2914 1266 2966 1318 τί
2991 1266 3196 1334 ὀφείλει
3243 1266 3493 1330 γίνεσθαι
3527 1270 3609 1327 είς
3638 1266 3761 1328 τοὺς

2193 1353 2535 1421 ἁρπάζοντας
2559 1356 2825 1421 γυναῖκας
2876 1354 2964 1406 ἐπ’
2998 1355 3225 1424 ὀνόματι
3258 1356 3624 1408 συνοικεσίου’
3656 1357 3683 1407 ό
3706 1357 3760 1416 δὲ

2192 1442 2384 1513 παρὼν
2414 1444 2594 1496 κανὼν
2629 1445 3065 1513 παρακελεύεται
3124 1450 3248 1508 τοὺς
3284 1448 3381 1514 μὲν
3408 1446 3763 1515 ἁρπάζοντας

2194 1539 2459 1602 γυναῖκας
2492 1539 2663 1607 ἑτέρῳ
2700 1539 3185 1608 μνηστευσαμένας
3217 1539 3293 1613 μὴ
3339 1539 3517 1600 ἄλλως
3548 1541 3629 1602 εἰς
3668 1558 3763 1607 με·

2193 1629 2413 1680 τάνοιαν
2438 1629 2706 1700 δέχεσθαι,
2743 1632 2791 1682 εἰ
2818 1629 2891 1700 μὴ
2918 1630 3184 1701 πρότερον
3222 1630 3453 1683 δώσουσι
3502 1630 3604 1693 τὰς
3662 1635 3764 1699 ἁρ-

2197 1722 2489 1787 παγείσας,
2541 1723 2627 1789 ἐφ’
2685 1716 2728 1789 ᾧ
2774 1724 2900 1786 τοὺς
2950 1725 3267 1792 μνηστῆρας
3322 1722 3531 1776 τούτων
3580 1722 3765 1776 λαϐεῖν

2198 1813 2392 1874 αὑτὰς,
2430 1814 2525 1865 ἐὰν
2586 1813 2901 1882 θελήσωσιν·
2938 1815 2986 1865 εί
3025 1813 3080 1866 δὲ
3116 1813 3214 1883 μὴ,
3266 1811 3407 1867 εἶναι
3471 1815 3627 1884 παρᾶ
3653 1817 3768 1877 τοῖς

2196 1904 2518 1971 συγγενέσιν
2568 1903 2767 1957 αὐτῶν.
2835 1905 2974 1967 Τοὺς
3002 1904 3059 1957 δὲ
3117 1906 3477 1974 ἁρπάσαντας
3529 1907 3768 1972 γυναῖκα

2195 1993 2511 2060 ἐλευθέραν,
2536 1994 2629 2047 καὶ
2656 1994 2828 2056 οὕτως
2855 1996 3024 2063 αὐτὴν
3065 1998 3417 2065 ἀφαιρεῖσθαι
3454 1998 3550 2050 καὶ
3588 2015 3771 2066 παρα-

2194 2085 2428 2136 δίδοσθαι
2489 2087 2601 2148 τοῖς
2656 2085 2927 2152 γονεῦσιν,
2965 2086 2997 2156 ἢ
3043 2089 3155 2149 τοῖς
3185 2088 3360 2149 άλλως
3393 2088 3771 2156 προσήκουσιν

2194 2177 2354 2246 αὐτῇο
2385 2176 2546 2239 ὥστε,
2578 2178 2626 2229 εί
2654 2177 2753 2245 μὲν
2789 2177 3070 2247 βούλονται
3104 2173 3270 2239 οὗτοι,
3306 2176 3771 2244 συζεύξαιαῦτὴν

2193 2266 2271 2334 τῷ
2302 2266 2511 2336 ἆρπαγι
2568 2269 2707 2337 μετὰ
2772 2269 2864 2320 καὶ
2936 2268 3303 2333 συναινέσεως
3359 2267 3589 2337 ταύτης
3623 2271 3668 2321 εἰ
3712 2268 3769 2321 δὶ

2196 2360 2619 2430 άπαρέσκονται,
2657 2359 2729 2427 μὴ
2762 2359 3016 2426 γενέσθαι
3041 2359 3218 2413 τοῦτο.
3275 2359 3362 2430 Ὧς
3400 2359 3464 2412 ἂν
3492 2359 3549 2411 δὲ
3587 2359 3653 2411 τὰ
3677 2359 3769 2411 τοῦ

2198 2428 2522 2518 πράγματος
2562 2447 2781 2518 ἔχωσιν,
2825 2449 2994 2516 ἤγουν
3026 2448 3130 2501 κᾶν
3184 2428 3482 2518 συζέυχθῇ,
3512 2451 3625 2508 τοῖς
3658 2448 3764 2501 τῶν

2198 2542 2568 2610 πορνευόντων
2612 2542 2912 2610 ἐπιτιμίοις
2951 2541 3327 2603 ὑποπεσεϊται,
3367 2542 3461 2593 καὶ
3489 2541 3553 2592 οὐ
3611 2542 3771 2608 μόνον

2196 2638 2224 2689 ὁ
2286 2635 2469 2705 ἁρπαξ
2520 2634 2661 2687 οὕτω
2720 2624 3141 2702 κολασθήσεται,
3207 2634 3342 2687 ἁλλὰ
3402 2633 3499 2686 καὶ
3534 2632 3770 2700 όλάθρα

2200 2726 2336 2798 μετὰ
2400 2726 2585 2796 κόρη(
2622 2724 2983 2795 συμφθαρείς.
3050 2722 3323 2794 Ὀρίζεται
3353 2724 3411 2777 δὶ
3447 2723 3545 2776 καὶ
3581 2726 3663 2787 είς
3686 2740 3771 2776 τε·

2196 2818 2454 2888 τραετίαν
2490 2815 2559 2869 τὰ
2590 2816 2698 2869 τῶν
2731 2816 3104 2885 πορνευόντων
3154 2814 3425 2884 ἐπιτίμια.
3457 2816 3570 2869 Καὶ
3610 2817 3638 2868 ό
3673 2814 3770 2882 μὲν

2198 2909 2383 2961 κανὼν
2415 2908 2474 2960 ἐν
2500 2905 2731 2968 τούτοιςο
2763 2907 2791 2957 ό
2817 2904 2873 2958 δὲ
2904 2904 3180 2968 πολιτικὸς
3222 2904 3384 2971 νόμος
3417 2904 3784 2974 άλλοτρόπωξ

2198 3000 2418 3063 κολάζει
2445 2998 2571 3061 τοὺς
2619 2998 2896 3066 ἅρπαγας,
2929 2996 3022 3049 καὶ
3043 2995 3164 3049 οὐδὲ
3219 2998 3547 3065 παραχωρεῖ
3584 2999 3769 3051 ὁπωσ·

2625 3089 2953 3159 ἁρπάσαντα
3026 3088 3388 3158 συζευχθῆναι
3454 3092 3523 3159 τῇ
3586 3091 3768 3160 ἁρπαο

2196 3184 2371 3255 γείσῃ.
2406 3182 2508 3236 Καὶ
2550 3181 2817 3248 ἀνάγνωθι
2849 3179 2940 3233 τὸν
2976 3171 3213 3250 ῥηθέντα
3237 3177 3318 3242 κζ’
3348 3182 3552 3233 κανόνα
3582 3184 3682 3248 τῆς
3714 3183 3771 3233 ἐν

2196 3272 2497 3344 Χαλκηδόνι
2518 3272 2755 3334 συνόδου,
2784 3270 2877 3324 καὶ
2899 3272 2991 3323 τὸν
3015 3269 3098 3338 ῑιβ¹
3121 3272 3219 3339 τῆς
3242 3270 3318 3334 ς’,
3350 3272 3443 3322 καὶ
3471 3272 3677 3324 κανόνα
3697 3270 3767 3336 EC

2197 3366 2305 3419 τῶν
2341 3367 2510 3433 ἁγίων
2539 3363 2873 3426 ἀποστόλων,
2902 3362 2995 3415 καὶ
3034 3379 3159 3430 καφ.
3193 3362 3237 3413 λ’
3257 3363 3349 3413 τοῦ
3379 3361 3423 3415 θ’
3458 3363 3642 3417 τίτλον
3677 3363 3766 3415 τοῦ

2201 3457 2468 3527 παρόντος
2516 3455 2915 3524 συντάγματος,
2952 3454 3047 3505 καὶ
3076 3453 3143 3504 τά
3193 3454 3249 3505 ὲν
3275 3454 3482 3516 αὐτοῖς.
3531 3453 3768 3507 Ἀκούων

2201 3550 2256 3603 δὲ
2288 3542 2377 3601 τοῦ
2416 3548 2680 3617 παρόντος
2710 3545 2936 3608 κανόνος
2989 3545 3239 3613 λέγοντος
3287 3547 3429 3598 κατὰ
3458 3548 3767 3599 συναίνεσιν

2202 3640 2311 3693 τῶν
2346 3639 2547 3705 γονέων
2601 3639 2633 3708 ἢ
2688 3638 2796 3690 τῶν
2847 3637 3126 3704 συγγενῶν
3176 3639 3278 3705 τῆς
3304 3637 3476 3706 κόρης
3532 3638 3768 3691 δίδοσθαι

2202 3734 2406 3800 ταύτην
2438 3730 2573 3797 πρὸς
2602 3728 2878 3797 γάμονζτῷ
2910 3728 3239 3798 ἁρπάσαντι,
3275 3728 3349 3797 μὴ
3378 3729 3541 3799 εἴπῃς
3573 3732 3767 3799 ἀρκεῖν

2204 3826 2304 3893 τὴν
2332 3823 2440 3874 τῶν
2477 3822 2680 3888 γονέων
2710 3820 3018 3872 συναίνεσιν
3046 3819 3139 3871 καὶ
3171 3820 3359 3887 μόνην.
3410 3820 3639 3882 Ὁσάκις
3666 3822 3769 3888 γάρ

2206 3916 2380 3981 γάμος
2420 3912 2639 3979 ἔννομος
2672 3910 2901 3977 γίνεται,
2934 3909 3208 3975 ἀναγκαία
3237 3910 3355 3961 ἐστὶ
3386 3910 3481 3963 καὶ
3514 3912 3546 3978 ἡ
3586 3909 3769 3962 συναί-

2208 4020 2353 4063 νεσις
2387 4003 2494 4054 τῶν
2532 4001 2832 4068 μελλόντων
2870 3999 3254 4067 συζευχθῆναι,
3314 4000 3420 4052 κᾶν
3460 4000 3769 4063 ὑπεξούσιοι

2208 4091 2333 4159 ὦσι,
2364 4094 2466 4147 κᾶν
2503 4091 2858 4155 αὑτεξοὺσιοι.
2897 4091 3036 4159 Φησὶ
3093 4092 3202 4160 γάρ
3235 4090 3294 4142 τὸ
3326 4090 3586 4160 δεύτερον
3644 4108 3767 4158 amp.

2209 4190 2299 4241 τοῦ
2332 4190 2371 4241 δ’
2401 4186 2581 4239 τίτλον
2609 4185 2700 4237 τοῦ
2738 4190 2822 4250 κη’
2853 4182 3060 4252 βιϐλίου
3118 4182 3289 4234 ταῦτα
3344 4182 3548 4251 ῥητῶς·
3588 4183 3664 4236 Οὐ
3688 4184 3771 4251 γε.

2206 4299 2353 4337 νεται
2393 4282 2590 4347 γάμος,
2622 4279 2671 4329 εἰ
2704 4276 2778 4345 μὴ
2818 4274 3227 4327 συναινέσουσιν
3258 4275 3308 4325 οἱ
3341 4275 3768 4343 συναπτόμενοι,

543 4384 636 4432 καὶ
662 4380 709 4431 οἱ
737 4378 949 4444 ἔχοντες
982 4379 1177 4440 αὐτοὺς
1232 4379 1604 4442 ὑπεξουσὶους.
1674 4381 1795 4433 Ἐἁν
1825 4380 1882 4432 δὲ
1942 4380 2099 4449 χρεία
2131 4378 2269 4431 κατὰ
2324 4376 2414 4427 τὸν
2471 4373 2633 4440 νόμον
2691 4368 2879 4422 τοῦτον
2934 4370 2993 4420 ὲν
3082 4370 3191 4430 τοῖς
3247 4366 3447 4436 γάμοις
3527 4370 3621 4420 καὶ
3675 4369 3771 4433 τῆς

545 4473 903 4533 συναινέσεως
970 4470 1077 4522 τῶν
1144 4471 1525 4537 ὑπεξουσίων,
1592 4473 1771 4542 πολλῷ
1828 4474 1992 4527 πλέον
2037 4476 2097 4526 οὐ
2149 4473 2435 4541 γενήσεται
2494 4469 2671 4537 γάμος
2750 4463 3153 4528 αὐτεξουσίων,
3240 4464 3288 4515 el
3341 4461 3415 4532 μὴ
3472 4465 3565 4516 καὶ
3622 4463 3771 4517 αὐτοὶ

546 4551 673 4618 quva
685 4564 756 4615 ινέ
766 4580 911 4614 σουσι
922 4605 933 4616 .

614 4656 863 4710 ZONAlt.
908 4656 1005 4721 Qui
1036 4667 1329 4723 rapuerunt
1375 4657 1649 4722 mulieres,
1680 4658 1874 4726 inquit,
1905 4674 2095 4726 easque

2274 4652 2515 4708 ZONAP.
2570 4650 2633 4702 Ol
2692 4648 3039 4716 ἁρπάσαντες
3088 4646 3395 4710 γυναῖκας..
3462 4644 3621 4711 φησι,
3678 4644 3770 4696 καὶ

545 4745 818 4809 detinent,
862 4745 1123 4813 siquidem
1172 4745 1275 4800 illa
1312 4747 1457 4814 prius
1498 4748 1615 4803 aliis
1667 4750 1945 4818 desponsae
1992 4750 2107 4805 fue-

546 4841 693 4897 runt,
731 4849 834 4886 non
866 4834 964 4886 alia
1002 4837 1206 4890 ratione
1232 4835 1297 4888 ad
1321 4838 1688 4905 paenitentiam
1723 4841 2093 4907 admitteutur,

547 4924 650 4977 nisi
688 4932 840 4975 antea
893 4933 1055 4992 rapta:
1085 4927 1152 4980 ab
1176 4926 1256 4980 eis
1303 4927 1633 4988 auferantur,
1691 4944 1918 4997 moxque
1970 4932 2109 4986 inte—

546 5027 697 5079 3mm
725 5011 792 5064 sit
818 5011 903 5068 iis.
942 5012 1134 5078 quibus
1162 5014 1373 5066 fuerant
1397 5015 1690 5081 desponsae.
1722 5029 1834 5079 eas,
1854 5017 1896 5067 si
1923 5017 2107 5081 velint,

552 5104 813 5169 accipere.
846 5101 899 5154 Si
938 5112 1064 5155 vero
1100 5114 1247 5170 rapta
1288 5104 1412 5156 nttlli
1466 5104 1641 5157 adhuc
1673 5104 1934 5171 desponsa
1990 5106 2097 5158 fue-

554 5201 654 5252 rat,
689 5201 811 5257 tunc
839 5206 1055 5259 quoque
1088 5192 1257 5255 ipsam
1290 5206 1319 5244 a
1348 5202 1559 5261 raptore
1604 5194 1815 5257 abduci,
1848 5203 1956 5243 tum
2009 5209 2102 5259 pa-

553 5279 816 5351 rentibus,
862 5280 1050 5332 aliisve
1103 5279 1475 5344 familiaribus,
1532 5297 1626 5335 seu
1683 5284 1944 5349 cognatis,
2009 5298 2099 5335 seu

551 5368 669 5418 aliis
740 5369 935 5433 quibus
1012 5370 1252 5423 mulieris
1300 5386 1424 5423 cura
1477 5373 1757 5425 commissa
1811 5382 1909 5433 est,
1970 5374 2102 5423 iratli

553 5474 723 5509 ranou
750 5457 916 5525 jubet.
952 5459 1026 5511 Ita
1062 5471 1115 5511 ut
1169 5462 1430 5528 siquidem
1485 5463 1557 5515 illi
1590 5463 1752 5516 velint
1797 5464 1961 5528 ipsam
2019 5480 2095 5515 ru-

556 5548 689 5610 ptori
722 5548 919 5601 foedere
951 5550 1256 5617 nuptiarum
1288 5548 1538 5619 iungere,
1577 5553 1773 5617 nupti-.2
1804 5552 2102 5605 consistant

552 5637 812 5700 Vi-il'ilCCi,
846 5638 886 5689 si
922 5636 1079 5690 modo
1111 5638 1223 5704 ipsa
1256 5655 1464 5707 quoque
1520 5640 1708 5694 mulier
1742 5643 2087 5694 consenserit.

2211 4746 2425 4814 ἔχοντες
2459 4741 2682 4802 ταύτας,
2713 4740 2807 4791 ὲὰν
2835 4737 3041 4806 ἑτέροις
3093 4737 3301 4787 ἐκεῖναι
3352 4735 3767 4804 προεμνηστεύ-

2213 4837 2411 4905 θησαν,
2439 4833 2538 4885 οὐκ
2573 4830 2746 4889 άλλως
2799 4827 3150 4896 δεχθήσονται
3179 4826 3260 4887 εἰς
3286 4825 3597 4893 ἐπιτιμίαν,
3624 4827 3671 4877 εί
3699 4826 3769 4895 μὴ

2211 4925 2475 4993 πρότερον
2525 4920 2875 4987 ἀφαιρεθεῖεν
2926 4918 3024 4979 τὰς
3092 4917 3459 4984 ἁρπαγείσας,
3515 4912 3639 4971 εἶτα
3692 4918 3769 4978 εἰς

2211 5013 2455 5079 ἐξουσίαν
2514 5008 2722 5063 κεῖσθαι
2787 5008 2894 5058 τῶν
2947 5006 3559 5075 προμνηστευσαμένων
3580 5006 3766 5069 αὑτὰς,

2212 5107 2259 5157 εί
2299 5103 2572 5172 βούλοιντο
2634 5098 2818 5150 λαθεῖν
2881 5097 3075 5156 αὐτάς
3134 5097 3180 5147 εί
3212 5096 3267 5148 δὲ
3296 5097 3466 5165 μήπω
3498 5099 3607 5149 τινὶ
3639 5114 3768 5163 μνη-

2213 5194 2495 5244 στευθεῖσα
2552 5192 2584 5258 ἡ
2640 5187 2951 5257 ἁρπαγεῖσα
3009 5186 3148 5245 ἐστι,
3220 5186 3312 5237 καὶ
3360 5185 3539 5248 οὕτως
3600 5185 3765 5253 αὐτὴν

2212 5281 2588 5349 ἀφαιρεῖσθαι,
2624 5278 2998 5330 διακελεύεται
3051 5276 3158 5328 ἀπὸ
3206 5276 3299 5327 τοῦ
3337 5276 3589 5344 ἅρπαγος
3616 5280 3641 5327 ό
3674 5292 3765 5327 κα-

2210 5374 2336 5436 νὼν,
2369 5375 2459 5424 καὶ
2490 5369 2880 5438 παραδίδοσθαι
2934 5372 3046 5429 τοῖς
3102 5368 3351 5434 γονεῦσιν
3378 5369 3410 5437 ἦ
3446 5371 3559 5431 τοῖς
3590 5368 3764 5429 ἄλλοις

2210 5456 2289 5519 οἷς
2322 5458 2472 5525 μέλει
2528 5458 2624 5522 τῆς
2680 5459 2957 5521 γυναικός.
3017 5456 3179 5508 Ὥστε
3234 5458 3293 5507 εί·
3340 5458 3440 5524 μὲν
3487 5458 3763 5524 βούλονται

2212 5532 2407 5599 ἐκεῖνοι
2459 5550 2534 5607 εἰς
2593 5549 2821 5612 γυναῖκα
2874 5544 3129 5609 συζεῦξαι
3187 5546 3356 5615 αὐτὴν
3418 5547 3499 5615 τῷ
3539 5547 3761 5616 ἆρπαγι,

2210 5642 2463 5707 σαπῆναι
2516 5626 2725 5706 γέῳονξ
2755 5636 2993 5703 δηλονότι
3030 5638 3075 5688 εἰ
3111 5638 3200 5689 κατ.
3250 5640 3276 5704 ἡ
3333 5637 3470 5705 γυνὴ
3509 5640 3760 5707 συναινεζ.
