4018 6438
593 324 696 388 667

1825 319 2108 382 THEOD.
2156 316 2557 377 BALSAMON

3755 314 3855 375 668

657 437 904 508 epistola,
954 439 1108 506 cujus
1165 438 1472 510 exemplum
1516 449 1620 495 tuas
1671 437 1863 511 pietati
1902 439 2167 494 misimus.

2347 435 2408 487 τὸ
2441 434 2780 504 ἀντίγραφον
2807 433 3215 504 ἀπεστείλαμεν
3250 451 3344 488 σου
3378 437 3445 505 τῇ
3511 435 3777 504 εὐλαϐείᾳ
3799 450 3812 462 ο
3841 437 3866 486 6

661 530 763 592 Qui
804 539 983 582 autem
1013 529 1093 582 sui
1142 528 1330 584 fratris
1365 545 1589 585 uxorem
1625 536 1854 604 accepit,
1887 550 1991 588 non
2023 533 2173 602 prius

663 622 979 674 admittetur
1019 636 1180 690 quam
1217 623 1284 676 ab
1317 639 1378 676 ea
1417 627 1726 682 recesserit.

662 709 851 765 BALS.
889 711 1130 766 incestus
1161 729 1377 782 quoque
1412 727 1710 782 peccatum,
1736 726 1854 784 post
1884 719 2171 771 decessum

591 820 616 856 a
653 803 814 868 malo,
849 804 988 856 sicut
1021 813 1071 856 et
1099 804 1201 857 alia
1254 819 1500 872 peccata,
1545 808 1613 862 ab
1645 809 2008 864 ecclesiastica
2044 824 2156 862 me-

591 897 766 949 dicina
798 899 1101 952 curabitur.
1139 897 1507 967 Interrogatus
1535 916 1663 970 ergo
1685 912 1925 965 sanctus,
1953 902 2082 970 quid
2109 902 2174 955 iis

593 985 706 1037 fleri
743 995 985 1051 oporteat
1008 987 1095 1054 qui
1128 1003 1246 1041 cum
1272 989 1482 1043 duabus
1509 991 1785 1044 sororibus
1811 1007 1921 1044 rem
1950 993 2171 1052 habent,

589 1087 642 1129 et
673 1085 882 1142 contra,
913 1077 1046 1135 di\it
1094 1093 1152 1131 se
1205 1079 1268 1131 de
1323 1080 1388 1132 iis
1421 1081 1706 1146 scripsisse
1743 1082 2025 1147 epistolam
2057 1097 2068 1131 :
2107 1097 2171 1136 ea

589 1174 675 1218 est
705 1177 880 1218 autem
911 1183 1072 1235 quam
1102 1170 1319 1238 scripsit
1357 1173 1423 1223 ad
1457 1171 1767 1233 Diodorum,
1794 1181 1846 1225 et
1871 1172 1976 1226 illic
1992 1181 2176 1225 osten-

588 1255 732 1306 ditur
760 1256 886 1324 quid
923 1259 1208 1326 agendum.
1265 1261 1469 1314 Debent
1499 1273 1676 1315 autem
1710 1304 1724 1326 ,
1757 1263 1847 1331 qui
1892 1265 1994 1318 hoc
2027 1262 2175 1315 nefa-

592 1347 726 1397 rium
760 1349 1160 1401 matrimonium
1199 1363 1587 1405 contraxerunt
1615 1392 1628 1413 .
1662 1370 1689 1406 a
1728 1354 1865 1406 malo
1899 1357 2169 1416 recedere,

587 1447 640 1492 et
667 1441 736 1490 ita
772 1440 837 1492 de
868 1442 1154 1495 curatione
1200 1444 1492 1498 sciscitari.
1527 1444 1668 1514 Lege
1711 1462 1836 1515 ergo
1880 1448 2164 1514 epistolam

588 1531 653 1583 ad
693 1530 1009 1590 Diodorum.
1040 1544 1090 1584 et
1122 1550 1240 1588 una:
1277 1537 1327 1589 in
1359 1553 1421 1590 ea
1469 1549 1626 1598 sunt.
1678 1551 1729 1593 et
1772 1554 1890 1605 cap.
1924 1539 1958 1592 2
1991 1541 2070 1594 tit.
2105 1542 2171 1595 l3

589 1622 874 1689 prresentis
911 1624 1118 1691 operis.

662 1771 915 1829 ZONAR.
955 1776 1271 1845 Epistolium
1301 1821 1315 1843 ,
1348 1780 1414 1834 de
1449 1797 1551 1848 quo
1585 1781 1671 1835 hic
1710 1792 1930 1838 sanctus
1973 1787 2166 1841 memi-
2201 1775 2244 1834 Β

589 1866 691 1926 ιεῑι,
721 1867 940 1921 missum
971 1885 1052 1924 ρει
1081 1873 1147 1924 ad
1186 1871 1496 1936 Diodorum,
1534 1891 1636 1944 quo
1669 1892 1790 1930 cum
1821 1894 1959 1932 uxor
1984 1883 2167 1949 cujus-

588 1959 710 2008 dam
739 1956 878 2011 diem
906 1975 1066 2014 suum
1100 1964 1323 2018 obiisset
1351 2006 1364 2028 ,
1400 1966 1544 2019 illius
1580 1983 1821 2022 sororem
1853 1973 1919 2023 ab
1954 1971 2070 2038 ipso
2112 1973 2164 2027 in

590 2050 897 2110 nuptiarum
933 2055 1248 2108 societatem
1281 2060 1625 2124 superinduci
1655 2072 1795 2115 velat
1823 2101 1836 2124 ,
1878 2064 2168 2134 multisque

587 2148 642 2191 et
672 2139 926 2207 gravibus
962 2145 1261 2198 rationibus
1298 2161 1406 2200 rem
1440 2150 1741 2206 confirmat.
1775 2153 1921 2218 Quod
1947 2157 2166 2224 quidem

589 2243 686 2281 nos
717 2245 812 2283 suo
850 2229 965 2284 loco
995 2232 1409 2299 explicabimus.
1441 2237 1540 2301 Qui
1581 2240 1742 2294 etiam
1797 2243 1979 2299 fratris
2026 2263 2166 2300 uxo-

586 2336 700 2374 rcm
733 2324 904 2384 duxit,
937 2324 1075 2378 liiiUS
1111 2343 1300 2392 nempe
1352 2331 1442 2397 qui
1491 2331 1602 2384 vita
1659 2337 1873 2388 functus
1908 2347 2010 2398 cst.
2058 2355 2165 2393 non

588 2413 904 2466 admittetur
933 2417 996 2467 ad
1034 2431 1154 2483 pom
1183 2421 1404 2472 tentiam
1429 2460 1444 2482 .
1479 2422 1579 2476 nisi
1637 2424 1806 2492 ipsam
1859 2428 2165 2498 dimiserit,

590 2503 1038 2573 illegitimumquc
1073 2511 1402 2564 connubium
1435 2513 1675 2569 solverit.

659 2594 889 2649 AINST.
929 2596 1172 2651 Fratrem
1208 2601 1391 2655 fratris
1425 2618 1644 2658 uxorem
1679 2607 1877 2663 ducere
1911 2610 2164 2675 impossi-

589 2685 694 2740 bile
723 2697 824 2743 est.
854 2687 1195 2759 Perspicuus.

1142 2782 1375 2838 CA'NON
1416 2783 1607 2840 XXIV.

590 2865 842 2928 Viduam.
881 2884 998 2937 qum
1022 2870 1072 2924 in
1107 2873 1386 2926 viduarum
1420 2892 1701 2930 numerum
1741 2879 1906 2934 relata
1930 2891 2030 2944 est,
2066 2883 2170 2936 hoc

660 2969 763 3021 cst,
811 2964 926 3022 tmte
959 2961 1028 3014 ab
1061 2961 1296 3018 Ecclesia
1325 2969 1375 3017 in
1407 2965 1752 3022 diaconatum
1789 2984 2035 3040 suscepta
2064 2983 2167 3038 est.

659 3056 866 3106 censu’t
897 3055 1184 3123 Apostolus
1229 3057 1518 3112 nubentem
1573 3075 1693 3115 esse
1730 3063 2159 3132 despiciendam.

661 3141 790 3194 Viro
816 3155 994 3197 autem
1025 3146 1183 3200 viduo
1215 3147 1360 3201 nulla
1387 3161 1464 3204 est
1495 3150 1579 3202 lex
1608 3151 1883 3222 imposita,
1909 3158 2002 3209 sed
2027 3157 2168 3226 diga-

661 3249 869 3288 tnornm
904 3253 1059 3305 poena
1111 3239 1202 3293 tali
1235 3239 1452 3294 sufﬁcit.
1492 3241 1660 3296 Porro
1691 3245 1847 3298 vidua
1882 3248 2169 3316 sexaginta

659 3338 828 3377 annos
865 3336 1010 3390 nata,
1044 3328 1088 3383 si
1139 3343 1326 3382 rursus
1361 3345 1482 3383 cum
1528 3331 1645 3385 viro
1693 3331 1939 3388 habitare
1989 3336 2171 3390 volue-

667 3417 758 3474 rit.
794 3417 916 3470 boni
948 3420 1330 3474 communione
1362 3436 1466 3477 non
1513 3422 1844 3490 dignabitur.
1894 3425 2072 3480 donec
2104 3428 2172 3482 ab

661 3510 988 3577 impuritatis
1021 3513 1425 3578 perturbatione
1459 3517 1777 3570 cessaverit.
1833 3517 1936 3572 Sed
1967 3519 2011 3572 si
2039 3529 2166 3574 ante

669 3602 949 3666 sexaginta
984 3616 1158 3655 annos
1211 3618 1328 3655 eam
1369 3606 1420 3656 in
1469 3621 1755 3659 numerum
1806 3607 2173 3675 rctulerimus,

664 3703 845 3746 nostra
871 3703 971 3756 est,
1003 3711 1106 3750 non
1147 3697 1393 3751 mulieris
1426 3699 1607 3766 culpa.

664 3889 864 3946 BALS.
891 3891 1348 3955 Quemadmodum
1373 3895 1608 3964 virgines
1641 3897 1856 3954 femine
1887 3916 2010 3955 cum
2039 3903 2176 3956 laico

597 3983 778 4034 habitu
841 3983 891 4034 itt
951 3985 1198 4036 ecclesiis
1257 3985 1682 4051 Collocabatttur,
1720 4001 1769 4044 et
1823 4006 1886 4045 ex
1936 3995 2177 4050 ecclesia

597 4074 860 4126 reditibus
888 4075 1171 4129 alebantur
1195 4118 1209 4142 ,
1239 4079 1309 4131 ita
1339 4089 1388 4132 et
1420 4080 1589 4133 vidum
1615 4097 1737 4134 cum
1765 4087 1952 4138 eodem
1989 4086 2174 4141 habitu

597 4164 1004 4218 ordinabuntur.
1065 4170 1200 4222 Dicit
1259 4187 1386 4239 ergo
1441 4187 1684 4234 sanctus.
1746 4178 1887 4243 quod
1945 4195 2174 4245 magnus

601 4256 796 4311 Paulus
833 4260 1134 4313 istiusmodi
1169 4265 1380 4316 viduam
1423 4265 1535 4319 sive
1568 4281 1706 4328 eam.
1742 4284 1860 4338 quae
1886 4280 2170 4340 postquam

599 4348 648 4397 in
685 4347 923 4400 Ecclesia
961 4353 1211 4402 ordinata
1248 4364 1329 4404 est
1355 4396 1367 4414 ,
1407 4365 1644 4410 secundo
1693 4361 1916 4426 nupsit,
1967 4368 2175 4416 censuit

2349 525 2406 577 δὲ
2430 524 2663 598 ἀδελφοῦ
2692 525 2825 577 ἰδίου
2856 529 3093 592 γυναῖκα
3118 527 3324 594 λαϐὼν,
3357 527 3420 580 οὐ
3455 527 3735 598 πρότερον
3755 525 3870 595 δεχ-

2347 595 2572 683 θήσεται
2606 615 2734 682 πρὶν
2747 614 3072 685 ἀποστῆναι.

2350 706 2549 758 ΒΑΛΣ.
2593 707 2703 757 Καὶ
2743 707 2803 757 τὸ
2855 707 2955 774 τῆς
2994 707 3321 776 αἱμομιξίας
3379 707 3704 776 ἁμάρτημα
3735 704 3867 773 μετά

2275 795 2576 848 ἀπόστασιν
2593 796 2684 848 τοῦ
2707 798 2878 850 κακοῦ
2893 797 2998 851 ὑπὸ
3015 799 3114 864 τῆς
3128 797 3608 867 ἑκκλησιαστικῆς
3632 799 3868 867 ἰατρείας

2277 885 2667 956 θεραπεύεται,
2704 888 2897 959 ὥσπερ
2933 889 3195 943 statim:
3222 890 3647 959 ἁμαρτήματα*
3671 890 3867 958 ἐρωτη-

2276 976 2390 1039 θεὶς
2419 976 2512 1030 οῦν
2557 980 2586 1031 6
2619 980 2797 1046 ἆγιος,
2828 981 2879 1033 τί
2910 981 3017 1052 χρὴ
3039 982 3292 1049 γίνεσθαι
3342 982 3427 1046 είς
3455 982 3592 1045 τοὺς
3625 982 3865 1052 συμφθα-

2279 1073 2469 1142 ρέντας
2503 1072 2656 1124 δυσὶν
2694 1073 2974 1142 ἀδελφαῖς,
3027 1075 3122 1126 καὶ
3147 1074 3208 1127 τδ
3255 1075 3557 1135 ἀνάπαλιν.
3586 1069 3745 1127 εἶπεν
3796 1074 3867 1135 ὡς

2276 1165 2414 1232 Περὶ
2459 1165 2570 1216 τῶν
2622 1165 2884 1218 τοιούτων
2935 1166 3154 1237 ἔγραψα
3209 1167 3610 1220 ὲπιστολίδιον·
3647 1166 3764 1220 ἔστι
3815 1167 3869 1218 δὲ

2274 1256 2436 1308 τοῦτο
2479 1256 2541 1310 τὸ
2572 1255 2710 1325 πρὸς
2743 1257 3034 1328 Διόδωρον,
3083 1260 3179 1312 καὶ
3236 1259 3451 1312 ἐκεῖθεν
3495 1259 3762 1328 δηλοῦται
3811 1259 3871 1310 τὸ

2275 1347 2553 1412 ποιητέον.
2608 1346 2759 1407 Τέως
2799 1345 2856 1399 δὲ
2917 1347 3232 1414 ὀφείλουσιν
3276 1349 3328 1401 οἱ
3381 1346 3635 1400 τοιοῦτον
3697 1348 3871 1417 γάμον

2279 1436 2538 1504 ἀθέμιτον
2572 1437 3013 1502 συναλλάξαντες
3038 1441 3343 1509 ἀποστῆναι
3376 1438 3478 1491 τοῦ
3529 1437 3736 1502 κακοῦ,
3779 1437 3872 1490 καὶ

2284 1528 2460 1592 οὕτως
2494 1531 2706 1600 ἐρωτᾷν
2736 1531 2805 1582 τὰ
2858 1531 2992 1600 περὶ
3053 1532 3154 1600 τῆς
3195 1531 3523 1602 θεραπείας.
3571 1530 3873 1596 Ἀνάγνωθι

2280 1619 2374 1672 οῦν
2397 1621 2494 1688 τὴν
2515 1621 2651 1689 πρὸς
2675 1621 2939 1688 Διόδωρον
2966 1621 3279 1691 ἐπιστολὴν,
3301 1619 3395 1673 καὶ
3415 1621 3486 1673 τὰ
3517 1621 3576 1671 ὲν
3596 1621 3762 1689 αὐτῇ,
3785 1620 3873 1671 καὶ

2276 1711 2335 1762 τὸ
2362 1708 2406 1779 β’
2434 1727 2560 1775 κεφ.
2600 1710 2693 1763 τοῦ
2722 1717 2790 1778 ιγ’
2820 1711 3001 1763 τίτλου
3026 1701 3118 1763 τοῦ
3153 1711 3426 1779 παρόντος
3467 1711 3870 1781 συντάγματος.

2349 1804 2597 1858 ΖΩΝΑΡ.
2637 1804 2710 1857 T6
2740 1805 3129 1868 ἑπιστολίδιον,
3161 1803 3189 1856 6
3241 1804 3394 1870 λέγει
3423 1804 3452 1856 6
3500 1804 3687 1871 ἅγιος,
3740 1803 3875 1872 πρὶς

2276 1895 2540 1964 Διόδωρον
2577 1897 2883 1966 ἀπεστάλη,
2938 1894 3288 1966 ἀπαγορεῦον
3313 1896 3398 1958 τὸ,
3456 1895 3875 1962 τελευτησάσης

2275 1986 2378 2053 τῆς
2403 1986 2660 2051 γυναικός
2694 2003 2803 2038 τινι
2842 1986 2940 2055 τὴν
2971 1987 3206 2056 ἀδελφὴν
3233 1987 3405 2056 αὐτῆς
3434 1988 3518 2048 είς
3547 1985 3733 2054 γάμου
3763 2002 3870 2037 κοι-

2276 2077 2472 2128 νωνίσλι
2500 2075 2665 2128 αὐτὸν
2713 2077 2968 2144 ἄγεσθαι,
3009 2078 3106 2130 καὶ
3126 2079 3192 2130 ἐκ
3233 2077 3449 2129 πολλῶν
3476 2079 3577 2130 καὶ
3608 2077 3872 2144 γενναίων

2275 2165 2556 2233 λογισμῶν
2581 2165 2742 2220 τοῦτο
2771 2167 3232 2232 κατασκευάζων.
3275 2169 3462 2236 Ὅπερ
3489 2169 3549 2220 ὲν
3576 2167 3659 2237 τῷ
3689 2167 3871 2232 οίκείῳ

2276 2257 2428 2325 τόπῳ
2471 2257 2899 2325 ὲξηγηθήσεται.
2944 2260 3042 2321 Ὃς
3075 2260 3168 2312 καὶ
3189 2258 3288 2326 τὴν
3317 2260 3560 2325 γυναῖκα
3582 2257 3680 2310 τοῦ
3724 2257 3873 2309 ἀδελ-

2278 2349 2378 2410 φοῦ
2409 2349 2618 2412 ἐλαϐεν,
2646 2349 2856 2402 ἐκείνου
2919 2349 3121 2420 δηλαδὴ
3159 2349 3626 2416 τελευτήσαντος,
3689 2351 3750 2400 ού
3791 2350 3869 2402 δερ

2275 2439 2540 2510 χθήσεται
2569 2440 2644 2502 ὼς
2697 2441 2999 2509 μετανοῶν,
3035 2444 3083 2494 εἰ
3124 2442 3199 2511 μὴ
3231 2440 3404 2512 αὐτὴν
3456 2442 3868 2510 ἀποπέμψεται,

2277 2532 2372 2583 καὶ
2405 2531 2558 2583 λύσει
2590 2532 2682 2584 τὸν
2715 2532 2958 2601 ᾶθεσμον
2984 2533 3185 2601 γάμον.

2349 2617 2574 2670 ΔΡΙΣΤ.
2612 2617 2866 2686 ’Δδελφὸν
2891 2617 3125 2687 ἀδελφοῦ
3159 2622 3400 2686 γυναῖκα
3415 2619 3571 2689 ἔχειν
3588 2619 3866 2673 ἀδύνατον.

2279 2709 2507 2777 2'09th-

2879 2803 3118 2856 ΚΑΝΩΝ
3151 2803 3277 2856 KA'.

2278 2893 2469 2962 Χήραν
2500 2893 2598 2964 τὴν
2619 2893 3015 2961 καταλεγεῖσαν
3039 2896 3118 2958 είς
3145 2895 3239 2948 τὸν
3268 2896 3508 2966 ἀριθμὸν
3532 2898 3644 2949 τῶν
3665 2897 3861 2967 χηρῶν,

2350 2984 2619 3046 τουτέστι,
2649 2985 2749 3054 τὴν
2780 2987 3208 3056 διακονουμένην
3230 2988 3336 3040 ὑπὸ
3371 2989 3474 3056 τῆς
3517 2989 3863 3058 Ἐκοκλησίας.

2354 3077 2382 3127 6
2432 3076 2730 3140 ἀπόστολος
2781 3076 3142 3147 γαμουμένην
3195 3079 3574 3146 παρορᾶσθαι.
3609 3078 3865 3148 Ἀνδρὶδὲ

2351 3167 2683 3235 χηρεύσαντι
2716 3167 2897 3228 οὐδεὶς
2942 3168 3220 3222 ἐπίκειται
3283 3169 3473 3238 νόμος,
3529 3170 3650 3224 ἀλλ’
3692 3171 3865 3224 ἱκανὸν

2351 3261 2430 3327 τῷ
2459 3259 2689 3328 τοιούτῳ
2722 3260 2780 3312 τδ
2820 3259 2930 3311 τῶν
2964 3260 3214 3330 διγάμων
3236 3263 3541 3332 ἐπιτίμιον.
3591 3263 3657 3315 Ἥ
3686 3267 3862 3332 μέντοι

2350 3354 2494 3421 χήρα
2528 3351 2927 3422 ἐξηκονταετὴς
2967 3354 3244 3420 γεγονυῖα,
3299 3354 3396 3407 ἐὰν
3450 3354 3650 3424 ἕληται
3712 3356 3861 3408 πάλιν

2349 3443 2506 3512 ἀνδρὶ
2539 3445 2834 3507 συνοικεῖν,
2872 3444 2972 3496 οὐκ
3008 3442 3386 3511 ἀξιωθήσεται
3413 3444 3517 3512 τῆς
3547 3445 3643 3499 τοῦ
3665 3446 3863 3513 ἀγαθοῦ

2353 3536 2680 3597 κοινωνίας,
2713 3537 2818 3598 ἕως
2846 3535 2912 3589 ἂν
2963 3535 3057 3588 τοῦ
3108 3535 3316 3598 πάθους
3378 3537 3481 3605 τῆς
3525 3538 3864 3608 ἀκαθαρσίας

2356 3629 2674 3693 παύσηται·
2713 3627 2809 3678 saw
2865 3628 3051 3696 μέντοι
3083 3627 3190 3696 πρὸ
3219 3628 3493 3697 ἐξήκοντα
3541 3629 3686 3681 ὲτῶν
3718 3629 3864 3699 ἀριθ-

2355 3719 2623 3788 μήσωμεν
2661 3717 2854 3787 αὐτὴν,
2898 3718 3175 3788 ἡμέτερον
3233 3719 3295 3772 τδ
3338 3719 3619 3792 ἔγκλημα,
3673 3723 3734 3774 οὺ
3777 3721 3860 3774 τοῦ

2357 3809 2600 3874 γυναὲου.

2350 3897 2550 3950 ΒΑΛΣ.
2594 3898 2810 3966 Ὠσπερ
2843 3902 3134 3952 ἐτάττοντο
3181 3900 3449 3968 παρθένοι
3509 3905 3770 3968 γυναῖκες
3813 3903 3862 3952 ἐν

2278 3991 2401 4051 ταῖς
2418 3988 2741 4056 ἐκκλησίαις
2760 3989 2898 4057 μετά
2925 3990 3120 4044 λαῖκοῦ
3145 3991 3429 4060 σχήματος
3447 3997 3547 4046 καὶ
3577 3993 3862 4063 διῳκοῦντο

2279 4077 2390 4130 ἀπὸ
2423 4077 2535 4130 τῶν
2567 4079 2793 4130 εἰσόδων
2830 4079 2928 4148 τῆς
2967 4080 3286 4148 ἐκκλησίας,
3346 4079 3495 4133 οὕτω
3550 4083 3646 4135 καὶ
3700 4082 3859 4151 χῑκραι

2283 4170 2422 4240 μετὰ
2457 4174 2550 4222 τοῦ
2584 4171 2750 4223 αὑτοῦ
2779 4173 3060 4241 σχήματος
3095 4173 3523 4227 κατετάττοντο.
3559 4176 3696 4244 Φησὶ
3733 4173 3855 4240 γοῦν

2279 4266 2306 4314 ὁ
2344 4264 2500 4329 ἅγιος
2530 4263 2654 4324 ὼςό
2708 4263 2882 4332 μέγας
2933 4263 3146 4327 Παῦλος
3196 4265 3295 4333 τὴν
3348 4265 3611 4333 τοιαύτην
3671 4267 3855 4335 χήραν,

2280 4354 2450 4422 ἡγουν
2512 4345 2641 4422 τῆν’
2680 4354 2819 4422 μετά
2881 4355 2939 4406 τὸ
2995 4357 3377 4424 καταταγῆναι
3422 4358 3500 4420 εἰς
3545 4357 3858 4424 Ἐκκλησίαν

597 4452 689 4488 seu
722 4439 905 4489 definit
931 4439 1156 4506 despici.
1195 4443 1292 4494 ltoc
1318 4455 1394 4494 esl
1425 4445 1491 4498 ab
1528 4446 1762 4502 Ecclesia
1795 4453 2009 4520 expelli;
2041 4463 2093 4507 et
2127 4457 2172 4509 si

2300 4447 2865 4514 ἱευτερογαμὴσασαν,
2922 4445 3162 4515 ἔκρινεν,
3199 4448 3370 4516 ἤγουν
3414 4447 3588 4516 ὥρισε
3635 4447 3855 4517 παρορᾶ-

597 4527 709 4589 ipsa
747 4530 962 4596 quidem
990 4543 1110 4583 ante
1144 4549 1180 4585 s-
1208 4536 1534 4598 xagesimum
1569 4553 1766 4592 annum
1805 4547 2046 4597 secundo
2077 4563 2178 4599 nu-

596 4620 788 4686 pserit,
823 4635 938 4672 eam
975 4623 1141 4673 silam
1199 4640 1408 4688 poenam
1457 4630 1757 4686 sustinebit.
1793 4633 1883 4686 Est
1915 4638 2056 4688 enim
2093 4639 2177 4691 di-

597 4726 700 4775 gna
733 4713 907 4774 vt-nia,
937 4725 991 4764 ttt
1014 4731 1128 4780 qum
1166 4727 1380 4784 propter
1408 4717 1676 4784 jttnioretn
1705 4734 1914 4777 :Ptalen
1937 4732 2176 4781 secundo

600 4799 805 4852 nubere
847 4813 1028 4853 coacta
1063 4804 1164 4863 sit.
1201 4815 1253 4854 ct
1292 4806 1322 4856 ii
1358 4808 1531 4872 potius
1567 4810 1650 4874 qui
1688 4825 1803 4862 eatn
1832 4851 1847 4876 ,
1882 4822 2171 4881 antequam

601 4895 1000 4958 sexagesimum
1035 4911 1228 4947 annum
1267 4899 1635 4966 compleverit,
1668 4904 2011 4973 ordinarunt,
2051 4919 2178 4961 sunt

598 4983 1051 5048 reprehendendi,
1115 4995 1168 5038 ut
1212 4989 1297 5053 qui
1343 4989 1686 5053 apostolicam
1737 4995 2176 5050 constitutionem

604 5081 702 5126 1'3!
729 5077 921 5138 sgtessi
964 5088 1108 5138 Slil‘l,
1143 5093 1258 5141 qum
1311 5078 1438 5130 dicit
1464 5097 1474 5129 ;
1497 5077 1664 5130 Vidua
1699 5081 1923 5149 eligatur
1954 5099 2053 5134 non
2084 5089 2180 5136 mi-

608 5179 708 5214 nor
736 5166 1008 5231 sexaginta
1043 5168 1255 5221 annis‘.
1279 5169 1405 5233 Qum
1431 5183 1608 5224 autem
1639 5183 1758 5239 post
1793 5188 1992 5226 annum
2018 5190 2180 5229 sem-

609 5269 872 5323 gcsnnum
913 5261 1300 5314 continentiam
1343 5263 1644 5322 inlirmans.
1681 5266 1921 5320 secundo
1953 5270 2136 5335 nupsit
2162 5312 2177 5324 .

611 5362 640 5397 ιι
674 5357 856 5398 sam-ta
891 5354 1268 5405 contnmniunc
1309 5355 1414 5407 erit
1462 5364 1710 5422 separata
1743 5397 1752 5413 .
1781 5358 1950 5409 donec
1983 5359 2049 5408 alt
2083 5358 2180 5410 im-

611 5439 841 5502 purittte
871 5455 990 5492 cum
1029 5443 1141 5493 \‘iro
1173 5445 1516 5498 abstinuerit.
1570 5445 1797 5499 Sanctus
1830 5449 1971 5500 enim
2000 5448 2174 5516 impu-

611 5528 826 5583 ῐὶιιιιισιιι
863 5533 1150 5600 appellavit
1187 5535 1236 5588 in
1263 5551 1323 5590 ea
1355 5545 1511 5592 artato
1543 5537 1962 5592 matrimonium.
1992 5538 2176 5593 Virum

689 5702 704 5739 ³
748 5705 932 5762 lTiil‘.
972 5729 998 5759 \‘
1024 5752 1036 5771 ,
1063 5714 1113 5766 'J.

2285 4532 2432 4594 σθαι,
2464 4534 2745 4585 τουτέστιν
2772 4533 3088 4598 ἐξωθεῖσθαι
3108 4533 3216 4586 ἀπὸ
3243 4533 3342 4602 τῆς
3379 4535 3712 4601 Ἐκκλησίας
3734 4551 3747 4566 ο
3773 4536 3856 4584 καὶ

2283 4625 2331 4675 εἰ
2368 4623 2474 4692 μὴν
2529 4624 2633 4693 πρὸ
2669 4624 2760 4676 τοῦ
2797 4623 3224 4690 ἑξηκονταετοῦς
3260 4625 3459 4694 χρόνου
3504 4626 3642 4695 αῦτη
3691 4625 3856 4676 δευτε-

2294 4717 2624 4784 ρογαμήσει.
2664 4716 2872 4783 ταύτην
2910 4717 3006 4767 καὶ
3037 4716 3210 4784 μόνην
3234 4715 3333 4786 τὴν
3373 4717 3603 4769 κόλασιν
3633 4714 3857 4783 ὑποστή-

2293 4824 2470 4863 σεται.
2506 4807 2852 4876 Συγγνώμης
2887 4808 2993 4876 γάρ
3023 4809 3172 4859 ἐστιν
3195 4807 3320 4871 ἀξία
3362 4807 3472 4860 ὑπὸ
3491 4808 3855 4879 τῆςνεωτέρας

2292 4895 2511 4965 ἡλικίας
2556 4906 2562 4914 ‘
2603 4895 3124 4958 καταναγκασθεῖσα
3195 4895 3698 4965 δευτερογαμῆσαι,
3773 4891 3854 4942 καὶ

2295 4987 2496 5056 μᾶλλον
2525 4989 2573 5040 οἱ
2602 4986 3008 5049 κατατάξαντες
3037 4986 3209 5055 αὐτὴν
3270 4987 3378 5056 πρὸ
3429 4987 3528 5040 τοῦ
3586 4985 3852 5056 πληρῶσαι

2291 5080 2383 5132 τὸν
2419 5077 2785 5148 ἑξηκονταετῆ
2843 5080 3034 5147 χρόνον
3075 5077 3390 5145 ὀφείλουσιν
3461 5078 3734 5132 αίτιᾶσθαι
3786 5074 3852 5132 ὡς

2292 5173 2636 5242 παραϐάντες
2683 5171 2782 5238 τὴν
2844 5169 2939 5222 τοῦ
3017 5170 3352 5223 Ἀποστὸλου
3423 5171 3710 5239 διαταγὴν,
3759 5167 3846 5233 τὴν

2292 5267 2551 5331 λέγουσαν
2583 5262 2781 5331 ’Χήρα
2835 5261 3254 5332 καταλεγέσθω
3289 5263 3374 5330 μή
3421 5262 3684 5317 ἐλάττων
3716 5257 3850 5312 ἑτῶν

2291 5355 2616 5422 ἐξήκοντα.
2681 5354 2742 5406 Ἦ
2800 5354 2856 5406 δὲ
2912 5354 3050 5421 μετὰ
3102 5353 3194 5404 τὸν
3251 5351 3618 5422 ἑξηκονταετῆ
3679 5348 3848 5418 χρόνον

2293 5449 2611 5518 ἁθετήσασα
2691 5447 2790 5515 τὴν
2873 5444 3255 5515 σωφροσύνην,
3315 5443 3844 5513 δευτερογαμήσασας

2294 5539 2655 5608 ἀφωρισμένη
2689 5538 2839 5590 ἔσται
2867 5538 2965 5602 τῆς
3023 5535 3184 5606 ἁγίας
3234 5539 3614 5607 μεταλήψεως,
3655 5536 3748 5591 ἓως
3790 5528 3846 5580 ἂν
