  <div class='ocr_page' id='page_1' title='image "/cluster/home/n/w/nwhite01/storage/ocr_20150623/138/ien.35556001660133/350.png"; bbox 0 0 4018 6456; ppageno 0'>
   <div class='ocr_carea' id='block_1_1' title="bbox 212 291 310 358">
    <p class='ocr_par' dir='ltr' id='par_1_1' title="bbox 212 291 310 358">
     <span class='ocr_line' id='line_1_1' title="bbox 212 291 310 358; baseline 0.031 -3"><span class='ocrx_word' id='word_1_1' title='bbox 212 291 310 358; x_wconf 75' lang='lat'><strong>673</strong></span> 
     </span>
    </p>
   </div>
   <div class='ocr_carea' id='block_1_2' title="bbox 1129 289 2543 357">
    <p class='ocr_par' dir='ltr' id='par_1_2' title="bbox 1129 289 2543 357">
     <span class='ocr_line' id='line_1_2' title="bbox 1129 289 2543 357; baseline 0.004 -6"><span class='ocrx_word' id='word_1_2' title='bbox 1129 289 1214 352; x_wconf 76' lang='lat' dir='ltr'><strong>IN</strong></span> <span class='ocrx_word' id='word_1_3' title='bbox 1242 291 1503 353; x_wconf 74' lang='lat' dir='ltr'><strong>EPIST.</strong></span> <span class='ocrx_word' id='word_1_4' title='bbox 1541 294 1599 354; x_wconf 87' lang='lat' dir='ltr'><strong>S.</strong></span> <span class='ocrx_word' id='word_1_5' title='bbox 1641 292 1930 354; x_wconf 78' lang='lat' dir='ltr'><strong>BASILlI</strong></span> <span class='ocrx_word' id='word_1_6' title='bbox 1972 292 2419 353; x_wconf 68' lang='lat' dir='ltr'><strong>CANONICAM</strong></span> <span class='ocrx_word' id='word_1_7' title='bbox 2462 295 2543 357; x_wconf 91' lang='lat' dir='ltr'><strong>II.</strong></span> 
     </span>
    </p>
   </div>
   <div class='ocr_carea' id='block_1_3' title="bbox 3363 296 3466 360">
    <p class='ocr_par' dir='ltr' id='par_1_3' title="bbox 3363 296 3466 360">
     <span class='ocr_line' id='line_1_3' title="bbox 3363 296 3466 360; baseline 0 -1"><span class='ocrx_word' id='word_1_8' title='bbox 3363 296 3466 360; x_wconf 70' lang='lat'><strong>6&#39;.&quot;</strong></span> 
     </span>
    </p>
   </div>
   <div class='ocr_carea' id='block_1_4' title="bbox 278 399 1798 474">
    <p class='ocr_par' dir='ltr' id='par_1_4' title="bbox 278 401 1785 472">
     <span class='ocr_line' id='line_1_4' title="bbox 278 401 1785 472; baseline -0.005 -11"><span class='ocrx_word' id='word_1_9' title='bbox 278 404 526 461; x_wconf 71' lang='lat' dir='ltr'><strong>ZQNAP.</strong></span> <span class='ocrx_word' id='word_1_10' title='bbox 562 403 690 458; x_wconf 82' lang='grc' dir='ltr'>Ἐάν</span> <span class='ocrx_word' id='word_1_11' title='bbox 721 421 802 467; x_wconf 82' lang='grc' dir='ltr'><strong>τις</strong></span> <span class='ocrx_word' id='word_1_12' title='bbox 849 401 1116 470; x_wconf 85' lang='grc' dir='ltr'>παρθένον</span> <span class='ocrx_word' id='word_1_13' title='bbox 1153 402 1532 470; x_wconf 84' lang='grc' dir='ltr'>ἀμνήστευτον</span> <span class='ocrx_word' id='word_1_14' title='bbox 1566 401 1785 472; x_wconf 78' lang='grc' dir='ltr'><strong>φθείρῃ,</strong></span> 
     </span>
    </p>
   </div>
   <div class='ocr_carea' id='block_1_5' title="bbox 1909 399 3466 474">
    <p class='ocr_par' dir='ltr' id='par_1_5' title="bbox 1966 399 3466 474">
     <span class='ocr_line' id='line_1_5' title="bbox 1966 399 3466 474; baseline 0.004 -20"><span class='ocrx_word' id='word_1_15' title='bbox 1966 399 2220 456; x_wconf 74' lang='lat' dir='ltr'><strong>ZONAR.</strong></span> <span class='ocrx_word' id='word_1_16' title='bbox 2254 403 2311 458; x_wconf 88' lang='lat' dir='ltr'><strong>Si</strong></span> <span class='ocrx_word' id='word_1_17' title='bbox 2351 404 2474 472; x_wconf 89' lang='lat' dir='ltr'><strong>quis</strong></span> <span class='ocrx_word' id='word_1_18' title='bbox 2506 401 2768 471; x_wconf 78' lang='lat' dir='ltr'><strong>virginem</strong></span> <span class='ocrx_word' id='word_1_19' title='bbox 2805 401 2906 458; x_wconf 91' lang='lat' dir='ltr'><strong>sibi</strong></span> <span class='ocrx_word' id='word_1_20' title='bbox 2947 417 3051 457; x_wconf 92' lang='lat' dir='ltr'><strong>non</strong></span> <span class='ocrx_word' id='word_1_21' title='bbox 3084 401 3466 474; x_wconf 78' lang='lat' dir='ltr'><strong>despOnsatam</strong></span> 
     </span>
    </p>
   </div>
   <div class='ocr_carea' id='block_1_6' title="bbox 210 491 1788 568">
    <p class='ocr_par' dir='ltr' id='par_1_6' title="bbox 210 491 1788 568">
     <span class='ocr_line' id='line_1_6' title="bbox 210 491 1788 568; baseline -0.004 -18"><span class='ocrx_word' id='word_1_22' title='bbox 210 501 297 550; x_wconf 69' lang='grc' dir='ltr'><strong>καὶ</strong></span> <span class='ocrx_word' id='word_1_23' title='bbox 320 500 459 552; x_wconf 77' lang='grc' dir='ltr'>κατᾶ</span> <span class='ocrx_word' id='word_1_24' title='bbox 490 500 590 568; x_wconf 75' lang='grc' dir='ltr'>τὴν</span> <span class='ocrx_word' id='word_1_25' title='bbox 624 497 833 568; x_wconf 68' lang='grc' dir='ltr'>φθορὰν</span> <span class='ocrx_word' id='word_1_26' title='bbox 864 495 938 558; x_wconf 82' lang='grc' dir='ltr'>ὡς</span> <span class='ocrx_word' id='word_1_27' title='bbox 977 493 1198 564; x_wconf 81' lang='grc' dir='ltr'>συξύγῳ</span> <span class='ocrx_word' id='word_1_28' title='bbox 1228 494 1374 565; x_wconf 71' lang='grc' dir='ltr'>αὐτῇ</span> <span class='ocrx_word' id='word_1_29' title='bbox 1430 493 1655 563; x_wconf 83' lang='grc' dir='ltr'>χρῆται,</span> <span class='ocrx_word' id='word_1_30' title='bbox 1708 491 1788 562; x_wconf 79' lang='grc' dir='ltr'>τῷ</span> 
     </span>
    </p>
   </div>
   <div class='ocr_carea' id='block_1_7' title="bbox 211 583 1790 661">
    <p class='ocr_par' dir='ltr' id='par_1_7' title="bbox 211 583 1790 661">
     <span class='ocr_line' id='line_1_7' title="bbox 211 583 1790 661; baseline -0.003 -20"><span class='ocrx_word' id='word_1_31' title='bbox 211 593 312 659; x_wconf 71' lang='grc' dir='ltr'>μὲν</span> <span class='ocrx_word' id='word_1_32' title='bbox 371 592 471 660; x_wconf 80' lang='grc' dir='ltr'>τῆς</span> <span class='ocrx_word' id='word_1_33' title='bbox 531 591 739 661; x_wconf 80' lang='grc' dir='ltr'>φθορᾶς</span> <span class='ocrx_word' id='word_1_34' title='bbox 818 586 1079 657; x_wconf 78' lang='grc' dir='ltr'><strong>ἐπιτιμίῳ</strong></span> <span class='ocrx_word' id='word_1_35' title='bbox 1137 586 1512 650; x_wconf 79' lang='grc' dir='ltr'><strong>ὑποκείσεται,</strong></span> <span class='ocrx_word' id='word_1_36' title='bbox 1571 583 1669 655; x_wconf 76' lang='grc' dir='ltr'>τὴν</span> <span class='ocrx_word' id='word_1_37' title='bbox 1732 583 1790 636; x_wconf 81' lang='grc' dir='ltr'><strong>δὲ</strong></span> 
     </span>
    </p>
   </div>
   <div class='ocr_carea' id='block_1_8' title="bbox 211 677 1790 749">
    <p class='ocr_par' dir='ltr' id='par_1_8' title="bbox 211 677 1790 749">
     <span class='ocr_line' id='line_1_8' title="bbox 211 677 1790 749; baseline -0.005 -14"><span class='ocrx_word' id='word_1_38' title='bbox 211 685 449 749; x_wconf 85' lang='grc' dir='ltr'>γυναῖκα</span> <span class='ocrx_word' id='word_1_39' title='bbox 479 683 580 734; x_wconf 79' lang='grc' dir='ltr'>οὐκ</span> <span class='ocrx_word' id='word_1_40' title='bbox 607 678 1042 749; x_wconf 72' lang='grc' dir='ltr'><strong>ἀφαιρεθήσεται</strong></span> <span class='ocrx_word' id='word_1_41' title='bbox 1066 692 1079 706; x_wconf 87' lang='grc'><strong>·</strong></span> <span class='ocrx_word' id='word_1_42' title='bbox 1116 677 1358 747; x_wconf 86' lang='grc' dir='ltr'>δηλονότι</span> <span class='ocrx_word' id='word_1_43' title='bbox 1383 677 1478 729; x_wconf 71' lang='grc' dir='ltr'><strong>ἐὰν</strong></span> <span class='ocrx_word' id='word_1_44' title='bbox 1530 677 1580 729; x_wconf 77' lang='grc' dir='ltr'>οἱ</span> <span class='ocrx_word' id='word_1_45' title='bbox 1612 678 1790 743; x_wconf 79' lang='grc' dir='ltr'>γονεῖς</span> 
     </span>
    </p>
   </div>
   <div class='ocr_carea' id='block_1_9' title="bbox 215 766 1788 841">
    <p class='ocr_par' dir='ltr' id='par_1_9' title="bbox 215 766 1788 841">
     <span class='ocr_line' id='line_1_9' title="bbox 215 766 1788 841; baseline -0.004 -16"><span class='ocrx_word' id='word_1_46' title='bbox 215 773 416 841; x_wconf 80' lang='grc' dir='ltr'>αὐτῆς,</span> <span class='ocrx_word' id='word_1_47' title='bbox 450 767 530 834; x_wconf 73' lang='grc' dir='ltr'>οἷς</span> <span class='ocrx_word' id='word_1_48' title='bbox 565 768 863 833; x_wconf 79' lang='grc' dir='ltr'>ὑπεξουσία</span> <span class='ocrx_word' id='word_1_49' title='bbox 901 769 1042 831; x_wconf 69' lang='grc' dir='ltr'>ἐστὶ,</span> <span class='ocrx_word' id='word_1_50' title='bbox 1070 767 1482 835; x_wconf 78' lang='grc' dir='ltr'><strong>καταδέχωνται</strong></span> <span class='ocrx_word' id='word_1_51' title='bbox 1534 766 1633 834; x_wconf 82' lang='grc' dir='ltr'>τὴν</span> <span class='ocrx_word' id='word_1_52' title='bbox 1672 768 1788 835; x_wconf 86' lang='grc' dir='ltr'>μετ’</span> 
     </span>
    </p>
   </div>
   <div class='ocr_carea' id='block_1_10' title="bbox 214 857 1787 930">
    <p class='ocr_par' dir='ltr' id='par_1_10' title="bbox 214 857 1787 930">
     <span class='ocr_line' id='line_1_10' title="bbox 214 857 1787 930; baseline -0.005 -14"><span class='ocrx_word' id='word_1_53' title='bbox 214 865 431 916; x_wconf 69' lang='grc' dir='ltr'>ἐκείνου</span> <span class='ocrx_word' id='word_1_54' title='bbox 461 862 780 930; x_wconf 80' lang='grc' dir='ltr'>συνοίκησιν</span> <span class='ocrx_word' id='word_1_55' title='bbox 801 859 896 912; x_wconf 81' lang='grc' dir='ltr'>τοῦ</span> <span class='ocrx_word' id='word_1_56' title='bbox 923 859 1169 926; x_wconf 77' lang='grc' dir='ltr'>γυναίου.</span> <span class='ocrx_word' id='word_1_57' title='bbox 1203 859 1264 912; x_wconf 81' lang='lat' dir='ltr'><strong>El</strong></span> <span class='ocrx_word' id='word_1_58' title='bbox 1311 858 1420 927; x_wconf 83' lang='grc' dir='ltr'>γὰρ</span> <span class='ocrx_word' id='word_1_59' title='bbox 1469 858 1668 912; x_wconf 72' lang='grc' dir='ltr'>ἐκεῖνοι</span> <span class='ocrx_word' id='word_1_60' title='bbox 1728 857 1787 910; x_wconf 77' lang='grc' dir='ltr'>οὐ</span> 
     </span>
    </p>
   </div>
   <div class='ocr_carea' id='block_1_11' title="bbox 215 947 1791 1024">
    <p class='ocr_par' dir='ltr' id='par_1_11' title="bbox 215 947 1791 1024">
     <span class='ocr_line' id='line_1_11' title="bbox 215 947 1791 1024; baseline -0.004 -17"><span class='ocrx_word' id='word_1_61' title='bbox 215 954 524 1024; x_wconf 77' lang='grc' dir='ltr'>βούλονται,</span> <span class='ocrx_word' id='word_1_62' title='bbox 568 953 664 1006; x_wconf 71' lang='grc' dir='ltr'>καὶ</span> <span class='ocrx_word' id='word_1_63' title='bbox 707 951 1109 1021; x_wconf 78' lang='grc' dir='ltr'><strong>κολασθήσεται</strong></span> <span class='ocrx_word' id='word_1_64' title='bbox 1165 949 1306 1003; x_wconf 80' lang='grc' dir='ltr'>κατὰ</span> <span class='ocrx_word' id='word_1_65' title='bbox 1364 949 1456 1000; x_wconf 68' lang='grc' dir='ltr'>τὶν</span> <span class='ocrx_word' id='word_1_66' title='bbox 1513 947 1791 1000; x_wconf 73' lang='grc' dir='ltr'>πολιτικὸν</span> 
     </span>
    </p>
   </div>
   <div class='ocr_carea' id='block_1_12' title="bbox 214 1037 1279 1114">
    <p class='ocr_par' dir='ltr' id='par_1_12' title="bbox 214 1037 1279 1114">
     <span class='ocr_line' id='line_1_12' title="bbox 214 1037 1279 1114; baseline -0.006 -15"><span class='ocrx_word' id='word_1_67' title='bbox 214 1047 403 1114; x_wconf 78' lang='grc' dir='ltr'>νόμον,</span> <span class='ocrx_word' id='word_1_68' title='bbox 430 1047 479 1096; x_wconf 81' lang='grc' dir='ltr'><strong>εί</strong></span> <span class='ocrx_word' id='word_1_69' title='bbox 511 1044 782 1111; x_wconf 77' lang='grc' dir='ltr'>παρθένος</span> <span class='ocrx_word' id='word_1_70' title='bbox 817 1037 885 1113; x_wconf 78' lang='grc' dir='ltr'>ἦν</span> <span class='ocrx_word' id='word_1_71' title='bbox 921 1044 955 1112; x_wconf 77' lang='grc' dir='ltr'><strong>ἡ</strong></span> <span class='ocrx_word' id='word_1_72' title='bbox 984 1043 1279 1112; x_wconf 82' lang='grc' dir='ltr'>φθαρεῖσα.</span> 
     </span>
    </p>
   </div>
   <div class='ocr_carea' id='block_1_13' title="bbox 271 1130 1792 1205">
    <p class='ocr_par' dir='ltr' id='par_1_13' title="bbox 271 1130 1792 1205">
     <span class='ocr_line' id='line_1_13' title="bbox 271 1130 1792 1205; baseline -0.003 -17"><span class='ocrx_word' id='word_1_73' title='bbox 271 1135 499 1189; x_wconf 80' lang='grc' dir='ltr'><strong>ΑΡΙΣΤ.</strong></span> <span class='ocrx_word' id='word_1_74' title='bbox 547 1137 644 1198; x_wconf 78' lang='grc' dir='ltr'>Ὃς</span> <span class='ocrx_word' id='word_1_75' title='bbox 695 1134 809 1205; x_wconf 71' lang='grc' dir='ltr'>ἔχει</span> <span class='ocrx_word' id='word_1_76' title='bbox 838 1136 936 1204; x_wconf 72' lang='grc' dir='ltr'>τὴν</span> <span class='ocrx_word' id='word_1_77' title='bbox 972 1133 1040 1204; x_wconf 80' lang='grc' dir='ltr'>ἠν</span> <span class='ocrx_word' id='word_1_78' title='bbox 1069 1133 1314 1202; x_wconf 75' lang='grc' dir='ltr'><strong>ἔφθειρε,</strong></span> <span class='ocrx_word' id='word_1_79' title='bbox 1342 1130 1792 1200; x_wconf 83' lang='grc' dir='ltr'>συγχωρούμενος</span> 
     </span>
    </p>
   </div>
   <div class='ocr_carea' id='block_1_14' title="bbox 210 1226 1113 1299">
    <p class='ocr_par' dir='ltr' id='par_1_14' title="bbox 210 1226 1113 1299">
     <span class='ocr_line' id='line_1_14' title="bbox 210 1226 1113 1299; baseline 0 -18"><span class='ocrx_word' id='word_1_80' title='bbox 210 1229 383 1299; x_wconf 75' lang='grc' dir='ltr'>ἔχειν,</span> <span class='ocrx_word' id='word_1_81' title='bbox 417 1229 481 1280; x_wconf 79' lang='grc' dir='ltr'>τὸ</span> <span class='ocrx_word' id='word_1_82' title='bbox 517 1229 792 1297; x_wconf 71' lang='grc' dir='ltr'>ἐπιτίμιον</span> <span class='ocrx_word' id='word_1_83' title='bbox 822 1226 1113 1295; x_wconf 85' lang='grc' dir='ltr'>γνώσεται.</span> 
     </span>
    </p>
   </div>
   <div class='ocr_carea' id='block_1_15' title="bbox 285 1319 1794 1390">
    <p class='ocr_par' dir='ltr' id='par_1_15' title="bbox 285 1319 1794 1390">
     <span class='ocr_line' id='line_1_15' title="bbox 285 1319 1794 1390; baseline 0.003 -19"><span class='ocrx_word' id='word_1_84' title='bbox 285 1321 482 1383; x_wconf 81' lang='grc' dir='ltr'>Ὅστις</span> <span class='ocrx_word' id='word_1_85' title='bbox 508 1319 761 1390; x_wconf 81' lang='grc' dir='ltr'>βούλεται</span> <span class='ocrx_word' id='word_1_86' title='bbox 789 1322 1023 1387; x_wconf 77' lang='grc' dir='ltr'>γυναῖκα</span> <span class='ocrx_word' id='word_1_87' title='bbox 1050 1319 1214 1388; x_wconf 77' lang='grc' dir='ltr'>ἔχειν,</span> <span class='ocrx_word' id='word_1_88' title='bbox 1249 1319 1318 1389; x_wconf 73' lang='grc' dir='ltr'>ἣν</span> <span class='ocrx_word' id='word_1_89' title='bbox 1352 1320 1458 1390; x_wconf 78' lang='grc' dir='ltr'>πρὸ</span> <span class='ocrx_word' id='word_1_90' title='bbox 1487 1322 1580 1375; x_wconf 81' lang='grc' dir='ltr'><strong>τοῦ</strong></span> <span class='ocrx_word' id='word_1_91' title='bbox 1611 1323 1794 1390; x_wconf 82' lang='grc' dir='ltr'>γάμου</span> 
     </span>
    </p>
   </div>
   <div class='ocr_carea' id='block_1_16' title="bbox 213 1408 1796 1481">
    <p class='ocr_par' dir='ltr' id='par_1_16' title="bbox 213 1408 1796 1481">
     <span class='ocr_line' id='line_1_16' title="bbox 213 1408 1796 1481; baseline 0.005 -22"><span class='ocrx_word' id='word_1_92' title='bbox 213 1408 527 1476; x_wconf 72' lang='grc' dir='ltr'>διέφθειρε,</span> <span class='ocrx_word' id='word_1_93' title='bbox 559 1410 1056 1480; x_wconf 82' lang='grc' dir='ltr'>συγχωρηθήσεται</span> <span class='ocrx_word' id='word_1_94' title='bbox 1097 1409 1353 1479; x_wconf 83' lang='grc' dir='ltr'><strong>κατέχειν</strong></span> <span class='ocrx_word' id='word_1_95' title='bbox 1401 1413 1607 1481; x_wconf 81' lang='grc' dir='ltr'>αὑτήν·</span> <span class='ocrx_word' id='word_1_96' title='bbox 1649 1414 1710 1466; x_wconf 76' lang='grc' dir='ltr'><strong>τὸ</strong></span> <span class='ocrx_word' id='word_1_97' title='bbox 1738 1415 1796 1467; x_wconf 79' lang='grc' dir='ltr'><strong>δὲ</strong></span> 
     </span>
    </p>
   </div>
   <div class='ocr_carea' id='block_1_17' title="bbox 212 1496 1797 1568">
    <p class='ocr_par' dir='ltr' id='par_1_17' title="bbox 212 1496 1797 1568">
     <span class='ocr_line' id='line_1_17' title="bbox 212 1496 1797 1568; baseline 0.001 -20"><span class='ocrx_word' id='word_1_98' title='bbox 212 1496 308 1549; x_wconf 71' lang='grc' dir='ltr'><strong>ἐπὶ</strong></span> <span class='ocrx_word' id='word_1_99' title='bbox 342 1499 412 1566; x_wconf 78' lang='grc' dir='ltr'>τῇ</span> <span class='ocrx_word' id='word_1_100' title='bbox 441 1497 624 1568; x_wconf 77' lang='grc' dir='ltr'>φθορᾷ.</span> <span class='ocrx_word' id='word_1_101' title='bbox 656 1498 932 1565; x_wconf 85' lang='grc' dir='ltr'>ἐπιτίμιον</span> <span class='ocrx_word' id='word_1_102' title='bbox 967 1497 1171 1549; x_wconf 79' lang='grc' dir='ltr'>εἵσεται</span> <span class='ocrx_word' id='word_1_103' title='bbox 1195 1498 1252 1547; x_wconf 74' lang='grc' dir='ltr'>ἑν</span> <span class='ocrx_word' id='word_1_104' title='bbox 1293 1497 1591 1568; x_wconf 79' lang='grc' dir='ltr'>τέσσαρσιν</span> <span class='ocrx_word' id='word_1_105' title='bbox 1615 1504 1797 1557; x_wconf 76' lang='grc' dir='ltr'>ὲνιαυ-</span> 
     </span>
    </p>
   </div>
   <div class='ocr_carea' id='block_1_18' title="bbox 215 1584 1797 1660">
    <p class='ocr_par' dir='ltr' id='par_1_18' title="bbox 215 1584 1797 1660">
     <span class='ocr_line' id='line_1_18' title="bbox 215 1584 1797 1660; baseline 0.009 -24"><span class='ocrx_word' id='word_1_106' title='bbox 215 1589 328 1649; x_wconf 77' lang='grc' dir='ltr'>τοῖς</span> <span class='ocrx_word' id='word_1_107' title='bbox 358 1602 375 1620; x_wconf 79' lang='grc' dir='ltr'><strong>ο</strong></span> <span class='ocrx_word' id='word_1_108' title='bbox 445 1588 628 1652; x_wconf 87' lang='grc' dir='ltr'>καθὼς</span> <span class='ocrx_word' id='word_1_109' title='bbox 714 1589 772 1640; x_wconf 81' lang='grc' dir='ltr'>ἐν</span> <span class='ocrx_word' id='word_1_110' title='bbox 839 1586 916 1657; x_wconf 85' lang='grc' dir='ltr'>τῷ</span> <span class='ocrx_word' id='word_1_111' title='bbox 1000 1584 1234 1654; x_wconf 81' lang='grc' dir='ltr'>εἰκοστῷ</span> <span class='ocrx_word' id='word_1_112' title='bbox 1299 1587 1542 1660; x_wconf 78' lang='grc' dir='ltr'>δευτέρῳ</span> <span class='ocrx_word' id='word_1_113' title='bbox 1610 1595 1797 1649; x_wconf 83' lang='grc' dir='ltr'>κανόνι</span> 
     </span>
    </p>
   </div>
   <div class='ocr_carea' id='block_1_19' title="bbox 216 1679 457 1749">
    <p class='ocr_par' dir='ltr' id='par_1_19' title="bbox 216 1679 457 1749">
     <span class='ocr_line' id='line_1_19' title="bbox 216 1679 457 1749; baseline 0.012 -3"><span class='ocrx_word' id='word_1_114' title='bbox 216 1679 457 1749; x_wconf 73' lang='grc' dir='ltr'><strong>ἐτράφη-</strong></span> 
     </span>
    </p>
   </div>
   <div class='ocr_carea' id='block_1_20' title="bbox 761 1770 1178 1842">
    <p class='ocr_par' dir='ltr' id='par_1_20' title="bbox 761 1770 1178 1842">
     <span class='ocr_line' id='line_1_20' title="bbox 761 1770 1178 1842; baseline 0.017 -20"><span class='ocrx_word' id='word_1_115' title='bbox 761 1770 999 1826; x_wconf 71' lang='grc' dir='ltr'>ιιΑΝοΝ</span> <span class='ocrx_word' id='word_1_116' title='bbox 1034 1773 1178 1842; x_wconf 76' lang='lat' dir='ltr'><strong>Kq&#39;.</strong></span> 
     </span>
    </p>
   </div>
   <div class='ocr_carea' id='block_1_21' title="bbox 231 1859 1795 1941">
    <p class='ocr_par' dir='ltr' id='par_1_21' title="bbox 231 1859 1795 1941">
     <span class='ocr_line' id='line_1_21' title="bbox 231 1859 1795 1941; baseline 0.009 -31"><span class='ocrx_word' id='word_1_117' title='bbox 231 1859 296 1911; x_wconf 79' lang='grc' dir='ltr'><strong>Ἠ</strong></span> <span class='ocrx_word' id='word_1_118' title='bbox 330 1860 558 1928; x_wconf 88' lang='grc' dir='ltr'>πορνεία</span> <span class='ocrx_word' id='word_1_119' title='bbox 593 1876 768 1930; x_wconf 81' lang='grc' dir='ltr'>γαμος</span> <span class='ocrx_word' id='word_1_120' title='bbox 792 1862 892 1915; x_wconf 74' lang='grc' dir='ltr'>οὐκ</span> <span class='ocrx_word' id='word_1_121' title='bbox 921 1862 1096 1930; x_wconf 76' lang='grc' dir='ltr'>ἔστιν,</span> <span class='ocrx_word' id='word_1_122' title='bbox 1131 1867 1248 1920; x_wconf 80' lang='grc' dir='ltr'>ἀλλ’</span> <span class='ocrx_word' id='word_1_123' title='bbox 1275 1868 1398 1921; x_wconf 78' lang='grc' dir='ltr'>οὐδὲ</span> <span class='ocrx_word' id='word_1_124' title='bbox 1422 1869 1603 1937; x_wconf 82' lang='grc' dir='ltr'>γάμου</span> <span class='ocrx_word' id='word_1_125' title='bbox 1632 1870 1795 1941; x_wconf 82' lang='grc' dir='ltr'>ἀρχή.</span> 
     </span>
    </p>
   </div>
   <div class='ocr_carea' id='block_1_22' title="bbox 289 1947 1800 2029">
    <p class='ocr_par' dir='ltr' id='par_1_22' title="bbox 289 1947 1800 2029">
     <span class='ocr_line' id='line_1_22' title="bbox 289 1947 1800 2029; baseline 0.009 -29"><span class='ocrx_word' id='word_1_126' title='bbox 289 1949 459 2002; x_wconf 78' lang='grc' dir='ltr'>Ὥστε</span> <span class='ocrx_word' id='word_1_127' title='bbox 490 1952 584 2004; x_wconf 72' lang='grc' dir='ltr'><strong>ἐὰν</strong></span> <span class='ocrx_word' id='word_1_128' title='bbox 680 1952 907 2006; x_wconf 64' lang='grc' dir='ltr'>δυνατὸν</span> <span class='ocrx_word' id='word_1_129' title='bbox 939 1957 1063 2019; x_wconf 83' lang='grc' dir='ltr'>τοὺς</span> <span class='ocrx_word' id='word_1_130' title='bbox 1112 1960 1252 2012; x_wconf 80' lang='grc' dir='ltr'>κατὰ</span> <span class='ocrx_word' id='word_1_131' title='bbox 1285 1960 1545 2029; x_wconf 75' lang='grc' dir='ltr'>πορνείαν</span> <span class='ocrx_word' id='word_1_132' title='bbox 1594 1977 1800 2013; x_wconf 87' lang='grc' dir='ltr'>συναπ-</span> 
     </span>
    </p>
   </div>
   <div class='ocr_carea' id='block_1_23' title="bbox 287 2040 1802 2116">
    <p class='ocr_par' dir='ltr' id='par_1_23' title="bbox 287 2040 1802 2116">
     <span class='ocr_line' id='line_1_23' title="bbox 287 2040 1802 2116; baseline 0.009 -26"><span class='ocrx_word' id='word_1_133' title='bbox 287 2040 559 2108; x_wconf 81' lang='grc' dir='ltr'>τομὲνους</span> <span class='ocrx_word' id='word_1_134' title='bbox 642 2042 1004 2113; x_wconf 74' lang='grc' dir='ltr'>χωρίζεσθαι,</span> <span class='ocrx_word' id='word_1_135' title='bbox 1080 2048 1243 2103; x_wconf 86' lang='grc' dir='ltr'>τοῦτο</span> <span class='ocrx_word' id='word_1_136' title='bbox 1323 2050 1650 2116; x_wconf 81' lang='grc' dir='ltr'>κράτιστονο</span> <span class='ocrx_word' id='word_1_137' title='bbox 1704 2052 1802 2103; x_wconf 70' lang='grc' dir='ltr'><strong>ἐὰν</strong></span> 
     </span>
    </p>
   </div>
   <div class='ocr_carea' id='block_1_24' title="bbox 286 2131 1802 2209">
    <p class='ocr_par' dir='ltr' id='par_1_24' title="bbox 286 2131 1802 2209">
     <span class='ocr_line' id='line_1_24' title="bbox 286 2131 1802 2209; baseline 0.007 -25"><span class='ocrx_word' id='word_1_138' title='bbox 286 2131 345 2184; x_wconf 76' lang='grc' dir='ltr'>δὲ</span> <span class='ocrx_word' id='word_1_139' title='bbox 407 2133 716 2203; x_wconf 78' lang='grc' dir='ltr'>στέργωσιν</span> <span class='ocrx_word' id='word_1_140' title='bbox 760 2136 828 2189; x_wconf 75' lang='grc' dir='ltr'><strong>’ὲκ</strong></span> <span class='ocrx_word' id='word_1_141' title='bbox 895 2137 1094 2200; x_wconf 80' lang='grc' dir='ltr'>παντὸς</span> <span class='ocrx_word' id='word_1_142' title='bbox 1165 2139 1372 2209; x_wconf 83' lang='grc' dir='ltr'>τρόπου</span> <span class='ocrx_word' id='word_1_143' title='bbox 1424 2140 1483 2193; x_wconf 84' lang='grc' dir='ltr'>τὸ</span> <span class='ocrx_word' id='word_1_144' title='bbox 1559 2141 1802 2194; x_wconf 81' lang='grc' dir='ltr'><strong>συνοιιιέ⁴</strong></span> 
     </span>
    </p>
   </div>
   <div class='ocr_carea' id='block_1_25' title="bbox 295 2223 1804 2299">
    <p class='ocr_par' dir='ltr' id='par_1_25' title="bbox 295 2223 1804 2299">
     <span class='ocr_line' id='line_1_25' title="bbox 295 2223 1804 2299; baseline 0.005 -25"><span class='ocrx_word' id='word_1_145' title='bbox 295 2238 436 2286; x_wconf 86' lang='grc' dir='ltr'>σιον,</span> <span class='ocrx_word' id='word_1_146' title='bbox 490 2227 551 2275; x_wconf 67' lang='grc' dir='ltr'>τὸ</span> <span class='ocrx_word' id='word_1_147' title='bbox 598 2223 705 2293; x_wconf 76' lang='grc' dir='ltr'>’μὲν</span> <span class='ocrx_word' id='word_1_148' title='bbox 752 2224 850 2295; x_wconf 69' lang='grc' dir='ltr'>τῆς</span> <span class='ocrx_word' id='word_1_149' title='bbox 905 2227 1163 2295; x_wconf 80' lang='grc' dir='ltr'>πορνείας</span> <span class='ocrx_word' id='word_1_150' title='bbox 1215 2228 1493 2297; x_wconf 72' lang='grc' dir='ltr'>ἐπιτίμιον</span> <span class='ocrx_word' id='word_1_151' title='bbox 1539 2227 1804 2299; x_wconf 82' lang='grc' dir='ltr'>γνωριζέ-</span> 
     </span>
    </p>
   </div>
   <div class='ocr_carea' id='block_1_26' title="bbox 287 2313 1803 2389">
    <p class='ocr_par' dir='ltr' id='par_1_26' title="bbox 287 2313 1803 2389">
     <span class='ocr_line' id='line_1_26' title="bbox 287 2313 1803 2389; baseline 0.005 -25"><span class='ocrx_word' id='word_1_152' title='bbox 287 2329 498 2378; x_wconf 83' lang='grc' dir='ltr'>τωσαν,</span> <span class='ocrx_word' id='word_1_153' title='bbox 554 2313 906 2382; x_wconf 67' lang='grc' dir='ltr'>άῴιέσθωσαν</span> <span class='ocrx_word' id='word_1_154' title='bbox 959 2315 1036 2384; x_wconf 73' lang='grc' dir='ltr'><strong>δὲ,</strong></span> <span class='ocrx_word' id='word_1_155' title='bbox 1083 2316 1167 2369; x_wconf 79' lang='grc' dir='ltr'>ἵνα</span> <span class='ocrx_word' id='word_1_156' title='bbox 1228 2317 1304 2389; x_wconf 79' lang='grc' dir='ltr'>μὴ</span> <span class='ocrx_word' id='word_1_157' title='bbox 1353 2318 1536 2388; x_wconf 82' lang='grc' dir='ltr'>χεῖρόν</span> <span class='ocrx_word' id='word_1_158' title='bbox 1600 2335 1656 2371; x_wconf 89' lang='grc' dir='ltr'><strong>τι</strong></span> <span class='ocrx_word' id='word_1_159' title='bbox 1711 2318 1803 2386; x_wconf 82' lang='grc' dir='ltr'>γέ-</span> 
     </span>
    </p>
   </div>
   <div class='ocr_carea' id='block_1_27' title="bbox 291 2419 472 2473">
    <p class='ocr_par' dir='ltr' id='par_1_27' title="bbox 291 2419 472 2473">
     <span class='ocr_line' id='line_1_27' title="bbox 291 2419 472 2473; baseline 0.028 -20"><span class='ocrx_word' id='word_1_160' title='bbox 291 2419 472 2473; x_wconf 56' lang='grc' dir='ltr'>νηταμ</span> 
     </span>
    </p>
   </div>
   <div class='ocr_carea' id='block_1_28' title="bbox 287 2494 1802 2567">
    <p class='ocr_par' dir='ltr' id='par_1_28' title="bbox 287 2494 1802 2567">
     <span class='ocr_line' id='line_1_28' title="bbox 287 2494 1802 2567; baseline 0.005 -22"><span class='ocrx_word' id='word_1_161' title='bbox 287 2495 491 2548; x_wconf 77' lang='grc' dir='ltr'><strong>ΒΑΛΣ.</strong></span> <span class='ocrx_word' id='word_1_162' title='bbox 537 2494 718 2547; x_wconf 79' lang='grc' dir='ltr'>Εἰπὼν</span> <span class='ocrx_word' id='word_1_163' title='bbox 741 2496 770 2548; x_wconf 81' lang='grc' dir='ltr'><strong>ό</strong></span> <span class='ocrx_word' id='word_1_164' title='bbox 818 2496 977 2564; x_wconf 78' lang='grc' dir='ltr'>ἆγιος</span> <span class='ocrx_word' id='word_1_165' title='bbox 1002 2499 1052 2550; x_wconf 76' lang='grc' dir='ltr'><strong>τί</strong></span> <span class='ocrx_word' id='word_1_166' title='bbox 1091 2497 1300 2567; x_wconf 79' lang='grc' dir='ltr'>ὀφείλει</span> <span class='ocrx_word' id='word_1_167' title='bbox 1329 2498 1581 2566; x_wconf 83' lang='grc' dir='ltr'>γίνεσθαι</span> <span class='ocrx_word' id='word_1_168' title='bbox 1608 2501 1688 2564; x_wconf 83' lang='grc' dir='ltr'><strong>εἰς</strong></span> <span class='ocrx_word' id='word_1_169' title='bbox 1712 2499 1802 2552; x_wconf 81' lang='grc' dir='ltr'>τὸν</span> 
     </span>
    </p>
   </div>
   <div class='ocr_carea' id='block_1_29' title="bbox 223 2586 1800 2661">
    <p class='ocr_par' dir='ltr' id='par_1_29' title="bbox 223 2586 1800 2661">
     <span class='ocr_line' id='line_1_29' title="bbox 223 2586 1800 2661; baseline 0.003 -23"><span class='ocrx_word' id='word_1_170' title='bbox 223 2586 533 2656; x_wconf 80' lang='grc' dir='ltr'>φθείραντα</span> <span class='ocrx_word' id='word_1_171' title='bbox 566 2587 862 2656; x_wconf 82' lang='grc' dir='ltr'>παρθένον,</span> <span class='ocrx_word' id='word_1_172' title='bbox 897 2589 1102 2659; x_wconf 81' lang='grc' dir='ltr'>ἀρτίως</span> <span class='ocrx_word' id='word_1_173' title='bbox 1142 2590 1412 2643; x_wconf 82' lang='grc' dir='ltr'>ὑποτυποί</span> <span class='ocrx_word' id='word_1_174' title='bbox 1443 2592 1537 2643; x_wconf 78' lang='grc' dir='ltr'>καὶ</span> <span class='ocrx_word' id='word_1_175' title='bbox 1568 2592 1636 2643; x_wconf 71' lang='grc' dir='ltr'><strong>τὰ</strong></span> <span class='ocrx_word' id='word_1_176' title='bbox 1671 2593 1800 2661; x_wconf 75' lang='grc' dir='ltr'>περὶ</span> 
     </span>
    </p>
   </div>
   <div class='ocr_carea' id='block_1_30' title="bbox 219 2678 1804 2754">
    <p class='ocr_par' dir='ltr' id='par_1_30' title="bbox 219 2678 1804 2754">
     <span class='ocr_line' id='line_1_30' title="bbox 219 2678 1804 2754; baseline 0.006 -25"><span class='ocrx_word' id='word_1_177' title='bbox 219 2678 334 2732; x_wconf 77' lang='grc' dir='ltr'>τῶν</span> <span class='ocrx_word' id='word_1_178' title='bbox 363 2679 734 2734; x_wconf 76' lang='grc' dir='ltr'>συνελθόντων</span> <span class='ocrx_word' id='word_1_179' title='bbox 762 2683 1059 2752; x_wconf 83' lang='grc' dir='ltr'>πορνικῶς⁶</span> <span class='ocrx_word' id='word_1_180' title='bbox 1090 2681 1182 2734; x_wconf 85' lang='grc' dir='ltr'><strong>καί</strong></span> <span class='ocrx_word' id='word_1_181' title='bbox 1219 2700 1386 2752; x_wconf 85' lang='grc' dir='ltr'>φησιν</span> <span class='ocrx_word' id='word_1_182' title='bbox 1407 2684 1487 2736; x_wconf 83' lang='grc' dir='ltr'>ὅτι</span> <span class='ocrx_word' id='word_1_183' title='bbox 1509 2685 1542 2753; x_wconf 77' lang='grc' dir='ltr'><strong>ἡ</strong></span> <span class='ocrx_word' id='word_1_184' title='bbox 1575 2684 1804 2754; x_wconf 85' lang='grc' dir='ltr'>πορνεία</span> 
     </span>
    </p>
   </div>
   <div class='ocr_carea' id='block_1_31' title="bbox 221 2767 1803 2843">
    <p class='ocr_par' dir='ltr' id='par_1_31' title="bbox 221 2767 1803 2843">
     <span class='ocr_line' id='line_1_31' title="bbox 221 2767 1803 2843; baseline 0.004 -23"><span class='ocrx_word' id='word_1_185' title='bbox 221 2767 350 2821; x_wconf 69' lang='grc' dir='ltr'>οὔτε</span> <span class='ocrx_word' id='word_1_186' title='bbox 378 2770 559 2840; x_wconf 82' lang='grc' dir='ltr'>γάμος</span> <span class='ocrx_word' id='word_1_187' title='bbox 621 2770 919 2838; x_wconf 78' lang='grc' dir='ltr'>λογίζεται,</span> <span class='ocrx_word' id='word_1_188' title='bbox 969 2771 1095 2824; x_wconf 73' lang='grc' dir='ltr'>οὔτε</span> <span class='ocrx_word' id='word_1_189' title='bbox 1145 2774 1325 2842; x_wconf 81' lang='grc' dir='ltr'>γάμου</span> <span class='ocrx_word' id='word_1_190' title='bbox 1367 2774 1613 2843; x_wconf 71' lang='grc' dir='ltr'>ἀφορμὴ,</span> <span class='ocrx_word' id='word_1_191' title='bbox 1661 2774 1803 2828; x_wconf 81' lang='grc' dir='ltr'>ὥστε</span> 
     </span>
    </p>
   </div>
   <div class='ocr_carea' id='block_1_32' title="bbox 222 2857 1807 2931">
    <p class='ocr_par' dir='ltr' id='par_1_32' title="bbox 222 2857 1807 2931">
     <span class='ocr_line' id='line_1_32' title="bbox 222 2857 1807 2931; baseline 0.005 -23"><span class='ocrx_word' id='word_1_192' title='bbox 222 2857 642 2924; x_wconf 77' lang='grc' dir='ltr'>ἀναγκάζεσθαι</span> <span class='ocrx_word' id='word_1_193' title='bbox 677 2861 906 2930; x_wconf 84' lang='grc' dir='ltr'>θάτερον</span> <span class='ocrx_word' id='word_1_194' title='bbox 956 2861 1033 2930; x_wconf 84' lang='grc' dir='ltr'><strong>τῷ</strong></span> <span class='ocrx_word' id='word_1_195' title='bbox 1083 2863 1257 2931; x_wconf 70' lang='grc' dir='ltr'>ἑτέρῳ</span> <span class='ocrx_word' id='word_1_196' title='bbox 1306 2863 1675 2916; x_wconf 62' lang='grc' dir='ltr'>συνάπτεσθαι</span> <span class='ocrx_word' id='word_1_197' title='bbox 1704 2881 1807 2931; x_wconf 88' lang='grc' dir='ltr'>γα-</span> 
     </span>
    </p>
   </div>
   <div class='ocr_carea' id='block_1_33' title="bbox 228 2945 1800 3019">
    <p class='ocr_par' dir='ltr' id='par_1_33' title="bbox 228 2945 1800 3019">
     <span class='ocr_line' id='line_1_33' title="bbox 228 2945 1800 3019; baseline 0.006 -24"><span class='ocrx_word' id='word_1_198' title='bbox 228 2945 428 3011; x_wconf 82' lang='grc' dir='ltr'>μικῶς.</span> <span class='ocrx_word' id='word_1_199' title='bbox 471 2946 636 2998; x_wconf 79' lang='grc' dir='ltr'>Ἀλλὰ</span> <span class='ocrx_word' id='word_1_200' title='bbox 668 2947 890 3014; x_wconf 80' lang='grc' dir='ltr'>ἄριστον</span> <span class='ocrx_word' id='word_1_201' title='bbox 918 2949 1017 3017; x_wconf 88' lang='grc' dir='ltr'><strong>μέν</strong></span> <span class='ocrx_word' id='word_1_202' title='bbox 1053 2951 1166 3002; x_wconf 76' lang='grc' dir='ltr'>ἐστι</span> <span class='ocrx_word' id='word_1_203' title='bbox 1195 2951 1529 3019; x_wconf 73' lang='grc' dir='ltr'>χωρίζεσθαι</span> <span class='ocrx_word' id='word_1_204' title='bbox 1579 2953 1800 3016; x_wconf 82' lang='grc' dir='ltr'>αὐτοὺς,</span> 
     </span>
    </p>
   </div>
   <div class='ocr_carea' id='block_1_34' title="bbox 1826 1750 1875 1808">
    <p class='ocr_par' dir='ltr' id='par_1_34' title="bbox 1826 1750 1875 1808">
     <span class='ocr_line' id='line_1_34' title="bbox 1826 1750 1875 1808; baseline 0 0"><span class='ocrx_word' id='word_1_205' title='bbox 1826 1750 1875 1808; x_wconf 90' lang='grc' dir='ltr'><strong><em>Β</em></strong></span> 
     </span>
    </p>
   </div>
   <div class='ocr_carea' id='block_1_35' title="bbox 1896 494 3466 564">
    <p class='ocr_par' dir='ltr' id='par_1_35' title="bbox 1896 494 3466 564">
     <span class='ocr_line' id='line_1_35' title="bbox 1896 494 3466 564; baseline 0.002 -18"><span class='ocrx_word' id='word_1_206' title='bbox 1896 495 2219 562; x_wconf 86' lang='lat' dir='ltr'><strong>corruperit,</strong></span> <span class='ocrx_word' id='word_1_207' title='bbox 2248 509 2418 564; x_wconf 80' lang='lat' dir='ltr'><strong>eaque</strong></span> <span class='ocrx_word' id='word_1_208' title='bbox 2469 501 2591 564; x_wconf 83' lang='lat' dir='ltr'><strong>post</strong></span> <span class='ocrx_word' id='word_1_209' title='bbox 2644 505 2884 563; x_wconf 77' lang='lat' dir='ltr'><strong>stuprum</strong></span> <span class='ocrx_word' id='word_1_210' title='bbox 2952 494 3158 548; x_wconf 89' lang='lat' dir='ltr'><strong>illatum</strong></span> <span class='ocrx_word' id='word_1_211' title='bbox 3215 507 3466 564; x_wconf 85' lang='lat' dir='ltr'><strong>tanquam</strong></span> 
     </span>
    </p>
   </div>
   <div class='ocr_carea' id='block_1_36' title="bbox 1896 583 3471 654">
    <p class='ocr_par' dir='ltr' id='par_1_36' title="bbox 1896 583 3471 654">
     <span class='ocr_line' id='line_1_36' title="bbox 1896 583 3471 654; baseline 0.002 -18"><span class='ocrx_word' id='word_1_212' title='bbox 1896 583 2128 653; x_wconf 68' lang='lat' dir='ltr'><strong>conjuge</strong></span> <span class='ocrx_word' id='word_1_213' title='bbox 2158 586 2361 652; x_wconf 89' lang='lat' dir='ltr'><strong>utitur;</strong></span> <span class='ocrx_word' id='word_1_214' title='bbox 2395 584 2570 654; x_wconf 94' lang='lat' dir='ltr'><strong>stupri</strong></span> <span class='ocrx_word' id='word_1_215' title='bbox 2597 583 2812 652; x_wconf 83' lang='lat' dir='ltr'><strong>quidem</strong></span> <span class='ocrx_word' id='word_1_216' title='bbox 2844 584 3018 652; x_wconf 82' lang='lat' dir='ltr'><strong>poenis</strong></span> <span class='ocrx_word' id='word_1_217' title='bbox 3044 585 3148 640; x_wconf 90' lang='lat' dir='ltr'><strong>erit</strong></span> <span class='ocrx_word' id='word_1_218' title='bbox 3178 585 3471 652; x_wconf 65' lang='lat' dir='ltr'><strong>obnoxius,</strong></span> 
     </span>
    </p>
   </div>
   <div class='ocr_carea' id='block_1_37' title="bbox 1897 675 3474 733">
    <p class='ocr_par' dir='ltr' id='par_1_37' title="bbox 1897 675 3474 733">
     <span class='ocr_line' id='line_1_37' title="bbox 1897 675 3474 733; baseline 0.004 -6"><span class='ocrx_word' id='word_1_219' title='bbox 1897 687 2005 727; x_wconf 86' lang='lat' dir='ltr'><strong>non</strong></span> <span class='ocrx_word' id='word_1_220' title='bbox 2066 681 2246 728; x_wconf 88' lang='lat' dir='ltr'><strong>tamen</strong></span> <span class='ocrx_word' id='word_1_221' title='bbox 2291 676 2360 729; x_wconf 90' lang='lat' dir='ltr'><strong>ab</strong></span> <span class='ocrx_word' id='word_1_222' title='bbox 2399 691 2465 729; x_wconf 91' lang='lat' dir='ltr'><strong>eo</strong></span> <span class='ocrx_word' id='word_1_223' title='bbox 2513 675 2705 729; x_wconf 83' lang='lat' dir='ltr'><strong>mulier</strong></span> <span class='ocrx_word' id='word_1_224' title='bbox 2759 675 3080 730; x_wconf 76' lang='lat' dir='ltr'><strong>auferetur:</strong></span> <span class='ocrx_word' id='word_1_225' title='bbox 3121 679 3165 730; x_wconf 89' lang='lat' dir='ltr'><strong>si</strong></span> <span class='ocrx_word' id='word_1_226' title='bbox 3220 678 3474 733; x_wconf 80' lang='lat' dir='ltr'><strong>videlicet</strong></span> 
     </span>
    </p>
   </div>
   <div class='ocr_carea' id='block_1_38' title="bbox 1896 763 3468 836">
    <p class='ocr_par' dir='ltr' id='par_1_38' title="bbox 1896 763 3468 836">
     <span class='ocr_line' id='line_1_38' title="bbox 1896 763 3468 836; baseline 0.003 -20"><span class='ocrx_word' id='word_1_227' title='bbox 1896 763 2066 831; x_wconf 84' lang='lat' dir='ltr'><strong>ipsius</strong></span> <span class='ocrx_word' id='word_1_228' title='bbox 2102 777 2377 835; x_wconf 87' lang='lat' dir='ltr'><strong>parentes,</strong></span> <span class='ocrx_word' id='word_1_229' title='bbox 2413 779 2642 834; x_wconf 88' lang='lat' dir='ltr'><strong>quorum</strong></span> <span class='ocrx_word' id='word_1_230' title='bbox 2676 767 2758 820; x_wconf 82' lang='lat' dir='ltr'><strong>illa</strong></span> <span class='ocrx_word' id='word_1_231' title='bbox 2787 778 2863 822; x_wconf 86' lang='lat' dir='ltr'><strong>est</strong></span> <span class='ocrx_word' id='word_1_232' title='bbox 2898 768 2950 819; x_wconf 91' lang='lat' dir='ltr'><strong>in</strong></span> <span class='ocrx_word' id='word_1_233' title='bbox 2989 776 3278 836; x_wconf 76' lang='lat' dir='ltr'><strong>potestate,</strong></span> <span class='ocrx_word' id='word_1_234' title='bbox 3313 769 3468 822; x_wconf 86' lang='lat' dir='ltr'><strong>femi-</strong></span> 
     </span>
    </p>
   </div>
   <div class='ocr_carea' id='block_1_39' title="bbox 1898 856 3472 916">
    <p class='ocr_par' dir='ltr' id='par_1_39' title="bbox 1898 856 3472 916">
     <span class='ocr_line' id='line_1_39' title="bbox 1898 856 3472 916; baseline 0.006 -11"><span class='ocrx_word' id='word_1_235' title='bbox 1898 868 2020 906; x_wconf 88' lang='lat' dir='ltr'><strong>nam</strong></span> <span class='ocrx_word' id='word_1_236' title='bbox 2054 871 2174 908; x_wconf 84' lang='lat' dir='ltr'><strong>Clltll</strong></span> <span class='ocrx_word' id='word_1_237' title='bbox 2209 856 2301 908; x_wconf 89' lang='lat' dir='ltr'><strong>illo</strong></span> <span class='ocrx_word' id='word_1_238' title='bbox 2342 860 2625 911; x_wconf 78' lang='lat' dir='ltr'><strong>traducere</strong></span> <span class='ocrx_word' id='word_1_239' title='bbox 2650 858 2812 910; x_wconf 88' lang='lat' dir='ltr'><strong>vitam</strong></span> <span class='ocrx_word' id='word_1_240' title='bbox 2849 859 3052 911; x_wconf 84' lang='lat' dir='ltr'><strong>sinunt.</strong></span> <span class='ocrx_word' id='word_1_241' title='bbox 3087 858 3295 912; x_wconf 83' lang='lat' dir='ltr'><strong>Etenim</strong></span> <span class='ocrx_word' id='word_1_242' title='bbox 3324 861 3368 914; x_wconf 89' lang='lat' dir='ltr'><strong>si</strong></span> <span class='ocrx_word' id='word_1_243' title='bbox 3395 862 3472 916; x_wconf 87' lang='lat' dir='ltr'><strong>illi</strong></span> 
     </span>
    </p>
   </div>
   <div class='ocr_carea' id='block_1_40' title="bbox 1900 943 3476 1018">
    <p class='ocr_par' dir='ltr' id='par_1_40' title="bbox 1900 943 3476 1018">
     <span class='ocr_line' id='line_1_40' title="bbox 1900 943 3476 1018; baseline 0.008 -24"><span class='ocrx_word' id='word_1_244' title='bbox 1900 943 2092 1010; x_wconf 90' lang='lat' dir='ltr'><strong>nolint,</strong></span> <span class='ocrx_word' id='word_1_245' title='bbox 2122 947 2377 1014; x_wconf 83' lang='lat' dir='ltr'><strong>punietur</strong></span> <span class='ocrx_word' id='word_1_246' title='bbox 2409 957 2664 1014; x_wconf 60' lang='lat' dir='ltr'><strong>praetcrea</strong></span> <span class='ocrx_word' id='word_1_247' title='bbox 2692 949 2926 1002; x_wconf 82' lang='lat' dir='ltr'><strong>civilium</strong></span> <span class='ocrx_word' id='word_1_248' title='bbox 2965 949 3138 1018; x_wconf 64' lang='lat' dir='ltr'><strong>legum</strong></span> <span class='ocrx_word' id='word_1_249' title='bbox 3166 953 3401 1016; x_wconf 85' lang='lat' dir='ltr'><strong>decreto,</strong></span> <span class='ocrx_word' id='word_1_250' title='bbox 3429 951 3476 1007; x_wconf 84' lang='lat' dir='ltr'><strong>si</strong></span> 
     </span>
    </p>
   </div>
   <div class='ocr_carea' id='block_1_41' title="bbox 1899 1036 2810 1108">
    <p class='ocr_par' dir='ltr' id='par_1_41' title="bbox 1899 1036 2810 1108">
     <span class='ocr_line' id='line_1_41' title="bbox 1899 1036 2810 1108; baseline 0.011 -22"><span class='ocrx_word' id='word_1_251' title='bbox 1899 1036 2048 1106; x_wconf 84' lang='lat' dir='ltr'><strong>virgo</strong></span> <span class='ocrx_word' id='word_1_252' title='bbox 2079 1047 2218 1101; x_wconf 87' lang='lat' dir='ltr'><strong>erat,</strong></span> <span class='ocrx_word' id='word_1_253' title='bbox 2256 1053 2374 1104; x_wconf 74' lang='lat' dir='ltr'><strong>qua:</strong></span> <span class='ocrx_word' id='word_1_254' title='bbox 2398 1049 2650 1108; x_wconf 86' lang='lat' dir='ltr'><strong>corrupta</strong></span> <span class='ocrx_word' id='word_1_255' title='bbox 2689 1039 2810 1096; x_wconf 86' lang='lat' dir='ltr'><strong>fuit.</strong></span> 
     </span>
    </p>
   </div>
   <div class='ocr_carea' id='block_1_42' title="bbox 1979 1132 3473 1209">
    <p class='ocr_par' dir='ltr' id='par_1_42' title="bbox 1979 1132 3473 1209">
     <span class='ocr_line' id='line_1_42' title="bbox 1979 1132 3473 1209; baseline 0.007 -25"><span class='ocrx_word' id='word_1_256' title='bbox 1979 1132 2207 1188; x_wconf 83' lang='lat' dir='ltr'><strong>ARIST.</strong></span> <span class='ocrx_word' id='word_1_257' title='bbox 2239 1134 2340 1200; x_wconf 86' lang='lat' dir='ltr'><strong>Qui</strong></span> <span class='ocrx_word' id='word_1_258' title='bbox 2373 1149 2494 1187; x_wconf 86' lang='lat' dir='ltr'><strong>cam</strong></span> <span class='ocrx_word' id='word_1_259' title='bbox 2527 1135 2686 1188; x_wconf 87' lang='lat' dir='ltr'><strong>habet</strong></span> <span class='ocrx_word' id='word_1_260' title='bbox 2730 1151 2891 1205; x_wconf 84' lang='lat' dir='ltr'><strong>quant</strong></span> <span class='ocrx_word' id='word_1_261' title='bbox 2930 1139 3197 1207; x_wconf 87' lang='lat' dir='ltr'><strong>corrupit,</strong></span> <span class='ocrx_word' id='word_1_262' title='bbox 3236 1139 3473 1209; x_wconf 86' lang='lat' dir='ltr'><strong>permis-</strong></span> 
     </span>
    </p>
   </div>
   <div class='ocr_carea' id='block_1_43' title="bbox 1802 1225 2798 1294">
    <p class='ocr_par' dir='ltr' id='par_1_43' title="bbox 1802 1225 2798 1294">
     <span class='ocr_line' id='line_1_43' title="bbox 1802 1225 2798 1294; baseline -0.006 -9"><span class='ocrx_word' id='word_1_263' title='bbox 1802 1284 1809 1289; x_wconf 84' lang='grc'><strong>,</strong></span> <span class='ocrx_word' id='word_1_264' title='bbox 1899 1244 1993 1285; x_wconf 82' lang='lat' dir='ltr'><strong>sus</strong></span> <span class='ocrx_word' id='word_1_265' title='bbox 2017 1227 2218 1280; x_wconf 86' lang='lat' dir='ltr'><strong>habere</strong></span> <span class='ocrx_word' id='word_1_266' title='bbox 2257 1240 2426 1294; x_wconf 62' lang='lat' dir='ltr'><strong>pinna</strong></span> <span class='ocrx_word' id='word_1_267' title='bbox 2455 1225 2798 1293; x_wconf 73' lang='lat' dir='ltr'><strong>subjiciatur.</strong></span> 
     </span>
    </p>
   </div>
   <div class='ocr_carea' id='block_1_44' title="bbox 1971 1317 3472 1388">
    <p class='ocr_par' dir='ltr' id='par_1_44' title="bbox 1971 1317 3472 1388">
     <span class='ocr_line' id='line_1_44' title="bbox 1971 1317 3472 1388; baseline 0.001 -16"><span class='ocrx_word' id='word_1_268' title='bbox 1971 1320 2294 1388; x_wconf 83' lang='lat' dir='ltr'><strong>Quicunque</strong></span> <span class='ocrx_word' id='word_1_269' title='bbox 2349 1317 2633 1372; x_wconf 78' lang='lat' dir='ltr'><strong>mulierem</strong></span> <span class='ocrx_word' id='word_1_270' title='bbox 2667 1332 2828 1384; x_wconf 90' lang='lat' dir='ltr'><strong>quam</strong></span> <span class='ocrx_word' id='word_1_271' title='bbox 2887 1326 3013 1371; x_wconf 88' lang='lat' dir='ltr'><strong>ante</strong></span> <span class='ocrx_word' id='word_1_272' title='bbox 3066 1320 3472 1375; x_wconf 79' lang='lat' dir='ltr'><strong>matrimonium</strong></span> 
     </span>
    </p>
   </div>
   <div class='ocr_carea' id='block_1_45' title="bbox 1904 1406 3476 1479">
    <p class='ocr_par' dir='ltr' id='par_1_45' title="bbox 1904 1406 3476 1479">
     <span class='ocr_line' id='line_1_45' title="bbox 1904 1406 3476 1479; baseline -0.002 -13"><span class='ocrx_word' id='word_1_273' title='bbox 1904 1412 2135 1477; x_wconf 74' lang='lat' dir='ltr'><strong>vitiavit,</strong></span> <span class='ocrx_word' id='word_1_274' title='bbox 2180 1406 2381 1466; x_wconf 76' lang='lat' dir='ltr'><strong>habere</strong></span> <span class='ocrx_word' id='word_1_275' title='bbox 2412 1414 2582 1478; x_wconf 87' lang='lat' dir='ltr'><strong>cupit,</strong></span> <span class='ocrx_word' id='word_1_276' title='bbox 2640 1410 2687 1463; x_wconf 91' lang='lat' dir='ltr'><strong>ei</strong></span> <span class='ocrx_word' id='word_1_277' title='bbox 2743 1410 2902 1462; x_wconf 87' lang='lat' dir='ltr'><strong>istam</strong></span> <span class='ocrx_word' id='word_1_278' title='bbox 2962 1409 3201 1463; x_wconf 84' lang='lat' dir='ltr'><strong>detinere</strong></span> <span class='ocrx_word' id='word_1_279' title='bbox 3254 1413 3476 1479; x_wconf 83' lang='lat' dir='ltr'><strong>permit-</strong></span> 
     </span>
    </p>
   </div>
   <div class='ocr_carea' id='block_1_46' title="bbox 1902 1499 3473 1571">
    <p class='ocr_par' dir='ltr' id='par_1_46' title="bbox 1902 1499 3473 1571">
     <span class='ocr_line' id='line_1_46' title="bbox 1902 1499 3473 1571; baseline -0.004 -9"><span class='ocrx_word' id='word_1_280' title='bbox 1902 1516 2066 1562; x_wconf 87' lang='lat' dir='ltr'><strong>tetur.</strong></span> <span class='ocrx_word' id='word_1_281' title='bbox 2130 1502 2200 1556; x_wconf 83' lang='lat' dir='ltr'><strong>At</strong></span> <span class='ocrx_word' id='word_1_282' title='bbox 2257 1502 2429 1571; x_wconf 77' lang='lat' dir='ltr'><strong>Slllpri</strong></span> <span class='ocrx_word' id='word_1_283' title='bbox 2480 1499 2802 1570; x_wconf 71' lang='lat' dir='ltr'><strong>supplicium</strong></span> <span class='ocrx_word' id='word_1_284' title='bbox 2868 1510 2949 1555; x_wconf 82' lang='lat' dir='ltr'><strong>est</strong></span> <span class='ocrx_word' id='word_1_285' title='bbox 3008 1510 3244 1571; x_wconf 90' lang='lat' dir='ltr'><strong>quatuor</strong></span> <span class='ocrx_word' id='word_1_286' title='bbox 3292 1503 3473 1566; x_wconf 88' lang='lat' dir='ltr'><strong>anuis,</strong></span> 
     </span>
    </p>
   </div>
   <div class='ocr_carea' id='block_1_47' title="bbox 1903 1592 3477 1664">
    <p class='ocr_par' dir='ltr' id='par_1_47' title="bbox 1903 1592 3477 1664">
     <span class='ocr_line' id='line_1_47' title="bbox 1903 1592 3477 1664; baseline -0.001 -16"><span class='ocrx_word' id='word_1_287' title='bbox 1903 1595 2359 1664; x_wconf 79' lang='lat' dir='ltr'><strong>quemadmodum</strong></span> <span class='ocrx_word' id='word_1_288' title='bbox 2395 1593 2448 1646; x_wconf 93' lang='lat' dir='ltr'><strong>in</strong></span> <span class='ocrx_word' id='word_1_289' title='bbox 2498 1592 2761 1646; x_wconf 88' lang='lat' dir='ltr'><strong>vicesimo</strong></span> <span class='ocrx_word' id='word_1_290' title='bbox 2797 1593 3042 1648; x_wconf 90' lang='lat' dir='ltr'><strong>secundo</strong></span> <span class='ocrx_word' id='word_1_291' title='bbox 3079 1605 3287 1647; x_wconf 79' lang='lat' dir='ltr'><strong>canone</strong></span> <span class='ocrx_word' id='word_1_292' title='bbox 3338 1595 3477 1648; x_wconf 90' lang='lat' dir='ltr'><strong>scri-</strong></span> 
     </span>
    </p>
   </div>
   <div class='ocr_carea' id='block_1_48' title="bbox 1905 1695 2187 1754">
    <p class='ocr_par' dir='ltr' id='par_1_48' title="bbox 1905 1695 2187 1754">
     <span class='ocr_line' id='line_1_48' title="bbox 1905 1695 2187 1754; baseline 0.007 -16"><span class='ocrx_word' id='word_1_293' title='bbox 1905 1695 2056 1754; x_wconf 87' lang='lat' dir='ltr'><strong>ptum</strong></span> <span class='ocrx_word' id='word_1_294' title='bbox 2086 1695 2187 1740; x_wconf 44' lang='lat' dir='ltr'><strong>est.</strong></span> 
     </span>
    </p>
   </div>
   <div class='ocr_carea' id='block_1_49' title="bbox 2459 1773 2925 1830">
    <p class='ocr_par' dir='ltr' id='par_1_49' title="bbox 2459 1773 2925 1830">
     <span class='ocr_line' id='line_1_49' title="bbox 2459 1773 2925 1830; baseline 0.002 -1"><span class='ocrx_word' id='word_1_295' title='bbox 2459 1773 2689 1830; x_wconf 74' lang='lat' dir='ltr'><strong>CANON</strong></span> <span class='ocrx_word' id='word_1_296' title='bbox 2733 1773 2925 1830; x_wconf 73' lang='lat' dir='ltr'><strong>XXVI.</strong></span> 
     </span>
    </p>
   </div>
   <div class='ocr_carea' id='block_1_50' title="bbox 1903 1859 3472 1927">
    <p class='ocr_par' dir='ltr' id='par_1_50' title="bbox 1903 1859 3472 1927">
     <span class='ocr_line' id='line_1_50' title="bbox 1903 1859 3472 1927; baseline 0 -12"><span class='ocrx_word' id='word_1_297' title='bbox 1903 1862 2212 1917; x_wconf 81' lang='lat' dir='ltr'><strong>Fornicatio</strong></span> <span class='ocrx_word' id='word_1_298' title='bbox 2242 1878 2346 1916; x_wconf 89' lang='lat' dir='ltr'><strong>non</strong></span> <span class='ocrx_word' id='word_1_299' title='bbox 2378 1872 2459 1917; x_wconf 89' lang='lat' dir='ltr'><strong>est</strong></span> <span class='ocrx_word' id='word_1_300' title='bbox 2511 1862 2946 1927; x_wconf 88' lang='lat' dir='ltr'><strong>matrimonium,</strong></span> <span class='ocrx_word' id='word_1_301' title='bbox 2979 1859 3073 1917; x_wconf 74' lang='lat' dir='ltr'><strong>sed</strong></span> <span class='ocrx_word' id='word_1_302' title='bbox 3107 1875 3204 1916; x_wconf 91' lang='lat' dir='ltr'><strong>nec</strong></span> <span class='ocrx_word' id='word_1_303' title='bbox 3256 1861 3472 1916; x_wconf 89' lang='lat' dir='ltr'><strong>initium</strong></span> 
     </span>
    </p>
   </div>
   <div class='ocr_carea' id='block_1_51' title="bbox 1967 1953 3476 2024">
    <p class='ocr_par' dir='ltr' id='par_1_51' title="bbox 1967 1953 3476 2024">
     <span class='ocr_line' id='line_1_51' title="bbox 1967 1953 3476 2024; baseline -0.001 -17"><span class='ocrx_word' id='word_1_304' title='bbox 1967 1955 2328 2010; x_wconf 86' lang='lat' dir='ltr'><strong>matrimonii.</strong></span> <span class='ocrx_word' id='word_1_305' title='bbox 2356 1953 2536 2019; x_wconf 83' lang='lat' dir='ltr'><strong>Quare</strong></span> <span class='ocrx_word' id='word_1_306' title='bbox 2557 1953 2600 2006; x_wconf 92' lang='lat' dir='ltr'><strong>si</strong></span> <span class='ocrx_word' id='word_1_307' title='bbox 2630 1954 2745 2008; x_wconf 86' lang='lat' dir='ltr'><strong>fieri</strong></span> <span class='ocrx_word' id='word_1_308' title='bbox 2779 1954 2969 2024; x_wconf 83' lang='lat' dir='ltr'><strong>possit,</strong></span> <span class='ocrx_word' id='word_1_309' title='bbox 2992 1961 3047 2007; x_wconf 90' lang='lat' dir='ltr'><strong>nt</strong></span> <span class='ocrx_word' id='word_1_310' title='bbox 3075 1955 3166 2023; x_wconf 90' lang='lat' dir='ltr'><strong>qui</strong></span> <span class='ocrx_word' id='word_1_311' title='bbox 3188 1970 3282 2023; x_wconf 92' lang='lat' dir='ltr'><strong>per</strong></span> <span class='ocrx_word' id='word_1_312' title='bbox 3307 1954 3476 2009; x_wconf 84' lang='lat' dir='ltr'><strong>forni-</strong></span> 
     </span>
    </p>
   </div>
   <div class='ocr_carea' id='block_1_52' title="bbox 1970 2045 3477 2116">
    <p class='ocr_par' dir='ltr' id='par_1_52' title="bbox 1970 2045 3477 2116">
     <span class='ocr_line' id='line_1_52' title="bbox 1970 2045 3477 2116; baseline -0.004 -13"><span class='ocrx_word' id='word_1_313' title='bbox 1970 2049 2242 2103; x_wconf 79' lang='lat' dir='ltr'><strong>cationem</strong></span> <span class='ocrx_word' id='word_1_314' title='bbox 2287 2045 2565 2115; x_wconf 85' lang='lat' dir='ltr'><strong>conjuncti</strong></span> <span class='ocrx_word' id='word_1_315' title='bbox 2610 2055 2733 2099; x_wconf 89' lang='lat' dir='ltr'><strong>sunt</strong></span> <span class='ocrx_word' id='word_1_316' title='bbox 2767 2056 3109 2116; x_wconf 76' lang='lat' dir='ltr'><strong>Separentur,</strong></span> <span class='ocrx_word' id='word_1_317' title='bbox 3147 2046 3196 2097; x_wconf 90' lang='lat' dir='ltr'><strong>id</strong></span> <span class='ocrx_word' id='word_1_318' title='bbox 3245 2054 3328 2099; x_wconf 85' lang='lat' dir='ltr'><strong>est</strong></span> <span class='ocrx_word' id='word_1_319' title='bbox 3361 2061 3477 2099; x_wconf 82' lang='lat' dir='ltr'><strong>tuc-</strong></span> 
     </span>
    </p>
   </div>
   <div class='ocr_carea' id='block_1_53' title="bbox 1973 2130 3473 2205">
    <p class='ocr_par' dir='ltr' id='par_1_53' title="bbox 1973 2130 3473 2205">
     <span class='ocr_line' id='line_1_53' title="bbox 1973 2130 3473 2205; baseline -0.003 -15"><span class='ocrx_word' id='word_1_320' title='bbox 1973 2138 2079 2192; x_wconf 84' lang='lat' dir='ltr'><strong>lius</strong></span> <span class='ocrx_word' id='word_1_321' title='bbox 2111 2155 2124 2192; x_wconf 90' lang='lat'><strong>:</strong></span> <span class='ocrx_word' id='word_1_322' title='bbox 2159 2138 2241 2191; x_wconf 89' lang='lat' dir='ltr'><strong>siu</strong></span> <span class='ocrx_word' id='word_1_323' title='bbox 2271 2146 2450 2190; x_wconf 89' lang='lat' dir='ltr'><strong>autem</strong></span> <span class='ocrx_word' id='word_1_324' title='bbox 2477 2130 2554 2191; x_wconf 87' lang='lat' dir='ltr'><strong>eis</strong></span> <span class='ocrx_word' id='word_1_325' title='bbox 2589 2136 2812 2190; x_wconf 87' lang='lat' dir='ltr'><strong>omnino</strong></span> <span class='ocrx_word' id='word_1_326' title='bbox 2864 2135 3073 2205; x_wconf 88' lang='lat' dir='ltr'><strong>placeat</strong></span> <span class='ocrx_word' id='word_1_327' title='bbox 3122 2137 3473 2201; x_wconf 88' lang='lat' dir='ltr'><strong>consortium,</strong></span> 
     </span>
    </p>
   </div>
   <div class='ocr_carea' id='block_1_54' title="bbox 1974 2227 3478 2304">
    <p class='ocr_par' dir='ltr' id='par_1_54' title="bbox 1974 2227 3478 2304">
     <span class='ocr_line' id='line_1_54' title="bbox 1974 2227 3478 2304; baseline 0 -22"><span class='ocrx_word' id='word_1_328' title='bbox 1974 2229 2346 2284; x_wconf 82' lang='lat' dir='ltr'><strong>farnicationis</strong></span> <span class='ocrx_word' id='word_1_329' title='bbox 2380 2227 2595 2296; x_wconf 82' lang='lat' dir='ltr'><strong>quidem</strong></span> <span class='ocrx_word' id='word_1_330' title='bbox 2631 2241 2848 2296; x_wconf 72' lang='lat' dir='ltr'><strong>pmnam</strong></span> <span class='ocrx_word' id='word_1_331' title='bbox 2884 2234 3222 2304; x_wconf 63' lang='lat' dir='ltr'><strong>agnoscant;</strong></span> <span class='ocrx_word' id='word_1_332' title='bbox 3274 2243 3340 2282; x_wconf 92' lang='lat' dir='ltr'><strong>ne</strong></span> <span class='ocrx_word' id='word_1_333' title='bbox 3390 2244 3478 2282; x_wconf 84' lang='lat' dir='ltr'><strong>se-</strong></span> 
     </span>
    </p>
   </div>
   <div class='ocr_carea' id='block_1_55' title="bbox 1976 2316 3260 2390">
    <p class='ocr_par' dir='ltr' id='par_1_55' title="bbox 1976 2316 3260 2390">
     <span class='ocr_line' id='line_1_55' title="bbox 1976 2316 3260 2390; baseline 0 -17"><span class='ocrx_word' id='word_1_334' title='bbox 1976 2329 2234 2390; x_wconf 87' lang='lat' dir='ltr'><strong>parentur</strong></span> <span class='ocrx_word' id='word_1_335' title='bbox 2264 2328 2470 2383; x_wconf 89' lang='lat' dir='ltr'><strong>autem,</strong></span> <span class='ocrx_word' id='word_1_336' title='bbox 2500 2333 2570 2374; x_wconf 87' lang='lat' dir='ltr'><strong>ne</strong></span> <span class='ocrx_word' id='word_1_337' title='bbox 2600 2319 2728 2388; x_wconf 90' lang='lat' dir='ltr'><strong>quid</strong></span> <span class='ocrx_word' id='word_1_338' title='bbox 2758 2317 2996 2372; x_wconf 81' lang='lat' dir='ltr'><strong>deterius</strong></span> <span class='ocrx_word' id='word_1_339' title='bbox 3028 2316 3260 2373; x_wconf 86' lang='lat' dir='ltr'><strong>accidat.</strong></span> 
     </span>
    </p>
   </div>
   <div class='ocr_carea' id='block_1_56' title="bbox 1978 2496 3479 2567">
    <p class='ocr_par' dir='ltr' id='par_1_56' title="bbox 1978 2496 3479 2567">
     <span class='ocr_line' id='line_1_56' title="bbox 1978 2496 3479 2567; baseline 0.001 -15"><span class='ocrx_word' id='word_1_340' title='bbox 1978 2498 2177 2554; x_wconf 84' lang='lat' dir='ltr'><strong>BALS.</strong></span> <span class='ocrx_word' id='word_1_341' title='bbox 2213 2497 2508 2567; x_wconf 78' lang='lat' dir='ltr'><strong>PoStqnam</strong></span> <span class='ocrx_word' id='word_1_342' title='bbox 2542 2497 2681 2552; x_wconf 79' lang='lat' dir='ltr'><strong>dixit</strong></span> <span class='ocrx_word' id='word_1_343' title='bbox 2733 2506 2952 2551; x_wconf 74' lang='lat' dir='ltr'><strong>sanctus</strong></span> <span class='ocrx_word' id='word_1_344' title='bbox 3003 2496 3131 2566; x_wconf 89' lang='lat' dir='ltr'><strong>quid</strong></span> <span class='ocrx_word' id='word_1_345' title='bbox 3188 2496 3269 2552; x_wconf 88' lang='lat' dir='ltr'><strong>eis</strong></span> <span class='ocrx_word' id='word_1_346' title='bbox 3318 2498 3479 2553; x_wconf 78' lang='lat' dir='ltr'><strong>debet</strong></span> 
     </span>
    </p>
   </div>
   <div class='ocr_carea' id='block_1_57' title="bbox 1906 2587 3478 2657">
    <p class='ocr_par' dir='ltr' id='par_1_57' title="bbox 1906 2587 3478 2657">
     <span class='ocr_line' id='line_1_57' title="bbox 1906 2587 3478 2657; baseline 0 -14"><span class='ocrx_word' id='word_1_347' title='bbox 1906 2590 2043 2655; x_wconf 79' lang='lat' dir='ltr'><strong>fieri,</strong></span> <span class='ocrx_word' id='word_1_348' title='bbox 2071 2589 2160 2657; x_wconf 91' lang='lat' dir='ltr'><strong>qui</strong></span> <span class='ocrx_word' id='word_1_349' title='bbox 2198 2589 2458 2657; x_wconf 74' lang='lat' dir='ltr'><strong>virginem</strong></span> <span class='ocrx_word' id='word_1_350' title='bbox 2499 2597 2768 2655; x_wconf 86' lang='lat' dir='ltr'><strong>stuprant,</strong></span> <span class='ocrx_word' id='word_1_351' title='bbox 2790 2601 2927 2640; x_wconf 89' lang='lat' dir='ltr'><strong>nunc</strong></span> <span class='ocrx_word' id='word_1_352' title='bbox 2946 2588 3188 2641; x_wconf 71' lang='lat' dir='ltr'><strong>dect-ruit</strong></span> <span class='ocrx_word' id='word_1_353' title='bbox 3209 2589 3273 2640; x_wconf 90' lang='lat' dir='ltr'><strong>de</strong></span> <span class='ocrx_word' id='word_1_354' title='bbox 3297 2587 3362 2641; x_wconf 79' lang='lat' dir='ltr'><strong>iis</strong></span> <span class='ocrx_word' id='word_1_355' title='bbox 3385 2590 3478 2656; x_wconf 83' lang='lat' dir='ltr'><strong>qui</strong></span> 
     </span>
    </p>
   </div>
   <div class='ocr_carea' id='block_1_58' title="bbox 1905 2676 3480 2746">
    <p class='ocr_par' dir='ltr' id='par_1_58' title="bbox 1905 2676 3480 2746">
     <span class='ocr_line' id='line_1_58' title="bbox 1905 2676 3480 2746; baseline -0.003 -10"><span class='ocrx_word' id='word_1_356' title='bbox 1905 2683 1958 2736; x_wconf 92' lang='lat' dir='ltr'><strong>iu</strong></span> <span class='ocrx_word' id='word_1_357' title='bbox 1997 2681 2404 2735; x_wconf 89' lang='lat' dir='ltr'><strong>fornicationem</strong></span> <span class='ocrx_word' id='word_1_358' title='bbox 2430 2679 2711 2743; x_wconf 89' lang='lat' dir='ltr'><strong>coierunt;</strong></span> <span class='ocrx_word' id='word_1_359' title='bbox 2754 2690 2809 2732; x_wconf 91' lang='lat' dir='ltr'><strong>et</strong></span> <span class='ocrx_word' id='word_1_360' title='bbox 2840 2679 2991 2739; x_wconf 83' lang='lat' dir='ltr'><strong>dicit,</strong></span> <span class='ocrx_word' id='word_1_361' title='bbox 3020 2677 3163 2746; x_wconf 90' lang='lat' dir='ltr'><strong>quod</strong></span> <span class='ocrx_word' id='word_1_362' title='bbox 3190 2676 3480 2732; x_wconf 82' lang='lat' dir='ltr'><strong>foruicatio</strong></span> 
     </span>
    </p>
   </div>
   <div class='ocr_carea' id='block_1_59' title="bbox 1905 2769 3475 2832">
    <p class='ocr_par' dir='ltr' id='par_1_59' title="bbox 1905 2769 3475 2832">
     <span class='ocr_line' id='line_1_59' title="bbox 1905 2769 3475 2832; baseline -0.002 -7"><span class='ocrx_word' id='word_1_363' title='bbox 1905 2787 2004 2829; x_wconf 91' lang='lat' dir='ltr'><strong>nec</strong></span> <span class='ocrx_word' id='word_1_364' title='bbox 2026 2771 2430 2825; x_wconf 87' lang='lat' dir='ltr'><strong>matrimonium</strong></span> <span class='ocrx_word' id='word_1_365' title='bbox 2460 2769 2713 2832; x_wconf 86' lang='lat' dir='ltr'><strong>habetur,</strong></span> <span class='ocrx_word' id='word_1_366' title='bbox 2746 2784 2846 2823; x_wconf 90' lang='lat' dir='ltr'><strong>nec</strong></span> <span class='ocrx_word' id='word_1_367' title='bbox 2868 2769 3206 2822; x_wconf 85' lang='lat' dir='ltr'><strong>matrimonii</strong></span> <span class='ocrx_word' id='word_1_368' title='bbox 3235 2771 3475 2832; x_wconf 76' lang='lat' dir='ltr'><strong>occasio,</strong></span> 
     </span>
    </p>
   </div>
   <div class='ocr_carea' id='block_1_60' title="bbox 1907 2859 3478 2930">
    <p class='ocr_par' dir='ltr' id='par_1_60' title="bbox 1907 2859 3478 2930">
     <span class='ocr_line' id='line_1_60' title="bbox 1907 2859 3478 2930; baseline -0.002 -16"><span class='ocrx_word' id='word_1_369' title='bbox 1907 2873 1962 2916; x_wconf 90' lang='grc' dir='ltr'><strong>ιιι</strong></span> <span class='ocrx_word' id='word_1_370' title='bbox 1981 2861 2118 2915; x_wconf 83' lang='lat' dir='ltr'><strong>alter</strong></span> <span class='ocrx_word' id='word_1_371' title='bbox 2137 2861 2294 2916; x_wconf 81' lang='lat' dir='ltr'><strong>alteri</strong></span> <span class='ocrx_word' id='word_1_372' title='bbox 2324 2859 2919 2930; x_wconf 71' lang='lat' dir='ltr'><strong>necessariojungatur,</strong></span> <span class='ocrx_word' id='word_1_373' title='bbox 2945 2859 3036 2912; x_wconf 84' lang='lat' dir='ltr'><strong>sed</strong></span> <span class='ocrx_word' id='word_1_374' title='bbox 3059 2860 3321 2924; x_wconf 82' lang='lat' dir='ltr'><strong>Optimum</strong></span> <span class='ocrx_word' id='word_1_375' title='bbox 3350 2861 3478 2929; x_wconf 79' lang='lat' dir='ltr'><strong>qni-</strong></span> 
     </span>
    </p>
   </div>
   <div class='ocr_carea' id='block_1_61' title="bbox 1907 2949 3479 3019">
    <p class='ocr_par' dir='ltr' id='par_1_61' title="bbox 1907 2949 3479 3019">
     <span class='ocr_line' id='line_1_61' title="bbox 1907 2949 3479 3019; baseline 0 -13"><span class='ocrx_word' id='word_1_376' title='bbox 1907 2953 2026 3006; x_wconf 75' lang='lat' dir='ltr'><strong>dem</strong></span> <span class='ocrx_word' id='word_1_377' title='bbox 2063 2960 2142 3005; x_wconf 89' lang='lat' dir='ltr'><strong>est</strong></span> <span class='ocrx_word' id='word_1_378' title='bbox 2166 2967 2260 3006; x_wconf 88' lang='lat' dir='ltr'><strong>eos</strong></span> <span class='ocrx_word' id='word_1_379' title='bbox 2281 2953 2546 3019; x_wconf 88' lang='lat' dir='ltr'><strong>separari,</strong></span> <span class='ocrx_word' id='word_1_380' title='bbox 2575 2965 2684 3004; x_wconf 91' lang='lat' dir='ltr'><strong>nou</strong></span> <span class='ocrx_word' id='word_1_381' title='bbox 2720 2965 2866 3018; x_wconf 88' lang='lat' dir='ltr'><strong>perm</strong></span> <span class='ocrx_word' id='word_1_382' title='bbox 2894 2950 2954 3002; x_wconf 92' lang='lat' dir='ltr'><strong>tti</strong></span> <span class='ocrx_word' id='word_1_383' title='bbox 2979 2949 3183 3004; x_wconf 85' lang='lat' dir='ltr'><strong>scilicet</strong></span> <span class='ocrx_word' id='word_1_384' title='bbox 3212 2950 3352 3004; x_wconf 91' lang='lat' dir='ltr'><strong>inter</strong></span> <span class='ocrx_word' id='word_1_385' title='bbox 3383 2967 3479 3006; x_wconf 84' lang='lat' dir='ltr'><strong>cus</strong></span> 
     </span>
    </p>
   </div>
   <div class='ocr_carea' id='block_1_62' title="bbox 225 3037 1798 3133">
    <p class='ocr_par' dir='ltr' id='par_1_62' title="bbox 225 3037 1798 3110">
     <span class='ocr_line' id='line_1_62' title="bbox 225 3037 1798 3110; baseline 0.003 -23"><span class='ocrx_word' id='word_1_386' title='bbox 225 3037 396 3106; x_wconf 64' lang='grc' dir='ltr'>ἤγουν</span> <span class='ocrx_word' id='word_1_387' title='bbox 428 3037 505 3107; x_wconf 75' lang='grc' dir='ltr'>μὴ</span> <span class='ocrx_word' id='word_1_388' title='bbox 549 3041 1002 3107; x_wconf 79' lang='grc' dir='ltr'>παραχωρεῐσθαι</span> <span class='ocrx_word' id='word_1_389' title='bbox 1022 3040 1118 3109; x_wconf 84' lang='grc' dir='ltr'>τὴν</span> <span class='ocrx_word' id='word_1_390' title='bbox 1150 3041 1317 3110; x_wconf 78' lang='grc' dir='ltr'>μέσον</span> <span class='ocrx_word' id='word_1_391' title='bbox 1345 3042 1525 3100; x_wconf 63' lang='grc' dir='ltr'>αὐτῶν</span> <span class='ocrx_word' id='word_1_392' title='bbox 1551 3042 1798 3110; x_wconf 70' lang='grc' dir='ltr'>γαμικὴν</span> 
     </span>
    </p>
   </div>
   <div class='ocr_carea' id='block_1_63' title="bbox 1909 3037 3478 3133">
    <p class='ocr_par' dir='ltr' id='par_1_63' title="bbox 1909 3040 3478 3109">
     <span class='ocr_line' id='line_1_63' title="bbox 1909 3040 3478 3109; baseline 0 -13"><span class='ocrx_word' id='word_1_393' title='bbox 1909 3042 2242 3096; x_wconf 85' lang='lat' dir='ltr'><strong>intercedere</strong></span> <span class='ocrx_word' id='word_1_394' title='bbox 2261 3041 2710 3093; x_wconf 88' lang='lat' dir='ltr'><strong>matrimonialem</strong></span> <span class='ocrx_word' id='word_1_395' title='bbox 2734 3040 3196 3108; x_wconf 68' lang='lat' dir='ltr'><strong>coniunctionem,</strong></span> <span class='ocrx_word' id='word_1_396' title='bbox 3223 3042 3478 3109; x_wconf 83' lang='lat' dir='ltr'><strong>quoniam</strong></span> 
     </span>
    </p>
   </div>
   <div class='ocr_carea' id='block_1_64' title="bbox 227 3130 1798 3201">
    <p class='ocr_par' dir='ltr' id='par_1_64' title="bbox 227 3130 1798 3201">
     <span class='ocr_line' id='line_1_64' title="bbox 227 3130 1798 3201; baseline 0.003 -20"><span class='ocrx_word' id='word_1_397' title='bbox 227 3131 553 3197; x_wconf 70' lang='grc' dir='ltr'>συνάφειαν,</span> <span class='ocrx_word' id='word_1_398' title='bbox 586 3131 664 3182; x_wconf 78' lang='grc' dir='ltr'>ὅτι</span> <span class='ocrx_word' id='word_1_399' title='bbox 694 3130 963 3201; x_wconf 75' lang='grc' dir='ltr'>ἐκθεσμος</span> <span class='ocrx_word' id='word_1_400' title='bbox 994 3132 1088 3183; x_wconf 76' lang='grc' dir='ltr'>καὶ</span> <span class='ocrx_word' id='word_1_401' title='bbox 1111 3132 1618 3200; x_wconf 75' lang='grc' dir='ltr'>κατάκριτός.έστιν</span> <span class='ocrx_word' id='word_1_402' title='bbox 1651 3133 1678 3184; x_wconf 82' lang='grc' dir='ltr'><em>ὁ</em></span> <span class='ocrx_word' id='word_1_403' title='bbox 1704 3133 1798 3185; x_wconf 84' lang='grc' dir='ltr'>τοῦ</span> 
     </span>
    </p>
   </div>
   <div class='ocr_carea' id='block_1_65' title="bbox 223 3219 1801 3290">
    <p class='ocr_par' dir='ltr' id='par_1_65' title="bbox 223 3219 1801 3290">
     <span class='ocr_line' id='line_1_65' title="bbox 223 3219 1801 3290; baseline 0.001 -21"><span class='ocrx_word' id='word_1_404' title='bbox 223 3222 468 3272; x_wconf 76' lang='grc' dir='ltr'>τοιούτου</span> <span class='ocrx_word' id='word_1_405' title='bbox 496 3220 678 3288; x_wconf 83' lang='grc' dir='ltr'>γάμου</span> <span class='ocrx_word' id='word_1_406' title='bbox 710 3219 994 3288; x_wconf 75' lang='grc' dir='ltr'>θεμέλιος·</span> <span class='ocrx_word' id='word_1_407' title='bbox 1031 3220 1078 3272; x_wconf 79' lang='grc' dir='ltr'>εἰ</span> <span class='ocrx_word' id='word_1_408' title='bbox 1112 3219 1168 3272; x_wconf 78' lang='grc' dir='ltr'><strong>δὲ</strong></span> <span class='ocrx_word' id='word_1_409' title='bbox 1204 3221 1526 3288; x_wconf 85' lang='grc' dir='ltr'>στέργουσιν</span> <span class='ocrx_word' id='word_1_410' title='bbox 1558 3223 1801 3290; x_wconf 83' lang='grc' dir='ltr'>ἀπαραι-</span> 
     </span>
    </p>
   </div>
   <div class='ocr_carea' id='block_1_66' title="bbox 223 3311 1801 3384">
    <p class='ocr_par' dir='ltr' id='par_1_66' title="bbox 223 3311 1801 3384">
     <span class='ocr_line' id='line_1_66' title="bbox 223 3311 1801 3384; baseline 0.003 -22"><span class='ocrx_word' id='word_1_411' title='bbox 223 3313 406 3380; x_wconf 83' lang='grc' dir='ltr'>τήτως</span> <span class='ocrx_word' id='word_1_412' title='bbox 450 3314 546 3364; x_wconf 80' lang='grc' dir='ltr'><strong>καὶ</strong></span> <span class='ocrx_word' id='word_1_413' title='bbox 597 3313 767 3379; x_wconf 67' lang='grc' dir='ltr'>ἄμφω</span> <span class='ocrx_word' id='word_1_414' title='bbox 820 3313 922 3382; x_wconf 78' lang='grc' dir='ltr'>τὴν</span> <span class='ocrx_word' id='word_1_415' title='bbox 986 3311 1310 3380; x_wconf 75' lang='grc' dir='ltr'>συμὸἲωσιν,</span> <span class='ocrx_word' id='word_1_416' title='bbox 1349 3313 1440 3381; x_wconf 83' lang='grc' dir='ltr'><strong>μὴ·</strong></span> <span class='ocrx_word' id='word_1_417' title='bbox 1483 3314 1801 3384; x_wconf 81' lang='grc' dir='ltr'>ἀνεχόμενοι</span> 
     </span>
    </p>
   </div>
   <div class='ocr_carea' id='block_1_67' title="bbox 225 3402 1801 3473">
    <p class='ocr_par' dir='ltr' id='par_1_67' title="bbox 225 3402 1801 3473">
     <span class='ocr_line' id='line_1_67' title="bbox 225 3402 1801 3473; baseline 0.002 -20"><span class='ocrx_word' id='word_1_418' title='bbox 225 3402 317 3454; x_wconf 67' lang='grc' dir='ltr'>τοῦ</span> <span class='ocrx_word' id='word_1_419' title='bbox 356 3403 452 3454; x_wconf 80' lang='grc' dir='ltr'><strong>ἀπ’</strong></span> <span class='ocrx_word' id='word_1_420' title='bbox 487 3403 735 3471; x_wconf 77' lang='grc' dir='ltr'>ἀλλήλων</span> <span class='ocrx_word' id='word_1_421' title='bbox 772 3403 1076 3472; x_wconf 78' lang='grc' dir='ltr'>χιυρισμοῦ,</span> <span class='ocrx_word' id='word_1_422' title='bbox 1110 3403 1560 3472; x_wconf 81' lang='grc' dir='ltr'>ὲπιτιμάσθωσαν</span> <span class='ocrx_word' id='word_1_423' title='bbox 1586 3404 1685 3473; x_wconf 79' lang='grc' dir='ltr'>μὲν</span> <span class='ocrx_word' id='word_1_424' title='bbox 1725 3405 1801 3467; x_wconf 84' lang='grc' dir='ltr'>ὡς</span> 
     </span>
    </p>
   </div>
   <div class='ocr_carea' id='block_1_68' title="bbox 226 3493 1799 3564">
    <p class='ocr_par' dir='ltr' id='par_1_68' title="bbox 226 3493 1799 3564">
     <span class='ocr_line' id='line_1_68' title="bbox 226 3493 1799 3564; baseline 0.001 -20"><span class='ocrx_word' id='word_1_425' title='bbox 226 3495 656 3564; x_wconf 75' lang='grc' dir='ltr'>πορνεύσαντες,</span> <span class='ocrx_word' id='word_1_426' title='bbox 736 3493 1285 3563; x_wconf 76' lang='grc' dir='ltr'>παραχωρεξσθωσαν</span> <span class='ocrx_word' id='word_1_427' title='bbox 1363 3494 1420 3546; x_wconf 83' lang='grc' dir='ltr'><strong>δὲ</strong></span> <span class='ocrx_word' id='word_1_428' title='bbox 1509 3498 1799 3559; x_wconf 67' lang='grc' dir='ltr'>συνοικεῖν,</span> 
     </span>
    </p>
   </div>
   <div class='ocr_carea' id='block_1_69' title="bbox 229 3584 1801 3655">
    <p class='ocr_par' dir='ltr' id='par_1_69' title="bbox 229 3584 1801 3655">
     <span class='ocr_line' id='line_1_69' title="bbox 229 3584 1801 3655; baseline 0.001 -19"><span class='ocrx_word' id='word_1_429' title='bbox 229 3585 312 3636; x_wconf 76' lang='grc' dir='ltr'>ἵνα</span> <span class='ocrx_word' id='word_1_430' title='bbox 335 3588 410 3655; x_wconf 75' lang='grc' dir='ltr'>μὴ</span> <span class='ocrx_word' id='word_1_431' title='bbox 441 3585 626 3654; x_wconf 79' lang='grc' dir='ltr'>χεῖρόν</span> <span class='ocrx_word' id='word_1_432' title='bbox 658 3602 710 3636; x_wconf 88' lang='grc' dir='ltr'><strong>τι</strong></span> <span class='ocrx_word' id='word_1_433' title='bbox 742 3587 986 3653; x_wconf 84' lang='grc' dir='ltr'>γένηται,</span> <span class='ocrx_word' id='word_1_434' title='bbox 1013 3586 1199 3654; x_wconf 55' lang='grc' dir='ltr'>ἧγυυν,</span> <span class='ocrx_word' id='word_1_435' title='bbox 1237 3585 1320 3636; x_wconf 81' lang='grc' dir='ltr'>ἵνα</span> <span class='ocrx_word' id='word_1_436' title='bbox 1347 3585 1419 3654; x_wconf 80' lang='grc' dir='ltr'>μὴ</span> <span class='ocrx_word' id='word_1_437' title='bbox 1451 3584 1801 3652; x_wconf 78' lang='grc' dir='ltr'>διαζυγέντες</span> 
     </span>
    </p>
   </div>
   <div class='ocr_carea' id='block_1_70' title="bbox 229 3673 1800 3745">
    <p class='ocr_par' dir='ltr' id='par_1_70' title="bbox 229 3673 1800 3745">
     <span class='ocr_line' id='line_1_70' title="bbox 229 3673 1800 3745; baseline -0.001 -20"><span class='ocrx_word' id='word_1_438' title='bbox 229 3676 395 3728; x_wconf 75' lang='grc' dir='ltr'>πάλιν</span> <span class='ocrx_word' id='word_1_439' title='bbox 424 3675 602 3745; x_wconf 78' lang='grc' dir='ltr'>λάθρα</span> <span class='ocrx_word' id='word_1_440' title='bbox 637 3675 1004 3745; x_wconf 81' lang='grc' dir='ltr'>πορνεύσωσι,</span> <span class='ocrx_word' id='word_1_441' title='bbox 1030 3675 1347 3738; x_wconf 79' lang='grc' dir='ltr'>τουτέστιν,</span> <span class='ocrx_word' id='word_1_442' title='bbox 1375 3673 1461 3725; x_wconf 84' lang='grc' dir='ltr'>ἵνα</span> <span class='ocrx_word' id='word_1_443' title='bbox 1488 3675 1563 3743; x_wconf 83' lang='grc' dir='ltr'>μὴ</span> <span class='ocrx_word' id='word_1_444' title='bbox 1593 3675 1800 3740; x_wconf 80' lang='grc' dir='ltr'>ἑτέροις</span> 
     </span>
    </p>
   </div>
   <div class='ocr_carea' id='block_1_71' title="bbox 228 3763 1800 3833">
    <p class='ocr_par' dir='ltr' id='par_1_71' title="bbox 228 3763 1800 3833">
     <span class='ocr_line' id='line_1_71' title="bbox 228 3763 1800 3833; baseline -0.001 -18"><span class='ocrx_word' id='word_1_445' title='bbox 228 3766 604 3833; x_wconf 71' lang='grc' dir='ltr'>συναφθέντες</span> <span class='ocrx_word' id='word_1_446' title='bbox 647 3767 964 3832; x_wconf 78' lang='grc' dir='ltr'>προσώποις</span> <span class='ocrx_word' id='word_1_447' title='bbox 994 3767 1094 3818; x_wconf 83' lang='grc' dir='ltr'>οὑκ</span> <span class='ocrx_word' id='word_1_448' title='bbox 1127 3765 1454 3833; x_wconf 80' lang='grc' dir='ltr'>ὲπιμείνωσι</span> <span class='ocrx_word' id='word_1_449' title='bbox 1481 3763 1556 3830; x_wconf 77' lang='grc' dir='ltr'>τῷ</span> <span class='ocrx_word' id='word_1_450' title='bbox 1583 3763 1800 3833; x_wconf 85' lang='grc' dir='ltr'>νομίμῳ</span> 
     </span>
    </p>
   </div>
   <div class='ocr_carea' id='block_1_72' title="bbox 228 3851 1794 3924">
    <p class='ocr_par' dir='ltr' id='par_1_72' title="bbox 228 3851 1794 3924">
     <span class='ocr_line' id='line_1_72' title="bbox 228 3851 1794 3924; baseline -0.001 -18"><span class='ocrx_word' id='word_1_451' title='bbox 228 3857 413 3924; x_wconf 73' lang='grc' dir='ltr'>γάμῳ,</span> <span class='ocrx_word' id='word_1_452' title='bbox 444 3856 582 3908; x_wconf 76' lang='grc' dir='ltr'>ἀλλὰ</span> <span class='ocrx_word' id='word_1_453' title='bbox 617 3855 863 3924; x_wconf 82' lang='grc' dir='ltr'>μοιχείαν</span> <span class='ocrx_word' id='word_1_454' title='bbox 885 3854 1257 3923; x_wconf 76' lang='grc' dir='ltr'>ἐργάσωνται,</span> <span class='ocrx_word' id='word_1_455' title='bbox 1290 3854 1321 3922; x_wconf 78' lang='grc' dir='ltr'><strong>ἢ</strong></span> <span class='ocrx_word' id='word_1_456' title='bbox 1376 3853 1462 3904; x_wconf 81' lang='grc' dir='ltr'>ἵνα</span> <span class='ocrx_word' id='word_1_457' title='bbox 1490 3852 1564 3922; x_wconf 87' lang='grc' dir='ltr'>μὴ</span> <span class='ocrx_word' id='word_1_458' title='bbox 1591 3851 1794 3904; x_wconf 82' lang='grc' dir='ltr'>κωλυό-</span> 
     </span>
    </p>
   </div>
   <div class='ocr_carea' id='block_1_73' title="bbox 235 3938 1801 4012">
    <p class='ocr_par' dir='ltr' id='par_1_73' title="bbox 235 3938 1801 4012">
     <span class='ocr_line' id='line_1_73' title="bbox 235 3938 1801 4012; baseline -0.003 -17"><span class='ocrx_word' id='word_1_459' title='bbox 235 3961 388 4010; x_wconf 83' lang='grc' dir='ltr'>μενοι</span> <span class='ocrx_word' id='word_1_460' title='bbox 442 3938 891 4012; x_wconf 75' lang='grc' dir='ltr'>διαχειρίσωνται</span> <span class='ocrx_word' id='word_1_461' title='bbox 931 3943 1162 4004; x_wconf 82' lang='grc' dir='ltr'>ἑαυτοὺς</span> <span class='ocrx_word' id='word_1_462' title='bbox 1217 3942 1306 3993; x_wconf 72' lang='grc' dir='ltr'><strong>διὰ</strong></span> <span class='ocrx_word' id='word_1_463' title='bbox 1359 3941 1417 3992; x_wconf 86' lang='grc' dir='ltr'>τὸ</span> <span class='ocrx_word' id='word_1_464' title='bbox 1458 3939 1553 3992; x_wconf 83' lang='grc' dir='ltr'>τοῦ</span> <span class='ocrx_word' id='word_1_465' title='bbox 1602 3939 1801 4008; x_wconf 72' lang='grc' dir='ltr'>ἔρωτος</span> 
     </span>
    </p>
   </div>
   <div class='ocr_carea' id='block_1_74' title="bbox 228 4029 1796 4102">
    <p class='ocr_par' dir='ltr' id='par_1_74' title="bbox 228 4029 1796 4102">
     <span class='ocr_line' id='line_1_74' title="bbox 228 4029 1796 4102; baseline -0.003 -17"><span class='ocrx_word' id='word_1_466' title='bbox 228 4034 477 4096; x_wconf 69' lang='grc' dir='ltr'>διακαὲς.</span> <span class='ocrx_word' id='word_1_467' title='bbox 515 4034 701 4087; x_wconf 77' lang='grc' dir='ltr'>Ταῦτα</span> <span class='ocrx_word' id='word_1_468' title='bbox 735 4034 788 4087; x_wconf 84' lang='grc' dir='ltr'><strong>δὲ</strong></span> <span class='ocrx_word' id='word_1_469' title='bbox 817 4034 1000 4102; x_wconf 83' lang='grc' dir='ltr'>χώραν</span> <span class='ocrx_word' id='word_1_470' title='bbox 1036 4029 1201 4102; x_wconf 78' lang='grc' dir='ltr'>εἶχον,</span> <span class='ocrx_word' id='word_1_471' title='bbox 1225 4032 1300 4095; x_wconf 83' lang='grc' dir='ltr'>ὡς</span> <span class='ocrx_word' id='word_1_472' title='bbox 1318 4031 1442 4100; x_wconf 70' lang='grc' dir='ltr'>ἐμοὶ</span> <span class='ocrx_word' id='word_1_473' title='bbox 1471 4031 1638 4094; x_wconf 78' lang='grc' dir='ltr'>δοκεῖ,</span> <span class='ocrx_word' id='word_1_474' title='bbox 1666 4030 1796 4082; x_wconf 81' lang='grc' dir='ltr'>ὅταν</span> 
     </span>
    </p>
   </div>
   <div class='ocr_carea' id='block_1_75' title="bbox 234 4119 1803 4196">
    <p class='ocr_par' dir='ltr' id='par_1_75' title="bbox 234 4119 1803 4196">
     <span class='ocr_line' id='line_1_75' title="bbox 234 4119 1803 4196; baseline -0.002 -23"><span class='ocrx_word' id='word_1_475' title='bbox 234 4126 543 4176; x_wconf 59' lang='grc' dir='ltr'>συναικέαει</span> <span class='ocrx_word' id='word_1_476' title='bbox 595 4125 730 4196; x_wconf 71' lang='grc' dir='ltr'>μόνῃ</span> <span class='ocrx_word' id='word_1_477' title='bbox 763 4127 790 4176; x_wconf 86' lang='grc' dir='ltr'>ὁ</span> <span class='ocrx_word' id='word_1_478' title='bbox 824 4126 1001 4191; x_wconf 69' lang='grc' dir='ltr'>γάμος</span> <span class='ocrx_word' id='word_1_479' title='bbox 1061 4123 1390 4182; x_wconf 81' lang='grc' dir='ltr'>συνίστατο,</span> <span class='ocrx_word' id='word_1_480' title='bbox 1452 4120 1512 4171; x_wconf 84' lang='grc' dir='ltr'>οὐ</span> <span class='ocrx_word' id='word_1_481' title='bbox 1567 4119 1670 4188; x_wconf 81' lang='grc' dir='ltr'>μὴν</span> <span class='ocrx_word' id='word_1_482' title='bbox 1710 4120 1803 4171; x_wconf 70' lang='grc' dir='ltr'>καὶ</span> 
     </span>
    </p>
   </div>
   <div class='ocr_carea' id='block_1_76' title="bbox 233 4202 1802 4284">
    <p class='ocr_par' dir='ltr' id='par_1_76' title="bbox 233 4202 1802 4284">
     <span class='ocr_line' id='line_1_76' title="bbox 233 4202 1802 4284; baseline -0.004 -18"><span class='ocrx_word' id='word_1_483' title='bbox 233 4215 474 4283; x_wconf 64' lang='grc' dir='ltr'>σήμερον</span> <span class='ocrx_word' id='word_1_484' title='bbox 499 4256 514 4277; x_wconf 87' lang='grc'><strong>,</strong></span> <span class='ocrx_word' id='word_1_485' title='bbox 545 4217 675 4267; x_wconf 74' lang='grc' dir='ltr'>ὅταν</span> <span class='ocrx_word' id='word_1_486' title='bbox 706 4202 794 4266; x_wconf 72' lang='grc' dir='ltr'>διὰ</span> <span class='ocrx_word' id='word_1_487' title='bbox 834 4213 1131 4284; x_wconf 83' lang='grc' dir='ltr'>ἱερολογίας</span> <span class='ocrx_word' id='word_1_488' title='bbox 1160 4213 1254 4263; x_wconf 70' lang='grc' dir='ltr'>καὶ</span> <span class='ocrx_word' id='word_1_489' title='bbox 1276 4211 1423 4272; x_wconf 81' lang='grc' dir='ltr'>θείας</span> <span class='ocrx_word' id='word_1_490' title='bbox 1446 4209 1802 4278; x_wconf 68' lang='grc' dir='ltr'>μεταλήψεως</span> 
     </span>
    </p>
   </div>
   <div class='ocr_carea' id='block_1_77' title="bbox 229 4298 1802 4373">
    <p class='ocr_par' dir='ltr' id='par_1_77' title="bbox 229 4298 1802 4373">
     <span class='ocr_line' id='line_1_77' title="bbox 229 4298 1802 4373; baseline -0.003 -20"><span class='ocrx_word' id='word_1_491' title='bbox 229 4308 323 4355; x_wconf 81' lang='grc' dir='ltr'>τοῦ</span> <span class='ocrx_word' id='word_1_492' title='bbox 384 4305 639 4373; x_wconf 69' lang='grc' dir='ltr'>σώματος</span> <span class='ocrx_word' id='word_1_493' title='bbox 679 4305 776 4356; x_wconf 68' lang='grc' dir='ltr'>καὶ</span> <span class='ocrx_word' id='word_1_494' title='bbox 821 4304 1050 4372; x_wconf 85' lang='grc' dir='ltr'>αἵματος</span> <span class='ocrx_word' id='word_1_495' title='bbox 1112 4301 1207 4354; x_wconf 84' lang='grc' dir='ltr'>τοῦ</span> <span class='ocrx_word' id='word_1_496' title='bbox 1259 4300 1495 4370; x_wconf 79' lang='grc' dir='ltr'>Χριστοῦ</span> <span class='ocrx_word' id='word_1_497' title='bbox 1548 4302 1575 4351; x_wconf 86' lang='grc' dir='ltr'>ὁ</span> <span class='ocrx_word' id='word_1_498' title='bbox 1626 4298 1802 4366; x_wconf 69' lang='grc' dir='ltr'>γάμος</span> 
     </span>
    </p>
   </div>
   <div class='ocr_carea' id='block_1_78' title="bbox 1908 3129 3480 3196">
    <p class='ocr_par' dir='ltr' id='par_1_78' title="bbox 1908 3129 3480 3196">
     <span class='ocr_line' id='line_1_78' title="bbox 1908 3129 3480 3196; baseline -0.003 -9"><span class='ocrx_word' id='word_1_499' title='bbox 1908 3133 2172 3188; x_wconf 85' lang='lat' dir='ltr'><strong>nefarium</strong></span> <span class='ocrx_word' id='word_1_500' title='bbox 2195 3139 2280 3186; x_wconf 86' lang='lat' dir='ltr'><strong>est</strong></span> <span class='ocrx_word' id='word_1_501' title='bbox 2303 3141 2356 3184; x_wconf 89' lang='lat' dir='ltr'><strong>et</strong></span> <span class='ocrx_word' id='word_1_502' title='bbox 2394 3129 2764 3183; x_wconf 75' lang='lat' dir='ltr'><strong>damnandum</strong></span> <span class='ocrx_word' id='word_1_503' title='bbox 2799 3129 2991 3182; x_wconf 82' lang='lat' dir='ltr'><strong>harum</strong></span> <span class='ocrx_word' id='word_1_504' title='bbox 3023 3130 3329 3196; x_wconf 86' lang='lat' dir='ltr'><strong>nuptiarum</strong></span> <span class='ocrx_word' id='word_1_505' title='bbox 3357 3131 3480 3185; x_wconf 64' lang='lat' dir='ltr'><strong>fuit.</strong></span> 
     </span>
    </p>
   </div>
   <div class='ocr_carea' id='block_1_79' title="bbox 1906 3219 3476 3286">
    <p class='ocr_par' dir='ltr' id='par_1_79' title="bbox 1906 3219 3476 3286">
     <span class='ocr_line' id='line_1_79' title="bbox 1906 3219 3476 3286; baseline -0.001 -9"><span class='ocrx_word' id='word_1_506' title='bbox 1906 3224 2227 3277; x_wconf 86' lang='lat' dir='ltr'><strong>dameutum</strong></span> <span class='ocrx_word' id='word_1_507' title='bbox 2264 3237 2277 3273; x_wconf 90' lang='lat'><strong>:</strong></span> <span class='ocrx_word' id='word_1_508' title='bbox 2321 3219 2401 3273; x_wconf 88' lang='lat' dir='ltr'><strong>sin</strong></span> <span class='ocrx_word' id='word_1_509' title='bbox 2458 3230 2638 3273; x_wconf 83' lang='lat' dir='ltr'><strong>autem</strong></span> <span class='ocrx_word' id='word_1_510' title='bbox 2671 3220 2750 3273; x_wconf 86' lang='lat' dir='ltr'><strong>eis</strong></span> <span class='ocrx_word' id='word_1_511' title='bbox 2789 3219 2861 3272; x_wconf 91' lang='lat' dir='ltr'><strong>ita</strong></span> <span class='ocrx_word' id='word_1_512' title='bbox 2904 3220 3118 3286; x_wconf 84' lang='lat' dir='ltr'><strong>placeat</strong></span> <span class='ocrx_word' id='word_1_513' title='bbox 3151 3221 3272 3273; x_wconf 82' lang='lat' dir='ltr'><strong>vitae</strong></span> <span class='ocrx_word' id='word_1_514' title='bbox 3300 3222 3476 3275; x_wconf 82' lang='lat' dir='ltr'><strong>socie-</strong></span> 
     </span>
    </p>
   </div>
   <div class='ocr_carea' id='block_1_80' title="bbox 1910 3311 3481 3382">
    <p class='ocr_par' dir='ltr' id='par_1_80' title="bbox 1910 3311 3481 3382">
     <span class='ocr_line' id='line_1_80' title="bbox 1910 3311 3481 3382; baseline 0.001 -18"><span class='ocrx_word' id='word_1_515' title='bbox 1910 3323 2014 3377; x_wconf 85' lang='lat' dir='ltr'><strong>tas,</strong></span> <span class='ocrx_word' id='word_1_516' title='bbox 2047 3322 2105 3365; x_wconf 85' lang='grc' dir='ltr'><strong>ιιι</strong></span> <span class='ocrx_word' id='word_1_517' title='bbox 2140 3327 2168 3364; x_wconf 86' lang='lat' dir='ltr'><strong>a</strong></span> <span class='ocrx_word' id='word_1_518' title='bbox 2212 3327 2270 3366; x_wconf 90' lang='lat' dir='ltr'><strong>se</strong></span> <span class='ocrx_word' id='word_1_519' title='bbox 2302 3311 2534 3364; x_wconf 87' lang='lat' dir='ltr'><strong>invicem</strong></span> <span class='ocrx_word' id='word_1_520' title='bbox 2567 3311 2846 3365; x_wconf 86' lang='lat' dir='ltr'><strong>discedere</strong></span> <span class='ocrx_word' id='word_1_521' title='bbox 2881 3312 2982 3364; x_wconf 91' lang='lat' dir='ltr'><strong>sibi</strong></span> <span class='ocrx_word' id='word_1_522' title='bbox 3028 3321 3302 3380; x_wconf 89' lang='lat' dir='ltr'><strong>nequeant</strong></span> <span class='ocrx_word' id='word_1_523' title='bbox 3356 3327 3481 3382; x_wconf 84' lang='lat' dir='ltr'><strong>per-</strong></span> 
     </span>
    </p>
   </div>
   <div class='ocr_carea' id='block_1_81' title="bbox 1908 3403 3479 3472">
    <p class='ocr_par' dir='ltr' id='par_1_81' title="bbox 1908 3403 3479 3472">
     <span class='ocr_line' id='line_1_81' title="bbox 1908 3403 3479 3472; baseline -0.001 -14"><span class='ocrx_word' id='word_1_524' title='bbox 1908 3403 2162 3466; x_wconf 85' lang='lat' dir='ltr'><strong>suadere,</strong></span> <span class='ocrx_word' id='word_1_525' title='bbox 2195 3404 2488 3472; x_wconf 88' lang='lat' dir='ltr'><strong>puniantur</strong></span> <span class='ocrx_word' id='word_1_526' title='bbox 2548 3403 2764 3470; x_wconf 86' lang='lat' dir='ltr'><strong>quidem</strong></span> <span class='ocrx_word' id='word_1_527' title='bbox 2815 3412 2872 3454; x_wconf 90' lang='lat' dir='ltr'><strong>ut</strong></span> <span class='ocrx_word' id='word_1_528' title='bbox 2945 3403 3336 3468; x_wconf 79' lang='lat' dir='ltr'><strong>fornicatores;</strong></span> <span class='ocrx_word' id='word_1_529' title='bbox 3399 3406 3479 3457; x_wconf 84' lang='lat' dir='ltr'><strong>eis</strong></span> 
     </span>
    </p>
   </div>
   <div class='ocr_carea' id='block_1_82' title="bbox 1909 3493 3479 3561">
    <p class='ocr_par' dir='ltr' id='par_1_82' title="bbox 1909 3493 3479 3561">
     <span class='ocr_line' id='line_1_82' title="bbox 1909 3493 3479 3561; baseline 0.001 -15"><span class='ocrx_word' id='word_1_530' title='bbox 1909 3505 2092 3548; x_wconf 89' lang='lat' dir='ltr'><strong>autem</strong></span> <span class='ocrx_word' id='word_1_531' title='bbox 2129 3493 2288 3547; x_wconf 88' lang='lat' dir='ltr'><strong>simul</strong></span> <span class='ocrx_word' id='word_1_532' title='bbox 2321 3493 2569 3546; x_wconf 74' lang='lat' dir='ltr'><strong>habitare</strong></span> <span class='ocrx_word' id='word_1_533' title='bbox 2593 3493 2955 3560; x_wconf 83' lang='lat' dir='ltr'><strong>permittatur,</strong></span> <span class='ocrx_word' id='word_1_534' title='bbox 2991 3510 3055 3547; x_wconf 90' lang='lat' dir='ltr'><strong>ue</strong></span> <span class='ocrx_word' id='word_1_535' title='bbox 3082 3497 3207 3561; x_wconf 89' lang='lat' dir='ltr'><strong>quid</strong></span> <span class='ocrx_word' id='word_1_536' title='bbox 3241 3495 3479 3548; x_wconf 87' lang='lat' dir='ltr'><strong>deterius</strong></span> 
     </span>
    </p>
   </div>
   <div class='ocr_carea' id='block_1_83' title="bbox 1907 3583 3474 3655">
    <p class='ocr_par' dir='ltr' id='par_1_83' title="bbox 1907 3583 3474 3655">
     <span class='ocr_line' id='line_1_83' title="bbox 1907 3583 3474 3655; baseline 0.001 -17"><span class='ocrx_word' id='word_1_537' title='bbox 1907 3585 2139 3648; x_wconf 83' lang='lat' dir='ltr'><strong>accidat,</strong></span> <span class='ocrx_word' id='word_1_538' title='bbox 2169 3584 2281 3655; x_wconf 70' lang='grc'><strong>84</strong></span> <span class='ocrx_word' id='word_1_539' title='bbox 2308 3599 2374 3637; x_wconf 88' lang='lat' dir='ltr'><strong>ne</strong></span> <span class='ocrx_word' id='word_1_540' title='bbox 2401 3584 2610 3637; x_wconf 80' lang='lat' dir='ltr'><strong>sc&#39;licet</strong></span> <span class='ocrx_word' id='word_1_541' title='bbox 2662 3583 2895 3650; x_wconf 82' lang='lat' dir='ltr'><strong>separati</strong></span> <span class='ocrx_word' id='word_1_542' title='bbox 2947 3599 3134 3638; x_wconf 88' lang='lat' dir='ltr'><strong>rursus</strong></span> <span class='ocrx_word' id='word_1_543' title='bbox 3169 3584 3474 3639; x_wconf 63' lang='lat' dir='ltr'><strong>clanculum</strong></span> 
     </span>
    </p>
   </div>
   <div class='ocr_carea' id='block_1_84' title="bbox 1908 3675 3474 3743">
    <p class='ocr_par' dir='ltr' id='par_1_84' title="bbox 1908 3675 3474 3743">
     <span class='ocr_line' id='line_1_84' title="bbox 1908 3675 3474 3743; baseline 0.001 -14"><span class='ocrx_word' id='word_1_544' title='bbox 1908 3675 2263 3738; x_wconf 87' lang='lat' dir='ltr'><strong>foruicentur,</strong></span> <span class='ocrx_word' id='word_1_545' title='bbox 2297 3675 2398 3728; x_wconf 90' lang='lat' dir='ltr'><strong>hoc</strong></span> <span class='ocrx_word' id='word_1_546' title='bbox 2429 3684 2534 3740; x_wconf 87' lang='lat' dir='ltr'><strong>est,</strong></span> <span class='ocrx_word' id='word_1_547' title='bbox 2570 3690 2635 3727; x_wconf 88' lang='lat' dir='ltr'><strong>ne</strong></span> <span class='ocrx_word' id='word_1_548' title='bbox 2667 3675 2787 3727; x_wconf 84' lang='lat' dir='ltr'><strong>aliis</strong></span> <span class='ocrx_word' id='word_1_549' title='bbox 2829 3675 3075 3742; x_wconf 86' lang='lat' dir='ltr'><strong>personis</strong></span> <span class='ocrx_word' id='word_1_550' title='bbox 3112 3677 3385 3743; x_wconf 83' lang='lat' dir='ltr'><strong>conjuncti</strong></span> <span class='ocrx_word' id='word_1_551' title='bbox 3422 3679 3474 3730; x_wconf 93' lang='lat' dir='ltr'><strong>in</strong></span> 
     </span>
    </p>
   </div>
   <div class='ocr_carea' id='block_1_85' title="bbox 1907 3764 3479 3834">
    <p class='ocr_par' dir='ltr' id='par_1_85' title="bbox 1907 3764 3479 3834">
     <span class='ocr_line' id='line_1_85' title="bbox 1907 3764 3479 3834; baseline 0.001 -17"><span class='ocrx_word' id='word_1_552' title='bbox 1907 3764 2150 3834; x_wconf 72' lang='lat' dir='ltr'><strong>legitimo</strong></span> <span class='ocrx_word' id='word_1_553' title='bbox 2179 3766 2526 3818; x_wconf 85' lang='lat' dir='ltr'><strong>matrimonio</strong></span> <span class='ocrx_word' id='word_1_554' title='bbox 2559 3780 2666 3818; x_wconf 91' lang='lat' dir='ltr'><strong>non</strong></span> <span class='ocrx_word' id='word_1_555' title='bbox 2698 3775 3075 3834; x_wconf 75' lang='lat' dir='ltr'><strong>permaneant,</strong></span> <span class='ocrx_word' id='word_1_556' title='bbox 3126 3768 3218 3819; x_wconf 82' lang='lat' dir='ltr'><strong>sed</strong></span> <span class='ocrx_word' id='word_1_557' title='bbox 3268 3767 3479 3818; x_wconf 86' lang='lat' dir='ltr'><strong>adulte-</strong></span> 
     </span>
    </p>
   </div>
   <div class='ocr_carea' id='block_1_86' title="bbox 1909 3855 3476 3924">
    <p class='ocr_par' dir='ltr' id='par_1_86' title="bbox 1909 3855 3476 3924">
     <span class='ocr_line' id='line_1_86' title="bbox 1909 3855 3476 3924; baseline 0.001 -15"><span class='ocrx_word' id='word_1_558' title='bbox 1909 3856 2049 3910; x_wconf 83' lang='lat' dir='ltr'><strong>rium</strong></span> <span class='ocrx_word' id='word_1_559' title='bbox 2095 3856 2460 3921; x_wconf 85' lang='lat' dir='ltr'><strong>committant,</strong></span> <span class='ocrx_word' id='word_1_560' title='bbox 2497 3855 2577 3908; x_wconf 90' lang='lat' dir='ltr'><strong>vel</strong></span> <span class='ocrx_word' id='word_1_561' title='bbox 2624 3871 2691 3908; x_wconf 90' lang='lat' dir='ltr'><strong>ne</strong></span> <span class='ocrx_word' id='word_1_562' title='bbox 2753 3856 3007 3924; x_wconf 80' lang='lat' dir='ltr'><strong>prohibiti</strong></span> <span class='ocrx_word' id='word_1_563' title='bbox 3061 3857 3160 3907; x_wconf 90' lang='lat' dir='ltr'><strong>sibi</strong></span> <span class='ocrx_word' id='word_1_564' title='bbox 3207 3855 3476 3910; x_wconf 72' lang='lat' dir='ltr'><strong>violentas</strong></span> 
     </span>
    </p>
   </div>
   <div class='ocr_carea' id='block_1_87' title="bbox 1909 3927 3469 4013">
    <p class='ocr_par' dir='ltr' id='par_1_87' title="bbox 1909 3927 3469 4013">
     <span class='ocr_line' id='line_1_87' title="bbox 1909 3927 3469 4013; baseline 0.001 -15"><span class='ocrx_word' id='word_1_565' title='bbox 1909 3960 2103 4000; x_wconf 83' lang='lat' dir='ltr'><strong>manus</strong></span> <span class='ocrx_word' id='word_1_566' title='bbox 2136 3945 2372 3998; x_wconf 80' lang='lat' dir='ltr'><strong>inferant</strong></span> <span class='ocrx_word' id='word_1_567' title='bbox 2401 3952 2620 4013; x_wconf 86' lang='lat' dir='ltr'><strong>propter</strong></span> <span class='ocrx_word' id='word_1_568' title='bbox 2645 3946 2847 3998; x_wconf 88' lang='lat' dir='ltr'><strong>amoris</strong></span> <span class='ocrx_word' id='word_1_569' title='bbox 2876 3927 3295 3999; x_wconf 74' lang='lat' dir='ltr'><strong>vehementiam.</strong></span> <span class='ocrx_word' id='word_1_570' title='bbox 3346 3945 3469 3999; x_wconf 66' lang='lat' dir='ltr'><strong>llaec</strong></span> 
     </span>
    </p>
   </div>
   <div class='ocr_carea' id='block_1_88' title="bbox 1909 4034 3476 4104">
    <p class='ocr_par' dir='ltr' id='par_1_88' title="bbox 1909 4034 3476 4104">
     <span class='ocr_line' id='line_1_88' title="bbox 1909 4034 3476 4104; baseline 0.002 -17"><span class='ocrx_word' id='word_1_571' title='bbox 1909 4045 2112 4097; x_wconf 78' lang='lat' dir='ltr'><strong>autem,</strong></span> <span class='ocrx_word' id='word_1_572' title='bbox 2148 4045 2205 4086; x_wconf 91' lang='lat' dir='ltr'><strong>ut</strong></span> <span class='ocrx_word' id='word_1_573' title='bbox 2238 4034 2364 4086; x_wconf 85' lang='lat' dir='ltr'><strong>mihi</strong></span> <span class='ocrx_word' id='word_1_574' title='bbox 2397 4034 2666 4097; x_wconf 85' lang='lat' dir='ltr'><strong>videntur,</strong></span> <span class='ocrx_word' id='word_1_575' title='bbox 2700 4034 2874 4087; x_wconf 89' lang='lat' dir='ltr'><strong>locum</strong></span> <span class='ocrx_word' id='word_1_576' title='bbox 2903 4034 3232 4098; x_wconf 78' lang='lat' dir='ltr'><strong>hab-terunt,</strong></span> <span class='ocrx_word' id='word_1_577' title='bbox 3257 4037 3476 4104; x_wconf 90' lang='lat' dir='ltr'><strong>quando</strong></span> 
     </span>
    </p>
   </div>
   <div class='ocr_carea' id='block_1_89' title="bbox 1909 4118 3474 4188">
    <p class='ocr_par' dir='ltr' id='par_1_89' title="bbox 1909 4118 3474 4188">
     <span class='ocr_line' id='line_1_89' title="bbox 1909 4118 3474 4188; baseline 0 -11"><span class='ocrx_word' id='word_1_578' title='bbox 1909 4123 2027 4178; x_wconf 92' lang='lat' dir='ltr'><strong>solo</strong></span> <span class='ocrx_word' id='word_1_579' title='bbox 2080 4125 2344 4176; x_wconf 85' lang='lat' dir='ltr'><strong>&#39;c0nsensu</strong></span> <span class='ocrx_word' id='word_1_580' title='bbox 2391 4122 2819 4176; x_wconf 76' lang='lat' dir='ltr'><strong>contrahebatur</strong></span> <span class='ocrx_word' id='word_1_581' title='bbox 2874 4118 3302 4188; x_wconf 75' lang='lat' dir='ltr'><strong>matrimOnium,</strong></span> <span class='ocrx_word' id='word_1_582' title='bbox 3369 4141 3474 4178; x_wconf 87' lang='lat' dir='ltr'><strong>non</strong></span> 
     </span>
    </p>
   </div>
   <div class='ocr_carea' id='block_1_90' title="bbox 1908 4212 3477 4281">
    <p class='ocr_par' dir='ltr' id='par_1_90' title="bbox 1908 4212 3477 4281">
     <span class='ocr_line' id='line_1_90' title="bbox 1908 4212 3477 4281; baseline 0.003 -15"><span class='ocrx_word' id='word_1_583' title='bbox 1908 4223 2086 4266; x_wconf 87' lang='lat' dir='ltr'><strong>autem</strong></span> <span class='ocrx_word' id='word_1_584' title='bbox 2111 4213 2274 4266; x_wconf 83' lang='lat' dir='ltr'><strong>etiam</strong></span> <span class='ocrx_word' id='word_1_585' title='bbox 2318 4212 2476 4270; x_wconf 80' lang='lat' dir='ltr'><strong>hodie</strong></span> <span class='ocrx_word' id='word_1_586' title='bbox 2504 4217 2719 4281; x_wconf 88' lang='lat' dir='ltr'><strong>quando</strong></span> <span class='ocrx_word' id='word_1_587' title='bbox 2752 4229 2848 4280; x_wconf 91' lang='lat' dir='ltr'><strong>per</strong></span> <span class='ocrx_word' id='word_1_588' title='bbox 2899 4228 3113 4266; x_wconf 88' lang='lat' dir='ltr'><strong>sacrum</strong></span> <span class='ocrx_word' id='word_1_589' title='bbox 3160 4214 3391 4268; x_wconf 81' lang='lat' dir='ltr'><strong>oliicium</strong></span> <span class='ocrx_word' id='word_1_590' title='bbox 3423 4226 3477 4270; x_wconf 87' lang='lat' dir='ltr'><strong>et</strong></span> 
     </span>
    </p>
   </div>
   <div class='ocr_carea' id='block_1_91' title="bbox 1909 4303 3477 4375">
    <p class='ocr_par' dir='ltr' id='par_1_91' title="bbox 1909 4303 3477 4375">
     <span class='ocr_line' id='line_1_91' title="bbox 1909 4303 3477 4375; baseline 0.004 -19"><span class='ocrx_word' id='word_1_591' title='bbox 1909 4305 2146 4358; x_wconf 77' lang='lat' dir='ltr'><strong>divinam</strong></span> <span class='ocrx_word' id='word_1_592' title='bbox 2177 4303 2422 4372; x_wconf 87' lang='lat' dir='ltr'><strong>corporis</strong></span> <span class='ocrx_word' id='word_1_593' title='bbox 2455 4314 2507 4357; x_wconf 91' lang='lat' dir='ltr'><strong>et</strong></span> <span class='ocrx_word' id='word_1_594' title='bbox 2533 4305 2818 4373; x_wconf 82' lang='lat' dir='ltr'><strong>sanguinis</strong></span> <span class='ocrx_word' id='word_1_595' title='bbox 2850 4305 3054 4358; x_wconf 88' lang='lat' dir='ltr'><strong>Christi</strong></span> <span class='ocrx_word' id='word_1_596' title='bbox 3105 4307 3477 4375; x_wconf 82' lang='lat' dir='ltr'><strong>participatio-</strong></span> 
     </span>
    </p>
   </div>
   <div class='ocr_carea' id='block_1_92' title="bbox 232 4389 1798 4465">
    <p class='ocr_par' dir='ltr' id='par_1_92' title="bbox 232 4389 1798 4462">
     <span class='ocr_line' id='line_1_92' title="bbox 232 4389 1798 4462; baseline -0.003 -19"><span class='ocrx_word' id='word_1_597' title='bbox 232 4395 573 4447; x_wconf 78' lang='grc' dir='ltr'>συνίσταται.</span> <span class='ocrx_word' id='word_1_598' title='bbox 613 4394 735 4457; x_wconf 84' lang='grc' dir='ltr'><strong>Πῶς</strong></span> <span class='ocrx_word' id='word_1_599' title='bbox 767 4395 875 4462; x_wconf 84' lang='grc' dir='ltr'>γὰρ</span> <span class='ocrx_word' id='word_1_600' title='bbox 900 4396 948 4446; x_wconf 89' lang='grc' dir='ltr'>οἱ</span> <span class='ocrx_word' id='word_1_601' title='bbox 982 4391 1404 4462; x_wconf 79' lang='grc' dir='ltr'>ὲπιτιμηθέντες</span> <span class='ocrx_word' id='word_1_602' title='bbox 1433 4390 1522 4442; x_wconf 81' lang='grc' dir='ltr'><strong>διὰ</strong></span> <span class='ocrx_word' id='word_1_603' title='bbox 1550 4389 1648 4458; x_wconf 79' lang='grc' dir='ltr'>τὴν</span> <span class='ocrx_word' id='word_1_604' title='bbox 1669 4405 1798 4457; x_wconf 85' lang='grc' dir='ltr'>πορ-</span> 
     </span>
    </p>
   </div>
   <div class='ocr_carea' id='block_1_93' title="bbox 1909 4389 3473 4465">
    <p class='ocr_par' dir='ltr' id='par_1_93' title="bbox 1910 4395 3473 4462">
     <span class='ocr_line' id='line_1_93' title="bbox 1910 4395 3473 4462; baseline 0.003 -15"><span class='ocrx_word' id='word_1_605' title='bbox 1910 4409 2029 4447; x_wconf 88' lang='lat' dir='ltr'><strong>nem</strong></span> <span class='ocrx_word' id='word_1_606' title='bbox 2065 4395 2464 4447; x_wconf 80' lang='lat' dir='ltr'><strong>matrimOninm</strong></span> <span class='ocrx_word' id='word_1_607' title='bbox 2519 4396 2886 4448; x_wconf 88' lang='lat' dir='ltr'><strong>constituitur.</strong></span> <span class='ocrx_word' id='word_1_608' title='bbox 2924 4395 3205 4461; x_wconf 86' lang='lat' dir='ltr'><strong>Quomodo</strong></span> <span class='ocrx_word' id='word_1_609' title='bbox 3236 4398 3380 4451; x_wconf 87' lang='lat' dir='ltr'><strong>enim</strong></span> <span class='ocrx_word' id='word_1_610' title='bbox 3412 4401 3473 4462; x_wconf 92' lang='lat' dir='ltr'><strong>ii,</strong></span> 
     </span>
    </p>
   </div>
   <div class='ocr_carea' id='block_1_94' title="bbox 233 4480 1797 4552">
    <p class='ocr_par' dir='ltr' id='par_1_94' title="bbox 233 4480 1797 4552">
     <span class='ocr_line' id='line_1_94' title="bbox 233 4480 1797 4552; baseline -0.001 -19"><span class='ocrx_word' id='word_1_611' title='bbox 233 4484 403 4547; x_wconf 83' lang='grc' dir='ltr'>νείαν,</span> <span class='ocrx_word' id='word_1_612' title='bbox 444 4485 538 4537; x_wconf 73' lang='grc' dir='ltr'>καὶ</span> <span class='ocrx_word' id='word_1_613' title='bbox 591 4485 699 4537; x_wconf 84' lang='grc' dir='ltr'>τῶν</span> <span class='ocrx_word' id='word_1_614' title='bbox 744 4485 1103 4552; x_wconf 83' lang='grc' dir='ltr'>ἀγιασμάτων</span> <span class='ocrx_word' id='word_1_615' title='bbox 1142 4483 1216 4552; x_wconf 80' lang='grc' dir='ltr'>μὴ</span> <span class='ocrx_word' id='word_1_616' title='bbox 1259 4480 1797 4550; x_wconf 70' lang='grc' dir='ltr'>μεταλαμϐάνονῑες,</span> 
     </span>
    </p>
   </div>
   <div class='ocr_carea' id='block_1_95' title="bbox 232 4569 1802 4644">
    <p class='ocr_par' dir='ltr' id='par_1_95' title="bbox 232 4569 1802 4644">
     <span class='ocr_line' id='line_1_95' title="bbox 232 4569 1802 4644; baseline -0.003 -19"><span class='ocrx_word' id='word_1_617' title='bbox 232 4575 489 4644; x_wconf 81' lang='grc' dir='ltr'>γαμικῶς</span> <span class='ocrx_word' id='word_1_618' title='bbox 534 4574 787 4643; x_wconf 83' lang='grc' dir='ltr'>ἀλλήλοις</span> <span class='ocrx_word' id='word_1_619' title='bbox 822 4573 1152 4626; x_wconf 84' lang='grc' dir='ltr'>συνέλθωσιν</span> <span class='ocrx_word' id='word_1_620' title='bbox 1185 4588 1199 4635; x_wconf 90' lang='grc'><strong>;</strong></span> <span class='ocrx_word' id='word_1_621' title='bbox 1238 4572 1298 4623; x_wconf 80' lang='lat' dir='ltr'><strong>El</strong></span> <span class='ocrx_word' id='word_1_622' title='bbox 1337 4571 1394 4623; x_wconf 78' lang='grc' dir='ltr'><strong>δὲ</strong></span> <span class='ocrx_word' id='word_1_623' title='bbox 1440 4571 1626 4640; x_wconf 75' lang='grc' dir='ltr'>εἴπῃς,</span> <span class='ocrx_word' id='word_1_624' title='bbox 1663 4569 1802 4637; x_wconf 73' lang='grc' dir='ltr'>μετὰ</span> 
     </span>
    </p>
   </div>
   <div class='ocr_carea' id='block_1_96' title="bbox 231 4659 1800 4732">
    <p class='ocr_par' dir='ltr' id='par_1_96' title="bbox 231 4659 1800 4732">
     <span class='ocr_line' id='line_1_96' title="bbox 231 4659 1800 4732; baseline -0.003 -19"><span class='ocrx_word' id='word_1_625' title='bbox 231 4667 295 4713; x_wconf 73' lang='grc' dir='ltr'><strong>τὸ</strong></span> <span class='ocrx_word' id='word_1_626' title='bbox 323 4663 719 4732; x_wconf 81' lang='grc' dir='ltr'>ἐπιτιμηθῆναι</span> <span class='ocrx_word' id='word_1_627' title='bbox 737 4663 862 4725; x_wconf 83' lang='grc' dir='ltr'>τοὺς</span> <span class='ocrx_word' id='word_1_628' title='bbox 888 4660 1296 4730; x_wconf 80' lang='grc' dir='ltr'>πορνεύσαντας</span> <span class='ocrx_word' id='word_1_629' title='bbox 1322 4661 1414 4711; x_wconf 71' lang='grc' dir='ltr'><strong>ἐπὶ</strong></span> <span class='ocrx_word' id='word_1_630' title='bbox 1447 4660 1544 4731; x_wconf 74' lang='grc' dir='ltr'><strong>ὅλῃ</strong></span> <span class='ocrx_word' id='word_1_631' title='bbox 1567 4659 1800 4728; x_wconf 85' lang='grc' dir='ltr'>τριετίᾳ,</span> 
     </span>
    </p>
   </div>
   <div class='ocr_carea' id='block_1_97' title="bbox 236 4751 1802 4824">
    <p class='ocr_par' dir='ltr' id='par_1_97' title="bbox 236 4751 1802 4824">
     <span class='ocr_line' id='line_1_97' title="bbox 236 4751 1802 4824; baseline -0.003 -18"><span class='ocrx_word' id='word_1_632' title='bbox 236 4756 312 4823; x_wconf 84' lang='grc' dir='ltr'>μὴ</span> <span class='ocrx_word' id='word_1_633' title='bbox 374 4757 699 4824; x_wconf 73' lang='grc' dir='ltr'>πορνεῦσαι,</span> <span class='ocrx_word' id='word_1_634' title='bbox 774 4755 876 4806; x_wconf 85' lang='grc' dir='ltr'>οὐκ</span> <span class='ocrx_word' id='word_1_635' title='bbox 939 4751 1316 4822; x_wconf 79' lang='grc' dir='ltr'>ὲμποδισθήσῃ</span> <span class='ocrx_word' id='word_1_636' title='bbox 1398 4752 1802 4820; x_wconf 78' lang='grc' dir='ltr'>παραχωρῆσαι</span> 
     </span>
    </p>
   </div>
   <div class='ocr_carea' id='block_1_98' title="bbox 231 4840 1800 4915">
    <p class='ocr_par' dir='ltr' id='par_1_98' title="bbox 231 4840 1800 4915">
     <span class='ocr_line' id='line_1_98' title="bbox 231 4840 1800 4915; baseline -0.001 -21"><span class='ocrx_word' id='word_1_637' title='bbox 231 4847 456 4907; x_wconf 67' lang='grc' dir='ltr'>τούτους</span> <span class='ocrx_word' id='word_1_638' title='bbox 495 4847 632 4915; x_wconf 80' lang='grc' dir='ltr'>μετὰ</span> <span class='ocrx_word' id='word_1_639' title='bbox 690 4845 786 4914; x_wconf 71' lang='grc' dir='ltr'>τὴν</span> <span class='ocrx_word' id='word_1_640' title='bbox 839 4846 1087 4912; x_wconf 79' lang='grc' dir='ltr'>τριετίαν</span> <span class='ocrx_word' id='word_1_641' title='bbox 1136 4843 1386 4910; x_wconf 86' lang='grc' dir='ltr'>νομίμως</span> <span class='ocrx_word' id='word_1_642' title='bbox 1438 4840 1800 4910; x_wconf 76' lang='grc' dir='ltr'>συναφθῆναι.</span> 
     </span>
    </p>
   </div>
   <div class='ocr_carea' id='block_1_99' title="bbox 240 4931 1804 5004">
    <p class='ocr_par' dir='ltr' id='par_1_99' title="bbox 240 4931 1804 5004">
     <span class='ocr_line' id='line_1_99' title="bbox 240 4931 1804 5004; baseline -0.001 -18"><span class='ocrx_word' id='word_1_643' title='bbox 240 4936 626 5004; x_wconf 73' lang='grc' dir='ltr'>Ἑρωτήσειδέ</span> <span class='ocrx_word' id='word_1_644' title='bbox 669 4953 789 4999; x_wconf 88' lang='grc' dir='ltr'>τις,</span> <span class='ocrx_word' id='word_1_645' title='bbox 819 4935 917 4987; x_wconf 71' lang='grc' dir='ltr'><strong>Διὰ</strong></span> <span class='ocrx_word' id='word_1_646' title='bbox 962 4935 1014 4986; x_wconf 76' lang='grc' dir='ltr'>τί</span> <span class='ocrx_word' id='word_1_647' title='bbox 1040 4934 1138 5002; x_wconf 74' lang='grc' dir='ltr'>τὴν</span> <span class='ocrx_word' id='word_1_648' title='bbox 1184 4933 1282 5002; x_wconf 84' lang='grc' dir='ltr'>μὲν</span> <span class='ocrx_word' id='word_1_649' title='bbox 1338 4931 1606 5001; x_wconf 87' lang='grc' dir='ltr'>παρθένον</span> <span class='ocrx_word' id='word_1_650' title='bbox 1663 4932 1804 5001; x_wconf 68' lang='grc' dir='ltr'>μετὰ</span> 
     </span>
    </p>
   </div>
   <div class='ocr_carea' id='block_1_100' title="bbox 227 5023 1804 5100">
    <p class='ocr_par' dir='ltr' id='par_1_100' title="bbox 227 5023 1804 5100">
     <span class='ocr_line' id='line_1_100' title="bbox 227 5023 1804 5100; baseline -0.001 -23"><span class='ocrx_word' id='word_1_651' title='bbox 227 5029 333 5089; x_wconf 75' lang='grc' dir='ltr'>τὴν</span> <span class='ocrx_word' id='word_1_652' title='bbox 365 5027 578 5096; x_wconf 74' lang='grc' dir='ltr'>φθορὰν</span> <span class='ocrx_word' id='word_1_653' title='bbox 603 5027 943 5095; x_wconf 73' lang='grc' dir='ltr'>διορίζεταιὸ</span> <span class='ocrx_word' id='word_1_654' title='bbox 969 5027 1124 5100; x_wconf 73' lang='grc' dir='ltr'>ἅγιος</span> <span class='ocrx_word' id='word_1_655' title='bbox 1151 5024 1398 5094; x_wconf 83' lang='grc' dir='ltr'>νομίμως</span> <span class='ocrx_word' id='word_1_656' title='bbox 1426 5023 1804 5076; x_wconf 85' lang='grc' dir='ltr'>συνάπτεσθαι</span> 
     </span>
    </p>
   </div>
   <div class='ocr_carea' id='block_1_101' title="bbox 230 5113 1803 5187">
    <p class='ocr_par' dir='ltr' id='par_1_101' title="bbox 230 5113 1803 5187">
     <span class='ocr_line' id='line_1_101' title="bbox 230 5113 1803 5187; baseline -0.001 -19"><span class='ocrx_word' id='word_1_657' title='bbox 230 5117 541 5186; x_wconf 70' lang='grc' dir='ltr'>τῷφθορεί,</span> <span class='ocrx_word' id='word_1_658' title='bbox 569 5117 692 5180; x_wconf 74' lang='grc' dir='ltr'>τοὺς</span> <span class='ocrx_word' id='word_1_659' title='bbox 719 5117 774 5169; x_wconf 82' lang='grc' dir='ltr'><strong>δὲ</strong></span> <span class='ocrx_word' id='word_1_660' title='bbox 799 5116 1203 5187; x_wconf 79' lang='grc' dir='ltr'>πορνεύσαντας</span> <span class='ocrx_word' id='word_1_661' title='bbox 1228 5115 1467 5176; x_wconf 81' lang='grc' dir='ltr'>εὐκόλως</span> <span class='ocrx_word' id='word_1_662' title='bbox 1509 5113 1803 5184; x_wconf 77' lang='grc' dir='ltr'>μίγνυσθαι</span> 
     </span>
    </p>
   </div>
   <div class='ocr_carea' id='block_1_102' title="bbox 229 5206 1798 5280">
    <p class='ocr_par' dir='ltr' id='par_1_102' title="bbox 229 5206 1798 5280">
     <span class='ocr_line' id='line_1_102' title="bbox 229 5206 1798 5280; baseline -0.003 -18"><span class='ocrx_word' id='word_1_663' title='bbox 229 5210 493 5278; x_wconf 80' lang='grc' dir='ltr'>γαμικῶς</span> <span class='ocrx_word' id='word_1_664' title='bbox 542 5211 603 5262; x_wconf 81' lang='grc' dir='ltr'>οὐ</span> <span class='ocrx_word' id='word_1_665' title='bbox 641 5211 990 5280; x_wconf 81' lang='grc' dir='ltr'>παραχωρεῖ,</span> <span class='ocrx_word' id='word_1_666' title='bbox 1052 5208 1187 5260; x_wconf 75' lang='grc' dir='ltr'>ἀλλὰ</span> <span class='ocrx_word' id='word_1_667' title='bbox 1245 5207 1383 5276; x_wconf 80' lang='grc' dir='ltr'>μετὰ</span> <span class='ocrx_word' id='word_1_668' title='bbox 1438 5206 1798 5271; x_wconf 76' lang='grc' dir='ltr'>διαστίξεωςς</span> 
     </span>
    </p>
   </div>
   <div class='ocr_carea' id='block_1_103' title="bbox 230 5295 1796 5370">
    <p class='ocr_par' dir='ltr' id='par_1_103' title="bbox 230 5295 1796 5370">
     <span class='ocr_line' id='line_1_103' title="bbox 230 5295 1796 5370; baseline -0.003 -18"><span class='ocrx_word' id='word_1_669' title='bbox 230 5301 426 5362; x_wconf 66' lang='grc' dir='ltr'>Λύσις.</span> <span class='ocrx_word' id='word_1_670' title='bbox 479 5301 594 5367; x_wconf 78' lang='grc' dir='ltr'><strong>Τὴν</strong></span> <span class='ocrx_word' id='word_1_671' title='bbox 628 5301 726 5368; x_wconf 85' lang='grc' dir='ltr'>μὲν</span> <span class='ocrx_word' id='word_1_672' title='bbox 758 5299 1026 5370; x_wconf 83' lang='grc' dir='ltr'>παρθένον</span> <span class='ocrx_word' id='word_1_673' title='bbox 1066 5299 1196 5360; x_wconf 85' lang='grc' dir='ltr'>ίσως</span> <span class='ocrx_word' id='word_1_674' title='bbox 1245 5297 1386 5367; x_wconf 81' lang='grc' dir='ltr'>μετὰ</span> <span class='ocrx_word' id='word_1_675' title='bbox 1431 5297 1528 5365; x_wconf 76' lang='grc' dir='ltr'>τὴν</span> <span class='ocrx_word' id='word_1_676' title='bbox 1587 5295 1796 5364; x_wconf 74' lang='grc' dir='ltr'>φθορὰν</span> 
     </span>
    </p>
   </div>
   <div class='ocr_carea' id='block_1_104' title="bbox 227 5384 1802 5458">
    <p class='ocr_par' dir='ltr' id='par_1_104' title="bbox 227 5384 1802 5458">
     <span class='ocr_line' id='line_1_104' title="bbox 227 5384 1802 5458; baseline -0.003 -17"><span class='ocrx_word' id='word_1_677' title='bbox 227 5390 407 5452; x_wconf 72' lang='grc' dir='ltr'>οὐδεὶς</span> <span class='ocrx_word' id='word_1_678' title='bbox 448 5388 784 5457; x_wconf 80' lang='grc' dir='ltr'>αίρετίσεται</span> <span class='ocrx_word' id='word_1_679' title='bbox 830 5389 968 5458; x_wconf 70' lang='grc' dir='ltr'>πρὸς</span> <span class='ocrx_word' id='word_1_680' title='bbox 1001 5389 1178 5455; x_wconf 87' lang='grc' dir='ltr'>γάμον</span> <span class='ocrx_word' id='word_1_681' title='bbox 1227 5386 1436 5446; x_wconf 76' lang='grc' dir='ltr'>λαδεῖν,</span> <span class='ocrx_word' id='word_1_682' title='bbox 1489 5387 1582 5437; x_wconf 72' lang='grc' dir='ltr'>καὶ</span> <span class='ocrx_word' id='word_1_683' title='bbox 1639 5387 1688 5437; x_wconf 83' lang='grc' dir='ltr'>εἰ</span> <span class='ocrx_word' id='word_1_684' title='bbox 1729 5384 1802 5454; x_wconf 79' lang='grc' dir='ltr'>μὴ</span> 
     </span>
    </p>
   </div>
   <div class='ocr_carea' id='block_1_105' title="bbox 229 5475 1804 5550">
    <p class='ocr_par' dir='ltr' id='par_1_105' title="bbox 229 5475 1804 5550">
     <span class='ocr_line' id='line_1_105' title="bbox 229 5475 1804 5550; baseline -0.004 -18"><span class='ocrx_word' id='word_1_685' title='bbox 229 5479 614 5550; x_wconf 77' lang='grc' dir='ltr'>παραχωρηθῇ</span> <span class='ocrx_word' id='word_1_686' title='bbox 647 5479 724 5548; x_wconf 86' lang='grc' dir='ltr'>τῷ</span> <span class='ocrx_word' id='word_1_687' title='bbox 771 5480 964 5548; x_wconf 81' lang='grc' dir='ltr'>φθορεῖ</span> <span class='ocrx_word' id='word_1_688' title='bbox 1013 5477 1355 5546; x_wconf 73' lang='grc' dir='ltr'>γαμηθῆναι,</span> <span class='ocrx_word' id='word_1_689' title='bbox 1391 5475 1804 5546; x_wconf 69' lang='grc' dir='ltr'>περιλειφθήσε-</span> 
     </span>
    </p>
   </div>
   <div class='ocr_carea' id='block_1_106' title="bbox 225 5564 1800 5640">
    <p class='ocr_par' dir='ltr' id='par_1_106' title="bbox 225 5564 1800 5640">
     <span class='ocr_line' id='line_1_106' title="bbox 225 5564 1800 5640; baseline -0.004 -15"><span class='ocrx_word' id='word_1_690' title='bbox 225 5591 327 5625; x_wconf 83' lang='grc' dir='ltr'><strong>ται</strong></span> <span class='ocrx_word' id='word_1_691' title='bbox 366 5575 566 5640; x_wconf 72' lang='grc' dir='ltr'>ἄτιμος</span> <span class='ocrx_word' id='word_1_692' title='bbox 619 5571 714 5623; x_wconf 76' lang='grc' dir='ltr'>καὶ</span> <span class='ocrx_word' id='word_1_693' title='bbox 762 5571 948 5632; x_wconf 70' lang='grc' dir='ltr'>ἐλέους</span> <span class='ocrx_word' id='word_1_694' title='bbox 979 5571 1126 5634; x_wconf 68' lang='grc' dir='ltr'>ἀξία*</span> <span class='ocrx_word' id='word_1_695' title='bbox 1166 5571 1195 5639; x_wconf 75' lang='grc' dir='ltr'>ἡ</span> <span class='ocrx_word' id='word_1_696' title='bbox 1229 5569 1284 5620; x_wconf 76' lang='grc' dir='ltr'><strong>δὲ</strong></span> <span class='ocrx_word' id='word_1_697' title='bbox 1330 5568 1690 5637; x_wconf 83' lang='grc' dir='ltr'>πορνευθεῖσα</span> <span class='ocrx_word' id='word_1_698' title='bbox 1740 5564 1800 5619; x_wconf 70' lang='grc' dir='ltr'>οὗ</span> 
     </span>
    </p>
   </div>
   <div class='ocr_carea' id='block_1_107' title="bbox 227 5658 1798 5733">
    <p class='ocr_par' dir='ltr' id='par_1_107' title="bbox 227 5658 1798 5733">
     <span class='ocr_line' id='line_1_107' title="bbox 227 5658 1798 5733; baseline -0.003 -18"><span class='ocrx_word' id='word_1_699' title='bbox 227 5662 532 5733; x_wconf 74' lang='grc' dir='ltr'>ζημιοζται</span> <span class='ocrx_word' id='word_1_700' title='bbox 556 5661 834 5727; x_wconf 76' lang='grc' dir='ltr'>τοσοζτον,</span> <span class='ocrx_word' id='word_1_701' title='bbox 863 5663 955 5714; x_wconf 72' lang='grc' dir='ltr'><strong>ἐὰν</strong></span> <span class='ocrx_word' id='word_1_702' title='bbox 978 5661 1052 5730; x_wconf 79' lang='grc' dir='ltr'>μὴ</span> <span class='ocrx_word' id='word_1_703' title='bbox 1074 5661 1299 5729; x_wconf 74' lang='grc' dir='ltr'>γαμηθῇ</span> <span class='ocrx_word' id='word_1_704' title='bbox 1336 5659 1413 5727; x_wconf 79' lang='grc' dir='ltr'><strong>τῷ</strong></span> <span class='ocrx_word' id='word_1_705' title='bbox 1441 5658 1798 5728; x_wconf 75' lang='grc' dir='ltr'>πορνεύσαντι</span> 
     </span>
    </p>
   </div>
   <div class='ocr_carea' id='block_1_108' title="bbox 1907 4482 3496 4560">
    <p class='ocr_par' dir='ltr' id='par_1_108' title="bbox 1907 4482 3496 4560">
     <span class='ocr_line' id='line_1_108' title="bbox 1907 4482 3496 4560; baseline 0.006 -29"><span class='ocrx_word' id='word_1_706' title='bbox 1907 4483 2104 4551; x_wconf 88' lang='lat' dir='ltr'><strong>quibus</strong></span> <span class='ocrx_word' id='word_1_707' title='bbox 2136 4482 2504 4536; x_wconf 79' lang='lat' dir='ltr'><strong>fornicationis</strong></span> <span class='ocrx_word' id='word_1_708' title='bbox 2532 4496 2690 4548; x_wconf 70' lang='lat' dir='ltr'><strong>pmua</strong></span> <span class='ocrx_word' id='word_1_709' title='bbox 2722 4483 2963 4552; x_wconf 79' lang='lat' dir='ltr'><strong>injuncta</strong></span> <span class='ocrx_word' id='word_1_710' title='bbox 2996 4493 3122 4550; x_wconf 38' lang='lat' dir='ltr'><strong>est“</strong></span> <span class='ocrx_word' id='word_1_711' title='bbox 3149 4500 3246 4539; x_wconf 90' lang='lat' dir='ltr'><strong>nec</strong></span> <span class='ocrx_word' id='word_1_712' title='bbox 3297 4502 3496 4560; x_wconf 48' lang='lat' dir='ltr'><strong>sacra;</strong></span> 
     </span>
    </p>
   </div>
   <div class='ocr_carea' id='block_1_109' title="bbox 1909 4572 3480 4642">
    <p class='ocr_par' dir='ltr' id='par_1_109' title="bbox 1909 4572 3480 4642">
     <span class='ocr_line' id='line_1_109' title="bbox 1909 4572 3480 4642; baseline 0.004 -16"><span class='ocrx_word' id='word_1_713' title='bbox 1909 4589 2212 4628; x_wconf 76' lang='lat' dir='ltr'><strong>mentorum</strong></span> <span class='ocrx_word' id='word_1_714' title='bbox 2244 4572 2393 4626; x_wconf 86' lang='lat' dir='ltr'><strong>fuere</strong></span> <span class='ocrx_word' id='word_1_715' title='bbox 2429 4573 2742 4642; x_wconf 87' lang='lat' dir='ltr'><strong>participes,</strong></span> <span class='ocrx_word' id='word_1_716' title='bbox 2775 4575 2911 4628; x_wconf 90' lang='lat' dir='ltr'><strong>inter</strong></span> <span class='ocrx_word' id='word_1_717' title='bbox 2932 4589 2990 4628; x_wconf 84' lang='lat' dir='ltr'><strong>se</strong></span> <span class='ocrx_word' id='word_1_718' title='bbox 3009 4578 3480 4632; x_wconf 80' lang='lat' dir='ltr'><strong>matriutontalitcr</strong></span> 
     </span>
    </p>
   </div>
   <div class='ocr_carea' id='block_1_110' title="bbox 1909 4661 3476 4738">
    <p class='ocr_par' dir='ltr' id='par_1_110' title="bbox 1909 4661 3476 4738">
     <span class='ocr_line' id='line_1_110' title="bbox 1909 4661 3476 4738; baseline 0.004 -20"><span class='ocrx_word' id='word_1_719' title='bbox 1909 4664 2303 4718; x_wconf 77' lang='lat' dir='ltr'><strong>convenerint?</strong></span> <span class='ocrx_word' id='word_1_720' title='bbox 2346 4661 2498 4728; x_wconf 85' lang='lat' dir='ltr'><strong>Quod</strong></span> <span class='ocrx_word' id='word_1_721' title='bbox 2559 4664 2606 4718; x_wconf 87' lang='lat' dir='ltr'><strong>si</strong></span> <span class='ocrx_word' id='word_1_722' title='bbox 2640 4662 2871 4727; x_wconf 67' lang='lat' dir='ltr'><strong>dixeris,</strong></span> <span class='ocrx_word' id='word_1_723' title='bbox 2917 4675 3202 4734; x_wconf 83' lang='lat' dir='ltr'><strong>postquam</strong></span> <span class='ocrx_word' id='word_1_724' title='bbox 3265 4669 3332 4722; x_wconf 78' lang='lat' dir='ltr'><strong>iis</strong></span> <span class='ocrx_word' id='word_1_725' title='bbox 3386 4673 3476 4738; x_wconf 88' lang='lat' dir='ltr'><strong>qui</strong></span> 
     </span>
    </p>
   </div>
   <div class='ocr_carea' id='block_1_111' title="bbox 1909 4755 3474 4824">
    <p class='ocr_par' dir='ltr' id='par_1_111' title="bbox 1909 4755 3474 4824">
     <span class='ocr_line' id='line_1_111' title="bbox 1909 4755 3474 4824; baseline 0 -14"><span class='ocrx_word' id='word_1_726' title='bbox 1909 4757 2158 4810; x_wconf 89' lang='lat' dir='ltr'><strong>fornicati</strong></span> <span class='ocrx_word' id='word_1_727' title='bbox 2194 4767 2320 4810; x_wconf 88' lang='lat' dir='ltr'><strong>sunt</strong></span> <span class='ocrx_word' id='word_1_728' title='bbox 2355 4770 2509 4824; x_wconf 74' lang='lat' dir='ltr'><strong>pmna</strong></span> <span class='ocrx_word' id='word_1_729' title='bbox 2545 4756 2783 4822; x_wconf 84' lang='lat' dir='ltr'><strong>injuncta</strong></span> <span class='ocrx_word' id='word_1_730' title='bbox 2835 4755 3000 4810; x_wconf 89' lang='lat' dir='ltr'><strong>fuerit</strong></span> <span class='ocrx_word' id='word_1_731' title='bbox 3055 4767 3165 4812; x_wconf 89' lang='lat' dir='ltr'><strong>toto</strong></span> <span class='ocrx_word' id='word_1_732' title='bbox 3222 4758 3474 4824; x_wconf 85' lang='lat' dir='ltr'><strong>triennio,</strong></span> 
     </span>
    </p>
   </div>
   <div class='ocr_carea' id='block_1_112' title="bbox 1911 4847 3479 4915">
    <p class='ocr_par' dir='ltr' id='par_1_112' title="bbox 1911 4847 3479 4915">
     <span class='ocr_line' id='line_1_112' title="bbox 1911 4847 3479 4915; baseline 0.001 -14"><span class='ocrx_word' id='word_1_733' title='bbox 1911 4863 1978 4901; x_wconf 90' lang='lat' dir='ltr'><strong>ne</strong></span> <span class='ocrx_word' id='word_1_734' title='bbox 2004 4847 2364 4908; x_wconf 88' lang='lat' dir='ltr'><strong>fornicentur,</strong></span> <span class='ocrx_word' id='word_1_735' title='bbox 2409 4861 2513 4899; x_wconf 91' lang='lat' dir='ltr'><strong>non</strong></span> <span class='ocrx_word' id='word_1_736' title='bbox 2569 4847 2875 4915; x_wconf 82' lang='lat' dir='ltr'><strong>prohiberis</strong></span> <span class='ocrx_word' id='word_1_737' title='bbox 2919 4848 2998 4900; x_wconf 83' lang='lat' dir='ltr'><strong>eis</strong></span> <span class='ocrx_word' id='word_1_738' title='bbox 3052 4850 3373 4914; x_wconf 81' lang='lat' dir='ltr'><strong>concedere,</strong></span> <span class='ocrx_word' id='word_1_739' title='bbox 3420 4861 3479 4903; x_wconf 91' lang='lat' dir='ltr'><strong>ut</strong></span> 
     </span>
    </p>
   </div>
   <div class='ocr_carea' id='block_1_113' title="bbox 1912 4937 3474 5009">
    <p class='ocr_par' dir='ltr' id='par_1_113' title="bbox 1912 4937 3474 5009">
     <span class='ocr_line' id='line_1_113' title="bbox 1912 4937 3474 5009; baseline 0.002 -16"><span class='ocrx_word' id='word_1_740' title='bbox 1912 4948 2035 5009; x_wconf 82' lang='lat' dir='ltr'><strong>post</strong></span> <span class='ocrx_word' id='word_1_741' title='bbox 2071 4938 2360 4992; x_wconf 79' lang='lat' dir='ltr'><strong>triennium</strong></span> <span class='ocrx_word' id='word_1_742' title='bbox 2408 4937 2649 5007; x_wconf 72' lang='lat' dir='ltr'><strong>legitimo</strong></span> <span class='ocrx_word' id='word_1_743' title='bbox 2681 4938 3024 4992; x_wconf 82' lang='lat' dir='ltr'><strong>matrimOnio</strong></span> <span class='ocrx_word' id='word_1_744' title='bbox 3057 4939 3474 5006; x_wconf 67' lang='lat' dir='ltr'><strong>coniungantur.</strong></span> 
     </span>
    </p>
   </div>
   <div class='ocr_carea' id='block_1_114' title="bbox 1908 5027 3477 5099">
    <p class='ocr_par' dir='ltr' id='par_1_114' title="bbox 1908 5027 3477 5099">
     <span class='ocr_line' id='line_1_114' title="bbox 1908 5027 3477 5099; baseline 0.001 -16"><span class='ocrx_word' id='word_1_745' title='bbox 1908 5027 2331 5098; x_wconf 61' lang='lat' dir='ltr'><strong>luhrrogaverit</strong></span> <span class='ocrx_word' id='word_1_746' title='bbox 2380 5038 2559 5081; x_wconf 87' lang='lat' dir='ltr'><strong>autem</strong></span> <span class='ocrx_word' id='word_1_747' title='bbox 2587 5028 2874 5096; x_wconf 88' lang='lat' dir='ltr'><strong>quispiam,</strong></span> <span class='ocrx_word' id='word_1_748' title='bbox 2908 5027 3017 5082; x_wconf 89' lang='lat' dir='ltr'><strong>Cur</strong></span> <span class='ocrx_word' id='word_1_749' title='bbox 3049 5029 3307 5099; x_wconf 75' lang='lat' dir='ltr'><strong>virginem</strong></span> <span class='ocrx_word' id='word_1_750' title='bbox 3359 5033 3477 5099; x_wconf 89' lang='lat' dir='ltr'><strong>qni-</strong></span> 
     </span>
    </p>
   </div>
   <div class='ocr_carea' id='block_1_115' title="bbox 1909 5117 3470 5189">
    <p class='ocr_par' dir='ltr' id='par_1_115' title="bbox 1909 5117 3470 5189">
     <span class='ocr_line' id='line_1_115' title="bbox 1909 5117 3470 5189; baseline -0.002 -15"><span class='ocrx_word' id='word_1_751' title='bbox 1909 5135 2031 5174; x_wconf 81' lang='lat' dir='ltr'><strong>nem</strong></span> <span class='ocrx_word' id='word_1_752' title='bbox 2069 5129 2187 5187; x_wconf 88' lang='lat' dir='ltr'><strong>post</strong></span> <span class='ocrx_word' id='word_1_753' title='bbox 2221 5127 2466 5184; x_wconf 86' lang='lat' dir='ltr'><strong>stuprum</strong></span> <span class='ocrx_word' id='word_1_754' title='bbox 2501 5117 2744 5170; x_wconf 90' lang='lat' dir='ltr'><strong>decernit</strong></span> <span class='ocrx_word' id='word_1_755' title='bbox 2776 5129 2996 5171; x_wconf 86' lang='lat' dir='ltr'><strong>sanctus</strong></span> <span class='ocrx_word' id='word_1_756' title='bbox 3028 5118 3315 5185; x_wconf 87' lang='lat' dir='ltr'><strong>stupratori</strong></span> <span class='ocrx_word' id='word_1_757' title='bbox 3349 5121 3470 5189; x_wconf 80' lang='lat' dir='ltr'><strong>legi-</strong></span> 
     </span>
    </p>
   </div>
   <div class='ocr_carea' id='block_1_116' title="bbox 1912 5207 3473 5277">
    <p class='ocr_par' dir='ltr' id='par_1_116' title="bbox 1912 5207 3473 5277">
     <span class='ocr_line' id='line_1_116' title="bbox 1912 5207 3473 5277; baseline 0 -15"><span class='ocrx_word' id='word_1_758' title='bbox 1912 5210 2042 5266; x_wconf 81' lang='lat' dir='ltr'><strong>time</strong></span> <span class='ocrx_word' id='word_1_759' title='bbox 2070 5208 2340 5277; x_wconf 78' lang='lat' dir='ltr'><strong>conjungi,</strong></span> <span class='ocrx_word' id='word_1_760' title='bbox 2364 5223 2457 5262; x_wconf 87' lang='lat' dir='ltr'><strong>eos</strong></span> <span class='ocrx_word' id='word_1_761' title='bbox 2485 5218 2666 5261; x_wconf 87' lang='lat' dir='ltr'><strong>autem</strong></span> <span class='ocrx_word' id='word_1_762' title='bbox 2705 5207 2794 5275; x_wconf 91' lang='lat' dir='ltr'><strong>qui</strong></span> <span class='ocrx_word' id='word_1_763' title='bbox 2837 5208 3089 5260; x_wconf 87' lang='lat' dir='ltr'><strong>fornicati</strong></span> <span class='ocrx_word' id='word_1_764' title='bbox 3121 5217 3249 5261; x_wconf 92' lang='lat' dir='ltr'><strong>sunt</strong></span> <span class='ocrx_word' id='word_1_765' title='bbox 3285 5211 3473 5262; x_wconf 84' lang='lat' dir='ltr'><strong>matri-</strong></span> 
     </span>
    </p>
   </div>
   <div class='ocr_carea' id='block_1_117' title="bbox 1914 5297 3468 5369">
    <p class='ocr_par' dir='ltr' id='par_1_117' title="bbox 1914 5297 3468 5369">
     <span class='ocr_line' id='line_1_117' title="bbox 1914 5297 3468 5369; baseline -0.003 -13"><span class='ocrx_word' id='word_1_766' title='bbox 1914 5302 2096 5356; x_wconf 92' lang='lat' dir='ltr'><strong>monio</strong></span> <span class='ocrx_word' id='word_1_767' title='bbox 2130 5301 2286 5352; x_wconf 83' lang='lat' dir='ltr'><strong>facile</strong></span> <span class='ocrx_word' id='word_1_768' title='bbox 2314 5297 2560 5369; x_wconf 73' lang='lat' dir='ltr'><strong>conjungi</strong></span> <span class='ocrx_word' id='word_1_769' title='bbox 2600 5314 2706 5352; x_wconf 90' lang='lat' dir='ltr'><strong>non</strong></span> <span class='ocrx_word' id='word_1_770' title='bbox 2763 5297 2910 5360; x_wconf 90' lang='lat' dir='ltr'><strong>sinit,</strong></span> <span class='ocrx_word' id='word_1_771' title='bbox 2969 5297 3070 5350; x_wconf 91' lang='lat' dir='ltr'><strong>uisi</strong></span> <span class='ocrx_word' id='word_1_772' title='bbox 3123 5311 3243 5352; x_wconf 91' lang='lat' dir='ltr'><strong>cum</strong></span> <span class='ocrx_word' id='word_1_773' title='bbox 3280 5299 3468 5352; x_wconf 76' lang='lat' dir='ltr'><strong>distin-</strong></span> 
     </span>
    </p>
   </div>
   <div class='ocr_carea' id='block_1_118' title="bbox 1909 5386 3472 5458">
    <p class='ocr_par' dir='ltr' id='par_1_118' title="bbox 1909 5386 3472 5458">
     <span class='ocr_line' id='line_1_118' title="bbox 1909 5386 3472 5458; baseline -0.001 -13"><span class='ocrx_word' id='word_1_774' title='bbox 1909 5392 2106 5446; x_wconf 84' lang='lat' dir='ltr'><strong>ctione.</strong></span> <span class='ocrx_word' id='word_1_775' title='bbox 2156 5389 2385 5442; x_wconf 84' lang='lat' dir='ltr'><strong>Solulio.</strong></span> <span class='ocrx_word' id='word_1_776' title='bbox 2433 5386 2706 5458; x_wconf 75' lang='lat' dir='ltr'><strong>Virginem</strong></span> <span class='ocrx_word' id='word_1_777' title='bbox 2754 5386 2966 5456; x_wconf 86' lang='lat' dir='ltr'><strong>quidem</strong></span> <span class='ocrx_word' id='word_1_778' title='bbox 3001 5395 3119 5454; x_wconf 88' lang='lat' dir='ltr'><strong>post</strong></span> <span class='ocrx_word' id='word_1_779' title='bbox 3171 5388 3218 5441; x_wconf 90' lang='lat' dir='ltr'><strong>ei</strong></span> <span class='ocrx_word' id='word_1_780' title='bbox 3254 5388 3472 5444; x_wconf 85' lang='lat' dir='ltr'><strong>allatum</strong></span> 
     </span>
    </p>
   </div>
   <div class='ocr_carea' id='block_1_119' title="bbox 1911 5476 3476 5548">
    <p class='ocr_par' dir='ltr' id='par_1_119' title="bbox 1911 5476 3476 5548">
     <span class='ocr_line' id='line_1_119' title="bbox 1911 5476 3476 5548; baseline -0.001 -14"><span class='ocrx_word' id='word_1_781' title='bbox 1911 5491 2156 5548; x_wconf 83' lang='lat' dir='ltr'><strong>stuprum</strong></span> <span class='ocrx_word' id='word_1_782' title='bbox 2187 5494 2344 5532; x_wconf 90' lang='lat' dir='ltr'><strong>nemo</strong></span> <span class='ocrx_word' id='word_1_783' title='bbox 2372 5477 2606 5532; x_wconf 81' lang='lat' dir='ltr'><strong>fortasse</strong></span> <span class='ocrx_word' id='word_1_784' title='bbox 2641 5476 2781 5532; x_wconf 83' lang='lat' dir='ltr'><strong>volet</strong></span> <span class='ocrx_word' id='word_1_785' title='bbox 2813 5477 2865 5530; x_wconf 90' lang='lat' dir='ltr'><strong>in</strong></span> <span class='ocrx_word' id='word_1_786' title='bbox 2898 5478 3300 5531; x_wconf 86' lang='lat' dir='ltr'><strong>matrimonium</strong></span> <span class='ocrx_word' id='word_1_787' title='bbox 3329 5482 3476 5533; x_wconf 85' lang='lat' dir='ltr'><strong>acci-</strong></span> 
     </span>
    </p>
   </div>
   <div class='ocr_carea' id='block_1_120' title="bbox 1912 5567 3471 5639">
    <p class='ocr_par' dir='ltr' id='par_1_120' title="bbox 1912 5567 3471 5639">
     <span class='ocr_line' id='line_1_120' title="bbox 1912 5567 3471 5639; baseline 0.003 -21"><span class='ocrx_word' id='word_1_788' title='bbox 1912 5585 2059 5639; x_wconf 75' lang='lat' dir='ltr'><strong>pere,</strong></span> <span class='ocrx_word' id='word_1_789' title='bbox 2088 5576 2140 5622; x_wconf 91' lang='lat' dir='ltr'><strong>et</strong></span> <span class='ocrx_word' id='word_1_790' title='bbox 2171 5569 2270 5621; x_wconf 89' lang='lat' dir='ltr'><strong>nisi</strong></span> <span class='ocrx_word' id='word_1_791' title='bbox 2306 5569 2378 5621; x_wconf 85' lang='lat' dir='ltr'><strong>illi</strong></span> <span class='ocrx_word' id='word_1_792' title='bbox 2410 5569 2754 5637; x_wconf 88' lang='lat' dir='ltr'><strong>permittatur</strong></span> <span class='ocrx_word' id='word_1_793' title='bbox 2771 5567 2926 5637; x_wconf 85' lang='lat' dir='ltr'><strong>eiqui</strong></span> <span class='ocrx_word' id='word_1_794' title='bbox 2957 5569 3218 5637; x_wconf 86' lang='lat' dir='ltr'><strong>stupravit</strong></span> <span class='ocrx_word' id='word_1_795' title='bbox 3249 5570 3471 5630; x_wconf 80' lang='lat' dir='ltr'><strong>nubere,</strong></span> 
     </span>
    </p>
   </div>
   <div class='ocr_carea' id='block_1_121' title="bbox 1910 5655 3474 5724">
    <p class='ocr_par' dir='ltr' id='par_1_121' title="bbox 1910 5655 3474 5724">
     <span class='ocr_line' id='line_1_121' title="bbox 1910 5655 3474 5724; baseline -0.001 -12"><span class='ocrx_word' id='word_1_796' title='bbox 1910 5659 2174 5713; x_wconf 66' lang='lat' dir='ltr'><strong>dedecore</strong></span> <span class='ocrx_word' id='word_1_797' title='bbox 2205 5657 2395 5710; x_wconf 75' lang='lat' dir='ltr'><strong>affecta</strong></span> <span class='ocrx_word' id='word_1_798' title='bbox 2443 5671 2506 5711; x_wconf 86' lang='lat' dir='ltr'><strong>ac</strong></span> <span class='ocrx_word' id='word_1_799' title='bbox 2561 5655 2884 5711; x_wconf 82' lang='lat' dir='ltr'><strong>miscrabiiis</strong></span> <span class='ocrx_word' id='word_1_800' title='bbox 2934 5656 3287 5724; x_wconf 87' lang='lat' dir='ltr'><strong>relinquetur.</strong></span> <span class='ocrx_word' id='word_1_801' title='bbox 3347 5658 3474 5722; x_wconf 78' lang='lat' dir='ltr'><strong>Qua:</strong></span> 
     </span>
    </p>
   </div>
  </div>
