4018 6438
169 283 266 348 677

1087 280 1170 340 IN
1210 281 1454 342 El’lST.
1488 280 1543 336 S.
1585 282 1867 341 B.\SlLll
1907 285 2354 352 CANUNICAM
2395 293 2476 356 ll.

3314 299 3420 366 678

238 398 535 470 τραύματα
555 391 936 449 ἀνακόλουθον.
958 392 1194 462 Εὐλογία
1223 394 1330 463 γὰρ
1351 392 1625 461 ἁγιασμοῦ
1652 410 1716 460 με

1923 399 2079 454 debet
2105 402 2325 456 vulnera
2357 418 2570 464 curare.
2602 419 2705 459 non
2731 413 2814 461 est
2841 417 3287 467 consentaneum.
3317 412 3419 467 Be-

233 489 458 546 τάδοσίς
499 489 670 540 ἐστιν.
721 484 781 538 '0
840 487 895 538 δὲ
931 486 1088 536 τοίτο
1145 484 1218 553 μὴ
1250 485 1386 553 ἔχων
1420 483 1506 536 διὰ
1557 485 1617 535 τὸ
1647 486 1740 550 τῆς

234 583 466 648 ἀγνοίας
490 580 865 648 παράπτωμα,
884 577 999 640 πῶς
1028 578 1200 646 ἑτέρῳ
1224 577 1558 644 μεταδώσεις
1589 578 1742 644 Μήτε

231 662 422 728 τοίνυν
482 673 720 741 δημοσίᾳ
776 672 912 741 μήτε
973 670 1079 739 ίδίᾳ⁵
1128 669 1440 734 εὐλογείτω,
1496 670 1630 738 μήτε
1684 669 1745 720 τὸ

237 766 402 834 σῶμα
439 763 532 816 τοῦ
568 760 811 831 Χριστοῦ
843 760 1206 828 κατανεμέτιο
1236 760 1431 828 ἑτέρῳ,
1487 761 1623 826 μήτε
1687 775 1741 809 τι

234 858 368 911 ἄλλο
421 855 828 922 λειτουργείτω,
884 852 1018 904 ἀλλὰ
1075 849 1416 920 ἀρκούμενος
1463 851 1528 918 τῇ
1575 866 1739 915 προε-

235 951 384 1019 δρίᾳ,
437 946 822 1016 προσκλαιέτω
853 945 1060 1012 ἑτέροις
1099 945 1190 994 καὶ
1222 941 1298 1011 τῷ
1357 942 1569 1009 Κυρίῳ,
1610 957 1739 1006 συγ-

234 1038 555 1109 χωρηθῆναι
626 1036 777 1106 αὐτῷ
839 1036 899 1087 τδ
963 1036 1029 1087 ἐκ
1101 1033 1203 1102 τῆς
1266 1035 1488 1100 ἀγνοίας
1560 1035 1743 1103 ἁμάρ-

229 1147 406 1198 τςμα.

232 1219 430 1273 ΒΔΛΣ.
466 1218 558 1281 Εἰς
597 1218 725 1286 τρία
759 1216 1098 1288 διαιροῖνται
1129 1217 1178 1269 ot
1220 1217 1588 1287 κεκωλυμένοι
1645 1219 1743 1286 γά·

171 1328 278 1378 μοι,
318 1313 397 1371 είς
429 1311 692 1379 νεφάριον
721 1314 812 1362 τὸν
839 1305 1134 1376 λεγόμενον
1170 1310 1510 1376 παράνομον,
1543 1309 1616 1371 ὡς
1651 1311 1740 1362 ὅτε

163 1401 304 1471 λάϐῃ
374 1418 460 1463 τις
511 1402 591 1461 είς
653 1400 834 1468 γάμον
897 1400 994 1466 τὴν
1049 1400 1541 1466 ἐπιτροπευθεῖσαν
1588 1401 1739 1469 παρὰ

160 1493 412 1560 τούτουῆ
449 1491 545 1544 τοῦ
577 1491 786 1559 πατρὸς
844 1489 1031 1551 αὑτοῦ,
1071 1490 1103 1558 ἦ
1154 1491 1254 1558 τὴν
1287 1490 1455 1542 οὖσαν
1491 1492 1594 1542 ὑπὸ
1642 1493 1740 1560 τὴν

162 1584 547 1653 πρακτορικὴν
587 1581 842 1645 ἐξουσίαν
876 1580 1068 1632 τούτου
1106 1580 1136 1648 ἢ
1173 1580 1267 1631 τοῦ
1294 1581 1501 1649 πατρὸς
1531 1581 1694 1632 αὐτοῦ
1719 1593 1735 1610 ⁸

160 1679 236 1736 είς
266 1675 564 1743 δαμνᾶτον,
599 1673 690 1724 τὸν
736 1672 1029 1738 λεγόμενον
1081 1673 1436 1737 κατάκριτον,
1495 1673 1554 1732 ὃς
1591 1675 1736 1723 ἐστιν

159 1771 185 1820 ὁ
219 1767 360 1836 μετά
398 1763 705 1834 μοναχῆςῆ
761 1764 955 1835 ἐτέρας
1005 1760 1432 1830 ἁνατεθειμένης
1490 1761 1569 1831 τῷ
1616 1761 1734 1831 Θεῷ

157 1859 338 1927 γάμος
360 1872 374 1886 ·
409 1858 505 1908 καὶ
545 1855 626 1918 είς
648 1855 740 1907 τὸν
789 1855 1062 1922 ῐγκεστον,
1101 1853 1194 1905 τὸν
1229 1854 1322 1904 καὶ
1366 1853 1625 1921 ἀθέμιτον
1651 1855 1737 1905 λε-

159 1952 418 2019 γόμενον,
483 1949 728 2017 δηλονότι
763 1948 856 1999 τὸν
889 1947 1029 2014 μετὰ
1066 1946 1399 2013 συγγενικοῦ
1440 1946 1670 2013 προσὼπ
1704 1964 1732 1997 υ

157 2041 549 2106 κεκωλυμένου
582 2036 889 2106 προϐάντα.
939 2036 1096 2098 Τινὶς
1127 2037 1260 2102 γοῦν
1313 2038 1502 2104 ἱερέως
1548 2037 1606 2087 ὲν
1635 2038 1735 2102 ἀγ·

161 2131 278 2198 νοξᾳ
318 2130 500 2197 γάμον
531 2127 796 2195 ἀθέμιτον
830 2126 1286 2189 συναλλάξαντος,
1317 2129 1414 2179 καὶ
1456 2127 1546 2179 διὰ
1572 2127 1734 2179 τοῦτο

156 2222 534 2288 διαζυγέντος,
569 2222 663 2271 καὶ
698 2217 1027 2288 καθαιρέσει
1056 2219 1447 2279 ὑποπεσόντος,
1480 2217 1734 2287 ἠρώτησέ

155 2328 238 2373 τις
281 2313 374 2364 τὸν
402 2311 558 2376 ἅγιον
587 2311 636 2361 εἰ
665 2308 874 2376 ὀφείλει
902 2311 929 2361 ὁ
954 2308 1198 2370 τοιοῦτος
1224 2311 1404 2378 ἱερεὺς
1437 2311 1577 2378 μετὰ
1631 2311 1732 2378 τὴν

155 2402 486 2470 καθαίρεσιν
513 2401 795 2470 ίερατικόν
819 2417 871 2452 τι
899 2400 1163 2469 ἐνεργεῖν.
1206 2399 1432 2467 Ἔλεγον
1456 2401 1562 2468 γάρ
1588 2417 1732 2464 τινες

154 2490 252 2553 ὡς,
276 2491 402 2542 ἐπεὶ
432 2495 488 2541 ἐν
514 2490 711 2559 ἀγνοίᾳ
745 2489 1054 2549 ὠλίσθησεν
1079 2491 1107 2541 ὁ
1144 2489 1346 2556 ἱερεὺς,
1389 2492 1487 2557 οὐχ
1530 2492 1734 2544 ὑποπεο

159 2584 336 2633 σεῐται
365 2581 691 2649 καθαιρέσει
715 2596 730 2611 ⁸
769 2586 817 2634 εί
849 2581 903 2634 δέ
936 2580 1268 2650 καθαιρεθῇ,
1299 2580 1409 2632 τῶν
1435 2579 1535 2649 μὲν
1577 2581 1730 2643 ἐντὸς

155 2672 248 2724 τοῦ
282 2671 533 2742 βήματος
560 2671 859 2740 ἐνεργειῶν
896 2671 1296 2741 κωλυθήσεται,
1329 2672 1438 2724 τῶν
1472 2673 1530 2725 δὲ
1571 2673 1730 2735 ἐκτὸς

154 2765 250 2816 οὐκ
284 2765 771 2834 ὲμποδισθήσεται.
803 2763 940 2833 φησι
973 2762 1157 2816 τοίνυν
1184 2763 1212 2815 ὁ
1277 2763 1433 2830 ἅγιος
1488 2763 1730 2828 ὀφείλειν

157 2854 346 2906 τοῦτον
402 2852 815 2922 καθαιρεῖσθαι,
882 2853 977 2905 καὶ
1049 2851 1189 2920 μετά
1238 2853 1336 2921 τὴν
1410 2852 1729 2921 καθαίρεσιν

155 2945 322 3013 τιμῆς
358 2945 457 3012 μέν
481 2946 649 3015 μόνης
676 2946 949 3013 μετέχειν,
985 2944 1105 3014 ἦτοι
1164 2942 1540 3013 πγκαθῆσθαι
1590 2944 1729 3010 μετὰ

1921 491 2158 544 uedietio
2210 503 2292 547 est
2343 494 2794 551 sanctiﬁcationis
2834 499 3294 567 communicatio;
3327 505 3420 570 qui

1917 589 2096 634 autem
2130 597 2246 635 eam
2269 600 2372 638 non
2405 584 2563 638 habet
2591 597 2812 655 propter
2837 588 3153 656 ignorantia:
3184 592 3415 661 lapsum,

1915 677 2186 738 quomodo
2233 673 2353 729 aliis
2397 677 2855 740 communicabit?
2891 678 3001 734 Nec
3027 697 3158 752 ergo
3207 684 3418 752 publice

1917 777 2015 816 uec
2069 765 2315 828 pritatim
2350 765 2650 830 lieuedicat,
2680 783 2778 823 uec
2822 767 3022 822 Christi
3057 785 3249 841 corpus
3294 777 3416 831 aliis

1916 853 2206 919 impertiat,
2237 872 2333 910 nec
2370 857 2582 922 aliquod
2623 859 2768 912 aliud
2803 877 3015 914 suerunt
3055 862 3416 917 ministerium

1913 946 2092 1007 obeat,
2139 949 2230 1000 sed
2287 950 2426 1013 quod
2476 950 2764 1016 praesideat
2824 962 3130 1015 contentus,
3189 957 3309 1009 aliis
3359 966 3416 1011 et

1914 1032 2143 1089 Domino
2169 1036 2382 1102 deﬂeat,
2404 1049 2459 1091 ut
2489 1040 2591 1094 sibi
2624 1041 2938 1109 ignorantia:
2971 1052 3248 1111 peccatum
3281 1060 3412 1100 cou-

1912 1127 2159 1181 donetur.

1917 1240 2108 1294 BALS.
2144 1241 2436 1296 Prohibine
2464 1246 2663 1314 nuptia:
2687 1247 2949 1302 trifariam
2980 1250 3294 1304 dividuntur
3319 1269 3332 1306 :
3358 1254 3410 1306 in

1843 1328 2100 1394 nefarias,
2158 1346 2277 1398 quae
2323 1346 2520 1400 praeter
2569 1335 2714 1402 leges
2766 1337 3041 1402 dicuntur,
3099 1352 3155 1392 ut
3200 1343 3243 1396 si
3291 1343 3413 1409 quis

1839 1435 1957 1473 eam
1988 1419 2140 1488 cujus
2175 1422 2389 1475 tutelam
2418 1424 2577 1491 gerit,
2613 1427 2696 1477 vel
2730 1427 2843 1490 ipse
2894 1429 2972 1481 vel
3023 1441 3175 1498 pater
3220 1433 3410 1498 ipsius,

1840 1527 2062 1564 uxorem
2091 1503 2271 1576 ducat,
2308 1513 2390 1565 vel
2432 1528 2548 1567 eam
2576 1530 2694 1581 qua:
2725 1527 2806 1569 est
2842 1518 2893 1570 in
2941 1522 3083 1588 ejus,
3123 1520 3203 1573 vel
3243 1523 3412 1589 patris

1836 1604 1954 1669 ejus
1987 1603 2203 1657 tutelari
2246 1613 2550 1673 potestate;
2608 1607 2659 1658 iu
2693 1607 2975 1664 damnatas
3012 1626 3107 1664 seu
3153 1613 3409 1664 condent-

1765 1731 1810 1788 Β
1841 1704 2015 1756 natas,
2064 1707 2119 1747 ut
2171 1695 2214 1748 si
2258 1696 2344 1747 ﬁat
2391 1698 2791 1750 matrimonium
2841 1714 2962 1752 cum
3018 1702 3278 1754 monaeha
3329 1702 3410 1756 vel

1838 1786 1939 1838 aiia
1977 1786 2087 1838 Deo
2116 1787 2404 1841 dedicata:
2439 1787 2568 1840 etin
2626 1789 2882 1851 incestas,
2935 1807 3056 1858 quze
3106 1791 3193 1845 hic
3242 1795 3405 1845 etiam

1837 1874 2060 1930 nefaria:
2088 1877 2360 1940 dicuntur,
2407 1887 2459 1928 ut
2493 1877 2536 1929 si
2572 1880 2692 1946 quis
2717 1894 2835 1931 eum
2869 1882 3273 1950 consmguinea
3308 1899 3403 1937 sua

1838 1968 1890 2019 in
1932 1969 2101 2036 gradu
2135 1967 2406 2034 prohibito
2434 1971 2788 2023 contraxerit.
2825 1972 2959 2023 Cum
3013 1986 3142 2041 ergo
3183 1975 3402 2042 quidam

1835 2054 2089 2109 sacerdos
2121 2053 2384 2107 nefarium
2443 2071 2537 2124 per
2583 2058 2943 2125 ignorantiam
2996 2062 3401 2114 matrimonium

1834 2149 2218 2212 contraxisset,
2251 2157 2304 2200 et
2333 2157 2616 2213 propterea
2660 2149 2893 2201 solutum
2927 2162 3087 2212 esset,
3118 2161 3171 2206 et
3205 2155 3317 2220 ipse
3347 2155 3399 2206 in

1833 2239 2225 2306 depositioncm
2256 2238 2558 2302 incidisset,
2583 2239 2940 2308 interrogavit
2980 2242 3242 2310 quispiam
3275 2258 3402 2296 san-

1833 2338 2001 2392 ctum,
2040 2345 2106 2381 an
2143 2329 2186 2382 is
2209 2330 2465 2384 sacerdos
2496 2329 2684 2382 debeat
2723 2340 2842 2397 post
2881 2331 3266 2399 depositiouem
3312 2347 3399 2386 sa-

1833 2420 2104 2476 cerdotale
2132 2420 2405 2489 quidpiam
2447 2434 2725 2474 exercere.
2769 2420 3024 2474 Dicebant
3073 2423 3214 2474 enim
3264 2437 3400 2475 nou-

1833 2512 1986 2574 nulli,
2051 2512 2196 2580 quod
2260 2511 2513 2577 quoniam
2581 2509 2834 2564 sacerdos
2893 2526 2987 2579 per
3041 2511 3395 2578 ignorantiam

1835 2602 2020 2671 lapsus
2053 2611 2216 2660 esset.
2258 2616 2359 2653 non
2391 2601 2710 2670 subjicietur
2759 2602 3082 2670 depesitioui
3122 2604 3252 2657 :siu
3297 2618 3398 2654 au-

1835 2705 1940 2749 tem
1992 2693 2156 2747 fuerit
2189 2693 2488 2760 depositus,
2538 2693 2606 2744 ab
2655 2692 2956 2746 actionibus
3004 2692 3216 2760 quidem
3276 2706 3398 2759 qua:

1834 2788 1968 2840 lium
2003 2787 2144 2838 intra
2173 2783 2404 2837 tribunal
2438 2783 2737 2848 atcebitur,
2785 2784 2878 2836 sed
2925 2797 3031 2835 non
3069 2782 3135 2835 ab
3165 2783 3396 2835 actioni-

1834 2879 1933 2930 bus
1967 2891 2085 2943 quze
2120 2883 2249 2928 sunt
2296 2883 2446 2925 extra
2480 2873 2740 2926 tribunal.
2791 2873 2925 2926 Dicit
2974 2886 3105 2941 ergo
3155 2882 3395 2934 sanctus,

1831 2985 1952 3022 eum
1989 2967 2188 3019 debere
2222 2965 2434 3030 deponi,
2460 2971 2512 3016 et
2544 2974 2661 3032 post
2686 2962 3071 3031 depositionem
3116 2976 3235 3014 eum
3265 2963 3393 3029 qui-

155 3052 261 3086 των
289 3035 712 3104 πρεσϐυτέρων,
742 3035 853 3088 τῶν
901 3035 956 3087 δὲ
992 3035 1194 3087 λοιπῶν
1234 3036 1529 3105 ίερατικῶν
1576 3037 1724 3103 ἐνερ-

1834 3061 1952 3111 dem
1989 3072 2112 3110 esse
2147 3055 2312 3107 solius
2346 3055 2563 3124 honoris
2596 3053 2938 3121 participem,
2974 3060 3033 3104 ut
3075 3051 3285 3105 scilicet
3310 3067 3396 3102 se-

159 3128 326 3194 γειῶν
349 3127 677 3196 ἀπέχεσθαι,
709 3129 876 3199 ήγουν
905 3130 1042 3196 μήτε
1069 3127 1236 3196 εὐχὴν
1256 3126 1436 3193 λέγειν
1466 3127 1724 3197 δημοσίᾳ,

156 3219 438 3270 τουτέστιν
470 3221 528 3271 ἐν
563 3218 859 3289 ἐκκλησίᾳ,
902 3220 1040 3288 μήτε
1076 3219 1204 3287 tota,
1254 3220 1529 3270 τουτέστιν
1571 3220 1729 3280 ἐκτὸς

154 3310 248 3377 τῆς
273 3309 574 3378 ἐκκλησίας
594 3326 607 3339 °
636 3310 769 3362 ἀλλὰ
794 3310 930 3379 μηδὲ
959 3311 1026 3363 τὰ
1060 3314 1187 3377 Ξγια
1226 3311 1724 3379 μεταχειρίζεσθαι,

156 3402 246 3453 καὶ
293 3402 508 3471 ἑτέροις
547 3403 894 3470 μεταδιδόναι
920 3401 1120 3461 αὐτῶν,
1165 3402 1291 3470 μήτ’
1331 3400 1460 3452 ἄλλο
1480 3418 1532 3452 τι
1579 3403 1726 3469 ἱερα-

152 3493 302 3544 τικὸν
327 3495 590 3563 ἐνεργεῖν.
610 3494 925 3563 Ἀρκεῖσθαι
949 3493 1004 3544 δὲ
1025 3496 1090 3561 τῇ
1124 3496 1259 3561 τιμῇ
1294 3493 1389 3560 τῆς
1412 3491 1723 3560 προεδρίας,

153 3586 214 3652 τῇ
253 3585 676 3656 φιλοτιμηθείσῃ
734 3587 882 3656 αὐτῷ
909 3587 993 3637 διὰ
1025 3585 1124 3653 τὴν
1156 3585 1402 3652 ἄγνοιαν.
1469 3585 1725 3655 Εὐλοθγεῖν

159 3675 342 3742 μέντοι
376 3677 601 3746 ἐτέρους
626 3678 718 3730 τὸν
757 3677 998 3728 τοιοῦτον
1031 3677 1090 3727 οὐ
1115 3676 1198 3726 δεῖ
1223 3692 1236 3706 ·
1303 3677 1330 3745 ἡ
1368 3675 1477 3744 γὰρ
1508 3675 1726 3741 εὐλογία

159 3768 443 3832 μετάδοσις
478 3767 755 3837 ἁγιασμοῦ
797 3771 962 3821 ἐστιν.
1003 3768 1060 3822 Ὀ
1085 3769 1140 3819 δὲ
1169 3767 1244 3836 μὴ
1269 3767 1406 3836 ἔχων
1427 3766 1721 3834 ἁγιασμδν,

158 3853 257 3904 κᾶν
284 3854 353 3905 δι’
387 3855 615 3921 ἄγνοιαν
673 3857 978 3924 καθῃρέθη,
1022 3855 1139 3916 πῶς
1183 3857 1373 3908 τούτου
1427 3855 1723 3924 μεταδώσει

157 3945 375 4013 ἐτέρῳ;
413 3946 718 4015 Συγγνώμη
751 3947 807 3998 δὲ
846 3947 1050 3999 δίδοται
1091 3947 1260 4015 αὐτῷ,
1318 3950 1378 3998 οὐ
1433 3948 1591 4014 μόνον
1634 3946 1722 3999 διὰ

155 4035 247 4086 τοῦ
280 4035 666 4104 συγκαθῆσθαι
721 4038 859 4105 μετὰ
901 4037 1010 4089 τῶν
1056 4039 1268 4106 ἱερέων,
1301 4037 1437 4089 ὀλλά
1491 4039 1588 4088 καὶ
1634 4037 1722 4089 διὰ

157 4125 247 4176 τοῦ
285 4126 361 4194 μὴ
390 4127 754 4194 τιμωρεῖσθαι
779 4128 1149 4195 ἁλλοτρόπως.
1189 4127 1250 4178 Εἰ
1293 4127 1400 4197 γὰρ
1425 4129 1482 4178 ἐν
1512 4127 1717 4195 είδήσ;ι

153 4220 176 4269 ἓ
210 4219 342 4272 αὸεν
400 4223 480 4282 είς
536 4223 774 4287 γυναῖκα
807 4223 905 4291 τὴν
949 4223 1354 4291 ἀφιερωθεῖσαν
1384 4221 1461 4290 τῷ
1495 4222 1635 4290 Θεῷ,
1684 4222 1716 4291 ἢ

155 4310 251 4378 τὴν
289 4314 531 4380 συγγενῆ
565 4311 756 4377 αὐτοῦ,
795 4315 887 4364 καὶ
929 4312 1298 4381 ἀλλοτρόπως,
1360 4315 1717 4391 χρηματικῶς

1832 3150 1961 3202 deat
1993 3163 2116 3200 cum
2155 3145 2515 3215 presbyteris,
2548 3158 2575 3195 a
2612 3141 2836 3208 reliquis
2867 3152 3044 3194 autem
3078 3143 3392 3194 sat-enima-

1831 3241 1970 3294 libus
2001 3236 2304 3291 actionibus
2339 3235 2625 3294 abstineat,
2663 3241 2719 3284 ut
2750 3231 2958 3286 scilicet
2984 3245 3161 3296 neque
3187 3231 3391 3285 Oratio-

1830 3346 1949 3383 nem
1988 3330 2128 3380 dicat
2159 3325 2370 3395 publice
2401 3339 2496 3377 Seu
2528 3323 2578 3375 iu
2615 3321 2866 3382 ecclesia,
2905 3337 3001 3374 nec
3032 3321 3302 3389 privatim,
3339 3321 3390 3373 id

1828 3430 1909 3476 est
1944 3431 2094 3473 extra
2123 3417 2404 3470 ecclesiam
2438 3432 2451 3466 :
2491 3415 2581 3466 sed
2617 3425 2788 3480 neque
2823 3423 3010 3465 saneta
3049 3420 3258 3470 tractet,
3293 3425 3394 3463 nec

1828 3513 1938 3579 ipsa
1961 3510 2080 3563 aliis
2105 3506 2488 3569 communicet,
2522 3517 2620 3555 nec
2654 3501 2853 3568 aliquid
2883 3501 3024 3553 aliud
3057 3500 3394 3554 sacerdotale

1825 3606 2092 3653 exerceat.
2125 3596 2206 3648 Sit
2233 3606 2409 3646 autem
2444 3600 2727 3645 contentus
2761 3591 3018 3643 sessionis
3049 3592 3269 3651 honore,
3299 3589 3390 3657 qui

1824 3687 1898 3739 illi
1927 3694 2146 3755 propter
2179 3680 2530 3751 ignorantiam
2583 3692 2873 3731 concessus
2914 3687 3014 3733 est.
3068 3676 3250 3730 Talem
3301 3691 3394 3730 auo

1825 3785 1930 3829 tem
1963 3775 2081 3826 aliis
2115 3771 2433 3824 benedicere
2464 3782 2567 3821 nou
2602 3777 2838 3834 oportet.
2887 3765 3201 3819 Benedictio
3242 3768 3388 3818 enim

1821 3873 1903 3919 est
1935 3859 2380 3915 sanetitiratiouis
2411 3857 2723 3923 itupertitio.
2755 3854 2855 3920 Qui
2890 3863 3064 3908 autem
3094 3870 3198 3907 non
3229 3855 3393 3907 habet

1821 3951 2330 4009 sanctilicationem,
2357 3947 2569 4000 etiamsi
2600 3961 2695 4013 per
2731 3947 3088 4014 ignorantiam
3110 3945 3391 4014 depositus

1821 4047 1908 4106 sit,
1957 4040 2224 4110 quomodo
2251 4051 2369 4089 eam
2406 4036 2524 4088 aliis
2553 4035 2867 4101 impertiet?
2905 4033 3070 4088 Venia
3103 4046 3283 4088 autem
3337 4034 3388 4088 ei

1819 4134 1999 4194 datur,
2043 4145 2147 4182 non
2176 4129 2346 4183 solum
2377 4124 2516 4194 quod
2577 4129 2764 4178 sedeat
2813 4141 2935 4178 cum
2985 4126 3388 4190 sacerdotibus,

1819 4225 1912 4277 sed
1931 4211 1991 4276 ἐι
2017 4222 2160 4288 quod
2189 4235 2292 4271 non
2324 4217 2432 4272 alio
2461 4217 2616 4269 modo
2638 4216 2911 4283 puniatur.
2949 4214 3004 4268 Si
3037 4217 3179 4268 enim
3208 4218 3390 4272 sciens

1820 4316 1932 4368 Deo
1983 4322 2355 4365 Consecratam
2406 4308 2699 4368 (etiiinam,
2747 4307 2828 4358 vel
2877 4320 3026 4359 suam
3076 4317 3416 4375 cogttataun,.

151 4398 389 4467 δηλονότι
457 4403 551 4452 καὶ
599 4402 1044 4471 ἐγκληματικῶς,
1078 4405 1144 4456 ἂν
1197 4403 1488 4470 ἐκολάσθη.
1555 4404 1714 4456 ἅτινα

1825 4417 2041 4458 uxorem
2099 4401 2419 4468 accepisset,
2467 4397 2574 4452 alio
2623 4396 2786 4448 etiam
2847 4397 3026 4461 modo,
3077 4397 3390 4463 pecuniaria

151 4490 248 4541 οὐκ
283 4492 590 4558 ἐπάγονται
627 4486 777 4560 αὐτῷ
848 4493 938 4545 διὰ
989 4493 1089 4561 τὴν
1128 4495 1370 4560 ἄγνοιαν.
1421 4494 1529 4544 Καὶ
1581 4493 1714 4545 ἀνά-

154 4579 319 4642 γνωθι
354 4581 445 4631 τὸν
488 4586 570 4644 ις’
601 4581 776 4633 τίτλον
808 4582 900 4633 τοῦ
925 4581 1010 4650 κη’
1043 4583 1247 4651 βιϐλίου
1279 4600 1292 4613 ⁸
1343 4586 1481 4650 μετὰ
1533 4583 1712 4650 μέντοι

154 4669 212 4719 τὺ
235 4673 614 4738 ἀπαγορεῦσαι
663 4671 811 4740 αὖτῳ
869 4673 1050 4723 πᾶσαν
1089 4671 1370 4740 ἱερατικὴν
1410 4671 1709 4738 ἐνέργειαν.

157 4762 316 4827 φησὶν
346 4764 375 4814 ὸ
399 4762 576 4826 ἅγιος,
611 4761 991 4828 προσκλαιέτω
1033 4763 1240 4829 ἑτέροις
1271 4760 1366 4812 καὶ
1384 4760 1458 4825 τῷ
1491 4761 1707 4829 Κυρίῳ·

154 4849 226 4914 τῷ
249 4851 343 4916 μὲν
367 4848 581 4917 Κυρίῳ,
610 4849 683 4911 ὠς
708 4849 990 4918 δυναμένῳ
1021 4849 1240 4915 ἀφιέναι
1312 4849 1710 4918 ἁμαρτήματα,

156 4943 262 5001 τοῖς
287 4940 344 4992 δὲ
373 4941 607 5006 ἑτέροις,
636 4940 725 4992 ἵνα
774 4942 1019 4992 κάκεῖνοι
1057 4940 1198 5010 ὑπὲρ
1259 4939 1426 4992 αὑτοῦ
1486 4939 1709 4992 δέωνται

157 5028 230 5096 τῷ
259 5031 444 5098 Κυρίῳ
486 5029 911 5099 συγχωρηθῆναι
940 5030 1112 5099 τούτῳ
1131 5032 1190 5082 τὸ
1217 5031 1312 5082 Ἐκ
1349 5029 1442 5081 τοῦ
1469 5028 1708 5095 ἀθέσμου

160 5117 331 5186 γάμου
362 5122 650 5186 ἁνόμημα.
705 5117 1004 5186 Ἐρωτήσει
1035 5118 1090 5169 δέ
1136 5135 1240 5180 τις,
1297 5117 1371 5178 ὡς
1414 5117 1506 5168 Ἐκ
1543 5114 1710 5184 τρῶν

159 5209 362 5274 τρόπων
399 5192 777 5276 κολαζομένων
807 5208 914 5260 τῶν
963 5208 1221 5276 ἀθέσμων
1253 5209 1466 5275 γάμων,
1514 5205 1705 5257 καθαια

163 5298 440 5364 ρεθήσεται
489 5300 583 5349 καὶ
613 5301 640 5350 ὁ
671 5301 900 5368 ποιήσας
947 5303 1264 5368 παράνομον
1302 5299 1503 5367 γάμον,
1539 5297 1706 5366 ἤγουν

159 5388 246 5436 καὶ
271 5389 297 5436 ὁ
321 5387 420 5453 τήν
449 5402 580 5437 ποτε
615 5387 748 5454 παρ’
801 5384 968 5437 αὐτοῦ
1015 5385 1524 5454 ἐπιτροπευθείσαν,
1549 5384 1582 5451 ἢ
1610 5382 1705 5450 τοῦ

160 5478 390 5544 πατέρος
417 5477 604 5537 αὑτοῦ,
655 5479 734 5536 είς
765 5477 941 5543 γάμον
976 5476 1281 5544 ἀγόμενος;
1323 5476 1512 5533 Λύσις.
1554 5475 1706 5526 Ἐπεὶ

157 5567 224 5627 ὡς
256 5569 565 5636 παράνομος
602 5569 692 5619 καὶ
725 5569 752 5619 ὁ
796 5566 1034 5629 τοιοῦτος
1067 5566 1246 5634 γάμος
1292 5566 1612 5631 διασπᾶται,
1646 5565 1706 5630 ἐξ

161 5659 396 5724 ald),an
431 5661 569 5721 μετὰ
603 5659 658 5710 τὸ
685 5657 958 5724 διαζιῇγιον
993 5658 1089 5709 καὶ
1109 5651 1262 5718 οὗτος
1295 5657 1370 5719 ὼς
1399 5659 1704 5726 πορνεύσας

1821 4493 2030 4550 scilicet
2083 4500 2136 4542 et
2176 4489 2423 4543 criminal
2453 4499 2533 4543 tvr
2578 4488 2849 4558 punietur,
2909 4503 3026 4554 Qua:
3069 4486 3284 4554 quidem
3335 4501 3386 4540 et

1821 4592 2038 4649 propter
2071 4579 2426 4646 ignorantiam
2467 4595 2569 4630 non
2619 4572 2956 4641 ittﬂigtlltlur.
2998 4571 3137 4641 Lege
3173 4574 3255 4626 tit.
3295 4575 3385 4639 16,

1822 4670 1915 4724 ιιι).
1951 4684 2140 4722 xxvttt.
2169 4667 2457 4735 Postquam
2491 4676 2667 4719 autem
2699 4673 2918 4719 sanctus
2947 4663 2993 4714 ei
3030 4663 3173 4714 utnui
3201 4677 3384 4715 sacer-

1820 4761 1983 4813 dotali
2015 4759 2226 4811 actioue
2257 4758 2650 4816 interdixisset,
2703 4754 2922 4814 Delleat.
2960 4753 3151 4822 inquit,
3185 4751 3302 4804 aliis
3332 4761 3385 4805 et

1819 4849 2047 4903 Domino
2081 4865 2096 4901 :
2135 4847 2361 4901 Domino
2418 4846 2634 4915 quidem
2693 4855 2753 4899 ut
2795 4848 2886 4914 qui
2943 4855 3116 4911 potest
3165 4855 3381 4912 peccata

1819 4939 2138 5002 remittere;
2171 4935 2311 4998 aliis,
2375 4943 2430 4986 ut
2472 4934 2544 4985 illi
2595 4948 2690 5000 pro
2741 4947 2806 4986 eo
2855 4945 3042 5002 rogent
3098 4933 3381 4986 Dominum

1817 5030 2122 5085 condonare
2149 5029 2195 5082 ei
2241 5027 2490 5080 delictum
2521 5026 2727 5080 nefario
2757 5028 3100 5078 matritttottic
3125 5029 3380 5082 t‘Otmnis-

1817 5134 1956 5174 sum.
1994 5117 2218 5186 Rogabit
2250 5128 2426 5170 autent
2473 5117 2760 5184 quispiam,
2815 5133 2935 5169 cum
2977 5117 3147 5170 tribus
3207 5120 3382 5173 modis

1817 5212 2106 5280 puniantur
2137 5209 2356 5263 nefaria:
2390 5210 2608 5276 nuptiae,
2664 5213 3031 5276 depoueturne
3081 5210 3376 5276 quispiam,

1814 5303 1904 5371 qui
1947 5311 2131 5356 contra
2174 5301 2316 5367 leges
2349 5300 2751 5352 matrimonium
2788 5299 3142 5360 contraxerit,
3194 5308 3380 5366 utpote

1816 5394 1859 5446 is
1885 5391 1973 5460 qui
1997 5407 2137 5454 eam,
2175 5389 2328 5460 cujus
2360 5391 2470 5458 ipse
2494 5390 2571 5443 vel
2599 5398 2744 5455 pater
2766 5388 2879 5456 ejus
2911 5398 3052 5442 tutor
3073 5388 3190 5451 fuit,
3225 5389 3378 5441 duxit

1813 5485 1866 5538 iu
1901 5483 2336 5536 tuatritttouium?
2375 5481 2604 5536 Sulutio.
2641 5479 2903 5545 Quoniam
2953 5481 3051 5532 hoc
3098 5479 3378 5532 matrimo-

1815 5576 1963 5628 nium
1997 5585 2054 5627 ut
2085 5574 2292 5642 legibus
2322 5574 2656 5626 contrarium
2687 5572 3016 5631 dissolvitur,
3043 5571 3129 5623 hic
3157 5584 3376 5638 quoque

1816 5675 1933 5730 post
1966 5664 2280 5725 divortium,
2334 5672 2386 5714 ut
2433 5661 2522 5730 qui
2582 5659 2878 5713 fornicatus
2931 5661 3022 5725 sit,
3061 5661 3374 5713 necessario
