4018 6434
606 285 712 347 ῦἹΣ)

1851 270 2133 331 ΤΠΕυι).
2180 268 2268 324 BA
2283 264 2577 325 LSAMUN

3765 254 3862 318 6&0

608 401 905 467 deponctur
938 411 953 447 :
987 402 1041 447 et
1074 393 1118 447 si
1168 406 1288 460 qua:
1325 387 1397 447 illi
1442 392 1666 441 contra‘
1698 383 1846 454 leges
1896 382 2191 448 conjuncta

2309 376 2798 445 καθαιρεθήσεται·
2835 375 2927 428 καὶ
2985 374 3033 426 εἰ
3073 373 3174 443 μὲν
3229 371 3359 442 παρ’
3421 366 3591 423 αὑτοῦ
3638 365 3864 435 ῑφθασεν

610 502 716 553 est,
743 488 844 543 fuit
867 496 1027 540 antea
1065 483 1166 537 sub
1196 483 1336 535 illius
1371 479 1559 543 tutela,
1593 492 1659 531 ne
1686 474 1946 529 cathedra
1968 473 2183 539 quidem

607 578 807 650 dignus
832 576 1165 635 censebitur,
1199 583 1256 625 ut
1286 572 1377 639 qui
1433 585 1540 636 non
1596 567 1771 635 possit
1822 562 2183 635 ignorantiam

616 684 931 737 praetexere.
966 666 1061 721 Sili
1101 659 1271 735 patris
1316 663 1417 717 sub
1449 661 1615 717 tutela
1648 659 1765 723 init,
1818 659 1981 713 etiam
2037 656 2186 726 igno-

615 754 802 815 rantiae
836 770 1126 831 pra-textus
1160 758 1208 811 ei
1232 770 1386 825 opem
1422 754 1578 819 ferat,
1612 762 1665 806 et
1711 752 1867 805 venia
1899 749 2187 803 cathedra-

613 869 717 923 que
743 853 892 919 iusta
922 860 1244 919 prazsentetn
1278 861 1544 900 cauonem
1580 845 1775 915 dignus
1828 842 2184 912 indicabitur.

611 944 756 1014 Lege
789 945 1103 997 vicesimum
1140 940 1431 1008 septimum
1482 947 1644 1005 caput
1681 936 1840 1005 primi
1871 934 2191 1002 tituli-prc-

613 1036 783 1091 scntis
813 1033 1015 1104 operis,
1052 1042 1340 1085 et.nonum
1386 1043 1651 1083 canonem
1684 1027 1875 1098 synodi
1904 1023 2192 1079 Neocaesa-

616 1124 839 1185 rieusis,
868 1133 922 1175 et
954 1135 1015 1175 ea
1060 1124 1178 1188 qua:
1212 1120 1263 1171 in
1311 1132 1375 1171 eo
1428 1127 1574 1182 sunt,
1633 1126 1687 1169 ct
1743 1116 1905 1167 vices.
1956 1112 2189 1181 primum

611 1224 664 1266 et
698 1212 864 1266 vices.
890 1222 1102 1263 sextum
1140 1223 1260 1262 can.
1290 1223 1406 1278 syn.
1444 1208 1497 1259 in
1529 1205 1744 1259 Trullo.
1793 1202 1898 1256 Sed
1946 1200 2069 1271 quia
2114 1199 2193 1253 vi-

615 1306 771 1358 detur
806 1304 857 1357 in
894 1302 978 1356 his
1030 1316 1308 1369 cmergere
1353 1296 1704 1369 repugnantia
1744 1294 1865 1365 (alii
1915 1294 2058 1348 enim
2098 1306 2193 1344 cae

618 1409 789 1449 nones
836 1394 1023 1446 dicunt
1056 1407 1167 1455 eos,
1197 1390 1286 1458 qui
1338 1400 1464 1442 sum
1499 1386 1752 1454 depo~iti,
1782 1385 1896 1456 86
1930 1385 1981 1437 in
2014 1383 2190 1437 locum

618 1486 876 1538 laicorutn
913 1481 1188 1535 deturbari
1216 1498 1230 1545 ;
1266 1480 1355 1533 alii
1387 1493 1516 1532 vero
1547 1493 1609 1531 ea
1643 1478 1820 1532 solum
1872 1491 1991 1544 qua:
2034 1483 2191 1528 extra

619 1573 853 1627 tribunal
889 1575 1021 1625 [linit
1064 1586 1356 1635 exercere;
1394 1569 1483 1622 alii
1539 1569 1709 1623 solius
1741 1582 1861 1621 esse
1918 1564 2192 1618 cathedrae

615 1661 953 1731 participes),
987 1661 1259 1727 distingue
1291 1669 1345 1713 et
1379 1659 1465 1712 dic
1493 1673 1508 1710 ε
1543 1657 1683 1726 quod
1717 1656 1873 1709 aliter
1895 1654 2197 1723 puniuntur

2287 470 2757 539 ἐπιτροπευθῆναι
2806 469 2837 537 ή
2904 468 3244 536 παρανόμως
3314 461 3658 530 συναφθεῐσα
3705 462 3865 527 αὐτῷ,

2287 562 2412 615 οὖδέ
2445 560 2718 629 καθέδρας
2752 558 3154 633 ἀξιωθήσεται,
3181 555 3260 618 ὡς
3288 554 3366 624 μὴ
3412 554 3720 621 δυνάμενος
3748 570 3868 622 προ-

2290 652 2556 706 ϐαλέσθαι
2589 651 2816 718 ἄγνοιαν
2848 665 2864 679 ’
2900 650 2950 702 εἰ
2980 648 3039 700 δὲ
3074 651 3227 715 παρά
3278 645 3374 719 τοῦ
3404 644 3620 711 πατρὸς
3661 644 3869 709 τούτου,

2289 745 2382 798 καὶ
2420 742 2683 812 βοηθήσει
2734 740 2889 810 αὐτῷ
2941 740 3072 801 ἴσως
3110 737 3273 805 λόγος
3335 738 3590 803 ἀγνοίας,
3635 751 3872 803 συγγνω-

2292 834 2573 904 σθήσεται,
2629 832 2729 884 καὶ
2787 830 3062 899 καθέδρας
3139 828 3515 898 ἀξιωθήσεται
3589 826 3734 877 κατά
3789 825 3874 876 τὸν

2290 928 2539 996 παρόντα
2575 926 2805 977 κανόνα.
2850 920 3160 989 ’Δνάγνωθι
3202 921 3301 973 καὶ
3331 919 3392 973 τὸ
3426 922 3512 984 κζ’
3538 935 3668 986 κεφ.
3702 916 3794 969 τοῦ
3829 922 3871 967 α’

2290 1018 2471 1071 τίτλου
2496 1016 2591 1069 τοῦ
2648 1016 2919 1085 παρόντος
2954 1014 3363 1080 συντάγματος,
3429 1012 3526 1063 καὶ
3558 1011 3657 1061 τὸν
3706 1008 3749 1060 θ’
3785 1025 3876 1058 κα-

2292 1108 2422 1163 νόνα
2465 1107 2569 1177 τῆς
2608 1109 2665 1159 ἐν
2686 1105 3097 1175 Νεοκαισαρειᾳ
3134 1102 3379 1167 συνόδου,
3402 1100 3504 1153 καὶ
3536 1101 3606 1154 τά
3632 1102 3693 1152 ὲν
3714 1099 3876 1167 αὐτῷ,

2294 1201 2391 1253 καὶ
2420 1200 2514 1252 τὸν
2541 1197 2625 1252 κα¹
2674 1198 2772 1251 καὶ
2827 1203 2919 1262 xc,”
2964 1196 3167 1249 κανόνα
3220 1194 3320 1262 τῆς
3374 1195 3432 1244 ὲν
3488 1192 3574 1261 τῷ
3633 1190 3882 1260 Τρούλλῳ

2298 1292 2549 1346 συνόδου.
2596 1291 2754 1346 Ἐπεὶ
2780 1290 2836 1342 δὲ
2870 1288 3128 1356 φαίνεται
3162 1284 3555 1339 ἀναπίπτουσα
3583 1285 3645 1334 ὲν
3677 1282 3883 1361 reticet;

2295 1385 2615 1455 ἐναντιότης
2654 1386 2726 1453 (οἱ
2752 1384 2853 1453 μὲν
2877 1381 2987 1451 γὰρ
3020 1380 3131 1434 τῶν
3157 1381 3404 1432 κανόνων
3432 1376 3646 1429 τούτων
3668 1376 3887 1444 λέγουσι

2297 1478 2427 1539 τοὺς
2461 1475 2939 1547 καθαιρουμένους
2980 1474 3065 1534 εἰς
3098 1472 3265 1523 τόπον
3299 1458 3635 1534 ἐξωθεῖσθαι
3664 1466 3883 1530 λαῖκῶν,

2296 1569 2347 1619 οἱ
2383 1567 2440 1619 δὲ
2482 1570 2732 1637 ἐνεργεῖν
2776 1566 2974 1629 αὐτοὺς
3023 1565 3093 1616 τὰ
3134 1561 3293 1623 ἐκτὸς
3331 1559 3431 1612 τοῦ
3492 1558 3746 1629 βήματος
3798 1558 3889 1609 καὶ

2307 1660 2468 1728 μόνα,
2512 1660 2641 1711 οἶδὲ
2695 1656 2969 1727 καθέδρας
3032 1654 3205 1723 μόνης
3267 1652 3574 1721 μετέχειν),
3618 1648 3889 1711 διάστιξυν

617 1756 707 1822 qui
730 1755 959 1808 scientes
989 1761 1235 1821 peccant,
1259 1762 1315 1804 et
1342 1750 1573 1804 convicti
1605 1752 1982 1817 deponuntur;
2015 1743 2193 1805 aliter,

2309 1750 2397 1804 καὶ
2427 1751 2575 1813 εἰπὲ,
2599 1750 2696 1802 ηὸτι
2735 1748 2912 1809 ἄλλως
2945 1742 3272 1806 κολάζονται
3296 1744 3348 1794 οι
3379 1744 3438 1793 ἐν
3461 1745 3675 1809 εἰδήσει
3708 1742 3890 1809 ἁμαρ-

617 1847 710 1913 qui
745 1847 981 1899 scientes
1035 1844 1254 1911 quidem
1287 1850 1536 1911 peccant,
1576 1848 1766 1908 sponte
1816 1846 1995 1890 autem
2048 1834 2194 1889 malo

618 1937 935 2001 desistunt;
966 1935 1151 1999 aliter,
1188 1934 1276 2002 qui
1313 1947 1406 2002 per
1458 1931 1814 2001 ignorantiam
1876 1937 2191 1996 peccarunt,

619 2036 675 2079 ct
705 2024 937 2079 conI'eSai
974 2035 1130 2089 sunt;
1187 2034 1241 2077 et
1285 2023 1464 2088 aliter,
1515 2020 1609 2091 qui
1640 2028 1921 2089 peccatum
1979 2018 2193 2085 quidem

619 2116 958 2184 ignorarunt,
1022 2114 1090 2168 ab
1144 2115 1263 2182 ipso
1310 2124 1489 2167 autem
1540 2127 1645 2165 non
1702 2112 2045 2170 destiterunt,
2094 2108 2196 2160 nisi

618 2205 987 2261 condemnati.
1039 2202 1176 2257 Nota
1228 2212 1407 2254 autem
1445 2212 1497 2255 et
1524 2199 1885 2254 diﬂerentiam
1945 2207 2198 2265 peccato-

625 2312 747 2359 rum
801 2306 854 2349 et
894 2309 1271 2363 personarum,
1329 2304 1383 2346 et
1433 2292 1520 2346 dic
1564 2293 1945 2359 episcoporum
1993 2288 2197 2359 judicio

624 2387 910 2453 aliquando
934 2387 1150 2453 quidem
1187 2382 1393 2451 ignosci
1442 2382 1509 2435 iis
1540 2382 1629 2451 qui
1662 2381 2008 2447 deponuntur
2036 2393 2051 2439 ;
2097 2375 2197 2430 ali-

627 2475 837 2545 quando
876 2492 1003 2527 vero
1036 2491 1139 2527 non
1174 2473 1398 2543 ignosci,
1419 2484 1471 2527 et
1495 2474 1576 2525 sic
1606 2472 2200 2539 contrarietatetnqum

630 2570 837 2624 videtur
867 2570 1043 2622 inesse
1064 2566 1363 2621 canonibus
1389 2565 1633 2621 dissolvi.

698 2841 945 2898 ZONAR.
995 2838 1370 2902 Sacerdotem,
1420 2836 1513 2906 qui
1563 2852 1659 2906 per
1704 2835 2096 2907 ignorationem
2147 2835 2201 2888 in

628 2937 934 3006 illegitimas
960 2933 1152 2987 incidit
1179 2931 1416 2999 nuptias,
1449 2930 1717 2984 cathedra:
1755 2928 1925 2980 solius
1979 2926 2204 2995 partici-

629 3040 749 3093 pem
810 3039 969 3085 esse,
1016 3036 1047 3075 a
1095 3021 1308 3075 caeteris
1355 3033 1516 3087 porro
1568 3019 1875 3071 actionibus
1930 3018 2202 3071 abstinere
2233 3058 2274 3113 ε

629 3127 899 3187 oportere,
925 3122 1145 3168 sanctus
1180 3112 1259 3164 vir
1283 3109 1585 3179 judicavit;
1646 3108 1751 3163 hoc
1799 3116 1881 3161 est
1932 3123 2036 3162 una
2080 3123 2203 3163 cum

630 3206 962 3278 presbyteris
1004 3204 1269 3265 assidere,
1298 3212 1349 3255 et
1377 3216 1497 3255 cum
1536 3200 1639 3253 illis
1676 3200 1886 3268 pariter
1919 3200 1971 3252 in
2004 3202 2207 3253 honore

631 3297 841 3360 haberi,
873 3294 1015 3347 aliud
1046 3307 1172 3346 vero
1205 3292 1411 3344 nullum
1444 3291 1782 3344 sacerdotale
1810 3305 2005 3342 munus
2031 3292 2202 3342 obire.

632 3382 841 3436 Sufficit
874 3381 1020 3435 enim
1052 3381 1095 3434 si
1139 3380 1321 3441 da'ur,
1378 3379 1575 3446 inquit,
1632 3377 1733 3447 ipsi
1775 3378 1928 3431 venia
1985 3388 2208 3446 propter

635 3474 1057 3543 ignorationem,
1134 3471 1453 3527 benedicere
1509 3484 1639 3523 vero
1689 3468 1843 3523 alteri
1898 3469 2207 3539 hujusmodi

636 3568 908 3619 hominem
944 3579 1049 3617 non
1077 3571 1312 3630 oportet.
1344 3561 1652 3615 Benedictio
1686 3576 1918 3632 namque
1945 3562 2209 3615 Sanctita-

640 3661 709 3711 tis
724 3658 967 3728 qmedam
982 3657 1406 3710 communicatio
1424 3665 1525 3710 est.
1551 3656 1652 3720 Qui
1676 3670 1800 3710 vero
1819 3655 2103 3709 sanctitate
2124 3672 2207 3709 t-a-

640 3761 743 3810 rct,
766 3750 837 3801 ob
868 3758 1169 3815 peccatum,
1202 3748 1449 3813 quamvis
1470 3761 1563 3815 per
1586 3746 1980 3814 ignorationem
2011 3747 2214 3800 admis-

638 3848 782 3894 sum,
817 3848 1049 3899 quonam
1087 3835 1243 3887 modo
1269 3847 1386 3885 eam
1422 3834 1578 3885 alteri
1611 3834 2076 3887 communicabit?
2112 3833 2216 3886 Ne—

637 3936 745 3988 que
770 3936 898 3973 vero
933 3919 1146 3989 publice
1192 3920 1291 3988 ipsi
1323 3920 1448 3974 licet
1504 3920 1843 3986 benedicere,
1884 3923 1933 3974 in
1982 3921 2214 3976 ecclesia

642 4011 913 4077 videlicet,
952 4026 1127 4080 neque
1159 4012 1439 4077 privatim,
1502 4012 1643 4065 intra
1699 4012 2029 4067 domesticos
2074 4011 2216 4069 forte

644 4105 899 4169 parietes,
932 4118 1107 4173 neque
1135 4114 1320 4155 sancta
1356 4117 1575 4156 munera
1614 4102 1734 4157 aliis
1784 4104 2071 4171 impertiri,
2121 4120 2220 4159 ne-

644 4206 749 4257 que
790 4195 1003 4245 demum
1053 4192 1388 4245 sacerdotale
1451 4191 1741 4260 quodpiam
1769 4208 1995 4247 .munus
2042 4194 2214 4248 obire.

649 4280 841 4335 Verum
898 4283 1054 4350 primi
1104 4281 1365 4345 subsellii,
1408 4281 1604 4351 inquit,
1662 4284 1865 4336 honore
1912 4294 2218 4348 contentus,

2295 1845 2553 1905 τάνοντες
2600 1842 2699 1895 καὶ
2755 1840 2895 1910 μετά
2950 1838 3174 1906 ἔλεγχον
3216 1835 3678 1905 καθαιρούμενοι,
3718 1834 3892 1892 ἄλλως

2295 1936 2345 1987 οἱ
2383 1935 2440 1985 ὲν
2510 1932 2716 1998 εἰδήσει
2783 1931 2882 2000 μὲν
2936 1928 3372 1998 ἁμαρτάνοντες,
3443 1927 3629 1979 ἑκοντὶ
3686 1925 3744 1977 δὲ
3800 1922 3888 1975 τιιῦ

2295 2020 2473 2076 κακοῦ
2506 2022 2893 2088 ἀφιστάμενοι,
2938 2018 3033 2071 καὶ
3056 2016 3231 2077 ἄλλως
3261 2016 3311 2066 οἱ
3334 2015 3394 2066 ὲν
3430 2011 3635 2080 ἀγνοίᾳ,
3672 2012 3893 2080 emes.

2303 2133 2501 2176 σαντες
2542 2118 2637 2168 καὶ
2680 2113 3247 2182 ὲξομολογησάμενοι,
3276 2111 3372 2162 καὶ
3407 2108 3592 2170 ἄλλως
3620 2109 3671 2159 οὶ
3728 2110 3891 2173 ἀγνο-

2299 2209 2537 2278 ήσαντες
2575 2206 2677 2275 μὶν
2743 2204 2806 2257 τὸ
2865 2205 3197 2273 ἁμάρτημα,
3266 2200 3343 2269 μὴ
3410 2200 3782 2267 ἀφιστάμενοι
3839 2197 3891 2250 δὲ

2304 2302 2497 2365 αὑτοῦ,
2530 2298 2667 2353 ἀλλά
2692 2293 3215 2363 καταδικαζόμενοι.
3251 2292 3388 2361 Ἔχε
3416 2292 3473 2343 δὲ
3495 2292 3594 2343 καὶ
3627 2291 3892 2358 διαφορὰν

2299 2390 2411 2443 τῶν
2458 2385 2880 2459 ἁμαρτημάτων
2923 2385 3021 2437 καὶ
3076 2375 3196 2434 τῶν
3237 2379 3579 2451 προσώπων,
3640 2376 3736 2431 καὶ⁵
3769 2377 3892 2445 λέγε

2302 2482 2451 2537 κατά
2490 2481 2591 2550 τὴν
2626 2476 3001 2546 ὲ-πισκοπικήν
3032 2475 3310 2545 διάκρισιν
3342 2472 3475 2528 ποτέ
3510 2473 3612 2543 μὲν
3649 2488 3892 2540 συγγνω-

2306 2573 2595 2647 μονεῖσθαι
2646 2572 2773 2633 τοὺς
2813 2568 3316 2638 καθαιρουμένους,
3354 2566 3486 2617 ποτὲ
3534 2565 3591 2616 δὲ
3642 2564 3717 2634 μὴ
3765 2581 3892 2628 συγ-

2306 2660 2738 2732 γνωμονεῖσθαι,
2771 2660 2865 2712 καὶ
2884 2657 3033 2711 οὕτω
3059 2660 3159 2723 τὴν
3190 2654 3461 2719 δοκοῦσαν
3499 2657 3558 2708 ἐν
3580 2658 3696 2715 τοῖς
3734 2654 3892 2707 κανό-

2306 2773 2392 2808 σιν
2434 2752 2796 2819 ἐναντιότητα
2830 2745 3273 2801 διευλυτοῢσθαι.

2374 2844 2623 2899 ΖΩΝΑΡ.
2663 2841 2863 2910 Ἱερια,
2890 2840 2985 2894 τὸν
3003 2838 3235 2908 ἀθέσμῳ
3280 2840 3673 2908 περιπαρὲντα
3733 2839 3892 2907 γάμῳ

2308 2938 2369 2991 δν
2405 2936 2621 3005 ἀγνσεα,
2643 2932 2919 3001 καθέδρας
2940 2931 3112 3001 μόνης
3142 2930 3405 3000 μετέχειν
3428 2931 3456 2982 ὀ
3491 2931 3654 2997 ἀγιος
3690 2931 3891 2999 ἔκρινε,

2307 3029 2414 3081 τῶν
2451 3028 2507 3080 δὲ
2559 3026 2764 3080 λοιπῶν
2794 3023 3087 3090 ἐνεργειῶν
3122 3022 3433 3092 ἀπέχεσθαι
3460 3040 3474 3053 ·
3544 3024 3716 3093 ἤγουν
3764 3041 3890 3089 συγ-

2310 3118 2594 3185 καθῆσθαι
2631 3118 2742 3177 τοῖς
2767 3113 3195 3185 πρεσϐυτέροις,
3220 3114 3316 3165 καὶ
3344 3114 3493 3168 οὕτω
3532 3114 3891 3183 συν-τιμᾶσθαι

2310 3211 2521 3270 αὐτοῖς,
2565 3208 2693 3263 ἀλλο
2719 3207 2776 3258 δέ
2806 3223 2859 3257 τι
2893 3205 3175 3274 ἱερατικὸν
3212 3205 3287 3273 μή
3316 3208 3518 3258 ποιεῖν.
3578 3208 3771 3273 Ἀρκεῖ
3793 3208 3891 3271 γὰρ

2308 3300 2482 3367 αὐτῷ,
2512 3298 2704 3366 φησὶν,
2761 3298 2845 3349 ὅτι
2887 3297 3363 3363 συγγνωμονεῖται
3392 3296 3481 3347 διὰ
3514 3297 3616 3364 τὴν
3654 3298 3889 3361 ἄγνοιαν·

2310 3392 2557 3457 εὐλογεῖν
2598 3389 2652 3441 δὲ
2723 3388 2915 3457 ἕτερον
2948 3388 3040 3439 τὶν
3090 3387 3337 3439 τοιοῦτον
3387 3387 3448 3439 οὑ
3512 3387 3619 3449 δεῖ.
3676 3388 3743 3439 'H
3794 3388 3895 3455 γὰρ

2312 3483 2535 3548 εὐλογία
2574 3479 2862 3549 μετάδοσις
2895 3476 3175 3546 άγιασμοῦ
3208 3480 3379 3529 ἐστιν.
3451 3478 3510 3530 '0
3544 3480 3601 3531 δὲ
3653 3480 3729 3548 μὴ
3765 3480 3895 3547 ἔχων

2312 3570 2587 3639 ἀγιασμδν
2625 3571 2714 3622 διὰ
2761 3569 2820 3622 τὸ
2858 3570 3193 3638 ἁμάρτημα,
3226 3569 3333 3621 κᾶν
3367 3571 3512 3621 κατά
3541 3572 3772 3636 ἀγνηιαν
3812 3566 3895 3637 ἦν,

2314 3661 2433 3723 πῶς
2461 3659 2651 3712 τούτου
2686 3657 2987 3727 μεταδώσει
3052 3658 3276 3727 ἑτέρως
3345 3660 3441 3709 καὶ
3494 3660 3614 3711 οὐδὲ
3668 3660 3897 3729 δημοσέᾳ

2316 3752 2527 3816 ἔξεστιν
2555 3749 2705 3820 αὐτῷ
2760 3749 3029 3816 εὐλογεῖν,
3083 3750 3142 3799 εν
3189 3749 3461 3819 ἐκκλησίᾳ.
3510 3751 3738 3822 sumen,
3784 3752 3897 3802 οὑδὲ

2319 3845 2445 3915 ἰδίᾳ,
2473 3845 2529 3895 ὲν
2558 3843 2705 3911 οἰκία
2740 3841 2923 3910 τυχὸν,
2964 3838 3091 3891 οὕτε
3118 3840 3229 3891 τῶν
3277 3842 3454 3908 ἁγίων
3483 3842 3680 3913 δώρων
3699 3844 3897 3912 ἑτέροτς

2328 3930 2843 4005 μεταδιδόιαι,υῦτε
2879 3949 2931 3983 τι
2980 3931 3108 3984 ἀλλο
3152 3935 3330 3983 ποιεῖν
3355 3920 3674 4001 ,ἱέρατικόι
3747 3935 3899 3986 Ἀλλά

2319 4024 2685 4094 ἀρκούμενος,
2716 4024 2875 4091 φησὶ,
2927 4024 3001 4091 τῇ
3024 4025 3159 4091 τιμῇ
3191 4026 3294 4092 τῆς
3353 4026 3678 4094 προεδρίας,
3743 4042 3899 4094 πρισ-

2319 4114 2561 4168 κλαιέτω
2592 4113 2807 4180 ἑτέροις
2840 4128 2899 4163 τε
2924 4112 3017 4163 καὶ
3042 4112 3118 4181 τῷ
3149 4112 3342 4182 Κυρίῳ
3378 4128 3392 4142 ·
3420 4113 3499 4181 τῷ
3539 4114 3642 4180 μὲν
3693 4110 3898 4184 Κυρέῳ,

2319 4208 2395 4268 ὡς
2434 4205 2718 4273 δυναμένῳ
2773 4205 2996 4270 ἀφιέναι
3063 4203 3368 4271 ἁμαρτίας,
3436 4204 3651 4273 ἑτέροις
3709 4206 3788 4267 δὲ,
3822 4207 3899 4256 ἵνα

2323 4297 2572 4349 κάκεῖνοι
2614 4296 2756 4362 ὑπὲρ
2792 4293 2959 4346 αὐτοῦ
3000 4292 3232 4344 δέωνται
3276 4292 3373 4344 τοῦ
3426 4295 3637 4364 Κυρῖου
3698 4314 3901 4364 συγχω-

645 4373 839 4426 delicat
869 4371 992 4424 aliis
1016 4380 1069 4425 et
1100 4372 1344 4428 Domino.
1378 4370 1604 4425 Domino
1627 4372 1869 4439 quidem,
1899 4374 2097 4444 quippe
2124 4378 2205 4445 qui

2328 4385 2567 4455 ρηθῆναι
2620 4384 2767 4451 αὑτῷ
2796 4382 2857 4434 τὸ
2890 4383 2955 4433 ἐκ
2992 4380 3087 4433 τοῦ
3129 4381 3378 4446 ἀθέσμου
3410 4383 3598 4450 γάμου
3630 4387 3899 4451 ἁνόμημα.

648 4467 865 4528 peccata
898 4468 1073 4526 potest
1105 4460 1375 4513 dimittere
1404 4476 1417 4513 :
1459 4461 1580 4514 aliis
1626 4475 1774 4525 vero,
1806 4472 1864 4515 ut
1898 4463 1972 4516 illi
2006 4479 2221 4534 quoque

650 4565 746 4619 pro
777 4550 895 4617 ipso
938 4551 1219 4602 Dominam
1274 4560 1484 4617 rogent,
1547 4566 1654 4618 quo
1710 4552 1810 4619 ipsi
1861 4554 2014 4607 venia
2062 4554 2218 4609 detur

651 4652 945 4694 contractae
976 4641 1029 4693 in
1069 4643 1272 4707 nuptiis
1301 4640 1502 4694 illicitis
1533 4643 1724 4709 culpae.
1764 4642 1891 4697 [hnc
1939 4656 2143 4709 autem,
2175 4648 2220 4700 si

653 4734 813 4783 modo
870 4732 937 4783 ab
1003 4732 1337 4785 inconcossis
1392 4732 1653 4801 ejusmodi
1717 4735 1918 4801 nuptiis
1975 4736 2219 4791 absistat.

653 4819 861 4888 Nuptiae
922 4836 1050 4874 vero
1108 4822 1400 4891 illegititna:
1446 4823 1773 4890 accipiendae
1834 4838 1978 4890 sunt,
2038 4830 2122 4881 vel
2178 4832 2223 4883 si

2327 4474 2516 4526 Ταῦτα
2544 4472 2623 4534 δὲ,
2658 4472 2706 4523 εἰ
2740 4471 2832 4523 τοῦ
2869 4471 3117 4523 τοιούτου
3196 4470 3476 4539 ἀποσταίη
3514 4476 3722 4541 γάρου.
3760 4475 3903 4524 Ἀθ;-

2332 4582 2467 4643 σμ’..ν
2499 4563 2571 4614 δὲ’
2590 4563 2771 4630 γάμον
2793 4564 3014 4628 νοητέον
3040 4562 3073 4628 ἢ
3101 4560 3198 4627 τὴν
3217 4561 3355 4627 μετά
3384 4564 3685 4627 συγγενοῦς
3720 4579 3902 4614 κοινω-

2330 4655 2470 4718 νίαν,
2499 4652 2531 4722 ἢ
2558 4652 2655 4721 τὴν
2688 4652 2825 4720 μετά
2849 4648 3191 4720 μοναστρίας
3208 4650 3606 4719 ἀρνησαμένης
3626 4655 3684 4702 τὸ
3708 4654 3901 4720 σχῆμα,

2336 4744 2411 4812 μὴ
2446 4742 2649 4801 εἰδότος
2682 4740 2841 4791 τοῦτο
2874 4740 2968 4792 τοῦ
3018 4740 3221 4809 ταύτην
3273 4741 3755 4811 εἰσοικισαμένου,
3822 4742 3913 4791 καῖ

2333 4834 2494 4901 ἕτερα
2528 4833 2711 4901 ὃμοια.

654 4917 776 4983 Ψ¹Ῑ⁸
812 4929 933 4967 cum
964 4914 1616 4982 θ⁰8η³ί³¹¹¹³ιτίῐηο¹³ίυιι¹
1650 4914 1789 4980 illi“.
1823 4916 1903 4969 vel
1932 4932 2053 4970 cum
2118 4921 2369 4991 religiosa
2423 4925 2622 4978 ferniua
2686 4938 2807 4991 qua:
2862 4922 3104 4973 habitum
3156 4920 3491 4987 deposuerit,
3538 4924 3814 4977 nesciente
3862 4924 3902 4973 id

653 5012 743 5078 qui
773 5023 892 5062 eam
946 5011 999 5061 in
1039 5011 1257 5062 domum
1306 5025 1459 5063 suam
1528 5011 1847 5077 introduxit,
1888 5023 1942 5065 et
1982 5014 2087 5067 alia
2138 5017 2361 5074 similia.

727 5098 953 5155 ARIST.
986 5098 1277 5180 Presbyter
1306 5103 1397 5169 qui
1445 5117 1538 5171 per
1583 5105 1941 5170 ignorantiam
1975 5106 2028 5158 in
2068 5108 2225 5163 illici-

661 5201 772 5245 tum
803 5192 992 5244 incidit
1024 5193 1355 5260 conjugium,
1416 5194 1528 5247 sola
1588 5194 1803 5248 fruatur
1863 5197 2228 5265 prasidentia,

663 5284 935 5336 [unctione
966 5284 1228 5351 privetur.

734 5372 788 5426 Si
835 5374 953 5441 quis
983 5384 1107 5428 ante
1152 5388 1458 5445 susceptum
1517 5379 1877 5435 sacerdotium
1949 5384 2229 5439 mulierem

2404 5114 2629 5168 ΑΡΙΣΤ.
2680 5112 2931 5181 Ἀθέσμῳ
2982 5110 3317 5179 περιπαρεὶς
3358 5110 3527 5179 γάμῳ
3601 5111 3660 5162 ἐν
3730 5110 3905 5177 ἀγνοίᾳ

2333 5204 2716 5275 πρεσϐύτερος
2754 5203 2925 5271 μόνης
2971 5200 3293 5254 ἀπολαυέτω
3322 5202 3423 5270 τῆς
3476 5203 3794 5272 προεδρίας,
3820 5205 3906 5269 τῆς

2332 5299 2414 5349 tv:
2426 5313 2517 5366 ργε
2530 5296 2615 5357 ίας
2647 5312 2736 5346 στε
2747 5293 2840 5364 poti
2850 5310 3031 5364 μενος.

2417 5386 2543 5439 Ἐάν
2582 5403 2666 5447 τις
2712 5386 2820 5453 πρὸ
2886 5388 2983 5452 τῆς
3029 5386 3339 5456 ἱερωσύνης
3402 5389 3643 5453 γυναῖκα
3710 5386 3905 5444 ἐλαϐεν,

667 5466 839 5526 duxit,
874 5466 1126 5519 nesciens
1153 5469 1289 5532 quod
1330 5470 1486 5522 vidua
1524 5471 1643 5533 fuit,
1680 5483 1769 5523 aut
1826 5475 2037 5542 insana,
2086 5487 2205 5529 auti

2339 5478 2552 5544 ἀγνοῶν
2572 5478 2653 5531 ὅτι
2676 5478 2822 5546 χήρα
2846 5477 3021 5541 ἐστὶν,
3048 5478 3081 5547 ἢ
3128 5480 3349 5545 μαινὰς,
3375 5478 3409 5549 ἦ
3443 5478 3554 5529 τῶν
3576 5481 3671 5531 ἐπὶ
3697 5480 3903 5546 σκηνῆς,

664 5558 912 5618 ε‹ιειιὶ‹·ἱσ,
948 5567 1038 5609 aut
1072 5559 1172 5610 alia
1201 5560 1379 5627 aliqua
1414 5577 1477 5613 ex
1530 5562 1596 5615 iis
1630 5578 1751 5630 qua:
1782 5568 2013 5620 sacratis
2047 5569 2231 5635 prohi-

666 5643 879 5709 bentur,
915 5646 1104 5699 deinde
1126 5647 1189 5699 ad
1220 5650 1505 5703 sacerdotii
1539 5653 1761 5715 gradum
1794 5657 2142 5721 provehatur,
2181 5668 2231 5712 et

2338 5570 2371 5640 ἢ
2408 5569 2546 5637 άλλη
2591 5587 2676 5632 τις
2711 5570 2819 5624 τῶν
2866 5569 3342 5639 ἀπηγορευμένων
3400 5574 3519 5633 τοῖς
3562 5572 3902 5639 ἱερωμένοις’

2348 5657 2467 5715 εἶτα
2494 5664 2575 5726 εἰς
2618 5662 2925 5725 leporis-Evn;
2958 5660 3172 5727 προέϐη
3208 5658 3443 5728 gmw,
3478 5667 3571 5716 καὶ
3605 5660 3902 5728 ἐπιγνωσθῇ
