4018 6436
195 386 296 449 ρει

1124 383 1206 444 ΙΝ
1235 382 1480 441 EPIST.
1523 381 1580 441 S.
1627 378 1910 441 BASILII
1970 375 2416 438 CANONICAM
2472 378 2552 439 II.

3350 383 3457 442 (382

191 503 252 556 τὸ
275 499 373 553 τοῦ
439 501 623 568 γάμου
656 499 918 566 ἄθεσμον·
954 498 1054 567 τῆς
1103 500 1203 568 μὲν
1241 499 1408 567 τιμῆς
1453 497 1623 567 μόνης
1683 496 1777 550 καὶ

1896 491 2486 564 ignoscitillegitimum
2524 493 2858 565 conjugium.
2893 493 3076 551 Solius
3111 495 3325 566 quidem
3362 495 3458 552 ho-

199 592 505 662 προεδρέας
535 589 647 642 τῶν
679 590 872 659 ἱερέων
906 589 1148 659 μεθέξει,
1176 591 1275 658 τῆς
1334 591 1390 641 δὲ
1430 587 1779 658 λειτουργίας

194 683 522 736 παντάπασι
595 679 994 749 κωλυθήσεται·
1070 681 1302 750 ἀρκετὸν
1379 679 1488 749 γάρ
1557 677 1706 746 αὐτῷ
1745 679 1780 747 ή

193 768 507 838 συγγνώμη
559 768 650 820 διὰ
697 767 796 838 τὴν
857 768 1103 832 ἄγνοιαν·
1159 768 1221 820 τὸ
1279 767 1336 818 δὲ
1398 766 1492 819 καὶ
1558 766 1780 835 ἑτέρους

195 863 447 928 εὐλογεῖν
511 862 608 912 τὸν
670 860 956 927 ὀφείλοντα
1011 860 1122 912 τῶν
1169 860 1389 912 οἰκείων
1447 858 1780 928 τραυμάτων

193 955 442 1007 τίθεσθαι
481 953 742 1022 πρόνοιαν
775 953 1163 1006 ἀνακόλουθον.
1216 951 1461 1017 Εὐλογία
1483 951 1586 1018 γάρ
1607 947 1780 1018 μετά-

195 1049 340 1110 δοσίς
368 1050 518 1099 ἐστιν
541 1045 848 1116 άγιασμοῢ.
902 1045 960 1099 '0
986 1046 1043 1098 δὲ
1066 1044 1259 1098 τοῦτον
1292 1043 1366 1114 μὴ
1407 1043 1548 1112 ἔχων
1603 1041 1693 1096 διά
1719 1041 1782 1095 τὸ

199 1145 262 1192 ὲκ
310 1141 406 1208 τῆς
468 1139 697 1207 ἀγνοίας
750 1139 1111 1210 παράπτωμα
1169 1138 1284 1198 πῶς
1344 1134 1550 1204 ἑτέροις
1612 1151 1780 1203 μετα·

195 1232 355 1283 δώσει
389 1246 404 1295 ;

777 1322 1017 1375 ΚΑΝΩΝ
1055 1322 1157 1374 KH
1180 1361 1194 1376 .

197 1417 434 1470 Κάκεῖνό
455 1433 521 1484 γε
555 1415 667 1486 μὴν
706 1415 916 1484 γελοῖόν
953 1432 1043 1484 μοι
1086 1416 1394 1485 κατεφάνη,
1421 1416 1482 1468 τδ
1512 1413 1783 1481 εὔξασθαί

278 1524 406 1558 τινα
444 1506 609 1558 ὑείων
645 1503 947 1574 ἀπέχεσθαι
1003 1503 1207 1571 κρεῶν.
1236 1504 1398 1555 Ὥστε
1442 1501 1783 1568 καταξίωσον

274 1595 556 1648 διδάσκειν
588 1597 808 1657 αὐτοὺς,
837 1594 943 1646 τῶν
961 1593 1305 1646 ἀπαιδεύτων
1333 1592 1656 1662 προσευχῶν
1687 1591 1785 1644 καὶ

269 1684 630 1753 ἐπαγγελιῶν
660 1684 989 1752 ἀπέχεσθαι,
1021 1684 1122 1752 τὴν
1176 1682 1360 1752 μέντοι
1394 1683 1592 1753 χρῆσιν
1625 1682 1782 1736 ἀδιά-

267 1794 438 1846 φορον
517 1771 658 1828 εἶναι
728 1775 1099 1846 συγχώρησον.
1181 1775 1347 1828 Οὐδὲν
1405 1776 1510 1844 γὰρ
1572 1775 1784 1845 κτίσμα

1893 587 2040 638 noris
2071 594 2127 640 et
2154 585 2517 656 praesidentia
2568 587 2915 642 sacerdotum
2948 588 3220 657 particeps
3258 587 3387 654 erit,
3430 604 3462 644 ε

1893 677 2193 732 ministerio
2218 688 2398 732 autem
2426 679 2676 735 obeundo
2704 680 3020 735 omnimodo
3067 680 3460 748 prohibebitur.

1878 765 2024 820 'Nam
2058 767 2215 823 venia
2248 769 2318 823 ob
2344 769 2708 838 ignorantiam
2739 769 2787 824 ei
2819 769 3095 825 sufﬁciens
3135 779 3238 825 est.
3266 771 3372 826 Sed
3407 781 3462 826 ut

1891 859 1938 910 is
1970 873 2131 927 quem
2164 873 2384 913 suorum
2415 859 2700 915 vulnerum
2729 875 2917 916 curam
2945 869 3158 931 oportet
3180 856 3388 932 gerere,
3409 870 3465 917 et

1892 948 2012 1003 aliis
2046 949 2354 1016 benedicat,
2399 966 2506 1005 non
2535 959 2621 1006 est
2645 962 3095 1008 consentaneum.
3151 952 3468 1009 Benedictio

1890 1039 2035 1092 enim
2086 1041 2535 1096 sanctificationis
2562 1051 2645 1096 est
2687 1044 3130 1099 communicatio.
3187 1044 3291 1110 Qui
3345 1059 3466 1100 eant

1891 1137 2073 1182 autem
2105 1144 2211 1182 non
2243 1131 2405 1184 habet
2426 1131 2499 1185 ob
2536 1132 2858 1201 ignorantiae
2909 1132 3143 1202 lapsum,
3195 1136 3468 1202 quomodo

1891 1219 2013 1276 aliis
2062 1223 2531 1278 communicabit?

2420 1313 2654 1371 CANON
2695 1315 2939 1371 XXVIII.

1895 1399 2030 1456 Illud
2058 1403 2278 1472 quidem
2315 1406 2448 1461 mihi
2484 1406 2658 1461 visum
2688 1415 2774 1462 est
2803 1407 3111 1474 ridiculum,
3147 1423 3343 1464 vovere
3364 1409 3464 1463 ali-

1965 1508 2124 1561 quem
2157 1495 2469 1551 acarnibus
2517 1497 2695 1552 suillis
2753 1498 3053 1554 abstinere.
3107 1497 3466 1564 Quamobrem

1962 1584 2186 1653 dignare
2212 1599 2307 1641 eos
2331 1586 2542 1652 docere,
2577 1596 2638 1640 ut
2671 1586 2742 1641 ah
2774 1587 2974 1656 ineptis
2996 1588 3133 1642 votis
3161 1597 3214 1642 et
3239 1591 3457 1657 promis-

1962 1677 2039 1731 sis
2065 1677 2398 1745 abstineant,
2437 1694 2594 1733 usum
2629 1679 2847 1749 quidem
2897 1695 3022 1737 esse
3071 1680 3466 1737 indifl‘eretttem

1961 1768 2238 1836 permitte.
2267 1768 2423 1825 Nulla
2448 1771 2595 1825 enim
2622 1769 2718 1826 Dei
2745 1779 3002 1826 creatura
3034 1781 3117 1827 est
3153 1772 3465 1842 rejicienda,

273 1866 414 1922 Θεοῦ
460 1866 769 1936 ἀπόϐλητον
830 1867 951 1935 μετ’
1008 1865 1366 1936 εὐχαριστίας
1433 1865 1783 1936 λαμϐανόμε-

1966 1860 2011 1913 si
2073 1875 2199 1915 cum
2277 1864 2578 1930 gratiarum
2637 1862 2854 1919 actione
2913 1864 3232 1934 accipiatur.
3284 1865 3466 1931 Quare

275 1977 388 2010 vov.
429 1959 596 2010 Ὠστε
648 1957 844 2028 ήεύχὴ
876 1957 1303 2026 καταγέλαστος,
1359 1957 1458 2027 οὐχ
1499 1960 1532 2025 ὴ
1602 1957 1784 2030 ἀποχὴ

269 2049 578 2115 ἀναγκαία.

775 2141 1018 2195 ΚΑΝΩΝ
1067 2143 1197 2199 κεν.

203 2233 512 2302 ’Δρχοντας
542 2233 726 2301 μέντοι
756 2233 980 2303 ὀμνύειν
1028 2235 1122 2286 ἐπὶ
1171 2233 1250 2303 τῷ
1281 2235 1606 2287 κακοποιεῖν
1658 2229 1788 2296 τοῦς

272 2325 620 2392 ἀρχομένους
683 2325 778 2376 καὶ
826 2327 970 2378 πάνυ
1031 2324 1437 2391 θεραπεύεσθαι
1491 2328 1785 2394 προσήκει.

274 2414 565 2480 Θεραπεία
597 2413 655 2465 δὲ
685 2413 891 2466 τούτων
918 2414 1090 2484 διττή.
1125 2417 1243 2469 Μία
1302 2415 1427 2484 μὲν,
1463 2416 1539 2485 μὴ
1563 2416 1789 2486 ὀμνύειν

274 2502 478 2563 αὐτοὺς
510 2501 857 2554 διδάσκεσθαι
890 2505 1220 2572 προχείρως,
1246 2503 1410 2574 ἑτέρα
1445 2504 1524 2567 δὲ,
1561 2503 1638 2573 μὴ
1669 2506 1790 2557 ἐπι·

273 2593 459 2662 μένειν
489 2595 546 2643 ὲν
613 2596 734 2656 ταῖς
768 2597 1035 2663 πονηραῖς
1084 2595 1358 2664 κρίσεσιν.
1432 2595 1595 2648 Ὥστε
1641 2597 1791 2667 ὅρκῳ

276 2683 619 2754 προληφνθείς
651 2702 730 2746 τις
757 2686 839 2745 είς
883 2686 1226 2738 κακοποιΐαν
1282 2687 1496 2756 ἐτέρου,
1531 2687 1629 2756 τὴν
1688 2686 1790 2756 μὲν

279 2777 374 2827 επὶ
399 2778 466 2844 τῇ
504 2776 809 2845 προπετείᾳ
858 2774 953 2827 τοῦ
989 2777 1157 2845 ὅρκου
1241 2778 1532 2847 μετάνοιαν
1591 2777 1792 2830 ἐπιδει-

295 2863 537 2926 κνύσθω,
594 2863 669 2933 μὴ
725 2866 909 2932 μέντοι
959 2868 1311 2936 προσχήματι
1342 2865 1626 2930 εὐλαϐείας
1691 2866 1790 2936 τὴν

273 2957 542 3026 πονηρίαν
593 2957 787 3010 ἑαυτοῦ
827 2957 1160 3026 βεϐαιούτω·
1219 2960 1341 3013 οὐδὲ
1391 2961 1501 3032 γάρ
1568 2959 1787 3030 Ἡρώδῃ

284 3051 626 3118 συνήνεγκεν
666 3050 1060 3119 εὑορκήσαντι,
1095 3037 1182 3114 ὃς,
1218 3050 1307 3104 ἴνα
1356 3053 1433 3120 μὴ
1481 3053 1788 3123 ὲπιορκήσῃ

275 3142 458 3210 δῆθεν,
489 3142 679 3210 φονεὺς
713 3141 934 3208 ἐγένετο
976 3143 1073 3194 τοῦ
1120 3145 1433 3214 προφήτου.
1467 3144 1653 3208 Ἀπαξ
1687 3145 1790 3213 μὲν

279 3238 309 3287 ὁ
337 3235 502 3303 ὅρκος
536 3226 919 3302 ἀπηγόρευται
942 3249 957 3265 ο
1014 3234 1196 3305 πολλῷ
1231 3212 1304 3288 δέ-
1347 3253 1452 3289 που
1499 3236 1650 3298 εἰκὸς
1691 3212 1787 3287 τὸν
1814 3212 1861 3274 C

281 3325 376 3379 επὶ
401 3323 560 3393 κακῴ
583 3325 871 3391 γινόμενον
899 3325 1358 3394 κατακρίνεσθαι.
1411 3328 1576 3377 Ὥστε
1622 3343 1789 3395 μετα-

282 3418 510 3483 φρονεῖν
540 3413 648 3484 χρὴ
679 3413 773 3465 τὸν
827 3413 1123 3482 ὀμνύοντα,
1159 3416 1286 3485 οὐχὶ
1324 3416 1653 3480 σπουδάζειν
1702 3417 1788 3495 βε-

283 3505 475 3557 ϐαιοῦν
507 3504 674 3557 αὐτοῦ
701 3505 762 3557 τὸ
798 3506 1019 3558 ἀνόσιον
1043 3521 1059 3537 ’
1100 3505 1356 3571 ἐξέτασον
1412 3508 1522 3575 γὰρ
1575 3507 1786 3560 πλατύ-

275 3612 436 3666 τερον
461 3597 561 3666 τὴν
587 3597 844 3650 ἀτοπίαν.
876 3596 1045 3661 Είτις
1067 3598 1320 3668 ὀμόσειεν
1350 3597 1636 3669 ὲξορύξειν
1656 3602 1784 3664 τοὺς

279 3687 604 3756 ὀφθαλμοὺς
633 3688 728 3740 τοῦ
759 3689 1016 3758 ἀδελφοῦ,
1045 3692 1093 3741 εἰ
1128 3690 1294 3743 καλὸν
1320 3694 1382 3745 τὸ
1413 3691 1661 3746 τοιοῦτον
1702 3695 1785 3755 εἰς

273 3778 438 3847 ἔργον
491 3779 682 3848 αὑτῷ;
748 3779 813 3832 Ei
849 3797 932 3841 τις
972 3781 1276 3849 φονεύσειν,
1309 3784 1364 3835 εῐ
1413 3801 1497 3848 τις
1546 3785 1681 3848 δλως
1715 3785 1784 3838 δι’

276 3871 442 3938 ὅρκου
492 3869 717 3939 ἐντολὴν
745 3871 868 3923 τινά
923 3872 1374 3944 παραϐήσεσθαι;
1411 3877 1625 3945 Ὠμοσα
1675 3876 1785 3946 γὰρ

274 3962 368 4014 καὶ
401 3959 613 4030 ἐστησα
633 3961 755 4029 οὐχὶ
784 3960 883 4030 τὴν
919 3961 1219 4032 ἁμαρτίαν,
1248 3965 1387 4018 ἀλλά
1418 3964 1514 4017 τοῦ
1545 3963 1784 4033 φυλάξαι

280 4054 349 4104 τά
377 4053 630 4120 κρίματα
647 4051 746 4119 τῆς
780 4051 1156 4124 δικαιοσύνης.
1187 4053 1401 4126 Ὠσπερ
1440 4056 1496 4107 δὲ
1523 4057 1621 4126 τὴν
1639 4059 1786 4109 ἐντο-

275 4141 376 4212 λήν
409 4139 770 4212 ἀμεταθέτοις
827 4141 1062 4210 κρίμασι
1116 4147 1359 4216 προσῆκε
1409 4149 1781 4217 βεϐαιοῦσθαι,

277 4233 427 4286 οὕτω
447 4232 548 4303 τὴν
574 4234 852 4304 ἁμαρτίαν
883 4239 1155 4298 παντοίως
1185 4240 1418 4310 καθήκει
1444 4242 1783 4313 ἀκυροῡσθαι

275 4324 371 4378 καὶ
399 4324 787 4390 ἀφανίζεσθαι.

274 4415 477 4468 ΒΔΔΣ.
511 4416 575 4468 Οί
607 4417 873 4486 παρόντες
899 4416 992 4470 δύο
1033 4419 1259 4483 κανόνες
1315 4424 1784 4493 παρακελεύονται

1959 1961 2149 2008 votum
2209 1963 2294 2009 est
2334 1955 2654 2020 ridiculum,
2697 1972 2804 2012 non
2841 1958 3174 2014 abstinentia
3214 1972 3467 2014 necessa-

1962 2044 2064 2099 ria.

2447 2137 2677 2194 CANON
2712 2137 2910 2194 XXIX.

1887 2226 2040 2290 Quod
2072 2226 2346 2297 principes
2379 2229 2596 2299 quidem
2634 2230 2840 2298 jurcnt,
2869 2244 2930 2285 se
2954 2227 3214 2299 subjectis
3243 2229 3470 2285 malefa-

1962 2328 2170 2384 cturos,
2208 2333 2401 2388 magna
2443 2320 2710 2374 medicina
2742 2335 2877 2390 opus
2905 2322 3089 2377 habet.
3142 2320 3342 2377 Medela
3376 2337 3470 2377 au-

1965 2420 2069 2463 tem
2103 2424 2291 2464 eorum
2320 2419 2405 2465 est
2431 2411 2629 2480 duplex
2660 2429 2675 2466 :
2708 2427 2814 2466 una
2861 2413 3102 2482 quidem,
3134 2423 3192 2468 ut
3243 2413 3344 2483 ipsi
3374 2415 3470 2468 do-

1964 2511 2194 2555 ceantur
2222 2518 2326 2556 non
2364 2502 2524 2558 facile
2550 2504 2775 2572 jurare;
2812 2505 2981 2560 altera
3042 2517 3248 2572 autem,
3292 2521 3361 2561 ne
3415 2508 3467 2560 in

1969 2593 2369 2662 malisjudiciis
2397 2596 2710 2665 persistant.
2743 2585 2926 2662 Quare
2947 2598 3040 2668 qui
3071 2615 3132 2654 se
3160 2599 3314 2655 alteri
3353 2617 3471 2655 ma-

1966 2685 2290 2740 lefacturum
2317 2685 2504 2755 jurare
2537 2688 2876 2758 anticipavit,
2912 2691 3055 2760 quod
3079 2693 3144 2746 ad
3172 2692 3467 2763 jurandum

1964 2776 2190 2830 nimium
2245 2777 2424 2832 facilis
2481 2777 2668 2844 fuerit,
2727 2794 2787 2835 se
2840 2782 3104 2851 paenitere
3167 2785 3465 2840 ostendat:

1958 2866 2070 2936 87
2096 2882 2204 2921 non
2239 2878 2423 2923 autem
2449 2869 2674 2938 pietatis
2709 2882 2978 2940 praetextu
3009 2887 3163 2927 suam
3198 2874 3463 2942 improbi-

1965 2967 2128 3012 tatem
2159 2962 2465 3017 contirmet.
2497 2959 2688 3031 Neque
2712 2963 2858 3018 enim
2894 2962 3092 3021 Herodi
3119 2967 3306 3031 jurare
3337 2982 3468 3036 pro-

1963 3047 2084 3113 fuit,
2120 3051 2238 3119 qui,
2265 3067 2332 3107 ne
2361 3053 2651 3122 pejeraret,
2677 3056 2994 3125 prophetam
3019 3058 3243 3113 occidit.
3276 3056 3467 3131 Jusju-

1965 3141 2196 3196 randum
2241 3143 2386 3198 enim
2443 3147 2667 3201 omnino
2723 3157 2809 3202 est
2868 3150 3200 3212 prohibitum
3245 3150 3467 3204 :tnnlto

1963 3241 2143 3285 autem
2176 3233 2346 3302 magis
2383 3245 2815 3290 consentaneum
2868 3248 2955 3291 est
3001 3238 3136 3292 illud
3182 3254 3306 3293 esse
3337 3255 3468 3295 con-

1964 3322 2305 3387 demnatum,
2365 3326 2512 3392 quod
2559 3335 2786 3394 propter
2838 3327 3037 3380 malum
3087 3328 3328 3397 juratum
3358 3341 3464 3386 est.

1960 3412 2143 3475 Quare
2176 3428 2300 3468 eum
2336 3414 2427 3483 qui
2479 3414 2713 3482 juravit,
2746 3418 3034 3485 paenitere,
3072 3436 3178 3474 non
3211 3422 3462 3491 impieta-

1965 3513 2070 3558 tem
2103 3502 2218 3571 ejus
2248 3506 2576 3560 confirmare
2604 3509 2824 3563 studere
2851 3521 3085 3576 Oportet.
3141 3510 3274 3581 Ejus
3317 3516 3460 3568 enim

1963 3588 2359 3651 absurditatem
2386 3597 2560 3654 fusius
2587 3599 2900 3670 exquirere.
2935 3598 2991 3656 Si
3023 3604 3145 3672 quis
3177 3621 3237 3658 se
3279 3605 3464 3662 fratris

1959 3687 2149 3742 oculos
2183 3688 2508 3744 efTossurum
2549 3689 2840 3758 juraverit,
2873 3693 2996 3747 eine
3050 3696 3335 3752 honestum
3382 3710 3467 3752 est

1960 3783 2066 3837 hoc
2089 3781 2156 3835 ad
2185 3780 2439 3836 eflectum
2481 3781 2794 3838 deducere?
2828 3781 2884 3838 Si
2911 3788 3035 3854 quis
3061 3801 3119 3841 se
3145 3788 3467 3844 interfectu-

1962 3890 2102 3937 rum,
2131 3875 2175 3927 si
2208 3875 2331 3943 quis
2367 3874 2591 3930 omnino
2611 3873 2882 3944 juraverit
2910 3878 3221 3931 mandatum
3244 3881 3462 3946 aliquod

1961 3967 2472 4034 transgressurum?
2502 3964 2688 4022 Juravi
2713 3968 2858 4022 enim
2895 3978 2949 4023 et
2979 3971 3144 4023 statui
3194 3987 3297 4024 non
3331 3988 3458 4039 pec-

1959 4065 2163 4121 catum,
2198 4057 2292 4111 sed
2317 4071 2536 4112 servare
2559 4057 2766 4126 judicia
2792 4059 3016 4127 justitizr
3039 4069 3162 4116 tuae.
3192 4059 3464 4127 Quemad-

1958 4148 2175 4203 modum
2209 4159 2389 4202 autem
2428 4147 2739 4202 mandatum
2777 4156 2863 4202 est
2895 4149 3326 4206 immutabilibus
3377 4152 3460 4221 ju-

1955 4241 2114 4296 diciis
2138 4241 2594 4303 confirmandum,
2622 4239 2697 4293 ita
2731 4254 3011 4308 peccatum
3038 4243 3265 4298 omnino
3309 4244 3462 4299 infir-

1957 4344 2109 4383 mare
2129 4339 2184 4383 et
2211 4329 2395 4384 delere
2421 4337 2653 4398 oportet.

1956 4419 2153 4475 BALS.
2193 4421 2498 4476 Pmsentes
2530 4421 2638 4476 duo
2664 4434 2904 4475 canones
2949 4421 3145 4490 jubent
3194 4424 3460 4481 infirmari

207 4504 523 4559 ἀθετεῖσθαι
572 4506 697 4569 τοὺς
749 4509 1081 4576 γενομένους
1150 4513 1350 4581 ὅρκους
1398 4517 1553 4585 παρά
1616 4534 1782 4570 τινων

1896 4511 2186 4573 iuramenta
2219 4526 2249 4566 a
2280 4513 2601 4581 quibusdam
2639 4511 2801 4576 facta,
2836 4523 2895 4567 ut
2923 4514 3051 4569 mali
3077 4515 3281 4584 aliquid
3320 4518 3414 4573 flat
3437 4559 3456 4583 ,

207 4598 367 4666 χάριν
407 4595 502 4648 τοῦ
529 4596 783 4664 γενέσθαι
840 4600 1013 4652 κακόν
1039 4617 1113 4666 τι,
1142 4602 1174 4670 ἢ
1211 4606 1305 4656 καὶ
1336 4606 1576 4671 γέλωτος
1604 4608 1776 4674 ἀξιον⁹

204 4687 336 4753 φασὶ
373 4687 488 4755 γὰρ
519 4687 611 4738 τὸν
649 4687 954 4758 εὐξάμενον
989 4689 1110 4758 ἦτοι
1153 4691 1432 4761 ὀμόσαντα
1466 4697 1543 4764 μὴ
1580 4700 1779 4766 φαγεῖν

203 4775 368 4842 κρέας
396 4776 631 4842 χοίρειον
656 4815 671 4839 ,
703 4776 736 4845 ἢ
788 4778 1291 4849 κακοποιῆσαιτοὺς
1331 4784 1422 4836 ὑπ’
1456 4785 1618 4838 αὐτὸν
1633 4786 1782 4840 διδάο

207 4862 440 4914 σκεσθαι
466 4861 577 4913 τῶν
621 4863 925 4931 ἀλογίστων
974 4870 1238 4923 τοιούτων
1299 4873 1396 4925 καὶ
1436 4874 1778 4930 ἀπαιδεύτων

202 4953 380 5023 ὅρκων
438 4955 762 5022 ἀπέχεσθαι,
827 4961 920 5010 καὶ
965 4957 1056 5014 ὅτι
1110 4964 1369 5032 καθάπαξ
1429 4968 1489 5018 τὸ
1554 4968 1777 5038 ὀμνύειν

203 5046 657 5114 ἀπηγορευμένον
701 5048 870 5100 ἐστίν’
907 5051 1302 5124 ὲπιχωρείσθαι
1343 5059 1400 5112 δὲ
1439 5061 1500 5112 τὸ
1533 5063 1774 5132 χοίρειον

202 5139 369 5203 κρέας
401 5134 634 5200 ἐσθίειν,
667 5140 762 5189 καὶ
790 5141 1162 5208 παραϐαίνειν
1201 5146 1292 5198 τὸν
1316 5147 1502 5217 ὅρκον,
1555 5152 1652 5201 καὶ
1695 5151 1772 5220 μὴ

203 5231 376 5278 ποιεῖν
435 5228 499 5278 τὸ
553 5230 722 5282 κακὸν
783 5233 1056 5300 προφάσει
1115 5237 1207 5289 τοῦ
1276 5239 1350 5309 μὴ
1421 5243 1770 5312 ὲπιτρκῆσαι.

214 5315 524 5386 Ἐχρήσατο
583 5319 640 5370 δὲ
697 5323 790 5374 καὶ
851 5325 1272 5396 παραδείγματι
1310 5330 1387 5398 τῷ
1427 5331 1642 5403 Ἡρώδῃ
1693 5333 1773 5404 τῷ

1883 4602 1965 4653 vel
1988 4603 2150 4655 etiam
2179 4603 2453 4671 quidpiam
2484 4603 2789 4658 ridiculum.
2833 4603 2975 4659 Dicit
3008 4608 3152 4660 enim
3197 4622 3319 4661 eum
3360 4612 3454 4678 qui

1881 4691 2027 4746 vovit
2062 4692 2140 4746 vel
2182 4694 2386 4762 juravit
2433 4707 2492 4746 se
2537 4707 2760 4748 carnem
2806 4696 3018 4750 suillam
3051 4711 3158 4753 non
3211 4713 3459 4756 comesu-

1883 4799 2021 4848 rum,
2052 4784 2134 4839 vel
2185 4785 2288 4839 sibi
2345 4785 2603 4854 subjectis
2649 4785 3064 4842 malefacturum
3155 4791 3458 4846 docendum

1880 4891 2000 4932 esse
2041 4891 2071 4930 a
2097 4877 2281 4934 stultis
2311 4878 2622 4946 hujusmodi
2656 4887 2712 4934 et
2735 4880 2934 4946 ineptis
2959 4883 3319 4938 sacramentis
3356 4883 3457 4937 ab-

1879 4971 2101 5035 Stinere,
2130 4980 2182 5022 et
2208 4972 2350 5040 quod
2372 4971 2560 5039 jurare
2582 4972 2804 5026 omnino
2824 4979 2912 5026 est
2943 4973 3296 5041 prohibitum;
3333 4973 3458 5028 licet

1877 5075 2005 5114 vero
2021 5074 2236 5113 carnem
2267 5059 2476 5114 suillam
2493 5061 2798 5123 comedere,
2816 5070 2870 5115 et
2881 5061 3250 5131 juranientum
3273 5074 3424 5120 trans
3438 5091 3456 5104 ο

1876 5153 2048 5222 gredi,
2071 5161 2124 5204 et
2158 5151 2358 5204 malum
2392 5166 2496 5206 non
2531 5149 2712 5206 facere
2754 5154 2857 5207 sub
2888 5162 3146 5219 praetextu
3185 5169 3253 5210 ne
3304 5155 3454 5224 pejo-

1877 5255 2046 5298 retur.
2095 5240 2241 5297 Usus
2289 5250 2374 5296 est
2423 5250 2605 5297 autem
2657 5242 2905 5312 exemplo
2952 5257 3168 5312 quoque
3203 5243 3454 5307 Herodis,

1875 5338 1964 5406 qui
1992 5335 2254 5404 juraverit
2283 5349 2343 5389 se
2374 5335 2670 5403 Baptistam
2703 5336 3134 5398 interfecturum,
3173 5345 3226 5389 et
3266 5351 3331 5388 ne
3359 5352 3455 5404 μσς

203 5404 465 5472 ὀμόσαντι
509 5409 768 5475 φονεῦσαι
800 5413 894 5466 τὸν
951 5415 1285 5489 Βαπτιστὴν,
1318 5421 1414 5473 καὶ
1445 5423 1535 5476 διά
1593 5427 1655 5478 τὸ
1692 5428 1770 5496 μὴ

1896 5404 2075 5483 araret
2096 5427 2297 5483 caedem
2326 5427 2616 5482 commisit.
2649 5425 2944 5494 Oportebat
2989 5424 3133 5482 enim
3161 5463 3177 5489 ,
3226 5427 3406 5493 inquit
3435 5466 3451 5487 .

204 5499 526 5568 ἐπιορκῆσαι
557 5503 848 5572 ποιήσαντι
881 5507 1062 5575 φόνον.
1101 5512 1249 5564 Ἔδει
1289 5513 1417 5584 γὰρ,
1451 5515 1639 5586 φησὶν,
1674 5521 1772 5572 αὐ-

204 5588 292 5639 τὸν
333 5593 772 5662 μεταφρονῆνσαι,
827 5597 998 5668 ήγουν
1069 5605 1416 5672 μεταγνῶναι
1452 5610 1548 5660 καὶ
1598 5627 1769 5665 κατα-

205 5680 473 5771 φρονῆσαι
506 5681 600 5733 τοῦ
648 5685 840 5739 ἀδίκου
869 5690 1058 5759 ὅρκου,
1091 5694 1209 5746 ἀλλ’
1236 5696 1357 5766 οὐχὶ
1383 5697 1475 5750 διὰ
1505 5700 1602 5770 τῆς
1631 5704 1768 5771 πρά-

206 5766 331 5832 ξεως
364 5769 674 5838 βεϐαιῶσαι
705 5775 768 5828 τὸ
810 5779 1044 5854 ἀνόσιον.
1090 5785 1388 5851 ’Δνάγνωθι
1422 5791 1484 5842 τὸ
1539 5766 1609 5861 ιη’
1633 5766 1761 5863 κεφ.

389 5862 666 5927 Panos.
707 5872 824 5934 Gtt.
857 5873 1245 5940 CXXXVI".

1874 5523 2050 5591 ipsum
2081 5519 2420 5589 resipiscere,
2460 5534 2556 5574 seu
2589 5533 2845 5573 revocare
2883 5525 2938 5572 et
2982 5526 3330 5575 contemnere
3361 5517 3450 5570 in-

1867 5619 2070 5686 justum
2100 5615 2476 5687 jusjurandum
2499 5655 2515 5681 ,
2551 5615 2646 5669 sed
2680 5630 2784 5669 non
2828 5627 2925 5681 per
2957 5613 3225 5667 actionem
3261 5612 3446 5680 impie-

1871 5717 2037 5763 tatem
2071 5709 2414 5765 confirmare.
2457 5705 2598 5778 Lege
2635 5720 2756 5775 cap.
2798 5703 2886 5770 l8,
2932 5703 3016 5758 tit.
3053 5705 3136 5769 l5,
3171 5708 3455 5773 praesentis

1869 5813 2072 5870 operis,
2097 5811 2152 5856 et
2176 5815 2298 5872 qua:
2328 5800 2382 5855 in
2407 5814 2472 5857 eo
2493 5806 2640 5856 sunt.
2669 5797 2803 5853 Cum
2833 5805 3014 5852 autem
3042 5812 3164 5854 can.
3193 5796 3260 5850 10
3279 5796 3451 5852 sancti

2944 5888 3019 5950 22
