  <div class='ocr_page' id='page_1' title='image "/cluster/home/n/w/nwhite01/storage/ocr_20150623/138/ien.35556001660133/355.png"; bbox 0 0 4018 6438; ppageno 0'>
   <div class='ocr_carea' id='block_1_1' title="bbox 505 395 610 457">
    <p class='ocr_par' dir='ltr' id='par_1_1' title="bbox 505 395 610 457">
     <span class='ocr_line' id='line_1_1' title="bbox 505 395 610 457; baseline -0.019 0"><span class='ocrx_word' id='word_1_1' title='bbox 505 395 610 457; x_wconf 77' lang='lat'><strong>683</strong></span> 
     </span>
    </p>
   </div>
   <div class='ocr_carea' id='block_1_2' title="bbox 1758 366 2484 434">
    <p class='ocr_par' dir='ltr' id='par_1_2' title="bbox 1758 366 2484 434">
     <span class='ocr_line' id='line_1_2' title="bbox 1758 366 2484 434; baseline -0.011 0"><span class='ocrx_word' id='word_1_2' title='bbox 1758 369 2037 434; x_wconf 80' lang='lat' dir='ltr'><strong>TIIEOD.</strong></span> <span class='ocrx_word' id='word_1_3' title='bbox 2077 366 2484 426; x_wconf 74' lang='lat' dir='ltr'><strong>BALSAMON</strong></span> 
     </span>
    </p>
   </div>
   <div class='ocr_carea' id='block_1_3' title="bbox 3674 345 3791 410">
    <p class='ocr_par' dir='ltr' id='par_1_3' title="bbox 3674 345 3791 410">
     <span class='ocr_line' id='line_1_3' title="bbox 3674 345 3791 410; baseline 0.009 -1"><span class='ocrx_word' id='word_1_4' title='bbox 3674 345 3791 410; x_wconf 55' lang='lat' dir='ltr'><strong>68K</strong></span> 
     </span>
    </p>
   </div>
   <div class='ocr_carea' id='block_1_4' title="bbox 511 465 2099 566">
    <p class='ocr_par' dir='ltr' id='par_1_4' title="bbox 511 487 2085 566">
     <span class='ocr_line' id='line_1_4' title="bbox 511 487 2085 566; baseline -0.015 -10"><span class='ocrx_word' id='word_1_5' title='bbox 511 502 712 566; x_wconf 81' lang='lat' dir='ltr'><strong>Basilii,</strong></span> <span class='ocrx_word' id='word_1_6' title='bbox 747 501 811 566; x_wconf 64' lang='grc'><strong>7-4</strong></span> <span class='ocrx_word' id='word_1_7' title='bbox 841 509 893 553; x_wconf 88' lang='lat' dir='ltr'><strong>et</strong></span> <span class='ocrx_word' id='word_1_8' title='bbox 923 498 990 551; x_wconf 75' lang='lat'><strong>8‘2</strong></span> <span class='ocrx_word' id='word_1_9' title='bbox 1022 497 1265 566; x_wconf 82' lang='lat' dir='ltr'><strong>perjuros</strong></span> <span class='ocrx_word' id='word_1_10' title='bbox 1298 494 1544 561; x_wconf 80' lang='lat' dir='ltr'><strong>puniant,</strong></span> <span class='ocrx_word' id='word_1_11' title='bbox 1582 487 1670 542; x_wconf 83' lang='lat' dir='ltr'><strong>alii</strong></span> <span class='ocrx_word' id='word_1_12' title='bbox 1708 496 1887 540; x_wconf 86' lang='lat' dir='ltr'><strong>autem</strong></span> <span class='ocrx_word' id='word_1_13' title='bbox 1914 496 2085 538; x_wconf 71' lang='lat' dir='ltr'><strong>cano.</strong></span> 
     </span>
    </p>
   </div>
   <div class='ocr_carea' id='block_1_5' title="bbox 2206 465 3791 566">
    <p class='ocr_par' dir='ltr' id='par_1_5' title="bbox 2206 465 3791 548">
     <span class='ocr_line' id='line_1_5' title="bbox 2206 465 3791 548; baseline -0.011 -15"><span class='ocrx_word' id='word_1_14' title='bbox 2206 481 2276 533; x_wconf 60' lang='grc' dir='ltr'>ἰοῦ</span> <span class='ocrx_word' id='word_1_15' title='bbox 2316 488 2382 548; x_wconf 90' lang='grc' dir='ltr'>ιγ’</span> <span class='ocrx_word' id='word_1_16' title='bbox 2422 479 2605 532; x_wconf 75' lang='grc' dir='ltr'>τιτλου</span> <span class='ocrx_word' id='word_1_17' title='bbox 2659 477 2750 529; x_wconf 71' lang='grc' dir='ltr'><strong>τοῦ</strong></span> <span class='ocrx_word' id='word_1_18' title='bbox 2793 475 3060 546; x_wconf 77' lang='grc' dir='ltr'>παρόντος</span> <span class='ocrx_word' id='word_1_19' title='bbox 3114 471 3535 540; x_wconf 66' lang='grc' dir='ltr'><strong>συντάγματος,</strong></span> <span class='ocrx_word' id='word_1_20' title='bbox 3572 482 3668 518; x_wconf 83' lang='grc' dir='ltr'><strong>και</strong></span> <span class='ocrx_word' id='word_1_21' title='bbox 3721 465 3791 515; x_wconf 65' lang='grc' dir='ltr'>τὰ</span> 
     </span>
    </p>
   </div>
   <div class='ocr_carea' id='block_1_6' title="bbox 512 580 2078 662">
    <p class='ocr_par' dir='ltr' id='par_1_6' title="bbox 512 580 2078 662">
     <span class='ocr_line' id='line_1_6' title="bbox 512 580 2078 662; baseline -0.013 -13"><span class='ocrx_word' id='word_1_22' title='bbox 512 612 623 658; x_wconf 78' lang='lat' dir='ltr'><strong>nes,</strong></span> <span class='ocrx_word' id='word_1_23' title='bbox 664 596 752 662; x_wconf 98' lang='lat' dir='ltr'><strong>qui</strong></span> <span class='ocrx_word' id='word_1_24' title='bbox 803 595 854 643; x_wconf 93' lang='lat' dir='ltr'><strong>in</strong></span> <span class='ocrx_word' id='word_1_25' title='bbox 905 594 1046 644; x_wconf 85' lang='lat' dir='ltr'><strong>dicto</strong></span> <span class='ocrx_word' id='word_1_26' title='bbox 1074 589 1248 656; x_wconf 86' lang='lat' dir='ltr'><strong>capite</strong></span> <span class='ocrx_word' id='word_1_27' title='bbox 1276 585 1340 638; x_wconf 69' lang='lat'>18</span> <span class='ocrx_word' id='word_1_28' title='bbox 1373 585 1739 643; x_wconf 89' lang='lat' dir='ltr'><strong>continentur,</strong></span> <span class='ocrx_word' id='word_1_29' title='bbox 1775 580 2078 633; x_wconf 89' lang='lat' dir='ltr'><strong>decernunt</strong></span> 
     </span>
    </p>
   </div>
   <div class='ocr_carea' id='block_1_7' title="bbox 515 670 2086 752">
    <p class='ocr_par' dir='ltr' id='par_1_7' title="bbox 515 670 2086 752">
     <span class='ocr_line' id='line_1_7' title="bbox 515 670 2086 752; baseline -0.012 -12"><span class='ocrx_word' id='word_1_30' title='bbox 515 705 607 741; x_wconf 75' lang='lat' dir='ltr'><strong>eos</strong></span> <span class='ocrx_word' id='word_1_31' title='bbox 636 705 737 742; x_wconf 88' lang='lat' dir='ltr'><strong>non</strong></span> <span class='ocrx_word' id='word_1_32' title='bbox 784 700 902 739; x_wconf 85' lang='lat' dir='ltr'><strong>esse</strong></span> <span class='ocrx_word' id='word_1_33' title='bbox 953 682 1251 752; x_wconf 76' lang='lat' dir='ltr'><strong>puniendos</strong></span> <span class='ocrx_word' id='word_1_34' title='bbox 1280 681 1369 745; x_wconf 86' lang='lat' dir='ltr'><strong>qui</strong></span> <span class='ocrx_word' id='word_1_35' title='bbox 1423 676 1732 745; x_wconf 83' lang='lat' dir='ltr'><strong>pejcrarunt</strong></span> <span class='ocrx_word' id='word_1_36' title='bbox 1765 713 1780 737; x_wconf 91' lang='lat'><strong>,</strong></span> <span class='ocrx_word' id='word_1_37' title='bbox 1823 670 2086 740; x_wconf 74' lang='lat' dir='ltr'><strong>quemad~</strong></span> 
     </span>
    </p>
   </div>
   <div class='ocr_carea' id='block_1_8' title="bbox 514 763 2079 842">
    <p class='ocr_par' dir='ltr' id='par_1_8' title="bbox 514 763 2079 842">
     <span class='ocr_line' id='line_1_8' title="bbox 514 763 2079 842; baseline -0.013 -8"><span class='ocrx_word' id='word_1_38' title='bbox 514 783 727 834; x_wconf 88' lang='lat' dir='ltr'><strong>modmn</strong></span> <span class='ocrx_word' id='word_1_39' title='bbox 761 793 998 832; x_wconf 75' lang='lat' dir='ltr'><strong>canones</strong></span> <span class='ocrx_word' id='word_1_40' title='bbox 1058 784 1180 827; x_wconf 80' lang='lat' dir='ltr'><strong>ante</strong></span> <span class='ocrx_word' id='word_1_41' title='bbox 1212 772 1374 842; x_wconf 89' lang='lat' dir='ltr'><strong>positi</strong></span> <span class='ocrx_word' id='word_1_42' title='bbox 1419 771 1610 836; x_wconf 85' lang='lat' dir='ltr'><strong>jubent</strong></span> <span class='ocrx_word' id='word_1_43' title='bbox 1643 786 1658 820; x_wconf 91' lang='lat'><strong>:</strong></span> <span class='ocrx_word' id='word_1_44' title='bbox 1689 766 1887 819; x_wconf 86' lang='lat' dir='ltr'><strong>dixerit</strong></span> <span class='ocrx_word' id='word_1_45' title='bbox 1936 763 2079 831; x_wconf 87' lang='lat' dir='ltr'><strong>quis,</strong></span> 
     </span>
    </p>
   </div>
   <div class='ocr_carea' id='block_1_9' title="bbox 515 856 2086 925">
    <p class='ocr_par' dir='ltr' id='par_1_9' title="bbox 515 856 2086 925">
     <span class='ocr_line' id='line_1_9' title="bbox 515 856 2086 925; baseline -0.011 -1"><span class='ocrx_word' id='word_1_46' title='bbox 515 886 748 925; x_wconf 79' lang='lat' dir='ltr'><strong>canones</strong></span> <span class='ocrx_word' id='word_1_47' title='bbox 778 884 895 923; x_wconf 87' lang='lat' dir='ltr'><strong>esse</strong></span> <span class='ocrx_word' id='word_1_48' title='bbox 927 869 1070 920; x_wconf 87' lang='lat' dir='ltr'><strong>inter</strong></span> <span class='ocrx_word' id='word_1_49' title='bbox 1102 881 1157 918; x_wconf 91' lang='lat' dir='ltr'><strong>se</strong></span> <span class='ocrx_word' id='word_1_50' title='bbox 1185 863 1485 918; x_wconf 86' lang='lat' dir='ltr'><strong>contrarios</strong></span> <span class='ocrx_word' id='word_1_51' title='bbox 1515 876 1528 912; x_wconf 91' lang='lat'><strong>:</strong></span> <span class='ocrx_word' id='word_1_52' title='bbox 1560 861 1650 914; x_wconf 89' lang='lat' dir='ltr'><strong>sed</strong></span> <span class='ocrx_word' id='word_1_53' title='bbox 1684 858 1812 912; x_wconf 90' lang='lat' dir='ltr'><strong>mihi</strong></span> <span class='ocrx_word' id='word_1_54' title='bbox 1857 872 1960 910; x_wconf 92' lang='lat' dir='ltr'><strong>non</strong></span> <span class='ocrx_word' id='word_1_55' title='bbox 2003 856 2086 906; x_wconf 69' lang='lat' dir='ltr'><strong>vi-</strong></span> 
     </span>
    </p>
   </div>
   <div class='ocr_carea' id='block_1_10' title="bbox 514 951 2079 1032">
    <p class='ocr_par' dir='ltr' id='par_1_10' title="bbox 514 951 2079 1032">
     <span class='ocr_line' id='line_1_10' title="bbox 514 951 2079 1032; baseline -0.012 -13"><span class='ocrx_word' id='word_1_56' title='bbox 514 969 690 1030; x_wconf 88' lang='lat' dir='ltr'><strong>detur,</strong></span> <span class='ocrx_word' id='word_1_57' title='bbox 710 964 804 1018; x_wconf 85' lang='lat' dir='ltr'><strong>sed</strong></span> <span class='ocrx_word' id='word_1_58' title='bbox 829 961 1043 1032; x_wconf 83' lang='lat' dir='ltr'><strong>quando</strong></span> <span class='ocrx_word' id='word_1_59' title='bbox 1077 955 1772 1028; x_wconf 81' lang='lat' dir='ltr'><strong>legitimumjusjurandum</strong></span> <span class='ocrx_word' id='word_1_60' title='bbox 1807 951 2079 1020; x_wconf 80' lang='lat' dir='ltr'><strong>quispiam</strong></span> 
     </span>
    </p>
   </div>
   <div class='ocr_carea' id='block_1_11' title="bbox 515 1042 2088 1115">
    <p class='ocr_par' dir='ltr' id='par_1_11' title="bbox 515 1042 2088 1115">
     <span class='ocr_line' id='line_1_11' title="bbox 515 1042 2088 1115; baseline -0.013 -1"><span class='ocrx_word' id='word_1_61' title='bbox 515 1062 633 1115; x_wconf 85' lang='lat' dir='ltr'><strong>sine</strong></span> <span class='ocrx_word' id='word_1_62' title='bbox 665 1057 769 1111; x_wconf 90' lang='lat' dir='ltr'><strong>ulla</strong></span> <span class='ocrx_word' id='word_1_63' title='bbox 806 1054 1129 1109; x_wconf 78' lang='lat' dir='ltr'><strong>necessitate</strong></span> <span class='ocrx_word' id='word_1_64' title='bbox 1160 1048 1544 1107; x_wconf 84' lang='lat' dir='ltr'><strong>infirmaverit,</strong></span> <span class='ocrx_word' id='word_1_65' title='bbox 1596 1045 1676 1098; x_wconf 79' lang='lat' dir='ltr'><strong>vel</strong></span> <span class='ocrx_word' id='word_1_66' title='bbox 1709 1043 1844 1097; x_wconf 49' lang='lat' dir='ltr'><strong>falso</strong></span> <span class='ocrx_word' id='word_1_67' title='bbox 1868 1042 2088 1110; x_wconf 79' lang='lat' dir='ltr'><strong>jurave-</strong></span> 
     </span>
    </p>
   </div>
   <div class='ocr_carea' id='block_1_12' title="bbox 516 1133 2085 1216">
    <p class='ocr_par' dir='ltr' id='par_1_12' title="bbox 516 1133 2085 1216">
     <span class='ocr_line' id='line_1_12' title="bbox 516 1133 2085 1216; baseline -0.013 -12"><span class='ocrx_word' id='word_1_68' title='bbox 516 1152 604 1211; x_wconf 91' lang='lat' dir='ltr'><strong>rit,</strong></span> <span class='ocrx_word' id='word_1_69' title='bbox 643 1148 810 1216; x_wconf 77' lang='lat' dir='ltr'><strong>magis</strong></span> <span class='ocrx_word' id='word_1_70' title='bbox 842 1146 1112 1214; x_wconf 78' lang='lat' dir='ltr'><strong>punietur.</strong></span> <span class='ocrx_word' id='word_1_71' title='bbox 1157 1141 1383 1207; x_wconf 87' lang='lat' dir='ltr'><strong>Quando</strong></span> <span class='ocrx_word' id='word_1_72' title='bbox 1431 1149 1608 1191; x_wconf 82' lang='lat' dir='ltr'><strong>autem</strong></span> <span class='ocrx_word' id='word_1_73' title='bbox 1645 1136 1746 1189; x_wconf 91' lang='lat' dir='ltr'><strong>hoc</strong></span> <span class='ocrx_word' id='word_1_74' title='bbox 1775 1135 1822 1186; x_wconf 82' lang='lat' dir='ltr'><strong>vi</strong></span> <span class='ocrx_word' id='word_1_75' title='bbox 1853 1133 2046 1186; x_wconf 80' lang='lat' dir='ltr'><strong>fecerit</strong></span> <span class='ocrx_word' id='word_1_76' title='bbox 2071 1169 2085 1193; x_wconf 89' lang='lat'><strong>,</strong></span> 
     </span>
    </p>
   </div>
   <div class='ocr_carea' id='block_1_13' title="bbox 515 1223 2090 1304">
    <p class='ocr_par' dir='ltr' id='par_1_13' title="bbox 515 1223 2090 1304">
     <span class='ocr_line' id='line_1_13' title="bbox 515 1223 2090 1304; baseline -0.013 -9"><span class='ocrx_word' id='word_1_77' title='bbox 515 1239 689 1295; x_wconf 80' lang='lat' dir='ltr'><strong>levius</strong></span> <span class='ocrx_word' id='word_1_78' title='bbox 738 1238 1008 1304; x_wconf 88' lang='lat' dir='ltr'><strong>punietur,</strong></span> <span class='ocrx_word' id='word_1_79' title='bbox 1044 1231 1334 1286; x_wconf 86' lang='lat' dir='ltr'><strong>secundum</strong></span> <span class='ocrx_word' id='word_1_80' title='bbox 1384 1243 1644 1282; x_wconf 85' lang='lat' dir='ltr'><strong>canonem</strong></span> <span class='ocrx_word' id='word_1_81' title='bbox 1683 1225 1754 1278; x_wconf 66' lang='lat' dir='ltr'><strong>8i</strong></span> <span class='ocrx_word' id='word_1_82' title='bbox 1804 1223 2090 1292; x_wconf 62' lang='lat' dir='ltr'><strong>praesentis</strong></span> 
     </span>
    </p>
   </div>
   <div class='ocr_carea' id='block_1_14' title="bbox 522 1319 2092 1389">
    <p class='ocr_par' dir='ltr' id='par_1_14' title="bbox 522 1319 2092 1389">
     <span class='ocr_line' id='line_1_14' title="bbox 522 1319 2092 1389; baseline -0.011 -3"><span class='ocrx_word' id='word_1_83' title='bbox 522 1333 699 1386; x_wconf 83' lang='lat' dir='ltr'><strong>sancti</strong></span> <span class='ocrx_word' id='word_1_84' title='bbox 738 1329 937 1382; x_wconf 85' lang='lat' dir='ltr'><strong>Patris.</strong></span> <span class='ocrx_word' id='word_1_85' title='bbox 977 1329 1071 1381; x_wconf 84' lang='lat' dir='ltr'><strong>Sin</strong></span> <span class='ocrx_word' id='word_1_86' title='bbox 1102 1335 1281 1378; x_wconf 81' lang='lat' dir='ltr'><strong>autem</strong></span> <span class='ocrx_word' id='word_1_87' title='bbox 1312 1339 1415 1378; x_wconf 85' lang='lat' dir='ltr'><strong>nun</strong></span> <span class='ocrx_word' id='word_1_88' title='bbox 1447 1335 1522 1375; x_wconf 90' lang='lat' dir='ltr'><strong>cst</strong></span> <span class='ocrx_word' id='word_1_89' title='bbox 1560 1322 1874 1389; x_wconf 79' lang='lat' dir='ltr'><strong>legitimum,</strong></span> <span class='ocrx_word' id='word_1_90' title='bbox 1911 1319 2000 1371; x_wconf 86' lang='lat' dir='ltr'><strong>scd</strong></span> <span class='ocrx_word' id='word_1_91' title='bbox 2034 1326 2092 1370; x_wconf 92' lang='lat' dir='ltr'><strong>ut</strong></span> 
     </span>
    </p>
   </div>
   <div class='ocr_carea' id='block_1_15' title="bbox 524 1414 2094 1490">
    <p class='ocr_par' dir='ltr' id='par_1_15' title="bbox 524 1414 2094 1490">
     <span class='ocr_line' id='line_1_15' title="bbox 524 1414 2094 1490; baseline -0.01 -13"><span class='ocrx_word' id='word_1_92' title='bbox 524 1423 817 1478; x_wconf 87' lang='lat' dir='ltr'><strong>absurdum</strong></span> <span class='ocrx_word' id='word_1_93' title='bbox 855 1423 981 1490; x_wconf 89' lang='lat' dir='ltr'><strong>quid</strong></span> <span class='ocrx_word' id='word_1_94' title='bbox 1021 1420 1195 1481; x_wconf 82' lang='lat' dir='ltr'><strong>iieret,</strong></span> <span class='ocrx_word' id='word_1_95' title='bbox 1230 1418 1312 1469; x_wconf 79' lang='lat' dir='ltr'><strong>vel</strong></span> <span class='ocrx_word' id='word_1_96' title='bbox 1346 1432 1414 1469; x_wconf 93' lang='lat' dir='ltr'><strong>ne</strong></span> <span class='ocrx_word' id='word_1_97' title='bbox 1446 1415 1570 1468; x_wconf 87' lang='lat' dir='ltr'><strong>boni</strong></span> <span class='ocrx_word' id='word_1_98' title='bbox 1606 1415 1732 1481; x_wconf 86' lang='lat' dir='ltr'><strong>quid</strong></span> <span class='ocrx_word' id='word_1_99' title='bbox 1766 1414 1934 1477; x_wconf 81' lang='lat' dir='ltr'><strong>fieret,</strong></span> <span class='ocrx_word' id='word_1_100' title='bbox 1975 1427 2094 1481; x_wconf 89' lang='lat' dir='ltr'><strong>pro-</strong></span> 
     </span>
    </p>
   </div>
   <div class='ocr_carea' id='block_1_16' title="bbox 517 1500 2093 1578">
    <p class='ocr_par' dir='ltr' id='par_1_16' title="bbox 517 1500 2093 1578">
     <span class='ocr_line' id='line_1_16' title="bbox 517 1500 2093 1578; baseline -0.012 -8"><span class='ocrx_word' id='word_1_101' title='bbox 517 1515 704 1578; x_wconf 88' lang='lat' dir='ltr'><strong>cessit,</strong></span> <span class='ocrx_word' id='word_1_102' title='bbox 732 1512 812 1566; x_wconf 85' lang='lat' dir='ltr'><strong>vel</strong></span> <span class='ocrx_word' id='word_1_103' title='bbox 859 1512 1022 1563; x_wconf 86' lang='lat' dir='ltr'><strong>etiam</strong></span> <span class='ocrx_word' id='word_1_104' title='bbox 1050 1510 1252 1577; x_wconf 76' lang='lat' dir='ltr'><strong>juravit</strong></span> <span class='ocrx_word' id='word_1_105' title='bbox 1294 1507 1559 1576; x_wconf 84' lang='lat' dir='ltr'><strong>quispiam</strong></span> <span class='ocrx_word' id='word_1_106' title='bbox 1607 1520 1664 1558; x_wconf 87' lang='lat' dir='ltr'><strong>se</strong></span> <span class='ocrx_word' id='word_1_107' title='bbox 1699 1503 1963 1556; x_wconf 86' lang='lat' dir='ltr'><strong>facturum</strong></span> <span class='ocrx_word' id='word_1_108' title='bbox 1995 1500 2093 1552; x_wconf 91' lang='lat' dir='ltr'><strong>ali-</strong></span> 
     </span>
    </p>
   </div>
   <div class='ocr_carea' id='block_1_17' title="bbox 516 1597 2094 1676">
    <p class='ocr_par' dir='ltr' id='par_1_17' title="bbox 516 1597 2094 1676">
     <span class='ocr_line' id='line_1_17' title="bbox 516 1597 2094 1676; baseline -0.009 -14"><span class='ocrx_word' id='word_1_109' title='bbox 516 1609 664 1676; x_wconf 89' lang='lat' dir='ltr'><strong>quid,</strong></span> <span class='ocrx_word' id='word_1_110' title='bbox 696 1605 836 1674; x_wconf 86' lang='lat' dir='ltr'><strong>quod</strong></span> <span class='ocrx_word' id='word_1_111' title='bbox 875 1620 980 1658; x_wconf 88' lang='lat' dir='ltr'><strong>non</strong></span> <span class='ocrx_word' id='word_1_112' title='bbox 1014 1604 1175 1656; x_wconf 82' lang='lat' dir='ltr'><strong>debet</strong></span> <span class='ocrx_word' id='word_1_113' title='bbox 1205 1603 1255 1654; x_wconf 91' lang='lat' dir='ltr'><strong>in</strong></span> <span class='ocrx_word' id='word_1_114' title='bbox 1284 1600 1664 1669; x_wconf 87' lang='lat' dir='ltr'><strong>jusjurandmn</strong></span> <span class='ocrx_word' id='word_1_115' title='bbox 1701 1597 1890 1651; x_wconf 83' lang='lat' dir='ltr'><strong>deduci</strong></span> <span class='ocrx_word' id='word_1_116' title='bbox 1919 1639 1934 1659; x_wconf 89' lang='lat'><strong>,</strong></span> <span class='ocrx_word' id='word_1_117' title='bbox 1969 1605 2094 1648; x_wconf 91' lang='lat' dir='ltr'><strong>tunc</strong></span> 
     </span>
    </p>
   </div>
   <div class='ocr_carea' id='block_1_18' title="bbox 519 1689 2091 1764">
    <p class='ocr_par' dir='ltr' id='par_1_18' title="bbox 519 1689 2091 1764">
     <span class='ocr_line' id='line_1_18' title="bbox 519 1689 2091 1764; baseline -0.008 -14"><span class='ocrx_word' id='word_1_118' title='bbox 519 1703 738 1762; x_wconf 88' lang='lat' dir='ltr'><strong>impune</strong></span> <span class='ocrx_word' id='word_1_119' title='bbox 771 1702 947 1764; x_wconf 86' lang='lat' dir='ltr'><strong>potest</strong></span> <span class='ocrx_word' id='word_1_120' title='bbox 983 1692 1191 1744; x_wconf 89' lang='lat' dir='ltr'><strong>irritum</strong></span> <span class='ocrx_word' id='word_1_121' title='bbox 1240 1691 1447 1744; x_wconf 89' lang='lat' dir='ltr'><strong>haberi.</strong></span> <span class='ocrx_word' id='word_1_122' title='bbox 1481 1689 1723 1741; x_wconf 79' lang='lat' dir='ltr'><strong>Audiens</strong></span> <span class='ocrx_word' id='word_1_123' title='bbox 1753 1701 1913 1755; x_wconf 92' lang='lat' dir='ltr'><strong>porro</strong></span> <span class='ocrx_word' id='word_1_124' title='bbox 1963 1700 2091 1738; x_wconf 84' lang='lat' dir='ltr'><strong>san-</strong></span> 
     </span>
    </p>
   </div>
   <div class='ocr_carea' id='block_1_19' title="bbox 518 1776 2094 1847">
    <p class='ocr_par' dir='ltr' id='par_1_19' title="bbox 518 1776 2094 1847">
     <span class='ocr_line' id='line_1_19' title="bbox 518 1776 2094 1847; baseline -0.008 -10"><span class='ocrx_word' id='word_1_125' title='bbox 518 1797 662 1838; x_wconf 89' lang='lat' dir='ltr'><strong>ctum</strong></span> <span class='ocrx_word' id='word_1_126' title='bbox 686 1783 951 1838; x_wconf 81' lang='lat' dir='ltr'><strong>dicentem</strong></span> <span class='ocrx_word' id='word_1_127' title='bbox 981 1781 1178 1835; x_wconf 85' lang='lat' dir='ltr'><strong>debere</strong></span> <span class='ocrx_word' id='word_1_128' title='bbox 1203 1794 1296 1833; x_wconf 89' lang='lat' dir='ltr'><strong>eos</strong></span> <span class='ocrx_word' id='word_1_129' title='bbox 1326 1794 1539 1847; x_wconf 86' lang='lat' dir='ltr'><strong>quoque</strong></span> <span class='ocrx_word' id='word_1_130' title='bbox 1566 1778 1767 1840; x_wconf 87' lang='lat' dir='ltr'><strong>doceri,</strong></span> <span class='ocrx_word' id='word_1_131' title='bbox 1800 1792 1865 1830; x_wconf 93' lang='lat' dir='ltr'><strong>ne</strong></span> <span class='ocrx_word' id='word_1_132' title='bbox 1893 1777 2002 1829; x_wconf 89' lang='lat' dir='ltr'><strong>sint</strong></span> <span class='ocrx_word' id='word_1_133' title='bbox 2031 1776 2094 1826; x_wconf 85' lang='lat' dir='ltr'><strong>ad</strong></span> 
     </span>
    </p>
   </div>
   <div class='ocr_carea' id='block_1_20' title="bbox 513 1870 2101 1945">
    <p class='ocr_par' dir='ltr' id='par_1_20' title="bbox 513 1870 2101 1945">
     <span class='ocr_line' id='line_1_20' title="bbox 513 1870 2101 1945; baseline -0.007 -17"><span class='ocrx_word' id='word_1_134' title='bbox 513 1875 890 1945; x_wconf 82' lang='lat' dir='ltr'><strong>jusjurandum</strong></span> <span class='ocrx_word' id='word_1_135' title='bbox 923 1873 1130 1935; x_wconf 82' lang='lat' dir='ltr'><strong>faciles,</strong></span> <span class='ocrx_word' id='word_1_136' title='bbox 1157 1881 1209 1924; x_wconf 86' lang='lat' dir='ltr'><strong>et</strong></span> <span class='ocrx_word' id='word_1_137' title='bbox 1245 1873 1386 1940; x_wconf 86' lang='lat' dir='ltr'><strong>quod</strong></span> <span class='ocrx_word' id='word_1_138' title='bbox 1414 1870 1598 1939; x_wconf 90' lang='lat' dir='ltr'><strong>jnrare</strong></span> <span class='ocrx_word' id='word_1_139' title='bbox 1623 1870 1841 1922; x_wconf 84' lang='lat' dir='ltr'><strong>omnino</strong></span> <span class='ocrx_word' id='word_1_140' title='bbox 1865 1878 1948 1920; x_wconf 91' lang='lat' dir='ltr'><strong>est</strong></span> <span class='ocrx_word' id='word_1_141' title='bbox 1977 1880 2101 1935; x_wconf 88' lang='lat' dir='ltr'><strong>pro-</strong></span> 
     </span>
    </p>
   </div>
   <div class='ocr_carea' id='block_1_21' title="bbox 530 1959 2104 2033">
    <p class='ocr_par' dir='ltr' id='par_1_21' title="bbox 530 1959 2104 2033">
     <span class='ocr_line' id='line_1_21' title="bbox 530 1959 2104 2033; baseline -0.008 -11"><span class='ocrx_word' id='word_1_142' title='bbox 530 1967 784 2031; x_wconf 88' lang='lat' dir='ltr'><strong>hibitum,</strong></span> <span class='ocrx_word' id='word_1_143' title='bbox 817 1965 935 2018; x_wconf 90' lang='lat' dir='ltr'><strong>dico</strong></span> <span class='ocrx_word' id='word_1_144' title='bbox 966 1965 1106 2033; x_wconf 86' lang='lat' dir='ltr'><strong>quod</strong></span> <span class='ocrx_word' id='word_1_145' title='bbox 1139 1973 1193 2018; x_wconf 89' lang='lat' dir='ltr'><strong>et</strong></span> <span class='ocrx_word' id='word_1_146' title='bbox 1220 1964 1262 2016; x_wconf 89' lang='lat' dir='ltr'><strong>si</strong></span> <span class='ocrx_word' id='word_1_147' title='bbox 1295 1961 1355 2024; x_wconf 88' lang='lat' dir='ltr'><strong>ii,</strong></span> <span class='ocrx_word' id='word_1_148' title='bbox 1381 1963 1469 2030; x_wconf 87' lang='lat' dir='ltr'><strong>qui</strong></span> <span class='ocrx_word' id='word_1_149' title='bbox 1499 1959 1801 2025; x_wconf 84' lang='lat' dir='ltr'><strong>hujusmodi</strong></span> <span class='ocrx_word' id='word_1_150' title='bbox 1823 1959 2104 2024; x_wconf 85' lang='lat' dir='ltr'><strong>jnramen-</strong></span> 
     </span>
    </p>
   </div>
   <div class='ocr_carea' id='block_1_22' title="bbox 522 2049 2096 2124">
    <p class='ocr_par' dir='ltr' id='par_1_22' title="bbox 522 2049 2096 2124">
     <span class='ocr_line' id='line_1_22' title="bbox 522 2049 2096 2124; baseline -0.01 -9"><span class='ocrx_word' id='word_1_151' title='bbox 522 2063 591 2116; x_wconf 85' lang='lat' dir='ltr'><strong>tis</strong></span> <span class='ocrx_word' id='word_1_152' title='bbox 640 2074 762 2112; x_wconf 90' lang='lat' dir='ltr'><strong>sese</strong></span> <span class='ocrx_word' id='word_1_153' title='bbox 795 2056 1158 2124; x_wconf 77' lang='lat' dir='ltr'><strong>obstringere,</strong></span> <span class='ocrx_word' id='word_1_154' title='bbox 1204 2054 1322 2108; x_wconf 88' lang='lat' dir='ltr'><strong>sine</strong></span> <span class='ocrx_word' id='word_1_155' title='bbox 1368 2050 1606 2120; x_wconf 76' lang='lat' dir='ltr'><strong>periculo</strong></span> <span class='ocrx_word' id='word_1_156' title='bbox 1635 2049 1880 2118; x_wconf 82' lang='lat' dir='ltr'><strong>pejcrant</strong></span> <span class='ocrx_word' id='word_1_157' title='bbox 1911 2089 1926 2111; x_wconf 90' lang='lat'><strong>,</strong></span> <span class='ocrx_word' id='word_1_158' title='bbox 1995 2065 2096 2101; x_wconf 86' lang='lat' dir='ltr'><strong>non</strong></span> 
     </span>
    </p>
   </div>
   <div class='ocr_carea' id='block_1_23' title="bbox 522 2137 2101 2214">
    <p class='ocr_par' dir='ltr' id='par_1_23' title="bbox 522 2137 2101 2214">
     <span class='ocr_line' id='line_1_23' title="bbox 522 2137 2101 2214; baseline -0.01 -10"><span class='ocrx_word' id='word_1_159' title='bbox 522 2157 684 2204; x_wconf 89' lang='lat' dir='ltr'><strong>erunt</strong></span> <span class='ocrx_word' id='word_1_160' title='bbox 717 2157 893 2202; x_wconf 89' lang='lat' dir='ltr'><strong>tamen</strong></span> <span class='ocrx_word' id='word_1_161' title='bbox 922 2160 1143 2214; x_wconf 86' lang='lat' dir='ltr'><strong>prorsus</strong></span> <span class='ocrx_word' id='word_1_162' title='bbox 1181 2141 1450 2210; x_wconf 90' lang='lat' dir='ltr'><strong>impuniti,</strong></span> <span class='ocrx_word' id='word_1_163' title='bbox 1480 2141 1575 2193; x_wconf 76' lang='lat' dir='ltr'><strong>sed</strong></span> <span class='ocrx_word' id='word_1_164' title='bbox 1614 2138 1819 2192; x_wconf 84' lang='lat' dir='ltr'><strong>modice</strong></span> <span class='ocrx_word' id='word_1_165' title='bbox 1851 2153 1947 2203; x_wconf 90' lang='lat' dir='ltr'><strong>pro</strong></span> <span class='ocrx_word' id='word_1_166' title='bbox 1981 2137 2101 2205; x_wconf 89' lang='lat' dir='ltr'><strong>epi-</strong></span> 
     </span>
    </p>
   </div>
   <div class='ocr_carea' id='block_1_24' title="bbox 521 2225 2093 2306">
    <p class='ocr_par' dir='ltr' id='par_1_24' title="bbox 521 2225 2093 2306">
     <span class='ocr_line' id='line_1_24' title="bbox 521 2225 2093 2306; baseline -0.011 -13"><span class='ocrx_word' id='word_1_167' title='bbox 521 2239 670 2306; x_wconf 80' lang='lat' dir='ltr'><strong>scopi</strong></span> <span class='ocrx_word' id='word_1_168' title='bbox 701 2237 959 2291; x_wconf 87' lang='lat' dir='ltr'><strong>arbitratu</strong></span> <span class='ocrx_word' id='word_1_169' title='bbox 989 2233 1299 2304; x_wconf 88' lang='lat' dir='ltr'><strong>punientur.</strong></span> <span class='ocrx_word' id='word_1_170' title='bbox 1343 2230 1477 2295; x_wconf 83' lang='lat' dir='ltr'><strong>Quia</strong></span> <span class='ocrx_word' id='word_1_171' title='bbox 1519 2235 1698 2280; x_wconf 88' lang='lat' dir='ltr'><strong>autem</strong></span> <span class='ocrx_word' id='word_1_172' title='bbox 1731 2240 1795 2281; x_wconf 72' lang='lat' dir='ltr'><strong>ex</strong></span> <span class='ocrx_word' id='word_1_173' title='bbox 1833 2241 1913 2286; x_wconf 88' lang='lat' dir='ltr'><strong>eo,</strong></span> <span class='ocrx_word' id='word_1_174' title='bbox 1949 2225 2093 2293; x_wconf 84' lang='lat' dir='ltr'><strong>quod</strong></span> 
     </span>
    </p>
   </div>
   <div class='ocr_carea' id='block_1_25' title="bbox 523 2321 2100 2395">
    <p class='ocr_par' dir='ltr' id='par_1_25' title="bbox 523 2321 2100 2395">
     <span class='ocr_line' id='line_1_25' title="bbox 523 2321 2100 2395; baseline -0.011 -9"><span class='ocrx_word' id='word_1_175' title='bbox 523 2335 818 2386; x_wconf 87' lang='lat' dir='ltr'><strong>decernant</strong></span> <span class='ocrx_word' id='word_1_176' title='bbox 858 2341 1096 2382; x_wconf 86' lang='lat' dir='ltr'><strong>canones</strong></span> <span class='ocrx_word' id='word_1_177' title='bbox 1127 2325 1424 2395; x_wconf 84' lang='lat' dir='ltr'><strong>puniendos</strong></span> <span class='ocrx_word' id='word_1_178' title='bbox 1459 2321 1727 2390; x_wconf 86' lang='lat' dir='ltr'><strong>perjuros,</strong></span> <span class='ocrx_word' id='word_1_179' title='bbox 1761 2329 1983 2388; x_wconf 79' lang='lat' dir='ltr'><strong>apparet</strong></span> <span class='ocrx_word' id='word_1_180' title='bbox 2007 2332 2100 2372; x_wconf 90' lang='lat' dir='ltr'><strong>eos</strong></span> 
     </span>
    </p>
   </div>
   <div class='ocr_carea' id='block_1_26' title="bbox 525 2412 2104 2492">
    <p class='ocr_par' dir='ltr' id='par_1_26' title="bbox 525 2412 2104 2492">
     <span class='ocr_line' id='line_1_26' title="bbox 525 2412 2104 2492; baseline -0.011 -12"><span class='ocrx_word' id='word_1_181' title='bbox 525 2441 634 2480; x_wconf 88' lang='lat' dir='ltr'><strong>non</strong></span> <span class='ocrx_word' id='word_1_182' title='bbox 661 2422 858 2492; x_wconf 82' lang='lat' dir='ltr'><strong>puniti,</strong></span> <span class='ocrx_word' id='word_1_183' title='bbox 887 2421 975 2489; x_wconf 89' lang='lat' dir='ltr'><strong>qui</strong></span> <span class='ocrx_word' id='word_1_184' title='bbox 1014 2419 1326 2487; x_wconf 72' lang='lat' dir='ltr'><strong>iuramenta</strong></span> <span class='ocrx_word' id='word_1_185' title='bbox 1360 2430 1463 2468; x_wconf 92' lang='lat' dir='ltr'><strong>non</strong></span> <span class='ocrx_word' id='word_1_186' title='bbox 1512 2412 1998 2480; x_wconf 70' lang='lat' dir='ltr'><strong>transgrediuntur,</strong></span> <span class='ocrx_word' id='word_1_187' title='bbox 2049 2421 2104 2462; x_wconf 87' lang='lat' dir='ltr'><strong>ct</strong></span> 
     </span>
    </p>
   </div>
   <div class='ocr_carea' id='block_1_27' title="bbox 523 2505 2098 2579">
    <p class='ocr_par' dir='ltr' id='par_1_27' title="bbox 523 2505 2098 2579">
     <span class='ocr_line' id='line_1_27' title="bbox 523 2505 2098 2579; baseline -0.011 -6"><span class='ocrx_word' id='word_1_188' title='bbox 523 2537 589 2575; x_wconf 83' lang='lat' dir='ltr'><strong>ex</strong></span> <span class='ocrx_word' id='word_1_189' title='bbox 617 2535 680 2574; x_wconf 86' lang='lat' dir='ltr'><strong>eo</strong></span> <span class='ocrx_word' id='word_1_190' title='bbox 708 2519 868 2573; x_wconf 79' lang='lat' dir='ltr'><strong>etiam</strong></span> <span class='ocrx_word' id='word_1_191' title='bbox 904 2514 1209 2569; x_wconf 87' lang='lat' dir='ltr'><strong>ostenditur</strong></span> <span class='ocrx_word' id='word_1_192' title='bbox 1235 2509 1468 2579; x_wconf 84' lang='lat' dir='ltr'><strong>legitima</strong></span> <span class='ocrx_word' id='word_1_193' title='bbox 1494 2509 1805 2577; x_wconf 79' lang='lat' dir='ltr'><strong>jurameuta</strong></span> <span class='ocrx_word' id='word_1_194' title='bbox 1835 2505 2098 2573; x_wconf 86' lang='lat' dir='ltr'><strong>permitti,</strong></span> 
     </span>
    </p>
   </div>
   <div class='ocr_carea' id='block_1_28' title="bbox 527 2595 2096 2670">
    <p class='ocr_par' dir='ltr' id='par_1_28' title="bbox 527 2595 2096 2670">
     <span class='ocr_line' id='line_1_28' title="bbox 527 2595 2096 2670; baseline -0.011 -4"><span class='ocrx_word' id='word_1_195' title='bbox 527 2629 594 2667; x_wconf 76' lang='lat' dir='ltr'><strong>ne</strong></span> <span class='ocrx_word' id='word_1_196' title='bbox 624 2595 827 2664; x_wconf 80' lang='lat' dir='ltr'><strong>dixeris</strong></span> <span class='ocrx_word' id='word_1_197' title='bbox 862 2610 971 2660; x_wconf 38' lang='lat' dir='ltr'><strong>bare</strong></span> <span class='ocrx_word' id='word_1_198' title='bbox 1002 2620 1123 2659; x_wconf 89' lang='lat' dir='ltr'><strong>esse</strong></span> <span class='ocrx_word' id='word_1_199' title='bbox 1169 2600 1562 2670; x_wconf 89' lang='lat' dir='ltr'><strong>aliquantulmu</strong></span> <span class='ocrx_word' id='word_1_200' title='bbox 1590 2597 1807 2651; x_wconf 80' lang='lat' dir='ltr'><strong>definita</strong></span> <span class='ocrx_word' id='word_1_201' title='bbox 1837 2595 2096 2648; x_wconf 61' lang='lat' dir='ltr'><strong>adxcrsus</strong></span> 
     </span>
    </p>
   </div>
   <div class='ocr_carea' id='block_1_29' title="bbox 523 2686 2098 2773">
    <p class='ocr_par' dir='ltr' id='par_1_29' title="bbox 523 2686 2098 2773">
     <span class='ocr_line' id='line_1_29' title="bbox 523 2686 2098 2773; baseline -0.016 -12"><span class='ocrx_word' id='word_1_202' title='bbox 523 2705 887 2773; x_wconf 72' lang='lat' dir='ltr'><strong>evangelicum</strong></span> <span class='ocrx_word' id='word_1_203' title='bbox 929 2707 1276 2769; x_wconf 69' lang='lat' dir='ltr'><strong>prieceptum,</strong></span> <span class='ocrx_word' id='word_1_204' title='bbox 1304 2693 1443 2762; x_wconf 88' lang='lat' dir='ltr'><strong>quod</strong></span> <span class='ocrx_word' id='word_1_205' title='bbox 1474 2690 1646 2744; x_wconf 89' lang='lat' dir='ltr'><strong>dicit:</strong></span> <span class='ocrx_word' id='word_1_206' title='bbox 1689 2686 1808 2741; x_wconf 74' lang='lat' dir='ltr'><strong>Non</strong></span> <span class='ocrx_word' id='word_1_207' title='bbox 1840 2703 1952 2741; x_wconf 81' lang='lat' dir='ltr'><strong>esse</strong></span> <span class='ocrx_word' id='word_1_208' title='bbox 1984 2702 2098 2740; x_wconf 82' lang='lat' dir='ltr'><strong>om-</strong></span> 
     </span>
    </p>
   </div>
   <div class='ocr_carea' id='block_1_30' title="bbox 527 2780 2096 2863">
    <p class='ocr_par' dir='ltr' id='par_1_30' title="bbox 527 2780 2096 2863">
     <span class='ocr_line' id='line_1_30' title="bbox 527 2780 2096 2863; baseline -0.013 -13"><span class='ocrx_word' id='word_1_209' title='bbox 527 2799 650 2850; x_wconf 84' lang='lat' dir='ltr'><strong>nino</strong></span> <span class='ocrx_word' id='word_1_210' title='bbox 678 2794 968 2863; x_wconf 81' lang='lat' dir='ltr'><strong>jmundum</strong></span> <span class='ocrx_word' id='word_1_211' title='bbox 990 2831 1003 2854; x_wconf 93' lang='lat'><strong>,</strong></span> <span class='ocrx_word' id='word_1_212' title='bbox 1038 2805 1198 2858; x_wconf 83' lang='lat' dir='ltr'><strong>neque</strong></span> <span class='ocrx_word' id='word_1_213' title='bbox 1226 2789 1280 2838; x_wconf 82' lang='lat' dir='ltr'><strong>in</strong></span> <span class='ocrx_word' id='word_1_214' title='bbox 1310 2785 1460 2848; x_wconf 74' lang='lat' dir='ltr'><strong>creto,</strong></span> <span class='ocrx_word' id='word_1_215' title='bbox 1495 2798 1656 2851; x_wconf 77' lang='lat' dir='ltr'><strong>neque</strong></span> <span class='ocrx_word' id='word_1_216' title='bbox 1687 2783 1740 2832; x_wconf 81' lang='lat' dir='ltr'><strong>in</strong></span> <span class='ocrx_word' id='word_1_217' title='bbox 1773 2790 1938 2837; x_wconf 82' lang='lat' dir='ltr'><strong>terra,</strong></span> <span class='ocrx_word' id='word_1_218' title='bbox 1973 2780 2096 2846; x_wconf 74' lang='lat' dir='ltr'><strong>quia</strong></span> 
     </span>
    </p>
   </div>
   <div class='ocr_carea' id='block_1_31' title="bbox 527 2868 2098 2940">
    <p class='ocr_par' dir='ltr' id='par_1_31' title="bbox 527 2868 2098 2940">
     <span class='ocr_line' id='line_1_31' title="bbox 527 2868 2098 2940; baseline -0.013 0"><span class='ocrx_word' id='word_1_219' title='bbox 527 2888 711 2940; x_wconf 58' lang='grc' dir='ltr'>σιτίοισι</span> <span class='ocrx_word' id='word_1_220' title='bbox 749 2885 836 2935; x_wconf 83' lang='lat' dir='ltr'><strong>Dei</strong></span> <span class='ocrx_word' id='word_1_221' title='bbox 871 2887 1086 2933; x_wconf 71' lang='lat' dir='ltr'><strong>thronus</strong></span> <span class='ocrx_word' id='word_1_222' title='bbox 1119 2888 1192 2931; x_wconf 73' lang='lat' dir='ltr'><strong>est</strong></span> <span class='ocrx_word' id='word_1_223' title='bbox 1219 2916 1233 2938; x_wconf 88' lang='lat'><strong>,</strong></span> <span class='ocrx_word' id='word_1_224' title='bbox 1267 2888 1406 2929; x_wconf 86' lang='lat' dir='ltr'><strong>terra</strong></span> <span class='ocrx_word' id='word_1_225' title='bbox 1436 2883 1610 2926; x_wconf 82' lang='lat' dir='ltr'><strong>autem</strong></span> <span class='ocrx_word' id='word_1_226' title='bbox 1643 2881 1717 2923; x_wconf 74' lang='lat' dir='ltr'><strong>ut</strong></span> <span class='ocrx_word' id='word_1_227' title='bbox 1763 2869 1951 2937; x_wconf 83' lang='lat' dir='ltr'><strong>pedum</strong></span> <span class='ocrx_word' id='word_1_228' title='bbox 1985 2868 2098 2934; x_wconf 71' lang='lat' dir='ltr'><strong>ejus</strong></span> 
     </span>
    </p>
   </div>
   <div class='ocr_carea' id='block_1_32' title="bbox 529 2961 2094 3035">
    <p class='ocr_par' dir='ltr' id='par_1_32' title="bbox 529 2961 2094 3035">
     <span class='ocr_line' id='line_1_32' title="bbox 529 2961 2094 3035; baseline -0.012 -4"><span class='ocrx_word' id='word_1_229' title='bbox 529 2977 832 3035; x_wconf 73' lang='lat' dir='ltr'><strong>scnbci’um;</strong></span> <span class='ocrx_word' id='word_1_230' title='bbox 865 2988 971 3024; x_wconf 78' lang='lat' dir='ltr'><strong>esse</strong></span> <span class='ocrx_word' id='word_1_231' title='bbox 1004 2980 1175 3022; x_wconf 82' lang='lat' dir='ltr'><strong>autem</strong></span> <span class='ocrx_word' id='word_1_232' title='bbox 1204 2969 1377 3030; x_wconf 70' lang='lat' dir='ltr'><strong>nobis,</strong></span> <span class='ocrx_word' id='word_1_233' title='bbox 1415 2981 1492 3018; x_wconf 71' lang='lat' dir='ltr'><strong>m2</strong></span> <span class='ocrx_word' id='word_1_234' title='bbox 1528 2978 1628 3026; x_wconf 81' lang='lat' dir='ltr'><strong>me,</strong></span> <span class='ocrx_word' id='word_1_235' title='bbox 1667 2970 1738 3026; x_wconf 77' lang='lat' dir='ltr'><strong>et,</strong></span> <span class='ocrx_word' id='word_1_236' title='bbox 1774 2977 1876 3013; x_wconf 88' lang='lat' dir='ltr'><strong>non</strong></span> <span class='ocrx_word' id='word_1_237' title='bbox 1935 2961 2094 3012; x_wconf 83' lang='lat' dir='ltr'><strong>non‘.</strong></span> 
     </span>
    </p>
   </div>
   <div class='ocr_carea' id='block_1_33' title="bbox 536 3051 2096 3124">
    <p class='ocr_par' dir='ltr' id='par_1_33' title="bbox 536 3051 2096 3124">
     <span class='ocr_line' id='line_1_33' title="bbox 536 3051 2096 3124; baseline -0.015 -1"><span class='ocrx_word' id='word_1_238' title='bbox 536 3072 650 3123; x_wconf 83' lang='lat' dir='ltr'><strong>Hoc</strong></span> <span class='ocrx_word' id='word_1_239' title='bbox 682 3068 820 3119; x_wconf 71' lang='lat' dir='ltr'><strong>cnim</strong></span> <span class='ocrx_word' id='word_1_240' title='bbox 871 3074 951 3117; x_wconf 75' lang='lat' dir='ltr'><strong>est</strong></span> <span class='ocrx_word' id='word_1_241' title='bbox 997 3076 1184 3116; x_wconf 89' lang='lat' dir='ltr'><strong>eorum</strong></span> <span class='ocrx_word' id='word_1_242' title='bbox 1217 3058 1305 3124; x_wconf 86' lang='lat' dir='ltr'><strong>qui</strong></span> <span class='ocrx_word' id='word_1_243' title='bbox 1339 3067 1465 3110; x_wconf 88' lang='lat' dir='ltr'><strong>sunt</strong></span> <span class='ocrx_word' id='word_1_244' title='bbox 1494 3055 1647 3108; x_wconf 78' lang='lat' dir='ltr'><strong>valde</strong></span> <span class='ocrx_word' id='word_1_245' title='bbox 1683 3052 1932 3122; x_wconf 78' lang='lat' dir='ltr'><strong>perfecti,</strong></span> <span class='ocrx_word' id='word_1_246' title='bbox 1970 3051 2096 3102; x_wconf 86' lang='lat' dir='ltr'><strong>illud</strong></span> 
     </span>
    </p>
   </div>
   <div class='ocr_carea' id='block_1_34' title="bbox 532 3157 1334 3214">
    <p class='ocr_par' dir='ltr' id='par_1_34' title="bbox 532 3157 1334 3214">
     <span class='ocr_line' id='line_1_34' title="bbox 532 3157 1334 3214; baseline -0.016 0"><span class='ocrx_word' id='word_1_247' title='bbox 532 3172 709 3214; x_wconf 88' lang='lat' dir='ltr'><strong>autem</strong></span> <span class='ocrx_word' id='word_1_248' title='bbox 767 3157 1058 3210; x_wconf 83' lang='lat' dir='ltr'><strong>secundum</strong></span> <span class='ocrx_word' id='word_1_249' title='bbox 1111 3160 1164 3204; x_wconf 90' lang='lat' dir='ltr'><strong>et</strong></span> <span class='ocrx_word' id='word_1_250' title='bbox 1229 3164 1334 3202; x_wconf 89' lang='lat' dir='ltr'><strong>non</strong></span> 
     </span>
    </p>
   </div>
   <div class='ocr_carea' id='block_1_35' title="bbox 533 3234 2102 3318">
    <p class='ocr_par' dir='ltr' id='par_1_35' title="bbox 533 3234 2102 3318">
     <span class='ocr_line' id='line_1_35' title="bbox 533 3234 2102 3318; baseline -0.012 -14"><span class='ocrx_word' id='word_1_251' title='bbox 533 3251 828 3318; x_wconf 75' lang='lat' dir='ltr'><strong>legitimum</strong></span> <span class='ocrx_word' id='word_1_252' title='bbox 873 3263 885 3298; x_wconf 89' lang='lat'><strong>:</strong></span> <span class='ocrx_word' id='word_1_253' title='bbox 931 3242 1230 3312; x_wconf 71' lang='lat' dir='ltr'><strong>cuiusmodi</strong></span> <span class='ocrx_word' id='word_1_254' title='bbox 1280 3249 1360 3293; x_wconf 82' lang='lat' dir='ltr'><strong>est</strong></span> <span class='ocrx_word' id='word_1_255' title='bbox 1405 3249 1460 3292; x_wconf 91' lang='lat' dir='ltr'><strong>et</strong></span> <span class='ocrx_word' id='word_1_256' title='bbox 1503 3236 1666 3299; x_wconf 86' lang='lat' dir='ltr'><strong>illud;</strong></span> <span class='ocrx_word' id='word_1_257' title='bbox 1713 3234 1882 3287; x_wconf 81' lang='lat' dir='ltr'><strong>Vende</strong></span> <span class='ocrx_word' id='word_1_258' title='bbox 1925 3235 2102 3286; x_wconf 79' lang='lat' dir='ltr'><strong>omnia</strong></span> 
     </span>
    </p>
   </div>
   <div class='ocr_carea' id='block_1_36' title="bbox 531 3326 2101 3412">
    <p class='ocr_par' dir='ltr' id='par_1_36' title="bbox 531 3326 2101 3412">
     <span class='ocr_line' id='line_1_36' title="bbox 531 3326 2101 3412; baseline -0.013 -16"><span class='ocrx_word' id='word_1_259' title='bbox 531 3362 646 3412; x_wconf 68' lang='lat' dir='ltr'><strong>quir</strong></span> <span class='ocrx_word' id='word_1_260' title='bbox 695 3340 873 3398; x_wconf 66' lang='lat' dir='ltr'><strong>habes,</strong></span> <span class='ocrx_word' id='word_1_261' title='bbox 904 3347 950 3389; x_wconf 85' lang='lat' dir='ltr'><strong>et</strong></span> <span class='ocrx_word' id='word_1_262' title='bbox 997 3334 1437 3403; x_wconf 64' lang='lat' dir='ltr'><strong>daprmperibus,</strong></span> <span class='ocrx_word' id='word_1_263' title='bbox 1484 3342 1531 3384; x_wconf 79' lang='lat' dir='ltr'><strong>et</strong></span> <span class='ocrx_word' id='word_1_264' title='bbox 1581 3345 1792 3398; x_wconf 71' lang='lat' dir='ltr'><strong>sequere</strong></span> <span class='ocrx_word' id='word_1_265' title='bbox 1849 3328 1993 3380; x_wconf 77' lang='lat' dir='ltr'><strong>me’.</strong></span> <span class='ocrx_word' id='word_1_266' title='bbox 2047 3326 2101 3378; x_wconf 85' lang='lat' dir='ltr'><strong>Si</strong></span> 
     </span>
    </p>
   </div>
   <div class='ocr_carea' id='block_1_37' title="bbox 532 3417 2099 3493">
    <p class='ocr_par' dir='ltr' id='par_1_37' title="bbox 532 3417 2099 3493">
     <span class='ocr_line' id='line_1_37' title="bbox 532 3417 2099 3493; baseline -0.012 -6"><span class='ocrx_word' id='word_1_267' title='bbox 532 3436 676 3486; x_wconf 85' lang='lat' dir='ltr'><strong>enim</strong></span> <span class='ocrx_word' id='word_1_268' title='bbox 728 3444 913 3483; x_wconf 80' lang='lat' dir='ltr'><strong>omnes</strong></span> <span class='ocrx_word' id='word_1_269' title='bbox 955 3429 1054 3481; x_wconf 90' lang='lat' dir='ltr'><strong>hoc</strong></span> <span class='ocrx_word' id='word_1_270' title='bbox 1105 3433 1366 3493; x_wconf 74' lang='lat' dir='ltr'><strong>coguntur</strong></span> <span class='ocrx_word' id='word_1_271' title='bbox 1407 3422 1608 3481; x_wconf 86' lang='lat' dir='ltr'><strong>facere.</strong></span> <span class='ocrx_word' id='word_1_272' title='bbox 1640 3422 1759 3487; x_wconf 90' lang='lat' dir='ltr'><strong>quis</strong></span> <span class='ocrx_word' id='word_1_273' title='bbox 1789 3433 1851 3472; x_wconf 86' lang='lat' dir='ltr'><strong>ea</strong></span> <span class='ocrx_word' id='word_1_274' title='bbox 1903 3417 2099 3469; x_wconf 84' lang='lat' dir='ltr'><strong>emet?</strong></span> 
     </span>
    </p>
   </div>
   <div class='ocr_carea' id='block_1_38' title="bbox 526 3507 2102 3588">
    <p class='ocr_par' dir='ltr' id='par_1_38' title="bbox 526 3507 2102 3588">
     <span class='ocr_line' id='line_1_38' title="bbox 526 3507 2102 3588; baseline -0.01 -13"><span class='ocrx_word' id='word_1_275' title='bbox 526 3523 742 3588; x_wconf 76' lang='lat' dir='ltr'><strong>Alioqui</strong></span> <span class='ocrx_word' id='word_1_276' title='bbox 781 3522 823 3573; x_wconf 82' lang='lat' dir='ltr'><strong>si</strong></span> <span class='ocrx_word' id='word_1_277' title='bbox 855 3532 1013 3572; x_wconf 80' lang='lat' dir='ltr'><strong>omne</strong></span> <span class='ocrx_word' id='word_1_278' title='bbox 1040 3517 1417 3584; x_wconf 85' lang='lat' dir='ltr'><strong>jusjurandum</strong></span> <span class='ocrx_word' id='word_1_279' title='bbox 1444 3513 1843 3580; x_wconf 81' lang='lat' dir='ltr'><strong>prohiberetur,</strong></span> <span class='ocrx_word' id='word_1_280' title='bbox 1874 3525 1936 3562; x_wconf 89' lang='lat' dir='ltr'><strong>ne</strong></span> <span class='ocrx_word' id='word_1_281' title='bbox 1967 3507 2102 3561; x_wconf 81' lang='lat' dir='ltr'><strong>Pro-</strong></span> 
     </span>
    </p>
   </div>
   <div class='ocr_carea' id='block_1_39' title="bbox 520 3603 2104 3681">
    <p class='ocr_par' dir='ltr' id='par_1_39' title="bbox 520 3603 2104 3681">
     <span class='ocr_line' id='line_1_39' title="bbox 520 3603 2104 3681; baseline -0.008 -17"><span class='ocrx_word' id='word_1_282' title='bbox 520 3614 692 3681; x_wconf 59' lang='lat' dir='ltr'><strong>.pheta</strong></span> <span class='ocrx_word' id='word_1_283' title='bbox 725 3612 939 3677; x_wconf 80' lang='lat' dir='ltr'><strong>quidem</strong></span> <span class='ocrx_word' id='word_1_284' title='bbox 1002 3609 1256 3670; x_wconf 76' lang='lat' dir='ltr'><strong>dixisset;</strong></span> <span class='ocrx_word' id='word_1_285' title='bbox 1313 3605 1522 3666; x_wconf 77' lang='lat' dir='ltr'><strong>Juravi,</strong></span> <span class='ocrx_word' id='word_1_286' title='bbox 1565 3612 1621 3656; x_wconf 79' lang='lat' dir='ltr'><strong>et</strong></span> <span class='ocrx_word' id='word_1_287' title='bbox 1676 3603 1842 3655; x_wconf 69' lang='lat' dir='ltr'><strong>statui</strong></span> <span class='ocrx_word' id='word_1_288' title='bbox 1897 3615 2104 3653; x_wconf 71' lang='lat' dir='ltr'><strong>servare</strong></span> 
     </span>
    </p>
   </div>
   <div class='ocr_carea' id='block_1_40' title="bbox 534 3694 2105 3766">
    <p class='ocr_par' dir='ltr' id='par_1_40' title="bbox 534 3694 2105 3766">
     <span class='ocr_line' id='line_1_40' title="bbox 534 3694 2105 3766; baseline -0.004 -13"><span class='ocrx_word' id='word_1_289' title='bbox 534 3703 789 3755; x_wconf 72' lang='lat' dir='ltr'><strong>mandaia</strong></span> <span class='ocrx_word' id='word_1_290' title='bbox 847 3714 935 3752; x_wconf 84' lang='lat' dir='ltr'><strong>tua</strong></span> <span class='ocrx_word' id='word_1_291' title='bbox 959 3701 976 3729; x_wconf 83' lang='grc'><strong>³</strong></span> <span class='ocrx_word' id='word_1_292' title='bbox 1009 3717 1022 3752; x_wconf 92' lang='lat'>:</span> <span class='ocrx_word' id='word_1_293' title='bbox 1062 3714 1158 3752; x_wconf 88' lang='lat' dir='ltr'><strong>nec</strong></span> <span class='ocrx_word' id='word_1_294' title='bbox 1185 3698 1273 3766; x_wconf 89' lang='lat' dir='ltr'><strong>qui</strong></span> <span class='ocrx_word' id='word_1_295' title='bbox 1309 3711 1450 3765; x_wconf 75' lang='lat' dir='ltr'><strong>teges</strong></span> <span class='ocrx_word' id='word_1_296' title='bbox 1481 3703 1896 3763; x_wconf 76' lang='lat' dir='ltr'><strong>compesuerunt</strong></span> <span class='ocrx_word' id='word_1_297' title='bbox 1923 3694 2105 3746; x_wconf 92' lang='lat' dir='ltr'><strong>ortho-</strong></span> 
     </span>
    </p>
   </div>
   <div class='ocr_carea' id='block_1_41' title="bbox 518 3784 2105 3859">
    <p class='ocr_par' dir='ltr' id='par_1_41' title="bbox 518 3784 2105 3859">
     <span class='ocr_line' id='line_1_41' title="bbox 518 3784 2105 3859; baseline -0.006 -16"><span class='ocrx_word' id='word_1_298' title='bbox 518 3794 657 3845; x_wconf 59' lang='lat' dir='ltr'><strong>doxi</strong></span> <span class='ocrx_word' id='word_1_299' title='bbox 687 3793 1042 3859; x_wconf 72' lang='lat' dir='ltr'><strong>imperatores</strong></span> <span class='ocrx_word' id='word_1_300' title='bbox 1067 3789 1208 3857; x_wconf 66' lang='lat' dir='ltr'><strong>leges</strong></span> <span class='ocrx_word' id='word_1_301' title='bbox 1237 3788 1556 3848; x_wconf 86' lang='lat' dir='ltr'><strong>edidissent,</strong></span> <span class='ocrx_word' id='word_1_302' title='bbox 1582 3800 1699 3851; x_wconf 76' lang='lat' dir='ltr'><strong>quae</strong></span> <span class='ocrx_word' id='word_1_303' title='bbox 1729 3784 2105 3851; x_wconf 88' lang='lat' dir='ltr'><strong>permitterent</strong></span> 
     </span>
    </p>
   </div>
   <div class='ocr_carea' id='block_1_42' title="bbox 521 3876 2102 3952">
    <p class='ocr_par' dir='ltr' id='par_1_42' title="bbox 521 3876 2102 3952">
     <span class='ocr_line' id='line_1_42' title="bbox 521 3876 2102 3952; baseline -0.005 -22"><span class='ocrx_word' id='word_1_304' title='bbox 521 3881 927 3952; x_wconf 81' lang='lat' dir='ltr'><strong>,jusjttrandtnn.</strong></span> <span class='ocrx_word' id='word_1_305' title='bbox 980 3881 1154 3944; x_wconf 64' lang='lat' dir='ltr'><strong>Quare</strong></span> <span class='ocrx_word' id='word_1_306' title='bbox 1209 3893 1314 3931; x_wconf 89' lang='lat' dir='ltr'><strong>non</strong></span> <span class='ocrx_word' id='word_1_307' title='bbox 1374 3892 1534 3930; x_wconf 84' lang='lat' dir='ltr'><strong>omne</strong></span> <span class='ocrx_word' id='word_1_308' title='bbox 1579 3876 1954 3945; x_wconf 88' lang='lat' dir='ltr'><strong>jusjurandum</strong></span> <span class='ocrx_word' id='word_1_309' title='bbox 2019 3881 2102 3925; x_wconf 86' lang='lat' dir='ltr'><strong>est</strong></span> 
     </span>
    </p>
   </div>
   <div class='ocr_carea' id='block_1_43' title="bbox 534 3967 2103 4042">
    <p class='ocr_par' dir='ltr' id='par_1_43' title="bbox 534 3967 2103 4042">
     <span class='ocr_line' id='line_1_43' title="bbox 534 3967 2103 4042; baseline -0.006 -16"><span class='ocrx_word' id='word_1_310' title='bbox 534 3974 863 4042; x_wconf 75' lang='lat' dir='ltr'><strong>prohibitum</strong></span> <span class='ocrx_word' id='word_1_311' title='bbox 892 4013 905 4035; x_wconf 93' lang='lat'><strong>,</strong></span> <span class='ocrx_word' id='word_1_312' title='bbox 941 3982 1046 4024; x_wconf 84' lang='lat' dir='ltr'><strong>lunt</strong></span> <span class='ocrx_word' id='word_1_313' title='bbox 1079 3970 1376 4040; x_wconf 78' lang='lat' dir='ltr'><strong>legitimum</strong></span> <span class='ocrx_word' id='word_1_314' title='bbox 1406 3983 1565 4038; x_wconf 89' lang='lat' dir='ltr'><strong>quam</strong></span> <span class='ocrx_word' id='word_1_315' title='bbox 1603 3967 1936 4034; x_wconf 77' lang='lat' dir='ltr'><strong>illegitimttut</strong></span> <span class='ocrx_word' id='word_1_316' title='bbox 1965 4006 1979 4030; x_wconf 93' lang='lat'><strong>,</strong></span> <span class='ocrx_word' id='word_1_317' title='bbox 2011 3967 2103 4018; x_wconf 89' lang='lat' dir='ltr'><strong>sed</strong></span> 
     </span>
    </p>
   </div>
   <div class='ocr_carea' id='block_1_44' title="bbox 533 4058 2102 4133">
    <p class='ocr_par' dir='ltr' id='par_1_44' title="bbox 533 4058 2102 4133">
     <span class='ocr_line' id='line_1_44' title="bbox 533 4058 2102 4133; baseline -0.007 -14"><span class='ocrx_word' id='word_1_318' title='bbox 533 4068 709 4119; x_wconf 81' lang='lat' dir='ltr'><strong>solum</strong></span> <span class='ocrx_word' id='word_1_319' title='bbox 738 4067 877 4133; x_wconf 89' lang='lat' dir='ltr'><strong>quod</strong></span> <span class='ocrx_word' id='word_1_320' title='bbox 913 4074 991 4117; x_wconf 86' lang='lat' dir='ltr'><strong>cst</strong></span> <span class='ocrx_word' id='word_1_321' title='bbox 1024 4063 1358 4131; x_wconf 71' lang='lat' dir='ltr'><strong>illegitimum</strong></span> <span class='ocrx_word' id='word_1_322' title='bbox 1383 4071 1434 4114; x_wconf 85' lang='lat' dir='ltr'><strong>et</strong></span> <span class='ocrx_word' id='word_1_323' title='bbox 1472 4061 1730 4127; x_wconf 91' lang='lat' dir='ltr'><strong>ineptmn.</strong></span> <span class='ocrx_word' id='word_1_324' title='bbox 1766 4058 1901 4110; x_wconf 85' lang='lat' dir='ltr'><strong>Cum</strong></span> <span class='ocrx_word' id='word_1_325' title='bbox 1927 4068 2102 4109; x_wconf 78' lang='lat' dir='ltr'><strong>autem</strong></span> 
     </span>
    </p>
   </div>
   <div class='ocr_carea' id='block_1_45' title="bbox 534 4151 2108 4224">
    <p class='ocr_par' dir='ltr' id='par_1_45' title="bbox 534 4151 2108 4224">
     <span class='ocr_line' id='line_1_45' title="bbox 534 4151 2108 4224; baseline -0.003 -18"><span class='ocrx_word' id='word_1_326' title='bbox 534 4156 749 4224; x_wconf 79' lang='lat' dir='ltr'><strong>quidam</strong></span> <span class='ocrx_word' id='word_1_327' title='bbox 791 4154 980 4207; x_wconf 86' lang='lat' dir='ltr'><strong>nobilis</strong></span> <span class='ocrx_word' id='word_1_328' title='bbox 1027 4154 1184 4206; x_wconf 81' lang='lat' dir='ltr'><strong>tertio</strong></span> <span class='ocrx_word' id='word_1_329' title='bbox 1212 4153 1297 4206; x_wconf 87' lang='lat' dir='ltr'><strong>die</strong></span> <span class='ocrx_word' id='word_1_330' title='bbox 1347 4153 1696 4206; x_wconf 68' lang='lat' dir='ltr'><strong>hebdmnadze</strong></span> <span class='ocrx_word' id='word_1_331' title='bbox 1733 4151 1955 4204; x_wconf 83' lang='lat' dir='ltr'><strong>dixisset</strong></span> <span class='ocrx_word' id='word_1_332' title='bbox 2009 4165 2108 4217; x_wconf 85' lang='lat' dir='ltr'><strong>po-</strong></span> 
     </span>
    </p>
   </div>
   <div class='ocr_carea' id='block_1_46' title="bbox 525 4241 2104 4309">
    <p class='ocr_par' dir='ltr' id='par_1_46' title="bbox 525 4241 2104 4309">
     <span class='ocr_line' id='line_1_46' title="bbox 525 4241 2104 4309; baseline -0.003 -12"><span class='ocrx_word' id='word_1_333' title='bbox 525 4246 670 4300; x_wconf 73' lang='lat' dir='ltr'><strong>tenti</strong></span> <span class='ocrx_word' id='word_1_334' title='bbox 722 4257 774 4297; x_wconf 89' lang='lat' dir='ltr'><strong>et</strong></span> <span class='ocrx_word' id='word_1_335' title='bbox 818 4255 1002 4297; x_wconf 82' lang='lat' dir='ltr'><strong>sancto</strong></span> <span class='ocrx_word' id='word_1_336' title='bbox 1047 4255 1233 4295; x_wconf 83' lang='lat' dir='ltr'><strong>nostro</strong></span> <span class='ocrx_word' id='word_1_337' title='bbox 1285 4243 1619 4309; x_wconf 84' lang='lat' dir='ltr'><strong>imperatori,</strong></span> <span class='ocrx_word' id='word_1_338' title='bbox 1671 4255 1729 4292; x_wconf 89' lang='lat' dir='ltr'><strong>se</strong></span> <span class='ocrx_word' id='word_1_339' title='bbox 1767 4256 1871 4292; x_wconf 87' lang='lat' dir='ltr'><strong>non</strong></span> <span class='ocrx_word' id='word_1_340' title='bbox 1906 4241 2104 4292; x_wconf 85' lang='lat' dir='ltr'><strong>debere</strong></span> 
     </span>
    </p>
   </div>
   <div class='ocr_carea' id='block_1_47' title="bbox 535 4331 2104 4400">
    <p class='ocr_par' dir='ltr' id='par_1_47' title="bbox 535 4331 2104 4400">
     <span class='ocr_line' id='line_1_47' title="bbox 535 4331 2104 4400; baseline -0.003 -11"><span class='ocrx_word' id='word_1_341' title='bbox 535 4351 750 4389; x_wconf 85' lang='lat' dir='ltr'><strong>carnem</strong></span> <span class='ocrx_word' id='word_1_342' title='bbox 783 4336 1085 4396; x_wconf 83' lang='lat' dir='ltr'><strong>comedere,</strong></span> <span class='ocrx_word' id='word_1_343' title='bbox 1112 4335 1359 4400; x_wconf 82' lang='lat' dir='ltr'><strong>quamvis</strong></span> <span class='ocrx_word' id='word_1_344' title='bbox 1386 4331 1584 4385; x_wconf 81' lang='lat' dir='ltr'><strong>festum</strong></span> <span class='ocrx_word' id='word_1_345' title='bbox 1610 4340 1751 4384; x_wconf 84' lang='lat' dir='ltr'><strong>esset</strong></span> <span class='ocrx_word' id='word_1_346' title='bbox 1794 4331 2104 4384; x_wconf 78' lang='lat' dir='ltr'><strong>Natiritatis</strong></span> 
     </span>
    </p>
   </div>
   <div class='ocr_carea' id='block_1_48' title="bbox 533 4422 2100 4491">
    <p class='ocr_par' dir='ltr' id='par_1_48' title="bbox 533 4422 2100 4491">
     <span class='ocr_line' id='line_1_48' title="bbox 533 4422 2100 4491; baseline -0.005 -9"><span class='ocrx_word' id='word_1_347' title='bbox 533 4426 730 4482; x_wconf 71' lang='lat' dir='ltr'><strong>Christi</strong></span> <span class='ocrx_word' id='word_1_348' title='bbox 764 4436 815 4478; x_wconf 89' lang='lat' dir='ltr'><strong>et</strong></span> <span class='ocrx_word' id='word_1_349' title='bbox 847 4423 937 4477; x_wconf 85' lang='lat' dir='ltr'><strong>Dei</strong></span> <span class='ocrx_word' id='word_1_350' title='bbox 979 4423 1175 4487; x_wconf 88' lang='lat' dir='ltr'><strong>nostri,</strong></span> <span class='ocrx_word' id='word_1_351' title='bbox 1211 4423 1324 4491; x_wconf 74' lang='grc'>88</span> <span class='ocrx_word' id='word_1_352' title='bbox 1353 4424 1492 4491; x_wconf 85' lang='lat' dir='ltr'><strong>quod</strong></span> <span class='ocrx_word' id='word_1_353' title='bbox 1529 4422 1768 4488; x_wconf 88' lang='lat' dir='ltr'><strong>jurasset</strong></span> <span class='ocrx_word' id='word_1_354' title='bbox 1803 4425 1986 4475; x_wconf 82' lang='lat' dir='ltr'><strong>tertias</strong></span> <span class='ocrx_word' id='word_1_355' title='bbox 2023 4422 2100 4474; x_wconf 86' lang='lat' dir='ltr'><strong>fe-</strong></span> 
     </span>
    </p>
   </div>
   <div class='ocr_carea' id='block_1_49' title="bbox 534 4501 2184 4571">
    <p class='ocr_par' dir='ltr' id='par_1_49' title="bbox 534 4501 2184 4571">
     <span class='ocr_line' id='line_1_49' title="bbox 534 4501 2184 4571; baseline -0.002 -2"><span class='ocrx_word' id='word_1_356' title='bbox 534 4517 644 4571; x_wconf 80' lang='lat' dir='ltr'><strong>rias</strong></span> <span class='ocrx_word' id='word_1_357' title='bbox 684 4517 924 4569; x_wconf 87' lang='lat' dir='ltr'><strong>Omnium</strong></span> <span class='ocrx_word' id='word_1_358' title='bbox 973 4513 1101 4567; x_wconf 86' lang='lat' dir='ltr'><strong>anni</strong></span> <span class='ocrx_word' id='word_1_359' title='bbox 1151 4513 1543 4566; x_wconf 85' lang='lat' dir='ltr'><strong>bebdomadum</strong></span> <span class='ocrx_word' id='word_1_360' title='bbox 1585 4528 1610 4564; x_wconf 89' lang='lat' dir='ltr'><strong>a</strong></span> <span class='ocrx_word' id='word_1_361' title='bbox 1652 4516 1907 4567; x_wconf 88' lang='lat' dir='ltr'><strong>earn-ibus</strong></span> <span class='ocrx_word' id='word_1_362' title='bbox 1938 4514 2106 4567; x_wconf 87' lang='lat' dir='ltr'><strong>absti-</strong></span> <span class='ocrx_word' id='word_1_363' title='bbox 2140 4501 2184 4554; x_wconf 81' lang='grc' dir='ltr'><strong>Ῐ)</strong></span> 
     </span>
    </p>
   </div>
   <div class='ocr_carea' id='block_1_50' title="bbox 534 4593 2103 4670">
    <p class='ocr_par' dir='ltr' id='par_1_50' title="bbox 534 4593 2103 4670">
     <span class='ocr_line' id='line_1_50' title="bbox 534 4593 2103 4670; baseline -0.005 -7"><span class='ocrx_word' id='word_1_364' title='bbox 534 4624 660 4664; x_wconf 89' lang='lat' dir='ltr'><strong>nere</strong></span> <span class='ocrx_word' id='word_1_365' title='bbox 688 4610 738 4661; x_wconf 87' lang='lat' dir='ltr'><strong>in</strong></span> <span class='ocrx_word' id='word_1_366' title='bbox 773 4609 1033 4662; x_wconf 90' lang='lat' dir='ltr'><strong>honorem</strong></span> <span class='ocrx_word' id='word_1_367' title='bbox 1077 4593 1395 4660; x_wconf 75' lang='lat' dir='ltr'><strong>venerabilis</strong></span> <span class='ocrx_word' id='word_1_368' title='bbox 1440 4603 1826 4670; x_wconf 69' lang='lat' dir='ltr'><strong>Prmcursoris;</strong></span> <span class='ocrx_word' id='word_1_369' title='bbox 1859 4607 2046 4657; x_wconf 87' lang='lat' dir='ltr'><strong>statuit</strong></span> <span class='ocrx_word' id='word_1_370' title='bbox 2077 4620 2103 4655; x_wconf 89' lang='lat' dir='ltr'><strong>a</strong></span> 
     </span>
    </p>
   </div>
   <div class='ocr_carea' id='block_1_51' title="bbox 529 4695 2106 4762">
    <p class='ocr_par' dir='ltr' id='par_1_51' title="bbox 529 4695 2106 4762">
     <span class='ocr_line' id='line_1_51' title="bbox 529 4695 2106 4762; baseline -0.003 -10"><span class='ocrx_word' id='word_1_371' title='bbox 529 4701 644 4754; x_wconf 80' lang='lat' dir='ltr'><strong>Deo</strong></span> <span class='ocrx_word' id='word_1_372' title='bbox 667 4708 955 4755; x_wconf 78' lang='lat' dir='ltr'><strong>coronatus</strong></span> <span class='ocrx_word' id='word_1_373' title='bbox 985 4707 1171 4750; x_wconf 85' lang='lat' dir='ltr'><strong>noster</strong></span> <span class='ocrx_word' id='word_1_374' title='bbox 1197 4699 1490 4762; x_wconf 85' lang='lat' dir='ltr'><strong>imperator</strong></span> <span class='ocrx_word' id='word_1_375' title='bbox 1515 4695 1848 4747; x_wconf 83' lang='lat' dir='ltr'><strong>svnodaliter</strong></span> <span class='ocrx_word' id='word_1_376' title='bbox 1878 4696 2106 4748; x_wconf 85' lang='lat' dir='ltr'><strong>interro-</strong></span> 
     </span>
    </p>
   </div>
   <div class='ocr_carea' id='block_1_52' title="bbox 529 4785 2106 4861">
    <p class='ocr_par' dir='ltr' id='par_1_52' title="bbox 529 4785 2106 4861">
     <span class='ocr_line' id='line_1_52' title="bbox 529 4785 2106 4861; baseline -0.004 -16"><span class='ocrx_word' id='word_1_377' title='bbox 529 4793 668 4861; x_wconf 78' lang='lat' dir='ltr'><strong>gari,</strong></span> <span class='ocrx_word' id='word_1_378' title='bbox 705 4807 772 4844; x_wconf 89' lang='lat' dir='ltr'><strong>an</strong></span> <span class='ocrx_word' id='word_1_379' title='bbox 804 4792 876 4846; x_wconf 90' lang='lat' dir='ltr'><strong>sit</strong></span> <span class='ocrx_word' id='word_1_380' title='bbox 905 4791 1223 4843; x_wconf 89' lang='lat' dir='ltr'><strong>canonicum</strong></span> <span class='ocrx_word' id='word_1_381' title='bbox 1258 4789 1358 4841; x_wconf 89' lang='lat' dir='ltr'><strong>hoc</strong></span> <span class='ocrx_word' id='word_1_382' title='bbox 1386 4785 1766 4856; x_wconf 82' lang='lat' dir='ltr'><strong>jusjurandum</strong></span> <span class='ocrx_word' id='word_1_383' title='bbox 1794 4790 2022 4848; x_wconf 72' lang='lat' dir='ltr'><strong>servari,</strong></span> <span class='ocrx_word' id='word_1_384' title='bbox 2052 4798 2106 4839; x_wconf 85' lang='lat' dir='ltr'><strong>et</strong></span> 
     </span>
    </p>
   </div>
   <div class='ocr_carea' id='block_1_53' title="bbox 535 4878 2100 4947">
    <p class='ocr_par' dir='ltr' id='par_1_53' title="bbox 535 4878 2100 4947">
     <span class='ocr_line' id='line_1_53' title="bbox 535 4878 2100 4947; baseline -0.003 -12"><span class='ocrx_word' id='word_1_385' title='bbox 535 4883 871 4938; x_wconf 87' lang='lat' dir='ltr'><strong>Dominicum</strong></span> <span class='ocrx_word' id='word_1_386' title='bbox 891 4880 1110 4943; x_wconf 88' lang='lat' dir='ltr'><strong>festum,</strong></span> <span class='ocrx_word' id='word_1_387' title='bbox 1138 4880 1278 4947; x_wconf 86' lang='lat' dir='ltr'><strong>quod</strong></span> <span class='ocrx_word' id='word_1_388' title='bbox 1307 4888 1389 4932; x_wconf 84' lang='lat' dir='ltr'><strong>est</strong></span> <span class='ocrx_word' id='word_1_389' title='bbox 1418 4879 1689 4945; x_wconf 81' lang='lat' dir='ltr'><strong>paschale,</strong></span> <span class='ocrx_word' id='word_1_390' title='bbox 1716 4878 2100 4931; x_wconf 78' lang='lat' dir='ltr'><strong>incelebratum</strong></span> 
     </span>
    </p>
   </div>
   <div class='ocr_carea' id='block_1_54' title="bbox 531 4968 2106 5037">
    <p class='ocr_par' dir='ltr' id='par_1_54' title="bbox 531 4968 2106 5037">
     <span class='ocr_line' id='line_1_54' title="bbox 531 4968 2106 5037; baseline -0.003 -11"><span class='ocrx_word' id='word_1_391' title='bbox 531 4975 828 5026; x_wconf 77' lang='lat' dir='ltr'><strong>dimittere.</strong></span> <span class='ocrx_word' id='word_1_392' title='bbox 864 4972 926 5024; x_wconf 89' lang='lat' dir='ltr'><strong>Et</strong></span> <span class='ocrx_word' id='word_1_393' title='bbox 966 4970 1107 5024; x_wconf 83' lang='lat' dir='ltr'><strong>facta</strong></span> <span class='ocrx_word' id='word_1_394' title='bbox 1160 4970 1581 5037; x_wconf 74' lang='lat' dir='ltr'><strong>interrogatione</strong></span> <span class='ocrx_word' id='word_1_395' title='bbox 1617 4970 1986 5022; x_wconf 86' lang='lat' dir='ltr'><strong>sanctissimus</strong></span> <span class='ocrx_word' id='word_1_396' title='bbox 2020 4968 2106 5021; x_wconf 85' lang='lat' dir='ltr'><strong>ille</strong></span> 
     </span>
    </p>
   </div>
   <div class='ocr_carea' id='block_1_55' title="bbox 533 5059 2100 5130">
    <p class='ocr_par' dir='ltr' id='par_1_55' title="bbox 533 5059 2100 5130">
     <span class='ocr_line' id='line_1_55' title="bbox 533 5059 2100 5130; baseline -0.003 -16"><span class='ocrx_word' id='word_1_397' title='bbox 533 5064 843 5130; x_wconf 84' lang='lat' dir='ltr'><strong>patriarcha</strong></span> <span class='ocrx_word' id='word_1_398' title='bbox 869 5061 1122 5116; x_wconf 86' lang='lat' dir='ltr'><strong>dominus</strong></span> <span class='ocrx_word' id='word_1_399' title='bbox 1161 5060 1331 5113; x_wconf 80' lang='lat' dir='ltr'><strong>Lucas</strong></span> <span class='ocrx_word' id='word_1_400' title='bbox 1359 5075 1478 5113; x_wconf 90' lang='lat' dir='ltr'><strong>cum</strong></span> <span class='ocrx_word' id='word_1_401' title='bbox 1514 5060 1714 5128; x_wconf 86' lang='lat' dir='ltr'><strong>synodo</strong></span> <span class='ocrx_word' id='word_1_402' title='bbox 1740 5074 1856 5124; x_wconf 65' lang='lat' dir='ltr'><strong>qum</strong></span> <span class='ocrx_word' id='word_1_403' title='bbox 1879 5059 2100 5121; x_wconf 79' lang='lat' dir='ltr'><strong>aderat,</strong></span> 
     </span>
    </p>
   </div>
   <div class='ocr_carea' id='block_1_56' title="bbox 533 5148 2101 5216">
    <p class='ocr_par' dir='ltr' id='par_1_56' title="bbox 533 5148 2101 5216">
     <span class='ocr_line' id='line_1_56' title="bbox 533 5148 2101 5216; baseline -0.003 -14"><span class='ocrx_word' id='word_1_404' title='bbox 533 5167 664 5203; x_wconf 83' lang='lat' dir='ltr'><strong>cum</strong></span> <span class='ocrx_word' id='word_1_405' title='bbox 697 5152 921 5204; x_wconf 76' lang='lat' dir='ltr'><strong>dixisset</strong></span> <span class='ocrx_word' id='word_1_406' title='bbox 971 5152 1166 5204; x_wconf 85' lang='lat' dir='ltr'><strong>bonum</strong></span> <span class='ocrx_word' id='word_1_407' title='bbox 1210 5165 1329 5202; x_wconf 87' lang='lat' dir='ltr'><strong>esse</strong></span> <span class='ocrx_word' id='word_1_408' title='bbox 1371 5149 1514 5200; x_wconf 91' lang='lat' dir='ltr'><strong>omni</strong></span> <span class='ocrx_word' id='word_1_409' title='bbox 1560 5159 1797 5215; x_wconf 90' lang='lat' dir='ltr'><strong>tempore</strong></span> <span class='ocrx_word' id='word_1_410' title='bbox 1837 5148 2101 5216; x_wconf 82' lang='lat' dir='ltr'><strong>jejunare,</strong></span> 
     </span>
    </p>
   </div>
   <div class='ocr_carea' id='block_1_57' title="bbox 537 5240 2104 5311">
    <p class='ocr_par' dir='ltr' id='par_1_57' title="bbox 537 5240 2104 5311">
     <span class='ocr_line' id='line_1_57' title="bbox 537 5240 2104 5311; baseline -0.004 -14"><span class='ocrx_word' id='word_1_411' title='bbox 537 5245 821 5310; x_wconf 71' lang='lat' dir='ltr'><strong>subjunxit</strong></span> <span class='ocrx_word' id='word_1_412' title='bbox 852 5259 955 5296; x_wconf 89' lang='lat' dir='ltr'><strong>non</strong></span> <span class='ocrx_word' id='word_1_413' title='bbox 984 5253 1233 5311; x_wconf 86' lang='lat' dir='ltr'><strong>oportere</strong></span> <span class='ocrx_word' id='word_1_414' title='bbox 1261 5243 1362 5295; x_wconf 91' lang='lat' dir='ltr'><strong>hoc</strong></span> <span class='ocrx_word' id='word_1_415' title='bbox 1389 5242 1768 5309; x_wconf 78' lang='lat' dir='ltr'><strong>jusjurandum</strong></span> <span class='ocrx_word' id='word_1_416' title='bbox 1803 5240 2026 5294; x_wconf 90' lang='lat' dir='ltr'><strong>Domino</strong></span> <span class='ocrx_word' id='word_1_417' title='bbox 2052 5250 2104 5291; x_wconf 82' lang='lat' dir='ltr'><strong>et</strong></span> 
     </span>
    </p>
   </div>
   <div class='ocr_carea' id='block_1_58' title="bbox 537 5332 2103 5400">
    <p class='ocr_par' dir='ltr' id='par_1_58' title="bbox 537 5332 2103 5400">
     <span class='ocr_line' id='line_1_58' title="bbox 537 5332 2103 5400; baseline -0.001 -14"><span class='ocrx_word' id='word_1_418' title='bbox 537 5336 646 5389; x_wconf 78' lang='lat' dir='ltr'><strong>Deo</strong></span> <span class='ocrx_word' id='word_1_419' title='bbox 675 5344 856 5388; x_wconf 87' lang='lat' dir='ltr'><strong>nostro</strong></span> <span class='ocrx_word' id='word_1_420' title='bbox 909 5333 1188 5399; x_wconf 71' lang='lat' dir='ltr'><strong>praeferre.</strong></span> <span class='ocrx_word' id='word_1_421' title='bbox 1221 5332 1277 5386; x_wconf 88' lang='lat' dir='ltr'><strong>Si</strong></span> <span class='ocrx_word' id='word_1_422' title='bbox 1336 5334 1478 5386; x_wconf 90' lang='lat' dir='ltr'><strong>enim</strong></span> <span class='ocrx_word' id='word_1_423' title='bbox 1535 5333 1817 5400; x_wconf 79' lang='lat' dir='ltr'><strong>apostolici</strong></span> <span class='ocrx_word' id='word_1_424' title='bbox 1865 5347 2103 5385; x_wconf 84' lang='lat' dir='ltr'><strong>canones</strong></span> 
     </span>
    </p>
   </div>
   <div class='ocr_carea' id='block_1_59' title="bbox 537 5423 2104 5494">
    <p class='ocr_par' dir='ltr' id='par_1_59' title="bbox 537 5423 2104 5494">
     <span class='ocr_line' id='line_1_59' title="bbox 537 5423 2104 5494; baseline -0.001 -18"><span class='ocrx_word' id='word_1_425' title='bbox 537 5429 764 5494; x_wconf 85' lang='lat' dir='ltr'><strong>punittnl</strong></span> <span class='ocrx_word' id='word_1_426' title='bbox 794 5443 937 5486; x_wconf 82' lang='lat' dir='ltr'><strong>eum,</strong></span> <span class='ocrx_word' id='word_1_427' title='bbox 966 5429 1052 5492; x_wconf 81' lang='lat' dir='ltr'><strong>qui</strong></span> <span class='ocrx_word' id='word_1_428' title='bbox 1090 5428 1141 5478; x_wconf 85' lang='lat' dir='ltr'><strong>in</strong></span> <span class='ocrx_word' id='word_1_429' title='bbox 1175 5425 1362 5493; x_wconf 87' lang='lat' dir='ltr'><strong>quovis</strong></span> <span class='ocrx_word' id='word_1_430' title='bbox 1392 5425 1648 5488; x_wconf 80' lang='lat' dir='ltr'><strong>Sabbato,</strong></span> <span class='ocrx_word' id='word_1_431' title='bbox 1686 5430 1765 5477; x_wconf 87' lang='lat' dir='ltr'><strong>vel</strong></span> <span class='ocrx_word' id='word_1_432' title='bbox 1797 5427 1882 5478; x_wconf 88' lang='lat' dir='ltr'><strong>die</strong></span> <span class='ocrx_word' id='word_1_433' title='bbox 1920 5423 2104 5477; x_wconf 87' lang='lat' dir='ltr'><strong>Dottti-</strong></span> 
     </span>
    </p>
   </div>
   <div class='ocr_carea' id='block_1_60' title="bbox 538 5515 2102 5585">
    <p class='ocr_par' dir='ltr' id='par_1_60' title="bbox 538 5515 2102 5585">
     <span class='ocr_line' id='line_1_60' title="bbox 538 5515 2102 5585; baseline 0.001 -18"><span class='ocrx_word' id='word_1_434' title='bbox 538 5518 657 5571; x_wconf 78' lang='lat' dir='ltr'><strong>nico</strong></span> <span class='ocrx_word' id='word_1_435' title='bbox 688 5531 823 5585; x_wconf 79' lang='lat' dir='ltr'><strong>genu</strong></span> <span class='ocrx_word' id='word_1_436' title='bbox 857 5517 1019 5568; x_wconf 70' lang='lat' dir='ltr'><strong>flectit</strong></span> <span class='ocrx_word' id='word_1_437' title='bbox 1052 5515 1130 5568; x_wconf 87' lang='lat' dir='ltr'><strong>vel</strong></span> <span class='ocrx_word' id='word_1_438' title='bbox 1154 5515 1387 5584; x_wconf 86' lang='lat' dir='ltr'><strong>jejuuat,</strong></span> <span class='ocrx_word' id='word_1_439' title='bbox 1434 5516 1599 5567; x_wconf 85' lang='lat' dir='ltr'><strong>multo</strong></span> <span class='ocrx_word' id='word_1_440' title='bbox 1639 5517 1814 5584; x_wconf 77' lang='lat' dir='ltr'><strong>magis</strong></span> <span class='ocrx_word' id='word_1_441' title='bbox 1845 5515 2102 5583; x_wconf 91' lang='lat' dir='ltr'><strong>punietur</strong></span> 
     </span>
    </p>
   </div>
   <div class='ocr_carea' id='block_1_61' title="bbox 529 5601 2102 5673">
    <p class='ocr_par' dir='ltr' id='par_1_61' title="bbox 529 5601 2102 5673">
     <span class='ocr_line' id='line_1_61' title="bbox 529 5601 2102 5673; baseline -0.002 -15"><span class='ocrx_word' id='word_1_442' title='bbox 529 5606 624 5673; x_wconf 74' lang='lat' dir='ltr'><strong>qui</strong></span> <span class='ocrx_word' id='word_1_443' title='bbox 652 5608 702 5658; x_wconf 83' lang='lat' dir='ltr'><strong>in</strong></span> <span class='ocrx_word' id='word_1_444' title='bbox 729 5606 964 5673; x_wconf 81' lang='lat' dir='ltr'><strong>paschali</strong></span> <span class='ocrx_word' id='word_1_445' title='bbox 995 5605 1193 5659; x_wconf 70' lang='lat' dir='ltr'><strong>(Lbristi</strong></span> <span class='ocrx_word' id='word_1_446' title='bbox 1222 5602 1358 5658; x_wconf 83' lang='lat' dir='ltr'><strong>festo</strong></span> <span class='ocrx_word' id='word_1_447' title='bbox 1384 5601 1612 5671; x_wconf 84' lang='lat' dir='ltr'><strong>jejunat,</strong></span> <span class='ocrx_word' id='word_1_448' title='bbox 1648 5603 2102 5672; x_wconf 86' lang='lat' dir='ltr'><strong>nejusjurandum</strong></span> 
     </span>
    </p>
   </div>
   <div class='ocr_carea' id='block_1_62' title="bbox 608 5786 1674 5856">
    <p class='ocr_par' dir='ltr' id='par_1_62' title="bbox 608 5786 1674 5856">
     <span class='ocr_line' id='line_1_62' title="bbox 608 5786 1674 5856; baseline -0.001 -12"><span class='ocrx_word' id='word_1_449' title='bbox 608 5791 629 5822; x_wconf 72' lang='lat'><strong>‘</strong></span> <span class='ocrx_word' id='word_1_450' title='bbox 655 5791 846 5846; x_wconf 75' lang='lat' dir='ltr'><strong>Matth.</strong></span> <span class='ocrx_word' id='word_1_451' title='bbox 885 5805 913 5850; x_wconf 76' lang='grc' dir='ltr'><strong>γ</strong></span> <span class='ocrx_word' id='word_1_452' title='bbox 937 5831 951 5856; x_wconf 89' lang='grc'><strong>,</strong></span> <span class='ocrx_word' id='word_1_453' title='bbox 983 5789 1078 5853; x_wconf 75' lang='lat' dir='ltr'><strong>3i,</strong></span> <span class='ocrx_word' id='word_1_454' title='bbox 1108 5788 1196 5846; x_wconf 84' lang='lat'><strong>99.</strong></span> <span class='ocrx_word' id='word_1_455' title='bbox 1271 5790 1291 5820; x_wconf 84' lang='grc'><strong><em>²</em></strong></span> <span class='ocrx_word' id='word_1_456' title='bbox 1317 5786 1484 5842; x_wconf 82' lang='lat' dir='ltr'><strong>Marc.</strong></span> <span class='ocrx_word' id='word_1_457' title='bbox 1505 5804 1559 5853; x_wconf 74' lang='grc' dir='ltr'><strong>κ,</strong></span> <span class='ocrx_word' id='word_1_458' title='bbox 1586 5789 1674 5843; x_wconf 71' lang='grc'><strong>21.</strong></span> 
     </span>
    </p>
   </div>
   <div class='ocr_carea' id='block_1_63' title="bbox 2186 559 3791 640">
    <p class='ocr_par' dir='ltr' id='par_1_63' title="bbox 2186 559 3791 640">
     <span class='ocr_line' id='line_1_63' title="bbox 2186 559 3791 640; baseline -0.009 -18"><span class='ocrx_word' id='word_1_459' title='bbox 2186 571 2440 640; x_wconf 74' lang='grc' dir='ltr'>ὲναύτῷ.</span> <span class='ocrx_word' id='word_1_460' title='bbox 2504 570 2613 623; x_wconf 86' lang='grc' dir='ltr'>Τοῦ</span> <span class='ocrx_word' id='word_1_461' title='bbox 2664 569 2719 622; x_wconf 74' lang='grc' dir='ltr'>δὲ</span> <span class='ocrx_word' id='word_1_462' title='bbox 2758 576 2790 620; x_wconf 85' lang='grc' dir='ltr'>ι’</span> <span class='ocrx_word' id='word_1_463' title='bbox 2829 568 3052 628; x_wconf 77' lang='grc' dir='ltr'>κανόνος</span> <span class='ocrx_word' id='word_1_464' title='bbox 3101 565 3196 618; x_wconf 81' lang='grc' dir='ltr'><strong>τοῦ</strong></span> <span class='ocrx_word' id='word_1_465' title='bbox 3243 565 3408 632; x_wconf 84' lang='grc' dir='ltr'>ἁγίου</span> <span class='ocrx_word' id='word_1_466' title='bbox 3469 559 3791 616; x_wconf 71' lang='grc' dir='ltr'>Βασιλείαν,</span> 
     </span>
    </p>
   </div>
   <div class='ocr_carea' id='block_1_64' title="bbox 2183 654 3790 730">
    <p class='ocr_par' dir='ltr' id='par_1_64' title="bbox 2183 654 3790 730">
     <span class='ocr_line' id='line_1_64' title="bbox 2183 654 3790 730; baseline -0.01 -13"><span class='ocrx_word' id='word_1_467' title='bbox 2183 665 2276 717; x_wconf 81' lang='grc' dir='ltr'><strong>τοῦ</strong></span> <span class='ocrx_word' id='word_1_468' title='bbox 2307 664 2397 730; x_wconf 62' lang='lat' dir='ltr'><strong>EF},</strong></span> <span class='ocrx_word' id='word_1_469' title='bbox 2449 662 2669 716; x_wconf 75' lang='grc' dir='ltr'>καὶτοῦ</span> <span class='ocrx_word' id='word_1_470' title='bbox 2733 659 2821 730; x_wconf 79' lang='grc' dir='ltr'><strong>πβ¹</strong></span> <span class='ocrx_word' id='word_1_471' title='bbox 2875 659 3216 724; x_wconf 74' lang='grc' dir='ltr'>κολαζόντων</span> <span class='ocrx_word' id='word_1_472' title='bbox 3272 659 3402 716; x_wconf 62' lang='grc' dir='ltr'>τοὺς</span> <span class='ocrx_word' id='word_1_473' title='bbox 3464 654 3790 720; x_wconf 80' lang='grc' dir='ltr'>ἐπιόρκους,</span> 
     </span>
    </p>
   </div>
   <div class='ocr_carea' id='block_1_65' title="bbox 2186 742 3792 826">
    <p class='ocr_par' dir='ltr' id='par_1_65' title="bbox 2186 742 3792 826">
     <span class='ocr_line' id='line_1_65' title="bbox 2186 742 3792 826; baseline -0.011 -16"><span class='ocrx_word' id='word_1_474' title='bbox 2186 758 2390 826; x_wconf 78' lang='grc' dir='ltr'>ἐτέρων</span> <span class='ocrx_word' id='word_1_475' title='bbox 2437 756 2493 808; x_wconf 74' lang='grc' dir='ltr'>δὲ</span> <span class='ocrx_word' id='word_1_476' title='bbox 2549 755 2790 806; x_wconf 64' lang='grc' dir='ltr'>κανόνων</span> <span class='ocrx_word' id='word_1_477' title='bbox 2845 754 3254 820; x_wconf 75' lang='grc' dir='ltr'><strong>περιεχομένων</strong></span> <span class='ocrx_word' id='word_1_478' title='bbox 3292 749 3372 817; x_wconf 81' lang='grc' dir='ltr'>τῷ</span> <span class='ocrx_word' id='word_1_479' title='bbox 3409 742 3792 814; x_wconf 75' lang='grc' dir='ltr'>διαληφθέντι</span> 
     </span>
    </p>
   </div>
   <div class='ocr_carea' id='block_1_66' title="bbox 2192 835 3797 914">
    <p class='ocr_par' dir='ltr' id='par_1_66' title="bbox 2192 835 3797 914">
     <span class='ocr_line' id='line_1_66' title="bbox 2192 835 3797 914; baseline -0.007 -17"><span class='ocrx_word' id='word_1_480' title='bbox 2192 851 2262 914; x_wconf 87' lang='grc' dir='ltr'>ιη’</span> <span class='ocrx_word' id='word_1_481' title='bbox 2296 862 2422 912; x_wconf 65' lang='grc' dir='ltr'>κεφ.</span> <span class='ocrx_word' id='word_1_482' title='bbox 2459 843 2854 912; x_wconf 70' lang='grc' dir='ltr'><strong>διοριζομένων</strong></span> <span class='ocrx_word' id='word_1_483' title='bbox 2893 842 3017 902; x_wconf 74' lang='grc' dir='ltr'>τοὺς</span> <span class='ocrx_word' id='word_1_484' title='bbox 3040 839 3494 909; x_wconf 78' lang='grc' dir='ltr'>ἐπιορκήσαντας</span> <span class='ocrx_word' id='word_1_485' title='bbox 3523 835 3603 905; x_wconf 81' lang='grc' dir='ltr'>μὴ</span> <span class='ocrx_word' id='word_1_486' title='bbox 3621 852 3797 902; x_wconf 80' lang='grc' dir='ltr'>τιμω-</span> 
     </span>
    </p>
   </div>
   <div class='ocr_carea' id='block_1_67' title="bbox 2191 931 3790 1005">
    <p class='ocr_par' dir='ltr' id='par_1_67' title="bbox 2191 931 3790 1005">
     <span class='ocr_line' id='line_1_67' title="bbox 2191 931 3790 1005; baseline -0.006 -17"><span class='ocrx_word' id='word_1_487' title='bbox 2191 936 2427 1005; x_wconf 81' lang='grc' dir='ltr'>ρείσθαι,</span> <span class='ocrx_word' id='word_1_488' title='bbox 2462 936 2644 997; x_wconf 73' lang='grc' dir='ltr'>καθὼς</span> <span class='ocrx_word' id='word_1_489' title='bbox 2677 932 2837 986; x_wconf 89' lang='grc' dir='ltr'>τοῦτο</span> <span class='ocrx_word' id='word_1_490' title='bbox 2879 933 2974 985; x_wconf 74' lang='grc' dir='ltr'><strong>καὶ</strong></span> <span class='ocrx_word' id='word_1_491' title='bbox 3002 935 3050 983; x_wconf 81' lang='lat' dir='ltr'><strong>0i</strong></span> <span class='ocrx_word' id='word_1_492' title='bbox 3113 931 3486 1000; x_wconf 82' lang='grc' dir='ltr'>προκείμενοι</span> <span class='ocrx_word' id='word_1_493' title='bbox 3551 931 3790 990; x_wconf 75' lang='grc' dir='ltr'>κανόνες</span> 
     </span>
    </p>
   </div>
   <div class='ocr_carea' id='block_1_68' title="bbox 2189 1021 3800 1099">
    <p class='ocr_par' dir='ltr' id='par_1_68' title="bbox 2189 1021 3800 1099">
     <span class='ocr_line' id='line_1_68' title="bbox 2189 1021 3800 1099; baseline -0.006 -17"><span class='ocrx_word' id='word_1_494' title='bbox 2189 1029 2686 1099; x_wconf 75' lang='grc' dir='ltr'>παρακελεύονταιο</span> <span class='ocrx_word' id='word_1_495' title='bbox 2757 1025 2887 1096; x_wconf 87' lang='grc' dir='ltr'>εἴπῃ</span> <span class='ocrx_word' id='word_1_496' title='bbox 2921 1042 3007 1088; x_wconf 87' lang='grc' dir='ltr'><strong>τις</strong></span> <span class='ocrx_word' id='word_1_497' title='bbox 3063 1022 3454 1076; x_wconf 76' lang='grc' dir='ltr'>ἐναντιοῦσθαι</span> <span class='ocrx_word' id='word_1_498' title='bbox 3534 1021 3800 1092; x_wconf 83' lang='grc' dir='ltr'>ἀλλήλοις</span> 
     </span>
    </p>
   </div>
   <div class='ocr_carea' id='block_1_69' title="bbox 2190 1114 3801 1187">
    <p class='ocr_par' dir='ltr' id='par_1_69' title="bbox 2190 1114 3801 1187">
     <span class='ocr_line' id='line_1_69' title="bbox 2190 1114 3801 1187; baseline -0.005 -14"><span class='ocrx_word' id='word_1_499' title='bbox 2190 1121 2317 1183; x_wconf 68' lang='grc' dir='ltr'>τοὺς</span> <span class='ocrx_word' id='word_1_500' title='bbox 2380 1121 2635 1180; x_wconf 75' lang='grc' dir='ltr'><strong>κανόνας.</strong></span> <span class='ocrx_word' id='word_1_501' title='bbox 2680 1118 2838 1187; x_wconf 74' lang='grc' dir='ltr'>Ἐμοὶ</span> <span class='ocrx_word' id='word_1_502' title='bbox 2869 1119 2925 1170; x_wconf 79' lang='grc' dir='ltr'>δὲ</span> <span class='ocrx_word' id='word_1_503' title='bbox 2977 1119 3038 1169; x_wconf 86' lang='grc' dir='ltr'>οὺ</span> <span class='ocrx_word' id='word_1_504' title='bbox 3087 1117 3260 1179; x_wconf 72' lang='grc' dir='ltr'>δοκεῖ,</span> <span class='ocrx_word' id='word_1_505' title='bbox 3318 1114 3438 1167; x_wconf 82' lang='grc' dir='ltr'>ἀλλ’</span> <span class='ocrx_word' id='word_1_506' title='bbox 3499 1116 3639 1168; x_wconf 82' lang='grc' dir='ltr'>ὅταν</span> <span class='ocrx_word' id='word_1_507' title='bbox 3699 1114 3801 1183; x_wconf 82' lang='grc' dir='ltr'>μὲν</span> 
     </span>
    </p>
   </div>
   <div class='ocr_carea' id='block_1_70' title="bbox 2192 1209 3798 1284">
    <p class='ocr_par' dir='ltr' id='par_1_70' title="bbox 2192 1209 3798 1284">
     <span class='ocr_line' id='line_1_70' title="bbox 2192 1209 3798 1284; baseline -0.005 -18"><span class='ocrx_word' id='word_1_508' title='bbox 2192 1213 2437 1284; x_wconf 78' lang='grc' dir='ltr'>ἁθετήσῃ</span> <span class='ocrx_word' id='word_1_509' title='bbox 2464 1229 2547 1274; x_wconf 86' lang='grc' dir='ltr'><strong>τις</strong></span> <span class='ocrx_word' id='word_1_510' title='bbox 2603 1212 2829 1280; x_wconf 76' lang='grc' dir='ltr'>ἔννομον</span> <span class='ocrx_word' id='word_1_511' title='bbox 2859 1213 3026 1282; x_wconf 85' lang='grc' dir='ltr'>ὅρκον</span> <span class='ocrx_word' id='word_1_512' title='bbox 3076 1211 3245 1279; x_wconf 71' lang='grc' dir='ltr'>χωρὶς</span> <span class='ocrx_word' id='word_1_513' title='bbox 3304 1209 3566 1278; x_wconf 61' lang='grc' dir='ltr'>ἀνάγκης</span> <span class='ocrx_word' id='word_1_514' title='bbox 3619 1209 3798 1268; x_wconf 65' lang='grc' dir='ltr'>τινος,</span> 
     </span>
    </p>
   </div>
   <div class='ocr_carea' id='block_1_71' title="bbox 2194 1300 3800 1376">
    <p class='ocr_par' dir='ltr' id='par_1_71' title="bbox 2194 1300 3800 1376">
     <span class='ocr_line' id='line_1_71' title="bbox 2194 1300 3800 1376; baseline -0.003 -19"><span class='ocrx_word' id='word_1_515' title='bbox 2194 1307 2227 1375; x_wconf 78' lang='grc' dir='ltr'>ἦ</span> <span class='ocrx_word' id='word_1_516' title='bbox 2261 1307 2474 1374; x_wconf 69' lang='grc' dir='ltr'>ψευδῶς</span> <span class='ocrx_word' id='word_1_517' title='bbox 2511 1306 2710 1376; x_wconf 71' lang='grc' dir='ltr'>ὀμόσῃ,</span> <span class='ocrx_word' id='word_1_518' title='bbox 2755 1304 3210 1373; x_wconf 72' lang='grc' dir='ltr'><strong>τιμωρηθήσεται</strong></span> <span class='ocrx_word' id='word_1_519' title='bbox 3271 1302 3462 1356; x_wconf 81' lang='grc' dir='ltr'>πλέον.</span> <span class='ocrx_word' id='word_1_520' title='bbox 3504 1302 3681 1354; x_wconf 82' lang='grc' dir='ltr'>Ὅταν</span> <span class='ocrx_word' id='word_1_521' title='bbox 3745 1300 3800 1352; x_wconf 78' lang='grc' dir='ltr'><strong>δὲ</strong></span> 
     </span>
    </p>
   </div>
   <div class='ocr_carea' id='block_1_72' title="bbox 2200 1394 3804 1467">
    <p class='ocr_par' dir='ltr' id='par_1_72' title="bbox 2200 1394 3804 1467">
     <span class='ocr_line' id='line_1_72' title="bbox 2200 1394 3804 1467; baseline -0.001 -18"><span class='ocrx_word' id='word_1_522' title='bbox 2200 1398 2345 1450; x_wconf 81' lang='grc' dir='ltr'>κατὰ</span> <span class='ocrx_word' id='word_1_523' title='bbox 2380 1397 2504 1467; x_wconf 82' lang='grc' dir='ltr'>βίαν</span> <span class='ocrx_word' id='word_1_524' title='bbox 2533 1400 2738 1466; x_wconf 77' lang='grc' dir='ltr'>ποιήσῃ</span> <span class='ocrx_word' id='word_1_525' title='bbox 2777 1395 2959 1458; x_wconf 85' lang='grc' dir='ltr'>τοῦτο,</span> <span class='ocrx_word' id='word_1_526' title='bbox 2987 1396 3324 1464; x_wconf 75' lang='grc' dir='ltr'>κουφότερον</span> <span class='ocrx_word' id='word_1_527' title='bbox 3381 1394 3804 1464; x_wconf 70' lang='grc' dir='ltr'>κολασθήσεται</span> 
     </span>
    </p>
   </div>
   <div class='ocr_carea' id='block_1_73' title="bbox 2200 1487 3804 1558">
    <p class='ocr_par' dir='ltr' id='par_1_73' title="bbox 2200 1487 3804 1558">
     <span class='ocr_line' id='line_1_73' title="bbox 2200 1487 3804 1558; baseline -0.001 -18"><span class='ocrx_word' id='word_1_528' title='bbox 2200 1489 2343 1541; x_wconf 70' lang='grc' dir='ltr'>κατὰ</span> <span class='ocrx_word' id='word_1_529' title='bbox 2387 1488 2480 1540; x_wconf 68' lang='grc' dir='ltr'>τὸν</span> <span class='ocrx_word' id='word_1_530' title='bbox 2515 1489 2606 1556; x_wconf 77' lang='grc' dir='ltr'>πβ⁹</span> <span class='ocrx_word' id='word_1_531' title='bbox 2636 1489 2837 1541; x_wconf 81' lang='grc' dir='ltr'>κανόνα</span> <span class='ocrx_word' id='word_1_532' title='bbox 2878 1487 2973 1540; x_wconf 91' lang='grc' dir='ltr'><strong>τοῦ</strong></span> <span class='ocrx_word' id='word_1_533' title='bbox 3007 1487 3281 1558; x_wconf 79' lang='grc' dir='ltr'><strong>παρόντος</strong></span> <span class='ocrx_word' id='word_1_534' title='bbox 3331 1487 3490 1553; x_wconf 68' lang='grc' dir='ltr'>ἁγίου</span> <span class='ocrx_word' id='word_1_535' title='bbox 3557 1487 3804 1553; x_wconf 77' lang='grc' dir='ltr'>Πατρός.</span> 
     </span>
    </p>
   </div>
   <div class='ocr_carea' id='block_1_74' title="bbox 2198 1580 3812 1651">
    <p class='ocr_par' dir='ltr' id='par_1_74' title="bbox 2198 1580 3812 1651">
     <span class='ocr_line' id='line_1_74' title="bbox 2198 1580 3812 1651; baseline -0.002 -17"><span class='ocrx_word' id='word_1_536' title='bbox 2198 1583 2260 1634; x_wconf 79' lang='grc' dir='ltr'><strong>Εἰ</strong></span> <span class='ocrx_word' id='word_1_537' title='bbox 2296 1583 2351 1635; x_wconf 83' lang='grc' dir='ltr'>δὲ</span> <span class='ocrx_word' id='word_1_538' title='bbox 2375 1583 2649 1635; x_wconf 78' lang='grc' dir='ltr'>οὐκέστιν</span> <span class='ocrx_word' id='word_1_539' title='bbox 2684 1583 2907 1648; x_wconf 77' lang='grc' dir='ltr'>ἔννομος</span> <span class='ocrx_word' id='word_1_540' title='bbox 2938 1584 2965 1632; x_wconf 84' lang='grc' dir='ltr'><strong>ό</strong></span> <span class='ocrx_word' id='word_1_541' title='bbox 2997 1581 3188 1651; x_wconf 85' lang='grc' dir='ltr'>ὅρκος,</span> <span class='ocrx_word' id='word_1_542' title='bbox 3237 1580 3374 1634; x_wconf 82' lang='grc' dir='ltr'>ἀλλὰ</span> <span class='ocrx_word' id='word_1_543' title='bbox 3403 1580 3496 1632; x_wconf 68' lang='grc' dir='ltr'><strong>διὰ</strong></span> <span class='ocrx_word' id='word_1_544' title='bbox 3535 1585 3598 1631; x_wconf 83' lang='grc' dir='ltr'>τὸ</span> <span class='ocrx_word' id='word_1_545' title='bbox 3645 1580 3812 1646; x_wconf 79' lang='grc' dir='ltr'>γενέ-</span> 
     </span>
    </p>
   </div>
   <div class='ocr_carea' id='block_1_75' title="bbox 2199 1669 3810 1744">
    <p class='ocr_par' dir='ltr' id='par_1_75' title="bbox 2199 1669 3810 1744">
     <span class='ocr_line' id='line_1_75' title="bbox 2199 1669 3810 1744; baseline -0.002 -19"><span class='ocrx_word' id='word_1_546' title='bbox 2199 1675 2325 1727; x_wconf 88' lang='grc' dir='ltr'>σθαι</span> <span class='ocrx_word' id='word_1_547' title='bbox 2365 1691 2415 1726; x_wconf 90' lang='grc' dir='ltr'><strong>τι</strong></span> <span class='ocrx_word' id='word_1_548' title='bbox 2451 1674 2653 1726; x_wconf 77' lang='grc' dir='ltr'>ἄτοπον</span> <span class='ocrx_word' id='word_1_549' title='bbox 2684 1673 2918 1744; x_wconf 71' lang='grc' dir='ltr'>προέϐη,</span> <span class='ocrx_word' id='word_1_550' title='bbox 2956 1673 2988 1743; x_wconf 79' lang='grc' dir='ltr'><strong>ἢ</strong></span> <span class='ocrx_word' id='word_1_551' title='bbox 3024 1675 3100 1742; x_wconf 79' lang='grc' dir='ltr'>μὴ</span> <span class='ocrx_word' id='word_1_552' title='bbox 3161 1672 3419 1739; x_wconf 83' lang='grc' dir='ltr'>γενέσθαι</span> <span class='ocrx_word' id='word_1_553' title='bbox 3465 1669 3680 1737; x_wconf 74' lang='grc' dir='ltr'>ἀγαθόν</span> <span class='ocrx_word' id='word_1_554' title='bbox 3726 1688 3810 1731; x_wconf 82' lang='grc' dir='ltr'><strong>τι,</strong></span> 
     </span>
    </p>
   </div>
   <div class='ocr_carea' id='block_1_76' title="bbox 2200 1761 3810 1833">
    <p class='ocr_par' dir='ltr' id='par_1_76' title="bbox 2200 1761 3810 1833">
     <span class='ocr_line' id='line_1_76' title="bbox 2200 1761 3810 1833; baseline -0.002 -19"><span class='ocrx_word' id='word_1_555' title='bbox 2200 1763 2449 1832; x_wconf 73' lang='grc' dir='ltr'>ῆῶμοσέ</span> <span class='ocrx_word' id='word_1_556' title='bbox 2485 1780 2566 1825; x_wconf 87' lang='grc' dir='ltr'><strong>τις</strong></span> <span class='ocrx_word' id='word_1_557' title='bbox 2596 1765 2834 1832; x_wconf 75' lang='grc' dir='ltr'>πρᾶγμα</span> <span class='ocrx_word' id='word_1_558' title='bbox 2875 1763 2947 1833; x_wconf 80' lang='grc' dir='ltr'>μὴ</span> <span class='ocrx_word' id='word_1_559' title='bbox 2988 1761 3046 1813; x_wconf 82' lang='grc' dir='ltr'><strong>δν</strong></span> <span class='ocrx_word' id='word_1_560' title='bbox 3083 1761 3234 1825; x_wconf 79' lang='grc' dir='ltr'>ἄξιον</span> <span class='ocrx_word' id='word_1_561' title='bbox 3286 1764 3366 1822; x_wconf 79' lang='grc' dir='ltr'><strong>εἰς</strong></span> <span class='ocrx_word' id='word_1_562' title='bbox 3399 1763 3568 1830; x_wconf 83' lang='grc' dir='ltr'>ὅρκον</span> <span class='ocrx_word' id='word_1_563' title='bbox 3623 1776 3810 1812; x_wconf 75' lang='grc' dir='ltr'>κατα-</span> 
     </span>
    </p>
   </div>
   <div class='ocr_carea' id='block_1_77' title="bbox 2208 1853 3808 1924">
    <p class='ocr_par' dir='ltr' id='par_1_77' title="bbox 2208 1853 3808 1924">
     <span class='ocr_line' id='line_1_77' title="bbox 2208 1853 3808 1924; baseline -0.003 -16"><span class='ocrx_word' id='word_1_564' title='bbox 2208 1857 2491 1922; x_wconf 81' lang='grc' dir='ltr'>λέγεσθαι,</span> <span class='ocrx_word' id='word_1_565' title='bbox 2523 1858 2644 1908; x_wconf 75' lang='grc' dir='ltr'>τότε</span> <span class='ocrx_word' id='word_1_566' title='bbox 2691 1859 2721 1923; x_wconf 78' lang='grc' dir='ltr'><strong>ἡ</strong></span> <span class='ocrx_word' id='word_1_567' title='bbox 2769 1856 3028 1924; x_wconf 77' lang='grc' dir='ltr'>ὸοέτησις</span> <span class='ocrx_word' id='word_1_568' title='bbox 3063 1854 3258 1907; x_wconf 89' lang='grc' dir='ltr'>τούτου</span> <span class='ocrx_word' id='word_1_569' title='bbox 3315 1853 3629 1914; x_wconf 82' lang='grc' dir='ltr'>ἀκόλαστός</span> <span class='ocrx_word' id='word_1_570' title='bbox 3661 1856 3808 1904; x_wconf 82' lang='grc' dir='ltr'>ἐστι.</span> 
     </span>
    </p>
   </div>
   <div class='ocr_carea' id='block_1_78' title="bbox 2211 1945 3815 2016">
    <p class='ocr_par' dir='ltr' id='par_1_78' title="bbox 2211 1945 3815 2016">
     <span class='ocr_line' id='line_1_78' title="bbox 2211 1945 3815 2016; baseline -0.003 -16"><span class='ocrx_word' id='word_1_571' title='bbox 2211 1947 2358 2016; x_wconf 80' lang='grc' dir='ltr'>Πλὴν</span> <span class='ocrx_word' id='word_1_572' title='bbox 2390 1948 2606 2000; x_wconf 85' lang='grc' dir='ltr'>ἀκούων</span> <span class='ocrx_word' id='word_1_573' title='bbox 2638 1948 2732 1999; x_wconf 82' lang='grc' dir='ltr'><strong>τοῦ</strong></span> <span class='ocrx_word' id='word_1_574' title='bbox 2774 1948 2932 2014; x_wconf 87' lang='grc' dir='ltr'>ἁγίου</span> <span class='ocrx_word' id='word_1_575' title='bbox 2973 1946 3232 2014; x_wconf 81' lang='grc' dir='ltr'>λέγοντος</span> <span class='ocrx_word' id='word_1_576' title='bbox 3261 1946 3507 2012; x_wconf 75' lang='grc' dir='ltr'>ὀφείλειν</span> <span class='ocrx_word' id='word_1_577' title='bbox 3546 1945 3644 1998; x_wconf 78' lang='grc' dir='ltr'>καὶ</span> <span class='ocrx_word' id='word_1_578' title='bbox 3676 1961 3742 1996; x_wconf 90' lang='grc' dir='ltr'><strong>το</strong></span> <span class='ocrx_word' id='word_1_579' title='bbox 3757 1960 3815 2004; x_wconf 69' lang='grc' dir='ltr'>,ες</span> 
     </span>
    </p>
   </div>
   <div class='ocr_carea' id='block_1_79' title="bbox 2206 2033 3813 2106">
    <p class='ocr_par' dir='ltr' id='par_1_79' title="bbox 2206 2033 3813 2106">
     <span class='ocr_line' id='line_1_79' title="bbox 2206 2033 3813 2106; baseline -0.004 -14"><span class='ocrx_word' id='word_1_580' title='bbox 2206 2039 2485 2101; x_wconf 80' lang='grc' dir='ltr'>τοιούτους</span> <span class='ocrx_word' id='word_1_581' title='bbox 2517 2038 2970 2092; x_wconf 74' lang='grc' dir='ltr'>ἀναδιδάσκεσθαι</span> <span class='ocrx_word' id='word_1_582' title='bbox 2994 2037 3067 2106; x_wconf 81' lang='grc' dir='ltr'>μὴ</span> <span class='ocrx_word' id='word_1_583' title='bbox 3094 2033 3234 2089; x_wconf 74' lang='grc' dir='ltr'>εἶναι</span> <span class='ocrx_word' id='word_1_584' title='bbox 3262 2037 3601 2106; x_wconf 83' lang='grc' dir='ltr'>προχείρους</span> <span class='ocrx_word' id='word_1_585' title='bbox 3627 2039 3712 2097; x_wconf 84' lang='grc' dir='ltr'>εἰς</span> <span class='ocrx_word' id='word_1_586' title='bbox 3747 2036 3813 2086; x_wconf 72' lang='grc' dir='ltr'>τὸ</span> 
     </span>
    </p>
   </div>
   <div class='ocr_carea' id='block_1_80' title="bbox 2206 2109 3812 2202">
    <p class='ocr_par' dir='ltr' id='par_1_80' title="bbox 2206 2109 3812 2202">
     <span class='ocr_line' id='line_1_80' title="bbox 2206 2109 3812 2202; baseline -0.003 -18"><span class='ocrx_word' id='word_1_587' title='bbox 2206 2133 2445 2202; x_wconf 77' lang='grc' dir='ltr'>ὀμνύειν,</span> <span class='ocrx_word' id='word_1_588' title='bbox 2483 2136 2576 2186; x_wconf 74' lang='grc' dir='ltr'>καὶ</span> <span class='ocrx_word' id='word_1_589' title='bbox 2597 2135 2677 2185; x_wconf 76' lang='grc' dir='ltr'>ὅτι</span> <span class='ocrx_word' id='word_1_590' title='bbox 2708 2109 2961 2197; x_wconf 65' lang='grc' dir='ltr'>καθάπαξ</span> <span class='ocrx_word' id='word_1_591' title='bbox 2993 2129 3299 2200; x_wconf 67' lang='grc' dir='ltr'>τὸόμνύειν</span> <span class='ocrx_word' id='word_1_592' title='bbox 3358 2129 3812 2198; x_wconf 74' lang='grc' dir='ltr'>ἀπαγορεύεται,</span> 
     </span>
    </p>
   </div>
   <div class='ocr_carea' id='block_1_81' title="bbox 2206 2221 3810 2292">
    <p class='ocr_par' dir='ltr' id='par_1_81' title="bbox 2206 2221 3810 2292">
     <span class='ocr_line' id='line_1_81' title="bbox 2206 2221 3810 2292; baseline -0.003 -15"><span class='ocrx_word' id='word_1_593' title='bbox 2206 2227 2349 2292; x_wconf 83' lang='grc' dir='ltr'>λέγω</span> <span class='ocrx_word' id='word_1_594' title='bbox 2378 2229 2459 2279; x_wconf 80' lang='grc' dir='ltr'><strong>ὅτι</strong></span> <span class='ocrx_word' id='word_1_595' title='bbox 2504 2229 2597 2278; x_wconf 74' lang='grc' dir='ltr'><strong>καὶ</strong></span> <span class='ocrx_word' id='word_1_596' title='bbox 2642 2228 2691 2277; x_wconf 81' lang='grc' dir='ltr'><strong>οι</strong></span> <span class='ocrx_word' id='word_1_597' title='bbox 2728 2229 2854 2286; x_wconf 74' lang='grc' dir='ltr'>τοὺς</span> <span class='ocrx_word' id='word_1_598' title='bbox 2885 2223 3163 2285; x_wconf 78' lang='grc' dir='ltr'>τοιούτους</span> <span class='ocrx_word' id='word_1_599' title='bbox 3209 2224 3412 2291; x_wconf 84' lang='grc' dir='ltr'>ὅρκους</span> <span class='ocrx_word' id='word_1_600' title='bbox 3491 2221 3810 2283; x_wconf 78' lang='grc' dir='ltr'>ποιοῦντες,</span> 
     </span>
    </p>
   </div>
   <div class='ocr_carea' id='block_1_82' title="bbox 2205 2315 3813 2387">
    <p class='ocr_par' dir='ltr' id='par_1_82' title="bbox 2205 2315 3813 2387">
     <span class='ocr_line' id='line_1_82' title="bbox 2205 2315 3813 2387; baseline -0.002 -17"><span class='ocrx_word' id='word_1_601' title='bbox 2205 2319 2311 2370; x_wconf 81' lang='grc' dir='ltr'><strong>κᾶν</strong></span> <span class='ocrx_word' id='word_1_602' title='bbox 2352 2319 2656 2378; x_wconf 76' lang='grc' dir='ltr'>ἀκινδύνως</span> <span class='ocrx_word' id='word_1_603' title='bbox 2721 2317 3079 2387; x_wconf 79' lang='grc' dir='ltr'>ὲπιορκῶσιν,</span> <span class='ocrx_word' id='word_1_604' title='bbox 3141 2315 3280 2370; x_wconf 82' lang='grc' dir='ltr'><strong>ἀλλά</strong></span> <span class='ocrx_word' id='word_1_605' title='bbox 3337 2315 3628 2376; x_wconf 80' lang='grc' dir='ltr'>παντελῶς</span> <span class='ocrx_word' id='word_1_606' title='bbox 3706 2315 3813 2366; x_wconf 71' lang='grc' dir='ltr'><strong>οὐκ</strong></span> 
     </span>
    </p>
   </div>
   <div class='ocr_carea' id='block_1_83' title="bbox 2207 2408 3816 2480">
    <p class='ocr_par' dir='ltr' id='par_1_83' title="bbox 2207 2408 3816 2480">
     <span class='ocr_line' id='line_1_83' title="bbox 2207 2408 3816 2480; baseline -0.002 -18"><span class='ocrx_word' id='word_1_607' title='bbox 2207 2411 2424 2463; x_wconf 73' lang='grc' dir='ltr'>ἔσονται</span> <span class='ocrx_word' id='word_1_608' title='bbox 2471 2411 2850 2480; x_wconf 62' lang='grc' dir='ltr'>ἀτιμώρητον</span> <span class='ocrx_word' id='word_1_609' title='bbox 2918 2412 3162 2480; x_wconf 84' lang='grc' dir='ltr'>μετρίως</span> <span class='ocrx_word' id='word_1_610' title='bbox 3196 2411 3253 2462; x_wconf 79' lang='grc' dir='ltr'>δὲ</span> <span class='ocrx_word' id='word_1_611' title='bbox 3303 2412 3445 2462; x_wconf 76' lang='grc' dir='ltr'>κατὰ</span> <span class='ocrx_word' id='word_1_612' title='bbox 3503 2410 3568 2461; x_wconf 72' lang='grc' dir='ltr'>τὸ</span> <span class='ocrx_word' id='word_1_613' title='bbox 3609 2408 3816 2463; x_wconf 63' lang='grc' dir='ltr'>δοκοῦν</span> 
     </span>
    </p>
   </div>
   <div class='ocr_carea' id='block_1_84' title="bbox 2206 2498 3816 2568">
    <p class='ocr_par' dir='ltr' id='par_1_84' title="bbox 2206 2498 3816 2568">
     <span class='ocr_line' id='line_1_84' title="bbox 2206 2498 3816 2568; baseline 0.001 -19"><span class='ocrx_word' id='word_1_614' title='bbox 2206 2499 2283 2565; x_wconf 83' lang='grc' dir='ltr'>τῷ</span> <span class='ocrx_word' id='word_1_615' title='bbox 2318 2499 2602 2567; x_wconf 79' lang='grc' dir='ltr'>ὲπισκὸπῳ</span> <span class='ocrx_word' id='word_1_616' title='bbox 2643 2499 3090 2568; x_wconf 82' lang='grc' dir='ltr'>ὲπιτιμήσονται.</span> <span class='ocrx_word' id='word_1_617' title='bbox 3137 2501 3293 2552; x_wconf 67' lang='grc' dir='ltr'>Ἐπεὶ</span> <span class='ocrx_word' id='word_1_618' title='bbox 3329 2500 3388 2551; x_wconf 79' lang='grc' dir='ltr'>δὲ</span> <span class='ocrx_word' id='word_1_619' title='bbox 3415 2499 3481 2551; x_wconf 84' lang='grc' dir='ltr'>ἐκ</span> <span class='ocrx_word' id='word_1_620' title='bbox 3534 2498 3636 2550; x_wconf 84' lang='grc' dir='ltr'><strong>τοῦ</strong></span> <span class='ocrx_word' id='word_1_621' title='bbox 3693 2499 3816 2550; x_wconf 84' lang='grc' dir='ltr'>διο-</span> 
     </span>
    </p>
   </div>
   <div class='ocr_carea' id='block_1_85' title="bbox 2208 2591 3812 2660">
    <p class='ocr_par' dir='ltr' id='par_1_85' title="bbox 2208 2591 3812 2660">
     <span class='ocr_line' id='line_1_85' title="bbox 2208 2591 3812 2660; baseline -0.001 -17"><span class='ocrx_word' id='word_1_622' title='bbox 2208 2591 2460 2660; x_wconf 75' lang='grc' dir='ltr'>ρίζεσθαι</span> <span class='ocrx_word' id='word_1_623' title='bbox 2495 2594 2622 2654; x_wconf 80' lang='grc' dir='ltr'>τοὺς</span> <span class='ocrx_word' id='word_1_624' title='bbox 2652 2591 2887 2652; x_wconf 84' lang='grc' dir='ltr'>κανόνας</span> <span class='ocrx_word' id='word_1_625' title='bbox 2925 2591 3256 2654; x_wconf 73' lang='grc' dir='ltr'>κολάζεσθαι</span> <span class='ocrx_word' id='word_1_626' title='bbox 3289 2592 3414 2653; x_wconf 65' lang='grc' dir='ltr'>τοὺς</span> <span class='ocrx_word' id='word_1_627' title='bbox 3479 2593 3812 2660; x_wconf 75' lang='grc' dir='ltr'>ἐπιόρκους,</span> 
     </span>
    </p>
   </div>
   <div class='ocr_carea' id='block_1_86' title="bbox 2205 2685 3812 2756">
    <p class='ocr_par' dir='ltr' id='par_1_86' title="bbox 2205 2685 3812 2756">
     <span class='ocr_line' id='line_1_86' title="bbox 2205 2685 3812 2756; baseline -0.001 -18"><span class='ocrx_word' id='word_1_628' title='bbox 2205 2686 2574 2754; x_wconf 79' lang='grc' dir='ltr'>ἀναφαίνεται</span> <span class='ocrx_word' id='word_1_629' title='bbox 2594 2686 2668 2754; x_wconf 77' lang='grc' dir='ltr'><strong>μὴ</strong></span> <span class='ocrx_word' id='word_1_630' title='bbox 2696 2685 3062 2755; x_wconf 82' lang='grc' dir='ltr'>τιμωρεῖσθαι</span> <span class='ocrx_word' id='word_1_631' title='bbox 3087 2687 3214 2747; x_wconf 75' lang='grc' dir='ltr'>τοὺς</span> <span class='ocrx_word' id='word_1_632' title='bbox 3251 2687 3326 2756; x_wconf 82' lang='grc' dir='ltr'>μὴ</span> <span class='ocrx_word' id='word_1_633' title='bbox 3354 2686 3812 2756; x_wconf 77' lang='grc' dir='ltr'>παραϐαίνοντας</span> 
     </span>
    </p>
   </div>
   <div class='ocr_carea' id='block_1_87' title="bbox 2203 2777 3811 2846">
    <p class='ocr_par' dir='ltr' id='par_1_87' title="bbox 2203 2777 3811 2846">
     <span class='ocr_line' id='line_1_87' title="bbox 2203 2777 3811 2846; baseline -0.001 -16"><span class='ocrx_word' id='word_1_634' title='bbox 2203 2779 2430 2843; x_wconf 73' lang='grc' dir='ltr'>αὐτοὺς,</span> <span class='ocrx_word' id='word_1_635' title='bbox 2463 2777 2764 2831; x_wconf 74' lang='grc' dir='ltr'>κάντεῦθεν</span> <span class='ocrx_word' id='word_1_636' title='bbox 2803 2778 3298 2830; x_wconf 84' lang='grc' dir='ltr'>συναναδείκνυται</span> <span class='ocrx_word' id='word_1_637' title='bbox 3350 2781 3451 2830; x_wconf 72' lang='grc' dir='ltr'><strong>καὶ</strong></span> <span class='ocrx_word' id='word_1_638' title='bbox 3480 2778 3540 2830; x_wconf 84' lang='grc' dir='ltr'><strong>τὸ</strong></span> <span class='ocrx_word' id='word_1_639' title='bbox 3575 2778 3811 2846; x_wconf 75' lang='grc' dir='ltr'>ἐπιτρέο</span> 
     </span>
    </p>
   </div>
   <div class='ocr_carea' id='block_1_88' title="bbox 2204 2871 3808 2940">
    <p class='ocr_par' dir='ltr' id='par_1_88' title="bbox 2204 2871 3808 2940">
     <span class='ocr_line' id='line_1_88' title="bbox 2204 2871 3808 2940; baseline -0.001 -16"><span class='ocrx_word' id='word_1_640' title='bbox 2204 2871 2409 2924; x_wconf 85' lang='grc' dir='ltr'>πεσθαι</span> <span class='ocrx_word' id='word_1_641' title='bbox 2437 2874 2538 2938; x_wconf 78' lang='grc' dir='ltr'><strong>τὴν</strong></span> <span class='ocrx_word' id='word_1_642' title='bbox 2569 2872 2677 2923; x_wconf 87' lang='grc' dir='ltr'><strong>τῶν</strong></span> <span class='ocrx_word' id='word_1_643' title='bbox 2709 2871 2955 2936; x_wconf 73' lang='grc' dir='ltr'>ἐννόμων</span> <span class='ocrx_word' id='word_1_644' title='bbox 2995 2872 3179 2939; x_wconf 88' lang='grc' dir='ltr'>ὅρκων</span> <span class='ocrx_word' id='word_1_645' title='bbox 3219 2871 3653 2939; x_wconf 80' lang='grc' dir='ltr'>τελεσιουργίαν</span> <span class='ocrx_word' id='word_1_646' title='bbox 3677 2888 3689 2899; x_wconf 89' lang='grc'><strong>·</strong></span> <span class='ocrx_word' id='word_1_647' title='bbox 3729 2873 3808 2940; x_wconf 79' lang='grc' dir='ltr'>μὴ</span> 
     </span>
    </p>
   </div>
   <div class='ocr_carea' id='block_1_89' title="bbox 2206 2964 3814 3033">
    <p class='ocr_par' dir='ltr' id='par_1_89' title="bbox 2206 2964 3814 3033">
     <span class='ocr_line' id='line_1_89' title="bbox 2206 2964 3814 3033; baseline 0.002 -18"><span class='ocrx_word' id='word_1_648' title='bbox 2206 2965 2366 3033; x_wconf 84' lang='grc' dir='ltr'>εἴπῃς</span> <span class='ocrx_word' id='word_1_649' title='bbox 2399 2965 2574 3016; x_wconf 82' lang='grc' dir='ltr'><strong>ταὺτα</strong></span> <span class='ocrx_word' id='word_1_650' title='bbox 2638 2964 2985 3032; x_wconf 69' lang='grc' dir='ltr'>διορισθῆσναι</span> <span class='ocrx_word' id='word_1_651' title='bbox 3023 2964 3368 3025; x_wconf 82' lang='grc' dir='ltr'>ὑπεναντίως</span> <span class='ocrx_word' id='word_1_652' title='bbox 3420 2969 3486 3032; x_wconf 82' lang='grc' dir='ltr'>τῇ</span> <span class='ocrx_word' id='word_1_653' title='bbox 3559 2970 3814 3032; x_wconf 78' lang='grc' dir='ltr'>εὐαγγε-</span> 
     </span>
    </p>
   </div>
   <div class='ocr_carea' id='block_1_90' title="bbox 2206 3054 3814 3126">
    <p class='ocr_par' dir='ltr' id='par_1_90' title="bbox 2206 3054 3814 3126">
     <span class='ocr_line' id='line_1_90' title="bbox 2206 3054 3814 3126; baseline 0.004 -20"><span class='ocrx_word' id='word_1_654' title='bbox 2206 3059 2330 3126; x_wconf 86' lang='grc' dir='ltr'>λικῇ</span> <span class='ocrx_word' id='word_1_655' title='bbox 2362 3056 2575 3123; x_wconf 76' lang='grc' dir='ltr'>ἐντολῇ,</span> <span class='ocrx_word' id='word_1_656' title='bbox 2603 3058 2668 3125; x_wconf 67' lang='grc' dir='ltr'>τῇ</span> <span class='ocrx_word' id='word_1_657' title='bbox 2695 3057 2947 3126; x_wconf 80' lang='grc' dir='ltr'>λεγούσῃ·</span> <span class='ocrx_word' id='word_1_658' title='bbox 2977 3056 3075 3122; x_wconf 67' lang='grc' dir='ltr'><strong>Μὴ</strong></span> <span class='ocrx_word' id='word_1_659' title='bbox 3110 3056 3358 3122; x_wconf 76' lang='grc' dir='ltr'>ὀμνύειν</span> <span class='ocrx_word' id='word_1_660' title='bbox 3395 3054 3578 3122; x_wconf 74' lang='grc' dir='ltr'>ἡμᾶς,</span> <span class='ocrx_word' id='word_1_661' title='bbox 3648 3057 3814 3125; x_wconf 79' lang='grc' dir='ltr'>μήτε</span> 
     </span>
    </p>
   </div>
   <div class='ocr_carea' id='block_1_91' title="bbox 1425 3143 2099 3221">
    <p class='ocr_par' dir='ltr' id='par_1_91' title="bbox 1425 3143 2099 3214">
     <span class='ocr_line' id='line_1_91' title="bbox 1425 3143 2099 3214; baseline -0.012 -15"><span class='ocrx_word' id='word_1_662' title='bbox 1425 3146 1771 3214; x_wconf 82' lang='lat' dir='ltr'><strong>rejiciendnm</strong></span> <span class='ocrx_word' id='word_1_663' title='bbox 1848 3157 1970 3195; x_wconf 89' lang='lat' dir='ltr'><strong>cum</strong></span> <span class='ocrx_word' id='word_1_664' title='bbox 2032 3143 2099 3195; x_wconf 90' lang='lat' dir='ltr'><strong>sit</strong></span> 
     </span>
    </p>
   </div>
   <div class='ocr_carea' id='block_1_92' title="bbox 2206 3143 3814 3221">
    <p class='ocr_par' dir='ltr' id='par_1_92' title="bbox 2206 3144 3814 3215">
     <span class='ocr_line' id='line_1_92' title="bbox 2206 3144 3814 3215; baseline -0.001 -14"><span class='ocrx_word' id='word_1_665' title='bbox 2206 3146 2554 3212; x_wconf 75' lang='grc' dir='ltr'>ἐνοὺρανῷ,</span> <span class='ocrx_word' id='word_1_666' title='bbox 2583 3147 2723 3215; x_wconf 76' lang='grc' dir='ltr'>μήτ’</span> <span class='ocrx_word' id='word_1_667' title='bbox 2753 3149 2822 3199; x_wconf 86' lang='grc' dir='ltr'><strong>ὲν</strong></span> <span class='ocrx_word' id='word_1_668' title='bbox 2855 3144 2930 3212; x_wconf 72' lang='grc' dir='ltr'>τῇ</span> <span class='ocrx_word' id='word_1_669' title='bbox 2974 3144 3070 3212; x_wconf 75' lang='grc' dir='ltr'><strong>γῇ,</strong></span> <span class='ocrx_word' id='word_1_670' title='bbox 3104 3147 3192 3198; x_wconf 78' lang='grc' dir='ltr'>ὅτι</span> <span class='ocrx_word' id='word_1_671' title='bbox 3233 3149 3264 3198; x_wconf 84' lang='grc' dir='ltr'><strong>ό</strong></span> <span class='ocrx_word' id='word_1_672' title='bbox 3291 3147 3553 3212; x_wconf 58' lang='grc' dir='ltr'>οὐρανὸς</span> <span class='ocrx_word' id='word_1_673' title='bbox 3588 3149 3814 3215; x_wconf 76' lang='grc' dir='ltr'>θρόνος</span> 
     </span>
    </p>
   </div>
   <div class='ocr_carea' id='block_1_93' title="bbox 2211 3235 3815 3304">
    <p class='ocr_par' dir='ltr' id='par_1_93' title="bbox 2211 3235 3815 3304">
     <span class='ocr_line' id='line_1_93' title="bbox 2211 3235 3815 3304; baseline 0.001 -16"><span class='ocrx_word' id='word_1_674' title='bbox 2211 3238 2341 3289; x_wconf 77' lang='grc' dir='ltr'>ἐστὶ</span> <span class='ocrx_word' id='word_1_675' title='bbox 2376 3236 2482 3290; x_wconf 80' lang='grc' dir='ltr'><strong>τοῦ</strong></span> <span class='ocrx_word' id='word_1_676' title='bbox 2521 3237 2694 3297; x_wconf 80' lang='grc' dir='ltr'>Θεοῦ,</span> <span class='ocrx_word' id='word_1_677' title='bbox 2733 3236 2832 3290; x_wconf 78' lang='grc' dir='ltr'>καὶ</span> <span class='ocrx_word' id='word_1_678' title='bbox 2865 3239 2902 3303; x_wconf 75' lang='grc' dir='ltr'><em>ὴ</em></span> <span class='ocrx_word' id='word_1_679' title='bbox 2944 3236 3020 3304; x_wconf 75' lang='grc' dir='ltr'>γῆ</span> <span class='ocrx_word' id='word_1_680' title='bbox 3057 3235 3404 3288; x_wconf 78' lang='grc' dir='ltr'>ὑποπόδιον</span> <span class='ocrx_word' id='word_1_681' title='bbox 3431 3235 3558 3287; x_wconf 81' lang='grc' dir='ltr'><strong>τῶν</strong></span> <span class='ocrx_word' id='word_1_682' title='bbox 3597 3237 3815 3290; x_wconf 75' lang='grc' dir='ltr'>ποδῶν</span> 
     </span>
    </p>
   </div>
   <div class='ocr_carea' id='block_1_94' title="bbox 2210 3324 3810 3400">
    <p class='ocr_par' dir='ltr' id='par_1_94' title="bbox 2210 3324 3810 3400">
     <span class='ocr_line' id='line_1_94' title="bbox 2210 3324 3810 3400; baseline 0.003 -21"><span class='ocrx_word' id='word_1_683' title='bbox 2210 3329 2398 3382; x_wconf 75' lang='grc' dir='ltr'>αὑτοῦ</span> <span class='ocrx_word' id='word_1_684' title='bbox 2429 3348 2441 3361; x_wconf 77' lang='grc' dir='ltr'><strong><em>ο</em></strong></span> <span class='ocrx_word' id='word_1_685' title='bbox 2477 3324 2613 3382; x_wconf 76' lang='grc' dir='ltr'>εἶναι</span> <span class='ocrx_word' id='word_1_686' title='bbox 2650 3331 2703 3382; x_wconf 75' lang='grc' dir='ltr'>δὲ</span> <span class='ocrx_word' id='word_1_687' title='bbox 2753 3331 2883 3400; x_wconf 79' lang='grc' dir='ltr'>ἡμῖν</span> <span class='ocrx_word' id='word_1_688' title='bbox 2938 3331 2999 3380; x_wconf 73' lang='grc' dir='ltr'>τὸ</span> <span class='ocrx_word' id='word_1_689' title='bbox 3060 3329 3148 3380; x_wconf 78' lang='grc' dir='ltr'>ναὶ</span> <span class='ocrx_word' id='word_1_690' title='bbox 3188 3332 3304 3391; x_wconf 65' lang='grc' dir='ltr'>ναὶ,</span> <span class='ocrx_word' id='word_1_691' title='bbox 3369 3329 3465 3380; x_wconf 74' lang='grc' dir='ltr'><strong>καὶ</strong></span> <span class='ocrx_word' id='word_1_692' title='bbox 3499 3328 3560 3381; x_wconf 81' lang='grc' dir='ltr'><strong>τὸ</strong></span> <span class='ocrx_word' id='word_1_693' title='bbox 3607 3330 3669 3382; x_wconf 82' lang='grc' dir='ltr'><strong>οὒ</strong></span> <span class='ocrx_word' id='word_1_694' title='bbox 3723 3332 3810 3386; x_wconf 67' lang='grc' dir='ltr'>οὗ.</span> 
     </span>
    </p>
   </div>
   <div class='ocr_carea' id='block_1_95' title="bbox 2219 3419 3813 3492">
    <p class='ocr_par' dir='ltr' id='par_1_95' title="bbox 2219 3419 3813 3492">
     <span class='ocr_line' id='line_1_95' title="bbox 2219 3419 3813 3492; baseline 0.003 -20"><span class='ocrx_word' id='word_1_695' title='bbox 2219 3421 2389 3473; x_wconf 84' lang='grc' dir='ltr'>Τοῦτο</span> <span class='ocrx_word' id='word_1_696' title='bbox 2421 3428 2519 3490; x_wconf 83' lang='grc' dir='ltr'>μὲν</span> <span class='ocrx_word' id='word_1_697' title='bbox 2573 3423 2682 3492; x_wconf 83' lang='grc' dir='ltr'><strong>γάρ</strong></span> <span class='ocrx_word' id='word_1_698' title='bbox 2715 3426 2833 3474; x_wconf 81' lang='grc' dir='ltr'>ἐστι</span> <span class='ocrx_word' id='word_1_699' title='bbox 2875 3422 2982 3474; x_wconf 84' lang='grc' dir='ltr'><strong>τῶν</strong></span> <span class='ocrx_word' id='word_1_700' title='bbox 3024 3420 3164 3488; x_wconf 84' lang='grc' dir='ltr'>ἄγαν</span> <span class='ocrx_word' id='word_1_701' title='bbox 3198 3419 3446 3484; x_wconf 81' lang='grc' dir='ltr'>τελείων,</span> <span class='ocrx_word' id='word_1_702' title='bbox 3520 3423 3706 3474; x_wconf 69' lang='grc' dir='ltr'>ἐκεῖνο</span> <span class='ocrx_word' id='word_1_703' title='bbox 3755 3425 3813 3476; x_wconf 83' lang='grc' dir='ltr'>δὲ</span> 
     </span>
    </p>
   </div>
   <div class='ocr_carea' id='block_1_96' title="bbox 2209 3511 3815 3583">
    <p class='ocr_par' dir='ltr' id='par_1_96' title="bbox 2209 3511 3815 3583">
     <span class='ocr_line' id='line_1_96' title="bbox 2209 3511 3815 3583; baseline 0.001 -18"><span class='ocrx_word' id='word_1_704' title='bbox 2209 3515 2466 3583; x_wconf 86' lang='grc' dir='ltr'>δεύτερον</span> <span class='ocrx_word' id='word_1_705' title='bbox 2507 3515 2601 3568; x_wconf 76' lang='grc' dir='ltr'><strong>καὶ</strong></span> <span class='ocrx_word' id='word_1_706' title='bbox 2634 3514 2735 3566; x_wconf 83' lang='grc' dir='ltr'><strong>οὐκ</strong></span> <span class='ocrx_word' id='word_1_707' title='bbox 2766 3513 3096 3582; x_wconf 76' lang='grc' dir='ltr'>ἀπόϐλητον,</span> <span class='ocrx_word' id='word_1_708' title='bbox 3132 3513 3207 3574; x_wconf 83' lang='grc' dir='ltr'>ὡς</span> <span class='ocrx_word' id='word_1_709' title='bbox 3235 3512 3494 3580; x_wconf 77' lang='grc' dir='ltr'>ἐννομονο</span> <span class='ocrx_word' id='word_1_710' title='bbox 3529 3511 3649 3565; x_wconf 76' lang='grc' dir='ltr'>οἷόν</span> <span class='ocrx_word' id='word_1_711' title='bbox 3687 3517 3815 3567; x_wconf 78' lang='grc' dir='ltr'>ἐστι</span> 
     </span>
    </p>
   </div>
   <div class='ocr_carea' id='block_1_97' title="bbox 2213 3605 3818 3673">
    <p class='ocr_par' dir='ltr' id='par_1_97' title="bbox 2213 3605 3818 3673">
     <span class='ocr_line' id='line_1_97' title="bbox 2213 3605 3818 3673; baseline 0.001 -16"><span class='ocrx_word' id='word_1_712' title='bbox 2213 3607 2308 3657; x_wconf 75' lang='grc' dir='ltr'>καὶ</span> <span class='ocrx_word' id='word_1_713' title='bbox 2354 3606 2434 3664; x_wconf 81' lang='grc' dir='ltr'><strong>τὸ,</strong></span> <span class='ocrx_word' id='word_1_714' title='bbox 2469 3606 2771 3672; x_wconf 78' lang='grc' dir='ltr'>Πώλησόν</span> <span class='ocrx_word' id='word_1_715' title='bbox 2828 3622 2945 3658; x_wconf 87' lang='grc' dir='ltr'>σου</span> <span class='ocrx_word' id='word_1_716' title='bbox 2993 3606 3063 3657; x_wconf 82' lang='grc' dir='ltr'>τὰ</span> <span class='ocrx_word' id='word_1_717' title='bbox 3127 3605 3501 3673; x_wconf 62' lang='grc' dir='ltr'>ὑπάρχοντα,</span> <span class='ocrx_word' id='word_1_718' title='bbox 3544 3607 3646 3657; x_wconf 79' lang='grc' dir='ltr'><strong>καί</strong></span> <span class='ocrx_word' id='word_1_719' title='bbox 3705 3605 3818 3671; x_wconf 72' lang='grc' dir='ltr'>ὂές</span> 
     </span>
    </p>
   </div>
   <div class='ocr_carea' id='block_1_98' title="bbox 2213 3695 3816 3763">
    <p class='ocr_par' dir='ltr' id='par_1_98' title="bbox 2213 3695 3816 3763">
     <span class='ocr_line' id='line_1_98' title="bbox 2213 3695 3816 3763; baseline -0.002 -15"><span class='ocrx_word' id='word_1_720' title='bbox 2213 3697 2491 3763; x_wconf 83' lang='grc' dir='ltr'>πτωχοῖς,</span> <span class='ocrx_word' id='word_1_721' title='bbox 2559 3697 2658 3749; x_wconf 80' lang='grc' dir='ltr'><strong>καί</strong></span> <span class='ocrx_word' id='word_1_722' title='bbox 2722 3697 3046 3750; x_wconf 70' lang='grc' dir='ltr'>ἀκολούθει</span> <span class='ocrx_word' id='word_1_723' title='bbox 3097 3711 3223 3763; x_wconf 88' lang='grc' dir='ltr'>μοι.</span> <span class='ocrx_word' id='word_1_724' title='bbox 3297 3695 3361 3746; x_wconf 78' lang='lat' dir='ltr'><strong>Ei</strong></span> <span class='ocrx_word' id='word_1_725' title='bbox 3421 3697 3532 3762; x_wconf 78' lang='grc' dir='ltr'><strong>γὰρ</strong></span> <span class='ocrx_word' id='word_1_726' title='bbox 3605 3697 3816 3756; x_wconf 60' lang='grc' dir='ltr'>πάντες</span> 
     </span>
    </p>
   </div>
   <div class='ocr_carea' id='block_1_99' title="bbox 2213 3785 3812 3853">
    <p class='ocr_par' dir='ltr' id='par_1_99' title="bbox 2213 3785 3812 3853">
     <span class='ocr_line' id='line_1_99' title="bbox 2213 3785 3812 3853; baseline 0 -15"><span class='ocrx_word' id='word_1_727' title='bbox 2213 3786 2618 3853; x_wconf 74' lang='grc' dir='ltr'>ἀναγκάζονται</span> <span class='ocrx_word' id='word_1_728' title='bbox 2650 3786 2808 3837; x_wconf 82' lang='grc' dir='ltr'>τοῦτο</span> <span class='ocrx_word' id='word_1_729' title='bbox 2839 3788 3084 3853; x_wconf 77' lang='grc' dir='ltr'>ποιῆσαι,</span> <span class='ocrx_word' id='word_1_730' title='bbox 3122 3786 3272 3846; x_wconf 74' lang='grc' dir='ltr'>ποῖος</span> <span class='ocrx_word' id='word_1_731' title='bbox 3303 3785 3578 3853; x_wconf 74' lang='grc' dir='ltr'>ἀγοράσει</span> <span class='ocrx_word' id='word_1_732' title='bbox 3620 3787 3689 3838; x_wconf 82' lang='grc' dir='ltr'><strong>αὐ</strong></span> <span class='ocrx_word' id='word_1_733' title='bbox 3734 3788 3770 3837; x_wconf 80' lang='grc' dir='ltr'><strong>ἀ</strong></span> <span class='ocrx_word' id='word_1_734' title='bbox 3797 3805 3812 3849; x_wconf 76' lang='grc' dir='ltr'><strong>ς</strong></span> 
     </span>
    </p>
   </div>
   <div class='ocr_carea' id='block_1_100' title="bbox 2213 3876 3815 3946">
    <p class='ocr_par' dir='ltr' id='par_1_100' title="bbox 2213 3876 3815 3946">
     <span class='ocr_line' id='line_1_100' title="bbox 2213 3876 3815 3946; baseline -0.003 -15"><span class='ocrx_word' id='word_1_735' title='bbox 2213 3879 2423 3940; x_wconf 73' lang='grc' dir='ltr'>Ἄλλως</span> <span class='ocrx_word' id='word_1_736' title='bbox 2446 3895 2502 3929; x_wconf 88' lang='grc' dir='ltr'><strong>τε</strong></span> <span class='ocrx_word' id='word_1_737' title='bbox 2539 3879 2586 3929; x_wconf 86' lang='grc' dir='ltr'><strong>εί</strong></span> <span class='ocrx_word' id='word_1_738' title='bbox 2614 3878 2757 3938; x_wconf 75' lang='grc' dir='ltr'>ἄπας</span> <span class='ocrx_word' id='word_1_739' title='bbox 2785 3877 2946 3946; x_wconf 85' lang='grc' dir='ltr'>ὅρκος</span> <span class='ocrx_word' id='word_1_740' title='bbox 2975 3876 3268 3938; x_wconf 78' lang='grc' dir='ltr'>ἐκωλύετο,</span> <span class='ocrx_word' id='word_1_741' title='bbox 3303 3876 3427 3927; x_wconf 76' lang='grc' dir='ltr'>οὐδὲ</span> <span class='ocrx_word' id='word_1_742' title='bbox 3454 3881 3478 3928; x_wconf 76' lang='grc' dir='ltr'>ὁ</span> <span class='ocrx_word' id='word_1_743' title='bbox 3509 3877 3815 3946; x_wconf 61' lang='grc' dir='ltr'>Προφήτης</span> 
     </span>
    </p>
   </div>
   <div class='ocr_carea' id='block_1_101' title="bbox 2209 3965 3818 4036">
    <p class='ocr_par' dir='ltr' id='par_1_101' title="bbox 2209 3965 3818 4036">
     <span class='ocr_line' id='line_1_101' title="bbox 2209 3965 3818 4036; baseline 0.001 -16"><span class='ocrx_word' id='word_1_744' title='bbox 2209 3965 2361 4020; x_wconf 76' lang='grc' dir='ltr'>εἶπεν</span> <span class='ocrx_word' id='word_1_745' title='bbox 2387 3969 2452 4021; x_wconf 85' lang='grc' dir='ltr'>ἂν</span> <span class='ocrx_word' id='word_1_746' title='bbox 2489 3970 2720 4036; x_wconf 82' lang='grc' dir='ltr'>Ὣμοσα</span> <span class='ocrx_word' id='word_1_747' title='bbox 2749 3969 2850 4021; x_wconf 79' lang='grc' dir='ltr'><strong>καί</strong></span> <span class='ocrx_word' id='word_1_748' title='bbox 2878 3969 3116 4035; x_wconf 76' lang='grc' dir='ltr'>ἕστησα</span> <span class='ocrx_word' id='word_1_749' title='bbox 3143 3967 3252 4023; x_wconf 87' lang='grc' dir='ltr'><strong>τοῦ</strong></span> <span class='ocrx_word' id='word_1_750' title='bbox 3271 3970 3675 4036; x_wconf 68' lang='grc' dir='ltr'><strong>φυλάξασθαι</strong></span> <span class='ocrx_word' id='word_1_751' title='bbox 3709 3972 3818 4035; x_wconf 69' lang='lat' dir='ltr'><strong>tiu;</strong></span> 
     </span>
    </p>
   </div>
   <div class='ocr_carea' id='block_1_102' title="bbox 2209 4060 3817 4130">
    <p class='ocr_par' dir='ltr' id='par_1_102' title="bbox 2209 4060 3817 4130">
     <span class='ocr_line' id='line_1_102' title="bbox 2209 4060 3817 4130; baseline 0.001 -20"><span class='ocrx_word' id='word_1_752' title='bbox 2209 4060 2466 4124; x_wconf 73' lang='grc' dir='ltr'>ἐντολάς</span> <span class='ocrx_word' id='word_1_753' title='bbox 2491 4075 2629 4112; x_wconf 84' lang='grc' dir='ltr'>σου·</span> <span class='ocrx_word' id='word_1_754' title='bbox 2665 4060 2788 4112; x_wconf 70' lang='grc' dir='ltr'>οὐδὲ</span> <span class='ocrx_word' id='word_1_755' title='bbox 2817 4061 2865 4112; x_wconf 78' lang='grc' dir='ltr'>οἱ</span> <span class='ocrx_word' id='word_1_756' title='bbox 2895 4060 3020 4122; x_wconf 76' lang='grc' dir='ltr'>τοὺς</span> <span class='ocrx_word' id='word_1_757' title='bbox 3049 4061 3248 4128; x_wconf 85' lang='grc' dir='ltr'>νόμους</span> <span class='ocrx_word' id='word_1_758' title='bbox 3283 4061 3614 4127; x_wconf 61' lang='grc' dir='ltr'>συνθέμενοι</span> <span class='ocrx_word' id='word_1_759' title='bbox 3647 4062 3817 4130; x_wconf 57' lang='grc' dir='ltr'>ὀρθι-</span> 
     </span>
    </p>
   </div>
   <div class='ocr_carea' id='block_1_103' title="bbox 2207 4150 3814 4221">
    <p class='ocr_par' dir='ltr' id='par_1_103' title="bbox 2207 4150 3814 4221">
     <span class='ocr_line' id='line_1_103' title="bbox 2207 4150 3814 4221; baseline 0.002 -17"><span class='ocrx_word' id='word_1_760' title='bbox 2207 4152 2350 4214; x_wconf 81' lang='grc' dir='ltr'>δοξοι</span> <span class='ocrx_word' id='word_1_761' title='bbox 2407 4151 2669 4220; x_wconf 77' lang='grc' dir='ltr'>βασιλεῖς,</span> <span class='ocrx_word' id='word_1_762' title='bbox 2709 4153 2777 4205; x_wconf 86' lang='grc' dir='ltr'><strong>ἂν</strong></span> <span class='ocrx_word' id='word_1_763' title='bbox 2825 4150 3073 4214; x_wconf 74' lang='grc' dir='ltr'>ἐξέθεντο</span> <span class='ocrx_word' id='word_1_764' title='bbox 3129 4153 3330 4221; x_wconf 84' lang='grc' dir='ltr'>νόμους</span> <span class='ocrx_word' id='word_1_765' title='bbox 3398 4153 3814 4221; x_wconf 77' lang='grc' dir='ltr'>ἐπιτρέποντας</span> 
     </span>
    </p>
   </div>
   <div class='ocr_carea' id='block_1_104' title="bbox 2210 4242 3816 4315">
    <p class='ocr_par' dir='ltr' id='par_1_104' title="bbox 2210 4242 3816 4315">
     <span class='ocr_line' id='line_1_104' title="bbox 2210 4242 3816 4315; baseline 0.002 -21"><span class='ocrx_word' id='word_1_766' title='bbox 2210 4244 2390 4311; x_wconf 82' lang='grc' dir='ltr'>ὅρκων</span> <span class='ocrx_word' id='word_1_767' title='bbox 2427 4243 2866 4310; x_wconf 78' lang='grc' dir='ltr'>τελεσιουργίας.</span> <span class='ocrx_word' id='word_1_768' title='bbox 2897 4243 3064 4293; x_wconf 84' lang='grc' dir='ltr'>Ὥστε</span> <span class='ocrx_word' id='word_1_769' title='bbox 3095 4242 3218 4310; x_wconf 62' lang='grc' dir='ltr'>οὐχὶ</span> <span class='ocrx_word' id='word_1_770' title='bbox 3249 4245 3357 4304; x_wconf 74' lang='grc' dir='ltr'><strong>πᾶς</strong></span> <span class='ocrx_word' id='word_1_771' title='bbox 3384 4244 3556 4312; x_wconf 80' lang='grc' dir='ltr'>ὅρκος</span> <span class='ocrx_word' id='word_1_772' title='bbox 3575 4245 3816 4315; x_wconf 75' lang='grc' dir='ltr'>ἔννομος</span> 
     </span>
    </p>
   </div>
   <div class='ocr_carea' id='block_1_105' title="bbox 2211 4333 3818 4407">
    <p class='ocr_par' dir='ltr' id='par_1_105' title="bbox 2211 4333 3818 4407">
     <span class='ocr_line' id='line_1_105' title="bbox 2211 4333 3818 4407; baseline 0.002 -20"><span class='ocrx_word' id='word_1_773' title='bbox 2211 4351 2268 4387; x_wconf 83' lang='grc' dir='ltr'><strong>τε</strong></span> <span class='ocrx_word' id='word_1_774' title='bbox 2307 4336 2398 4386; x_wconf 81' lang='grc' dir='ltr'><strong>καὶ</strong></span> <span class='ocrx_word' id='word_1_775' title='bbox 2427 4335 2739 4403; x_wconf 84' lang='grc' dir='ltr'>παράνομος</span> <span class='ocrx_word' id='word_1_776' title='bbox 2774 4333 3161 4402; x_wconf 79' lang='grc' dir='ltr'>κεκωλυμένος</span> <span class='ocrx_word' id='word_1_777' title='bbox 3192 4335 3361 4398; x_wconf 74' lang='grc' dir='ltr'>ἐστὶν,</span> <span class='ocrx_word' id='word_1_778' title='bbox 3399 4335 3522 4387; x_wconf 83' lang='grc' dir='ltr'>ἀλλ’</span> <span class='ocrx_word' id='word_1_779' title='bbox 3555 4336 3584 4387; x_wconf 83' lang='grc' dir='ltr'><strong>ό</strong></span> <span class='ocrx_word' id='word_1_780' title='bbox 3621 4345 3818 4407; x_wconf 74' lang='grc' dir='ltr'>παρα-</span> 
     </span>
    </p>
   </div>
   <div class='ocr_carea' id='block_1_106' title="bbox 2210 4425 3819 4501">
    <p class='ocr_par' dir='ltr' id='par_1_106' title="bbox 2210 4425 3819 4501">
     <span class='ocr_line' id='line_1_106' title="bbox 2210 4425 3819 4501; baseline 0.002 -23"><span class='ocrx_word' id='word_1_781' title='bbox 2210 4444 2373 4494; x_wconf 84' lang='grc' dir='ltr'>νομος</span> <span class='ocrx_word' id='word_1_782' title='bbox 2409 4428 2504 4477; x_wconf 75' lang='grc' dir='ltr'>καὶ</span> <span class='ocrx_word' id='word_1_783' title='bbox 2539 4426 2888 4487; x_wconf 84' lang='grc' dir='ltr'>ἀπαίδευτος.</span> <span class='ocrx_word' id='word_1_784' title='bbox 2931 4426 3089 4486; x_wconf 77' lang='grc' dir='ltr'>Τινδς</span> <span class='ocrx_word' id='word_1_785' title='bbox 3119 4425 3174 4476; x_wconf 83' lang='grc' dir='ltr'>δὲ</span> <span class='ocrx_word' id='word_1_786' title='bbox 3205 4425 3475 4491; x_wconf 75' lang='grc' dir='ltr'>εὐγενοῦς</span> <span class='ocrx_word' id='word_1_787' title='bbox 3508 4429 3569 4479; x_wconf 83' lang='grc' dir='ltr'>ὲν</span> <span class='ocrx_word' id='word_1_788' title='bbox 3625 4432 3819 4501; x_wconf 64' lang='grc' dir='ltr'>ἡμέρᾳ</span> 
     </span>
    </p>
   </div>
   <div class='ocr_carea' id='block_1_107' title="bbox 2212 4515 3818 4588">
    <p class='ocr_par' dir='ltr' id='par_1_107' title="bbox 2212 4515 3818 4588">
     <span class='ocr_line' id='line_1_107' title="bbox 2212 4515 3818 4588; baseline 0.006 -23"><span class='ocrx_word' id='word_1_789' title='bbox 2212 4517 2374 4584; x_wconf 83' lang='grc' dir='ltr'>τρίτῃ</span> <span class='ocrx_word' id='word_1_790' title='bbox 2407 4517 2531 4584; x_wconf 81' lang='grc' dir='ltr'>μιᾶς</span> <span class='ocrx_word' id='word_1_791' title='bbox 2568 4515 2866 4584; x_wconf 75' lang='grc' dir='ltr'>ἑϐδομάδος</span> <span class='ocrx_word' id='word_1_792' title='bbox 2901 4516 3150 4576; x_wconf 78' lang='grc' dir='ltr'>εἰπόντος</span> <span class='ocrx_word' id='word_1_793' title='bbox 3213 4517 3352 4585; x_wconf 75' lang='grc' dir='ltr'>πρὸς</span> <span class='ocrx_word' id='word_1_794' title='bbox 3409 4517 3504 4569; x_wconf 83' lang='grc' dir='ltr'><strong>τὸν</strong></span> <span class='ocrx_word' id='word_1_795' title='bbox 3539 4522 3818 4588; x_wconf 63' lang='grc' dir='ltr'>κραταιὶν</span> 
     </span>
    </p>
   </div>
   <div class='ocr_carea' id='block_1_108' title="bbox 2213 4605 3813 4680">
    <p class='ocr_par' dir='ltr' id='par_1_108' title="bbox 2213 4605 3813 4680">
     <span class='ocr_line' id='line_1_108' title="bbox 2213 4605 3813 4680; baseline 0.005 -23"><span class='ocrx_word' id='word_1_796' title='bbox 2213 4608 2308 4658; x_wconf 79' lang='grc' dir='ltr'><strong>καὶ</strong></span> <span class='ocrx_word' id='word_1_797' title='bbox 2345 4608 2501 4671; x_wconf 75' lang='grc' dir='ltr'>ἅγιον</span> <span class='ocrx_word' id='word_1_798' title='bbox 2525 4606 2679 4675; x_wconf 73' lang='grc' dir='ltr'>ἡμῶν</span> <span class='ocrx_word' id='word_1_799' title='bbox 2715 4605 2944 4674; x_wconf 75' lang='grc' dir='ltr'>βασιλέα</span> <span class='ocrx_word' id='word_1_800' title='bbox 2977 4607 3052 4675; x_wconf 78' lang='grc' dir='ltr'>μὴ</span> <span class='ocrx_word' id='word_1_801' title='bbox 3088 4607 3329 4674; x_wconf 82' lang='grc' dir='ltr'>ὀφείλειν</span> <span class='ocrx_word' id='word_1_802' title='bbox 3374 4613 3813 4680; x_wconf 68' lang='grc' dir='ltr'>κρεωφαγῆσαι,</span> 
     </span>
    </p>
   </div>
   <div class='ocr_carea' id='block_1_109' title="bbox 2213 4698 3817 4771">
    <p class='ocr_par' dir='ltr' id='par_1_109' title="bbox 2213 4698 3817 4771">
     <span class='ocr_line' id='line_1_109' title="bbox 2213 4698 3817 4771; baseline 0.005 -22"><span class='ocrx_word' id='word_1_803' title='bbox 2213 4698 2547 4766; x_wconf 85' lang='grc' dir='ltr'>τελουμένης</span> <span class='ocrx_word' id='word_1_804' title='bbox 2593 4699 2685 4749; x_wconf 69' lang='grc' dir='ltr'>καὶ</span> <span class='ocrx_word' id='word_1_805' title='bbox 2735 4698 2910 4750; x_wconf 85' lang='grc' dir='ltr'>ταῦτα</span> <span class='ocrx_word' id='word_1_806' title='bbox 2954 4699 3053 4767; x_wconf 83' lang='grc' dir='ltr'>τῆς</span> <span class='ocrx_word' id='word_1_807' title='bbox 3117 4699 3311 4768; x_wconf 80' lang='grc' dir='ltr'>ἑορτῆς</span> <span class='ocrx_word' id='word_1_808' title='bbox 3347 4701 3447 4768; x_wconf 83' lang='grc' dir='ltr'>τῆς</span> <span class='ocrx_word' id='word_1_809' title='bbox 3489 4702 3817 4771; x_wconf 70' lang='grc' dir='ltr'>Γεννήσεως</span> 
     </span>
    </p>
   </div>
   <div class='ocr_carea' id='block_1_110' title="bbox 2213 4789 3815 4862">
    <p class='ocr_par' dir='ltr' id='par_1_110' title="bbox 2213 4789 3815 4862">
     <span class='ocr_line' id='line_1_110' title="bbox 2213 4789 3815 4862; baseline 0.005 -22"><span class='ocrx_word' id='word_1_810' title='bbox 2213 4791 2305 4840; x_wconf 83' lang='grc' dir='ltr'><strong>τοῦ</strong></span> <span class='ocrx_word' id='word_1_811' title='bbox 2342 4789 2582 4857; x_wconf 82' lang='grc' dir='ltr'>Χριστοῦ</span> <span class='ocrx_word' id='word_1_812' title='bbox 2614 4791 2709 4841; x_wconf 79' lang='grc' dir='ltr'><strong>καὶ</strong></span> <span class='ocrx_word' id='word_1_813' title='bbox 2750 4789 2884 4840; x_wconf 82' lang='grc' dir='ltr'>Θεοῦ</span> <span class='ocrx_word' id='word_1_814' title='bbox 2933 4789 3114 4857; x_wconf 75' lang='grc' dir='ltr'>ἡμῶν,</span> <span class='ocrx_word' id='word_1_815' title='bbox 3183 4791 3272 4842; x_wconf 77' lang='grc' dir='ltr'><strong>διὰ</strong></span> <span class='ocrx_word' id='word_1_816' title='bbox 3317 4791 3377 4843; x_wconf 82' lang='grc' dir='ltr'><strong>τὸ</strong></span> <span class='ocrx_word' id='word_1_817' title='bbox 3418 4793 3815 4862; x_wconf 77' lang='grc' dir='ltr'>ὲπομόσασοαι</span> 
     </span>
    </p>
   </div>
   <div class='ocr_carea' id='block_1_111' title="bbox 2222 4882 3816 4952">
    <p class='ocr_par' dir='ltr' id='par_1_111' title="bbox 2222 4882 3816 4952">
     <span class='ocr_line' id='line_1_111' title="bbox 2222 4882 3816 4952; baseline 0.005 -21"><span class='ocrx_word' id='word_1_818' title='bbox 2222 4882 2509 4947; x_wconf 73' lang='grc' dir='ltr'>νηστεύειν</span> <span class='ocrx_word' id='word_1_819' title='bbox 2540 4884 2636 4942; x_wconf 76' lang='grc' dir='ltr'>τὰς</span> <span class='ocrx_word' id='word_1_820' title='bbox 2668 4882 2857 4949; x_wconf 84' lang='grc' dir='ltr'>τρίτας</span> <span class='ocrx_word' id='word_1_821' title='bbox 2885 4883 3097 4949; x_wconf 80' lang='grc' dir='ltr'>ἡμέρας</span> <span class='ocrx_word' id='word_1_822' title='bbox 3156 4882 3265 4934; x_wconf 79' lang='grc' dir='ltr'>τῶν</span> <span class='ocrx_word' id='word_1_823' title='bbox 3298 4884 3438 4936; x_wconf 62' lang='grc' dir='ltr'>ὅλων</span> <span class='ocrx_word' id='word_1_824' title='bbox 3485 4887 3763 4952; x_wconf 47' lang='grc' dir='ltr'>ἑϐδομάδα</span> <span class='ocrx_word' id='word_1_825' title='bbox 3787 4907 3816 4939; x_wconf 93' lang='grc' dir='ltr'><strong>ν</strong></span> 
     </span>
    </p>
   </div>
   <div class='ocr_carea' id='block_1_112' title="bbox 2215 4973 3816 5047">
    <p class='ocr_par' dir='ltr' id='par_1_112' title="bbox 2215 4973 3816 5047">
     <span class='ocr_line' id='line_1_112' title="bbox 2215 4973 3816 5047; baseline 0.006 -25"><span class='ocrx_word' id='word_1_826' title='bbox 2215 4973 2306 5022; x_wconf 86' lang='grc' dir='ltr'><strong>τοῦ</strong></span> <span class='ocrx_word' id='word_1_827' title='bbox 2351 4973 2543 5042; x_wconf 78' lang='grc' dir='ltr'>χρόνου</span> <span class='ocrx_word' id='word_1_828' title='bbox 2582 4973 2661 5033; x_wconf 87' lang='grc' dir='ltr'>εἰς</span> <span class='ocrx_word' id='word_1_829' title='bbox 2693 4974 2861 5040; x_wconf 82' lang='grc' dir='ltr'>τιμὴν</span> <span class='ocrx_word' id='word_1_830' title='bbox 2886 4973 2978 5026; x_wconf 84' lang='grc' dir='ltr'><strong>τοῦ</strong></span> <span class='ocrx_word' id='word_1_831' title='bbox 3008 4975 3197 5042; x_wconf 86' lang='grc' dir='ltr'>τιμίου</span> <span class='ocrx_word' id='word_1_832' title='bbox 3228 4976 3582 5044; x_wconf 74' lang='grc' dir='ltr'>Προδρόμου,</span> <span class='ocrx_word' id='word_1_833' title='bbox 3603 4979 3816 5047; x_wconf 68' lang='grc' dir='ltr'>ὥρισεν</span> 
     </span>
    </p>
   </div>
   <div class='ocr_carea' id='block_1_113' title="bbox 2215 5061 3815 5138">
    <p class='ocr_par' dir='ltr' id='par_1_113' title="bbox 2215 5061 3815 5138">
     <span class='ocr_line' id='line_1_113' title="bbox 2215 5061 3815 5138; baseline 0.008 -27"><span class='ocrx_word' id='word_1_834' title='bbox 2215 5063 2241 5111; x_wconf 84' lang='grc' dir='ltr'>ὁ</span> <span class='ocrx_word' id='word_1_835' title='bbox 2288 5061 2585 5129; x_wconf 79' lang='grc' dir='ltr'>Οεοστεφὴς</span> <span class='ocrx_word' id='word_1_836' title='bbox 2615 5061 2774 5130; x_wconf 80' lang='grc' dir='ltr'>ἡμῶν</span> <span class='ocrx_word' id='word_1_837' title='bbox 2836 5064 3197 5134; x_wconf 82' lang='grc' dir='ltr'>αὐτοκράτωρ</span> <span class='ocrx_word' id='word_1_838' title='bbox 3243 5065 3547 5130; x_wconf 84' lang='grc' dir='ltr'>συνοδικῶς</span> <span class='ocrx_word' id='word_1_839' title='bbox 3594 5074 3815 5138; x_wconf 68' lang='grc' dir='ltr'>ἐρωτη-</span> 
     </span>
    </p>
   </div>
   <div class='ocr_carea' id='block_1_114' title="bbox 2219 5152 3817 5231">
    <p class='ocr_par' dir='ltr' id='par_1_114' title="bbox 2219 5152 3817 5231">
     <span class='ocr_line' id='line_1_114' title="bbox 2219 5152 3817 5231; baseline 0.008 -30"><span class='ocrx_word' id='word_1_840' title='bbox 2219 5152 2399 5219; x_wconf 74' lang='grc' dir='ltr'>θῆναι,</span> <span class='ocrx_word' id='word_1_841' title='bbox 2431 5155 2478 5202; x_wconf 85' lang='grc' dir='ltr'>εἰ</span> <span class='ocrx_word' id='word_1_842' title='bbox 2517 5154 2798 5205; x_wconf 85' lang='grc' dir='ltr'>κανονικόν</span> <span class='ocrx_word' id='word_1_843' title='bbox 2829 5155 2942 5205; x_wconf 78' lang='grc' dir='ltr'>ἐστι</span> <span class='ocrx_word' id='word_1_844' title='bbox 2975 5157 3064 5207; x_wconf 69' lang='grc' dir='ltr'><strong>τὸν</strong></span> <span class='ocrx_word' id='word_1_845' title='bbox 3099 5159 3262 5225; x_wconf 79' lang='grc' dir='ltr'>ὅρκον</span> <span class='ocrx_word' id='word_1_846' title='bbox 3290 5158 3484 5209; x_wconf 72' lang='grc' dir='ltr'>τοῦτον</span> <span class='ocrx_word' id='word_1_847' title='bbox 3527 5160 3817 5231; x_wconf 72' lang='grc' dir='ltr'>φυλαχθῆ-</span> 
     </span>
    </p>
   </div>
   <div class='ocr_carea' id='block_1_115' title="bbox 2216 5229 3815 5319">
    <p class='ocr_par' dir='ltr' id='par_1_115' title="bbox 2216 5229 3815 5319">
     <span class='ocr_line' id='line_1_115' title="bbox 2216 5229 3815 5319; baseline 0.006 -28"><span class='ocrx_word' id='word_1_848' title='bbox 2216 5259 2324 5304; x_wconf 88' lang='grc' dir='ltr'>ναι,</span> <span class='ocrx_word' id='word_1_849' title='bbox 2358 5243 2453 5293; x_wconf 81' lang='grc' dir='ltr'>καὶ</span> <span class='ocrx_word' id='word_1_850' title='bbox 2500 5243 2597 5310; x_wconf 80' lang='grc' dir='ltr'><strong>τὴν</strong></span> <span class='ocrx_word' id='word_1_851' title='bbox 2641 5243 2832 5312; x_wconf 77' lang='grc' dir='ltr'>ἑορτὴν</span> <span class='ocrx_word' id='word_1_852' title='bbox 2875 5245 3187 5314; x_wconf 83' lang='grc' dir='ltr'>Πασχάλιον</span> <span class='ocrx_word' id='word_1_853' title='bbox 3239 5242 3407 5298; x_wconf 74' lang='grc' dir='ltr'>οὖσαν</span> <span class='ocrx_word' id='word_1_854' title='bbox 3457 5229 3815 5319; x_wconf 65' lang='grc' dir='ltr'>Ᾰεσποτικὴν</span> 
     </span>
    </p>
   </div>
   <div class='ocr_carea' id='block_1_116' title="bbox 2218 5332 3816 5408">
    <p class='ocr_par' dir='ltr' id='par_1_116' title="bbox 2218 5332 3816 5408">
     <span class='ocr_line' id='line_1_116' title="bbox 2218 5332 3816 5408; baseline 0.005 -23"><span class='ocrx_word' id='word_1_855' title='bbox 2218 5332 2667 5402; x_wconf 83' lang='grc' dir='ltr'>ἁπανηγύριστον</span> <span class='ocrx_word' id='word_1_856' title='bbox 2696 5335 2944 5402; x_wconf 79' lang='grc' dir='ltr'>ὲαθῆναι.</span> <span class='ocrx_word' id='word_1_857' title='bbox 2979 5336 3089 5389; x_wconf 77' lang='grc' dir='ltr'><strong>Καὶ</strong></span> <span class='ocrx_word' id='word_1_858' title='bbox 3137 5339 3430 5404; x_wconf 77' lang='grc' dir='ltr'>γινομένης</span> <span class='ocrx_word' id='word_1_859' title='bbox 3464 5340 3565 5406; x_wconf 75' lang='grc' dir='ltr'>τῆς</span> <span class='ocrx_word' id='word_1_860' title='bbox 3597 5342 3816 5408; x_wconf 78' lang='grc' dir='ltr'>ἐρωτή-</span> 
     </span>
    </p>
   </div>
   <div class='ocr_carea' id='block_1_117' title="bbox 2217 5425 3814 5499">
    <p class='ocr_par' dir='ltr' id='par_1_117' title="bbox 2217 5425 3814 5499">
     <span class='ocr_line' id='line_1_117' title="bbox 2217 5425 3814 5499; baseline 0.006 -23"><span class='ocrx_word' id='word_1_861' title='bbox 2217 5442 2350 5486; x_wconf 89' lang='grc' dir='ltr'>σεως</span> <span class='ocrx_word' id='word_1_862' title='bbox 2380 5428 2406 5477; x_wconf 81' lang='grc' dir='ltr'><strong>ό</strong></span> <span class='ocrx_word' id='word_1_863' title='bbox 2436 5425 2741 5491; x_wconf 84' lang='grc' dir='ltr'>ἁγιώτατος</span> <span class='ocrx_word' id='word_1_864' title='bbox 2768 5428 2978 5491; x_wconf 83' lang='grc' dir='ltr'>ἐκεῖνος</span> <span class='ocrx_word' id='word_1_865' title='bbox 2997 5429 3346 5498; x_wconf 79' lang='grc' dir='ltr'>πατριάρχης</span> <span class='ocrx_word' id='word_1_866' title='bbox 3374 5429 3566 5499; x_wconf 87' lang='grc' dir='ltr'>κύριος</span> <span class='ocrx_word' id='word_1_867' title='bbox 3584 5434 3814 5496; x_wconf 80' lang='grc' dir='ltr'>Λουκᾶς</span> 
     </span>
    </p>
   </div>
   <div class='ocr_carea' id='block_1_118' title="bbox 2219 5517 3812 5589">
    <p class='ocr_par' dir='ltr' id='par_1_118' title="bbox 2219 5517 3812 5589">
     <span class='ocr_line' id='line_1_118' title="bbox 2219 5517 3812 5589; baseline 0.007 -23"><span class='ocrx_word' id='word_1_868' title='bbox 2219 5517 2357 5583; x_wconf 86' lang='grc' dir='ltr'><strong>μετὰ</strong></span> <span class='ocrx_word' id='word_1_869' title='bbox 2386 5520 2485 5584; x_wconf 79' lang='grc' dir='ltr'>τῆς</span> <span class='ocrx_word' id='word_1_870' title='bbox 2524 5519 2950 5589; x_wconf 87' lang='grc' dir='ltr'>παρατυχούσης</span> <span class='ocrx_word' id='word_1_871' title='bbox 2976 5520 3198 5574; x_wconf 87' lang='grc' dir='ltr'>συνόδου</span> <span class='ocrx_word' id='word_1_872' title='bbox 3223 5522 3395 5574; x_wconf 71' lang='grc' dir='ltr'>είτνὼν</span> <span class='ocrx_word' id='word_1_873' title='bbox 3428 5522 3638 5587; x_wconf 68' lang='grc' dir='ltr'>ἀγαθον</span> <span class='ocrx_word' id='word_1_874' title='bbox 3661 5525 3812 5577; x_wconf 79' lang='grc' dir='ltr'>εἶναι</span> 
     </span>
    </p>
   </div>
   <div class='ocr_carea' id='block_1_119' title="bbox 2213 5608 3809 5684">
    <p class='ocr_par' dir='ltr' id='par_1_119' title="bbox 2213 5608 3809 5684">
     <span class='ocr_line' id='line_1_119' title="bbox 2213 5608 3809 5684; baseline 0.007 -27"><span class='ocrx_word' id='word_1_875' title='bbox 2213 5609 2304 5658; x_wconf 73' lang='grc' dir='ltr'>καὶ</span> <span class='ocrx_word' id='word_1_876' title='bbox 2329 5608 2388 5659; x_wconf 85' lang='grc' dir='ltr'><strong>τὸ</strong></span> <span class='ocrx_word' id='word_1_877' title='bbox 2425 5610 2706 5676; x_wconf 82' lang='grc' dir='ltr'>νηστεύειν</span> <span class='ocrx_word' id='word_1_878' title='bbox 2739 5612 2796 5662; x_wconf 84' lang='grc' dir='ltr'>ὲν</span> <span class='ocrx_word' id='word_1_879' title='bbox 2827 5614 2991 5665; x_wconf 69' lang='grc' dir='ltr'>παντὶ</span> <span class='ocrx_word' id='word_1_880' title='bbox 3052 5611 3251 5683; x_wconf 82' lang='grc' dir='ltr'>καιρῷ,</span> <span class='ocrx_word' id='word_1_881' title='bbox 3288 5612 3578 5684; x_wconf 67' lang='grc' dir='ltr'>ἐπήγαγεν</span> <span class='ocrx_word' id='word_1_882' title='bbox 3626 5617 3706 5677; x_wconf 79' lang='grc' dir='ltr'>ὡς</span> <span class='ocrx_word' id='word_1_883' title='bbox 3743 5619 3809 5670; x_wconf 74' lang='grc' dir='ltr'>οὐ</span> 
     </span>
    </p>
   </div>
   <div class='ocr_carea' id='block_1_120' title="bbox 1761 5787 2319 5850">
    <p class='ocr_par' dir='ltr' id='par_1_120' title="bbox 1761 5787 2319 5850">
     <span class='ocr_line' id='line_1_120' title="bbox 1761 5787 2319 5850; baseline 0.011 -10"><span class='ocrx_word' id='word_1_884' title='bbox 1761 5791 1779 5820; x_wconf 85' lang='grc'>³</span> <span class='ocrx_word' id='word_1_885' title='bbox 1803 5787 1949 5844; x_wconf 79' lang='lat' dir='ltr'><strong>Psal.</strong></span> <span class='ocrx_word' id='word_1_886' title='bbox 1979 5801 2166 5850; x_wconf 75' lang='lat' dir='ltr'><strong>cxrtn,</strong></span> <span class='ocrx_word' id='word_1_887' title='bbox 2201 5789 2319 5846; x_wconf 79' lang='grc'><strong>108.</strong></span> 
     </span>
    </p>
   </div>
  </div>
