4018 6448
217 347 322 410 685

1155 349 1237 410 IN
1284 347 1522 412 EPIST.
1569 352 1627 413 S.
1671 352 1960 412 BASILII
2005 351 2440 413 CANONICAM
2486 353 2569 411 Il.

3341 353 3444 407 i386

217 459 321 524 χρὴ
355 455 449 507 τὶν
502 455 741 508 τοιοῦτον
802 457 1208 528 προτιμηθῆναι
1275 460 1370 513 τοῦ
1432 462 1639 531 Κυρίου
1696 461 1777 513 καί

1889 476 1918 513 a
1947 477 2004 514 se
2038 461 2341 514 voluntarie
2377 467 2684 528 susceptum
2730 468 3126 514 contemnatur.
3176 456 3234 508 Et
3285 457 3448 509 nobili

216 546 356 598 Θεοῦ
389 546 571 614 ἡμῶν.
605 547 667 599 Ei
694 549 800 618 γὰρ
856 549 905 600 οἱ
960 551 1313 604 ἀποστολικοὶ
1362 554 1584 615 κανόνες
1627 553 1788 605 κολάο

214 635 373 698 ζουσι
403 637 500 688 τὸν
529 638 586 689 ἐν
612 637 689 706 τῷ
715 639 940 707 τυχόντι
970 640 1257 709 Σαϐϐάτῳ,
1291 644 1322 711 ἢ
1356 644 1611 715 κυριακῇ
1632 662 1789 712 γονυ-

213 727 508 779 κλινούντα
541 727 572 796 ἢ
607 729 960 795 νηστεύοντα,
989 730 1169 800 πολλῷ
1197 733 1361 785 πλέον
1389 734 1785 804 κολασθήσεται

214 819 241 867 ὁ
278 817 560 884 νηστεύων
582 818 725 870 κατά
756 819 854 888 τὴν
881 820 1295 888 Πασχάλιοντοῦ
1321 824 1559 891 Χριστοῦ
1593 820 1786 894 ἑορτὴν

218 907 309 960 διά
354 908 416 960 τὸ
449 906 524 976 μὴ
568 909 954 978 παροραθῆναι
991 910 1083 963 τὸν
1119 895 1459 982 αὐθαίρετοᾶ
1482 915 1645 982 ὅρκον
1683 914 1784 967 αὐ-

212 997 331 1048 τοῦ.
374 997 483 1048 Καὶ
513 996 824 1067 ἐξεχώρησε
871 998 950 1067 τῷ
980 1001 1194 1067 εὐγενεῖ
1223 1002 1399 1072 κυρίῳ
1447 1006 1664 1071 φαγεῖν.
1725 1003 1783 1054 '0

211 1085 376 1146 αὐτός
397 1086 454 1137 δὲ
491 1090 840 1160 πατριάρχης
890 1092 981 1142 καὶ
1010 1091 1102 1142 τὸν
1158 1093 1376 1162 Τζήταν
1405 1092 1499 1145 τὸν
1530 1094 1785 1163 εὐνοῦχον

212 1174 495 1242 ὀμόσαντα
544 1179 623 1238 τίς
661 1178 1030 1249 προσκύνησιν
1083 1181 1338 1235 ἀπελθεῖν
1375 1184 1484 1236 τῶν
1514 1186 1571 1236 ἐν
1612 1186 1777 1253 Ἰερο-

217 1264 475 1333 σολύμοις
506 1268 678 1334 ἀγίων
714 1273 916 1333 τόπων,
946 1270 1041 1323 καὶ
1085 1273 1160 1343 μὴ
1189 1274 1518 1342 ἀπελθόντα,
1578 1275 1782 1345 ὼςιμεο

209 1357 617 1426 ταμεληθέντα,
662 1360 958 1424 συνοδικῶς
983 1366 1045 1415 ὲκ
1084 1341 1180 1432 τ’ῆῖς
1202 1341 1780 1434 ἐπιορκίαςάπέλυοε,

205 1445 294 1497 sta
375 1450 603 1516 μετρίου
661 1451 942 1519 ἐπιτιμίου
1003 1452 1349 1521 θεραπεύσας
1412 1453 1595 1507 αὐτόν.
1650 1452 1780 1506 Ἀπὸ

208 1539 388 1605 μέντοι
421 1541 530 1592 τῶν
557 1544 820 1610 ῥημάτων
872 1543 967 1594 τοῦ
1013 1543 1239 1605 κανόνος
1285 1541 1458 1605 οὕτως
1516 1541 1777 1611 ἐχόντων,

1885 552 2108 607 domino
2138 553 2391 605 carnibus
2417 551 2556 604 vesci
2591 550 2852 616 permisit.
2888 548 3029 601 idem
3067 558 3244 601 autem
3278 548 3448 613 patri-

1887 644 2048 697 archa
2081 641 2288 696 Tzitam
2331 656 2439 708 quo
2466 643 2772 696 eunuchum
2806 640 2869 692 ad
2912 647 3217 694 sanctorum
3262 639 3449 693 lliero-

1886 735 2107 803 solymis
2138 735 2377 788 locorum
2407 733 2778 787 adoratiouem
2822 732 2902 785 ire
2931 745 2988 784 se
3016 731 3323 797 juraznettto
3354 730 3448 783 ob-

1886 824 2134 876 strictum
2163 832 2216 876 et
2247 838 2350 876 non
2384 821 2703 891 profectum,
2729 828 2784 872 ut
2809 820 2897 889 qui
2929 820 3240 888 poenitentia
3261 821 3450 872 ductus

1891 919 2056 978 esset,
2129 915 2458 982 synodaliter
2509 927 2538 965 a
2594 913 2830 980 perjurio
2881 911 3131 971 absolvit,
3193 912 3447 965 mediocri

1893 1018 2053 1074 pcena
2089 1005 2338 1071 imposita
2377 1017 2440 1055 ac
2466 1003 2790 1056 medicinam
2827 1001 3107 1054 exhibens.
3158 999 3228 1052 Ex
3272 1001 3452 1055 verbis

1893 1101 2074 1146 autem
2111 1093 2354 1156 canonis,
2389 1107 2505 1159 quae
2533 1094 2606 1145 ita
2638 1106 2697 1146 se
2730 1091 2973 1144 habent:
2997 1088 3150 1142 Nulla
3179 1092 3319 1143 enim
3356 1090 3448 1143 Dei

1892 1191 2142 1235 creatura
2179 1191 2264 1234 est
2310 1181 2603 1248 rejicienda
2640 1182 2684 1234 si
2729 1195 2850 1234 cum
2901 1180 3194 1248 gratiarum
3240 1181 3496 1260 actioni"

1890 1272 2206 1340 accipiatur.
2241 1288 2306 1324 ne
2332 1273 2535 1326 dixeris
2566 1273 2885 1356 nobis‘esse
2921 1271 3237 1340 permissum
3273 1272 3451 1323 omni-

1888 1361 1990 1415 bus
2020 1363 2205 1417 bestiis
2229 1365 2394 1427 vesci;
2419 1367 2511 1418 sed
2540 1364 2626 1417 dic
2654 1377 2911 1418 canonem
2936 1361 3003 1416 de
3028 1360 3134 1415 illis
3161 1362 3447 1422 disserere,

1887 1468 2008 1521 quae
2055 1453 2121 1506 ab
2169 1452 2485 1506 ortltodoxis
2553 1456 2782 1506 eduntur
2838 1467 2902 1504 ex
2941 1453 3353 1506 ‘consuctudine
3398 1464 3452 1502 «ιι

1887 1545 2256 1600 ecclesiastica
2297 1545 2604 1598 traditione.

205 1628 374 1678 Οὐδὲν
402 1629 512 1697 γάρ
532 1630 739 1698 κτίσμα
762 1629 895 1682 Θεοῦ
948 1629 1280 1697 ἀπόϐλητον,
1326 1633 1442 1700 μετ’
1494 1631 1844 1702 εὐχαριστίας
1881 1632 2313 1701 λαμϐανόμενον,
2391 1632 2464 1703 μὴ
2522 1630 2681 1702 εἴπῃς
2755 1633 2828 1695 ὡς
2886 1634 3100 1703 ἐνεδόθη
3156 1635 3329 1686 πάντα
3383 1632 3449 1686 τά

205 1725 378 1794 κτήνη
442 1726 650 1777 ἐσθίειν
724 1726 903 1794 ἡμᾶς·
977 1724 1114 1776 ἀλλά
1181 1724 1306 1790 λέγε
1363 1725 1492 1793 περὶ
1550 1727 1777 1783 ἐκείνων
1853 1725 2197 1801 διαλέγεσθαι
2242 1726 2332 1778 τὸν
2417 1727 2621 1780 κανόνα
2693 1725 2805 1779 τῶν
2879 1728 3211 1795 ἐσθιομένων
3301 1731 3450 1795 παρὰ

204 1817 504 1887 όρθοδὸξων
563 1817 674 1869 ἀπὸ
724 1816 1014 1886 συνηθείας
1063 1815 1159 1867 καὶ
1190 1816 1548 1886 παραδόσεως
1579 1816 2062 1885 ὲκκλησιαστικῆς.

274 1913 528 1965 ΖΩΝΑΡ.
579 1910 794 1975 ιιῦξατό
851 1927 935 1973 τις
1000 1913 1075 1979 μὴ
1125 1914 1320 1978 φαγεῖν
1366 1911 1576 1980 χοίρεια
1622 1913 1777 1981 κρέα.

1961 1909 2214 1966 ZONAR.
2252 1905 2308 1964 in
2334 1927 2457 1967 can.
2488 1911 2600 1967 98.”
2632 1913 2789 1968 Vovit
2835 1913 3103 1982 quispiam
3161 1929 3219 1969 se
3265 1914 3449 1969 suillas

204 2003 484 2068 Εὐξασθαι
539 2004 649 2071 γὰρ
698 2003 760 2053 τὸ
807 2001 1240 2070 ἐπαγγείλασθαι
1293 2003 1387 2054 καὶ
1442 2003 1777 2073 ὑποσχέσθαι

202 2095 390 2149 εστίν·
442 2095 519 2157 ὡς
565 2093 644 2159 τὸ,
701 2089 981 2157 Εὐξασθε
1019 2094 1119 2146 καὶ
1148 2093 1425 2148 ἀπόδοτε.
1493 2095 1777 2164 Ἦρωτηθη

202 2184 297 2240 οὖν
329 2189 357 2239 ό
424 2189 603 2254 ᾶγιος,
666 2189 714 2242 εί
767 2186 946 2251 ἔξεστι
1004 2187 1326 2258 παραϐῆναι
1371 2187 1468 2256 τὴν
1522 2187 1780 2254 τοιαύτην

201 2277 368 2348 εὐχὴν
393 2278 490 2330 τὸν
515 2277 722 2346 ταύτην
755 2277 1074 2347 εὐξάμενονο
1107 2279 1204 2331 καὶ
1232 2277 1509 2349 ἀπεκρίθη
1540 2278 1778 2346 γέλωτος

203 2369 351 2434 ἀξιον
381 2367 534 2437 αὐτῷ
558 2368 734 2420 δοκεῖν
763 2369 825 2420 τὸ
857 2370 1109 2438 πρᾶγμα.
1140 2369 1330 2431 Ὥστε,
1358 2371 1516 2436 φησὶ,
1535 2368 1776 2438 χρῆσθαι

207 2462 308 2529 μὲν
337 2461 458 2529 ἦτοι
502 2459 710 2510 ἐσθίειν
740 2460 808 2510 τὰ
835 2457 957 2510 ὕεια
985 2459 1150 2530 κρέα,
1181 2458 1475 2527 ἐπίτρεψον
1509 2460 1588 2527 τῷ
1619 2460 1779 2524 εὐξα-

206 2553 354 2622 μένῳ
378 2552 481 2618 τὴν
513 2547 695 2600 αὐτῶν
720 2550 952 2618 ἀποχήν.
986 2550 1210 2615 Δίδαξον
1236 2550 1292 2601 δὲ
1315 2550 1628 2617 ἀπέχεσθαι
1671 2549 1778 2600 τῶν

205 2641 557 2707 ἀπαιδεύτων
589 2639 937 2708 προσευχῶν,
969 2639 1090 2708 ἦτοι
1124 2638 1234 2691 τῶν
1274 2638 1578 2706 ἀλογίστων
1609 2639 1779 2706 ἐπαγ·

207 2731 431 2799 γελιῶν,
465 2731 561 2782 καὶ
593 2729 670 2799 μὴ
703 2729 1033 2799 προχείρους
1067 2723 1209 2781 είναι
1256 2729 1336 2791 είς
1379 2727 1633 2789 τοιαύτας
1690 2729 1778 2779 εὐ-

203 2826 325 2894 χάς.
385 2824 556 2874 Οὐδὲν
628 2822 737 2889 γάρ
804 2821 1009 2889 κτίσμα
1074 2819 1213 2873 Θεοῦ
1280 2819 1589 2894 ἀπόϐλητον
1661 2821 1776 2888 μετ’

204 2885 567 2984 εὐχαριστίας
619 2885 1056 2980 λαμϐανόμενον.
1090 2911 1201 2963 Καὶ
1251 2910 1396 2975 ἐπεὶ,
1433 2885 1586 2978 ἕρησὶ,
1619 2885 1777 2961 τοῦτο

205 3006 377 3067 οὕτως
432 3005 573 3071 ἔχει,
632 3003 664 3068 η
710 3000 845 3069 εὐχὴ
913 3000 1338 3068 καταγέλαστος.
1403 2997 1671 3067 Τοιαύτης
1722 2999 1778 3050 δὲ

205 3094 303 3161 τῆς
337 3094 508 3162 εὐχῆς
539 3090 726 3159 οὔσης,
757 3090 858 3142 οὐκ
897 3089 1166 3157 ἀναγκαία
1194 3091 1225 3159 ἡ
1266 3089 1375 3141 τῶν
1413 3086 1572 3141 ὐείων
1599 3088 1776 3158 κρεῶν

207 3187 406 3256 ἀποχὴ.

271 3359 494 3414 ΑΡΙΣΤ.
537 3361 678 3411 Κάν.
717 3364 825 3429 κη’.
865 3359 925 3411 'U
957 3357 1135 3428 κρεῶν
1180 3359 1391 3428 ἀποχὴν
1420 3358 1579 3410 ὑείων
1611 3359 1774 3412 ἑπευ-

212 3451 439 3520 ξάμενος
477 3449 717 3514 γελοῖος·
750 3449 810 3500 οὐ
847 3447 1064 3510 δεκτὲος
1122 3447 1203 3511 δὲ,
1268 3453 1318 3500 εί
1374 3448 1768 3518 μεταλήψοιτο.

276 3630 496 3694 Ηύξατό
526 3645 609 3693 τις
638 3627 940 3698 ἀπέχεσθαι
1000 3629 1254 3700 χοιρείων
1306 3629 1506 3701 κρεῶν.
1559 3631 1776 3693 Γελοῖος

212 3719 381 3787 οὗτος,
415 3723 493 3784 ὡς
521 3722 823 3775 ἀπαίδευτα
853 3723 1279 3791 προσευχόμενος
1312 3724 1405 3776 καὶ
1441 3725 1775 3791 ἐπαγγελλό-

215 3831 394 3882 μενος.
462 3813 631 3866 Οὐδὲν
679 3815 787 3880 γὰρ
832 3814 1035 3882 κτίσμα
1089 3815 1225 3866 Θεοῦ
1283 3813 1604 3883 ἀπόϐλητον,
1658 3818 1775 3885 μετ’

209 3903 561 3974 εὐχαριστίας
598 3904 1171 3972 μεταλαμϐανόμενον.
1208 3905 1300 3956 Δεῖ
1328 3901 1458 3971 γοῦν
1488 3920 1778 3976 συγχωρη-

211 3995 374 4062 θῆναι
404 3993 553 4062 αὐτῷ
585 3994 683 4063 τὴν
707 3994 1010 4063 μετάληψιν
1039 3995 1147 4045 τῶν
1185 3995 1381 4064 κρεῶν.
1426 3990 1502 4049 ὧν
1549 3999 1776 4066 ἀπέχειν

210 4082 509 4149 ἐπηύξατο,
541 4082 862 4150 διδαχθῆναι
888 4082 946 4133 δὲ
975 4081 1052 4152 μὴ
1083 4084 1448 4146 ἀπαιδεύτους
1477 4086 1614 4153 πρὸς
1643 4087 1776 4140 Θεὸν

212 4169 547 4238 δπαγγελίας
571 4173 867 4227 ποιεῖσθαι.

285 4262 536 4316 ΖΩΝΑΡ.
599 4262 729 4314 Ἐὰν
785 4264 992 4332 ἄρχων,
1043 4265 1231 4334 φησὶν,
1289 4265 1465 4339 ὀμόσῃ
1529 4270 1777 4323 κακῶσαι

210 4352 695 4420 τοῦςιύπᾰχεῖρα,
722 4351 802 4403 δεῖ
831 4354 921 4404 τὸν
951 4353 1194 4408 τοιοῦτον
1234 4355 1451 4424 πρῶτον
1493 4357 1592 4422 μὲν
1627 4359 1776 4411 διδά-

213 4443 440 4495 σκεσθαι
471 4442 545 4510 μὴ
576 4441 792 4509 ἕτοιμον
827 4436 963 4494 εἶναι
994 4445 1129 4511 πρὸς
1168 4447 1384 4512 ὅρκους·
1413 4448 1460 4497 εί
1485 4447 1539 4499 δὲ
1567 4449 1774 4518 ἀπροσο

1881 2017 2074 2056 carnes
2099 2017 2205 2056 non
2231 2016 2471 2057 esurum.
2506 2001 2602 2056 Est
2639 2018 2872 2072 namque
2900 2018 3095 2057 vovere
3134 2004 3271 2057 idem
3306 2009 3448 2074 quod

1881 2093 2198 2163 promittere
2209 2103 2261 2148 et
2279 2092 2538 2161 polliceri,
2558 2090 2710 2161 juxta
2741 2093 2869 2147 illud
2891 2110 2903 2144 :
2923 2087 3108 2148 Vauete
3130 2104 3178 2147 ει
3202 2098 3446 2150 reddite‘.

1883 2183 2121 2254 Rogatus
2144 2193 2226 2237 est
2253 2182 2419 2253 igitur
2445 2183 2532 2237 hic
2557 2190 2775 2239 sanctus
2798 2184 2901 2248 vir,
2927 2195 3105 2238 utrum
3128 2185 3197 2249 ci,
3218 2188 3310 2254 qui
3345 2187 3447 2242 hoc

1879 2289 1939 2329 se
1966 2283 2089 2328 voto
2113 2275 2423 2338 obstrinxit,
2452 2273 2579 2328 illud
2605 2274 2877 2327 transilire
2902 2273 2986 2328 fas
3013 2273 3175 2330 foret.
3204 2275 3449 2345 Respon-

1879 2365 2066 2433 diique
2104 2365 2388 2441 ridiculum
2420 2365 2520 2418 sibi
2547 2366 2827 2434 negotium
2857 2366 3048 2422 videri.
3083 2366 3330 2434 Proinde,
3369 2373 3449 2425 in-

1879 2455 2017 2523 quit,
2052 2456 2129 2508 uti
2172 2455 2391 2522 quidem
2422 2454 2618 2516 suillis,
2667 2458 2767 2509 hoc.
2797 2465 2904 2520 est,
2936 2459 3222 2513 comedere
3261 2462 3448 2516 suillas

1881 2561 2072 2602 carnes
2094 2546 2372 2616 permittas
2396 2561 2541 2611 eum,
2563 2546 2652 2615 qui
2682 2547 2987 2614 hujusmodi
3009 2555 3150 2605 vovit
3173 2554 3450 2608 abstinen-

1882 2639 2033 2693 tiam.
2060 2639 2263 2692 Doceas
2293 2652 2477 2706 porro,
2505 2646 2561 2690 ut
2580 2652 2638 2692 se
2664 2640 2731 2692 ab
2763 2640 2958 2707 ineptis
2989 2640 3254 2707 ejusmodi
3283 2645 3446 2708 vetis,

1881 2731 1982 2785 hoc
2015 2742 2118 2794 est,
2157 2731 2583 2798 imprudentibus
2610 2731 2892 2798 promissis
2917 2735 3248 2798 contineant,
3272 2752 3450 2804 neque

1880 2821 1947 2874 ad
1985 2822 2246 2891 ejusmodi
2303 2830 2421 2874 vota
2456 2820 2568 2874 sint
2599 2819 2805 2875 faciles.
2838 2820 2989 2875 Nulla
3020 2823 3162 2877 enim
3202 2836 3446 2879 creatura
3517 2867 3524 2879 ..

1882 2910 1974 2964 Dei
2006 2919 2088 2964 est
2120 2909 2434 2975 rejicienda,
2464 2909 2560 2962 sed
2588 2923 2708 2962 cum
2765 2909 3059 2976 gratiarum
3108 2913 3320 2966 actione
3359 2929 3449 2968 ae-

1880 3002 2132 3068 cipiatur.
2162 3001 2315 3065 Quod
2348 3014 2471 3052 cum
2503 3013 2584 3064 sc,
2611 3001 2706 3064 ait,
2749 3001 2818 3051 ita
2847 3000 3063 3063 habeat,
3091 3011 3174 3055 est
3197 3013 3446 3073 prepter-

1880 3106 1943 3146 ea
1982 3091 2264 3144 ridiculum
2295 3100 2501 3142 votum.
2563 3089 2697 3142 Cum
2745 3103 2873 3141 vero
2912 3090 3215 3158 itujusmodi
3244 3097 3313 3148 sit
3358 3111 3448 3148 vo.

1881 3189 2017 3245 tum,
2051 3195 2158 3234 non
2189 3190 2270 3233 est
2319 3179 2623 3232 necessaria
2665 3179 2735 3233 ab
2773 3179 3035 3248 ejusmodi
3067 3183 3237 3238 suillis
3277 3187 3448 3240 carui-

1803 3242 1851 3304 c
1882 3272 1980 3326 bus
2005 3242 2359 3325 abstinentia.

1950 3360 2176 3414 ARIST.
2208 3359 2343 3418 Can.
2372 3359 2460 3414 28.
2490 3359 2589 3427 Qui
2619 3375 2648 3412 a
2678 3360 2848 3414 suillis
2875 3362 3128 3415 carnibus
3162 3364 3439 3420 abstinen-

1880 3455 2007 3507 tiam
2051 3453 2223 3517 vovit,
2264 3453 2558 3517 ridiculus;
2590 3466 2768 3521 neque
2803 3467 2931 3507 vero
2963 3453 3339 3522 suscipiendus
3366 3467 3449 3512 est

1879 3544 1982 3599 nisi
2019 3545 2085 3599 iis
2118 3555 2324 3598 utatur.

1967 3636 2205 3692 Vovebat
2235 3636 2446 3703 quidam
2489 3650 2517 3687 a
2546 3634 2800 3690 carnibus
2841 3636 3076 3705 porcinis
3122 3637 3394 3693 abstinere
3429 3655 3441 3690 :

1887 3728 2146 3781 ridiculus
2197 3735 2281 3779 est
2308 3725 2397 3778 ille
2437 3733 2495 3777 ut
2534 3725 2708 3793 inepta
2742 3740 2939 3779 voveus
2995 3737 3048 3779 et
3098 3732 3444 3796 promittens.

1879 3816 2033 3888 ~I'lulia
2066 3819 2206 3869 enim
2245 3817 2332 3868 Dei
2369 3823 2616 3868 creatura
2670 3826 2752 3868 est
2807 3816 3133 3881 rejieienda,
3181 3821 3272 3872 sed
3323 3836 3444 3874 cum

1879 3909 2177 3975 gratiarum
2217 3905 2432 3959 actione
2481 3907 2763 3957 sumenda.
2793 3902 3018 3973 Oportet
3075 3907 3254 3975 itaque
3295 3920 3352 3963 ut
3395 3913 3445 3964 ei

1877 3999 2222 4068 permittatur
2249 4000 2315 4052 de
2344 3996 2597 4050 carnibus
2628 3996 2954 4064 participare
2982 4011 3010 4048 a
3047 3999 3244 4066 quibus
3276 4001 3445 4055 absti-

1880 4094 2012 4142 nere
2046 4089 2212 4150 vovit,
2241 4087 2531 4140 edoceatur
2563 4095 2743 4138 autem
2777 4099 2844 4138 ne
2872 4086 3083 4153 ineptas
3112 4086 3220 4142 Deo
3247 4089 3448 4157 profes-

1877 4179 2063 4232 si0ues
2102 4177 2283 4230 faciat.

1950 4265 2200 4320 ZONAR.
2239 4265 2293 4320 In
2320 4282 2442 4321 can.
2483 4267 2575 4323 29.
2604 4265 2660 4320 Si
2688 4266 2956 4337 princeps,
2987 4267 3181 4337 inquit,
3212 4269 3355 4337 juret
3386 4287 3444 4323 se

1880 4359 2020 4412 malo
2045 4357 2367 4411 effecturum
2395 4357 2659 4420 subditos,
2678 4356 2944 4424 ejusmodi
2974 4358 3202 4425 primum
3227 4359 3441 4425 quidem

1880 4447 2092 4501 edoceri
2121 4457 2357 4515 oportet,
2377 4463 2444 4502 ne
2476 4449 2548 4500 sit
2573 4445 2748 4500 facilis
2781 4448 2844 4499 ad
2869 4447 3190 4515 jurandum.
3225 4448 3280 4501 Si
3312 4466 3442 4504 vero

212 4530 382 4595 ἐκτως
415 4533 625 4598 ὀμόσει,
661 4530 737 4600 μὴ
764 4531 993 4599 φυλάξαι
1028 4533 1120 4584 τὸν
1149 4533 1309 4602 ὅρκον
1347 4539 1439 4589 ἐπὶ
1484 4539 1776 4609 κακοποιίᾳ

1883 4544 2086 4590 temere
2126 4536 2293 4604 juret,
2343 4549 2409 4589 ne
2461 4533 2841 4603 jusjurandum
2895 4545 3073 4588 servet
3122 4536 3173 4587 in
3214 4535 3441 4589 aliorum

218 4621 443 4688 ἑτέρων,
478 4620 614 4673 ἀλλά
633 4621 928 4688 μετάνοιαν
957 4622 1364 4680 ἐπιδείκνυσθαι
1398 4629 1483 4682 διὰ
1515 4630 1614 4700 τὴν
1644 4649 1777 4702 προ-

217 4711 442 4762 πέτειαν
472 4711 569 4763 τοῦ
605 4709 798 4780 ὅρκου.
827 4711 918 4779 Μὴ
963 4714 1405 4782 σχηματίζεσθαι
1430 4718 1486 4769 δὲ
1517 4718 1612 4770 καὶ
1639 4719 1773 4771 ὐπο-

213 4799 501 4867 κρίνεσθαι
522 4801 603 4851 ὅτι
643 4800 952 4854 εὐλαϐεῖται
972 4803 1060 4857 τὸν
1093 4805 1278 4872 ὅρκον,
1306 4806 1426 4859 ἀντι
1456 4807 1572 4872 τοῦ,
1603 4809 1776 4880 δειλιᾷ

214 4893 307 4944 καὶ
338 4890 586 4959 φοϐεῖται
616 4892 718 4959 τὴν
759 4892 1066 4962 ἐπιορκίανο
1101 4896 1195 4946 καὶ
1226 4894 1476 4964 βεϐαιοῦν
1496 4890 1592 4967 τὴν
1648 4901 1776 4952 ἑαυ-

213 4979 304 5032 τοῦ
341 4978 565 5043 κακίαν,
595 4979 766 5048 ἧγουν
819 4979 890 5031 δι’
935 4981 1200 5050 ἀπήνειαν
1260 4983 1508 5047 κολάζειν
1553 4986 1770 5052 ἀλλους,

224 5072 308 5123 ῖνα
333 5073 408 5139 μὴ
448 5069 576 5138 δοκῇ
607 5070 923 5141 παραϐῆναι
953 5071 1044 5125 τὸν
1073 5073 1254 5143 ὅρκον.
1289 5076 1398 5128 Καὶ
1429 5079 1522 5130 ἐπὶ
1565 5080 1774 5142 τούτοις

217 5162 338 5227 ἄγει
393 5161 530 5227 προς
594 5160 946 5229 παράδειγμα
1003 5162 1094 5215 τὸν
1155 5165 1462 5235 τετράρχην
1527 5167 1774 5237 Ἡρώδην

217 5246 389 5313 λέγων
430 5248 514 5298 ὅτι
542 5248 807 5315 συνέφερε
841 5248 917 5317 τῷ
953 5248 1168 5323 Ἡρώδῃ
1200 5249 1275 5321 μὴ
1314 5252 1776 5322 εὐορκῆσαι,ἀντὶ

215 5337 308 5387 τοῦ
346 5335 420 5404 μὴ
463 5333 522 5385 εὖ
553 5333 868 5403 διατεθῆναι
892 5336 1030 5405 πρὸς
1080 5337 1169 5390 τὸν
1194 5339 1355 5407 ὅρκον
1388 5341 1483 5392 καὶ
1538 5343 1773 5408 φυλάξαι

221 5426 403 5487 αὐτὸν,
453 5426 550 5477 καὶ
587 5424 850 5492 φονεῦσαι
879 5427 970 5480 τὸν
995 5427 1329 5500 Βαπτιστήν.
1364 5432 1475 5484 Καὶ
1505 5435 1612 5494 πᾶς
1645 5434 1765 5503 μὲν,

221 5516 408 5585 φησιν,
432 5516 596 5584 ὅρκος
625 5514 904 5585 καθάπαξ,
933 5517 1103 5587 ἡγουν
1140 5521 1529 5591 ἀπαραιτήτως
1550 5524 1768 5588 τελείως

287 5692 307 5725 ⁸
331 5689 478 5749 Psai.
527 5709 689 5763 an,
721 5696 811 5752 12.

1883 4625 2178 4692 perniciem
2226 4634 2544 4691 conceptum
2574 4663 2590 4688 ,
2634 4625 2728 4678 sed
2782 4626 3153 4692 ptenilentiam
3196 4629 3445 4683 ostendat

1881 4722 1950 4773 ob
1982 4719 2310 4788 praecipitem
2335 4717 3009 4788 jurisjurandiiicentiam.
3042 4717 3310 4771 therum
3346 4735 3440 4772 ne-

1878 4827 2145 4881 quaquam
2182 4825 2239 4864 se
2293 4809 2670 4878 jusjurandum
2724 4807 2962 4860 revereri
3020 4815 3303 4876 praetextat
3351 4819 3444 4860 aut

1872 4902 2060 4969 fingat,
2092 4901 2191 4954 hoc
2221 4907 2326 4962 est,
2357 4897 2647 4967 perjurium
2694 4911 2815 4950 sese
2862 4907 3102 4950 metuere
3146 4911 3209 4950 ac
3258 4900 3441 4952 formi-

1872 4993 2000 5044 dare
2033 5010 2045 5046 :
2082 5005 2181 5044 nec
2209 5004 2358 5044 suam
2394 4980 2675 5043 coniirmet
2708 4988 3105 5056 improbitatem
3156 5004 3250 5057 per
3281 4993 3438 5044 saevi-

1882 5081 2009 5133 tiam
2044 5079 2292 5133 videlicet
2339 5079 2390 5132 in
2436 5078 2555 5131 aliis
2596 5077 2905 5146 puniendis,
2959 5092 3026 5130 ne
3066 5077 3437 5146 jusjurandum

1877 5171 2105 5224 violasse
2134 5169 2492 5223 existimetur.
2525 5167 2660 5220 Tum
2697 5167 2762 5221 ad
2799 5167 2911 5220 haec
2934 5168 3233 5233 exemplum
3267 5168 3436 5222 Hero-

1879 5261 1959 5314 dis
1999 5260 2282 5313 tetrarchm
2326 5257 2551 5325 profert,
2584 5258 2771 5311 dicens
2819 5257 2949 5311 utile
2995 5255 3233 5311 futurum
3271 5257 3436 5311 fuisse

1877 5343 2071 5403 llerodi
2103 5350 2145 5402 si
2185 5363 2287 5401 non
2318 5349 2452 5401 bene
2484 5350 2738 5412 jurasset,
2766 5347 2866 5400 hoc
2890 5356 3007 5410 est,
3054 5347 3100 5399 si
3146 5361 3249 5398 nou
3301 5346 3435 5400 bene

1877 5453 2002 5506 erga
2046 5439 2420 5508 jusjurandum
2477 5435 2667 5490 fuisset
2713 5435 2958 5502 affectus,
2988 5437 3267 5504 ipsumque
3315 5451 3432 5489 ser-

1882 5530 2053 5583 vando
2084 5527 2374 5597 Baptistam
2408 5525 2794 5582 interfecisset.
2825 5527 2902 5580 Ac
2928 5525 3072 5579 omni
3102 5526 3318 5594 quidem
3348 5527 3433 5595 ju-
