4018 6446
201 375 307 436 689

1135 382 1221 446 IN
1247 385 1491 452 EPIST.
1526 391 1589 451 S.
1625 390 1911 469 BASILII
1957 394 2402 459 CANONICAM
2443 396 2525 460 ΙΙ.

3339 400 3444 464 C93

195 487 466 582 φθοράς,Δ
499 488 631 582 μηδὲ
679 488 907 582 κλοπῆς,
967 493 1139 582 ἤγουν
1231 499 1502 570 λαθραίας
1555 503 1771 572 μίξεως,

1883 509 2113 576 accepit.
2154 507 2419 564 Similiter
2447 509 2578 564 nulli
2613 524 2828 580 quoque
2856 525 3029 582 paenae
3055 521 3136 568 est
3169 511 3442 578 subjectus

195 577 500 642 ἀνεύθυνός
535 580 687 633 ἐστιν
715 581 745 634 ὁ
786 580 992 654 ταύτην
1019 579 1228 643 λαϐὼν.
1245 587 1521 656 Ὡσαύτως
1545 594 1774 650 ἀνεύθυ-

193 669 282 730 νὸς
315 671 438 723 ἐστι
490 671 588 726 καὶ
670 671 702 724 ὁ
761 674 939 745 χήραν
967 676 1324 746 αὑτεξουσίαν
1346 690 1777 756 τοιουτοτρόπως

195 761 625 830 ἀναλαϐόμενος.
654 763 730 816 To
753 763 833 841 at,
857 766 982 821 Τῶν
1034 771 1336 841 σχημάτων
1357 777 1491 845 ἡμῖν
1526 779 1588 831 οὑ
1615 796 1779 850 φρον-

191 853 432 913 τιστέον,
478 853 720 909 τοιοῦτόν
772 858 961 911 ἐστιν·
1007 858 1135 914 Ἐὰν
1169 864 1333 935 γυνὴ,
1391 868 1578 935 φησὶν,
1646 869 1777 934 ἴσως

192 944 489 1015 αἰδουμένη
521 947 802 1003 ἐπιδοῦναι
832 950 1036 1022 ἑαυτὴν
1068 952 1147 1022 τῷ
1183 957 1391 1030 ἐραστῇ
1429 961 1460 1029 ἢ
1494 961 1575 1031 τῷ
1629 965 1772 1033 ἐρω-

197 1036 345 1106 μένῳ
375 1041 660 1107 χαμερπεϊ
681 1039 796 1092 ὄντι
835 1043 1245 1112 ὲσχηματίσατο
1271 1048 1614 1121 ἀρπαγῆναι,
1639 1053 1776 1121 πρὸς

195 1128 466 1196 ἀλήθειαν
495 1131 769 1195 ἑκουσίως
800 1133 948 1203 αὑτῷ
993 1137 1385 1209 ἠκολούθησεν,
1453 1144 1515 1196 οὑ
1552 1146 1776 1214 φροντί-

196 1222 365 1289 ζομεν
393 1221 504 1274 τοῦ
559 1226 979 1296 σχηματισμοῦ,
1043 1230 1212 1300 ἤγουν
1248 1233 1348 1302 τῆς
1406 1235 1772 1306 ὑποκρίσεως,

194 1311 333 1366 ἀλλὰ
357 1317 426 1384 τῇ
455 1315 683 1388 ἀληθείᾳ
711 1323 1074 1392 προσέχομεν.
1114 1327 1226 1380 Καὶ
1250 1328 1526 1397 ἀνάγνωθι
1567 1331 1660 1384 τὸν
1693 1329 1774 1399 νγ¹

195 1405 428 1469 κανόνα,
461 1410 824 1482 συντρέχοντα
847 1416 909 1486 τῇ
947 1417 1171 1490 τοιαύτῃ
1197 1421 1482 1493 ἑρμηνείᾳ.
1501 1423 1574 1476 Τδ
1590 1423 1779 1493 μέντοι

195 1497 502 1552 ἀνεύθυνον
567 1498 711 1555 εἶναι
787 1504 880 1556 τὸν
931 1506 1263 1577 ἁρπάσαντα
1337 1517 1576 1579 γυναῖκα
1635 1516 1777 1571 κατὰ

194 1587 419 1656 θέλησιν
450 1591 640 1666 αὑτῆς,
668 1595 749 1657 είς
777 1596 836 1648 τὸ
861 1595 934 1668 μὴ
967 1600 1362 1672 έπιτιμηθῆναι
1390 1604 1579 1659 τοῦτον
1609 1607 1773 1662 ἐκλα-

193 1681 310 1734 ϐοὗ.
361 1683 423 1737 '0
479 1686 587 1757 γάρ
638 1688 897 1760 ἁρπαγὴν
938 1693 1300 1760 αὑτεξουσίας
1359 1697 1390 1768 ἢ
1450 1698 1776 1766 ὑπεξουσίας

193 1777 467 1840 γυναικὸς
510 1782 906 1850 ποιησάμενος,
955 1785 1068 1837 εἴτε
1106 1788 1250 1840 κατὰ
1305 1788 1528 1859 θέλησιν
1572 1791 1770 1861 αὐτῆς,

191 1864 224 1933 ἢ
256 1867 349 1918 καὶ
379 1867 527 1920 κατὰ
561 1870 732 1938 μόνην
764 1873 976 1926 οἰκείαν
1009 1875 1290 1946 βούλησιν,
1323 1879 1402 1950 τῷ
1433 1882 1568 1952 περὶ
1597 1883 1777 1953 ἁρπα-

191 1955 295 2024 γῆς
321 1958 478 2028 νόμῳ
498 1961 746 2030 ἐνέχεται
787 1966 867 2026 είς
890 1965 1175 2035 ἐκδίκησιν
1217 1969 1319 2039 τῆς
1381 1971 1612 2038 ἀταξίας
1663 1973 1773 2028 τῶν

194 2046 411 2100 πολλῶν
463 2051 560 2102 καὶ
619 2052 922 2124 άναστολὴν
968 2056 1075 2109 τῶν
1141 2057 1350 2114 λοιπῶν
1379 2079 1392 2093 ·
1442 2062 1626 2128 καθὼς
1648 2064 1774 2118 τοῦ·

194 2156 251 2191 το
313 2143 455 2210 φησι
503 2143 564 2195 τδ
600 2143 650 2197 α’
698 2161 827 2214 κεφ.
896 2149 991 2200 τοῦ
1047 2150 1129 2221 νη’
1185 2151 1369 2207 τίτλου
1426 2156 1520 2208 τοῦ
1590 2158 1636 2222 ξ’
1685 2158 1774 2229 βι-

191 2231 342 2285 ϐλίου
387 2234 519 2305 περὶ
547 2235 609 2289 τὺ
647 2237 801 2300 τέλος
854 2238 997 2293 οὑτω
1050 2240 1213 2309 λέγον
1246 2261 1260 2276 ·
1302 2246 1367 2298 Δί
1405 2245 1463 2299 δὲ
1509 2249 1772 2318 τιμωρίαι

192 2321 293 2394 τῆς
323 2325 631 2391 διατάξεως
661 2331 834 2383 πᾶσαι
875 2331 1126 2388 εστωσαν
1156 2337 1281 2389 κατ’
1307 2338 1489 2391 αὐτῶν
1535 2339 1646 2397 τῶν
1668 2341 1772 2411 ἀρ·

189 2417 493 2470 πασάντων
528 2420 623 2473 καὶ
648 2419 1035 2491 βοηθησάντων
1067 2427 1253 2490 αὐτοῖς
1319 2429 1379 2480 ἐν
1419 2432 1486 2501 τῇ
1521 2430 1774 2505 ἁρπαγῇ.

189 2509 252 2560 Ol
281 2509 471 2577 μέντοι
496 2513 805 2577 συνειδότες
836 2516 932 2567 καὶ
972 2515 1447 2589 ὑπηρετήσαντες,
1476 2525 1572 2577 καὶ
1642 2526 1774 2579 ὑπο*

189 2602 480 2670 δεξάμενοι
512 2605 543 2674 ἢ
572 2605 692 2657 οἵαν
707 2606 770 2676 δή
798 2623 922 2660 τινα
955 2611 1190 2679 σπουδὴν
1213 2613 1396 2676 αὐτοῖς
1425 2617 1775 2684 συνενεγκόν-

190 2711 304 2760 τες,
330 2697 398 2765 τῇ
427 2696 698 2768 εἰρημένῃ
733 2699 979 2770 τιμωρίᾳ
1014 2699 1452 2768 ὑποκείσθωσαν,
1504 2706 1614 2759 εἴτε
1645 2707 1773 2777 βου-

191 2791 443 2860 λομένων
470 2792 580 2844 τῶν
633 2795 913 2861 γυναικῶν
937 2794 1048 2848 εἴτε
1089 2799 1185 2850 καὶ
1219 2798 1294 2868 μὴ
1335 2798 1679 2864 βουλομένων
1737 2803 1770 2871 ὴ

194 2883 426 2953 ἁρπαγὴ
460 2885 681 2952 γέγονε.
711 2885 882 2940 Τοῦτο
913 2887 971 2939 δὲ
999 2888 1194 2958 ἐκρίθη
1231 2889 1374 2942 οὕτω
1441 2890 1539 2944 καὶ
1598 2894 1680 2954 είς
1713 2892 1774 2946 τὸ

197 2974 482 3044 βασιλικὸν
508 2975 664 3046 βῆμα
700 2977 795 3030 ἐπὶ
827 2979 894 3047 τῇ
918 2977 1175 3031 ὑποθέσει
1219 2979 1312 3032 τοῦ
1345 2979 1452 3050 Σὴθ
1484 2982 1774 3050 ἁρπάσαν-

194 3083 286 3130 τος
324 3066 429 3137 τὴν
463 3067 745 3136 θυγατέρα
776 3068 873 3121 τοῦ
915 3071 1300 3137 νεοφωτίστου.
1367 3072 1428 3123 El
1479 3072 1536 3124 δὲ
1599 3072 1776 3133 θέλεις

1880 601 1971 666 qui
2007 599 2249 665 viduam,
2296 615 2417 668 qum
2451 601 2534 656 sui
2572 611 2655 654 est
2702 601 2865 671 iuris,
2894 603 2995 657 hoc
3026 602 3183 656 modo
3216 601 3434 668 recepit.

1878 690 2014 745 Illud
2039 701 2242 754 autem,
2265 691 2382 746 Non
2405 700 2483 747 est
2510 692 2669 747 nobis
2689 692 2981 762 ﬁgurarum
3009 700 3064 746 et
3088 702 3437 760 praatextunm

1880 781 1986 835 ulla
2017 797 2146 836 cura
2177 784 2433 852 gerenda,
2462 792 2547 838 est
2566 783 2969 852 huiusmodi.Si
2999 784 3216 848 mulier,
3247 784 3440 854 inquit,

1878 870 2110 926 fortasse
2165 872 2491 928 erubescens
2544 888 2600 928 se
2648 875 2872 928 amatori
2917 874 2998 929 vel
3037 883 3242 935 amato.
3300 877 3439 940 quod

1879 962 2045 1018 homo
2071 963 2316 1032 abiectus
2341 967 2430 1028 sit,
2469 966 2703 1030 tradere,
2734 965 2949 1020 tinxerit
2973 979 3036 1020 se
3067 974 3270 1032 raptam
3299 978 3440 1024 esse.

1877 1068 1999 1109 eum
2050 1065 2226 1110 tamen
2262 1071 2358 1110 sua
2397 1066 2590 1126 sponte
2638 1066 2821 1111 secuta
2875 1065 2979 1120 est,
3021 1057 3205 1126 ﬁgurae
3258 1071 3440 1110 revera

1878 1158 1970 1197 seu
2001 1145 2364 1200 simulationis
2397 1147 2599 1202 nullam
2624 1162 2806 1203 curam
2839 1149 3075 1218 gerimus
3099 1147 3196 1202 sed
3229 1147 3443 1200 veritati

1879 1238 2230 1294 attendimus.
2274 1237 2340 1293 Et
2374 1239 2494 1309 lege
2528 1256 2650 1295 can.
2699 1242 2788 1304 5'5,
2831 1241 2958 1296 huic
3011 1239 3444 1307 interpretationi

1876 1328 2324 1383 consentientem.
2393 1329 2524 1383 Eum
2581 1342 2800 1395 autem,
2863 1331 2955 1400 qui
3017 1329 3289 1383 mulierem
3347 1345 3441 1382 sua

1877 1427 2072 1487 sponte
2121 1422 2319 1490 rapuit,
2392 1437 2498 1476 non
2552 1438 2673 1478 esse
2734 1424 2948 1478 crimini
3007 1422 3318 1483 obnoxium,
3364 1402 3440 1473 ita

1876 1511 2061 1580 accipe
2092 1520 2152 1564 ut
2196 1512 2244 1566 ei
2303 1512 2445 1565 nulla
2482 1528 2636 1582 poena
2686 1516 2945 1568 canonica
3007 1516 3077 1568 sit
3128 1512 3437 1580 indigentia.

1877 1600 1980 1668 Qui
2039 1603 2186 1658 enim
2240 1603 2543 1667 mulierem,
2604 1619 2724 1674 quas
2771 1615 2852 1660 est
2881 1607 2958 1660 sui
2986 1606 3148 1676 iuris.
3186 1604 3267 1659 vel
3321 1618 3438 1670 qme

1881 1693 2110 1750 alterius
2163 1696 2418 1766 potestati
2454 1697 2759 1766 subjicitur,
2791 1712 2888 1752 seu
2921 1698 3198 1751 voluntate
3248 1695 3435 1763 ipsius.

1878 1800 1970 1842 seu
2003 1785 2218 1856 propria
2254 1787 2368 1842 sola
2394 1786 2673 1842 voluntate
2702 1787 2900 1856 rapuit,
2931 1794 3112 1853 raptus
3147 1785 3262 1854 lege
3289 1795 3436 1837 tene-

1879 1888 1966 1933 tur
1996 1880 2063 1934 ad
2093 1878 2387 1935 multorum
2429 1878 2769 1936 insolentiam
2799 1878 3194 1937 vindicandam,
3227 1884 3282 1929 et
3309 1875 3436 1928 reli-

1877 1987 2103 2044 quorum
2130 1972 2593 2042 comprimendam
2622 1989 2637 2027 :
2671 1973 2809 2027 sicut
2833 1971 2936 2026 hoc
2969 1971 3099 2024 dicit
3127 1969 3283 2039 prim.
3309 1983 3429 2036 cap.

1881 2065 2023 2121 tituli
2058 2066 2148 2127 58.
2179 2067 2273 2122 lib.
2306 2081 2396 2131 ιχ,
2418 2065 2561 2136 quod
2589 2065 2729 2120 circa
2765 2063 2923 2118 linem
2946 2064 3021 2118 sic
3048 2063 3213 2118 dicit:
3241 2059 3434 2114 Omnia

1877 2165 2060 2213 autem
2114 2158 2518 2213 constitutionis
2560 2156 2819 2227 supplicia
2873 2157 2983 2210 sint
3034 2155 3293 2208 adversus
3338 2165 3435 2204 eos

1880 2250 1970 2319 qui
2006 2259 2325 2319 rapuerunt,
2364 2259 2420 2304 et
2466 2249 2555 2319 qui
2613 2248 2693 2301 eis
2716 2249 2769 2302 in
2803 2257 2954 2315 raptu
2986 2259 3138 2313 opem
3176 2243 3429 2298 tulerunt.

1879 2339 1979 2407 Qui
2003 2340 2221 2396 consilii
2257 2340 2470 2410 quidem
2500 2339 2735 2402 fuerunt,
2763 2348 2818 2392 et
2847 2351 3008 2406 opera
3055 2350 3151 2388 sua
3182 2336 3435 2403 iuverunt

1876 2441 1932 2487 et
1983 2442 2360 2501 susceperunt,
2412 2431 2495 2486 vel
2549 2429 2843 2498 quamlibet
2872 2444 3026 2499 opem
3077 2429 3144 2482 iis
3177 2427 3429 2487 tulerunt,

1877 2516 2036 2579 dictae
2059 2537 2232 2592 poenae
2253 2521 2627 2589 subiiciantur,
2651 2533 2745 2573 seu
2775 2517 3081 2572 volentibus
3121 2531 3213 2570 seu
3253 2514 3435 2569 nolen-

1881 2614 2026 2668 tibus
2058 2613 2376 2668 mulieribus
2409 2620 2595 2680 raptus
2638 2609 2817 2664 factus
2863 2609 2956 2664 sit.
3009 2606 3121 2661 Hoc
3147 2616 3322 2658 autem
3378 2603 3430 2656 in

1877 2705 2228 2775 imperatorio
2257 2704 2367 2774 9o
2399 2717 2610 2774 quoque
2639 2700 2891 2755 tribunali
2915 2700 2993 2754 sic
3015 2698 3307 2765 iudicatum
3349 2704 3433 2749 est

1877 2797 1932 2851 in
1963 2811 2123 2851 causa
2167 2795 2431 2864 Seth,qui
2462 2804 2718 2863 rapuerat
2743 2793 2901 2849 tiliam
2925 2790 3040 2857 eius
3067 2791 3156 2858 qui
3185 2797 3434 2842 recenter

1878 2889 2053 2944 fuerat
2099 2886 2448 2941 illuminatns.
2490 2884 2584 2939 Sin
2635 2891 2812 2938 autem
2852 2881 2985 2936 velis
3009 2879 3207 2940 dicere,
3237 2876 3288 2929 in
3313 2893 3434 2930 mu-

1874 2981 2060 3036 lierem
2082 2995 2192 3032 non
2226 2992 2410 3032 revera
2432 2976 2636 3030 factum
2668 2989 2790 3030 esse
2818 2982 3051 3042 raptum,
3083 2969 3172 3023 sed
3230 2982 3324 3035 per
3361 2967 3437 3018 si-

1878 3067 2250 3129 mulationem.
2309 3073 2370 3119 ut
2425 3067 2678 3135 superius
2723 3065 2922 3117 dictum
2967 3071 3085 3123 est;
3134 3073 3232 3112 nec
3262 3071 3438 3125 ptena:

195 3159 371 3211 εἰπεῖν
397 3158 471 3229 μὴ
523 3158 779 3226 γενέσθαι
818 3161 898 3222 είς
937 3161 1036 3231 τὴν
1121 3166 1361 3228 γυναῖκα
1411 3164 1479 3232 τῇ
1539 3161 1771 3232 ἀληθείᾳ

1877 3156 2154 3212 canonicze
2180 3156 2356 3210 locum
2395 3155 2693 3217 habebunt,
2722 3168 2823 3207 nec
2855 3153 3001 3222 leges
3043 3164 3163 3218 quae
3194 3156 3435 3216 raptores

196 3249 478 3321 ἁρπαγὴν,
511 3251 648 3305 ἀλλὰ
706 3250 852 3305 κατὰ
908 3253 1296 3323 προσποίησιν,
1341 3253 1527 3317 καθὼς
1571 3254 1776 3308 ἄνωθεν

196 3343 450 3412 εἴπομεν,
519 3342 646 3396 οὔτε
679 3343 746 3396 τὰ
773 3343 1034 3413 ἐπιτίμια
1061 3343 1244 3407 ἕξουσι
1301 3343 1510 3415 χώραν,
1543 3344 1667 3398 οὔτε
1722 3348 1774 3400 οί

195 3437 348 3502 νόμοι
393 3437 444 3488 oi
467 3434 791 3497 κολάζοντες
825 3435 950 3496 τοὺς
978 3435 1238 3503 ἅρπαγας
1262 3452 1276 3468 ·
1314 3437 1449 3507 μόνῃ
1463 3438 1517 3490 δὲ
1550 3441 1616 3507 τῇ
1647 3438 1776 3506 περὶ

197 3525 412 3596 ὕϐρεως
460 3528 654 3592 ἀγωγῇ
689 3524 863 3595 ἔνοχοι
892 3525 1108 3577 ἔσονται
1143 3528 1257 3588 τοίς
1305 3527 1548 3596 πατράσι
1575 3530 1626 3581 oi
1676 3529 1775 3583 λα-

200 3618 388 3679 ϐόντες
416 3617 516 3680 τὰς
541 3616 887 3680 ὑπεξουσίας,
913 3617 1167 3671 τοσοῦτον
1192 3618 1275 3671 ὅτι
1302 3619 1395 3672 καὶ
1430 3620 1458 3672 ὁ
1480 3620 1772 3690 γενόμενος

197 3711 375 3778 γάμος
411 3710 576 3773 μέσον
603 3708 810 3761 τούτων
837 3707 988 3778 παρὰ
1011 3709 1242 3779 γνώμην
1269 3710 1376 3762 τῶν
1410 3711 1644 3781 ἑχόντων
1672 3713 1772 3764 αὑ-

197 3802 293 3864 τὰς
325 3800 654 3865 ὑπεξουσίας
688 3799 1181 3869 διασπασθήσεται.
1216 3801 1327 3856 Καὶ
1376 3801 1654 3870 ἀνάγνωθι
1680 3802 1774 3855 τὸν

195 3887 276 3955 λη’
304 3890 512 3941 κανόνα
545 3886 640 3939 τοῦ
667 3886 826 3953 ἁγίου
877 3885 1094 3953 τούτου,
1129 3889 1221 3941 τὸν
1256 3887 1350 3956 μα’
1376 3889 1471 3942 καὶ
1539 3890 1632 3942 τὸν
1661 3887 1772 3958 μβ’.

197 3976 397 4038 Καλῶς
428 3976 484 4028 δὲ
545 3973 793 4044 ἐμνήσθη
819 3976 845 4027 ὁ
867 3974 1025 4042 ἆγιος
1055 3975 1262 4044 φθορᾶς
1289 3978 1385 4031 καὶ
1419 3977 1649 4045 κλοπῆς.
1705 3977 1769 4032 Ἡ

203 4065 298 4131 μὲν
343 4062 456 4132 γὰρ
514 4062 690 4131 φθορὰ
717 4059 922 4130 κυρίως
958 4060 1169 4128 γίνεται
1233 4063 1312 4126 είς
1343 4063 1443 4135 τὴν
1475 4064 1768 4133 παρθένον·

195 4154 228 4220 ἠ
265 4153 322 4205 δὲ
398 4149 737 4226 κλεψιγαμία
793 4149 874 4211 είς
969 4149 1047 4220 μὴ
1111 4144 1741 4221 τοιαύτην’ὲλευθέραν.

1875 3250 2148 3318 puniunt:
2206 3248 2298 3302 sed
2349 3247 2522 3302 solum
2577 3247 2790 3300 actione
2834 3243 3154 3312 iniuriarum
3191 3239 3436 3308 patribus

1878 3339 2230 3399 tenebuntur,
2259 3336 2351 3404 qui
2372 3351 2465 3391 eas
2493 3344 2750 3404 ceperunt
2779 3349 2897 3402 qua:
2947 3343 3104 3387 erant
3148 3330 3246 3385 sub
3288 3338 3436 3398 pote-

1870 3436 2032 3490 state,
2073 3427 2207 3481 adeo
2231 3435 2286 3478 ut
2314 3437 2368 3480 et
2392 3427 2792 3480 matrimonium
2815 3426 2958 3494 quod
2991 3425 3132 3478 inter
3149 3439 3240 3478 eas
3271 3425 3437 3476 inter-

1869 3521 2059 3584 cessit,
2091 3531 2289 3588 preter
2314 3534 2498 3573 eorum
2540 3512 2873 3572 voluntatem
2925 3519 3026 3569 sub
3075 3530 3301 3584 quorum
3337 3530 3434 3583 po-

1874 3619 2068 3665 testate
2111 3618 2258 3669 sunt,
2295 3609 2366 3663 sit
2400 3608 2781 3674 separandum.
2826 3605 2967 3676 Lege
3003 3621 3124 3661 can.
3183 3605 3251 3660 38
3281 3605 3437 3671 huius

1875 3701 2072 3762 sancti,
2110 3701 2172 3755 41
2226 3710 2280 3755 et
2324 3700 2416 3755 4‘2.
2467 3700 2700 3754 Sanctus
2758 3708 2934 3753 autem
2999 3707 3146 3752 recte
3195 3697 3439 3752 meminit

1870 3793 2038 3859 stupri
2056 3801 2104 3847 et
2121 3792 2272 3846 furti.
2297 3793 2550 3862 Stuprum
2571 3791 2714 3846 enim
2744 3791 2802 3845 (lt
2824 3789 3035 3860 proprie
3059 3790 3113 3844 in
3129 3790 3385 3858 virginem
3413 3805 3428 3853 ;

1874 3883 2075 3937 furtum
2125 3893 2331 3946 autem,
2376 3898 2470 3939 seu
2517 3882 2744 3936 furtivus
2771 3880 3086 3936 concubitus
3120 3880 3172 3933 in
3205 3879 3428 3932 liberam

1879 3987 1999 4043 quae
2021 3987 2128 4027 non
2161 3981 2244 4027 est
2276 3972 2610 4040 huiusmodi.
2666 3970 2958 4026 Amborum
2989 3976 3168 4023 autem
3197 3967 3441 4022 meminit

1877 4064 2022 4131 quod
2057 4065 2224 4118 etiam
2244 4063 2446 4132 absque
2471 4077 2536 4118 eo
2551 4062 2691 4131 quod
2724 4061 2815 4117 (let
2843 4069 3050 4130 raptus,
3079 4066 3438 4128 et-stuprator

1873 4163 1928 4210 et.
1958 4154 2254 4209 fornicator
2275 4155 2594 4224 puniuntur.

206 4242 483 4314 Ἐμνήσθη
539 4243 598 4296 δὲ
649 4241 760 4294 τῶν
809 4239 922 4306 δύο,
952 4240 1034 4297 δτι
1094 4242 1192 4296 καὶ
1243 4241 1364 4312 δίχα
1417 4241 1512 4296 τοὺ
1543 4242 1797 4312 γενέσθαι
1828 4245 2108 4317 ἁρπαγὴν,
2140 4245 2292 4299 καὶὸ
2322 4244 2554 4316 φθορεὺς
2581 4243 2676 4298 καὶ¹
2731 4245 2764 4298 ὁ
2815 4244 3011 4314 πόρνος
3055 4243 3431 4313 ὲπιτιμῶνται.

263 4409 516 4466 ΖΩΝΔΡ.
547 4410 686 4473 Τοὺς
731 4410 1082 4481 ἁρπάζοντας
1134 4415 1424 4479 γυναῖκας,
1498 4414 1593 4467 καὶ
1643 4416 1770 4477 τοὺς

1948 4415 2200 4474 ZONAR.
2265 4417 2366 4485 Qui
2425 4417 2680 4473 mulieres
2741 4417 2979 4486 rapiunt,
3032 4417 3234 4488 quique
3293 4418 3438 4489 ipsos

199 4503 600 4574 συνεργοῦντας
643 4505 830 4565 αὑτοῖς
865 4503 958 4555 ἐπὶ
1006 4505 1252 4573 τριετίαν
1325 4506 1354 4556 ὁ
1405 4505 1560 4572 ἅγιος
1611 4499 1775 4570 οὗτος·

195 4599 398 4666 ὥρισεν
449 4597 555 4661 ἔξω
601 4595 712 4648 τῶν
741 4596 913 4663 εὐχῶν
971 4596 1259 4662 γίνεσθαι⁶
1298 4598 1472 4668 ἤγουν
1545 4600 1605 4652 ὲν
1688 4599 1768 4669 τῷ

197 4687 422 4756 προνάῳ
451 4685 707 4738 ἵστασθαι
743 4684 881 4753 μετὰ
928 4684 1038 4737 τῶν
1122 4685 1181 4737 ὲν
1228 4687 1512 4755 ἀκροάσει.
1597 4688 1658 4741 Ei
1705 4688 1768 4740 δὲ

199 4777 401 4831 ἑκοῦσα
424 4777 562 4847 γυνὴ
595 4776 763 4846 ἐπιδῷ
782 4777 985 4846 ἑαυτὴν
1018 4776 1093 4846 μὴ
1128 4780 1604 4849 προηγησαμένης
1635 4779 1766 4847 φθο-

200 4870 320 4939 ρᾶς,
355 4869 494 4937 μηδὲ
526 4868 758 4935 κλοπῆς,
787 4868 908 4920 ἀντὶ
939 4867 1036 4920 τοῦ
1093 4867 1361 4939 λαθραίας
1419 4870 1639 4937 μίξεως.
1673 4871 1768 4922 άν-

197 4960 424 5020 εὑθυνός
459 4961 610 5011 ἐστιν
632 4961 659 5010 ὁ
687 4958 891 5027 ταύτην
915 4957 1116 5021 λαϐὼν,
1147 4954 1237 5013 οἷα
1270 4960 1406 5029 μηδὲ
1460 4962 1580 5029 βίας
1607 4979 1774 5030 μεσοο

197 5050 541 5120 λαϐησάσης,
567 5051 616 5101 εἰ
649 5049 788 5110 τέως
819 5047 1144 5113 αὑτεξουσία
1169 5047 1239 5121 ἦν
1266 5053 1298 5122 ἡ
1322 5051 1480 5121 γυνή.
1549 5051 1612 5104 Et
1662 5053 1772 5122 γὰρ

198 5140 498 5205 ὑπεξουσία
525 5137 615 5209 ἦν,
648 5141 777 5193 άνευ
810 5139 904 5192 τοῦ
935 5140 1151 5210 ἔχοντος
1209 5141 1383 5208 αὑτὴν
1439 5142 1769 5207 ὑπεξουσίαν

198 5229 456 5283 ἐπιδοῦσα
491 5229 693 5299 ἑαυτὴν
724 5229 878 5300 ἀνδρὶ
908 5230 971 5284 οὑ
1015 5229 1287 5298 λογίζεται
1332 5232 1509 5300 γάμον
1575 5232 1771 5285 συναλ-

196 5321 440 5374 λάσσειν.
471 5321 532 5372 Εί
561 5321 672 5390 γὰρ
701 5319 953 5390 βούλεται
982 5324 1009 5374 ὁ
1041 5321 1182 5390 ἔχων
1215 5321 1544 5386 ὑπεξουσίαν
1592 5324 1763 5388 αὑτὴν

197 5413 490 5464 διασπάσει
523 5414 583 5463 τὸ
613 5412 975 5477 συνοικέσιον,
1006 5412 1083 5476 ὡς
1108 5413 1137 5464 ὁ
1173 5411 1253 5484 λη’
1279 5412 1455 5467 κανὼν
1495 5415 1766 5484 περιέχει,

199 5506 290 5558 καὶ
325 5504 352 5554 ὁ
381 5509 470 5571 μα’
504 5504 597 5556 καὶ
626 5505 654 5556 6
682 5501 794 5572 μβ’.
826 5505 990 5556 Ὅθεν
1025 5505 1210 5574 φησὶν,
1273 5507 1368 5559 ἐὰν
1440 5506 1766 5570 αὑτεξουσία

203 5595 345 5663 χήρα
469 5595 563 5644 καὶ
596 5593 687 5644 ἐπ’
724 5595 859 5663 αὐτῇ
895 5597 1096 5661 κεῖται,
1126 5596 1293 5666 ἤγουν
1324 5596 1418 5648 ἐπὶ
1449 5598 1514 5665 τῇ
1548 5594 1766 5664 θελήσει

205 5684 379 5750 αὐτῆς
430 5685 491 5735 τὸ
513 5684 877 5750 ἀκολουθῆσαι
935 5685 1113 5754 ἀνδρὶ,
1145 5688 1172 5738 ὸ
1201 5686 1406 5755 ταύτην
1438 5685 1619 5738 λαϐὼν
1665 5688 1765 5740 οὑκ

202 5775 504 5826 εὐθύνεται.
539 5775 610 5827 Τὸ
642 5775 718 5837 δὲ,
749 5775 869 5828 Τῶν
904 5776 1196 5845 σχημάτων
1253 5777 1384 5847 ἡμῖν
1431 5777 1491 5830 οὑ
1546 5793 1765 5844 φροντι-

1877 4509 2079 4564 auxilio
2100 4509 2309 4579 iuvant,
2339 4509 2574 4564 triennio
2607 4509 2697 4564 hic
2723 4509 2808 4564 vir
2830 4519 3052 4564 sanctus
3077 4517 3224 4564 extra
3250 4525 3439 4579 preca-

1879 4604 2052 4657 tiones
2083 4617 2204 4657 esse
2230 4602 2512 4657 decernit:
2546 4602 2649 4655 hoc
2687 4609 2773 4656 est
2803 4602 2854 4655 in
2883 4600 3149 4656 vestibulo
3173 4603 3315 4657 inter
3343 4619 3441 4657 au-

1879 4695 2089 4749 dientes
2117 4694 2445 4750 eonsistere.
2480 4692 2633 4760 Quod
2666 4694 2712 4748 si
2749 4694 2944 4748 mulier
2972 4694 3160 4748 volens
3205 4695 3437 4765 seipsam

1877 4788 2077 4850 tradat,
2108 4787 2401 4841 dummodo
2432 4785 2635 4840 nullum
2669 4785 3010 4855 praecesserit
3042 4795 3314 4855 stuprum,
3345 4803 3440 4842 ne-

1875 4894 1979 4949 que
2005 4879 2230 4944 furtum,
2269 4880 2371 4934 hoc
2399 4888 2482 4934 est
2506 4878 2714 4933 occulta
2744 4879 3074 4939 commistio.
3106 4879 3437 4949 nullipmnas

1877 4971 1979 5024 erit
2013 4971 2281 5024 obnoxius
2303 4969 2394 5039 qui
2440 4969 2578 5022 hanc
2603 4971 2895 5037 acceperit,
2918 4969 3114 5040 quippe
3139 4983 3262 5023 cum
3291 4970 3437 5024 nulla

1875 5055 1960 5110 vis
1988 5054 2382 5120 intercesserit,
2410 5058 2571 5109 modo
2602 5066 2779 5110 tamen
2815 5058 2897 5110 sui
2921 5057 3061 5126 iuris
3098 5056 3237 5112 foret
3286 5059 3436 5113 l'emi-

1875 5161 1966 5200 ua.
2023 5145 2080 5201 Si
2125 5161 2357 5214 namque
2388 5147 2490 5201 sub
2543 5146 2769 5202 alterius
2809 5161 2952 5203 esset
2981 5157 3265 5216 potestate,
3291 5166 3353 5203 ac
3380 5166 3438 5205 se

1876 5238 2081 5306 absque
2114 5236 2513 5304 eiusl'acultate
2562 5237 2646 5292 cui
2695 5237 2905 5293 subdita
2951 5251 3032 5293 est
3083 5239 3198 5294 viro
3250 5242 3434 5301 tradit,

1872 5325 2167 5378 conciliare
2197 5326 2607 5381 matrimonium
2635 5327 3048 5397 haudquaquam
3075 5330 3432 5386 existimatur.

1871 5415 1928 5470 Si
1963 5431 2196 5484 namque
2225 5416 2353 5468 velit
2383 5416 2470 5469 ille
2505 5419 2660 5485 cuius
2697 5418 2798 5471 sub
2823 5428 3091 5484 potestate
3110 5429 3209 5482 est,
3241 5422 3434 5475 dissol-

1872 5515 1957 5559 vet
1987 5507 2221 5574 nuptias,
2252 5516 2309 5560 ut
2335 5522 2454 5561 can.
2476 5508 2567 5571 58,
2599 5509 2658 5562 Η
2692 5517 2744 5560 et
2765 5507 2854 5572 42,
2878 5507 3208 5566 decernitur.
3245 5511 3433 5566 Proin-

1869 5599 1936 5650 de
1961 5597 2057 5662 ait,
2085 5598 2131 5651 si
2169 5599 2250 5653 sui
2275 5599 2416 5668 iuris
2462 5600 2614 5653 vidua
2652 5599 2830 5663 fuerit,
2877 5611 2932 5654 et
2962 5602 3011 5653 in
3053 5602 3164 5670 ipsa
3198 5603 3431 5670 positum

1871 5699 1972 5752 est,
2011 5689 2267 5743 nimirum
2304 5691 2371 5744 ab
2393 5690 2538 5746 illius
2561 5691 2792 5746 arbitrio
2828 5694 3028 5759 pendet
3061 5694 3212 5761 sequi
3234 5697 3429 5759 virum,

1867 5777 1956 5843 qui
1992 5778 2130 5834 hanc
2161 5780 2369 5848 accepit
2396 5780 2524 5835 nulli
2558 5796 2728 5850 plenae
2754 5782 3018 5839 obnoxius
3039 5793 3144 5839 est.
3168 5783 3301 5840 lllud
3334 5800 3429 5841 vc-
