4018 6434
548 298 656 355 ϋέὶ5
1777 301 1872 356 'l'll
1885 301 1976 355 ΕΟ
1986 300 2046 357 D.
2092 298 2135 355 Β

2204 298 2379 358 [δέω
2390 299 2483 357 ΟΝ
3673 298 3791 359 696

547 407 625 454 eis
654 412 963 467 praesentem
996 418 1118 456 can.
1146 404 1440 465 adversari,
1470 405 1605 459 Sunt
1628 406 1765 459 enim
1809 406 2088 473 speciales,
2128 452 2134 465 ,

2199 410 2287 460 καὶ
2341 413 2436 477 τῆς
2490 408 2811 479 Ἐκκλησίας
2846 412 3230 473 ἐκκόπτοντας,
3276 412 3351 479 μὴ
3413 414 3577 480 εἴπῃς
3625 413 3786 462 ἐνανι

550 491 794 557 specialia
830 508 955 547 vero
981 493 1044 545 ad
1074 499 1375 561 exemplum
1400 511 1504 548 non
1538 498 1861 560 trahuntur;
1895 498 1985 550 sed
2014 498 2096 549 die

2205 497 2439 550 τιοῦσθαι
2482 499 2686 581 τούτρις
2736 500 2826 551 τὸν
2871 502 3108 568 παρόντα
3161 502 3378 553 κανόνα.
3440 502 3623 552 Ἰδικοὶ
3677 501 3792 568 γάρ

550 586 687 649 apud
721 599 814 638 eos
848 584 1061 650 quidem
1087 586 1330 640 obtinere
1356 587 1443 641 ubi
1473 588 1601 641 editi
1628 597 1773 653 sunt,
1801 590 1850 640 in
1881 589 2099 656 reliquis

2202 590 2326 647 εἰσι,
2369 588 2463 639 καὶ
2499 587 2565 640 τὰ
2608 589 2748 641 tam
2794 590 2890 658 οὐχ
2938 591 3188 643 ἕλκονται
3235 592 3369 658 πρὸς
3427 590 3742 656 ὑπόδειγμα
3775 607 3788 618 ·

549 681 723 725 autem
751 672 879 725 locis
898 684 1211 741 praesentem
1236 689 1498 728 cauouem
1521 676 1910 727 observandum
1948 691 2091 729 esse.

2205 676 2315 729 ἀλλ’
2341 678 2567 740 ἐκείνοις
2601 679 2699 741 μὲν
2726 680 2850 747 λέγε
2881 684 3102 748 κρατεῖν
3128 682 3255 743 ἔνθα
3280 684 3342 749 δὴ
3375 681 3474 732 καὶ
3501 683 3792 749 caseum]-

549 760 744 825 Excipe
771 761 900 812 mihi
922 777 1015 815 eos
1040 764 1127 827 qui
1155 772 1372 831 propter
1394 778 1585 818 causas
1610 766 1943 831 dogmaticas
1971 782 2101 817 con-

2202 762 2391 829 θησαν,
2429 768 2506 827 είς
2535 766 2589 816 δὲ
2620 766 2687 817 τὰ
2720 767 2879 819 λοιπὰ
2909 772 3128 836 κρατεῖν
3154 769 3244 820 τὸν
3274 770 3523 837 παρόντα
3557 771 3786 823 κανόνα.

558 852 896 905 demnantur.
939 852 994 904 In
1046 854 1151 907 illis
1203 854 1367 917 enim,
1398 854 1447 906 id
1471 855 1614 921 quod
1657 864 1738 907 est
1774 856 2103 923 synodaliter

2216 854 2466 916 ’Υπέξελέ
2494 874 2582 922 μοι
2604 857 2729 919 τοὺς
2746 858 2833 910 διὰ
2848 859 3181 926 δογματικὰς
3204 860 3491 921 ὑποθέσεις
3514 878 3795 929 κατακριο

552 942 965 1006 decernendum,
1003 944 1158 998 debet
1189 944 1341 1007 ﬁeri;
1382 943 1635 1013 quoniam
1673 960 1770 999 nec
1806 945 1870 997 ad
1907 958 2100 1013 pecca-

2208 944 2474 1009 νομένους.
2526 946 2642 997 Ἐπ’
2666 946 2893 1008 ἐκείνοις
2933 950 3040 1013 γὰρ
3080 949 3136 998 τὸ
3171 947 3470 1009 συνοδικῶς
3501 949 3795 1017 διορισθηο

552 1040 661 1081 tum
688 1046 789 1085 nec
825 1034 889 1084 ad
925 1036 1131 1086 crimen
1183 1035 1515 1088 reducuntur
1548 1034 1831 1088 lueresium
1877 1035 2101 1097 scelera,

2209 1033 2427 1103 σόμενον
2465 1035 2665 1103 ὀφείλει
2699 1036 2975 1103 γίνεσθαι*
3009 1038 3089 1088 ὅτι
3131 1036 3266 1105 μηδὲ
3295 1040 3376 1099 είς
3408 1038 3731 1105 ἁμάρτημα
3761 1038 3796 1104 ἢ

551 1119 641 1174 sed
679 1129 803 1175 sunt
834 1122 1036 1187 majore
1061 1125 1529 1180 animadversione
1566 1126 1748 1195 digna.

2211 1124 2449 1194 ἔγκλημα
2495 1125 2564 1177 τὰ
2609 1127 2714 1178 τῶν
2767 1127 3029 1195 αἱρέσεων
3086 1128 3380 1194 ἀνάγονται
3422 1130 3798 1196 ἁτοπήματα,

2201 1215 2334 1268 ἀλλά
2361 1218 2465 1268 εἰσι
2484 1216 2724 1283 μείζονος
2752 1217 3083 1287 ἐκδικήσεως
3112 1217 3236 1281 ἄξια

609 1294 861 1349 ZONAR.
900 1297 1117 1364 Magttns
1140 1300 1423 1369 Apostolus
1447 1301 1846 1371 etEvaugelista
1869 1302 2103 1359 Joannes

2271 1305 2513 1358 ΖΩΝΔΡ.
2568 1304 2628 1359 ’0
2658 1306 2830 1374 μέγας
2878 1306 3203 1369 Ἀπόστολος
3246 1307 3339 1359 καὶ
3381 1308 3803 1379 εὐαγγελιστὴς

553 1387 603 1439 in
636 1388 802 1451 prima
832 1402 924 1440 sna
951 1391 1211 1443 catholica
1236 1391 1498 1459 Epistula.
1544 1394 1661 1460 Eu,
1689 1397 1883 1464 inquit,
1919 1415 2101 1465 pecca-

2215 1397 2464 1462 Ὶωάννης
2500 1399 2557 1449 ὲν
2603 1399 2667 1475 τῇ
2716 1396 2905 1468 πρώτῃ
2951 1397 3060 1449 τῶν
3108 1398 3431 1451 Καθολικῶν
3482 1400 3802 1452 ἐπιστολῶν

552 1489 658 1530 tum
688 1482 753 1530 art
786 1491 997 1532 mortem
1018 1482 1056 1544 ‘,
1096 1492 1144 1535 et
1172 1492 1248 1536 est
1278 1496 1545 1551 peccatum
1586 1503 1686 1539 non
1745 1488 1814 1541 ad
1856 1499 2097 1543 mortem.

2217 1486 2362 1538 ιὺτοῦ
2399 1504 2561 1555 φησιν
2583 1502 2598 1517 θ
2639 1488 2842 1539 Ἔστιν
2886 1488 3138 1555 ἁμαρτία
3169 1489 3319 1555 πρὸς
3351 1490 3651 1555 θάνατον,
3693 1494 3804 1545 καὶ

548 1569 627 1622 Ad
667 1583 894 1623 mortem
920 1573 1135 1639 quidem
1184 1576 1345 1642 igitur
1390 1588 1667 1643 peccatum
1720 1594 1837 1634 esse
1882 1580 2098 1645 dicitur,

2218 1576 2369 1628 ἔστιν
2392 1575 2644 1641 ἁμαρτία
2666 1578 2741 1629 οὺ
2770 1576 2922 1641 πρὸς
2938 1576 3223 1631 θάνατον.
3251 1579 3397 1647 Πρὸς
3426 1580 3663 1632 θάνατον
3693 1583 3805 1650 μὲν

553 1661 689 1726 quod
729 1662 798 1713 ad
848 1677 981 1731 opus
1035 1680 1203 1730 usque
1258 1668 1616 1737 progreditur.
1672 1668 1826 1736 Quod
1874 1687 2001 1725 vero
2045 1674 2140 1740 in,

2215 1661 2291 1715 ὤν
2319 1667 2561 1735 ἁμαρτία
2587 1665 2801 1733 λέγεται
2835 1662 2977 1719 εἶναι
3012 1669 3044 1735 ή
3080 1668 3242 1738 μέχρι
3274 1669 3536 1738 πράξεως
3566 1689 3802 1740 προχω-

552 1751 951 1805 cuusultatione
1016 1763 1071 1807 et
1099 1769 1365 1809 consensu
1387 1757 1553 1821 sistit,
1591 1775 1697 1813 non
1726 1770 1809 1815 est
1845 1762 1914 1815 ad
1958 1776 2101 1815 m0r-
2130 1729 2139 1782 1

2220 1728 2453 1825 »ήσασαί
2485 1757 2518 1824 ή
2542 1755 2597 1807 δὲ
2636 1728 2797 1825 μέχρι
2826 1758 2920 1809 τοῦ
2949 1728 3346 1825 βοιᾷλὲύὲἑισθαί
3379 1728 3479 1813 καὶ
3512 1728 3807 1829 συγικαῆτα-

553 1852 679 1905 tem,
712 1844 873 1895 animi
906 1844 1185 1899 nimirum.
1228 1845 1339 1899 Nec
1371 1846 1514 1900 enim
1563 1846 1857 1904 fornicatus
1889 1852 2103 1921 judica-

2212 1843 2394 1895 θέσθαι
2429 1843 2487 1895 οὐ
2540 1843 2673 1909 πρὸς
2705 1844 2955 1907 θάνατον,
2993 1844 3235 1911 δηλονότι
3284 1847 3377 1898 τὸν
3413 1848 3677 1916 ψυχικόν,
3718 1850 3799 1903 Οὐ

554 1942 723 1998 retur,
774 1936 887 2002 qui,
935 1950 1055 1987 cum
1108 1936 1450 1990 fornicationi
1504 1952 1760 1995 assensus
1807 1941 1988 2002 fuerit.
2034 1945 2101 1997 ab

2212 1934 2307 2000 γὰρ
2329 1935 2522 2001 πόρνος
2545 1933 2610 1984 ἂν
2637 1932 2847 2001 κριθείη
2867 1936 2893 1985 6
2912 1934 3207 2003 πορνεῦσαι
3228 1937 3799 2023 συχκατατιθέμενος,

550 2023 765 2076 actione
820 2024 931 2091 ipsa
990 2025 1334 2080 nihilominus
1389 2026 1669 2082 abstinuit.
1726 2030 1815 2083 Ait
1870 2046 2101 2100 namque

2214 2022 2297 2090 τῆς
2326 2022 2381 2073 δὲ
2415 2022 2664 2089 πράξεως
2694 2023 3086 2090 ἀποσχόμενος.
3134 2022 3419 2091 Φησὶγὰρ
3450 2027 3478 2075 6
3527 2024 3801 2092 τέταρτος

548 2124 771 2183 quartus
800 2114 1218 2172 Neocmsariana:
1241 2123 1427 2190 synodi
1466 2136 1637 2177 canon
1667 2141 1680 2176 :
1725 2122 1777 2176 Si
1812 2123 1932 2189 quis
1979 2139 2099 2175 mu-

2213 2107 2381 2163 ιιανὼν
2404 2111 2500 2179 τῆς
2532 2113 2588 2162 ὲν
2617 2111 3018 2183 Νεοκαισαρεία
3046 2113 3264 2164 συνόδου
3290 2130 3305 2144 ⁸
3353 2114 3481 2166 Ἐὰν
3510 2114 3800 2183 προθῆταί

550 2202 736 2257 lierem
766 2207 1153 2272 concupiscens
1180 2223 1300 2262 cum
1332 2210 1447 2279 ipsa
1475 2214 1712 2266 dormire
1742 2212 2096 2280 proposuerit.

2208 2217 2279 2261 τις
2322 2200 2664 2269 ἐπιθυμήσας
2708 2204 2966 2266 γυναικὸς
3013 2203 3454 2272 συγκαθευδῆναι
3502 2206 3671 2273 αὐτῇ,
3715 2207 3795 2275 μὴ

549 2291 666 2360 ejus
688 2302 865 2346 autem
893 2294 1213 2350 desiderium
1245 2300 1310 2352 ad
1335 2315 1466 2366 opus
1491 2316 1593 2354 non
1620 2302 1860 2366 venerit;
1889 2299 2101 2353 videtur

2211 2289 2325 2359 ἔλθῃ
2374 2290 2429 2342 δὲ
2476 2292 2554 2350 είς
2588 2290 2749 2358 ἔργον
2780 2293 2927 2357 αὑτῷ
2960 2295 2991 2360 ή
3037 2294 3359 2364 ὲνθύμησις,
3397 2297 3655 2363 φαίνεται
3707 2297 3798 2348 ὅτι

552 2394 672 2433 esse
702 2395 729 2432 a
758 2384 929 2450 gratia
974 2384 1247 2439 liberatus.
1274 2382 1338 2441 Et
1367 2403 1471 2442 non
1506 2390 1720 2459 quidem
1757 2389 2099 2453 irreprehcn~

2210 2379 2303 2431 ὖπδ
2329 2380 2426 2448 τῆς
2454 2380 2672 2449 χάριτος
2706 2381 2966 2450 ἐρρύσθη.
2996 2384 3105 2435 Καὶ
3134 2386 3234 2436 οὐκ
3258 2386 3655 2453 ἁνεπιτίμητος
3688 2387 3797 2454 μὲν

548 2470 723 2523 sihilis
749 2474 852 2525 erit
898 2489 1186 2540 assensus;
1235 2488 1630 2543 verumtamen,
1688 2481 2097 2549 haudquaquam

2210 2472 2681 2538 Ιγσυγκατάθεσις,
2708 2472 2822 2525 ἀλλ’
2846 2473 2964 2525 οὐδὲ
2988 2474 3359 2543 καθαιρέσεως
3388 2476 3539 2538 ἄξιος
3567 2478 3637 2529 ἂν
3668 2494 3797 2543 κρι-

548 2560 883 2628 depositione
906 2565 1464 2635 dignnsjudicahitur,
1516 2571 1606 2637 qui
1648 2585 1929 2624 assensum
1981 2581 2098 2622 tan-

2208 2558 2318 2628 θείη
2346 2561 2837 2627 συγκαταθέμενος.
2871 2563 3005 2614 Οὐδὲ
3036 2564 3134 2631 μὲν
3164 2564 3191 2613 6
3215 2563 3475 2629 φονεῦσαί
3503 2582 3628 2617 τινα
3660 2566 3795 2634 βου-

546 2656 826 2707 tummodo
853 2658 1124 2722 praestitit.
1162 2658 1348 2727 Neque
1378 2675 1503 2714 vero
1542 2662 1631 2729 qui
1668 2662 1734 2713 de
1779 2661 1957 2729 aliquo
2002 2662 2099 2713 ho-

2211 2653 2558 2718 ιευσάμενος,
2595 2654 2687 2703 καὶ
2719 2653 3005 2719 ἐπιμείνας
3048 2653 3217 2720 μέχρι
3260 2653 3407 2715 τινὸς
3439 2654 3520 2723 τῷ
3561 2655 3798 2724 βουλεύ-

548 2741 693 2795 mine
727 2743 1099 2801 interﬁciendo
1143 2750 1479 2817 deliberavit,
1507 2763 1561 2805 et
1605 2753 1942 2819 aliquatenus
1972 2752 2098 2805 huic

2204 2757 2350 2805 ματι,
2385 2737 2483 2792 εἴτ’
2515 2740 2758 2803 ἀποστὰς
2788 2741 2953 2794 αὑτοῦ
2985 2744 3079 2795 καὶ⁵
3114 2744 3311 2812 πράξει
3345 2745 3418 2813 μὴ
3446 2747 3791 2817 ἐγχειρήσας

544 2833 921 2889 consultationi
959 2839 1278 2907 immoratus
1318 2852 1421 2905 est,
1451 2843 1640 2895 deinde
1673 2852 1847 2894 antem
1892 2842 1957 2895 ab
2007 2840 2094 2893 illa

2203 2830 2470 2897 λογισθείη
2503 2831 2713 2897 φονεύς.
2750 2832 2856 2883 Καὶ
2886 2834 3120 2887 πειθέτω
3148 2836 3294 2903 ἡμᾶς
3370 2837 3505 2905 περὶ
3533 2838 3732 2891 τούτου
3760 2842 3790 2893 6

545 2925 776 2985 destitit.
808 2941 907 2979 nec
936 2931 1085 2994 operi
1110 2944 1302 2984 manus
1340 2932 1596 2993 admovit,
1644 2931 1908 2985 homicida
1948 2931 2093 3000 judi-

2200 2921 2372 2989 μέγας
2416 2922 2473 2972 ἐν
2524 2920 2772 2989 θεολογία
2814 2922 3134 2992 Γρηγόριος,
3185 2924 3395 2991 λέγειν·
3454 2928 3519 2978 Et
3572 2928 3787 2995 κρίνεις

543 3015 774 3069 οειιιίιιιτ.
809 3016 884 3067 Ac
918 3017 1072 3070 nobis
1117 3020 1329 3087 quidem
1372 3020 1525 3075 fidem
1576 3022 1735 3075 faciat
1786 3022 1884 3075 hac
1924 3023 1989 3075 de
2031 3035 2089 3073 re
2124 3061 2130 3099 ε

2203 3012 2358 3078 φόνου
2388 3014 2479 3065 τὸν
2510 3013 2726 3079 φονικὸν
2770 3014 2831 3065 ἔκ
2864 3016 3027 3083 μόνου
3072 3013 3168 3067 τοῦ
3209 3016 3537 3085 βούλεσθαι,
3580 3022 3674 3071 καὶ
3719 3022 3790 3071 τὰ

543 3118 768 3171 magnus
794 3104 1094 3173 Theologus
1157 3107 1469 3175 Gregorius,
1518 3110 1780 3164 dicendo:
1834 3110 1887 3163 Si
1936 3110 2096 3163 caedis

2202 3102 2344 3164 ἑξῆς.
2377 3101 2532 3154 Οὕτω
2560 3102 2616 3153 δὲ
2641 3105 2734 3153 καὶ
2761 3104 2787 3154 6
2822 3104 2993 3171 μέγας
3020 3105 3317 3168 Βασίλειος,
3347 3107 3542 3177 ὥσπερ
3564 3110 3789 3179 εἴρηται

542 3195 771 3246 damnas
791 3192 1112 3249 homicidam
1138 3213 1201 3251 ex
1228 3213 1293 3252 eo
1335 3200 1506 3253 solum
1552 3201 1690 3267 quod
1754 3199 2092 3269 cogitaverit,

2201 3191 2573 3261 ἐπιλαϐόμενος,
2607 3194 2773 3260 φησὶ,
2802 3194 2927 3254 τοὺς
2955 3193 3053 3261 τὴν
3081 3197 3215 3265 πρὸς
3244 3195 3476 3250 θάνατον
3503 3201 3788 3270 ἁμαρτίαν

540 3292 595 3335 et
628 3298 745 3350 qua:
793 3299 1115 3354 sequuntur.
1170 3290 1364 3343 Eodem
1395 3292 1551 3345 modo
1596 3307 1822 3359 magnus
1881 3304 2090 3358 quoque

2198 3282 2602 3348 ἁμαρτάνοντας
2639 3281 2931 3351 κληρικοὺς
2971 3284 3262 3337 ἐκπίπτειν
3300 3289 3400 3357 μὲν
3433 3290 3531 3341 τοῦ
3566 3290 3785 3359 βαθμοῦ

540 3372 797 3436 Basilius,
834 3385 892 3428 ut
934 3377 1132 3430 dictum
1190 3390 1291 3443 est,
1340 3380 1695 3449 Evangelislm
1730 3383 1889 3434 verba
1934 3397 2087 3434 assu-

2197 3370 2287 3438 τῆς
2320 3372 2636 3438 ἱερωσύνης,
2668 3371 2765 3437 τῆς
2790 3371 2847 3425 δὲ
2875 3376 3155 3437 κοινωνίας
3179 3376 3287 3428 τῶν
3321 3378 3530 3431 λαῖκῶν
3562 3381 3639 3451 μὴ
3667 3399 3784 3435 κω-

540 3476 716 3525 mens,
745 3463 819 3515 ait
849 3464 1100 3529 clericos,
1143 3470 1233 3535 qui
1264 3481 1542 3538 peccatum
1584 3472 1649 3526 ad
1694 3481 1916 3525 mortem
1960 3487 2083 3536 pec-

2197 3460 2447 3522 λύεσθαι,
2478 3462 2641 3530 ήγουν
2687 3461 2779 3513 τοῦ
2816 3465 3191 3533 συνεύχεσθαι.
3224 3470 3300 3519 Οὔ
3334 3472 3444 3538 γὰρ
3482 3474 3784 3541 στήσονται

542 3561 687 3613 rant,
720 3555 964 3609 excidere
993 3558 1203 3624 quidem
1244 3563 1308 3614 de
1328 3562 1611 3616 sacerdotii
1650 3566 1837 3630 gradu,
1868 3576 2087 3613 verum—

2199 3550 2317 3602 οῦτε
2351 3553 2407 3603 ὲν
2454 3554 2802 3620 ἀκροωμένου
2832 3555 2980 3623 τόπῳ
3009 3556 3129 3608 οὔτε
3160 3561 3221 3610 έν
3260 3560 3630 3617 ὑποπίπτοντι
3650 3580 3666 3597 ο
3700 3566 3786 3619 ὅτι

545 3653 718 3694 tamen
774 3658 802 3695 a
860 3643 1119 3699 Iaicorum
1151 3652 1525 3705 communione
1574 3666 1677 3704 non
1734 3650 1927 3711 arceri,
1981 3650 2083 3701 hoc

1613 3666 1677 3704 on
1734 3650 1927 3711 arceri,
1981 3650 2083 3701 hoc
2198 3645 2318 3695 Οὐκ
2345 3642 2683 3707 ἐκδικήσεις
2708 3644 2801 3705 ὄις
2829 3645 2926 3695 ἐπὶ
2948 3646 3012 3697 τὸ
3038 3649 3200 3701 αὐτό.

540 3744 641 3798 est,
671 3741 954 3805 quominus
986 3743 1283 3798 cumlaicls
1326 3746 1622 3800 consistant
1644 3755 1697 3799 et
1721 3761 1823 3799 una
1858 3752 2172 3812 precentur.
2224 3735 2403 3803 Neque
2429 3737 2573 3787 enim
2634 3736 2714 3789 vel
2768 3736 2820 3790 in
2884 3742 3215 3795 audientium
3274 3744 3355 3796 vel
3415 3745 3468 3797 in
3532 3746 3786 3799 substra-

541 3831 699 3883 tionis
744 3830 914 3884 locum
970 3835 1374 3903 relegabuntur;
1424 3838 1637 3905 quando
1676 3838 1910 3906 quidem,
1966 3833 2087 3886 Non
2127 3828 2411 3882 υίηάίεαῦέδ
2446 3828 2522 3878 δίε
2548 3828 2601 3879 in
2632 3828 2882 3890 ίάίιηωη·

607 3918 831 3974 ARIST.
866 3920 1106 3978 Clericus
1134 3926 1223 3994 qui
1247 3929 1466 3981 mortale
1488 3939 1765 3997 peccatum
1794 3926 2083 3987 commisit,

2269 3916 2507 3967 ‘APIZT.
2551 3916 2663 3983 Τὴν
2691 3917 2825 3984 πρὸς
2854 3918 3083 3972 θάνατον
3112 3920 3445 3989 ἁμαρτήσας
3478 3924 3743 3993 κληρικὸς
3762 3970 3778 3993 ,

538 4027 644 4063 una
669 4026 789 4065 cum
830 4014 1027 4080 populo
1058 4022 1423 4071 communicat
1451 4020 1517 4073 de
1548 4021 1715 4087 gradu
1754 4028 1958 4071 tantum
1993 4018 2084 4068 de-

2191 4005 2326 4072 μετὰ
2362 4006 2455 4057 τοῦ
2486 4005 2617 4058 λαοῦ
2651 4010 2928 4071 κοινωνεῖ,
2961 4009 3053 4061 τοῦ
3096 4011 3307 4079 βαθμοῦ
3345 4018 3740 4084 καταγόμενος
3761 4036 3772 4050 ·

533 4102 708 4168 jectus
734 4117 747 4163 ;
776 4100 835 4154 In
858 4102 995 4156 idem
1027 4105 1167 4158 enim
1205 4106 1285 4160 his
1318 4122 1420 4160 non
1454 4108 1774 4162 vindicabis.

1612 4109 1774 4162 nabis.
2188 4093 2263 4143 Οὐ
2284 4094 2391 4160 γὰρ
2415 4094 2718 4161 ὲκδικήσεις
2744 4095 2823 4156 δὶς
2854 4097 2945 4147 ἐπὶ
2972 4096 3030 4148 τὸ
3052 4098 3199 4150 αὑτό.

610 4192 895 4244 Peccatum
930 4194 993 4245 ad
1019 4206 1241 4248 mortem
1271 4198 1470 4252 ducens
1494 4209 1576 4251 est
1606 4200 1786 4251 carnis
1820 4198 2080 4263 voluptas.

2257 4184 2396 4251 Πρὸς
2429 4184 2655 4234 θάνατόν
2684 4188 2801 4236 ἐστι
2829 4188 3146 4252 κατάγουσα
3173 4191 3418 4259 ἁμαρτία
3446 4194 3480 4257 ή
3502 4195 3603 4261 τῆς
3636 4213 3775 4266 σαρ-

543 4279 596 4328 Si
630 4280 747 4345 quis
773 4282 950 4348 itaque
979 4281 1202 4336 clericus
1230 4282 1521 4339 fornicatus
1548 4284 1729 4348 fuerit,
1772 4288 1936 4353 gradu
1967 4288 2085 4355 qui-
2119 4327 2130 4379 1

2187 4273 2275 4334 κὸς
2309 4273 2493 4340 ἡδονή.
2530 4273 2595 4324 Et
2620 4290 2700 4335 τις
2735 4274 2864 4340 γοῦν
2893 4276 3156 4344 κληρικδς
3188 4283 3505 4349 πορνεύσει,
3541 4286 3634 4336 τοῦ
3671 4289 3774 4353 μὲν

540 4368 661 4419 dem
696 4371 977 4423 sacerdotii
1008 4372 1273 4440 dejicitur,
1308 4375 1399 4428 sed
1438 4390 1465 4425 a
1499 4375 1674 4427 divina
1706 4378 2083 4429 communione
2120 4363 2127 4379 ’

2186 4363 2396 4431 βαθμοῦ
2451 4364 2548 4425 τῆς
2604 4365 2904 4433 ἱερωσύνης
2955 4368 3289 4435 κατάγεται,
3347 4372 3447 4439 τῆς
3501 4374 3555 4426 δὲ
3616 4375 3771 4438 θείας

541 4471 644 4509 non
672 4465 903 4509 arcetur.
932 4459 1024 4512 sed
1064 4474 1182 4512 eum
1218 4461 1369 4513 laicis
1402 4462 1780 4515 communicat.

2187 4454 2468 4513 κοινωνίας
2527 4454 2587 4505 οὐ
2644 4453 2942 4519 κωλύεται,
2997 4458 3132 4511 ἀλλὰ
3194 4463 3334 4527 μετὰ
3387 4463 3497 4515 τῶν
3559 4466 3772 4518 λναῖκῶν

2186 4547 2445 4596 κοινωνεῖ.

1064 4629 1291 4685 CANON
1321 4629 1559 4685 XXXIII.

2772 4638 3011 4690 ΚΛΝΩΝ
3042 4638 3159 4693 AI".

538 4718 730 4771 Mulier
781 4734 899 4785 quas
929 4720 980 4773 in
1016 4721 1096 4773 via
1127 4722 1351 4790 peperit,
1404 4733 1455 4776 et
1481 4725 1561 4776 sui
1595 4724 1946 4782 fetus.curam
1974 4742 2077 4781 non

2197 4731 2259 4781 'H
2316 4730 2451 4799 γυνὴ
2508 4733 2539 4798 ή
2598 4731 2683 4782 διὰ
2735 4732 2832 4796 τῆς
2880 4732 2997 4784 ὁδοῦ
3049 4736 3335 4803 κυήσασα,
3399 4741 3495 4790 καὶ
3549 4740 3767 4811 ἀμελή-

840 4810 1022 4876 gessit,
1050 4813 1212 4867 caedis
1240 4814 1461 4869 crimine
1492 4825 1751 4871 teneatur.
2260 4837 2398 4873 σασα

2260 4837 2398 4873 σασα
2454 4823 2548 4871 τοῦ
2610 4823 2909 4888 κυήματος,
2961 4825 3037 4892 τῷ
3089 4825 3183 4877 τοῦ
3234 4828 3395 4895 φόνου
3449 4832 3764 4903 ἐγκλήματι

2252 4908 2574 4960 ὑποκείσθω.

611 4985 799 5038 BALS.
839 4986 1022 5041 Mulier
1058 4992 1298 5057 quaedam
1349 4994 1563 5059 gravida
1614 4996 1713 5049 iter
1760 4998 1994 5065 ingressa
2030 5000 2080 5050 in

2254 4998 2445 5049 ΒΑΛΣ.
2494 4998 2635 5066 Γυνή
2683 5016 2764 5061 τις
2810 5001 3004 5068 ἔγκυος
3055 5003 3311 5058 ὁδεύουσα
3361 5008 3550 5061 ἔτεκεν
3590 5015 3647 5064 ὲν
3690 5019 3756 5084 τῇ

537 5078 621 5130 via
659 5079 881 5146 peperit,
907 5089 958 5130 et
992 5095 1110 5133 cum
1137 5092 1315 5148 posset
1350 5087 1488 5149 quod
1518 5095 1723 5153 partum
1758 5097 1874 5141 erat
1905 5089 2079 5140 vivum

2181 5085 2306 5155 ὀδῷ,
2345 5087 2437 5139 καὶ
2467 5088 2738 5156 δυναμένη
2767 5087 3104 5160 ζωογονῆσαι
3129 5095 3191 5146 τὸ
3220 5098 3445 5163 κυηθὲν,
3491 5107 3731 5170 κατειρρό

537 5168 699 5226 tueri.
732 5167 899 5233 ipsum
933 5167 1178 5234 neglexit.
1236 5171 1374 5225 Dicit
1415 5188 1542 5241 ergo
1575 5188 1790 5231 sanctus
1826 5193 1941 5231 eam
1981 5180 2080 5229 Ito-

2182 5194 2343 5243 νησεν
2370 5177 2531 5231 αὐτοῦ
2551 5191 2571 5210 ⁶
2595 5181 2756 5247 φησὶν
2778 5183 2805 5233 6
2830 5181 2983 5248 ἅγιος
3006 5184 3083 5252 τῷ
3098 5184 3189 5237 τοῦ
3215 5189 3421 5253 φονέως
3445 5167 3752 5261 ἐγκλήματι

516 5253 739 5321 ,ιὶιίοἰόὶἰ
768 5254 991 5308 crimine
1015 5258 1234 5311 omnino
1256 5260 1445 5324 teneri,
1473 5262 1678 5317 etiamsi
1708 5281 1811 5318 non
1843 5276 2080 5318 mortuus

2179 5266 2380 5334 ταύτην
2420 5267 2732 5321 ὑποκεῖσθαι
2780 5272 3014 5333 πάντως,
3064 5276 3166 5326 κᾶν
3216 5276 3289 5344 μὴ
3338 5253 3641 5351 τελευτήαή
3684 5286 3749 5335 τὸ

537 5343 608 5396 sit
638 5340 833 5403 infans.
865 5343 955 5394 sed
990 5344 1055 5396 ah
1084 5346 1186 5396 alio
1218 5349 1471 5402 educatus
1500 5353 1585 5404 sit.
1632 5353 1779 5419 Quod
1830 5356 1969 5407 enim
2028 5359 2078 5409 in

2181 5355 2397 5422 βρέφος,
2430 5355 2561 5407 ἀλλὰ
2604 5359 2729 5424 παρ’
2769 5360 2951 5428 ἐτέρου
2987 5340 3319 5435 ζωογονήθῇ.
3360 5369 3433 5420 Τὸ
3466 5340 3572 5438 γάρ
3612 5340 3747 5425 ῦποο

537 5429 737 5483 crimeu
768 5428 999 5494 incidat,
1033 5431 1232 5487 infante
1264 5448 1471 5491 mortuo
1495 5476 1509 5502 ,
1542 5448 1622 5491 est
1662 5450 1809 5493 extra
1858 5450 2076 5495 contro-

2180 5442 2386 5496 κεῖσθαι
2421 5445 2585 5515 αὐτὴν
2618 5448 2694 5517 τῷ
2731 5450 3054 5521 ἐγκλήματι,
3090 5454 3184 5508 τοῦ
3213 5428 3453 5526 βρέφους
3476 5428 3745 5533 ’τελευτή-

610 5605 625 5633 '
664 5602 859 5657 lJoan.
890 5619 940 5665 ν,
980 5608 1057 5668 16,
1098 5611 1172 5661 I7.
