4006 6450
213 343 312 404 697
1163 356 1240 416 ΙΝ
1272 357 1512 420 EPIST.
1545 359 1602 419 S.
1650 360 1931 422 BASlLil
1969 362 2410 422 CANONl-CAM
2453 359 2536 420 II.
3332 355 3438 416 698

214 468 440 558 σὲντος,
481 454 748 522 ἀζήτητόν
799 458 911 511 ἐστι
953 462 1038 513 καὶ
1083 463 1465 532 ἀναμφίϐολον.
1514 468 1639 522 Ἐὰν
1677 470 1762 523 οὖν

1881 475 2109 528 versiam
2134 485 2187 526 et
2218 473 2344 526 nulli
2375 473 2587 542 penitus
2647 470 2884 525 dubium.
2939 467 3033 522 Sin
3098 481 3275 520 autem
3334 483 3438 521 non

210 542 323 613 εἶχε
381 542 516 613 πρὸς
569 546 751 612 ἰσχύος
800 547 1136 617 ζωογονῆσαι
1192 555 1251 605 τὴ
1301 555 1518 625 βρέφος,
1577 559 1605 611 δ
1634 561 1666 611 ὰ
1718 563 1762 613 τί

1885 566 2044 620 fuerit
2074 568 2122 616 in
2156 565 2270 630 ejus
2301 574 2561 630 potestate
2593 562 2852 616 infantem
2875 562 3054 614 vivum
3089 561 3264 625 tueri,
3295 562 3438 628 quod

208 632 461 686 ἕλκεσθαι
496 636 654 704 τυχὸν
687 638 789 690 ὑπὸ
820 639 1089 709 πολεμίων
1119 642 1194 707 ὡς
1227 646 1593 714 αἰχμάλωτος,
1624 650 1762 702 ούδό-

1883 659 1948 712 ab
1983 657 2224 710 hostibus
2253 654 2391 709 forte
2415 666 2470 706 ut
2497 655 2702 722 captiva
2737 653 3060 712 traheretur,
3092 652 3314 704 minime
3340 665 3440 716 pu-

207 725 310 786 λως
353 725 767 796 κολασθήσεται.
809 732 917 784 Καὶ
963 733 1274 801 ἀνάγνωσον
1319 741 1410 792 τὸν
1457 741 1533 808 νβ’
1578 742 1776 794 κανόνα

205 815 298 866 τοῦ
353 817 510 883 ἁγίου
565 819 778 882 τούτου,
830 823 1201 892 ὲρμηνεύοντα
1255 828 1348 879 καὶ
1398 830 1486 880 τὸν
1535 831 1776 898 παρόντα

205 909 426 962 κανόνα.
461 911 594 978 Περὶ
632 910 812 978 μέντοι
846 913 939 964 τοῦ
981 914 1341 980 κολάζεσθαι,
1383 918 1489 970 εἴτε
1530 923 1624 971 καὶ
1662 923 1770 988 μὴ,

202 1001 298 1058 τὰς
336 998 690 1066 έκτιθεμένας
739 1001 806 1053 τὰ
837 1002 1010 1055 οἰκεῖα
1060 1003 1230 1073 βρέφη
1283 1008 1362 1067 είς
1405 1006 1502 1069 τὰς
1536 1007 1775 1075 εἰσόδους

200 1085 306 1135 τῶν
335 1085 498 1138 θείων
518 1088 662 1140 ναῶν
685 1087 839 1155 λόγος
868 1091 1083 1156 ἐγένετο
1105 1093 1377 1162 διαφόρως
1405 1097 1498 1148 ἐπὶ
1525 1098 1776 1150 συνελεύ-

201 1192 283 1228 σει
319 1177 570 1247 συνοδικῇ
599 1195 614 1208 ο
647 1179 738 1230 καὶ
769 1180 964 1249 ἤρεσεν
994 1182 1068 1245 ὡς
1103 1184 1423 1252 φονευτρίας
1449 1185 1650 1249 ταύτας
1679 1205 1759 1240 κο.

197 1268 477 1336 λάξεσθαι,
513 1271 618 1322 κὲν
663 1273 812 1341 παρά
843 1290 1004 1325 τινων
1040 1273 1107 1326 τὰ
1140 1274 1312 1345 βρέφη
1341 1277 1770 1347 ζωογονηθιῖκῖιν.

207 1359 509 1424 Ἀνὶγνωθι
548 1360 642 1411 καὶ
676 1361 871 1428 κεφάλ.
916 1361 958 1415 δ’
1003 1362 1096 1416 τοῦ
1144 1362 1197 1429 ς’
1222 1365 1400 1418 τίτλου
1432 1365 1524 1419 τοῦ
1562 1367 1644 1420 λα’
1685 1368 1771 1438 βι·

196 1449 344 1502 ϐλῖου
376 1451 518 1503 οὕτω
556 1451 709 1518 λέγον
730 1469 742 1482 ·
773 1453 990 1505 Φονεύει
1033 1454 1095 1507 τὸ
1118 1456 1432 1524 τικτόμενον
1464 1458 1523 1510 οὐ
1556 1458 1714 1527 μόνος
1743 1460 1771 1512 ό

195 1539 421 1607 πνίγων,
453 1540 591 1594 ἀλλὰ
620 1543 711 1596 καὶ
737 1543 765 1593 ό
796 1543 1023 1613 ῥίπτων,
1052 1544 1149 1598 καὶ
1175 1548 1204 1598 ό
1244 1547 1318 1615 μὴ
1344 1548 1579 1616 τρέφων,
1612 1551 1707 1603 καὶ
1741 1553 1770 1604 ό

193 1630 537 1699 ὲνδημοσίοις
574 1632 758 1696 τόποις
797 1635 1142 1703 ἐκτιθέμενος
1183 1638 1275 1688 ἐπὶ
1310 1638 1670 1710 ἐλεημοσύνη,
1701 1642 1768 1713 ῆν

194 1719 356 1782 αὐτὸς
390 1721 491 1773 οὐκ
534 1720 712 1790 ἔσχεν.
776 1724 1072 1792 ’Δνάγνωθι
1106 1725 1201 1780 καὶ
1234 1728 1325 1780 τὸν
1357 1728 1401 1796 β’
1428 1729 1551 1782 ὅλον
1592 1731 1768 1785 τίτλον

194 1814 286 1863 τοῦ
318 1810 404 1878 λγ¹
434 1811 643 1880 βιϐλίου
670 1813 1038 1884 διοριζόμενον
1067 1821 1190 1881 τοὺς
1221 1821 1624 1890 ὲκτιθεμένους,
1659 1823 1763 1876 κᾶν
1793 1817 1837 1873 Β

193 1899 369 1952 δοῦλοι
401 1895 536 1954 ὦσιν
558 1941 573 1964 ,
599 1901 931 1957 ἀπεντεῦθεν
959 1906 1395 1979 ἐλευθεροῦσθαι.
1425 1909 1766 1974 Κολάζεσθαι

193 1989 379 2058 μέντοι
405 1989 610 2060 ὀφείλει
634 1993 666 2060 ἡ
694 1993 915 2063 τοιαύτη
943 1995 1079 2065 γυνὴ
1109 1997 1215 2050 ἀπὸ
1243 1997 1480 2068 μεγάλης
1511 2001 1767 2070 ἀμελείας

191 2081 433 2142 ἐοικυίας
463 2079 617 2151 δόλῳ,
644 2085 741 2150 τῆς
768 2086 860 2135 καὶ
885 2084 1185 2157 λεγομένης
1214 2089 1364 2158 παρὰ
1387 2090 1496 2142 τῶν
1518 2107 1764 2159 νομομα-

191 2162 302 2222 θῶν
341 2169 512 2240 λάτης
550 2171 811 2242 κούλπης.
846 2176 1017 2244 Τυχδν
1045 2177 1152 2248 γὰρ
1177 2177 1309 2231 οὖσα
1343 2179 1606 2250 ἐπιμελὴς
1637 2182 1770 2250 περὶ

197 2260 261 2314 τὰ
286 2263 486 2329 οἰκεῖα,
517 2265 644 2332 περὶ
673 2266 772 2330 τὴν
801 2265 896 2318 τοῦ
931 2266 1162 2347 βρέφους
1194 2269 1524 2340 ζωογόνησιν
1554 2272 1765 2342 διετέθη

193 2355 696 2423 καταφρονητικῶς.
748 2356 902 2410 Ἐπεί
936 2357 1019 2410 τοί
1059 2376 1121 2427 γε
1168 2361 1262 2413 ἐὰν
1316 2363 1447 2431 περὶ
1483 2364 1549 2416 τὰ
1593 2363 1769 2417 οἰκεῖα

195 2443 412 2514 τοιαύτη
438 2441 505 2515 ἦν
531 2447 760 2516 ἀμελὴς,
785 2447 817 2517 ἢ
846 2449 921 2510 ὡς
949 2449 1084 2502 οὖσα
1105 2451 1353 2521 εὐγενὴς,
1383 2453 1477 2506 καὶ
1503 2453 1578 2524 μὴ
1601 2455 1769 2506 είδυῑα

193 2535 290 2603 τὴν
320 2534 586 2606 βρεφικὴν
614 2539 950 2607 ἐπιμέλειαν,
984 2540 1015 2612 ἢ
1047 2539 1121 2604 ὡς
1151 2543 1293 2594 κατὰ
1324 2542 1483 2611 φύσιν
1514 2545 1770 2613 ἀνεπιτη-

189 2624 308 2678 δεία
339 2625 508 2690 οὖσα,
538 2629 631 2681 καὶ
665 2631 862 2700 συνέϐη
909 2634 1337 2702 τοιουτοτρόπως
1368 2637 1429 2687 τὸ
1460 2635 1659 2706 βρέφος
1692 2637 1766 2707 μὴ

191 2713 620 2786 ζωογονηθῆναι,
659 2719 719 2772 ού
749 2720 1164 2791 κολασθήσεται,
1194 2724 1266 2787 ὡς
1303 2720 1479 2792 οἴμαι.

262 2808 513 2863 ΖΩΝΔΡ.
586 2810 713 2862 Ἐὰν
771 2811 909 2881 γυνὴ
964 2812 1157 2880 εγκυος
1214 2815 1474 2870 ὁδεύουσα
1533 2817 1768 2889 ὠδινήσῃ

193 2899 287 2951 καλ⁵
315 2898 451 2968 τέκῃ
483 2901 541 2952 έν
569 2902 634 2970 τῇ
664 2900 789 2970 όδῷ,
820 2903 1091 2972 δυναμένη
1124 2904 1460 2972 ζωογονῆσαι
1491 2909 1581 2960 καὶ
1613 2924 1768 2978 περι-

195 2991 366 3043 σῶσαι
401 2991 464 3042 τὸ
496 2991 758 3061 γεννηθὲν
786 2994 1187 3063 καταφρονήσει
1211 2997 1396 3061 αὑτοῦ,
1433 3001 1528 3051 καὶ
1569 3001 1767 3069 ἀφήσει

1881 751 2077 803 nietttr.
2111 749 2166 802 Et
2203 750 2316 817 iege
2354 761 2614 800 cauonem
2644 745 2712 799 52
2746 744 2903 812 bajus
2934 743 3103 796 sancti
3125 779 3141 801 ,
3170 743 3260 810 qui
3303 756 3442 808 pra-

1879 852 2084 895 sentem
2115 842 2275 893 etiam
2303 854 2560 893 canonem
2591 838 2993 905 interpretatur.
3026 835 3104 886 An
3136 843 3315 885 autem
3353 847 3437 885 es-

1877 940 1997 988 sent
2036 932 2350 998 puniendm,
2397 943 2520 998 quae
2560 929 2802 995 proprios
2846 925 2981 978 ﬁlios
3036 925 3086 976 in
3137 925 3434 976 divinorum

1877 1020 2193 1088 templorum
2228 1017 2462 1072 aditibus
2493 1026 2790 1083 exponunt,
2823 1029 3024 1075 annon,
3081 1013 3136 1065 in
3192 1009 3434 1080 synodali

1875 1108 2255 1179 congressione
2283 1106 2429 1160 varie
2458 1105 2812 1170 disceptatum
2858 1109 2939 1154 e~t
2966 1115 2980 1162 ;
3014 1109 3064 1152 et
3114 1097 3311 1166 placuit
3344 1109 3437 1150 eas

1872 1209 1931 1254 ut
1982 1197 2280 1252 homicidas
2329 1195 2551 1264 puniri,
2604 1194 2707 1247 etsi
2766 1192 2998 1245 infantes
3050 1191 3116 1242 ab
3169 1188 3438 1257 aliquibus

1873 1292 2188 1341 educentur.
2222 1285 2359 1353 Lege
2392 1295 2445 1338 et
2499 1298 2621 1351 cap.
2652 1283 2686 1336 4
2709 1321 2724 1343 ,
2776 1282 2855 1334 tit.
2887 1280 2918 1333 6
2944 1321 2957 1342 ,
2995 1280 3087 1331 lib.
3123 1295 3249 1332 xxxi
3296 1279 3436 1346 quod

1876 1381 1954 1433 sic
1984 1380 2112 1432 dicit
2160 1377 2415 1432 :Orcidit
2463 1375 2628 1431 fetum
2678 1389 2784 1429 non
2833 1372 3003 1426 solum
3056 1371 3143 1435 qui
3191 1369 3435 1430 suffocat,

1871 1471 1962 1527 sed
2000 1471 2160 1524 etiam
2190 1469 2280 1537 qui
2315 1467 2518 1533 adjicit,
2550 1475 2606 1521 et
2633 1479 2737 1519 non
2763 1465 2951 1528 nutrit,
2976 1471 3025 1515 et
3057 1461 3146 1526 qui
3181 1462 3230 1513 in
3263 1459 3439 1528 publi-

1871 1564 1950 1617 cis
1977 1561 2110 1615 locis
2139 1560 2360 1629 exponit
2387 1558 2453 1612 ad
2487 1554 2938 1618 miscricordiam,
2977 1567 3138 1619 quam
3185 1550 3298 1617 ipse
3329 1563 3434 1604 non

1869 1653 2073 1709 habuit.
2107 1651 2248 1721 Lege
2277 1651 2385 1721 93
2406 1661 2461 1705 et
2495 1658 2663 1703 totum
2695 1648 2778 1702 tit.
2821 1647 2892 1711 Ξ,
2950 1645 3043 1699 lib.
3099 1656 3268 1697 xxxnt
3292 1681 3309 1708 ,
3343 1640 3437 1709 qui

1869 1745 2107 1802 decernit
2131 1758 2224 1797 eos
2249 1743 2339 1799 aui
2368 1750 2728 1811 exponuntur,
2762 1736 2973 1794 etiamsi
3024 1735 3164 1790 servi
3195 1734 3304 1788 sint
3327 1772 3343 1797 ,
3369 1746 3436 1786 eo

1867 1839 1981 1906 ipso
2011 1837 2206 1891 liberos
2230 1833 2390 1889 eiiici.
2425 1834 2595 1888 Debet
2623 1841 2798 1887 tamen
2847 1828 3024 1899 puniri
3079 1827 3270 1881 mulier
3308 1839 3438 1893 pro-

1867 1941 1984 1999 pter
2019 1943 2263 1998 magnam
2294 1926 2695 1995 negligentiam,
2717 1938 2836 1992 quae
2861 1921 2986 1977 dolo
3025 1920 3391 1988 aequiparatur
3417 1933 3434 1971 :

1868 2036 1986 2088 quae
2031 2019 2247 2088 quidem
2310 2031 2340 2070 a
2380 2016 2707 2085 jurisperitis
2754 2014 2862 2067 lata
2900 2010 3054 2077 culpa
3112 2010 3436 2063 nominatur.

1867 2103 2028 2158 Forte
2057 2104 2198 2158 enim
2224 2118 2345 2157 cum
2379 2113 2523 2158 esset
2553 2101 2751 2171 alioqui
2813 2103 2866 2152 in
2917 2099 3078 2152 rebus
3127 2096 3440 2152 domesticis

1869 2197 2091 2265 diligens
2125 2203 2181 2248 et
2210 2194 2462 2256 sollicita,
2490 2193 2542 2246 in
2572 2190 2853 2247 educando
2879 2187 3082 2242 infante
3115 2187 3216 2242 fuit
3269 2188 3438 2257 negli-

1869 2300 2017 2353 gens.
2049 2283 2181 2338 Nam
2215 2286 2258 2337 si
2292 2284 2343 2338 in
2372 2284 2687 2338 domesticis
2723 2283 2884 2334 rebus
2909 2281 3030 2334 talis
3075 2288 3217 2337 esset
3274 2278 3434 2347 neglia

1868 2391 2020 2442 gens,
2051 2376 2129 2428 vel
2163 2385 2217 2429 ut
2255 2388 2374 2442 qum
2404 2382 2546 2426 esset
2579 2372 2740 2425 nobili
2769 2371 2889 2424 loco
2930 2379 3078 2430 nata,
3109 2383 3211 2422 nec
3265 2369 3431 2421 sciret

1867 2469 2134 2537 quomodo
2165 2465 2425 2519 infantum
2455 2471 2597 2517 esset
2631 2463 2872 2516 habenda
2901 2477 3053 2519 cura.
3105 2458 3186 2513 vel
3237 2459 3434 2527 alioqui

1870 2568 2055 2611 natura
2090 2557 2154 2608 ad
2180 2556 2294 2608 hac
2350 2569 2455 2607 non
2508 2563 2652 2621 apta,
2701 2561 2755 2605 et
2801 2551 3024 2617 contigit
3071 2549 3330 2603 infantem
3372 2564 3434 2603 ea

1870 2647 2078 2699 ratione
2113 2644 2288 2697 vivum
2322 2658 2427 2697 non
2457 2643 2688 2706 servari,
2726 2641 2865 2695 haud
2897 2641 3169 2709 punietur,
3198 2651 3254 2693 ut
3285 2649 3435 2710 puto.

1939 2819 2187 2876 ZONAR.
2232 2818 2288 2873 Si
2320 2817 2514 2872 mulier
2557 2815 2772 2885 gravida
2825 2815 2928 2870 iter
2979 2815 3180 2871 faciens
3235 2823 3436 2870 tentata

1873 2911 2144 2964 doloribus
2171 2910 2348 2979 pariat
2372 2909 2425 2962 in
2454 2910 2563 2972 via,
2595 2923 2826 2978 cumque
2875 2909 3055 2961 vivum
3103 2923 3167 2962 ac
3222 2906 3433 2960 incolu-

1870 3019 2007 3057 mem
2045 3004 2210 3058 fetum
2252 3015 2470 3058 servare
2493 3010 2695 3069 posset,
2719 3000 2866 3054 illum
2896 2999 3212 3068 neglexerit,
3247 2998 3430 3051 omni-

192 3081 612 3151 ἁνεπιμέλητον,
637 3083 712 3146 ὡς
732 3084 1035 3151 φονεύσασα
1047 3085 1178 3138 αὐτὸ
1205 3086 1442 3157 κρίνεται
1464 3107 1478 3121 ο
1502 3089 1602 3143 κᾶν
1627 3090 1755 3155 ἴσως

1866 3109 1966 3162 que
1992 3093 2133 3147 illius
2160 3092 2362 3159 abiecta
2394 3105 2521 3146 cura
2553 3090 2871 3154 deseruerit,
2911 3104 2972 3142 ac
3017 3088 3062 3142 si
3111 3088 3288 3154 ipsum
3337 3087 3426 3140 iu-

191 3173 252 3225 τδ
283 3173 482 3243 βρέφος
514 3173 696 3243 ἕτερός
726 3191 812 3237 τις
839 3176 1013 3245 εὑρὼν
1050 3177 1346 3247 ἀνέληται,
1376 3181 1471 3232 καὶ
1500 3183 1762 3253 ἐπιμελη-

1869 3185 2185 3247 terfecisset,
2255 3183 2649 3238 condemnatur
2689 3197 2704 3234 :
2739 3180 2947 3234 etiamsi
2987 3179 3126 3233 forte
3172 3179 3432 3231 infantem

194 3265 424 3332 σάμενος
457 3263 790 3336 ζωογονήσῃ.
825 3267 889 3319 Εἰ
929 3268 984 3320 δὲ
1029 3269 1288 3324 ἀδύνατόν
1316 3274 1431 3324 ἐστι
1473 3277 1763 3343 περιποιή-

195 3354 390 3407 σασθαι
424 3354 584 3407 τοῦτο
603 3395 616 3418 ,
648 3357 810 3425 τυχὸν
842 3356 948 3426 γὰρ
978 3360 1315 3428 αἰχμάλωτος
1354 3364 1516 3434 ἤγετο
1537 3402 1553 3426 ,
1583 3364 1678 3417 καὶ
1706 3367 1764 3420 ἐν

193 3447 255 3515 τῇ
297 3444 401 3513 ὁδῷ
440 3443 700 3514 ἔτεκεν,ἢ
751 3445 1042 3515 πολεμίους
1087 3451 1306 3518 ἔφευγε,
1352 3453 1446 3507 καὶ
1487 3455 1763 3523 φεύγουσα

194 3538 494 3606 ἀπεκύησε,
542 3537 637 3592 καὶ
678 3538 779 3592 οὐκ
819 3539 1051 3609 ἠδύνατο
1085 3543 1178 3594 καὶ
1220 3545 1422 3616 ἑαυτὴν
1462 3547 1764 3616 περισῶσαι

196 3628 285 3679 καὶ
334 3628 398 3680 τὸ
454 3627 677 3697 τεχθὲν,
745 3629 1009 3699 κρυϐεἷσα
1061 3631 1167 3701 γὰρ
1226 3633 1354 3697 ἴσως
1411 3638 1760 3707 κανεμηνύθη

193 3718 257 3775 ἃν
300 3719 405 3773 ὑπὸ
455 3720 551 3774 τοῦ
603 3720 837 3791 βρέφους
889 3724 1442 3798 κλαυθμυριζομένου.
1513 3746 1762 3799 συγγνω-

194 3811 474 3882 σθήσεται.

273 3989 516 4044 ἈΡΙΣΤ.
563 3989 630 4042 Ἦ
668 3991 920 4061 κυήσασα
963 3995 1020 4045 ὲν
1057 3993 1179 4065 ὀδῷ,
1219 3997 1312 4048 καὶ
1347 3999 1441 4050 τοῦ
1484 3999 1763 4068 τεχθέντος

188 4084 533 4152 ἁμελήσασα,
560 4083 870 4150 φονεύτρια.
900 4084 1128 4151 Σαφής.

791 4173 1028 4226 ΚΑΝΩΝ
1043 4176 1163 4232 AA’.

191 4265 302 4326 Τὰς
359 4263 742 4333 μοιχευθείσας
771 4268 1070 4332 γυναῖκας,
1101 4268 1196 4320 καὶ
1231 4267 1654 4340 έξαγορευούσας
1685 4277 1753 4329 δι’

258 4355 546 4410 εὐλάϐειαν
601 4355 633 4424 ἢ
673 4355 922 4408 ὁπωσοῦν
972 4357 1364 4425 ἐλεγχομένας,
1412 4361 1752 4431 δημοσιεύειν

1865 3277 2000 3332 alius
2025 3275 2285 3344 quispiam
2317 3273 2592 3328 inventum
2644 3270 2923 3326 sustulerit
2951 3309 2966 3333 ,
3001 3284 3237 3335 curaque
3287 3269 3432 3324 adbi-

1864 3369 1972 3422 bita
2005 3365 2329 3420 incolumem
2356 3363 2712 3417 conservarit.
2747 3362 3012 3415 Caeterum
3047 3361 3090 3412 si
3134 3359 3282 3412 illum
3315 3373 3430 3412 ser-

1865 3473 1993 3515 vare
2022 3456 2167 3511 haud
2200 3454 2340 3524 potis
2367 3462 2523 3516 erat;
2556 3451 2699 3507 forte
2725 3465 2954 3519 namque
2988 3464 3108 3502 cum
3137 3449 3432 3502 abducere-

1867 3558 1952 3601 tur
1986 3547 2218 3613 captiva,
2247 3546 2300 3598 in
2334 3545 2526 3598 itinere
2559 3543 2786 3613 peperit,
2824 3550 2915 3594 aut
2943 3542 3128 3594 hostes
3173 3538 3426 3609 fugiebat,

1865 3650 2023 3705 atque
2047 3641 2098 3691 in
2133 3637 2254 3706 fuga
2281 3635 2448 3689 edidit
2472 3640 2706 3701 partum,
2735 3647 2833 3684 nec
2859 3645 2961 3683 una
2998 3631 3228 3698 seipsam
3262 3629 3422 3684 simul

1864 3741 1916 3786 et
1951 3729 2111 3783 fetum
2143 3741 2362 3781 servare
2415 3725 2624 3793 potuit;
2676 3723 2937 3790 siquidem
2982 3721 3210 3776 fortasse
3254 3719 3428 3775 latens

1865 3821 2085 3876 infantis
2138 3817 2346 3887 ejulatu
2402 3818 2610 3884 prodita
2670 3815 2900 3880 fuisset,
2963 3815 3170 3867 veniam
3235 3827 3427 3868 conse-

1864 3925 2077 3982 quetur.

1936 4002 2158 4057 ARIST.
2195 4002 2324 4068 Qua!
2358 4003 2409 4055 in
2442 4002 2523 4054 via
2551 4001 2775 4069 peperit,
2815 4006 2869 4053 et
2919 3997 3084 4052 fetum
3140 3995 3420 4065 neglexit,

1865 4094 2136 4148 homicidii
2193 4109 2282 4147 rea
2309 4103 2409 4148 est.
2464 4092 2804 4158 Perspicuae.

2397 4180 2622 4237 CANON
2650 4179 2888 4234 XXXIV.

1865 4277 2141 4331 Adulterio
2195 4276 2425 4342 pollutas
2477 4276 2729 4330 mulieres
2764 4285 2814 4328 et
2846 4271 3168 4328 conﬁtentes
3194 4273 3262 4326 ob
3290 4272 3407 4340 pie-

1937 4376 2098 4420 tatem
2149 4366 2233 4420 vel
2297 4367 2778 4435 quomodocunque
2834 4365 3107 4417 convictas
3136 4361 3416 4431 publicare

263 4447 362 4513 μὲν
394 4445 674 4498 ἐκώλυσαν
704 4449 754 4498 oi
802 4447 1044 4517 Πατέρες
1075 4450 1263 4517 ἡμῶν,
1298 4452 1385 4505 ἵνα
1414 4453 1489 4521 μὴ
1519 4454 1751 4512 θανάτου

1930 4457 2146 4524 quidem
2197 4453 2384 4512 Patres
2442 4453 2610 4510 nostri
2637 4452 3049 4522 prohibuerunt,
3074 4465 3142 4504 ne
3161 4448 3423 4503 convictis

264 4539 443 4590 αἰτίαν
475 4537 847 4607 παράσχωμεν
875 4537 1273 4606 ὲλεγχθείσαις’
1303 4543 1552 4598 ἵστασθαι
1573 4547 1629 4600 δὲ
1665 4552 1762 4600 αὑ-

261 4631 354 4690 τὰς
384 4631 512 4682 ἄνευ
537 4630 818 4687 κοινωνίας
842 4631 1180 4698 προσέταξαν
1210 4636 1368 4702 μέχρι
1389 4635 1482 4687 τοῦ
1511 4640 1759 4709 συμπλη-

262 4717 487 4783 ροῦσθαι
517 4719 607 4770 τὸν
639 4720 826 4788 χρόνον
860 4721 960 4788 τῆς
993 4721 1301 4788 μετανοίας.

261 4809 454 4861 ΒΔΛΣ.
490 4808 554 4862 Ol
592 4813 768 4879 μοιχοὶ
800 4811 940 4864 κατὰ
985 4813 1075 4865 τὸν
1104 4820 1182 4883 νη¹
1218 4818 1414 4870 κανόνα
1446 4819 1505 4869 ὲν
1534 4818 1576 4872 δ’
1601 4819 1745 4874 ἔτεσι

193 4899 324 4966 μετὰ
365 4898 476 4950 τῶν
523 4901 957 4966 προσκλαιόντων
994 4902 1256 4966 ἵστανται,
1307 4908 1364 4958 ἐν
1406 4909 1566 4960 πέντε
1608 4911 1745 4976 μετὰ

190 4989 298 5040 τῶν
327 4987 714 5057 ἀκροωμένων,
747 4990 802 5041 έν
821 4991 865 5042 δ’
893 4991 1028 5058 μετὰ
1055 4992 1161 5043 τῶν
1188 4993 1620 5062 ὑποπιπτόντων,
1651 5002 1744 5052 καὶ

189 5093 244 5126 εν
272 5077 391 5130 δυσὶ
423 5077 561 5144 μετὰ
580 5075 689 5127 τῶν
719 5077 1065 5131 συνεστώτων
1093 5082 1259 5148 χωρὶς
1287 5087 1586 5140 κοινωνίας.
1607 5088 1744 5157 Φησὶ

189 5165 316 5230 γοῦν
343 5169 370 5218 ὁ
392 5167 568 5233 ἅγιος·
591 5166 652 5219 El
675 5168 808 5235 γυνή
831 5183 913 5230 τις
929 5169 1268 5238 μοιχευθεῖσα
1289 5171 1744 5245 ἐξομολογήσηται

187 5256 248 5307 τὸ
287 5257 646 5326 ἁρμάρτημα,
690 5257 723 5328 ἢ
770 5259 1016 5312 ὁπωσοῦν
1052 5261 1304 5332 ἐλεγχθῇ,
1343 5264 1403 5314 οὐ
1439 5265 1544 5335 χρὴ
1581 5266 1748 5336 δημο-

187 5347 385 5400 σιεύειν
420 5347 611 5416 αὐτὴν,
635 5349 804 5416 ἤγουν
837 5352 990 5417 ίστᾷν
1017 5351 1096 5413 είς
1129 5354 1254 5415 τοὺς
1281 5353 1480 5416 τόπους
1508 5356 1617 5408 τῶν
1649 5363 1744 5429 ῥη-

185 5435 384 5490 θέντων
409 5437 697 5506 έπιτιμίων
716 5453 732 5469 ·
763 5441 792 5491 ό
817 5438 926 5509 γὰρ
950 5439 1091 5506 ὀρῶν
1117 5441 1284 5512 αὐτὴν
1310 5442 1414 5507 ἔξω
1448 5445 1553 5498 τῶν
1582 5448 1739 5503 θείων

185 5527 484 5596 περιϐόλων
510 5527 608 5596 τῆς
631 5529 922 5599 ἐκκλησίας
953 5533 1265 5602 ἱσταμένην,
1292 5535 1327 5604 ἢ
1353 5537 1445 5587 καὶ
1467 5539 1605 5605 μετὰ
1631 5541 1738 5594 τῶν

187 5615 605 5685 κατηχουμένων
646 5615 909 5682 ἐξιοῦσαν,
966 5623 1290 5692 κατανοήσει
1335 5624 1551 5688 πάντως
1593 5629 1734 5682 κατὰ

186 5705 403 5769 πρώτην
433 5707 555 5770 ὄψιν
580 5709 665 5763 διὰ
696 5713 936 5778 μοιχείας
958 5713 1202 5779 ἔγκλημα
1227 5715 1611 5778 ὲπιτιμηθῆναι
1642 5720 1736 5772 αύ-

1930 4545 2118 4600 mortis
2188 4559 2410 4599 causam
2495 4545 2864 4612 praebeamus;
2922 4556 3014 4596 eas
3061 4550 3239 4594 autem
3272 4549 3420 4593 stare

1924 4637 2041 4691 sine
2093 4633 2469 4689 communione
2528 4635 2843 4703 jusserunt,
2887 4635 3057 4686 donec
3104 4630 3420 4700 impleretur

1929 4737 2134 4791 tempus
2160 4725 2503 4792 pmniteutiae.

1927 4813 2121 4869 BALS.
2160 4814 2404 4867 Adulteri
2437 4815 2730 4870 secundum
2759 4829 2882 4868 can.
2922 4815 2990 4870 58
3015 4821 3160 4868 stant
3186 4822 3418 4880 quatuor

1857 4907 2011 4962 annis
2040 4921 2160 4961 cum
2189 4905 2524 4970 dedentibus,
2543 4906 2781 4976 quinque
2806 4921 2926 4959 cum
2957 4904 3412 4967 auscultantibus,

1855 5007 2085 5065 quatuor
2116 5012 2236 5050 eum
2264 4997 2587 5060 substratis,
2624 5009 2678 5052 et
2722 4999 2928 5052 duobus
2975 5013 3096 5051 cum
3144 4997 3414 5052 stantibus

1850 5091 2050 5157 absque
2078 5087 2471 5142 communione.
2511 5087 2651 5141 Dicit
2688 5086 2816 5157 ergo
2859 5097 3117 5151 sanctus,
3184 5088 3228 5142 si
3284 5103 3406 5155 qua

1843 5178 2139 5231 adulterata
2196 5177 2387 5232 mulier
2435 5187 2711 5245 peccatum
2775 5179 3021 5234 confessa
3081 5179 3265 5239 fuerit,
3325 5177 3406 5229 vel

1841 5267 2317 5336 quomodocunque
2352 5268 2595 5321 convicta
2632 5269 2724 5334 sit,
2757 5285 2860 5323 non
2887 5279 3098 5338 oportet
3151 5284 3267 5322 eam
3308 5284 3404 5336 pn-

1849 5357 2070 5421 biicare,
2106 5356 2160 5411 id
2191 5367 2276 5412 est
2299 5372 2415 5411 eam
2445 5357 2500 5412 in
2524 5358 2784 5412 dictarum
2823 5372 3099 5426 pinnarum
3129 5359 3259 5412 locis
3288 5369 3403 5411 sta-

1851 5459 2020 5508 tuere.
2054 5447 2155 5514 Qui
2181 5448 2323 5502 enim
2353 5463 2468 5502 eam
2498 5448 2690 5503 viderit
2717 5462 2867 5506 extra
2907 5453 3116 5505 divinos
3161 5449 3401 5504 ecclesiae

1849 5538 2081 5592 ambitus
2109 5549 2357 5604 stantem,
2393 5537 2471 5593 vel
2501 5541 2660 5594 etiam
2687 5556 2806 5596 cum
2848 5541 3251 5597 catecliumenis
3304 5557 3398 5595 ex-

1842 5639 2076 5696 euntem,
2116 5634 2288 5701 primo
2313 5645 2532 5702 aspectu
2576 5636 2795 5690 omnino
2833 5635 3133 5706 intelliget,
3179 5645 3397 5705 propter

1845 5722 2090 5777 adulterii
2132 5723 2332 5778 crimen
2360 5738 2476 5780 eam
2505 5725 2578 5780 illi
2601 5740 2718 5782 esse
2748 5740 2959 5788 umnam
2995 5728 3310 5789 iniunctam.
3341 5737 3396 5780 et
