4006 6452
550 322 659 386 69'.)

1810 323 2087 388 THEOD.
2128 326 2217 384 BA
2231 326 2543 391 LSAMON

3724 328 3835 387 700

549 439 644 492 ﬂet
680 436 892 507 punitio
924 451 1084 493 causa
1121 438 1312 493 mortis
1348 478 1360 501 ,
1393 437 1509 491 viro
1555 436 1673 505 ejus
1723 446 1848 506 post
1901 436 2138 489 futurum

2252 442 2370 507 τὴν,
2400 442 2494 494 καὶ
2531 444 2819 512 γενήσεται
2850 442 2881 514 ή
2919 440 3237 510 ἐπιτίμησις
3274 439 3425 491 αἰτία
3468 438 3685 489 θανάτου
3708 476 3722 500 ,
3758 438 3838 497 ὡς

549 528 693 584 forte
725 530 952 584 reditum
986 544 1142 584 suum
1183 546 1296 585 rem
1331 531 1401 585 ita
1428 545 1487 584 se
1543 532 1744 584 habere
1798 530 2139 582 animadver-

549 634 716 679 tcnte.
749 622 1085 677 Permittitur
1111 638 1239 693 ergo
1302 624 1608 679 consistere
1641 631 1695 677 ct
1723 638 1845 677 cum
1896 622 2141 676 ﬁdelibus

544 716 905 784 comprecari,
948 730 976 769 a
1034 724 1501 769 sacramentorum
1551 724 1728 769 autem
1759 714 2141 768 communione

546 808 844 871 abstinere,
906 806 1080 861 donec
1134 806 1466 871 paenitentiae
1532 814 1746 874 tempus
1809 806 2138 871 completum

548 900 727 956 fuerit.
762 902 875 956 Hac
922 912 1099 953 autem
1132 901 1470 954 humanitate
1496 899 1549 952 in
1590 899 1841 953 mulieres
1866 899 1939 951 uti
1976 914 2140 966 oporo

548 1004 663 1045 tere
698 1002 917 1046 sanctus
949 992 1212 1055 deﬁnivit,
1251 1001 1477 1060 propter
1524 1004 1642 1043 eam
1689 1005 1846 1057 quam
1908 990 2142 1044 diximus

547 1086 832 1138 rationem.
863 1085 975 1137 Viri
1013 1084 1157 1137 enim
1207 1082 1543 1136 adulterium
1587 1083 1910 1136 conﬁtentes
1958 1080 2140 1133 immi-

542 1177 891 1231 sericorditer
919 1177 1078 1230 dictis
1109 1175 1282 1243 pceuis
1315 1175 1679 1243 subjiciuntur
1708 1215 1723 1238 ,
1758 1175 1883 1239 quia
1916 1172 1982 1227 de
2035 1172 2140 1226 illis

543 1284 651 1322 non
682 1278 763 1322 est
797 1267 919 1322 talis
953 1269 1134 1333 timor,
1160 1268 1335 1335 qualis
1364 1268 1431 1320 de
1467 1266 1789 1319 mulieribus
1827 1266 2004 1319 dictus
2029 1272 2135 1329 est,

543 1365 633 1429 qui
667 1372 1066 1428 prmsumuutur
1091 1374 1211 1412 esse
1248 1360 1409 1411 etiam
1447 1357 1568 1409 aliis
1601 1356 1834 1411 fortasse
1893 1355 2138 1408 crimini-

543 1452 643 1506 bus
675 1450 906 1512 obnoxii.
941 1461 995 1505 et
1021 1451 1145 1519 jure
1173 1451 1369 1518 puniri.
1402 1449 1533 1501 Illud
1578 1458 1781 1511 autem,
1831 1446 2137 1511 Quomodo-

544 1558 754 1609 cunqne
776 1542 1021 1597 convinci
1056 1542 1307 1593 mulieres
1330 1582 1344 1605 ,
1381 1556 1484 1591 nou
1546 1539 1710 1592 debes
1759 1538 2011 1605 accipere
2069 1536 2137 1591 de

541 1636 795 1689 omnibus
824 1647 947 1688 uota
984 1635 1327 1702 probatione,
1360 1634 1449 1686 sed
1484 1634 1551 1685 de
1584 1631 1827 1683 mulieris
1854 1631 2139 1684 conscien-

546 1723 635 1775 tiae
670 1721 1006 1786 probatione,
1044 1723 1143 1773 hoc
1178 1728 1281 1779 est,
1318 1717 1432 1771 sive
1464 1716 1655 1769 mulier
1682 1730 1779 1769 sua
1800 1714 1913 1769 sola
1947 1723 2136 1781 sponte

544 1812 789 1867 confessa
823 1813 915 1876 sit,
954 1812 1033 1877 vel
1061 1812 1306 1865 utetiam
1357 1825 1384 1862 a
1436 1808 1677 1876 pariendi
1718 1806 1962 1876 periculo
2005 1820 2135 1860 coa-

547 1914 657 1968 cta,
686 1905 768 1957 vel
800 1903 980 1972 aliquo
999 1903 1120 1981 ‘alio
1157 1903 1336 1965 modo,
1368 1899 1672 1954 clanculum
1700 1908 1755 1953 et
1784 1913 1887 1952 non
1915 1898 2129 1966 publice

546 1996 779 2061 seipsam
820 1993 1209 2058 condemnans,
1237 1998 1291 2045 et
1318 1990 1701 2045 enuntiaverit.
1759 1988 1813 2043 Si
1852 1989 1998 2041 enim
2034 1988 2121 2041 di-

546 2086 697 2142 xeris
728 2084 938 2152 publice
968 2084 1167 2137 iactam
1199 2097 1319 2138 esse
1347 2080 1723 2151 probationem
1754 2121 1769 2143 ,
1793 2090 1850 2133 et
1877 2080 2039 2133 veluti
2074 2079 2125 2132 in

546 2180 883 2247 triumphum
918 2191 1037 2231 esse
1064 2176 1281 2229 ductum
1312 2174 1637 2228 adulterium
1668 2211 1684 2235 ,
1737 2181 1886 2226 recte
1942 2186 2135 2225 omnes

546 2283 720 2335 parum
749 2269 799 2321 in
830 2282 948 2321 eam
986 2276 1366 2334 congerentur.
1404 2263 1591 2332 Neque
1638 2264 1783 2318 enim
1839 2278 2015 2318 canon
2080 2263 2133 2316 io

545 2374 611 2414 eo
634 2360 812 2413 locum
848 2358 1032 2421 habet,
1059 2355 1314 2423 quoniam
1345 2355 1509 2409 semel
1552 2355 1820 2421 publicata
1847 2364 1929 2407 est
1950 2393 1963 2414 ,
1994 2362 2047 2407 et
2070 2366 2134 2405 ex

545 2453 650 2506 viri
684 2451 861 2505 reditu
894 2450 1035 2503 nulla
1079 2449 1242 2504 cmdis
1299 2447 1536 2513 suspicio
1592 2447 1871 2500 suboritnr
1918 2456 2139 2513 propter

544 2556 834 2614 pmnarum
864 2540 1348 2595 denuntiationem.
1378 2539 1455 2590 Ex
1484 2551 1549 2591 eo
1583 2545 1760 2589 autem
1809 2534 1951 2603 quod
2009 2536 2138 2589 dicit

560 2644 817 2688 sanctus:
856 2630 932 2686 Ne
963 2633 1153 2685 demus
1201 2628 1462 2683 convictis
1506 2626 1820 2682 mulieribus
1871 2628 1983 2681 sive
2042 2642 2138 2694 per

547 2741 739 2796 pmnas
791 2726 905 2780 noti
954 2724 1197 2779 criminis
1224 2736 1445 2777 causam
1502 2724 1731 2785 mortis,
1780 2735 1879 2774 nec
1932 2719 2135 2774 dixeris

546 2809 767 2872 concedi
801 2816 1009 2870 maritis
1031 2814 1306 2867 adulteras
1354 2827 1481 2866 suas
1515 2813 1770 2867 mulieres
1802 2810 2131 2865 interﬁcere.

548 2910 604 2963 In
636 2910 753 2963 sola
781 2910 922 2961 ollim
954 2892 1167 2975 propria
1199 2909 1381 2962 domo,
1418 2903 1468 2955 in
1502 2903 1620 2971 ipso
1650 2902 1791 2955 facto
1825 2902 2135 2969 deprehen-

547 3019 667 3057 sum
696 3010 870 3067 potest
901 2999 1124 3051 maritus
1174 2995 1476 3049 adulterum
1540 2993 1792 3047 occidere
1826 3031 1842 3057 ,
1902 3000 1959 3046 et
2011 3006 2135 3047 eum

547 3093 826 3149 scenicum
858 3092 939 3144 vel
975 3090 1161 3154 alium,
1200 3087 1291 3155 qui
1328 3086 1396 3138 sit
1440 3084 1679 3137 infamis.
1731 3082 1800 3136 Et
1853 3082 1963 3153 95
2019 3083 2134 3151 lege

2250 531 2345 583 καὶ
2375 532 2468 584 τοῦ
2495 534 2684 603 ἀνδρὸς
2709 534 2899 601 αὐτῆς,
2936 534 3071 603 μετὰ
3100 533 3197 601 τὴν
3232 534 3363 593 ἴσως
3396 530 3685 599 γενομένην
3711 528 3843 580 τού-

2249 638 2343 674 του
2379 625 2661 689 ἐπάνοδον,
2692 625 2865 689 οὕτως
2900 626 3061 696 ἔχειν.
3092 626 3159 678 τὰ
3194 624 3287 675 τοῦ
3324 626 3643 692 πράγματος
3672 638 3841 673 κατα-

2258 716 2574 784 νοήσαντος.
2654 720 3070 789 Παραχωρείται
3136 718 3267 785 γοῦν
3336 716 3681 767 συνίστασθαι
3746 716 3843 766 καὶ

2252 808 2604 877 συνεύχεσθαι
2636 812 2748 873 τοῖς
2779 814 3007 873 πιστοῖς,
3037 810 3135 878 τῆς
3157 810 3211 861 δὲ
3237 808 3525 869 κοινωνίας
3552 808 3654 857 τῶν
3680 807 3842 869 ἁγια-

2251 898 2475 963 σμάτων
2511 900 2801 961 κωλύεται,
2832 902 3022 969 μέχρις
3055 898 3120 951 ἂν
3152 898 3180 949 ό
3210 898 3399 966 χρόνος
3430 896 3528 963 τῆς
3562 895 3841 960 μετανοίας

2249 986 2586 1056 ἑκμετρηθῇ.
2620 987 2731 1057 Τὴν
2780 991 3035 1056 τοιαύτην
3061 988 3117 1041 δὲ
3148 986 3565 1054 φιλανθρωπίαν
3615 988 3687 1047 είς
3734 987 3843 1044 τὰς

2248 1080 2512 1142 γυναῖκας
2541 1079 2831 1149 διωρίσατο
2859 1079 2888 1130 ό
2908 1079 3060 1145 ἆγιος
3082 1078 3329 1145 γίνεσθαι
3354 1077 3423 1129 δι’
3451 1077 3513 1129 ὂν
3538 1078 3836 1145 είρήκαμεν

2248 1167 2526 1236 λογισμόν.
2582 1170 2645 1223 Ol
2689 1169 2797 1237 7&9
2838 1169 3029 1240 ἄνδρες
3066 1168 3555 1237 ἐξομολογούμενοι
3601 1165 3844 1234 μοιχείαν

2247 1259 2585 1330 ἀσυμπαθῶς
2621 1262 2936 1315 ὑπόκεινται
2966 1266 3077 1323 τοῖς
3110 1262 3489 1333 διαληφθεῖσιν
3522 1258 3842 1325 ἐπιτιμίοις.

2246 1352 2327 1405 ὅτι
2356 1354 2476 1406 οὐδὲ
2506 1352 2700 1407 ὕπεστι
2730 1356 2892 1423 φόϐος
2921 1355 3161 1415 τοιοῦτος
3184 1356 3239 1405 ἓν
3266 1356 3475 1415 αὐτοῖς.
3506 1347 3614 1413 οἷος
3641 1352 3714 1411 είς
3744 1349 3849 1409 τὰς

2247 1446 2512 1510 γυναῖκας
2554 1446 2783 1515 ἐρρήθη,
2829 1446 2969 1512 μετὰ
3014 1446 3282 1516 πρόληψιν
3330 1441 3451 1497 οὖσι
3496 1441 3592 1496 καὶ
3638 1443 3852 1504 ἑτέροις

2246 1533 2588 1601 ἐγκλήμασιν
2626 1535 2755 1597 ἴσως
2790 1537 3013 1605 ἐνόχοις,
3052 1538 3147 1588 καὶ
3185 1536 3347 1599 ἀξίως
3389 1534 3847 1603 ἑπιτιμωμένοις.

2246 1623 2319 1676 Τὸ
2372 1625 2579 1691 μέντοι,
2616 1626 2899 1679 “Οπωσοῦν
2926 1628 3363 1697 ἐλέγχεσθαιτὰς
3405 1629 3691 1693 γυναῖκας,
3740 1625 3850 1677 οὐκ

2245 1715 2482 1784 ὀφείλεις
2525 1718 2860 1772 ὲκλαϐἐσθαι
2894 1720 2973 1782 εἰς
3012 1719 3396 1785 πασίγνωστον
3438 1720 3681 1788 ἔλεγχον,
3726 1716 3849 1768 ἀλλ’

2240 1810 2322 1871 είς
2368 1808 2589 1879 ἔλεγχον
2623 1809 2715 1863 τοῦ
2751 1812 3049 1873 συνειδότος
3090 1815 3189 1879 τῆς
3236 1813 3522 1878 γυναικὸς,
3558 1809 3844 1863 τουτέστιν

2239 1898 2351 1950 εἴτε
2386 1899 2525 1951 κατὰ
2552 1900 2719 1968 μόνην
2742 1900 2950 1953 οἰκείαν
2985 1903 3309 1970 προαίρεσιν
3340 1903 3373 1970 ἡ
3411 1903 3551 1970 γυνὴ
3586 1902 3849 1969 ὲξομολο⁸

2238 1988 2493 2057 γήσεται,
2542 1990 2651 2041 εἴτε
2700 1990 2794 2042 καὶ
2840 1990 2915 2053 ὡς
2964 1992 3385 2061 ἀναγκαζομένη
3439 1994 3546 2045 ὑπὸ
3596 1993 3847 2045 κινδύνου

2238 2078 2333 2132 τοῦ
2374 2082 2437 2132 ὲκ
2466 2080 2561 2133 τοῦ
2590 2084 2789 2145 τεκεῖν,
2815 2082 2846 2151 ἦ
2882 2083 2979 2135 καὶ
3010 2084 3186 2145 ἄλλως
3216 2101 3335 2145 πως
3367 2084 3623 2151 κρυφίως
3651 2086 3742 2136 καὶ
3768 2084 3851 2153 μὴ

2239 2176 2474 2245 δημοσίᾳ
2518 2175 3010 2243 καταγινώσκουσα
3059 2176 3259 2243 ἑαυτῆς
3296 2175 3745 2245 ἐξαγορεύσεται.
3778 2178 3851 2228 Εἴ

2247 2266 2357 2335 7&9
2387 2266 2479 2319 τὸν
2512 2266 2733 2336 ἔλεγχον
2763 2266 2924 2337 εἴπῃς
2946 2266 3183 2336 δημοσία
3214 2266 3488 2335 γενέσθαι,
3521 2268 3621 2319 καὶ
3653 2268 3853 2337 θριαμ-

2242 2359 2501 2428 6ευθῆναι
2551 2359 2649 2429 τὴν
2692 2360 2959 2428 μοιχείαν,
3006 2359 3187 2422 καλῶς
3235 2362 3417 2412 πάντα
3470 2361 3539 2413 τά
3592 2360 3853 2431 ἐπιτίμια

2248 2451 2385 2519 αὐτῇ
2422 2450 2995 2520 ὲπιφορτισθήσονται.
3030 2450 3164 2504 Οὐδὲ
3198 2449 3305 2521 γὰρ
3336 2452 3523 2519 ἔχουσι
3561 2451 3753 2520 χώραν
3781 2451 3877 2501 τὰ·

2242 2542 2336 2594 τοῦ
2370 2543 2591 2606 κανόνος
2632 2543 2711 2605 είς
2740 2541 2970 2611 ταύτην,
3004 2542 3092 2595 διὰ
3122 2546 3182 2593 τδ
3210 2543 3360 2606 ἆπαξ
3386 2543 3848 2611 δημοσιευθῆναι,

2241 2633 2334 2683 καὶ
2372 2634 2434 2685 ἐκ
2487 2633 2586 2701 τῆς
2625 2634 2888 2685 ἐπανόδου
2935 2631 3027 2685 τοῦ
3072 2634 3263 2703 ἀνδρὸς
3307 2634 3543 2687 Θάνατον
3597 2634 3674 2703 μὴ
3728 2635 3859 2687 ύπο-

2246 2723 2541 2775 πτεύεσοαι
2599 2725 2709 2777 άπὸ
2762 2725 2859 2793 τῆς
2913 2724 3021 2778 τῶν
3068 2725 3365 2792 ἐπιτιμίων
3410 2728 3855 2796 προσαγγελίας.

2251 2813 2346 2864 Ἐκ
2386 2813 2479 2865 τοῦ
2530 2814 2708 2882 λέγειν
2740 2815 2795 2867 et
2822 2816 2913 2867 τὸν
2940 2816 3095 2883 ἅγιον
3138 2816 3227 2867 ἴνα
3261 2816 3334 2885 μὴ
3366 2818 3640 2884 δώσωμεν
3672 2820 3857 2872 αἰτίαν

2245 2904 2477 2957 Θανάτου
2502 2905 2644 2957 κατὰ
2663 2906 2771 2958 τῶν
2800 2907 3074 2973 γυναικῶν
3106 2907 3471 2977 ὲλεγχΘεισῶν
3499 2911 3622 2978 ἦτοι
3656 2911 3861 2980 θριαμ-

2243 2996 2540 3049 6ευθεισῶν
2590 2998 2678 3051 διὰ
2717 2998 2823 3051 τῶν
2874 3001 3193 3069 ἐπιτιμίων,
3238 3002 3313 3072 μὴ
3359 3004 3521 3074 εἴπῃς
3569 3004 3859 3075 ἑνδοθῆναι

2242 3090 2354 3150 τοῖς
2404 3087 2662 3157 ἀνδράσιν
2706 3090 2951 3155 φονεύειν
2996 3094 3096 3155 τὰς
3152 3095 3537 3164 μοιχευοείσας
3584 3100 3861 3163 γυναῖκας

546 3202 669 3255 cap.
709 3185 798 3246 96,
839 3185 919 3236 tit.
953 3182 1043 3244 37,
1075 3181 1165 3234 lib.
1205 3196 1293 3240 ιχ,
1318 3176 1406 3242 27,
1445 3176 1513 3230 49
1540 3186 1594 3230 et
1638 3176 1738 3229 alia
1771 3176 1973 3243 capita.
2025 3173 2131 3229 Sed

2250 3180 2441 3235 ιύτῶν.
2484 3156 2573 3234 Ἐν
2607 3181 2756 3251 μόνῳ
2786 3182 2895 3252 γάρ
2927 3184 3005 3253 τῷ
3048 3156 3163 3256 ἰδίω
3214 3156 3349 3255 οἴκῳ
3402 3192 3490 3240 ἐπ’
3541 3156 3860 3259 αύτοφὼρῷ

548 3277 731 3343 accipe
764 3276 980 3328 verbum
1016 3273 1211 3333 sancti,
1249 3285 1313 3323 ne
1350 3268 1484 3322 ﬁant
1537 3282 1713 3339 paena:
1750 3268 1927 3335 magni
1980 3282 2138 3320 scan—

549 3368 655 3422 dali
687 3382 863 3419 causae
898 3366 1040 3418 inter
1072 3364 1322 3416 maritum
1353 3370 1407 3415 et
1431 3375 1676 3421 uxorem,
1704 3368 1757 3413 et
1797 3358 1938 3413 forte
1971 3362 2135 3414 etiam

552 3468 610 3512 ut
640 3458 896 3525 procedat
923 3456 989 3509 ad
1016 3454 1275 3521 injustam
1309 3453 1456 3506 illius
1492 3454 1717 3505 caedem.

2236 3270 2459 3326 δύναται
2514 3272 2759 3341 φονεύειν
2809 3274 2901 3325 τὸν
2959 3276 3149 3347 μοιχὸν
3208 3281 3235 3331 ό
3292 3276 3458 3347 ἀνὴρ,
3513 3280 3610 3332 καὶ
3660 3279 3859 3331 τοῦτον

2242 3364 2500 3433 σκηνικδν
2547 3364 2579 3433 ἢ
2619 3364 2803 3433 ἕτερον
2850 3365 3045 3434 ἄτιμον
3092 3368 3245 3424 ὅντα..
3304 3370 3415 3422 Καὶ
3460 3371 3750 3439 ἀνάγνωθι
3798 3372 3860 3422 τὸ

2238 3453 2333 3519 xc"
2384 3473 2509 3523 κεφ.
2546 3455 2651 3507 Τοῦ
2689 3456 2764 3519 λζ’
2812 3456 2990 3509 τίτλου
3023 3456 3114 3509 τοῦ
3153 3457 3193 3522 ξ’
3241 3458 3473 3528 βιϐλίου,
3524 3464 3587 3516 τὸ
3643 3463 3754 3526 κζ’,
3804 3468 3864 3519 τὸ

554 3548 665 3623 μίν,
725 3548 817 3599 καὶ
860 3548 1023 3615 ἕτερα
1070 3563 1195 3612 καφ.
1260 3544 1422 3597 ’Λλλά
1467 3543 1698 3596 ὲκλαόοὖ
1746 3543 1805 3597 τὸ
1862 3546 2013 3613 ῥῆμα
2056 3542 2145 3595 τοῦ
2178 3546 2335 3613 ἁγίου
2363 3548 2443 3609 είς
2474 3548 2534 3604 τὸ
2573 3548 2648 3619 μὴ
2682 3547 2939 3616 γενέσθαι
2968 3548 3037 3601 τά
3092 3550 3341 3618 ἐπιτίμια
3399 3553 3550 3606 αἴτια
3611 3555 3861 3623 μεγάλου

556 3622 857 3690 σγανδάλου
890 3636 1056 3705 μέσον
1095 3634 1188 3688 τοῦ
1221 3635 1413 3705 ἀνδρὸς
1447 3636 1539 3688 καὶ
1568 3636 1666 3704 τῆς
1694 3635 1975 3703 γυναικὸς,
2012 3636 2143 3697 ἴσως
2165 3636 2223 3690 δὲ
2256 3639 2528 3708 προϐῆναι
2552 3643 2645 3693 καὶ
2666 3640 2826 3709 φόνον
2849 3640 3031 3694 ἄδικον
3064 3642 3185 3694 κατ’
3216 3642 3415 3711 αὐτῆς.

630 3727 883 3783 ZONAR.
920 3728 977 3782 Sl
1020 3729 1251 3795 mulier,
1299 3728 1511 3797 inquit,
1566 3728 1866 3782 adulterata
1929 3726 2140 3791 fuerit,

562 3821 879 3889 crimenque
908 3820 1230 3875 conﬁteatur
1260 3864 1273 3885 ,
1321 3835 1558 3887 cavens,
1608 3822 1710 3875 hoc
1757 3830 1839 3875 est
1898 3828 2143 3875 metuens

553 3912 793 3970 {murum
821 3912 1103 3980 judicium,
1138 3910 1221 3964 vel
1262 3912 1418 3965 aliter
1452 3912 1697 3965 convicta
1739 3911 1901 3965 fuerit
1927 3951 1941 3975 ,
1968 3912 2134 3967 veluti

552 4002 698 4072 quod
730 4000 1055 4056 intumuerit
1083 4002 1255 4067 alvus,
1296 4012 1390 4055 aut
1417 4002 1569 4056 edito
1602 4012 1780 4071 partu,
1814 4003 1941 4056 dum
1976 4002 2136 4072 longo

553 4093 814 4161 temporis
845 4092 1139 4149 intervallo
1165 4093 1335 4160 ipsius
1376 4091 1461 4145 vir
1494 4095 1892 4163 peregrinatur,
1935 4094 2132 4162 ipsam,

554 4185 653 4248 ait,
681 4199 785 4238 non
808 4193 1020 4253 oportet
1044 4184 1341 4253 publicare,
1363 4184 1466 4239 hoc
1489 4194 1595 4250 est,
1618 4200 1955 4255 nequaquam
1978 4201 2142 4254 opor-

557 4286 636 4329 tet
667 4276 838 4345 ipsam
890 4276 944 4330 lu
994 4274 1128 4330 locis
1161 4276 1342 4329 multae
1376 4274 1587 4330 luenda:
1615 4315 1630 4337 ,
1663 4276 1842 4332 ﬂentis
1869 4278 2141 4343 videlicet,

2323 3733 2573 3787 ΖΩΝΑΡ.
2626 3732 2752 3787 Ἐάν
2788 3734 2963 3804 γυνὴ,
3000 3736 3165 3804 φησὶ,
3205 3734 3499 3804 μοιχευθῇ,
3532 3737 3629 3788 καὶ
3659 3736 3867 3805 ἐξομο-

2250 3822 2552 3895 λογήσηται
2576 3825 2638 3877 τὸ
2672 3826 2979 3897 ἁμάρτημα
3012 3825 3389 3895 εὐλαϐουμένη
3411 3866 3425 3889 ,
3462 3826 3589 3878 ἀντὶ
3621 3828 3721 3879 τοῦ
3757 3829 3870 3879 δει-

2247 3912 2418 3966 λιῶσα
2440 3914 2539 3982 τὴν
2565 3914 2863 3984 μέλλουσαν
2888 3914 3089 3982 κρίσιν,
3114 3916 3148 3984 ἢ
3171 3914 3405 3983 ἐλεγχθῇ
3434 3914 3637 3977 ἄλλως,
3673 3909 3762 3976 οἷς
3803 3917 3865 3979 ἐξ

2245 4004 2412 4073 ὄγκου
2446 4006 2546 4074 τῆς
2568 4006 2825 4076 γαστρὸς,
2860 4006 2891 4074 ἢ
2923 4008 2986 4058 ὲκ
3015 4007 3264 4070 τοκετοῦ,
3290 4006 3592 4075 γενομένου
3627 4008 3686 4059 ὲν
3722 4009 3871 4059 ἀπο-

2247 4095 2421 4167 δημίᾳ
2453 4099 2642 4167 μακρᾷ
2681 4098 2775 4149 τοῦ
2809 4097 3000 4167 ἀνδρός
3032 4098 3225 4165 αὐτῆς,
3262 4099 3322 4149 ού
3356 4098 3463 4168 χρὴ
3501 4098 3870 4167 δημοσιεύειν

2247 4189 2451 4261 αὐτήν·
2502 4191 2674 4259 ἤγουν
2709 4191 2771 4243 οὒ
2800 4189 2904 4259 χρὴ
2953 4191 3109 4260 ίστᾷν
3148 4190 3321 4259 αὐτὴν
3353 4194 3434 4251 είς
3487 4192 3618 4252 τοὺς
3654 4194 3872 4252 τόπους

2249 4282 2361 4334 τῶν
2395 4281 2711 4351 ἐπιτιμίων,
2745 4281 2838 4333 τὸν
2858 4279 2952 4333 τοῦ
2990 4280 3421 4348 προσκλαίοντος
3459 4282 3736 4349 δηλονότι,
3770 4284 3871 4333 τὸν

556 4368 867 4431 audientis,
898 4379 951 4422 et
976 4369 1232 4423 substrati
1266 4367 1553 4422 collocare.
1607 4366 1701 4421 Est
1756 4368 1860 4423 hoc
1912 4384 2138 4439 namque

2252 4373 2346 4430 τοῦ
2389 4372 2881 4443 ἀκροωμένου,τδν
2923 4370 3016 4423 τοῦ
3064 4371 3493 4433 ύποπίπτοντος.
3534 4372 3714 4425 Τοῦτο
3756 4373 3873 4442 γὰρ

555 4462 764 4517 crimen
807 4457 1077 4527 publicum
1126 4459 1359 4514 edicere.
1408 4460 1511 4527 Qui
1567 4458 1712 4513 enim
1773 4460 1943 4528 ipsam
1994 4469 2146 4515 extra

556 4552 818 4605 ambitum
853 4549 1105 4605 Ecclesiae
1134 4552 1353 4614 viderit,
1388 4559 1479 4603 aut
1511 4551 1562 4603 in
1592 4549 1885 4613 vestibulo,
1912 4560 2005 4604 aut
2025 4566 2146 4605 cum

557 4641 968 4697 catechumenis
1012 4650 1348 4710 exeuntem,
1398 4652 1657 4710 agnoscet
1731 4642 1919 4711 procul
1979 4643 2144 4696 dubio

558 4732 730 4800 ipsam
770 4744 1042 4798 peccasse,
1079 4746 1143 4786 ac
1172 4747 1283 4800 prae
1320 4731 1441 4785 aliis
1488 4732 1806 4786 criminibus
1848 4732 1950 4799 ipsi
1996 4731 2149 4784 adul-

558 4825 757 4877 terium
817 4824 1182 4892 appingetur,
1232 4824 1445 4891 ipsique
1503 4825 1694 4878 mortis
1752 4838 1973 4877 causam
2033 4822 2148 4876 base

560 4912 729 4966 multa
753 4912 1087 4967 conciliabit.
1122 4912 1181 4964 Si
1214 4926 1449 4982 namque
1503 4912 1555 4965 id
1589 4914 1669 4964 vir
1722 4912 1841 4981 ejus
1878 4926 2149 4982 cognove-

561 5004 655 5066 rit,
692 5004 833 5057 l'orte
866 5004 1037 5073 ipsam
1063 5003 1356 5059 interliciet
1388 5003 1582 5072 :juxta
1616 5004 1745 5057 illud
1796 5003 2104 5058 Solomonis
2133 5044 2147 5067 ,

565 5093 761 5149 Plenus
795 5096 905 5149 zelo
958 5096 1165 5149 animus
1200 5098 1296 5150 viri
1330 5097 1494 5163 ipsius
1546 5098 1585 5147 ¹.
1635 5094 1784 5149 Hanc
1837 5097 2021 5166 itaque
2074 5098 2144 5149 ob

564 5200 807 5253 causam,
838 5188 1138 5242 consistere
1178 5188 1395 5257 quidem
1427 5204 1549 5242 cum
1588 5188 1831 5243 ﬁdelibus
1860 5226 1877 5253 ,
1922 5204 1984 5243 ac
2040 5202 2146 5242 una

562 5278 773 5346 precari
804 5278 1152 5346 permittitur,
1183 5293 1367 5333 verum
1387 5294 1417 5333 a
1444 5294 1720 5335 sacrorum
1747 5279 2139 5349 mysteriorum

566 5368 981 5433 communione,
1028 5372 1207 5438 quoad
1263 5370 1534 5440 expletum
1594 5371 1759 5427 fuerit
1808 5371 2139 5439 poenitentiae

570 5464 799 5523 tempus.
832 5468 1071 5513 arcetur.

642 5543 872 5602 ARIST.
904 5546 1157 5605 Mulieres
1190 5551 1458 5609 adulterio
1484 5552 1715 5622 pollutas
1742 5594 1754 5622 ,
1788 5564 1843 5612 et
1870 5553 2147 5610 convictas

650 5724 669 5755 ¹
705 5723 866 5781 Prov.
898 5739 971 5783 vt.
1004 5726 1093 5782 34.

2258 4461 2606 4529 δημοσιεύειν
2638 4461 2756 4512 ἐστὶ
2788 4459 2847 4512 τὺ
2882 4459 3210 4527 ἁμάρτημα.
3256 4458 3316 4511 '0
3353 4460 3463 4528 7&9
3504 4459 3648 4527 ὁρῶν
3685 4462 3874 4530 αὐτὴν

2255 4551 2361 4618 ἔξω
2388 4551 2496 4604 τῶν
2527 4550 2828 4620 περιϐόλων
2854 4548 2953 4619 τῆς
2986 4549 3309 4615 ἐκκλησίας,
3348 4549 3381 4617 ἢ
3415 4550 3473 4601 ὲν
3498 4549 3577 4617 τῷ
3607 4553 3870 4620 προνάῳ,

2254 4644 2288 4711 ἢ
2324 4642 2462 4711 μετὰ
2490 4640 2600 4693 τῶν
2631 4640 3060 4708 κατηχουμένων
3091 4638 3345 4702 ἐξιοῦσαν
3368 4679 3381 4701 ,
3412 4638 3691 4706 γνώσεται
3728 4646 3876 4695 πάν-

2253 4750 2360 4795 τως
2390 4731 2709 4803 άμαρτῆσαι
2740 4730 2911 4800 αὑτήν
2934 4746 2950 4763 '
2980 4730 3076 4783 καὶ
3108 4729 3215 4799 πρὸ
3253 4730 3360 4781 τῶν
3394 4730 3571 4783 ἄλλων
3602 4734 3875 4803 ἁμαρτη-

2258 4824 2444 4892 μάτων
2472 4823 2533 4873 τὸ
2557 4820 2659 4889 τῆς
2690 4819 2936 4890 μοιχείας
2964 4820 3105 4889 αὐτῇ
3132 4818 3614 4888 προσαφθήσεται,
3645 4822 3746 4872 καὶ
3770 4840 3873 4889 γε-

2254 4914 2538 4982 νήσεταιή
2590 4913 2906 4981 ἐπιτίμησις
2954 4912 3091 4981 αὐτῇ
3137 4911 3289 4963 αἰτία
3330 4910 3591 4967 θανάτου.
3644 4913 3711 4965 Εἰ
3752 4916 3872 4985 γὰρ

2254 5002 2367 5071 γνῷ
2413 5002 2574 5055 τοῦτο
2616 5005 2644 5054 ό
2685 5004 2823 5071 ἀνὴρ
2862 5002 3055 5069 αὐτῆς,
3103 5001 3235 5062 ἴσως
3305 5000 3607 5053 ἀποκτενεῖ
3656 5003 3867 5071 αὑτήν.

2250 5095 2409 5152 Κατὰ
2452 5094 2561 5163 γὰρ
2613 5094 2702 5145 τὸν
2753 5091 3095 5162 Σολομῶντα,
3148 5091 3390 5155 Μεστὸς
3437 5091 3621 5157 ζήλου
3666 5098 3870 5163 θυμὸς

2250 5186 2472 5253 ἀνδρὸς
2502 5185 2715 5252 αὐτῆς.
2751 5187 2848 5238 Διὰ
2897 5183 3056 5237 τοῦτο
3102 5186 3521 5251 παραχωρείται
3565 5184 3666 5253 μὲν
3704 5190 3865 5239 συνί-

2254 5279 2486 5330 στασθαι
2546 5280 2639 5330 καὶ
2704 5277 3061 5345 συνεύχεσθαι
3126 5278 3239 5333 τοῖς
3313 5278 3568 5336 πιστοῖς.
3631 5277 3733 5345 τῆς
3801 5281 3865 5332 δὲ

2253 5369 2541 5433 κοινωνίας
2585 5371 2692 5423 τῶν
2737 5371 3097 5439 ἁγιασμάτων
3138 5365 3435 5429 κωλύεται,
3486 5366 3686 5436 μέχρις
3730 5369 3800 5421 ἂν
3829 5374 3861 5423 ὁ

2255 5462 2451 5532 χρόνος
2483 5461 2583 5529 τῆς
2618 5462 2913 5531 μετανοίας
2946 5458 3292 5529 ὲκμετρηθῇ.

2336 5548 2528 5603 ἈΡΙΣ.
2575 5552 3023 5621 Ἀδημοσιεύτους
3054 5554 3152 5623 μὲν
3182 5555 3282 5617 τὰς
3313 5554 3724 5625 μοιχευθείσας,
3763 5556 3865 5605 xui.
