4006 6456
220 361 324 427 701

1188 376 1272 438 IN
1315 378 1548 442 EPIST.
1582 383 1641 443 S.
1687 385 1982 451 BASlLlI
2018 393 2474 458 CANONICXM
2502 398 2582 458 II.

3381 402 3486 465 702

218 478 608 574 ἐλεγχομένας,
633 481 954 555 ἐγνώκαμεν
980 502 991 517 ⁸
1022 486 1421 560 ἀκοινωνήτους
1447 495 1502 548 δὲ
1536 496 1799 565 ίστῶμεν,

1981 507 2190 574 publice
2249 526 2352 564 non
2415 510 2774 566 traducendas
2811 528 2929 568 esse
2955 514 3222 570 novimus.
3261 515 3486 572 Exeunt-

216 571 325 634 ἕως
353 572 414 626 τὸ
447 574 724 646 ἐπιτίμιον
757 577 1233 652 ἀποπληρώσουσι.

293 750 438 821 Γυνὴ
483 755 869 822 μοιχευθετσα.
910 759 1001 812 καὶ
1036 760 1132 829 τὴν
1168 762 1439 833 ἁμαρτίαν
1478 769 1646 837 αὐτῆς
1683 771 1809 837 ἐξα-

220 845 534 912 γορεῦσασι
580 846 652 899 δι’
700 849 1009 917 εὐλάϐειαν,
1065 853 1098 922 ἢ
1144 855 1320 918 ἄλλως
1371 859 1486 922 πῶς
1544 865 1694 930 παρὰ
1729 862 1809 930 τῷ

221 941 386 1004 πατρὶ
425 939 596 1007 αὐτῆς
630 941 708 1011 τῷ
742 945 1104 1015 πνευματικῷ
1138 948 1456 1017 ἐλεγχθεῖσα
1477 993 1492 1015 ,
1523 953 1622 1006 οὑκ
1660 954 1807 1006 ἐνδέ-

219 1046 372 1096 χεται
401 1031 848 1099 δηροσιεύεσθαι,
878 1038 971 1089 καὶ
1009 1039 1085 1100 ώς
1118 1042 1366 1110 μοιχαλὶς
1392 1044 1472 1114 τῷ
1509 1045 1624 1114 ίδίῳ
1653 1047 1809 1117 ἀνδρὶ

217 1120 586 1189 γνωρίζεσθαι
615 1141 628 1155 ’
657 1125 744 1178 ἵνα
787 1128 862 1197 μὴ
892 1129 1126 1184 θανάτου
1161 1133 1337 1186 αἴτιον
1366 1136 1523 1188 τοῦτο
1556 1137 1804 1206 γένηται.

227 1212 617 1284 Ἀκίνώνητον
677 1217 731 1269 δὲ
790 1220 959 1289 αὐτὴν
1026 1222 1208 1290 μένειν
1270 1227 1699 1295 προστάττουσιν
1757 1231 1806 1282 οἱ

220 1304 481 1372 ιἀτέρες.
513 1309 651 1375 μετά
682 1311 793 1362 τῶν
821 1313 1027 1365 πιστῶν
1057 1317 1334 1382 γυναικῶν
1366 1320 1682 1389 ἱσταμένην,
1724 1321 1814 1390 μέ-

216 1412 304 1462 χρι
356 1399 803 1470 συμπληρώσεως
833 1404 940 1456 τῶν
984 1407 1192 1476 χρόνων
1225 1408 1319 1462 τοῦ
1356 1410 1450 1462 ἐπὶ
1479 1414 1544 1480 τῇ
1596 1413 1808 1482 μοιχεία

215 1488 640 1558 ἁμαρτήσαντος
665 1511 678 1525 ο
713 1498 760 1548 εξ
788 1497 895 1566 γὰρ
933 1499 1069 1566 μετὰ
1104 1501 1212 1554 τῶν
1239 1503 1681 1570 προσκλαιόντων
1713 1505 1810 1557 καὶ

216 1581 326 1631 τῶν
376 1583 750 1654 ἀκροωμένων
804 1590 1158 1660 ταχθήσεται,
1213 1594 1686 1663 ὑποπτευθήσεται
1729 1597 1808 1666 τῷ

217 1673 369 1739 ἀνδρὶ
405 1675 598 1745 αὐτῆς,
637 1680 730 1732 καὶ
769 1681 898 1742 ἴσως
934 1684 1346 1753 φονευθήσεται.

813 1773 1051 1827 KANQN
1086 1776 1211 1829 AE'.

1985 599 2291 652 municatas
2348 614 2475 654 vero
2531 601 2842 662 statuimus,
2868 617 3035 670 usque
3085 606 3209 657 dum
3269 620 3485 674 poenam

1982 687 2336 754 expleverint.

1985 777 2175 831 Mulier
2193 780 2515 844 adulterata,
2545 791 2599 835 et
2627 783 2698 836 ob
2727 782 2980 852 pietatem
3012 794 3288 851 peccatum
3326 799 3481 838 suum

1909 869 2154 924 confessa
2185 912 2198 935 ,
2241 874 2320 926 vel
2379 875 2536 928 aliter
2587 875 3072 945 quomodoctmque
3118 892 3145 928 a
3194 888 3342 946 patre
3388 891 3485 932 suo

1910 966 2176 1032 spirituali
2207 968 2484 1034 convicta,
2538 985 2644 1024 non
2691 971 2848 1024 debet
2915 969 3222 1038 publicari,
3279 980 3333 1024 et
3389 985 3484 1040 pro

1910 1057 2152 1112 adultera
2187 1075 2215 1111 a
2251 1061 2365 1113 viro
2397 1075 2495 1115 suo
2523 1061 2772 1129 cognosci
2807 1080 2819 1115 :
2852 1077 2920 1114 ne
2950 1060 3077 1114 illud
3108 1062 3295 1112 mortis
3323 1075 3484 1112 causa

1910 1150 2024 1203 fiat.
2058 1151 2126 1204 At
2150 1167 2267 1204 eam
2291 1152 2813 1206 excommunicatam
2839 1166 3056 1205 manere
3083 1151 3269 1218 iubent
3303 1149 3488 1203 Patres

1909 1255 2030 1294 cum
2064 1241 2307 1295 fidelibus
2329 1243 2644 1296 ntulit-ribus
2672 1251 2904 1296 stantem
2932 1281 2946 1302 ,
3001 1244 3173 1295 donec
3229 1249 3443 1307 tempus
3467 1276 3485 1317 ρ

1909 1334 1958 1386 ei
1991 1335 2079 1402 qui
2116 1333 2470 1392 fornicatione
2500 1335 2804 1399 peccaverit
2829 1338 3178 1389 constitutum
3212 1373 3226 1397 ,
3259 1331 3484 1399 implea-

1911 1435 2014 1479 tur.
2045 1425 2099 1481 Si
2130 1425 2275 1480 enim
2315 1442 2436 1481 cum
2466 1425 2784 1479 dedentibus
2823 1435 2877 1480 et
2921 1425 3266 1479 audientibus
3300 1415 3474 1478 collo-

1910 1517 2144 1582 cabitur,
2176 1518 2292 1571 viro
2322 1531 2422 1572 suo
2450 1518 2503 1571 in
2536 1518 2901 1587 suspicionem
2939 1517 3137 1584 veniet,
3172 1526 3226 1572 et
3257 1515 3490 1572 fortasse

1911 1609 2210 1662 occidetur.

2460 1787 2691 1843 CANON
2722 1787 2943 1844 XXXV.

228 1853 349 1907 Ἐπὶ
390 1858 483 1909 τοῦ
525 1859 979 1929 καταλειφθέντος
1008 1865 1201 1931 ἀνδρὸς
1232 1866 1336 1920 ὑπὸ
1375 1867 1474 1936 τῆς
1508 1868 1769 1936 γυναικὸς
1790 1910 1805 1933 ,

1939 1896 1969 1934 n
2001 1881 2216 1944 marito,
2269 1882 2361 1949 qtti
2397 1882 2463 1935 ab
2524 1895 2694 1935 uxore
2733 1882 2959 1936 relictus
2987 1891 3090 1943 est.
3122 1881 3492 1938 derelictiouis

281 1949 382 2020 τὴν
410 1952 590 2006 αἰτίαν
628 1956 735 2024 χρὴ
785 1959 1005 2009 σκοπεῖν
1043 1959 1143 2027 τῆς
1189 1961 1628 2031 ἐγκαταλείψεως
1654 1977 1666 1992 '
1704 1961 1807 2016 xiv

285 2045 429 2110 φανῇ
457 2045 669 2111 ἀλόγως
694 2048 1116 2116 ἀν’ἀχωρὴσασα,
1137 2050 1165 2100 6
1188 2051 1286 2118 μὲν
1305 2052 1634 2124 συγγνώμης
1661 2054 1809 2106 ἐστὶν

284 2132 456 2196 ἄξιος,
492 2136 524 2203 ἡ
554 2136 610 2186 δέ
642 2138 922 2205 ἐπ.τιμίου
945 2155 960 2170 ·
990 2144 1021 2213 ᾖ
1050 2141 1107 2194 δέ
1140 2142 1443 2214 συγγνώμη
1469 2145 1642 2216 τούτῳ
1673 2145 1810 2216 πρὸς

284 2221 344 2273 τὸ
385 2227 663 2278 κοινωνεῖν
681 2229 743 2294 τῇ
781 2227 1077 2299 Ἑκκλησίξ⁵
1109 2231 1415 2301 δοθήσεται.

287 2312 489 2367 ΒΑΛΣ.
534 2315 595 2367 '0
636 2316 826 2385 παρὼν
863 2319 1038 2372 κανῶν
1074 2321 1430 2390 σαςρηνίζεται
1462 2323 1551 2377 διὰ
1583 2323 1684 2393 τῆς
1715 2341 1807 2392 γε-

217 2406 451 2473 νομένης
486 2408 616 2476 παρ’
648 2410 804 2475 ἡμῶν
833 2411 1129 2479 ἑρμηνείας
1171 2414 1227 2464 ὲν
1258 2413 1336 2483 τῷ
1373 2416 1460 2477 πζ⁹
1491 2415 1676 2469 κανόνι
1709 2416 1811 2484 τῆς

216 2497 271 2547 ἐν
311 2497 388 2563 τῷ
423 2498 683 2568 Τροὺλλῳ
725 2504 942 2554 cavi-3w
969 2543 981 2563 ,
1022 2507 1114 2555 καὶ
1146 2507 1420 2574 ἀνάγνωθι
1447 2508 1651 2577 ταύτην
1674 2549 1688 2572 ,
1720 2509 1812 2561 καὶ

217 2590 307 2641 τὸν
347 2590 394 2642 θ’
421 2593 623 2643 κανόνα
655 2594 747 2646 τοῦ
781 2595 934 2663 ἁγίου
979 2600 1241 2668 Πατέρος,
1279 2601 1373 2651 καὶ
1400 2600 1491 2652 τὸν
1527 2599 1632 2655 κα¹.

288 2682 540 2736 ΖΩΝΑΡ.
591 2684 653 2736 Ἡ
700 2687 790 2736 τὸν
826 2688 1020 2740 οἰκεῖον
1067 2689 1444 2757 καταλείψασα
1488 2690 1680 2761 ἄνδρα,
1720 2691 1813 2744 ἐὰν

221 2775 390 2840 χωρὶς
421 2775 651 2838 εὐλόγου
692 2779 872 2840 αἰτίας
911 2781 1262 2851 ἀναχωρήσῃ.
1300 2782 1664 2851 ἐπιτιμᾶται·
1698 2784 1726 2834 6
1757 2782 1814 2835 δὲ

222 2867 363 2935 ἀνὴρ
412 2869 890 2936 συγγινώσκεται·
932 2872 1029 2941 οὐχ
1082 2871 1220 2924 ὥστε
1271 2872 1444 2941 ἐτὲρῳ
1486 2873 1809 2944 κεχρῆσθαι,

221 2959 337 3012 ἀλλ’
372 2960 512 3014 ὥστε
549 2963 648 3029 τῆς
690 2963 1016 3032 Ἐκκλησίας
1052 2967 1125 3035 μὴ
1151 2964 1507 3034 χωρισθῆναι.
1556 2966 1645 3018 Ἐν
1666 2955 1719 3017 δὲ
1737 2967 1814 3035 τῷ

223 3053 268 3105 θ’
305 3054 588 3123 κεφαλαίῳ
620 3058 647 3108 6
673 3057 827 3122 ἆγιος
857 3052 1033 3121 οὗτος,
1067 3057 1194 3111 οὔτε
1231 3057 1292 3109 τὸ
1328 3057 1629 3110 τύπτεσθαι
1663 3059 1814 3127 παρὰ

1983 1992 2202 2033 causam
2265 1979 2612 2034 considerare
2641 1989 2888 2046 oportet;
2928 1978 3029 2032 etsi
3076 1986 3272 2045 praeter
3324 1979 3487 2032 ratio-

1984 2084 2104 2123 nem
2165 2083 2283 2122 eam
2372 2069 2664 2124 secessisse
2712 2067 3068 2137 apparuerit,
3134 2068 3227 2122 ille
3276 2068 3490 2135 quidem

1984 2162 2178 2232 dignus
2209 2162 2365 2216 venia
2428 2169 2532 2227 est,
2589 2161 2680 2216 illa
2713 2177 2837 2215 vero
2867 2175 3042 2229 poma.
3080 2160 3137 2214 Ei
3174 2170 3354 2214 autem
3387 2175 3489 2215 ve-

1989 2255 2099 2318 nia,
2133 2264 2189 2306 ut
2217 2253 2474 2308 Ecclesiae
2501 2254 2886 2316 communicet,
2921 2252 3157 2305 dabitur.

1983 2347 2178 2401 BALS.
2220 2346 2466 2400 Pnesens
2509 2361 2684 2400 canon
2729 2345 3036 2400 declaratur
3079 2357 3172 2410 per
3214 2340 3414 2396 factum
3463 2353 3494 2392 a

1914 2440 2071 2493 nobis
2145 2439 2643 2508 interpretationem
2703 2438 2754 2492 itt
2811 2450 2986 2490 canon
3048 2434 3114 2488 87
3183 2432 3376 2504 synod.
3441 2432 3494 2486 in

1914 2532 2119 2587 Trullo.
2157 2531 2220 2585 Et
2267 2531 2383 2602 lege
2424 2547 2542 2585 eam
2598 2539 2651 2584 et
2715 2545 2909 2583 canon.
2960 2528 2994 2582 9
3040 2528 3213 2581 sancti
3272 2525 3490 2589 Patris,

1913 2642 1963 2681 et
1993 2627 2085 2679 21.

1984 2719 2239 2776 ZONAR.
2274 2720 2404 2784 Qum
2463 2717 2637 2769 virum
2695 2728 2850 2766 suum
2906 2710 3167 2778 reliquit,
3225 2707 3494 2776 siquidem

1913 2814 2114 2880 absque
2140 2814 2285 2882 justa
2317 2822 2478 2864 causa
2523 2804 2835 2868 secesserit,
2887 2800 3145 2854 multatur
3175 2816 3190 2854 :
3226 2801 3344 2854 viro
3397 2813 3497 2850 au-

1917 2915 2022 2961 tem
2053 2903 2383 2974 ignoscitur:
2411 2915 2516 2954 non
2548 2897 2767 2967 quidem
2799 2901 2857 2946 ιιι
2884 2895 2987 2946 alia
3027 2891 3104 2944 uti
3154 2891 3345 2952 liceat,
3401 2904 3497 2943 ve-

1917 3013 2032 3052 rum
2056 3005 2113 3049 ιιι
2141 2994 2208 3048 ab
2240 2993 2478 3048 Ecclesia
2513 2989 2736 3043 minime
2769 2998 3107 3052 segregetur.
3146 2980 3303 3035 Nono
3333 2995 3497 3047 porro

1916 3088 2090 3154 capite
2119 3087 2207 3139 hic
2228 3094 2448 3138 sanctus
2473 3082 2575 3143 vir,
2600 3092 2772 3148 neque
2793 3075 2936 3146 quod
2962 3090 2988 3127 a
3015 3075 3133 3127 viro
3157 3072 3492 3134 verberetur,

222 3144 314 3197 τοῦ
361 3147 574 3216 ἀνδρὸς,
622 3146 748 3199 οὗτε
784 3152 846 3199 τὸ
890 3151 966 3211 εις
1008 3149 1263 3218 χρήματα
1306 3147 1655 3217 ζημιοῦσθαι.
1699 3148 1813 3200 ἀλλ’

1934 3193 2097 3248 teque
2139 3176 2280 3246 quod
2321 3178 2586 3242 jacturam
2633 3170 2986 3237 pecuniarum
3034 3165 3340 3229 sustineat,
3385 3163 3496 3216 imo

219 3239 338 3292 οὐδὲ
381 3239 442 3291 τὸ
490 3241 774 3308 πορνεὺειν
821 3242 949 3302 ῐσως
985 3240 1075 3292 τὸν
1101 3239 1289 3308 ἄνδρα,
1337 3239 1590 3306 εὐλόγους
1632 3240 1811 3302 αίτίας

222 3333 436 3396 ἔκρινεν
462 3333 540 3394 εἰς
572 3333 628 3384 τὸ
650 3333 951 3401 ἀποστῆναι
975 3332 1072 3400 τὴν
1099 3334 1325 3399 γυναῖκα
1346 3329 1436 3382 τοῦ
1463 3329 1664 3399 γάμο),
1690 3330 1812 3383 οὐδὲ

226 3423 331 3492 μὴν
366 3422 426 3474 τὸ
458 3423 690 3474 ἄπιστον
724 3423 887 3475 αὑτὸν
913 3421 1077 3476 εἷναι.

306 3515 550 3570 ἈΡῐΣΤ.
605 3517 730 3569 Ἐὰν
768 3515 976 3584 ἀλόγως
1007 3514 1359 3585 ἀνεχώρησεν
1398 3514 1431 3583 ἡ
1464 3514 1638 3584 γυνὴ,
1674 3515 1814 3587 αὐτὴ

227 3608 326 3677 μὲν
360 3609 462 3660 οὐκ
493 3608 808 3670 ἀνεύθυνος.

300 3700 368 3754 Ἦ
411 3701 788 3754 καταλιποῦσα
822 3701 914 3754 τὸν
952 3703 1081 3756 τδιον
1117 3702 1307 3771 ἄνδρα,
1355 3704 1450 3757 καὶ
1489 3704 1548 3768 ἐξ
1598 3702 1810 3758 ἐκείνου

225 3790 437 3858 ἀλόγως
495 3793 937 3861 ἀναχωρήσασα,
997 3796 1054 3845 ἐν
1109 3796 1410 3864 ἐπιτιμίοις
1474 3794 1662 3848 ἔσται’
1715 3794 1815 3847 καὶ

229 3884 454 3952 μᾶλλον,
488 3886 536 3936 εἰ
567 3885 654 3936 ἐπ’
683 3886 844 3940 ἄλλον
866 3881 1028 3956 ἦλθεν
1061 3885 1230 3954 ἄνδρα
1251 3902 1266 3919 ο
1298 3887 1420 3940 τότε
1451 3886 1558 3957 γὰρ
1585 3885 1662 3946 ὡς
1694 3901 1815 3952 μοις

228 3978 383 4045 χαλῖς
413 3977 827 4041 κατακρίνεται,
860 3977 1000 4030 κατά
1029 3978 1123 4031 τὸν
1145 3977 1366 4030 ἔννατον
1397 3977 1619 4031 κανόνα.
1665 3975 1725 4029 Ὅ
1756 3975 1816 4029 δὲ

225 4067 385 4137 ἀνὴρ,
433 4069 462 4120 6
509 4067 892 4134 καταλειφθεὶς
936 4068 1029 4121 ὑπ’
1060 4069 1251 4138 αὐτῆς,
1283 4065 1617 4136 συγγνώμης
1667 4069 1816 4119 ἐστὶν

227 4158 399 4221 ἄξιος.
457 4160 552 4213 καὶ
591 4160 679 4213 διὰ
704 4158 882 4222 τοῦτο,
926 4160 975 4213 εί
1022 4159 1190 4228 ἄλλην
1232 4158 1373 4230 λάϐῃ
1418 4161 1674 4225 γυναῖκα.
1725 4157 1816 4212 καὶ

229 4250 646 4319 ἀνεπιτίμητος.

801 4344 1048 4398 ιιιιΝιιΝ
1069 4346 1210 4411 Atr.

236 4434 642 4500 Στρατιώτιδες
670 4437 725 4488 αἱ
757 4436 866 4488 τῶν
895 4437 1102 4506 ἀνδρῶν
1130 4436 1312 4490 αὐτῶν
1361 4436 1584 4503 ἀφανῶν
1646 4437 1814 4490 ὄντων

1917 3285 2091 3339 neque
2123 3271 2265 3340 quod
2298 3269 2381 3322 vir
2417 3268 2650 3321 fortasse
2676 3262 2972 3316 foruicetttr
2995 3297 3011 3322 ,
3033 3258 3231 3327 justam
3283 3253 3494 3307 mulieri

1915 3378 2132 3418 causam
2189 3358 2514 3428 abscedendi
2584 3370 2705 3409 esse
2743 3351 3024 3419 judicavit,
3073 3363 3245 3415 ncqtte
3276 3344 3492 3399 demunt

1915 3455 2058 3525 quod
2082 3469 2110 3506 a
2153 3453 2258 3507 ﬁde
2291 3451 2374 3504 vir
2407 3450 2522 3516 ipse
2553 3447 2624 3500 sit
2650 3444 2888 3498 alienus.

1989 3542 2216 3598 ARIST.
2244 3542 2300 3595 Si
2333 3540 2527 3593 mulier
2581 3537 2700 3591 sine
2749 3533 2960 3587 ratione
3003 3527 3329 3590 recesserit,
3380 3527 3495 3593 ipsa

1916 3637 2130 3706 quidem
2173 3634 2326 3699 culpa
2359 3645 2466 3684 non
2498 3638 2673 3681 vacat.

1989 3730 2118 3793 Qua:
2139 3726 2312 3778 virum
2335 3737 2490 3777 suum
2520 3720 2826 3788 dereliquit,
2858 3727 2913 3771 et
2934 3717 3000 3768 ab
3030 3729 3094 3768 eo
3120 3712 3237 3766 sine
3286 3709 3498 3763 ratione

1921 3817 2185 3883 recessit,
2208 3815 2383 3886 poenis
2409 3813 2748 3880 subjicietur,
2778 3820 2835 3866 et
2857 3807 3127 3879 praecipue
3150 3806 3196 3860 si
3216 3803 3282 3856 ad
3330 3801 3494 3856 alium

1919 3912 2094 3965 virum
2128 3908 2359 3963 venerit.
2393 3906 2548 3961 Tunc
2598 3906 2744 3959 enim
2795 3912 2857 3958 ut
2897 3900 3140 3956 adultera
3179 3895 3495 3968 judicatur,

1915 4004 2067 4074 juxta
2102 4015 2301 4055 nonum
2329 4013 2591 4054 canonem
2619 4014 2633 4051 :
2668 3997 2753 4051 vir
2786 4005 2965 4049 autem
2990 3991 3059 4047 ob
3099 4005 3160 4043 ea
3201 3986 3496 4042 derelictus

1918 4097 2070 4149 venia
2095 4095 2288 4164 dignt's
2311 4102 2412 4159 est,
2439 4103 2600 4163 atque
2631 4092 2751 4146 ideo
2767 4089 2812 4144 si
2845 4089 3002 4142 aliam
3037 4081 3252 4140 duxerit
3273 4091 3497 4136 uxorem

1919 4189 2124 4258 culpari
2152 4187 2360 4258 nequit.

2340 4364 2448 4434 95
2494 4360 2723 4418 cauou
2783 4355 3031 4414 xxxw.

1920 4453 2144 4508 Militum
2199 4466 2420 4516 uxores,
2479 4466 2621 4518 qme,
2672 4463 2796 4503 cum
2851 4445 3026 4499 mariti
3089 4442 3327 4510 ipsarum
3385 4450 3493 4492 non

298 4527 687 4597 γαςιεῖσαι,τῴ
742 4529 892 4596 αὑτῷ
947 4529 1271 4582 ὑπόκεινται
1325 4530 1487 4598 λόγῳ.
1528 4526 1682 4601 ᾧπερ
1723 4532 1813 4585 καὶ

1995 4552 2312 4612 appareant,
2339 4550 2661 4611 nupserunt,
2694 4539 2868 4593 eidem
2895 4535 3089 4590 rationi
3115 4531 3492 4598 subjiciuntur,

306 4622 360 4672 αἱ
392 4622 482 4672 διὰ
506 4621 606 4690 τὴν
630 4623 942 4691 ἀποδημίαν
970 4623 1082 4675 τῶν
1109 4623 1348 4692 ἀνδρῶν,
1387 4624 1461 4694 μὴ
1515 4625 1815 4692 ἀναμεῖνα-

312 4732 401 4765 σαι
433 4713 537 4780 τὴν
569 4715 828 4767 ἐπάνοδον
855 4731 869 4744 ·
895 4714 1036 4778 πλὴν
1064 4716 1175 4784 εχει
1207 4719 1332 4767 τινὰ
1374 4715 1709 4785 συγγνώμην
1756 4718 1818 4768 τὸ

305 4808 542 4873 πρᾶγμα
583 4805 839 4868 ἐνταῦθα,
889 4806 976 4858 διὰ
1025 4807 1085 4859 τὸ
1137 4807 1342 4876 μᾶλλον
1404 4808 1543 4874 πρὸς
1586 4808 1818 4862 θάνατον

315 4892 457 4949 εἶναι
491 4897 589 4965 τὴν
621 4897 903 4950 ὑπόνοιαν.

319 4989 446 5041 ΒΑΛ
462 4990 520 5043 Σ.
586 4989 698 5043 Καὶ
728 4986 884 5052 οὗτος
916 4992 943 5042 6
973 4990 1173 5056 κανιτιν,
1205 4991 1387 5060 ῥητῶς
1418 4991 1818 5060 ἀνατατόμενος

248 5081 304 5131 ἐν
337 5079 416 5146 τῷ
457 5079 830 5149 ἑννενηκοστῷ
858 5081 1025 5150 τρίτῳ
1041 5083 1226 5135 κανόνι
1246 5081 1346 5150 τῆς
1378 5085 1435 5134 ἐν
1458 5080 1533 5151 τῷ
1564 5079 1820 5152 Τρούλλῳ

243 5173 466 5224 σννίδου
503 5173 815 5242 ἑρμηνεύοη
855 5175 1055 5228 ἐκεῖσε.

278 5264 525 5316 ΖΩΝΛΡ.
562 5264 672 5316 Καὶ
703 5265 759 5315 αἱ
786 5264 895 5316 τῶν
929 5265 1284 5334 στρατιωτῶν
1311 5282 1572 5333 γυναικες
1594 5267 1818 5318 ἐπιτοω

242 5355 350 5406 τῶν
378 5354 596 5408 οἰκείων
622 5354 832 5424 ἀνδρῶν
865 5356 942 5428 μὴ
967 5356 1310 5424 φαινομένων
1340 5357 1436 5409 ἐὰν
1461 5356 1669 5427 ἑτέροις
1691 5373 1820 5408 συν-

247 5447 516 5513 αφθῶσιν,
554 5445 757 5514 ὁμοίως
803 5447 1163 5516 ἐπιτιμῶνται
1188 5449 1310 5510 ταῖς
1338 5447 1553 5511 λοιπαῖς
1583 5449 1818 5515 γυναιξὶ,

247 5543 367 5602 ταῖς
391 5537 864 5607 ἀποδημασάντων
921 5538 1016 5590 ἐπὶ
1080 5535 1294 5607 μακρὸν
1356 5539 1464 5592 τῶν
1487 5539 1695 5608 ἀνδρῶν
1726 5541 1825 5592 αὺ-

247 5630 356 5683 τῶν
436 5629 806 5698 γαμηθείσαις
889 5629 1089 5694 ἄλλοις.
1119 5631 1346 5698 Ἔχουσι
1383 5631 1438 5683 δὲ
1468 5631 1608 5691 τινὰ,
1664 5630 1818 5699 φησὶ,

250 5719 582 5786 συγγνώμην
605 5719 658 5770 al
684 5717 1084 5788 στρατιώτιδες,
1117 5719 1203 5772 διὰ
1235 5719 1294 5769 τὸ
1327 5718 1524 5788 μᾶλλον
1579 5721 1823 5772 ὑπονοεῖ-

255 5812 378 5864 σθαι
410 5811 594 5861 θανεῖν
621 5811 746 5871 rei;
775 5808 1134 5876 στρατιώτας,
1169 5809 1234 5861 ὲκ
1268 5809 1358 5862 τοῦ
1391 5813 1515 5880 περὶ
1551 5810 1817 5878 πολέμους

1992 4639 2074 4690 cui
2113 4646 2166 4690 et
2197 4650 2317 4704 qum
2358 4643 2577 4702 propter
2626 4632 2947 4686 maritorum
3004 4623 3494 4695 peregrinationem

1995 4725 2170 4779 reditu
2202 4741 2308 4778 non
2341 4732 2653 4790 exspectato
2684 4719 3001 4787 nupserint;
3032 4716 3124 4771 sed
3149 4729 3236 4768 res
3265 4711 3498 4766 nonnul-

1995 4814 2101 4867 lam
2151 4813 2241 4867 hic
2270 4813 2486 4866 veniam
2528 4809 2784 4870 admittit,
2814 4807 2955 4875 quod
2997 4803 3171 4870 major
3202 4802 3275 4854 sit
3309 4800 3495 4854 mortis

1991 4905 2248 4973 suspicio.

1996 4997 2189 5050 BALS.
2221 4998 2322 5050 Hic
2359 5009 2572 5064 quoque
2625 5006 2796 5046 canon
2831 4990 2882 5042 in
2939 4989 3007 5043 93
3057 5002 3176 5058 syn.
3214 4985 3280 5046 in
3309 4981 3490 5040 Trulla

1923 5090 2240 5151 collocatus,
2286 5087 2395 5140 illic
2431 5098 2512 5140 est
2549 5085 2960 5150 interpretatus.

1995 5264 2249 5320 ZONAR.
2284 5263 2352 5317 Et
2382 5262 2610 5315 militum
2646 5272 2858 5327 quoque
2889 5271 3108 5316 uxores.
3168 5254 3234 5308 ad
3267 5252 3490 5305 multum

1926 5356 2181 5425 temporis
2245 5355 2484 5422 ipsaruut
2542 5351 2671 5402 viris
2721 5363 2825 5401 non
2856 5345 3263 5413 apparentibus,
3294 5341 3337 5395 si
3373 5340 3492 5394 aliis

1917 5432 2226 5515 'juugantur
2257 5443 2369 5511 pari
2402 5456 2523 5496 cum
2567 5439 2789 5508 reliquis
2835 5436 3155 5490 mulieribus
3200 5433 3364 5486 multa
3393 5446 3492 5498 pu-

1928 5525 2169 5598 niuntur,
2220 5549 2359 5602 quae,
2421 5546 2543 5585 cum
2602 5529 2701 5581 viri
2756 5527 2956 5582 diutius
2999 5523 3489 5590 peregrinarentur,

1927 5629 2049 5680 aliis
2109 5633 2428 5693 nupserunt.
2491 5621 2699 5675 Habent
2757 5633 2885 5672 Vero
2944 5615 3257 5683 quamdam,
3295 5609 3486 5677 inquit,

1930 5737 1956 5770 v
1996 5720 2138 5770 uiam
2171 5716 2427 5770 -tttiiituut
2481 5726 2696 5772 uxores,
2729 5710 2867 5778 quod
2898 5707 3110 5761 fat-ilius
3158 5703 3489 5769 suspicemur

1930 5808 2198 5862 interisse
2235 5808 2453 5870 tnilite=,
2488 5804 2680 5872 quippe
2699 5801 2788 5869 qui
2815 5800 2957 5853 inter
2989 5796 3122 5851 bella
3155 5805 3203 5849 et
3233 5793 3400 5848 σκότε
3427 5805 3490 5846 ac
