4006 6440
543 341 652 411 703

1776 350 2054 415 THEOD.
2101 345 2189 408 ΒΑ
2204 348 2330 412 LSA
2341 354 2500 416 ΜοΝ

3673 362 3794 426 ’104

547 457 782 526 pericula
815 457 976 510 vitam
1002 468 1180 526 agant.
1218 458 1384 516 Venia
1416 477 1576 531 porro
1608 463 1698 518 illa
1737 463 1922 526 fuerit,
1950 472 2006 516 ut
2037 462 2103 515 de

2215 465 2302 513 καὶ
2332 465 2546 532 σφαγάς
2568 464 2661 518 καὶ
2691 464 2970 532 κινδύνους
2993 466 3458 541 ἀναστρέφεσθαι.
3479 473 3538 526 Ἦ
3568 474 3620 525 δὲ
3653 491 3794 540 συγ.

545 559 788 629 tempore
821 561 996 615 pana:
1030 550 1408 617 persolvendae.
1423 554 1716 610 constituto
1749 557 1951 625 aliquid
1979 555 2112 624 ipsis

543 633 881 689 detrahatur.

615 722 840 779 ARIST.
903 726 1128 780 Militum
1177 745 1374 786 uxores
1421 748 1540 802 qua:
1602 749 1666 789 eo
1699 737 1843 806 quod
1874 738 1972 791 viri
2028 736 2111 792 sui

545 831 812 883 nusquam
857 830 1153 887 appareant
1187 823 1307 878 aliis
1330 825 1648 895 junguntur,
1682 839 1806 883 sunt
1851 829 2110 884 veniadi-

541 909 758 975 gniores
791 911 931 974 aliis,
979 929 1098 982 quas
1161 926 1380 984 propter
1413 933 1600 974 eorum
1648 923 2110 995 peregrinationes

541 1019 647 1055 non
673 992 1010 1068 exspectant.

617 1093 802 1147 Eidem
878 1095 1249 1154 fornicationis
1319 1102 1586 1170 supplicio
1647 1105 2011 1174 subjiciuntur
2059 1115 2114 1161 et

543 1185 715 1238 amba
749 1187 830 1240 lue
871 1190 1145 1251 mulieres,
1175 1201 1231 1244 et
1251 1207 1370 1257 quae
1393 1195 1489 1248 viri
1531 1211 1560 1248 a
1589 1197 1777 1250 militia
1808 1199 2111 1254 communis

542 1283 596 1324 et
634 1280 1026 1342 peregrinantis
1058 1296 1196 1336 uxor
1224 1292 1330 1348 est,
1363 1293 1415 1338 et
1465 1287 1777 1355 priusquam
1831 1289 1995 1342 certis
2027 1305 2115 1343 ar-

541 1371 814 1434 gumentis
860 1374 1214 1428 coiilirmetur
1251 1391 1396 1430 mors
1429 1378 1590 1442 illius,
1631 1379 1718 1432 alii
1748 1383 2014 1448 nupserit,
2059 1390 2112 1435 et

543 1472 663 1524 qua:
692 1460 877 1513 militis
906 1472 989 1516 est
1026 1478 1184 1526 uxor,
1219 1466 1262 1517 si
1295 1477 1347 1520 et
1380 1467 1468 1520 illa
1498 1479 1786 1537 antequam
1822 1472 1920 1524 viri
1945 1472 2112 1540 ipsius

547 1558 777 1603 mortem
813 1562 1066 1604 accurate
1089 1553 1296 1620 didicit,
1326 1557 1414 1610 alii
1445 1560 1819 1631 conjungetur.
1834 1563 2112 1629 Quomodo

516 1649 720 1698 ,autem
783 1642 1014 1694 militum
1079 1659 1275 1700 uxores
1328 1663 1448 1702 cum
1499 1653 1609 1706 vita
1667 1654 1946 1710 defunctos
1993 1671 2112 1712 esse

2213 554 2403 622 γνώμη
2450 555 2532 625 είη
2593 557 2659 610 ἂν
2712 558 2772 610 τὺ
2839 558 2929 612 τόν
2961 561 3149 631 χρόνον
3189 561 3283 615 τοῦ
3331 562 3608 630 ἐπιτιμίου
3659 565 3795 626 ίσως

2224 649 2250 699 ὲ
2262 647 2585 702 λαττοῦσθαι
2628 650 2838 715 αὐταῖς.

2279 740 2504 793 ΑΡΙΣΤ.
2566 742 2635 795 Δί
2687 743 3070 812 στρατιώτιδες
3105 749 3160 801 αί
3189 748 3278 801 διὰ
3303 749 3402 818 τὴν
3429 749 3542 801 τῶν
3587 748 3820 817 ἀνδρῶν·

2213 831 2476 897 ἀφάνειαν
2496 835 2676 898 ἀλλοις
2704 836 3063 905 ζευγνύμεναι
3079 842 3557 910 συγγνωστότεραι
3576 842 3674 894 τῶν
3691 839 3796 892 ἆ).-

2213 922 2346 988 λων,
2372 925 2427 977 αἶ
2449 926 2536 980 διὰ
2559 929 2658 988 τὰς
2678 931 2986 1010 ἀποδημίας
3006 933 3066 985 οὐ
3098 937 3515 1005 περιμένουσιν.

2264 1101 2353 1172 Τῷ
2386 1105 2537 1178 αὐτῷ
2591 1109 2690 1177 τῆς
2723 1112 2976 1180 μοιχείας
3002 1113 3266 1185 ἐπιτιμίῳ
3325 1117 3644 1172 ὑπόκεινται
3699 1121 3802 1176 καὶ

2213 1190 2521 1261 ἀμφότεραι
2557 1195 2612 1247 αί
2635 1201 2917 1264 γυναῖκες,
2942 1200 2976 1269 ἧ
3027 1217 3088 1253 τε
3120 1200 3214 1253 τοῦ
3273 1202 3650 1273 ἀστρατεύτου
3700 1208 3801 1258 καὶ

2214 1281 2501 1352 ἀποδήμου
2519 1287 2694 1350 ὄντος,
2724 1289 2818 1339 καὶ
2855 1289 2962 1357 πρὸ
3020 1290 3116 1343 τοῦ
3165 1292 3658 1362 πληροφορηθῆναι
3703 1297 3804 1347 τὸν

2215 1372 2441 1428 θάνατον
2461 1378 2648 1436 αὐτοῦ.
2670 1381 2839 1450 ἑτέρῳ
2865 1384 3198 1452 γαμηθεῖσα,
3219 1387 3313 1438 καὶ
3343 1388 3375 1455 ή
3402 1388 3500 1439 τοῦ
3530 1390 3805 1458 στρατιῶν

2215 1479 2325 1526 του,
2357 1465 2450 1518 ἐὰν
2476 1468 2567 1519 καὶ
2596 1469 2754 1536 αὑτὴ,
2796 1472 2900 1540 πρὸ
2925 1471 3019 1524 τοῦ
3073 1475 3262 1542 μαθεῖν
3293 1475 3544 1544 ἀκριϐῶς
3572 1480 3636 1528 τὰ
3666 1478 3801 1545 περὶ

2216 1553 2309 1606 τοῦ
2343 1555 2574 1612 θανάτου
2592 1559 2685 1612 τοῦ
2723 1563 2914 1632 ἀνδρὸς
2943 1565 3135 1633 αὐτῆς,
3159 1567 3331 1636 ἑτέρῳ
3357 1569 3627 1638 συναφθῇ·
3653 1571 3804 1632 ὅπως

2213 1646 2270 1698 δὲ
2325 1648 2381 1699 αἱ
2442 1653 2841 1720 στρατιώτιδες,
2897 1656 3166 1724 μαθοῦσαι
3225 1661 3351 1723 τοὺς
3385 1661 3806 1730 ίδίουςηάνδρας

543 1730 767 1784 maritos
799 1746 924 1785 suos
958 1733 1247 1788 didicerint
1279 1751 1508 1794 mortem
1541 1757 1724 1796 eorum
1788 1746 2107 1815 investigare

545 1821 736 1845 .L-L..-.a
810 1826 1084 1845 --__.-_!,-A,
1151 1830 1164 1845 ι
1237 1831 1249 1842 ρ
1521 1836 1532 1845 .
1675 1836 1697 1845 -
1795 1839 1804 1845 .
1853 1840 1863 1845 -
1945 1842 1956 1845 -

2220 1741 2690 1812 τετελευτηκέναι,
2711 1747 3018 1814 ὀφείλουσιν
3041 1752 3270 1821 ἐρευνᾷν
3297 1753 3540 1823 περὶτοῦ
3570 1754 3803 1807 Θανάτου

545 1821 762 1883 debent,
805 1826 1096 1880 centesima
1133 1830 1340 1885 decima
1396 1836 1622 1902 septima
1668 1836 1959 1895 Iustiniani
2016 1857 2107 1895 no-

2221 1831 2483 1902 αότῶν,ὴ
2543 1836 2974 1902 ’1ουστινιάνειος
3016 1844 3288 1910 έκατοστὴ
3356 1846 3805 1914 ἑπτακαιδεκάτη

542 1909 680 1961 vella
717 1915 928 1977 statuit,
970 1917 1020 1970 in
1054 1921 1284 1986 septimo
1312 1925 1465 1979 titulo
1502 1928 1745 1983 vicesimi
1787 1933 1959 1986 octavi
1990 1933 2113 1987 libri

541 1993 898 2056 Basilicarum
935 2010 1131 2072 posita.
1166 2013 1331 2082 Cujus
1361 2017 1442 2070 vis
1465 2028 1519 2072 et
1569 2020 1623 2073 in
1669 2035 1792 2075 can.
1830 2023 1894 2078 9i
1948 2037 2116 2081 sexta:

539 2105 596 2143 ιιι
631 2091 821 2144 Trullo
857 2099 1044 2164 synodi
1085 2101 1290 2171 scripta
1346 2117 1448 2163 est.
1501 2108 1744 2167 Praesens
1800 2124 1978 2170 autem
2019 2133 2113 2171 ca-

541 2194 644 2231 non
680 2183 912 2237 militum
965 2204 1162 2245 uxores
1220 2195 1550 2265 indulgentia
1605 2204 1782 2271 aliqua
1838 2207 2108 2278 dignatur,

539 2271 823 2337 plusquam
855 2294 1052 2335 uxores
1100 2285 1256 2340 aliter
1302 2294 1788 2361 peregrinantium,
1835 2301 1878 2354 si
1925 2303 1989 2355 ad
2022 2319 2112 2357 se-

539 2366 745 2418 cundas
775 2371 992 2436 nuptias
1034 2377 1302 2443 venerint,
1333 2380 1468 2436 viris
1499 2385 1614 2440 suis
1645 2403 1750 2441 non
1798 2396 2111 2459 apparenti-

535 2453 637 2507 bus
657 2461 910 2525 quoniam
941 2463 1215 2534 istipotius
1238 2487 1403 2540 prope
1426 2485 1651 2530 mortem
1677 2453 1902 2544 simu-et
1924 2499 2108 2538 eorum

538 2543 780 2598 absentia
812 2564 1060 2619 magnam
1090 2555 1184 2611 dat
1211 2561 1579 2629 suspicionem
1607 2571 1747 2636 quod
1776 2543 1860 2626 vel
1912 2574 2109 2629 mortui

532 2633 642 2686 sint
665 2636 747 2690 vel
775 2637 1070 2696 interiecti.

1029 2823 1261 2881 CANON
1316 2829 1585 2888 XXXVII.

540 2905 640 2972 Qui
675 2919 957 2981 postquam
987 2915 1160 2971 aliena
1197 2921 1246 2973 ei
1281 2921 1458 2976 ablata
1492 2924 1655 2982 fuerit
1678 2944 1902 2986 uxorem
1932 2933 2108 3000 duxit,

609 3001 664 3054 in
690 3004 862 3070 prima
881 3008 1094 3074 quidem
1123 3012 1374 3070 adulterii
1401 3021 1768 3090 accusabitur,
1796 3024 1851 3080 in
1868 3030 2106 3084 secunda

608 3107 737 3145 vero
765 3112 886 3151 reus
911 3117 1015 3154 non
1049 3115 1260 3173 agetur.

606 3180 803 3240 BALS.
862 3189 1109 3244 Alienam
1167 3195 1255 3249 hic
1292 3198 1423 3254 dicit
1457 3217 1655 3270 canon,
1700 3222 1820 3275 quae
1869 3211 2107 3280 legitime

532 3276 741 3342 nupsit,
780 3279 862 3332 vel
884 3280 1152 3347 desponsa
1188 3285 1284 3339 fuit
1307 3291 1487 3345 alicui.
1511 3294 1568 3348 Si
1599 3298 1722 3365 quis
1754 3314 1882 3369 ergo
1901 3276 2108 3358 adulte-

534 3365 672 3416 rium
730 3371 1106 3434 commiserit,
1155 3375 1335 3432 aliena
1386 3380 1440 3432 in
1499 3398 1652 3438 suam
1721 3391 2104 3456 proprietatem

535 3472 816 3527 usurpata,
854 3461 969 3530 lege
994 3466 1181 3533 utique
1211 3472 1564 3541 matrimonii,
1591 3488 1644 3531 et
1675 3481 1743 3531 ab
1789 3496 1849 3534 ea
1889 3498 2107 3550 separa-

535 3557 623 3600 tus
677 3550 837 3605 fuerit
877 3569 997 3609 cum
1050 3557 1291 3626 legitima
1355 3566 1847 3636 condemnatioue,
1907 3576 2108 3643 aliique

534 3642 858 3707 conjuncltts
893 3663 906 3698 :
945 3663 1041 3715 pro
1073 3651 1339 3708 adulterio
1373 3657 1588 3723 quidem
1620 3664 1916 3717 secundum
1945 3682 2108 3723 rano—

535 3747 630 3783 nes
663 3735 932 3800 punietur,
979 3738 1032 3791 in
1073 3745 1310 3798 secunda
1359 3757 1536 3801 autem
1570 3765 1758 3815 uxore,
1786 3770 1906 3821 qua:
1947 3766 2028 3809 est
2077 3774 2104 3809 a

534 3821 653 3872 vim
706 3825 896 3890 libera,
933 3843 1057 3883 reus
1104 3847 1207 3885 non
1258 3835 1456 3903 agitur.
1509 3838 1636 3894 Haec
1692 3852 1870 3896 autem
1913 3855 2037 3899 sunt
2075 3863 2104 3900 a

535 3924 720 3966 sancto
737 3919 1032 3971 constituta
1066 3932 1284 3990 propter
1327 3940 1421 3981 eos
1449 3929 1543 3998 qui
1581 3931 1832 3988 dicebant
1873 3952 1977 3988 nun
2013 3940 2107 3993 de-

533 4001 662 4056 bere
696 4007 1002 4064 adulterum
1035 4016 1284 4069 secundae
1315 4019 1472 4073 uxori
1508 4021 1787 4092 conjungi,
1819 4033 1878 4077 ut
1924 4029 2012 4094 qui
2053 4031 2102 4082 in

535 4095 822 4160 capitalem
895 4100 1405 4160 condemnationem
1471 4111 1789 4177 incidisset,
1866 4126 1921 4168 ct
2000 4134 2102 4171 non

535 4194 720 4250 posset
759 4186 876 4255 lege
923 4192 1090 4246 veteri
1141 4200 1464 4254 contrahere
1489 4239 1506 4264 ,
1551 4219 1673 4271 quae
1711 4207 2106 4262 observabatur

537 4285 782 4343 tempore
818 4279 1024 4347 Basilii,
1072 4286 1282 4342 scilicet
1321 4301 1450 4345 ante
1499 4297 1954 4363 repurgationem.
1992 4301 2106 4355 Etsi

2216 1922 2405 1991 Νεαρά
2427 1924 2815 1993 διαλαμϐάνει,
2872 1931 2905 1998 ή
2961 1931 3018 1982 ἐν
3075 1931 3154 2001 τῷ
3211 1933 3428 2004 ἑϐδόμῳ
3489 1934 3657 2005 τίτλῳ
3705 1935 3804 1988 τοῦ

2216 2015 2471 2066 εἰκοστοῦ
2508 2017 2698 2084 ὀγδόου
2742 2018 2952 2088 βιϐλίου
3000 2023 3110 2076 τῶν
3161 2023 3466 2092 βασιλικῶν
3525 2026 3755 2095 κειμένη
3787 2042 3806 2057 ⁸

2214 2098 2280 2175 ἧς
2309 2107 2342 2176 ἡ
2372 2107 2601 2175 δύναμις
2635 2127 2728 2162 και
2761 2113 2817 2161 ὲν
2842 2111 2919 2181 τῷ
2953 2113 3325 2184 ὲννενηκοστῷ
3377 2114 3586 2185 πρώτῳ
3617 2118 3807 2170 κανόνι

2217 2196 2438 2264 ἐγράφη
2471 2199 2572 2267 τῆς
2607 2200 2761 2270 ὲντῷ
2797 2201 3056 2272 Τρούλλῳ
3104 2203 3272 2273 ἕκτης
3328 2207 3576 2259 συνόδου.
3641 2207 3699 2258 Ὀ
3748 2207 3808 2258 δὲ

2215 2289 2410 2357 παρὼν
2438 2289 2622 2341 κανὼν
2650 2290 2980 2362 συγγνώμης
2996 2294 3143 2357 τινὸς
3164 2295 3311 2360 ἀξιοῖ
3345 2298 3452 2359 τὰς
3473 2297 3588 2351 τῶν
3634 2316 3807 2367 στρα-

2214 2379 2426 2430 τιωτῶν
2462 2384 2728 2444 γυναῖκας
2759 2383 2910 2452 παρὰ
2970 2384 3071 2445 τὰς
3117 2389 3389 2452 γυναῖκας
3458 2391 3569 2442 τῶν
3628 2390 3810 2453 ἄλλως

2213 2472 2664 2540 ἀποδημούντων,
2690 2475 2849 2542 εἰπερ
2874 2477 3010 2545 πρὸς
3038 2479 3295 2549 δεύτερον
3326 2484 3510 2547 γάμον
3568 2484 3802 2544 ἔλθοιεν,

2213 2563 2320 2613 τῶν
2347 2565 2558 2630 ἀνδρῶν
2591 2565 2771 2617 αὐτῶν
2812 2569 3285 2633 ἀφαντίυθέντων·
3341 2572 3435 2624 διὰ
3491 2574 3551 2624 τδ
3603 2574 3810 2642 μᾶλλον

2213 2652 2348 2718 πρὸς
2403 2652 2636 2704 θάνατον
2662 2650 2803 2707 εἶναι
2880 2656 3103 2719 αὐτοὺς,
3154 2661 3245 2710 καὶ
3307 2660 3555 2730 μεγάλην
3603 2662 3807 2715 διδόναι

2213 2740 2468 2792 ὑπόνοιαν
2489 2743 2586 2812 τὴν
2603 2743 2889 2811 ἀφάνειαν,
2904 2745 2979 2806 ὡς
2996 2745 3342 2815 τεθνήκασιν,
3368 2749 3400 2818 ἢ
3421 2751 3800 2821 ἀνῃρέθησαν.

2783 2836 3024 2888 ΚΑΝΩΝ
3052 2839 3176 2892 ΔΖ’.

2211 2923 2456 2977 Μετὰτδ
2511 2926 2881 2996 ἀφαιρεθῆναι
2915 2929 3012 2998 τὴν
3092 2930 3382 3000 ἀλλοτρίαν
3443 2935 3470 2985 ὀ
3517 2937 3806 3005 γαμήσας,

2262 3016 2358 3068 ἐπὶ
2420 3017 2519 3084 μὲν
2547 3022 2613 3087 τῇ
2649 3019 2863 3090 πρώτῃ,
2900 3022 3150 3089 μοιχείας
3179 3023 3608 3094 ὲγκληθήσεται
3650 3045 3664 3058 ·
3706 3028 3808 3079 ἐπὶ

2130 3113 2179 3177 C
2261 3109 2319 3162 δὲ
2369 3112 2435 3178 τῇ
2476 3111 2706 3180 δευτέρα
2737 3111 3028 3174 ἀνεύθυνος
3060 3114 3235 3166 ἔσται.

2278 3200 2479 3257 ΒΑΛΣ.
2552 3200 2863 3270 Ἀλλοτρίαν
2943 3203 3178 3258 ἐνταῦθα
3260 3206 3409 3273 λέγει
3499 3212 3527 3260 ὀ
3618 3210 3810 3263 κανὼν

2209 3291 2307 3359 τὴν
2387 3292 2633 3362 νομίμως
2706 3295 3048 3362 γαμηθεῖσαν
3119 3297 3151 3365 ἦ
3204 3299 3298 3352 καὶ
3360 3303 3812 3367 μνηστευθεῖσὰν

2209 3399 2336 3436 τινι.
2414 3382 2482 3434 Εί
2558 3400 2644 3445 τις
2750 3384 2882 3451 γοῦν
2975 3389 3274 3455 μοιχεύσει,
3371 3391 3814 3460 ίδιοποιούμσνος

2212 3472 2311 3540 τὴν
2389 3474 2681 3544 ἀλλοτρίαν
2746 3477 2885 3530 κατά
2932 3479 3098 3547 νόμον
3161 3480 3325 3550 δῆθεν
3415 3486 3620 3554 γάμου,
3711 3490 3810 3540 καὶ

2209 3566 2380 3634 αὐτὴν
2434 3567 2533 3634 μὲν
2601 3570 2870 3639 ἀφαιρεθῇ
2925 3571 3064 3633 μετά
3154 3575 3452 3642 καταδίκης
3535 3579 3808 3646 νομίμου,

2212 3657 2375 3726 ἑτέρᾳ
2451 3656 2504 3708 δὲ
2570 3658 2893 3727 συζευχθῇ’
2945 3660 3104 3727 χάριν
3177 3663 3274 3728 μὲν
3353 3668 3450 3732 τῇς
3549 3669 3812 3736 μοιχείας

2211 3745 2352 3810 κατὰ
2378 3744 2503 3805 τοὺς
2535 3745 2770 3806 κανόνας
2793 3747 3282 3815 ὲπιτιμηθήσεται,
3337 3753 3432 3803 ἐπὶ
3459 3753 3516 3804 δὲ
3547 3757 3612 3823 τῇ
3676 3755 3811 3808 Seu-

2208 3836 2342 3904 τέρα
2391 3839 2629 3905 γαμετῇ.
2674 3838 2936 3906 ἐλευθέρᾳ
3004 3837 3138 3908 οὔσῃ
3216 3841 3429 3908 ἀνδρὸς,
3486 3845 3588 3895 οὐκ
3643 3845 3810 3898 ἔσται

2209 3929 2524 3989 ὑπεύθυνος.
2576 3927 2900 3999 Ὠρίσθησαν
2928 3930 3182 3984 δὲταῦτα
3212 3935 3363 4000 παρὰ
3403 3934 3500 3986 τοῦ
3532 3935 3811 4002 άγίουδιὰ

2206 4022 2332 4082 τοὺς
2355 4019 2614 4085 λέγοντας
2647 4020 2719 4086 μὴ
2751 4021 2989 4087 ὀφείλειν
3013 4022 3104 4073 τὸν
3140 4024 3332 4091 μοιχὸν
3358 4025 3594 4095 δευτέρᾳ
3629 4031 3810 4082 συνά..

2208 4128 2304 4162 πτε
2315 4110 2439 4162 σθαι
2457 4111 2698 4175 γυναικὶ,
2717 4113 2793 4174 ὡς
2805 4112 3076 4181 κεφαλικῇ
3099 4115 3368 4186 καταδίκῃ
3385 4117 3805 4188 ὑποπίπτοντα,

2209 4203 2304 4252 καὶ
2333 4202 2406 4271 μὴ
2434 4203 2737 4271 δυνάμενον
2787 4205 3184 4258 συναλλάττειν
3234 4210 3378 4260 γατά
3425 4211 3518 4261 τὸν
3560 4212 3809 4266 παλαιὸν

2208 4294 2372 4362 νόμον
2415 4295 2506 4349 τὸν
2532 4297 2841 4359 κρατοῦντα
2882 4300 2940 4350 ὲν
2989 4301 3113 4358 ταῖς
3149 4299 3392 4369 ἡμέραις
3451 4305 3549 4355 τοῦ
3632 4307 3804 4373 ἁγίου

535 4367 678 4419 enim
711 4369 762 4421 in
795 4371 1024 4439 capitale
1076 4377 1397 4446 supplicium
1438 4383 1709 4453 quispiam
1745 4388 1944 4444 incidat
1985 4407 2105 4458 pro-

2215 4377 2521 4443 Βασὶλείου.
2563 4387 2810 4445 δηλονότι
2861 4388 2970 4454 πρὸ
3019 4388 3120 4455 τῆς
3168 4367 3627 4463 ἀνα-καθάρσεως.
3676 4367 3808 4452 ira»

535 4469 657 4526 pter
699 4459 1047 4530 adulterium,
1081 4481 1185 4519 non
1224 4479 1305 4521 est
1338 4479 1514 4526 tamen
1535 4475 1934 4532 matrimonium
1975 4497 2107 4533 con-

2215 4474 2318 4543 γάρ
2353 4475 2622 4545 κεφαλικῇ
2683 4448 2926 4548 τιμωρία
2959 4448 3248 4533 ὑπόκειταί
3278 4499 3363 4544 τις
3405 4448 3495 4536 διὰ
3517 4448 3626 4554 τὴν⁷
3671 4507 3802 4556 μοι.

539 4550 755 4604 traliere
800 4554 1131 4621 prohibitus,
1163 4566 1219 4612 et
1260 4560 1382 4614 ideo
1421 4563 1490 4618 de
1528 4579 1593 4618 eo
1637 4582 1744 4621 non
1802 4571 2056 4637 punietur
2090 4591 2103 4626 :

535 4641 708 4693 multo
740 4655 922 4696 autem
959 4646 1130 4713 magis
1173 4647 1220 4702 is
1258 4648 1420 4705 hodie
1453 4667 1668 4719 pmnam
1731 4673 1837 4711 non
1883 4661 2103 4722 subibit,

536 4737 822 4797 propterea
851 4733 993 4800 quod
1039 4737 1270 4802 capitale
1315 4741 1638 4809 supplicium
1678 4745 1950 4800 sublatum
1998 4760 2102 4815 est,

533 4825 588 4870 et
614 4819 834 4885 punitur
859 4824 1069 4878 adulter
1109 4827 1221 4880 sola
1247 4833 1455 4885 narium
1480 4833 1820 4889 abscissione
1842 4847 1898 4891 et
1934 4840 2102 4894 bono-

533 4924 727 4962 norum
753 4912 1043 4969 ablatione.
1067 4916 1133 4971 Et
1158 4918 1275 4987 lege
1295 4935 1416 4989 cap.
1452 4922 1540 4988 82,
1566 4924 1648 4976 tit.
1672 4926 1760 4991 57,
1799 4927 1892 4982 lib.
1937 4944 2026 4992 ιι,
2051 4941 2106 4984 et

533 5001 808 5055 Novellam
846 5005 914 5057 5‘2
954 5007 1298 5074 imperatoris
1350 5014 1552 5068 domini
1601 5014 1795 5071 Leonis
1857 5019 2103 5075 Philoso-

536 5091 648 5155 plii.
687 5090 810 5145 Haec
852 5105 1029 5148 autem
1067 5097 1239 5150 locum
1280 5099 1572 5163 habebant,
1607 5113 1664 5156 ut
1698 5105 1830 5159 mihi
1865 5108 2122 5171 videturr

531 5184 750 5247 quando
772 5183 884 5236 sola
909 5185 1189 5243 affectione
1206 5192 1640 5249 constituebatur
1660 5199 2059 5253 matrimonium
2084 5217 2098 5254 :

531 5271 642 5342 96
683 5290 826 5327 nunc
874 5288 1052 5332 autem
1105 5283 1321 5350 quando
1379 5299 1501 5338 cum
1551 5302 1710 5342 sacra
1753 5292 2001 5347 oratione
2045 5303 2101 5347 et

533 5375 720 5419 sancto
765 5367 1063 5424 ministerio
1119 5373 1414 5439 procedunt
1476 5379 1674 5448 nuptias
1714 5392 1768 5436 et
1803 5389 2096 5457 sponsalia,

532 5455 742 5510 adulter
786 5459 998 5515 mulieri
1053 5479 1156 5517 non
1209 5467 1365 5522 aliter
1416 5471 1794 5542 conjungetur,
1840 5493 2002 5545 quant
2051 5484 2096 5536 si

533 5544 780 5599 adulterii
817 5548 991 5614 poenis
1033 5549 1196 5605 fuerit
1244 5553 1524 5622 liberatus,
1561 5575 1681 5629 qua:
1754 5544 2096 5624 declarantur

536 5635 588 5688 in
618 5652 737 5690 can.
776 5638 843 5692 58
872 5644 1150 5708 praesentis
1176 5649 1371 5701 sancti.

2209 4566 2383 4634 χείαν,
2413 4566 2555 4618 ἀλλὰ
2587 4569 2766 4636 γάμον
2792 4570 3182 4624 συναλλάττειν
3210 4575 3270 4625 οὑ
3323 4576 3667 4642 κεκώλυται,
3703 4584 3807 4636 καὶ

2207 4657 2296 4708 διὰ
2331 4656 2490 4708 τοῦτο
2525 4657 2624 4710 οὐκ
2652 4658 3119 4728 ὲπιτιμηθήσεται
3159 4663 3319 4732 χάριν
3336 4664 3531 4717 τούτου
3567 4682 3583 4698 ν
3612 4670 3806 4739 πολλῷ

2205 4749 2262 4800 δὲ
2291 4751 2454 4802 πλέον
2497 4751 2557 4802 οὐ
2599 4751 3003 4820 κολασθήσεται
3036 4755 3282 4822 σήμερον
3335 4759 3361 4808 ό
3403 4759 3682 4824 τοιοῦτος,
3711 4763 3800 4814 ὅτι

2206 4841 2478 4910 κεφαλικὴ
2561 4843 2798 4912 τιμωρία
2860 4844 3191 4915 περιῃρέθη,
3264 4849 3360 4899 καὶ
3432 4851 3802 4916 κολάζεταιό

2210 4934 2395 5002 μοιχὸς
2438 4934 2574 5002 μόνῃ
2625 4933 2788 5002 ῥινῶν
2826 4935 3033 5003 ἐκτομῇ
3077 4939 3173 4989 καλ⁸
3229 4941 3600 5018 πραγμάτων
3629 4946 3806 5012 ἀφαι.

2209 5024 2377 5093 ρέσει.
2447 5026 2558 5077 Καὶ
2591 5025 2868 5090 ἀνάγνωθι
2901 5026 2964 5078 τὸ
3000 5027 3090 5094 πβ⁹
3119 5045 3245 5095 κεφ.
3282 5029 3377 5082 τοῦ
3436 5031 3516 5095 λζ’
3550 5033 3660 5088 τίτ.
3697 5037 3798 5090 τοῦ

2208 5113 2248 5178 ξ’
2295 5115 2459 5184 βιϐλ.,
2485 5117 2578 5169 καὶ
2621 5114 2817 5185 λβ’τὴν
2873 5117 3094 5186 Νεαρὰν
3125 5118 3524 5197 τοῦ-βασιλέως
3597 5128 3837 5195 κυρίου·

2203 5209 2432 5269 Λέοντος
2454 5207 2547 5259 τοῦ
2577 5209 2898 5277 Φιλοσόφου.
2936 5209 3123 5262 Ταῦτα
3156 5211 3211 5263 δὲ
3235 5212 3420 5283 χώραν
3481 5212 3655 5286 εἶχον,
3714 5219 3796 5283 ὡς

2201 5299 2326 5368 ἐμοὶ
2355 5298 2520 5360 δοκεῖ,
2544 5299 2632 5350 ὅτε
2677 5299 2812 5369 μόνῃ
2873 5299 3116 5352 διαθέσει
3185 5304 3480 5358 συνίστατο
3537 5309 3791 5376 ὀγάμος.

2213 5391 2443 5460 Ἀρτίως
2468 5392 2578 5458 γὰρ
2609 5391 2734 5443 ἐπεὶ
2765 5391 2905 5460 μετά
2931 5391 3239 5460 ἱερολογίας
3265 5396 3314 5447 οί
3368 5396 3544 5465 γάμοι
3574 5403 3671 5451 καὶ
3732 5403 3792 5454 αὶ

2203 5485 2493 5554 μνηστεῖαι
2525 5482 2934 5552 προϐαίνουσιν,
2963 5484 3142 5547 ἄλλως
3175 5487 3398 5554 γυναικὶ
3450 5487 3480 5538 ὀ
3506 5491 3697 5561 μοιχὸς
3724 5495 3790 5546 οὐ

2201 5574 2655 5644 συζευχθήσεται,
2698 5576 2744 5626 εί
2772 5574 2847 5642 μὴ
2869 5574 2979 5628 ἀπὸ
3008 5576 3117 5628 τῶν
3174 5576 3469 5646 ἐπιτιμίων
3509 5582 3606 5649 τῆς
3667 5599 3790 5647 μοι-

2201 5663 2356 5730 χείας
2382 5662 2652 5731 ἀπολυθῇ,
2691 5662 2798 5715 τῶν
2819 5662 3168 5734 δηλουμένων
3214 5665 3296 5727 είς
3317 5664 3411 5717 τὸν
3472 5665 3552 5736 νη’
3582 5671 3788 5723 κανόνα

2195 5769 2226 5805 τ
2244 5753 2290 5806 μῦ
2319 5754 2580 5822 παρόντος
2612 5753 2790 5823 ἀγίου.
