4006 6458
216 372 324 434 ’705

1161 372 1243 435 ΙΝ
1284 375 1525 437 EPIST.
1553 377 1610 440 S.
1645 378 1933 438 BASILII
1963 378 2402 442 (ΖΛΝΟΝΡΟΛΜ
2438 384 2520 443 ll.

3357 391 3466 451 700

284 484 534 540 ZONAP.
585 483 711 538 Ἐάν
741 501 820 548 τις
855 483 1098 555 μνηστὴν
1127 486 1271 549 τινὸς
1298 487 1331 557 ἢ
1356 491 1591 554 γυναῖκα
1618 487 1787 542 λασὼη

1978 486 2233 546 ZONAR.
2267 490 2324 546 St
2355 493 2477 560 quis
2503 490 2732 560 alicujus
2767 507 3017 563 sponsam
3053 506 3112 549 ιιι
3143 510 3366 551 uxorem
3416 499 3467 552 in

214 574 382 648 εἶχεν,
408 575 529 631 εἶτα
567 577 822 648 ἀφῃρέθη
853 577 1044 647 αὐτὴν,
1077 579 1172 631 καὶ
1201 579 1530 649 ἀφαιρεθείς
1580 581 1801 652 ἐκείνην

214 672 380 739 ἑτέρᾳ
409 668 691 739 συνῴκησε
729 669 941 738 γαμετῇ
973 686 988 700 ο
1019 667 1110 721 διὰ
1147 670 1249 738 μὲν
1272 670 1371 741 τὴν
1432 672 1514 734 είς
1582 673 1802 743 ἐκείνην

214 756 604 830 πλημμέλειαν
630 764 710 822 ὼς
773 761 958 830 μοιχὸς
1000 761 1478 832 ἐπιτιμηθήσεται,
1527 765 1621 816 ἐπὶ
1650 765 1704 817 δὲ
1734 767 1802 835 τῇ

213 853 450 921 δευτέρᾳ
482 853 734 923 ιγαμετῇ,
763 853 1022 924 ἐλευθέρᾳ
1067 852 1201 922 οὔσῃ
1259 856 1474 925 ἀνδρὸς,
1520 856 1619 910 οὐκ
1648 858 1802 910 ἔσται

214 943 549 1007 ὑπεύθυνος.

276 1034 506 1089 ΑΡΙΣΤ.
559 1036 616 1088 '0
647 1036 754 1105 τὴν
782 1035 1069 1106 ἀλλοτρίαν
1098 1036 1278 1105 ἀφεὶς,
1315 1037 1408 1088 καὶ
1447 1038 1630 1089 λαϐὼν
1653 1038 1804 1091 ἐλευ-

214 1127 408 1198 θέραν,
445 1128 804 1198 ἐπιτιμητέος
839 1129 937 1198 μὲν
967 1128 1055 1180 διά
1115 1129 1214 1194 τὴν
1249 1127 1475 1198 πρώτην
1504 1145 1519 1160 ο
1576 1131 1669 1181 ἐπὶ
1742 1130 1801 1183 δὲ

209 1223 277 1290 τῇ
311 1221 434 1272 δευτ
448 1221 568 1291 ἐρα,
603 1222 915 1284 ἀνεύθυνος.

289 1309 358 1362 El’
385 1326 472 1371 τις
532 1314 765 1377 γυναῖκα
816 1311 956 1382 λάϐῃ
1003 1311 1135 1379 παρ’
1198 1309 1364 1364 ἀλλον
1414 1310 1782 1364 ἀπολυθεῖσαν

211 1395 333 1451 εἶτα
364 1399 576 1469 ταύτην
627 1401 810 1468 ἀφεὶς,
867 1402 1032 1472 ἑτέρᾳ
1077 1401 1342 1474 ἐλευθέρᾳ
1397 1403 1645 1472 νομίμως
1700 1420 1800 1454 συ-

207 1491 410 1562 ζευχθῇ
435 1507 451 1523 ο
484 1493 579 1545 ἐπὶ
620 1494 719 1562 μὲν
746 1495 810 1564 τῇ
840 1493 1029 1565 πρώτῃ
1064 1494 1142 1565 τῷ
1161 1495 1262 1564 τῆς
1322 1497 1569 1564 μοιχείας
1621 1499 1796 1549 ἐπιτι-

209 1583 321 1650 μίῳ
373 1584 524 1635 ἐστὶν
557 1583 882 1649 ὑπεύθυνος,
939 1585 1080 1638 διότι
1153 1589 1250 1639 καί¹
1303 1587 1332 1637 ὁ
1381 1587 1797 1657 ἀπολελυμένην

208 1673 469 1741 γαμήσας
496 1674 752 1742 μοιχᾶται
773 1689 787 1705 ·
809 1675 901 1727 ἐπὶ
934 1676 988 1727 δέ
1011 1679 1075 1746 τῇ
1094 1676 1320 1746 δευτέρᾳ
1338 1676 1630 1740 ἀνεύθυνός
1658 1680 1794 1732 ἐστι.

817 1769 1061 1822 ΚΑΝΩΝ
1087 1768 1217 1823 AH'.

1909 583 2309 636 matrimonium
2344 585 2578 649 duxerit,
2611 597 2730 654 qum
2747 596 2926 654 postea
2950 587 3018 641 ab
3038 587 3131 644 illo
3160 589 3336 644 ablata
3367 601 3471 656 est,

1909 689 2140 740 moxque
2174 676 2354 731 ablata
2393 676 2504 738 illa,
2541 679 2764 732 alteram
2793 677 2949 733 duxit
2979 696 3238 744 uxorem;
3269 687 3339 735 ob
3381 681 3462 736 ad-

1908 767 2131 821 tnissum
2187 770 2407 838 quidem
2451 771 2502 823 in
2549 786 2667 824 eam
2719 782 2998 841 peccatum
3041 784 3099 826 ut
3140 774 3350 827 adulter
3381 791 3469 842 pu-

1909 856 2110 920 nietur,
2147 863 2216 912 ob
2240 863 2532 914 secundam
2559 877 2689 916 vero
2714 879 2937 917 uxorem
2961 881 3077 932 qua:
3101 879 3131 917 a
3164 867 3281 918 viro
3314 866 3476 919 libera

1908 957 2012 1009 est,
2048 948 2183 1002 nulli
2210 950 2512 1017 eritptenae
2545 952 2832 1008 obnoxius.

1974 1039 2202 1094 AlilST.
2241 1041 2342 1108 Qui
2370 1044 2604 1096 alienam
2642 1045 2870 1111 dimisit,
2900 1055 2954 1099 et
2993 1047 3194 1116 accepit
3233 1047 3477 1108 liberam,

1904 1133 2282 1202 corripiendus
2315 1136 2536 1204 quidem
2571 1147 2624 1188 et
2655 1147 2873 1207 propter
2918 1141 3182 1208 primam,
3236 1141 3329 1193 sed
3359 1154 3483 1209 pro-

1907 1236 2026 1295 pter
2052 1228 2340 1281 secundam
2372 1230 2558 1282 insons
2590 1239 2696 1282 est.

1977 1313 2032 1368 Si
2055 1317 2176 1384 quis
2208 1332 2433 1371 uxorem
2462 1319 2681 1372 duxerit
2717 1322 2785 1373 ab
2815 1320 2926 1374 alio
2958 1321 3262 1386 dimiSSattl,
3293 1334 3481 1389 postea

1901 1422 2021 1461 eam
2074 1410 2372 1476 dimittens,
2414 1409 2505 1462 alii
2541 1410 2728 1464 libera:
2785 1411 3026 1481 legitime
3095 1413 3478 1481 coniungatur,

1902 1501 2365 1570 propterprimum
2384 1502 2636 1555 adulterii
2654 1503 2919 1571 supplicio
2936 1502 3205 1557 obnoxius
3223 1511 3328 1565 est,
3353 1506 3480 1572 quia

1902 1599 1950 1643 et
1976 1592 2066 1659 qui
2099 1592 2375 1645 dimissam
2412 1593 2590 1658 duxit,
2618 1595 2992 1660 adulteratur;
3024 1602 3078 1647 et
3123 1601 3342 1662 pr0pter
3388 1608 3479 1648 se-

1901 1682 2164 1745 cundam,
2187 1684 2418 1738 crimine
2437 1694 2614 1737 vacat.

2416 1773 2648 1829 CANON
2684 1774 2971 1833 XXXVIII.

208 1857 274 1911 Al
330 1858 494 1930 κόραι
533 1861 768 1930 αίπαρὰ
790 1863 1021 1931 γνώμην
1044 1864 1140 1915 τοῦ
1194 1862 1439 1931 πατέρος
1498 1864 1787 1934 ἀκολουθή-

1901 1862 2120 1928 Puellm,
2169 1879 2288 1933 quae
2355 1877 2550 1934 praeter
2596 1869 2766 1936 patris
2821 1868 3147 1923 sententiam
3205 1878 3476 1923 amatores

289 1969 458 2006 σασαι
499 1952 846 2025 πορνεύουσι.
883 1955 1291 2021 Διαλλαγέντων
1344 1955 1401 2007 δὲ
1439 1955 1550 2007 τῶν
1594 1958 1796 2024 γονέων

274 2045 430 2097 δοκεῖ
462 2045 768 2114 θεραπείαν
803 2047 1107 2111 λαμϐάνειν
1142 2046 1203 2097 τὸ
1251 2047 1504 2116 πρᾶγμα.
1561 2048 1674 2100 Οὐκ
1705 2051 1798 2102 εὐ-

272 2136 373 2200 θὺς
401 2138 458 2190 δὲ
495 2141 576 2201 είς
622 2139 722 2208 τὴν
780 2117 1072 2192 κοινωνίαν
1121 2139 1619 2203 ἀποκαθίστανται,
1676 2139 1794 2192 ἀλλ’

259 2229 774 2300 ἐπιτιμηθήσωνται
798 2229 924 2300 τρία
963 2229 1081 2300 ἐτη.

271 2318 476 2373 ΒΑΛΣ.
520 2320 706 2389 Κόρας
729 2319 966 2372 ἐνταῦθα
1021 2319 1049 2370 ό
1093 2318 1248 2382 ἆγιος
1297 2320 1396 2382 τὰς
1466 2320 1795 2385 ὑπεξουσίας

201 2407 488 2477 ὀνομάζει.
516 2411 657 2479 Φησὶ⁵
691 2409 824 2477 γοῦν
851 2411 949 2474 ὡς,
978 2410 1075 2462 ἐάν
1095 2426 1241 2473 τινες
1274 2411 1433 2481 κόραι
1457 2413 1793 2465 ἐκδώσουσιν

204 2501 410 2564 ἑαυτὰς
439 2504 555 2564 τοῖς
609 2505 873 2572 ἐρασταῖς
934 2503 1143 2563 τούτων
1194 2504 1351 2572 παρά
1409 2505 1636 2575 γνώμην
1683 2507 1794 2560 τῶν

195 2594 466 2664 πατέρων
486 2596 690 2660 αὐτῶν,
718 2597 815 2648 καὶ
839 2594 1128 2664 φθαρῶσιν
1147 2596 1240 2648 ὑπ’
1270 2598 1522 2662 ἐκείνων,
1559 2599 1661 2652 κᾶν
1694 2616 1794 2667 γα-

209 2685 386 2754 μικῶς
416 2686 611 2750 δόξωσι
641 2686 1009 2756 συναφθῆναι,
1047 2685 1398 2756 πορνεύουσι,
1443 2687 1532 2741 διὰ
1561 2689 1622 2739 τὸ
1647 2687 1790 2741 εἶναι

202 2777 587 2831 ἀνυπόστατον
607 2779 699 2830 τὸν
731 2781 1025 2848 γενόμενον
1083 2779 1263 2849 γάμον
1307 2782 1409 2849 τῆς
1467 2780 1793 2843 ὕπεξουσίας

203 2869 330 2939 δίχα
363 2869 595 2937 γνώμης
632 2870 723 2922 τοῦ
750 2871 992 2941 πατέρος
1023 2872 1214 2942 αὐτῆς.
1255 2871 1381 2925 Ἐὰν
1419 2873 1472 2924 δὲ
1521 2872 1793 2925 καταλλα-

204 2961 345 3028 γῶσι
403 2961 635 3024 ταύταις
665 2963 712 3014 οἱ
740 2967 919 3030 γονεῖς
948 2965 1152 3025 αὐτῶν,
1186 2966 1280 3017 καὶ
1310 2963 1582 3031 θελήσωσι
1618 2982 1791 3018 συνοι-

202 3055 321 3106 κεῖν
346 3051 556 3114 ταύτας
586 3055 700 3117 τοῖς
727 3057 1012 3122 ἐρασταῖς,
1047 3056 1200 3109 δοκεῖ
1279 3057 1688 3122 θεραπεύεσθαι
1728 3058 1788 3109 τὸ

203 3146 458 3215 πρᾶγμα.
495 3146 570 3199 Τὸ
604 3147 712 3216 γάρ
742 3148 802 3211 ἐξ
834 3149 1012 3218 ἀρχῆς
1042 3149 1230 3211 κακῶς
1276 3149 1521 3215 γεγονὸς,
1572 3151 1604 3218 ἡ
1649 3153 1788 3216 μετά
1818 3189 1860 3246 C

199 3235 379 3287 ταῦτα
409 3236 719 3298 συναίνεσις
751 3242 862 3292 τῶν
944 3239 1154 3306 γονέων
1216 3240 1367 3292 δοκεῖ
1443 3240 1789 3307 θεραπεύειν,

203 3326 343 3379 ὥστε
380 3329 480 3394 τὴν
506 3329 763 3398 πορνείαν
789 3334 870 3393 είς
896 3330 1075 3400 γάμον
1100 3331 1456 3401 μετάγεσθαι.
1491 3331 1640 3400 Πλὴν
1692 3333 1791 3384 οὐκ

201 3417 368 3480 εὐθὺς
409 3419 578 3488 δεκτή
614 3423 762 3472 ἐστιν
791 3423 823 3490 ἡ
858 3421 1085 3492 τοιαύτη
1114 3425 1194 3485 είς
1264 3426 1574 3483 κοινωνίαν,
1654 3423 1790 3476 ἀλλά

204 3511 344 3577 μετά
394 3517 445 3576 γ’
504 3510 622 3579 ἐτη.
685 3512 950 3565 Ἐνταῦθα
1025 3513 1083 3566 δὲ
1163 3513 1236 3583 μὴ
1308 3514 1612 3584 θεματίσῃς
1691 3515 1790 3583 ἀρ-

201 3601 386 3669 παγὴν
422 3601 677 3667 γενέσθαι
731 3603 823 3653 ἐπὶ
875 3605 944 3672 τῇ
1005 3604 1164 3675 κόρῃ.
1218 3603 1460 3673 Ἐμαθες
1509 3608 1618 3674 γὰρ
1683 3603 1789 3655 ἀπὸ

196 3691 292 3745 τοῦ
340 3692 387 3745 λ’
464 3693 689 3758 κανόνος
761 3695 857 3748 καὶ
936 3695 996 3760 ἐξ
1069 3697 1272 3764 ἐτέρων
1347 3698 1469 3758 ὅτι,
1522 3697 1786 3767 ἁρπαγῆς

197 3789 500 3860 γενομένης
553 3791 663 3844 εῐτε
727 3792 862 3860 μετά
917 3791 1144 3862 γνώμης
1198 3793 1298 3863 τῆς
1362 3793 1618 3860 γυναικὸς
1677 3793 1786 3844 εἴτε

201 3877 297 3930 καὶ
319 3881 496 3949 χωρὶς
520 3879 748 3950 γνώμης
777 3883 1014 3952 ἐκείνης,
1068 3884 1248 3951 γάμος
1329 3883 1391 3935 οὑ
1446 3883 1786 3948 συνίσταται,

198 3969 300 4024 κᾶν
344 3973 395 4025 ol
442 3972 660 4042 ἔχοντες
731 3972 931 4035 αὐτοὺς
996 3972 1352 4036 ὑπεξουσίους
1428 3973 1777 4028 συναινῶσιν.

209 4061 376 4116 Ἀλλά
403 4063 700 4132 θεμάτισον
729 4064 854 4134 δίχα
886 4065 1144 4133 ἁρπαγῆς
1222 4063 1592 4132 ἀκολουθῆσαι
1670 4067 1770 4132 τὴν

199 4153 531 4217 ὐπεξουσίαν
561 4153 638 4223 τῷ
665 4154 891 4221 φθορεί·
929 4154 1021 4207 διὰ
1067 4155 1177 4223 γὰρ
1232 4154 1390 4207 τοῦτο
1419 4158 1514 4207 καὶ
1553 4155 1590 4225 ἡ
1643 4153 1782 4223 μιτά

197 4242 371 4297 ταῦτα
394 4242 704 4306 συναίνεσις
735 4246 884 4295 ποιεῖ
912 4243 1212 4296 ἀνεύθυνον
1239 4244 1332 4295 τὸν
1374 4242 1780 4312 γάμον.·Ταῦτα

197 4334 374 4402 δὲ,ώς
400 4338 525 4405 ἐμοὶ
579 4335 748 4398 δοκεῖ,
799 4334 986 4403 χώραν
1046 4330 1219 4405 εἶχον,
1284 4335 1417 4387 ὅταν
1468 4337 1778 4389 συναινέσει

198 4427 336 4498 μόνῃ
373 4426 691 4479 συνίσταται
722 4429 750 4478 ό
788 4426 988 4495 γάμρς.
1013 4427 1262 4496 Σήμερον
1285 4427 1408 4478 ἐπεὶ
1465 4430 1603 4494 μετά
1636 4429 1778 4496 lepo-

1969 1967 2169 2010 set-uta:
2196 1968 2344 2018 sunt,
2375 1958 2714 2012 fornicamur
2745 1978 2758 2014 :
2791 1961 3162 2015 reconciliatis
3213 1975 3342 2013 vero
3385 1975 3470 2026 pa-

1971 2050 2239 2114 rentibus,
2278 2051 2488 2103 videtur
2528 2065 2613 2104 res
2663 2055 2960 2106 remedium
3019 2054 3302 2120 accipere;
3368 2066 3473 2105 non

1970 2143 2220 2206 protinus
2267 2151 2448 2196 autem
2490 2144 2556 2196 ad
2600 2145 3038 2199 communionem
3090 2147 3475 2206 restituentur,

1967 2234 2060 2286 sed
2087 2235 2323 2287 triennio
2347 2234 2661 2302 punientur.

1970 2318 2164 2373 BALS.
2197 2319 2414 2375 Pucllas
2436 2320 2525 2376 hic
2555 2330 2776 2375 sanctus
2800 2336 2918 2384 eas,
2953 2337 3072 2390 quae
3105 2333 3230 2376 sunt
3283 2322 3335 2375 in
3375 2338 3475 2392 po-

1900 2423 2092 2467 testate
2145 2413 2401 2482 appellat.
2454 2412 2596 2465 Dicit
2627 2428 2779 2482 ergo,
2813 2416 2955 2482 quod
3005 2415 3050 2468 si
3113 2429 3232 2482 quas
3285 2415 3475 2482 puellte

1899 2505 2115 2557 tradent
2147 2506 2356 2571 seipsas
2375 2503 2489 2556 suis
2520 2506 2859 2558 amatoribus
2891 2516 3090 2572 praeter
3123 2521 3342 2560 suorum
3381 2521 3476 2574 pa-

1897 2606 2037 2650 trum
2067 2597 2413 2658 sententiam,
2440 2604 2496 2646 et
2540 2597 2606 2648 ab
2635 2595 2739 2648 illis
2774 2606 3213 2664 corrumpantur,
3253 2597 3470 2649 etiamsi

1897 2686 2245 2739 matrimonio
2283 2685 2573 2738 videantur
2599 2687 2931 2755 conjunctae,
2978 2687 3355 2746 fornicamur;
3405 2703 3473 2742 eo

1894 2779 2034 2845 quod
2085 2775 2492 2830 matrimonium
2547 2776 2696 2845 ejus,
2740 2793 2857 2846 quae
2889 2787 2990 2840 est,
3040 2779 3092 2831 in
3152 2779 3316 2831 tutela
3356 2782 3475 2830 sine

1893 2872 2060 2937 patris
2103 2868 2378 2922 voluntate
2415 2871 2718 2924 consistere
2762 2873 2971 2940 nequit.
3019 2871 3114 2924 Sin
3142 2882 3322 2926 autem
3371 2890 3468 2941 pa-

1893 2971 2073 3012 rentes
2108 2959 2345 3026 ipsarum
2382 2960 2462 3012 eis
2504 2961 2842 3014 reconciliati
2886 2961 3113 3028 fuerint,
3139 2973 3192 3016 et
3216 2980 3310 3016 eas
3340 2980 3464 3018 cum

1894 3051 2223 3104 amatoribus
2266 3050 2580 3103 cohabitare
2627 3053 2939 3116 voluerunt,
2988 3054 3063 3105 rei
3114 3054 3211 3108 hac
3262 3059 3472 3110 ratione

1895 3143 2106 3194 videtur
2154 3141 2452 3195 remedium
2511 3140 2716 3196 afferri.
2769 3141 2925 3208 Quod
2983 3145 3130 3197 enirn
3183 3146 3250 3198 ah
3314 3145 3471 3200 initio

1897 3233 2037 3285 male
2075 3232 2272 3285 factum
2301 3239 2404 3295 est,
2437 3242 2720 3300 parentum
2755 3245 2941 3301 postea
2970 3249 3275 3289 consensus
3310 3250 3470 3304 repa-

1892 3338 2013 3375 rare
2038 3324 2270 3384 videtur,
2305 3332 2362 3374 ut
2403 3323 2691 3376 fornicatio
2743 3324 2794 3376 in
2840 3325 3243 3377 matrimonium
3298 3325 3471 3378 dedu~

1891 3422 2064 3468 catur.
2088 3413 2156 3466 At
2180 3414 2302 3467 talis
2331 3429 2434 3467 non
2460 3425 2542 3468 est
2570 3416 2750 3468 statim
2781 3415 2846 3468 ad
2865 3417 3301 3470 communionem
3327 3417 3472 3471 reci-

1889 3505 2110 3574 pienda,
2155 3507 2249 3559 sed
2277 3504 2493 3558 demum
2527 3515 2652 3572 post
2693 3517 2803 3559 tres
2832 3519 3026 3558 annos.
3060 3503 3156 3558 Hic
3180 3515 3359 3558 autem
3403 3521 3470 3560 ne

1889 3597 2131 3664 posueris
2198 3603 2405 3664 raptam
2485 3595 2654 3651 fuisse
2716 3597 2967 3665 puellam.
3047 3597 3119 3650 Ex
3194 3598 3471 3653 tricesimo

1888 3686 2032 3740 enim
2080 3701 2200 3739 eun.
2251 3697 2305 3740 et
2353 3702 2420 3740 ex
2486 3687 2609 3741 aliis
2665 3685 2947 3751 didiciSIi,
2992 3688 3134 3754 quod
3188 3689 3232 3742 si
3282 3698 3468 3758 raptus

1884 3776 2061 3830 Iactus
2095 3776 2274 3838 fuerit,
2319 3777 2432 3830 sive
2459 3791 2582 3830 cum
2631 3778 2870 3831 mulieris
2900 3779 3196 3840 voluntate,
3244 3781 3360 3832 sive
3400 3795 3465 3834 eu

1885 3867 2124 3934 nolente,
2165 3885 2271 3922 non
2325 3867 2572 3922 consistit
2635 3869 3039 3922 matrimonium
3085 3869 3301 3924 etiamsi
3369 3871 3464 3938 qui

1886 3959 2086 4012 habent
2120 3958 2171 4011 in
2197 3965 2464 4026 potestate
2486 3961 2852 4012 consentiant.
2881 3959 2984 4012 Sed
3015 3973 3152 4028 pone
3175 3973 3317 4022 eam,
3342 3975 3463 4028 quae

1886 4058 1970 4104 est
2000 4049 2055 4102 in
2095 4058 2366 4118 potestate
2396 4063 2501 4101 non
2535 4059 2741 4118 raptam
2794 4058 3162 4116 stupratorem
3218 4060 3462 4103 secutam

1883 4141 2082 4206 fuisse;
2119 4153 2401 4211 propterea
2425 4143 2567 4195 enim
2591 4156 2829 4212 sequens
2851 4154 3151 4195 consensus
3178 4139 3326 4204 facit,
3354 4148 3410 4193 ut
3432 4154 3468 4194 ε

1883 4235 2039 4301 culpa
2089 4245 2356 4287 remotum
2388 4235 2460 4288 sit
2487 4235 2821 4304 coniugium.
2855 4232 2981 4287 Hac
3012 4243 3218 4294 autem,
3251 4240 3309 4285 ut
3333 4233 3466 4286 mihi

1883 4322 2116 4384 videtur.
2143 4323 2319 4380 locum
2362 4324 2660 4388 habebant,
2683 4323 2897 4394 quando
2917 4322 3035 4377 solo
3054 4335 3319 4378 consensu
3338 4335 3466 4379 cou-

1883 4415 2106 4471 sistebat
2140 4418 2565 4473 matrimonium.
2592 4415 2762 4474 llodie
2791 4433 2942 4485 vero,
2972 4415 3223 4488 quoniam
3256 4417 3313 4472 tit
3335 4433 3460 4472 cum

192 4517 384 4585 λογίας
411 4518 647 4586 γίνεται,
680 4519 785 4572 κᾶν
820 4522 1211 4573 συναινέσωσιν
1271 4522 1317 4572 οί
1341 4524 1540 4587 γονεῖς,
1599 4522 1776 4592 γάμος

1897 4524 2041 4565 sacra
2111 4513 2520 4573 benedictione,
2585 4513 2803 4567 etiamsi
2865 4523 3122 4578 parentes
3165 4526 3463 4568 consense-

196 4610 336 4677 μετά
368 4608 671 4677 ίερολογίας
695 4611 756 4662 οὐ
791 4610 1024 4678 γίνεται,
1050 4613 1096 4664 εἰ
1164 4611 1238 4680 μὴ
1327 4610 1662 4682 πληρωθῶσι
1710 4613 1779 4666 τὰ

193 4698 290 4752 τοῦ
387 4702 669 4770 ἐπιτιμίου
739 4709 790 4770 γ’
850 4701 944 4771 ἐτη
1017 4703 1049 4773 ἢ
1118 4703 1270 4772 παρὰ
1353 4700 1447 4755 τοῦ
1546 4704 1779 4757 ἐπισκό-

191 4810 294 4845 που
359 4795 498 4860 μετά
547 4795 646 4860 τὴν
690 4792 897 4846 οἰκείαν
978 4794 1258 4863 ἐπίκρισιν
1352 4795 1777 4865 στενοχωρηθῶ-

196 4902 305 4938 σιν.
340 4884 670 4954 Ἰερολογίας
738 4887 796 4957 δὲ
869 4887 1263 4948 ἀνυποστάτως
1347 4889 1650 4956 γενομένης
1683 4888 1775 4939 ἐπὶ

194 4978 383 5050 ἀνήῦῳ
409 4979 567 5048 κόρῃ,
609 4980 703 5031 καὶ
735 4980 874 5049 μετά
922 4980 1096 5031 ταῦτα
1141 4981 1251 5032 τῶν
1285 4980 1541 5047 γαμικῶς
1577 4982 1779 5058 ἱερολο-

195 5068 480 5138 γηθέντων
520 5071 876 5139 στοιχούντων
926 5073 1003 5142 τῷ
1044 5071 1225 5140 γάμῳ,
1260 5070 1596 5142 συνεζητήθη
1638 5072 1776 5126 είτά

191 5163 485 5230 τικτόμενα
536 5161 594 5227 ἐξ
624 5163 802 5214 αὐτῶν
854 5165 1055 5233 γνήσιά
1079 5165 1191 5216 είσι
1218 5164 1312 5217 καὶ
1344 5165 1577 5233 νόμιμα.
1613 5166 1772 5216 Ἕλε-

194 5263 291 5319 γον
334 5254 442 5322 γάρ
475 5270 616 5317 τινες
653 5254 749 5320 ὡς,
797 5255 919 5307 ἐπεὶ
977 5256 1214 5326 ἀρχῆθεν
1276 5257 1645 5319 ἀνυπόστατος
1703 5253 1776 5328 ἦν

194 5345 374 5412 γάμος
397 5345 485 5398 διὰ
506 5345 605 5416 τὴν
633 5346 943 5416 ἀνησότητα
970 5349 1066 5417 τῆς
1126 5350 1312 5418 κόρης,
1336 5348 1402 5402 τὰ
1430 5349 1484 5401 δὲ
1508 5351 1565 5413 ἐξ
1597 5352 1770 5420 ἀρχῆς

192 5436 545 5490 ἀνυπόστατα
573 5440 757 5492 ἐκτῶν
814 5443 951 5510 μετὰ
996 5440 1170 5495 ταῦτα
1213 5441 1631 5508 συμϐαινόντων
1670 5444 1771 5495 καὶ

195 5523 546 5595 βεὸαιοῦνται
571 5527 752 5592 καθώς
782 5531 809 5582 ὁ
837 5532 998 5598 νόμος
1019 5531 1200 5599 φησὶν,
1236 5530 1293 5595 ἐξ
1313 5530 1579 5597 ἀνάγκης,
1605 5532 1651 5582 εί
1692 5532 1769 5601 μὴ

193 5615 424 5683 γένηται
462 5614 690 5686 δευτέρα
747 5618 1036 5688 ίερολογία,
1072 5619 1191 5672 οὐδὲ
1256 5618 1499 5686 νομίμως
1548 5619 1772 5681 τούτους

197 5707 572 5761 συνάπτεσθαι
595 5711 740 5763 εἴποι
767 5727 878 5775 τις.
912 5713 985 5764 Τὸ
1014 5711 1146 5764 αὐτὸ
1198 5711 1254 5763 δὲ
1307 5710 1494 5776 ἔλεγον
1529 5711 1765 5778 ὀφείλειν

195 5796 456 5866 γενέσθαι
498 5801 591 5855 καὶ
612 5803 690 5864 είς
717 5800 814 5870 τὴν
849 5800 1176 5866 ὑπεξουσίαν
1203 5800 1301 5869 τὴν
1339 5800 1487 5869 ταρὰ
1537 5798 1766 5868 γ’-ώμηι

1883 4605 2038 4672 rint,
2087 4621 2198 4661 non
2263 4607 2351 4661 ﬁet
2402 4605 2812 4660 matrimonium
2873 4622 2997 4667 cum
3069 4624 3227 4665 sacra
3296 4613 3472 4668 bene.

1885 4696 2121 4751 dictione
2181 4699 2282 4751 nisi
2343 4706 2452 4751 tres
2506 4699 2839 4767 ptenitentiae
2901 4700 3025 4753 anni
3071 4703 3276 4769 εχιιιθιί
3341 4706 3464 4758 lue-

1883 4791 2030 4853 rint,
2088 4789 2170 4844 vel
2209 4790 2276 4844 ab
2329 4791 2586 4858 episcopo
2633 4805 2734 4859 pro
2781 4806 2882 4844 suo
2925 4793 3188 4848 arbitratu
3227 4796 3293 4847 ad
3328 4804 3468 4849 tem-

1883 4897 1983 4951 pus
2050 4883 2266 4937 brevius
2341 4880 2546 4935 redacti
2623 4883 2753 4936 sint.
2799 4881 2934 4938 Cum
2999 4894 3177 4937 autem
3231 4887 3461 4939 benedi-

1881 4977 2010 5037 ctio,
2037 4988 2156 5041 quae
2185 4973 2486 5027 consistere
2511 4986 2616 5026 non
2642 4983 2851 5051 poterat
2877 4975 2927 5026 in
2950 4974 3226 5042 impubere
3253 4976 3425 5043 puella
3443 5016 3466 5042 ,

1881 5070 2023 5121 tacta
2079 5075 2241 5132 esset,
2289 5075 2343 5118 et
2385 5075 2568 5132 postea
2608 5066 2702 5135 qui
2763 5066 3240 5120 matrimonialiter
3298 5069 3462 5123 bene-

1880 5158 2010 5213 dicti
2043 5156 2392 5210 matrimonio
2442 5171 2656 5227 quoque
2680 5156 2854 5226 juncti
2896 5157 3024 5223 sint,
3060 5160 3344 5228 quaasitum
3374 5170 3460 5214 est

1876 5267 1946 5306 an
1985 5251 2075 5317 qui
2103 5266 2168 5302 ex
2204 5249 2281 5303 eis
2318 5257 2619 5302 nascuntur
2667 5249 2776 5302 sint
2811 5252 3052 5317 germani
3104 5265 3164 5304 ac
3207 5251 3452 5320 legitimi.

1875 5346 2140 5402 Dicebant
2192 5343 2337 5395 enim
2382 5341 2622 5394 nonnulli
2655 5345 2820 5410 quod,
2877 5343 3130 5411 quoniam
3175 5344 3457 5396 matrimo-

1874 5440 2024 5494 nium
2061 5437 2127 5488 ah
2161 5435 2312 5487 initio
2355 5449 2456 5485 non
2483 5434 2822 5487 consistebat
2862 5444 3078 5502 propter
3118 5436 3305 5503 puella.-
3351 5437 3452 5488 im-

1873 5531 2210 5598 pubertatem
2240 5524 2384 5594 (quae
2429 5534 2609 5577 autem
2646 5523 2715 5575 ab
2760 5524 2914 5577 initio
2949 5541 3052 5577 non
3100 5529 3451 5588 consistunt,

1869 5638 1935 5677 ex
1969 5622 2034 5675 iis
2061 5633 2181 5689 qnte
2206 5628 2387 5685 postea
2421 5621 2675 5670 eveniunt
2696 5630 2798 5668 non
2819 5618 3232 5680 conﬁrmantur,
3261 5633 3452 5684 quem-

1871 5713 2162 5767 admodum
2220 5708 2299 5761 lett
2353 5706 2506 5775 dicit)
2572 5707 2899 5766 necessario,
2935 5707 3034 5758 nisi
3073 5707 3162 5758 ﬁat
3210 5709 3443 5758 secunda

1869 5803 2216 5863 benedicti»,
2269 5816 2364 5853 nec
2425 5815 2520 5854 eos
2567 5798 2800 5868 legitime
2855 5799 3066 5866 (piidtm
3129 5799 3448 5863 coniunctos
