4006 6460
522 339 632 402 ’7οῚ

515 545 634 598 lleri
677 545 1000 599 dicebantin
1054 543 1162 597 illia
1209 544 1471 605 familias,
1520 556 1638 610 quae
1683 551 1882 609 praeter
1914 542 2088 609 patris

516 633 836 704 sententiam
877 618 1154 688 benedicta
1190 644 1294 695 est,
1335 635 1669 694 insistentes,
1699 634 1837 699 quod
1868 632 2084 686 etiamsi

513 735 699 794 poslea
739 727 1100 791 consenserit,
1140 726 1424 794 quioillam
1469 727 1628 779 habet
1682 727 1732 777 in
1799 735 2088 793 potestate.

510 833 618 871 non
673 819 935 872 consistat
983 819 1412 890 matrimonium,
1460 818 1560 871 nisi
1595 819 1758 872 etiam
1807 818 1898 870 iiat
1929 818 2091 870 bene-

510 908 693 963 dictio.
722 909 982 965 Dominus
1009 921 1186 964 autem
1213 911 1603 966 Constantinus
1628 910 1881 964 Niemnus
1908 909 2090 962 felicis

512 1001 786 1053 memoria:
845 1001 1060 1054 dicebat
1110 1001 1324 1070 quidem
1373 1001 1424 1053 in
1463 999 1807 1053 filiaiamilias
1847 1014 1950 1050 non
2009 1015 2091 1049 re-

509 1091 648 1156 quiri
689 1091 979 1146 secundam
1025 1093 1502 1154 benedictionem,
1555 1093 1698 1160 quod
1748 1091 1916 1145 Solius
1970 1104 2091 1157 per-

508 1196 655 1236 sonte
694 1183 902 1236 scilicet
937 1184 1105 1252 patris
1136 1193 1476 1253 contemptus
1520 1183 1893 1243 intervenerit,
1944 1193 1998 1235 et
2041 1181 2089 1234 is

509 1289 608 1339 per
637 1290 967 1330 consensum
1003 1286 1316 1345 amputatus
1367 1277 1458 1334 sit.
1497 1277 1552 1329 In
1598 1275 1875 1344 impnbere
1906 1283 2086 1326 autem

506 1367 678 1420 voluit
742 1369 1034 1422 secundam
1101 1370 1218 1424 fieri
1289 1369 1744 1432 benedictionem,
1799 1369 1939 1436 quod
2001 1367 2088 1435 jus

458 1526 459 1529 η
509 1470 796 1514 commune
831 1469 1201 1529 contemptum
1233 1461 1322 1523 sit,
1354 1459 1460 1528 97
1497 1469 1550 1512 et
1596 1474 1703 1512 non
1743 1457 1901 1512 aliter
1921 1458 1969 1511 ei
2001 1473 2085 1510 re-

1781 332 2060 394 TllEOD.
2099 335 2502 395 13.‘.I'..‘€..\.\ltl.\’

514 453 712 506 dixerit
763 451 1047 520 quispiam.
1088 449 1200 505 lloc
1239 451 1414 520 ipsum
1446 458 1623 503 autem
1685 448 1848 501 etiam
1895 449 2082 501 ilebeir

2203 450 2297 502 τοῦ
2333 453 2565 514 πατέρος
2600 446 3039 522 ἱερολογηοεῖσαν
3068 449 3470 518 διενιστάμενοι
3500 461 3517 480 ·

3682 336 3787 399 703

3559 449 3652 513 ὡς,
3690 450 3792 501 κᾶν

2199 542 2340 607 μετὰ
2377 541 2549 593 ταῦτα
2584 541 2881 612 συναινέσῃ
2916 543 2943 593 ὁ
2996 541 3135 610 ἔχων
3201 539 3375 608 αὐτὴν
3439 538 3788 601 basio-niam,

2195 633 2373 698 γάμος
2410 635 2468 685 οὐ
2509 634 2773 704 συσταίη,
2812 636 2860 687 εί
2900 635 2974 706 μὴ
3009 636 3154 702 καὶὴ
3189 633 3469 701 ἱεροὶογία
3550 633 3792 698 γένηται.

2211 722 2268 775 ὐ
2299 724 2354 776 δὲ
2383 726 2720 793 Μακαρίτης
2751 725 2944 794 κύριος
3002 725 3430 784 Κωνσταντῖνος
3477 727 3506 775 ὅ
3558 723 3795 784 Νικαεὺς

2195 815 2284 865 ἐπὶ
2316 815 2413 883 μὲν
2446 817 2543 884 τῆς
2574 816 2909 881 ὑπεξουσίας
2934 817 3090 882 ἔλεγε
3129 817 3204 885 μὴ
3261 815 3478 867 δεῖσθαι
3535 816 3796 882 δευτέρας

2198 906 2508 973 ἱεροὶ-ογίας
2559 908 2735 960 διὰτὸ
2791 909 3213 978 καταφρόνησιν
3266 907 3438 975 μόνην
3499 907 3794 975 προσώπου

2194 998 2436 1067 ἧτοιτοῦ
2486 1001 2722 1068 πατέρος
2792 1000 3079 1067 γενέσθαι,
3130 1002 3227 1050 καὶ
3271 1001 3488 1064 ταύτην
3549 998 3642 1050 διὰ
3699 999 3795 1066 τῆς

2196 1093 2562 1152 συναινέσεως
2595 1094 3047 1163 περιαιρεθῆναι.
3115 1093 3238 1147 Ἐπὶ
3311 1093 3366 1144 δὲ
3433 1093 3536 1159 τῆς
3585 1091 3788 1158 ἀνήθου

2194 1181 2345 1235 ἔθελε
2409 1183 2669 1254 δευτέραν
2716 1185 2968 1253 γενέσθαι
3003 1184 3332 1254 ἱερολογίαν.
3359 1184 3452 1235 διὰ
3478 1187 3538 1234 τὸ
3606 1185 3800 1250 cili-:17;-

2195 1273 2357 1343 θῆναι
2384 1276 2567 1327 κοινὸν
2611 1277 2868 1346 νῦμιμον.
2897 1277 2994 1329 καὶ⁵
3031 1276 3107 1346 μὴ
3135 1276 3313 1337 ἄλλως
3353 1274 3798 1342 Θεραπεύεσοαι,

2193 1367 2243 1416 εἰ
2275 1365 2350 1433 μὴ
2383 1367 2526 1435 μετὰ
2556 1368 2850 1436 διόρθωσιν
2881 1386 2893 1396 ·
2933 1369 3073 1437 ὅπερ
3107 1370 3232 1436 ἐμοι
3268 1368 3329 1419 οὑ
3380 1368 3556 1432 δοκεῖ,
3595 1366 3680 1418 διὰ.
3740 1364 3802 1415 τὸ

2199 1455 2363 1519 σέϐας
2400 1458 2463 1510 τὸ
2483 1460 2621 1530 πρὸς
2657 1461 2757 1524 τὴν
2790 1461 2957 1528 ἁγίαν
2987 1460 3321 1528 ἱερολογίαν.

507 1547 746 1602 medium
771 1549 971 1616 aﬂ‘erri,
1013 1552 1116 1606 nisi
1145 1561 1267 1622 post
1291 1555 1711 1615 correctionem,
1753 1554 1896 1620 quod
1943 1552 2072 1605 mihi
2103 1566 2210 1605 non
2244 1552 2476 1619 videtur,
2508 1565 2729 1623 propter
2762 1555 3155 1610 benedictionis
3191 1553 3589 1607 reverentiam.

568 1643 822 1700 ZONAR.
854 1647 1225 1717 Qumcunque,
1265 1649 1464 1718 inquit,
1497 1651 1692 1717 puella:
1715 1660 2086 1703 suos-amato-

506 1751 596 1791 res
629 1748 828 1791 secutae
848 1737 1069 1802 fuerint,
1120 1740 1219 1794 hoc
1252 1748 1359 1808 est,
1403 1741 1468 1794 iis
1495 1755 1621 1794 sese
1669 1748 1864 1808 sponte
1908 1739 2081 1791 tradi-

506 1829 712 1891 derint,
772 1840 965 1896 przeter
1010 1839 1316 1898 parentum,
1376 1832 1476 1884 sub
1529 1846 1760 1900 quorum
1817 1837 2084 1896 potestate

2262 1649 2510 1704 ΖΩΝΛΡ.
2547 1651 2734 1715 Ὅσαι,
2767 1655 2921 1720 end,
2975 1651 3136 1722 κόραι
3180 1650 3616 1716 ἀκολουθήσουσι
3661 1648 3806 1699 τισῑν

2193 1741 2451 1809 ἐρασταῖς
2502 1743 2706 1807 αὐτῶν,
2754 1745 2872 1798 ἀντὶ
2904 1743 3024 1810 τοῦ,
3061 1744 3291 1796 ἐκδῶσιν
3336 1742 3539 1804 ἑαυτὰς
3576 1741 3806 1794 ἑκοῦσαι

2193 1833 2344 1901 παρὰ
2397 1835 2624 1904 γνώμην
2640 1835 2750 1888 τῶν
2787 1837 3076 1906 ἐπατέρων
3108 1836 3310 1901 αὐτῶν,
3343 1831 3429 1896 οἷς
3479 1839 3620 1887 εἰσιν
3663 1834 3800 1886 ὑπε-

508 1928 654 1981 sunt,
708 1921 1060 1984 voluntatem,
1106 1920 1470 1975 fornicamur.
1525 1921 1678 1987 Quod
1721 1922 1764 1975 si
1818 1923 1950 1990 ipsis
2005 1935 2080 1974 re-

2200 1926 2422 1994 Ξούσιαι,
2462 1927 2842 1996 πορνεύουσιν.
2881 1931 3009 1982 Ἐὰν
3035 1930 3094 1983 δὲ
3135 1929 3564 1997 καταλ).αγῶσιν
3611 1929 3807 1988 αὑταῖς

506 2012 867 2066 concilientur
895 2022 1147 2080 parentes
1179 2016 1286 2078 sui,
1320 2030 1519 2083 easque
1556 2031 1660 2067 una
1692 2030 1813 2068 eum
1875 2027 2087 2067 amato-

506 2102 659 2155 ribus
717 2105 1238 2172 corruptoribusque
1303 2105 1415 2158 suis
1458 2107 1624 2161 vitam
1679 2120 1843 2171 agere
1885 2107 2079 2167 velint,

506 2193 802 2246 remedium
833 2195 880 2247 ei
935 2197 1074 2260 quod
1133 2195 1337 2249 factum
1379 2204 1465 2250 est
1522 2198 1798 2250 inventum
1847 2197 2080 2250 videtur.

507 2286 677 2350 Porro
716 2288 817 2338 hoc
853 2287 996 2354 quod
1057 2289 1212 2340 initio
1260 2302 1425 2356 prave
1465 2299 1674 2357 gestum
1726 2297 1829 2349 est,
1885 2303 2083 2354 paren-

508 2385 622 2427 tum
645 2414 658 2434 ,
704 2376 790 2442 qui
831 2384 951 2442 post
975 2374 1284 2439 adhibetur,
1316 2390 1611 2429 consensus
1633 2390 1832 2442 eosque
1865 2376 2078 2428 videtur

505 2464 876 2541 emollire“,nt
941 2465 1282 2519 fornicariam
1360 2466 1638 2520 mulierem
1696 2469 1979 2520 traducere
2031 2468 2082 2518 in

505 2557 913 2610 matrimonium
968 2557 1144 2610 llCCnl.
1204 2556 1318 2610 Non
1375 2567 1552 2610 tamen
1614 2557 1702 2610 illa
1780 2558 1964 2610 statim
2019 2558 2083 2609 ad

509 2651 943 2704 communionem
987 2649 1089 2703 erit
1113 2649 1469 2713 admittenda,
1497 2651 1588 2703 sed
1615 2660 1806 2702 exacto
1831 2649 2084 2702 triennio.

579 2739 810 2793 ARIST.
867 2740 995 2804 Quae
1049 2753 1236 2794 eontra
1280 2743 1607 2794 voluntatem
1665 2743 1833 2810 patris
1895 2757 2081 2796 secuta

507 2843 610 2892 est.
656 2830 975 2885 iornicatrix
1006 2845 1276 2886 censetur.
1335 2834 1387 2886 Si
1419 2849 1549 2887 vero
1581 2847 1835 2901 parentes
1881 2849 2076 2887 recon-

508 2921 923 2984 ciliatiiuerint,
974 2932 1028 2975 et
1097 2922 1296 2975 factum
1353 2924 1650 2976 remedium
1709 2926 1953 2990 accipere
1999 2929 2082 2976 vi-

512 3015 735 3077 deatur;
766 3016 1000 3067 triennio
1035 3023 1214 3066 tamen
1248 3014 1648 3066 substernatur.

581 3105 684 3171 Qui
727 3107 825 3158 sub
859 3114 1124 3172 potestate
1153 3115 1282 3157 sunt
1327 3114 1522 3173 praeter
1547 3117 1733 3157 eorum
1762 3104 2085 3158 sententiain

2188 2019 2235 2068 οἱ
2270 2022 2448 2084 γονεῖς
2485 2021 2683 2082 αὐτῶν,
2722 2023 2816 2074 καὶ
2851 2022 3122 2091 Θελήσωσι
3181 2027 3457 2076 συνοικεῖν
3486 2024 3665 2087 αὐτὰς
3690 2027 3808 2088 τοῖς

2188 2109 2448 2176 ἐρασταῖς
2495 2112 2591 2163 καὶ
2622 2112 2921 2182 φθορεῦσιν
2953 2115 3156 2180 αὐτῶν,
3195 2115 3346 2166 δοκεῖ
3387 2115 3806 2183 Θεραπεύεσθαι

2187 2201 2247 2252 τὸ
2290 2203 2604 2269 γενόμενον.
2650 2205 2725 2256 Τὸ
2771 2205 2829 2256 δέ
2861 2205 2919 2268 ἐξ
2977 2207 3153 2274 ἀρχῆς
3210 2208 3396 2269 κακῶς
3434 2209 3738 2275 γενόμενον
3768 2210 3805 2278 ἡ

2191 2293 2330 2362 μετὰ
2351 2293 2526 2346 ταῦτα
2555 2297 2863 2360 συναίνεσις
2889 2297 2997 2349 τῶν
3031 2299 3238 2363 γονέων
3264 2299 3415 2351 δοκεῖ
3439 2299 3806 2368 Θεραπεύειν,

2187 2389 2326 2442 ὥστε
2343 2391 2441 2460 τὴν
2461 2391 2666 2461 πόρνην
2689 2395 2769 2455 είς
2787 2393 2969 2461 γάμον
2994 2394 3360 2462 μετάγεσθαι.
3395 2396 3548 2463 Πλὴν
3585 2396 3690 2448 οὐκ
3712 2396 3808 2448 εὐ-

2189 2481 2282 2544 θὺς
2299 2483 2464 2552 δεκτὴ
2488 2484 2684 2553 ἔσταιὴ
2703 2485 2929 2554 τοιαύτη
2948 2487 3026 2549 είς
3045 2487 3351 2541 κοινωνίαν.
3371 2487 3512 2540 ἀλλὰ
3529 2488 3655 2556 τρία
3680 2487 3798 2557 ἐτη.

2189 2734 2416 2786 ΑΡΙΣΤ.
2481 2737 2639 2805 Παρὰ
2700 2736 2928 2806 γνώμην
2986 2735 3198 2805 πατρὶς
3271 2737 3302 2804 ἡ
3369 2733 3805 2804 ἀκολουθήσασα

2265 2829 2439 2896 πόρνη
2476 2828 2746 2897 κρίνεται.
2796 2830 2857 2881 Εἰ
2893 2831 2947 2882 δὲ
2985 2829 3082 2882 καὶ
3111 2830 3159 2880 οἱ
3201 2829 3382 2892 γονεῖς
3424 2827 3802 2892 διαλλαγεῖεν,

2263 2921 2355 2970 καὶ
2413 2920 2473 2971 τὸ
2531 2923 2758 2986 γεγονὸς
2826 2921 3129 2988 Θεραπείαν
3188 2921 3331 2989 ἔχειν
3389 2920 3591 2971 δοκεῖ*
3645 2921 3807 2988 ὅμως

2262 3014 2504 3076 τριετίαν
2532 3013 2915 3064 ὑποπιπτέτω.

2264 3101 2324 3150 Ol
2360 3099 2694 3162 ὑπεξοὺσιοι,
2733 3103 2883 3169 παρὰ
2918 3100 3144 3169 γνώμην
3175 3099 3286 3151 τῶν
3326 3099 3571 3169 ἐχόντων
3595 3102 3807 3164 αὐτοὺς

509 3197 610 3250 sub
633 3212 860 3263 quorum
909 3205 1034 3248 sunt
1080 3204 1349 3262 potestate
1412 3196 1817 3248 matrimonium
1871 3206 2087 3248 contra-

508 3288 635 3341 here
663 3303 766 3339 non
807 3295 1053 3355 possunt.
1087 3287 1142 3338 Si
1173 3296 1357 3339 autem
1406 3296 1460 3339 et
1487 3289 1903 3348 contraxerint,
1952 3287 2084 3339 nilnl

504 3377 772 3441 fecerunt,
810 3380 904 3430 sed
940 3377 1091 3429 irrita
1127 3387 1209 3429 est
1275 3377 1604 3429 contractio.
1657 3374 1874 3428 Puellae.
1903 3387 2082 3430 autem

505 3484 626 3536 quae
653 3478 850 3535 praeter
911 3478 1124 3533 patrum
1166 3482 1386 3533 suorum
1457 3467 1789 3518 voluntatem
1839 3465 2085 3518 homines

506 3561 718 3626 aliquos
754 3569 952 3611 secuta:
978 3558 1198 3619 iuerint,
1244 3557 1624 3609 fornicationis
1670 3557 1936 3624 supplicio
1958 3558 2085 3610 sub-

503 3652 780 3719 jieiuntur.
833 3647 890 3702 Si
950 3660 1128 3702 autem
1192 3659 1376 3716 postea
1443 3654 1696 3716 parentes
1765 3649 2080 3716 conjugium

516 3751 718 3809 praeter
746 3753 899 3790 suam
935 3739 1256 3792 sententiam
1284 3737 1518 3800 initium,
1542 3737 1862 3801 admittunt,
1897 3748 1950 3790 et
1991 3739 2076 3789 in-

2193 3190 2568 3254 ὐπεξουσίους,
2603 3192 2991 3245 συναλλάττειν
3022 3195 3201 3259 γάμον
3235 3193 3297 3242 οὐ
3322 3191 3589 3243 δύνανται
3616 3209 3631 3223 ·
3664 3194 3720 3243 εἰ
3748 3194 3808 3246 δὲ

2115 3257 2155 3314 C
2190 3283 2286 3335 καὶ
2338 3283 2790 3348 συναλλὰξουσιν,
2822 3285 2976 3336 οὐδὲν
3009 3284 3283 3352 ἔπραξαν,
3318 3283 3440 3334 ἀλλ’
3496 3284 3808 3354 ἁνίσχυρόν

2189 3375 2305 3426 ἐστι
2357 3375 2417 3425 τὸ
2471 3375 2850 3444 συνάλλαγμα.
2899 3375 3247 3428 ’Υπὸκεινται
3301 3376 3362 3442 δέ
3415 3377 3514 3428 καὶ
3564 3376 3644 3445 τῷ
3702 3378 3807 3445 τῆς

2190 3467 2450 3536 πορνείας
2485 3469 2749 3537 ἐπιτιμίῳ
2793 3471 2847 3520 αἱ
2887 3470 3038 3536 παρὰ
3085 3470 3311 3536 γνώμην
3361 3470 3475 3519 τῶν
3532 3470 3807 3539 πατέρων

2189 3559 2372 3611 αὐτῶν
2404 3560 2848 3628 ἁκολουθήσασαί
2880 3577 3024 3612 τισιν
3048 3561 3278 3630 ἀνδράσι
3303 3560 3496 3629 κόραι.
3521 3561 3586 3612 Ei
3615 3561 3676 3611 δὲ
3705 3571 3808 3613 καὶ

2190 3653 2332 3721 μετὰ
2354 3651 2529 3704 ταῦτα
2561 3654 2611 3704 οἱ
2646 3655 2825 3719 γονεῖς
2857 3653 2918 3703 τὸ
2951 3654 3105 3722 παρὰ
3142 3652 3373 3720 γνώμην
3409 3653 3602 3705 αὐτῶν
3639 3655 3809 3721 γενό-

2189 3763 2351 3814 μενον
2399 3746 2741 3798 συνοικέσιον
2783 3745 3049 3808 δέξονται.
3100 3746 3195 3798 καὶ
3253 3745 3554 3812 θελήσουσι
3611 3747 3807 3814 μένειν

506 3829 832 3884 dissolutum
892 3844 1110 3881 manere
1170 3828 1376 3889 volunt,
1439 3827 1792 3880 nihilominus
1850 3827 1976 3894 quia
2017 3829 2082 3881 ab

506 3923 661 3976 initio
686 3939 802 3975 eum
829 3937 1011 3974 eorum
1044 3922 1319 3974 voluntate
1362 3933 1470 3972 non
1531 3918 1728 3971 factum
1772 3917 1872 3971 fuit
1909 3937 1923 3984 ;
1973 3937 2078 3972 non

506 4015 686 4068 statim
731 4015 796 4066 ad
842 4013 1274 4066 communionem
1308 4011 1660 4079 recipientur,
1698 4011 1791 4064 sed
1843 4013 2078 4064 triennio

507 4119 696 4173 pinnas
733 4103 964 4158 solvent.

1032 4191 1262 4246 CANON
1296 4191 1541 4246 XXXIX.

506 4287 634 4352 Qua:
663 4286 792 4338 vivit
826 4301 946 4339 cum
974 4286 1242 4348 adultero,
1263 4296 1344 4338 est
1377 4293 1493 4337 t0to
1524 4294 1770 4350 tempore
1809 4283 2108 4346 adultera.-

2185 3836 2384 3888 ἄλυτον
2412 3851 2423 3864 ·
2479 3837 2628 3904 ὅμως
2687 3837 2778 3888 διὰ
2825 3837 2885 3888 τὸ
2927 3836 2985 3900 ἐξ
3026 3837 3202 3905 ἀρχῆς
3235 3836 3310 3905 μὴ
3363 3837 3509 3889 κατὰ
3564 3837 3807 3908 γνώμην

2186 3926 2368 3977 αὐτῶν
2408 3927 2687 3991 γενέσθαι,
2721 3928 2821 3979 οὐκ
2848 3926 3011 3987 εὐθὺς
3066 3928 3147 3988 είς
3196 3927 3492 3978 κοινωνίαν
3543 3928 3803 3996 παραδε-

2184 4021 2502 4090 χθὴσονται,
2533 4022 2652 4072 ἀλλ’
2675 4022 2765 4072 ἐπὶ
2799 4020 3047 4072 τοιετίαν
3078 4019 3610 4089 ἐπιτιμηθήσονται.

2779 4199 3020 4252 ΚΛΝΩΝ
3066 4202 3192 4250 Ald'.

2236 4291 2393 4359 Ἠτῷ
2421 4290 2594 4360 μοιχῷ
2609 4290 2828 4351 συζῶσα
2852 4289 3098 4358 μοιχαλίς
3120 4292 3236 4340 ἐστι
3252 4289 3439 4340 πάντα
3458 4289 3552 4340 τὸν
3573 4288 3802 4358 χρόνον,

2260 4383 2453 4435 ΒΛΛΣ.
2495 4383 2637 4450 Γυνὴ
2667 4399 2749 4442 τις
2782 4383 3124 4448 μοιχεύσασα
3155 4381 3247 4430 καὶ
3283 4379 3508 4442 συζῶσα
3535 4381 3616 4448 τῷ
3668 4400 3802 4450 μοι·

2188 4473 2270 4542 χῷ
2311 4474 2617 4542 ἐπετιμήθη
2645 4488 2657 4499 ·
2695 4471 2784 4523 τοῦ
2829 4471 3022 4540 ἀνδρὸς
3057 4471 3111 4521 δὲ
3146 4471 3317 4538 αὐτῆς
3349 4473 3804 4539 τελευτήσαντος

577 4395 769 4449 BALS.
809 4395 998 4448 Mulier
1046 4397 1314 4462 qnzedam,
1359 4409 1478 4462 quae
1537 4394 1846 4447 adulterata
1896 4392 2077 4446 fuerat

503 4499 557 4541 et
587 4503 708 4541 cum
744 4487 990 4539 adultero
1024 4503 1126 4539 nua
1155 4488 1390 4548 vivebat,
1418 4485 1605 4552 punita
1663 4496 1744 4537 est
1779 4502 1793 4538 :
1830 4500 1952 4537 eum
1983 4500 2079 4536 au-

504 4589 611 4633 tem
645 4586 890 4630 mortuus
919 4587 1060 4628 esset
1091 4577 1209 4643 ejus
1262 4577 1511 4639 maritus,
1569 4577 1782 4629 volebat
1824 4576 2075 4645 conjungi

2200 4564 2342 4636 ιγθελε
2402 4565 2769 4633 συζευχθῆναι
2828 4565 2905 4632 τῷ
2943 4563 3140 4631 μοιχῷ.
3176 4564 3348 4630 Φησὶν
3402 4563 3499 4616 οὖν
3545 4567 3571 4616 ὁ
3631 4565 3800 4632 ἆγιος

504 4669 768 4720 adultero.
835 4667 976 4719 Dicit
1005 4666 1188 4732 itaque
1227 4677 1472 4727 sanctus,
1514 4670 1658 4733 quod
1704 4682 1771 4717 ne
1804 4667 1904 4719 hoc
1955 4669 2077 4733 qui-

2200 4656 2257 4718 b;
2298 4653 2425 4707 οὔτε
2465 4654 2626 4707 τοῦτο
2653 4655 2971 4722 γενήσεται,
3003 4651 3140 4703 ἀλλὰ
3173 4654 3268 4703 καὶ
3308 4653 3507 4722 μέχρις
3544 4652 3612 4705 ἂν
3646 4653 3796 4723 συζῇ

504 4758 746 4820 deinﬁet,
766 4758 858 4810 sed
890 4758 1049 4808 etiam
1077 4758 1246 4809 donec
1290 4757 1424 4808 vivit
1443 4770 1566 4808 cum
1592 4754 1835 4807 adultero
1865 4771 2078 4822 poenam

2200 4746 2260 4814 εῷ
2305 4744 2476 4814 μοιχῷ
2516 4744 2955 4814 ἐπιτετιμημένη
2983 4743 3190 4809 ὀφείλει
3222 4738 3387 4807 εἶναι,
3440 4744 3548 4797 κᾶν
3613 4747 3686 4798 τὰ
3731 4745 3796 4798 ιε’

502 4849 684 4901 subire
709 4849 888 4910 debet,
940 4848 1152 4900 etiamsi
1212 4846 1517 4915 quindecim
1574 4845 1698 4898 anui
1748 4848 2080 4913 pmnitentia)

2200 4838 2278 4904 ἐτη
2337 4837 2444 4888 τῶν
2501 4837 2797 4904 ἐπιτιμίων
2858 4835 2956 4903 τῆς
3017 4836 3268 4903 μοιχείας
3332 4835 3795 4905 ἐπεραιώθησαν.

505 4945 762 4995 transacti
799 4942 924 4995 sint.
959 4939 1034 4992 Illi
1091 4942 1235 4992 enitn
1292 4941 1504 4992 demum
1534 4952 1646 5001 eas,
1699 4953 1821 5004 quae
1877 4939 1927 4991 in
1963 4953 2080 5005 poe-

2200 4929 2426 4980 Ἐκείνοι
2463 4928 2570 4996 γὰρ
2597 4928 2664 4979 τὰ
2692 4929 2784 4978 ἐπὶ
2814 4929 2879 4997 τῇ
2930 4927 3190 4995 μετανοίᾳ
3235 4925 3497 4994 δ.δόμενα
3527 4928 3797 4998 ἐπιτίμια

501 5033 727 5085 nitentia
753 5033 966 5093 dantur,
1001 5046 1188 5098 pcenas
1217 5029 1446 5083 subiisse
1486 5030 1757 5094 videntur,
1786 5038 1839 5083 et
1866 5032 2076 5084 veniam

2200 5020 2397 5071 Ξοκοῦσι
2447 5020 2744 5082 δουλεύειν,
2799 5023 2891 5071 καὶ
2955 5020 3259 5087 λαμὸἁνειν
3313 5018 3678 5088 συγχώρησιν
3742 5022 3796 5072 et

500 5121 744 5188 adipisci,
777 5121 927 5187 quia
983 5120 1121 5173 man
1173 5119 1468 5172 abstinent.
1511 5118 1613 5182 Qui
1641 5127 1818 5170 autem
1844 5120 1894 5171 in
1936 5119 2077 5170 main

2200 5113 2543 5180 ιφιστάμενοι
2568 5111 2661 5164 τοῦ
2699 5110 2895 5164 κακοῦ.
2923 5113 2988 5163 Ol
3030 5111 3084 5163 δέ
3113 5111 3474 5180 ἐπιμένοντες
3509 5111 3589 5178 τῷ
3626 5112 3796 5178 κακῷ

502 5223 872 5282 perseverant,
939 5211 1112 5264 eidem
1166 5225 1340 5277 pinna:
1394 5217 1518 5262 sunt
1573 5209 1816 5272 obnoxii,
1864 5211 2076 5264 etiamsi

2200 5211 2274 5256 ;π“ι
2329 5206 2387 5256 τὸ
2441 5205 2572 5255 αὑτὸ
2602 5207 2740 5256 είσιν
2773 5203 3063 5271 ἐπιτίμιοι,
3110 5205 3213 5257 κὰν
3277 5202 3548 5270 μυριάκις
3604 5202 3794 5271 τούτῳ

499 5321 618 5359 eam
655 5305 848 5358 millies
881 5305 1163 5356 subierint.
1227 5301 1306 5355 lta
1341 5316 1470 5370 ergo
1514 5302 1569 5353 in
1627 5314 1888 5355 canenem
1945 5318 2074 5371 pro-

2200 5295 2561 5347 ἰουλεύσωσιν.
2619 5292 2778 5361 Οὕτω
2820 5291 3117 5361 Θεμάτισον
3142 5293 3234 5344 τὸν
3265 5291 3471 5342 κανόνα
3498 5305 3512 5318 '
3559 5293 3655 5342 καὶ
3709 5294 3792 5360 μὴ

2182 5387 2343 5456 εἴπῃς
2377 5387 2557 5438 πᾶσαν
2599 5388 2832 5451 γυναῖκα
2873 5382 3126 5446 συζῶσαν
3159 5382 3237 5451 τῷ
3269 5381 3448 5451 μοιχῷ
3490 5381 3792 5450 μοιχαλίδα

2183 5478 2342 5531 εἶναι.
2391 5477 2456 5529 Ἦ
2487 5478 2596 5545 γὰρ
2630 5477 2862 5544 νόμιμος
2912 5474 3054 5544 γυνὴ
3103 5472 3270 5525 αὐτοῦ
3326 5472 3630 5535 ἀνεύθυνος
3667 5472 3789 5524 ἐστι

2185 5572 2362 5640 τούτῳ
2392 5572 2779 5638 συνδιάγουσα,
2810 5569 2902 5622 καὶ
2935 5567 3070 5636 ἄλλη
3100 5568 3252 5619 πᾶσα
3297 5568 3472 5635 χωρὶς
3505 5565 3608 5634 τῆς
3657 5581 3788 5632 μοι-

2179 5665 2416 5733 χαλίδος.
2474 5665 2583 5716 Καὶ
2635 5667 2662 5716 ὁ
2729 5663 2828 5729 μὲν
2890 5657 3352 5728 ἐκκλησιαστικδς
3402 5656 3572 5724 νόμος
3604 5655 3788 5707 ταῦτα

2176 5757 2468 5829 διορίζεται
2500 5773 2513 5786 ·
2553 5760 2579 5808 ὁ
2617 5757 2674 5808 δὲ
2722 5753 3003 5816 πολιτικὸς
3042 5753 3102 5806 οὐ
3158 5750 3495 5820 παραχωρεῖ
3520 5747 3622 5816 τὴν
3658 5762 3783 5814 μοι-

2178 5850 2368 5918 χαλίδα
2419 5851 2567 5913 ὅπως
2615 5849 2814 5919 δήποτε
2861 5843 3229 5916 συζευχθῆναι
3260 5841 3340 5912 τῷ
3385 5839 3566 5910 μοιχῷ
3595 5853 3609 5867 ·
3642 5837 3784 5907 φησι

500 5411 678 5466 pone;
727 5407 781 5450 et
844 5412 909 5448 ue
959 5397 1159 5450 dixeris
1200 5409 1415 5450 Omnem
1451 5394 1730 5447 mulierem
1794 5409 1909 5462 qua:
1951 5411 2073 5448 cum

499 5487 748 5540 adultero
808 5487 1101 5550 cobabitat,
1164 5500 1286 5540 esse
1341 5484 1662 5538 adulteram.
1744 5484 1873 5552 Ejus
1931 5486 2072 5538 enim

502 5591 640 5629 uxor
682 5577 922 5645 legitima
954 5577 1032 5630 illi
1062 5576 1403 5639 cohabitans,
1456 5586 1539 5630 est
1571 5591 1598 5626 a
1652 5577 2074 5644 reprehensione

502 5668 700 5730 aliena,
730 5681 778 5723 et
812 5670 1013 5736 qumvis
1045 5670 1148 5721 alia
1182 5679 1377 5738 praeter
1407 5666 1728 5721 adulteram.
1759 5666 1825 5719 Et
1850 5668 1930 5720 lex
1950 5669 2073 5736 qui-

498 5761 618 5813 dem
649 5760 1019 5815 ecclesiastica
1043 5761 1165 5819 haec
1191 5760 1453 5816 decernit.
1483 5758 1670 5813 Civilis
1699 5768 1877 5813 autem
1911 5760 2071 5812 adul-

502 5860 628 5907 terae
656 5855 802 5912 nullo
836 5855 997 5912 modo
1025 5855 1292 5925 permittit
1329 5870 1450 5911 cum
1486 5852 1732 5909 adultero
1788 5853 2065 5925 conjungi.

3540 6434 3577 6439 ἠ
3636 6434 3669 6439 j
3724 6434 3753 6439 ἡ
3800 6434 3863 6443 κηθ,
3926 6441 3985 6460 “Il
