4006 6450
183 385 288 453 Ίθθ

1148 384 1221 442 ΙΝ
1259 385 1496 448 Ei‘lb'l‘.
1548 391 1608 445 ὃ.
1643 387 1926 446 B.\Sil.il
1965 387 2399 448 CANUNICAM
2447 391 2524 450 Il.

3337 397 3446 458 710

185 497 291 557 γὰρ
319 496 374 542 τῖι
411 491 500 554 Et,"
536 495 750 560 κεφάλη
785 495 878 545 τοῦ
933 494 1008 558 λζ’
1057 497 1259 561 τίιὶου,
1305 501 1399 550 τοῦ
1444 498 1482 560 ξ’
1511 499 1720 567 βιόλεου
1751 520 1754 531 ε

1877 502 2013 553 Dicit
2044 502 2187 554 enim
2215 516 2331 566 cap.
2366 502 2454 565 66,
2482 505 2564 557 tit.
2599 505 2687 567 57,
2727 505 2914 560 tilum:
2945 507 3073 571 Qua:
3099 510 3263 562 semel
3291 512 3444 563 adul-

197 584 257 634 Ἠ
316 584 467 646 ειπαξ
520 585 892 654 ἁμαρτήσασα
938 587 1207 656 μοιχείαν,
1259 588 1353 640 ἐὰν
1410 589 1549 657 μετὰ
1593 589 1764 645 ταῦτα

185 678 410 743 γένηται
447 678 665 744 γαμετὴ
698 679 790 729 τοῦ
838 678 1225 745 μοιχεύσαντος
1272 680 1462 748 αὐτὴν,
1513 682 1572 732 οὐ
1608 681 1764 732 σϐέν-

184 784 340 818 νυται
381 768 462 834 τῷ
496 768 844 836 προσχήματι
887 769 979 822 τοῦ
1005 772 1186 838 γάμου
1218 772 1312 823 τοῦ
1346 772 1489 824 κατὲ
1519 773 1616 839 τὴν
1649 790 1764 838 μοι-

186 858 662 924 χςξεινᾳενομένου
688 876 700 888 ·
734 859 825 910 καὶ
859 860 920 911 τὸ
955 860 1022 926 ιγ’
1056 862 1250 927 κεφάλ.
1315 862 1407 914 τοῦ
1436 862 1524 930 μβ¹
1546 863 1759 915 tirio-4°

200 949 322 999 ’ἱίὰν
353 951 445 999 ἐπεὶ
482 949 697 1017 μοιχείᾳ
722 950 979 1016 γυναικὸς
1013 951 1432 1010 καταδικασθεὶς
1464 953 1762 1019 ἀγάγωμαι

187 1041 376 1106 αὐτὴν,
430 1043 477 1092 εἰ
523 1044 614 1092 καὶ
654 1042 726 1110 μὴ
757 1043 894 1110 αὐτὴ
926 1043 1324 1112 καταδικασοῇ,
1355 1041 1479 1095 οὔτε
1518 1045 1546 1094 ὁ
1586 1044 1762 1113 γάμος

188 1132 431 1199 {gelum
461 1149 475 1164 ο
526 1133 639 1183 ἀλλ’
672 1135 722 1184 εἰ
762 1135 855 1186 καὶ
881 1134 1218 1202 κληρονόμον
1258 1134 1428 1203 αὐτὴν
1459 1135 1674 1203 γράψω,
1728 1135 1759 1204 ἦ

189 1223 285 1288 ἐμὲ
318 1223 482 1291 αὐτὴ,
514 1224 807 1291 δημεύεται
834 1227 865 1292 ὴ
895 1226 1249 1295 κληρονομία.
1284 1226 1417 1278 Οὐδὲ
1441 1242 1764 1295 στρατιωτιο

186 1317 297 1377 κιῖις
332 1334 417 1376 τις
452 1318 772 1386 διαῦἐμενος
801 1319 1024 1370 δύναται
1051 1319 1393 1389 κληρονόμον
1425 1319 1634 1388 γράψαι
1663 1319 1762 1388 τὴν

187 1410 292 1459 cini»
318 1407 531 1478 φθορᾶς
556 1409 920 1479 γαμηθεῖσαν,
958 1413 1052 1464 καὶ
1087 1410 1373 1478 σύγκοιτον
1406 1411 1570 1463 αὑτοῦ
1603 1428 1761 1478 γενο-

189 1499 360 1566 μένην
394 1515 406 1530 ·
441 1501 577 1551 ἀλλὰ
613 1501 855 1553 τοιούτου
883 1502 1030 1563 τινὸς
1064 1501 1476 1569 συμϐαίνοντος,
1504 1499 1657 1571 χώρα
1683 1500 1762 1571 τῷ

183 1589 450 1659 amicam).
489 1593 645 1644 Κατὰ
672 1594 851 1660 τρίτον
877 1593 937 1645 θέ
948 1610 1025 1661 μα
1050 1594 1144 1646 τοῦ
1167 1593 1395 1647 δεκάτου
1419 1611 1545 1664 κεφ.
1598 1594 1693 1649 τοῦ
1717 1600 1758 1647 s'

181 1681 390 1743 τίτλου,
424 1681 517 1732 τοῦ
557 1689 642 1751 κη’
669 1683 896 1750 βιόλέου,
923 1686 950 1736 ὁ
975 1683 1068 1736 ἐπὶ
1093 1685 1341 1754 μοιχείαν
1375 1686 1632 1752 γυναικὸς
1659 1703 1759 1738 κα-

181 1771 516 1840 τηγορηθεὶς
537 1774 596 1824 οὗ
628 1775 850 1828 δύναται
901 1775 1105 1844 ταύτην
1146 1775 1396 1845 γαμετὴν
1428 1776 1753 1844 ἀγαγέσθαι.

1871 593 2065 645 terinm
2101 593 2394 656 commisit,
2421 594 2464 646 si
2499 595 2634 662 ejus,
2672 597 2761 663 qui
2796 612 2914 651 eam
2969 599 3272 653 adulterata
3325 612 3435 662 est,

1868 693 2051 747 postea
2085 698 2225 736 uxor
2249 682 2436 748 fuerit,
2470 700 2574 738 non
2604 687 2962 750 exstinguitur
3018 699 3280 753 praetextu
3315 704 3434 742 ma-

1869 774 2133 835 tt'itnuttii,
2205 775 2345 843 quod
2394 785 2511 841 post
2570 776 2898 830 adulterium
2963 776 3161 833 factum
3209 789 3311 834 est.
3367 781 3436 834 Et

1865 879 1983 928 cap.
2023 864 2107 926 l3,
2140 864 2220 918 tit.
2252 863 2322 916 42
2382 864 2623 931 ejusdem
2671 866 2828 920 libri:
2861 866 2918 920 Si
2979 877 3202 936 propter
3255 872 3441 924 uxoris

1865 951 2187 1005 adulterium
2235 954 2628 1006 condemnatus
2691 954 2860 1020 ipsam
2915 958 3160 1020 duxero,
3218 961 3429 1014 etiamsi

1863 1044 1978 1110 ipsa
2003 1059 2107 1095 non
2131 1050 2212 1098 est
2229 1045 2605 1105 condemnata,
2648 1059 2752 1097 non
2775 1055 2855 1100 est
2881 1048 3112 1101 validum
3157 1050 3437 1103 matrimo-

1865 1135 2009 1186 nium
2039 1151 2050 1184 :
2081 1133 2172 1186 sed
2205 1134 2303 1185 etsi
2334 1134 2507 1202 ipsam
2548 1133 2816 1188 hteredem
2847 1137 3138 1203 scripsero,
3200 1139 3281 1192 vel
3320 1140 3435 1208 ipsa

1864 1236 1971 1288 me,
1996 1223 2306 1292 publicator
2339 1223 2650 1278 haereditas.
2682 1223 2791 1278 Nec
2821 1226 2940 1294 quis
2996 1228 3306 1282 militariter
3367 1241 3444 1282 le-

1862 1323 2013 1368 stans
2038 1323 2210 1382 potest
2245 1331 2362 1369 eam
2394 1316 2662 1370 heredem
2719 1319 2984 1382 scrihere,
3050 1335 3171 1388 rutae
3219 1337 3286 1376 ex
3321 1333 3442 1378 stu-

1860 1420 1959 1474 pro
1994 1415 2076 1460 est
2100 1408 2261 1462 ducta
2284 1418 2338 1459 et
2361 1407 2410 1461 ei
2449 1408 2546 1460 fuit
2569 1408 2910 1465 concubina:
2945 1409 3040 1464 sed
3070 1411 3116 1464 si
3178 1413 3282 1467 tale
3310 1414 3438 1480 quid

1861 1496 2156 1564 contingat,
2190 1497 2341 1551 locus
2369 1498 2532 1552 datur
2577 1499 2814 1567 publico.
2854 1499 2917 1552 Et
2954 1499 3108 1567 juxta
3152 1503 3330 1557 thema
3380 1504 3435 1568 3,

1860 1603 1981 1658 cap.
2017 1589 2103 1652 l0,
2131 1590 2213 1644 tit.
2244 1590 2297 1653 5,
2321 1589 2416 1645 lib.
2474 1605 2664 1646 uvm.
2695 1591 2794 1658 Qui
2848 1602 3070 1662 propter
3116 1594 3441 1649 adulterimu

1861 1681 2047 1735 uxoris
2105 1691 2395 1735 accusatus
2458 1691 2561 1747 est,
2619 1697 2724 1735 non
2801 1693 2976 1751 potest
3029 1697 3149 1738 eam
3214 1700 3436 1740 uxorem

1863 1771 2078 1824 ducere.

537 1864 595 1914 Ei
639 1866 712 1932 μή
758 1882 841 1926 τις
882 1833 1280 1936 attactam-cii;
1310 1833 1607 1937 ἁμαρτίας,
1658 1884 1754 1936 με-

1936 1860 2182 1915 ZUNAR.
2229 1861 2336 1916 Nisi
2364 1864 2483 1931 quis
2514 1877 2541 1915 a
2578 1871 2794 1931 peccato
2825 1864 3073 1930 desistat,
3140 1866 3288 1922 illum
3323 1885 3441 1939 ναι-

181 1955 399 2004 τανοεῖν
437 1953 499 2004 οὐ
528 1954 864 2017 πιστεύεται,
901 1954 1026 2007 οὔτε
1062 1956 1278 2026 δέχεται
1318 1961 1397 2020 εἰς
1448 1957 1757 2024 μετάνοιαν.

184 2042 464 2093 Μετάνοια
510 2043 618 2110 γάρ
667 2045 782 2095 ἐστι
818 2045 878 2096 τὸ
921 2046 1329 2112 μεταμέλεσθαι
1370 2046 1462 2097 τὸν
1507 2048 1760 2116 ἁμαρτή-

183 2148 356 2184 σαντα
389 2133 477 2201 ἐφ’
509 2129 590 2196 οἷς
616 2134 852 2203 ἥμαρτε,
887 2137 981 2188 καὶ
1005 2137 1298 2190 δάκνεσθαι
1330 2138 1418 2190 ἐπ’
1443 2139 1651 2200 αὐτοῖς.
1700 2139 1761 2191 '0

177 2219 233 2270 δὲ
282 2221 562 2287 ἐπιμένων
605 2224 670 2289 τῇ
721 2221 967 2292 ἁμαρτίᾳ
994 2221 1118 2274 οὔτε
1165 2224 1589 2293 μεταμέλεσθαι,
1639 2223 1762 2277 οὔτε

178 2310 474 2363 δάκνεσθαι
508 2313 847 2372 πιστεύεται,
883 2312 1021 2366 ἀλλὰ
1047 2313 1273 2382 ἥδεσθαι
1317 2313 1510 2384 ταύτῃ.
1562 2315 1628 2367 ’Π
1665 2312 1759 2369 οὖν

177 2402 256 2470 τῷ
286 2402 465 2472 μοιχῷ
489 2403 904 2472 ἀκολουθήσασα
928 2405 1021 2456 καὶ
1048 2404 1357 2473 συμϐιοῦσα
1381 2405 1553 2474 αὐτῷ,
1582 2408 1758 2458 πάντα

178 2494 267 2544 τὸν
293 2495 487 2562 χρόνον
515 2497 613 2562 τῆς
637 2494 998 2564 συμϐιώσεως
1031 2494 1284 2563 μοιχαλίς
1308 2497 1446 2557 ἐστι,
1476 2495 1554 2547 ἔτι
1589 2497 1757 2563 πράτ-

177 2600 349 2636 τουσα
388 2586 445 2636 τι
467 2586 660 2646 κακὸν,
688 2587 781 2639 καὶ
806 2588 885 2648 εἰς
925 2587 1217 2655 μετάνοιαν
1241 2586 1304 2638 οὐ
1331 2586 1680 2656 δεχθήσεται,

1864 1955 2035 2007 nitere
2065 1954 2202 2006 haud
2262 1953 2520 2006 credibile
2544 1963 2646 2012 est,
2671 1953 2683 1969 '
2716 1969 2887 2021 neque
2937 1957 3000 2009 ad
3068 1961 3440 2025 pmttilentiam

1864 2043 2185 2096 admittitur.
2241 2043 2332 2094 list
2377 2043 2519 2094 enim
2575 2043 2911 2109 pmnitcntia,
2960 2059 3282 2106 cum-eum.
3351 2054 3440 2118 qui

1872 2129 2125 2198 deliquit,
2176 2130 2392 2182 atlllliSsi
2433 2130 2682 2182 criminis
2723 2131 2971 2195 ptenitet,
3006 2145 3166 2201 atque.
3195 2140 3263 2190 ob
3313 2140 3442 2193 illud

1865 2221 2097 2286 angitur.
2127 2220 2226 2283 Qui
2259 2235 2388 2272 vero
2417 2220 2466 2271 in
2512 2230 2736 2286 peccato
2780 2234 3111 2288 perseverat,
3167 2243 3263 2281 nec
3317 2246 3437 2282 eum

1867 2312 2128 2379 paenitere
2153 2310 2381 2376 peccati,
2408 2325 2509 2362 nec
2533 2313 2601 2363 ob
2639 2311 2750 2380 93
2782 2314 2831 2365 id
2864 2314 2983 2381 angi
3017 2319 3310 2382 credimus,
3345 2321 3439 2372 sed

1865 2416 1927 2454 cx
1977 2400 2068 2453 illo
2128 2401 2303 2467 potius
2367 2415 2560 2467 Capere
2632 2405 2984 2470 voluptatem.
3059 2408 3187 2469 Ouze
3273 2411 3440 2478 igitur

1865 2491 2166 2544 adulterum
2191 2501 2371 2543 secuta
2398 2503 2500 2554 εει,
2557 2503 2608 2545 et
2663 2509 2782 2546 cum
2841 2510 2906 2549 eo
2951 2497 3110 2549 vitam
3170 2501 3296 2566 agit,
3331 2509 3442 2553 toto

1874 2592 2146 2647 tempore,
2194 2597 2302 2650 quo
2346 2597 2466 2636 cum
2501 2599 2563 2635 cn
2595 2586 2756 2653 degit,
2793 2587 3031 2640 adultera
3067 2601 3172 2651 est,
3208 2605 3327 2644 cum
3385 2594 3439 2645 iu

178 2675 449 2739 prasinate
480 2677 656 2728 adhuc
707 2676 985 2742 persistat,
1019 2690 1195 2743 neque
1249 2677 1314 2729 ad
1369 2677 1750 2745 pcenitentiatn

1864 2671 2119 2727 mittitur.

248 2764 482 2820 ΔΡΙΣΤ.
512 2766 584 2817 Ἦ
616 2763 839 2828 συζῶσα
879 2765 1053 2836 μοιχῷ
1079 2766 1168 2818 διὰ
1201 2765 1318 2837 βίου
1350 2768 1686 2839 μοιχεύεται.

248 2945 349 2996 Διά
379 2945 538 2997 τοῦτο
570 2945 701 3012 γοῦν
736 2947 827 2997 καὶ
867 2945 1239 3016 ἀπρόσδεκτός
1283 2948 1433 3000 ἔστιν
1465 2949 1496 3017 ἠ
1533 2948 1757 3018 τοιαύτη

177 3040 243 3106 τῇ
288 3037 557 3106 ἐκκλησίᾳ
590 3052 604 3066 ·
635 3037 774 3106 μετὰ
805 3037 914 3106 γὰρ
941 3039 1002 3092 τὸ
1030 3038 1306 3108 παυθῆναι
1337 3041 1435 3109 τῆς
1456 3038 1756 3110 ἁμαρτιας,

179 3131 301 3179 τότε
333 3129 547 3195 γίνεται
580 3128 639 3181 ὲν
671 3131 993 3198 ἐπιτιμίοις,
1015 3131 1110 3182 καὶ
1145 3130 1456 3202 διορθοῦται
1497 3130 1559 3184 τὸ
1596 3133 1760 3184 πταῖ-

181 3239 250 3290 σμ
270 3239 294 3272 ι
329 3222 505 3290 αὐτῆς
536 3240 548 3252 ·
577 3221 674 3274 ἐὰν
704 3222 763 3274 δὲ
787 3222 1023 3293 ιπιμένῃ
1043 3225 1111 3294 τῇ
1159 3223 1399 3294 μοιχεία,
1436 3221 1761 3293 ἀδιόρθωτός

181 3314 318 3374 ἐστι,
348 3315 436 3365 καῖ
474 3311 863 3378 άπρὸσδεκτος.

784 3404 1025 3457 ΚΑΝΩΝ
1075 3401 1144 3457 M'

195 3495 258 3547 Ἦ
296 3496 446 3559 παρὰ
483 3494 712 3564 γνώμην
742 3495 835 3547 τοῦ
883 3496 1147 3548 δεσπότου
1203 3495 1360 3567 ἀνδρὶ
1407 3497 1607 3568 ἑαυτὴν
1669 3499 1762 3552 ὲκ-

250 3588 416 3642 δοῦσα
444 3590 777 3658 ἐπόρνευσεν
805 3610 818 3625 ·
847 3592 881 3662 ή
909 3590 965 3644 δὲ
994 3590 1134 3662 μετὰ
1164 3590 1341 3644 ταῦτα
1373 3595 1760 3663 πεπαρρησια-

255 3679 438 3748 σμένῳ
477 3681 640 3748 γάμῳ
683 3684 1030 3751 χρησαμένη,
1077 3680 1348 3751 ἑγήματο.
1383 3681 1546 3734 ’Ὥστε
1581 3684 1759 3735 ἐκεῖνο

253 3771 352 3837 μὲν
404 3773 657 3840 πορνεία,
692 3771 851 3824 τοῦτο
893 3771 950 3824 δὲ
997 3772 1189 3842 γάμος.
1230 3773 1296 3825 At
1340 3772 1448 3845 γὰρ
1487 3771 1754 3844 συνθῆκαι

251 3863 362 3912 τῶν
395 3863 734 3928 ὑπεξουσίων
764 3863 916 3918 οὐδὲν
947 3863 1128 3932 ἔχουσι
1161 3864 1398 3935 βέϐαιον.

255 4032 451 4084 ΒΑΛΣ.
482 4031 655 4099 Δούλη
687 4032 934 4103 συνήφθη
972 4032 1229 4102 γαμικῶς
1268 4033 1426 4103 ἀνδρί
1462 4051 1568 4088 τινι
1599 4035 1751 4087 ἐλευ-

181 4125 324 4192 θέρῳ
356 4125 509 4192 παρὰ
541 4123 768 4194 γνώμην
789 4125 884 4177 τοῦ
916 4116 1120 4180 οἰκείου
1146 4125 1431 4179 δεσπότου.
1464 4127 1668 4198 Καιροῦ
1695 4127 1752 4180 δέ

178 4231 324 4275 τινος
357 4213 744 4284 παρελθόντος,
771 4215 802 4282 ἢ
837 4214 1150 4284 ἐλευθερίας
1176 4214 1467 4280 ἀξιωθεῖσα
1496 4216 1581 4268 τὸν
1612 4215 1752 4285 μετὰ

179 4306 273 4357 τοῦ
331 4306 601 4374 προτέρου
655 4306 848 4373 ἀνδρὸς
928 4309 1105 4375 γάμον
1195 4308 1751 4376 πεπαρρησιασμένον

179 4396 495 4462 ἐποιήσατο,
545 4395 576 4464 ἢ
623 4397 716 4446 καὶ
743 4397 769 4445 ὁ
796 4394 981 4465 κύριος
1029 4395 1198 4462 αὐτῆς
1231 4396 1322 4445 ἐπὶ
1372 4395 1449 4463 τῷ
1473 4396 1751 4464 γενομένῳ

1939 2760 2166 2814 ARIST.
2210 2762 2336 2827 Quae
2370 2779 2475 2815 una
2524 2778 2644 2816 cum
2672 2764 2919 2820 adultero
2961 2767 3111 2833 vivit,
3159 2781 3251 2836 per
3279 2769 3439 2825 vitam

1871 2853 2196 2905 moechatur.

1939 2939 2142 2995 Idcirco
2171 2943 2350 3009 itaque
2386 2951 2441 2996 et
2472 2943 2594 2998 talis
2627 2945 2678 2996 in
2721 2944 3014 3000 Ecclesiam
3056 2961 3160 3002 non
3208 2959 3290 3003 est
3341 2951 3440 3004 ad-

1866 3034 2143 3086 mittenda.
2207 3031 2496 3102 Postquam
2560 3036 2703 3089 enim
2758 3052 2785 3090 a
2838 3048 3060 3105 peceato
3107 3046 3438 3106 cessaverit,

1869 3131 1996 3176 tunc
2026 3136 2211 3191 ptenas
2234 3123 2341 3184 dat,
2375 3133 2430 3178 et
2475 3126 2680 3192 lapsum
2711 3142 2865 3180 somn
2916 3130 3189 3182 emendat.
3223 3133 3278 3185 Si
3343 3149 3440 3186 an-

1867 3223 1970 3268 tem
2002 3216 2054 3268 in
2092 3213 2352 3270 adulterio
2381 3218 2656 3285 persistat,
2681 3217 3094 3274 inemendabilis
3134 3232 3218 3276 est
3252 3234 3303 3278 et
3334 3241 3438 3279 ttott

1864 3305 2192 3374 recipienda.

2465 3397 2698 3452 CANON
2732 3398 2847 3453 XL.

1860 3479 1990 3547 Quae
2031 3493 2228 3552 praeter
2277 3484 2477 3539 domini
2528 3488 2852 3540 sententiam
2904 3501 2964 3542 se
3015 3491 3132 3542 viro
3185 3490 3428 3552 tradidit,

1929 3570 2195 3625 fornicata
2223 3583 2345 3626 est:
2398 3590 2520 3643 qua:
2583 3585 2762 3627 autent
2814 3588 2997 3643 postea
3031 3576 3199 3629 libero
3249 3584 3439 3632 matri-

1939 3663 2120 3714 monio
2159 3676 2252 3714 usa
2286 3673 2389 3725 est,
2455 3665 2654 3731 nupsit.
2687 3664 2863 3730 Quare
2915 3663 3039 3717 illud
3076 3665 3292 3733 quidem
3321 3666 3436 3720 for-

1929 3753 2152 3819 nicatio,
2180 3755 2281 3808 hoc
2309 3767 2440 3806 vero
2470 3755 2872 3807 matritnonimu
2903 3763 3006 3809 est.
3032 3753 3230 3810 Eorum
3258 3757 3425 3810 enim.

1926 3845 2016 3913 qui
2062 3851 2192 3897 sunt
2252 3843 2304 3896 in
2362 3843 2588 3900 alterius
2630 3853 2911 3914 potestate,
2959 3856 3112 3914 pacta
3169 3859 3436 3902 conventa

1927 3934 2066 3986 ﬁrmi
2104 3934 2241 3987 nihil
2272 3935 2497 3989 habent.

1925 4024 2118 4079 BALS.
2145 4026 2351 4079 Ancilla
2395 4025 2640 4093 quaedam
2687 4027 2902 4080 cuidam
2939 4027 3056 4081 viro
3105 4027 3278 4084 libero
3311 4044 3430 4085 ma-

1855 4116 2241 4172 trimonialiter
2287 4117 2575 4185 conjuncta
2633 4127 2752 4172 erat
2809 4127 3007 4185 praeter
3056 4131 3290 4174 mentem
3349 4121 3434 4176 sui

1859 4205 2083 4260 domini.
2116 4205 2251 4261 Cum
2281 4215 2464 4260 autem
2502 4207 2833 4276 aliquantum
2891 4209 3152 4277 temporis
3203 4224 3426 4279 proces-

1854 4294 2038 4359 sisset,
2075 4293 2156 4348 vel
2196 4294 2446 4348 libertate
2487 4295 2708 4359 donata,
2746 4297 2886 4364 quod
2921 4313 3044 4351 cum
3097 4297 3279 4368 priore
3314 4301 3434 4354 viro

1855 4394 2205 4440 contraxerat
2236 4385 2470 4439 liberum
2493 4385 2682 4440 habuit
2705 4388 3135 4452 matrimonium,
3157 4390 3237 4444 vel
3264 4391 3429 4444 etiam

179 4486 448 4552 πρότερον
483 4483 838 4551 άνυποστάτῳ
883 4483 1046 4551 γάμῳ
1094 4486 1405 4554 συνῄνεσεν.
1465 4487 1749 4558 Ἠρωτήθη

1864 4475 1973 4543 ejus
2018 4475 2270 4528 dominus
2297 4489 2446 4543 prius
2496 4477 2662 4541 t'acto,
2723 4480 3002 4546 quodnon
3075 4479 3431 4546 consistebat,

179 4575 312 4641 γοῦν
335 4579 362 4627 ὁ
400 4578 555 4641 ἅγιος
585 4577 633 4626 εἰ
660 4575 959 4627 άκὸιαστόν
993 4577 1110 4626 ὲστι
1153 4576 1212 4626 τὸ
1256 4577 1476 4642 γεγονὸς
1509 4579 1752 4630 συνοικέ-

181 4684 316 4728 cm.“
351 4667 447 4718 καὶ
479 4661 633 4717 εἶπεν
659 4667 754 4729 ὼς,
789 4665 911 4716 ἐπεὶ
941 4667 996 4716 αἱ
1024 4667 1359 4729 συναινέσεις
1388 4668 1496 4718 τῶν
1527 4668 1754 4731 ὑπεξου-

181 4761 313 4810 σίων
358 4757 606 4810 ἀϐέϐαιοι
653 4758 748 4809 καὶ
796 4757 1159 4809 ἀνυπόστατοι
1194 4759 1323 4821 εισι,
1363 4757 1655 4811 κάντεῦθεν
1685 4761 1746 4811 οὐ

181 4850 413 4918 συνέστη
445 4850 624 4916 γάμος
655 4849 879 4916 ἔννομος
910 4852 966 4899 ὲν
999 4848 1074 4917 τῷ
1119 4850 1299 4918 καιρῷ
1328 4850 1426 4918 τῆς
1456 4849 1698 4912 δουλεξας
1737 4867 1750 4879 ο

180 4942 282 4992 κᾶν
313 4941 454 5010 μετᾶ
483 4939 658 4990 ταῦτα
693 4940 994 4999 συναίνεσις
1021 4939 1468 5010 παρηκολούθησε
1504 4939 1595 4993 τοῦ
1629 4941 1751 4993 δεσ-

179 5034 364 5095 πῗτου,
397 5031 429 5099 ἢ
465 5031 602 5099 αὑτὴ
635 5032 667 5096 ἡ
711 5030 869 5099 δούλη
910 5029 1334 5100 ἐλευθερωθεῖσι
1383 5032 1462 5100 τῷ
1496 5033 1750 5101 προτέρῳ

179 5124 342 5194 γάμῳ
403 5121 739 5189 ὲστοέχησεν,
773 5121 833 5172 οὐ
868 5120 1143 5187 λογίζεται
1173 5121 1232 5172 τὸ
1286 5123 1507 5188 γεγονὸς
1553 5122 1643 5172 καὶ
1692 5120 1752 5185 ἐξ

176 5214 350 5284 ἀρχῆς
380 5212 549 5277 αὐτῆς
570 5212 793 5278 ἔννομον
814 5210 903 5263 διὰ
934 5212 1034 5278 τὴν
1054 5211 1190 5279 μετὰ
1216 5212 1386 5262 ταῦτα
1417 5211 1745 5274 συναίνεσιν,

180 5306 318 5356 κατὰ
341 5303 434 5355 τὸν
451 5303 614 5372 νόμον
635 5300 967 5369 λέγοντα,Τὰ
983 5300 1051 5363 ἐξ
1069 5299 1263 5367 ἀρχῆς
1283 5298 1547 5362 ἀϐέϐαια,
1565 5299 1748 5351 ἐκτῶν

185 5397 320 5461 μετὰ
351 5393 524 5447 ταῦτα
549 5394 954 5461 συμόαινόντων
973 5392 1033 5444 οὑ
1060 5390 1424 5457 βεϐαιοῦνται.
1443 5391 1612 5442 Τοῦτο
1638 5389 1746 5453 γὰρ

181 5488 269 5536 ἐπὶ
302 5483 415 5536 τῶν
445 5485 834 5538 άνυποστάτων
867 5481 1050 5552 χώραν
1075 5482 1174 5533 οὐκ
1199 5485 1332 5550 ἔχει.
1358 5481 1455 5535 Διά
1479 5497 1558 5531 τοι
1594 5479 1748 5532 τοῦτο

179 5575 334 5645 χάριν
374 5575 476 5642 μὲν
531 5574 622 5626 τοῦ
673 5575 938 5643 προτέρου
987 5573 1158 5626 κακοῦ
1199 5574 1451 5642 ἐπιτίμια
1491 5572 1746 5640 πορνείας

183 5665 390 5727 τούτοις
415 5665 985 5734 ὲπιφορτισοήσονταγ
1021 5665 1053 5733 ἡ
1087 5664 1142 5715 δὲ
1173 5664 1312 5733 μετὰ
1334 5662 1506 5714 ταῦτα
1541 5661 1742 5730 συμὸι-

181 5771 304 5818 ωσις
329 5755 480 5809 ἔσται
510 5755 1037 5823 άνεπ;τίμητος.Καὶ
1060 5752 1231 5805 ταῦτα
1255 5753 1352 5822 μὲν
1384 5753 1510 5804 ὅταν
1536 5751 1741 5803 ἀνυπό-

1858 4568 2204 4622 matrimonio
2246 4568 2544 4620 consensit.
2589 4567 2956 4635 Interrogatus
3001 4582 3132 4636 ergo
3188 4580 3431 4632 sanctus,

1857 4675 1923 4713 an
1968 4658 2107 4727 quod
2141 4657 2282 4711 inter
2331 4672 2424 4712 eos
2449 4656 2651 4711 factum
2685 4669 2770 4713 est
2810 4659 3214 4713 matrimonium
3259 4660 3432 4715 casti-

1856 4753 1969 4822 gari
2004 4767 2106 4806 non
2144 4753 2361 4816 debeat,
2418 4751 2594 4814 dixit;
2627 4751 2768 4819 quod
2823 4753 3078 4819 quoniam
3114 4767 3299 4807 eorum
3336 4753 3431 4822 qui

1857 4850 1981 4896 sunt
2003 4843 2054 4894 in
2083 4851 2348 4911 potestate
2384 4856 2690 4896 consensus
2719 4843 2916 4896 infirmi
2949 4852 3150 4898 suntet
3173 4859 3277 4897 non
3301 4857 3426 4911 pos-

1855 4944 1980 4990 sunt
2003 4936 2322 5000 consistere,
2348 4934 2468 4988 ideo
2497 4949 2600 4988 non
2629 4936 2984 4988 constitutum
3016 4945 3097 4989 est
3123 4935 3425 5001 legitimum

1854 5023 2260 5080 matrimonium
2282 5033 2522 5092 tempore
2551 5025 2827 5078 servitutis
2859 5043 2871 5078 :
2905 5034 2958 5078 et
2989 5026 3034 5078 si
3066 5026 3267 5080 domini
3293 5039 3426 5080 con-

1853 5130 2045 5169 sensus
2074 5124 2256 5182 postea
2295 5127 2515 5169 secutus
2538 5115 2720 5181 fuerit,
2763 5115 2845 5170 vel
2886 5117 3073 5168 eadem
3103 5115 3293 5169 ancilla
3321 5132 3432 5170 ma-

1853 5209 2094 5263 numissa
2127 5210 2194 5263 ad
2240 5209 2391 5277 prius
2432 5209 2834 5263 matrimonium
2874 5223 2932 5262 se
2973 5211 3285 5274 contulerit,
3312 5224 3420 5263 non

1851 5301 2062 5354 videtur
2087 5301 2227 5368 quod
2259 5299 2457 5353 factum
2507 5311 2593 5354 est
2643 5301 2805 5353 etiam
2854 5301 2921 5354 ab
2964 5300 3082 5366 ipso
3130 5300 3423 5367 legitimum

1852 5401 2071 5462 propter
2117 5403 2434 5459 sequentem
2487 5405 2833 5455 consensum,
2905 5389 3200 5446 secundum
3247 5391 3424 5461 legem

1847 5498 1968 5552 qua:
2007 5482 2169 5535 dicit:
2202 5481 2334 5546 Qua:
2361 5481 2425 5534 ab
2476 5483 2631 5535 initio
2686 5492 2809 5535 sunt
2846 5482 3060 5552 inﬁrma
3090 5497 3152 5536 ex
3205 5482 3272 5536 iis
3304 5497 3425 5549 quae

1848 5579 2029 5640 postea
2061 5568 2318 5622 eveniunt
2344 5576 2453 5622 nan
2486 5568 2898 5624 conﬁrmantur.
2927 5568 3038 5623 lloc
3063 5569 3206 5628 enim
3239 5567 3421 5623 locum

1850 5677 1955 5717 non
1989 5661 2152 5715 habet
2187 5662 2239 5714 in
2295 5660 2363 5714 iis
2385 5675 2502 5728 qua:
2558 5674 2667 5714 non
2726 5660 3053 5715 consistunt.
3083 5660 3150 5714 Et
3179 5660 3296 5714 ideo
3323 5674 3424 5727 pro

1846 5752 2012 5820 priori
2039 5751 2258 5820 quidem
2284 5750 2425 5805 malo
2491 5750 2870 5806 fornicationis
2906 5763 3080 5820 pinnat
3114 5749 3191 5805 eis
3248 5751 3423 5816 impo-
