4006 6446
523 353 624 418 7ll

525 475 754 521 nentur:
794 467 1062 534 posterior
1109 475 1288 520 autem
1344 466 1626 522 convictus
1665 482 1820 536 pretia
1861 470 2086 523 carebit.
2120 477 2164 532 Α

527 557 589 608 Et
613 554 969 622 haecquidem
993 556 1207 623 quando
1255 555 1462 608 ancillae
1493 557 1920 623 matrimonium,
1945 560 2088 625 quod

523 649 824 700 consistere
861 661 962 698 nou
1017 657 1188 711 ntust,
1219 645 1382 700 fuerit
1407 647 1816 710 conﬁrmatum,
1860 652 1940 703 vel
1972 661 2090 718 post

523 741 636 806 ejus
667 739 993 802 libertatem,
1024 741 1103 793 vel
1137 748 1256 808 post
1312 741 1663 795 manifestum
1715 743 1916 796 domini
1965 760 2092 798 con-

524 844 768 892 sensum,
826 844 984 897 quem
1039 831 1203 883 etiam
1267 831 1427 893 tacita
1483 832 1707 886 libertas
1781 838 2092 889 necessario

523 921 898 988 consequitur.
931 920 1067 986 Quid
1113 922 1338 974 autem?
1386 923 1602 986 ancilla,
1643 939 1763 992 quae
1809 940 1934 979 vere
1979 943 2092 978 tua-

526 1010 776 1062 trimonio
806 1008 1093 1076 conjuncta
1124 1018 1210 1063 est
1230 1010 1452 1063 domino
1481 1012 1687 1064 sciente
1714 1023 1768 1066 et
1810 1030 1916 1068 non
1956 1031 2090 1069 con-

527 1097 848 1164 tradicente,
905 1107 964 1151 ut
1012 1097 1335 1150 fornicatrix
1393 1100 1767 1166 reputabitur,
1827 1117 1892 1155 eo
1951 1104 2090 1172 quod

527 1187 776 1241 dominus
820 1203 926 1241 non
958 1188 1312 1250 consenserit,
1364 1192 1588 1241 annon?
1648 1190 1760 1245 Sol.
1823 1206 1942 1261 cap.
1998 1193 2089 1256 ιγ,

528 1281 610 1332 tit.
647 1279 702 1344 4,
733 1279 827 1334 lib.
867 1296 1038 1332 xxvm
1077 1295 1190 1332 “me
1238 1279 1370 1331 dicit
1413 1295 1690 1347 expresse.
1736 1283 1789 1336 Si
1838 1285 1959 1352 quis
1989 1300 2092 1338 an-

523 1369 698 1422 cillam
728 1385 880 1424 suam
917 1382 1140 1438 nuptum
1190 1369 1412 1434 locavit,
1447 1371 1538 1437 qui
1597 1380 1774 1426 autem
1811 1372 1945 1427 liber
1986 1383 2086 1438 est,

521 1468 576 1515 et
604 1461 797 1514 locanti
832 1461 931 1514 lide
959 1463 1105 1524 data,
1159 1476 1278 1515 eam
1322 1464 1554 1529 accepit,
1615 1475 1669 1517 et
1712 1464 1850 1518 forte
1913 1464 2077 1518 etiam

522 1551 796 1607 dotalibus
831 1551 1091 1605 confectis
1125 1553 1525 1616 instrumentis,
1567 1554 1651 1608 vel
1699 1571 1806 1610 non
1829 1554 2091 1610 confectis

522 1641 760 1707 quidem,
796 1640 890 1693 sed
926 1639 1042 1707 ejus
1099 1652 1280 1695 tamen
1325 1643 1605 1698 voluntate
1645 1661 1757 1699 rem
1810 1647 2088 1700 tractavit.

519 1745 628 1783 non
653 1724 853 1797 justqu
881 1730 1040 1784 fuerit
1074 1732 1209 1786 tales
1233 1747 1338 1787 non
1366 1736 1691 1791 continuare
1731 1745 1967 1806 nuptias,
1996 1745 2090 1791 sed

519 1821 681 1873 etiam
719 1821 938 1874 tacitam
987 1821 1317 1885 libertatem,
1364 1823 1480 1875 sive
1530 1823 1668 1888 viro,
1718 1825 1831 1878 sive
1879 1825 2090 1878 mulieri
2127 1809 2167 1862 Β

519 1908 846 1966 convenire:
874 1918 927 1961 et
960 1923 1084 1960 cum
1118 1908 1223 1962 tale
1255 1909 1384 1977 quid
1427 1926 1456 1964 a
1498 1911 1718 1964 domino
1771 1913 1968 1965 factum
1995 1912 2089 1978 sit,

518 2014 641 2051 eum
695 2013 926 2066 eamque
973 1998 1318 2053 decernimus
1354 2000 1421 2054 ad
1485 2001 1866 2070 ingenuitatem
1900 2005 2087 2072 arripi,

521 2103 741 2156 remque
765 2099 1019 2156 tanquam
1088 2090 1140 2141 in
1202 2090 1384 2144 liberis
1434 2104 1487 2145 et
1546 2094 1793 2162 ingenuis
1835 2095 2088 2162 judicari.

521 2178 578 2230 Si
621 2189 800 2230 autem
824 2177 938 2245 ipse
974 2175 1190 2243 quidem
1220 2176 1534 2230 alterutrius
1556 2194 1802 2246 personae
1830 2182 2090 2235 dominus

521 2268 925 2322 matrimonium
960 2281 1064 2318 non
1128 2267 1495 2331 constituerit,
1562 2283 1681 2322 cum
1747 2285 1872 2324 vero
1927 2273 2091 2328 sciret

520 2362 665 2428 quod
701 2361 860 2414 ﬁebat
892 2360 959 2412 tle
986 2357 1252 2411 industria
1299 2358 1518 2422 celavit,
1573 2369 1629 2412 ut
1677 2361 1938 2417 adversus
1966 2379 2096 2417 con-

513 2451 827 2519 junctorum
919 2448 1231 2500 ilterutrum
1275 2449 1547 2516 negotium
1585 2459 1772 2517 postea
1816 2455 2091 2506 consarci-

520 2550 719 2602 naret,
778 2538 1040 2605 ejusmodi
1108 2537 1326 2604 quidem
1384 2539 1754 2602 maleﬁcium,
1821 2544 2088 2612 siquidem

523 2631 670 2685 clare
724 2635 1001 2681 ostensum
1047 2627 1230 2694 fuerit,
1267 2629 1546 2696 punitnus,
1595 2641 1649 2685 et
1704 2633 1783 2688 eis
1830 2636 1924 2702 qui
1983 2646 2090 2688 tam

523 2713 828 2787 improbum
864 2719 1152 2772 consilium
1186 2729 1469 2787 ceperunt,
1532 2722 1827 2776 dominium
1889 2725 2091 2780 auferi-

523 2824 660 2871 mus,
683 2819 739 2861 et
769 2809 869 2861 hoc
899 2810 972 2861 sit
997 2823 1185 2860 rursus
1214 2823 1431 2878 quoque
1491 2815 1911 2879 matrimonium,
1970 2832 2092 2883 pro-

525 2899 651 2953 inde
680 2913 744 2952 ac
782 2898 826 2951 si
852 2898 898 2953 is
946 2900 1306 2953 consensisset
1333 2902 1412 2954 -ab
1445 2901 1600 2956 initio
1625 2905 1713 2971 qui
1761 2908 2089 2972 possidebat.

519 2991 591 3042 At
642 2979 728 3044 ille
765 2991 978 3058 quidem
1003 3004 1033 3042 a
1064 2991 1307 3044 dominio
1351 2993 1608 3047 excidat:
1666 3011 1854 3051 rursus
1907 3010 2087 3052 autem

521 3095 712 3133 servus
737 3081 800 3132 ad
843 3081 1232 3150 ingenuitatem
1285 3084 1544 3149 rapiatur.
1596 3085 1729 3139 Cum
1786 3089 1886 3142 hoc
1917 3091 2091 3160 itaque

528 3170 731 3232 evenit,
765 3169 847 3222 vel
883 3170 925 3221 si
962 3170 1258 3232 consensit,
1290 3171 1372 3223 vel
1404 3172 1448 3224 si
1503 3173 1746 3241 improbe
1778 3177 1946 3242 gessit
1995 3180 2090 3230 do-

522 3258 722 3320 minus,
767 3255 971 3310 clarum
1005 3266 1104 3321 est,
1139 3256 1281 3325 quod
1323 3261 1412 3326 qui
1475 3273 1540 3312 ex
1600 3263 1683 3314 bis
1736 3265 2094 3317 matrima-uiis

525 3350 635 3400 nati
665 3359 810 3410 sunt,
843 3357 1000 3400 erunt
1029 3363 1094 3399 ex
1138 3348 1240 3399 hac
1284 3359 1468 3404 nostra
1502 3349 1617 3419 lege
1650 3351 1802 3405 liberi
1839 3365 1892 3406 et
1945 3359 2094 3423 inge-

521 3436 636 3488 nui.
698 3435 764 3488 Et
819 3437 1071 3502 quoniam
1126 3450 1192 3488 ex
1238 3435 1338 3490 hoc
1373 3446 1614 3506 apparet,
1677 3444 1742 3494 ad
1795 3443 2092 3498 libertatem

519 3527 686 3595 arripi
719 3529 992 3589 ancillam,
1025 3543 1143 3593 quae
1170 3544 1289 3580 cum
1320 3527 1524 3583 domini
1581 3534 1865 3586 tolerantia
1906 3542 2087 3604 nupsit

520 3617 707 3679 libero,
760 3620 849 3684 qui
879 3619 1153 3685 conjuncti
1189 3628 1316 3672 sunt
1351 3620 1494 3674 nulla
1537 3635 1690 3687 paena
1734 3623 1846 3693 99
1909 3629 2089 3681 aliecti

520 3711 1006 3762 conservabuntur.
1036 3708 1188 3774 Quod
1222 3711 1364 3762 enim
1406 3712 1471 3764 ad
1501 3723 1738 3767 veterem
1783 3718 1952 3785 legem
2011 3731 2092 3772 at-

522 3797 676 3860 tinet,
714 3813 830 3865 quae
864 3798 1263 3851 matrimonium
1301 3801 1414 3854 solo
1445 3817 1711 3858 consensu
1758 3806 1874 3861 ﬁeri
1905 3816 2092 3862 decer-

520 3888 621 3948 nit,
653 3885 916 3953 ejusmodi
957 3902 1169 3953 quoque
1198 3900 1479 3956 peractum
1543 3901 1625 3945 est
1685 3900 2088 3952 matrimonium

521 3989 618 4042 per
683 3977 902 4028 tacitum
955 3976 1156 4027 domini
1199 3991 1546 4031 consensum.
1613 3977 1678 4033 Si
1729 3985 1848 4049 quis
1911 3996 2091 4039 autem

517 4064 744 4126 dixerit,
772 4067 911 4132 quod
941 4081 1060 4118 cum
1094 4080 1196 4118 non
1234 4064 1372 4119 facta
1410 4069 1478 4120 sit
1508 4068 1830 4134 benedictio,
1884 4085 1940 4127 ut
1982 4075 2088 4129 ho-

528 4155 619 4208 die
674 4157 992 4209 observatur
1018 4196 1032 4219 ,
1068 4157 1102 4209 ii
1139 4169 1330 4225 pinnas
1389 4172 1496 4210 non
1542 4158 1795 4227 effugient
1826 4203 1841 4224 ,
1877 4169 2092 4220 etiamsi

516 4246 867 4302 matrimOnio
890 4245 1174 4313 conjuncti
1218 4248 1347 4311 sint,
1386 4247 1605 4303 domino
1638 4251 1854 4308 vidente
1898 4266 1952 4311 et
1989 4275 2095 4327 pa-

519 4346 706 4406 tieute,
764 4341 946 4393 audiet
977 4341 1141 4407 quod,
1182 4354 1441 4406 quantum
1473 4342 1666 4396 attinet
1709 4347 1773 4396 ad
1815 4359 2091 4413 puellarum

518 4435 802 4497 rationem,
833 4433 1002 4499 magis
1043 4429 1418 4484 consideratur
1449 4430 1688 4500 alTectio,
1715 4449 1876 4503 quam
1904 4437 2096 4493 Novel-

517 4542 690 4599 mum
723 4521 1172 4593 εοηειξμιιίοηυιη
1207 4537 1476 4578 summum
1503 4522 1615 4592 jus.

586 4648 837 4706 ZONAB.
881 4649 935 4702 Si
967 4644 1158 4702 ancilla
1180 4640 1415 4714 seipsam
1441 4639 1560 4695 Viro
1584 4644 1867 4699 tradiderit
1895 4658 2094 4716 praeter

520 4742 722 4797 domini
752 4741 1106 4796 voluntatem.
1135 4736 1451 4788 fornicatur.
1483 4732 1618 4790 Cum
1653 4735 1794 4789 enim
1827 4740 1927 4793 sub
1960 4741 2095 4794 alte-

523 4835 634 4886 rius
662 4834 731 4885 sit
754 4837 1037 4896 potestate,
1060 4834 1344 4888 conventa,
1371 4827 1420 4879 id
1445 4835 1546 4888 est,
1568 4828 1845 4893 pactiones
1868 4829 2090 4886 ineundi

523 4924 831 4977 facultatem
877 4934 980 4972 non
1017 4918 1198 4970 habet.
1242 4914 1474 4968 lnlirmm
1511 4916 1778 4983 siquidem
1816 4934 1878 4972 ac
1923 4921 2089 4976 irrita:

523 5024 669 5068 sunt.
705 5011 854 5077 Quod
906 5010 949 5062 si
998 5019 1202 5076 postea,
1234 5015 1513 5075 postquam
1559 5007 1767 5062 scilicet
1817 5007 2080 5064 fornicata

527 5105 648 5166 fuit,
697 5105 894 5155 donata
939 5099 1205 5159 libertate,
1247 5105 1336 5148 aut
1387 5095 1604 5149 domino
1655 5097 1821 5164 ipsius
1875 5101 2096 5167 permit-

528 5205 694 5257 tente,
727 5190 1071 5244 matrimonio
1106 5187 1296 5249 libero,
1339 5189 1438 5239 hoc
1461 5196 1565 5250 est,
1603 5186 1890 5241 manifesto
1920 5189 2090 5255 palam

529 5296 607 5338 est
641 5297 756 5346 usa,
785 5282 895 5349 jam
928 5281 1099 5332 instar
1138 5279 1392 5346 legitimae
1421 5279 1624 5343 uxoris,
1656 5293 1761 5332 non
1792 5277 2094 5334 loruicaria:

529 5375 798 5438 mulieris,
830 5371 1250 5426 existimabitur.

599 5465 828 5521 ARIST.
868 5463 1076 5517 Ancilla
1120 5476 1240 5528 qua:
1285 5475 1345 5514 se
1377 5461 1489 5512 viro
1523 5460 1703 5524 tradit,
1751 5460 2093 5513 fornicatur:

531 5557 877 5614 matrimonio
909 5570 1034 5607 vero
1069 5553 1332 5622 jungitur,
1368 5553 1411 5606 si
1441 5568 1561 5606 cum
1599 5554 1796 5607 domini
1827 5568 2094 5606 consensu

531 5652 584 5704 id
625 5651 766 5702 facit.
804 5647 933 5712 Qme
964 5648 1106 5698 etiim
1139 5647 1206 5695 ab
1240 5646 1302 5696 iis
1338 5645 1470 5696 tiunt
1497 5645 1587 5712 qui
1625 5645 1809 5697 alienae
1846 5645 2095 5713 potestati

536 5741 910 5800 sobiiciuutur.
950 5738 1178 5789 invalida
1214 5744 1358 5788 sant.

2123 3139 2163 3196 C

1774 362 2031 422 THEOD
2087 363 2488 429 BALSAMON

3672 380 3794 440 712

2196 490 2390 536 στατος
2405 482 2581 545 γάμος
2607 478 2700 544 τῆς
2724 479 2917 545 δούλης
2939 480 3208 549 στηριχθῇ
3237 481 3270 549 ἢ
3295 481 3437 549 μετά
3454 482 3793 551 ἐλευθερίαν

2193 564 2385 631 αὐτῆς,
2428 565 2460 633 ἢ
2493 567 2632 634 μετὰ
2661 567 2902 636 φανερὰν
2940 569 3253 620 συναίνεσιν
3289 570 3384 622 τοῦ
3422 571 3718 634 δεσπότου,

2190 656 2284 706 καὶ
2313 657 2597 726 ἐλευθεςία
2635 659 2890 726 σιωπηρά
2919 659 2976 722 ἐξ
3001 659 3247 728 ἀνάγκης
3288 663 3680 714 ἐπακολουθεῖ.
3721 665 3791 714 Τί

2190 746 2246 796 δέ
2272 764 2286 810 ;
2321 748 2354 814 ή
2384 749 2638 814 γαμικῶς
2666 750 3001 816 συναφθεῖσα
3025 751 3188 820 δούλη
3224 753 3364 820 μετά
3389 753 3662 819 ἀληθεῖας
3686 752 3790 804 τοῦ

2191 834 2454 887 δεσπότου
2484 838 2685 900 εἰδότος
2725 842 2818 892 καὶ
2855 840 2929 910 μὴ
2980 843 3380 908 ἀντιλέγοντος,
3437 843 3512 904 ὡς
3547 842 3794 910 πορνεύ-

2191 943 2326 979 ουσα
2359 928 2740 997 λογισθήσεται
2782 932 2873 983 διὰ
2912 932 2973 982 τὸ
3007 933 3083 1000 μὴ
3116 934 3437 986 συναινέσαι
3465 935 3558 986 τὸν
3585 936 3798 985 δεσπό-

2191 1037 2312 1088 την,
2337 1020 2369 1089 ἢ
2396 1023 2500 1090 μή;
2534 1022 2722 1085 Λύσις.
2754 1023 2825 1074 Τὸ
2857 1022 2942 1091 μζ¹
2966 1042 3114 1092 κεφ.,
3141 1026 3235 1077 τοῦ
3264 1027 3304 1078 δ’
3331 1027 3539 1088 τίτλου,
3573 1027 3673 1078 τοῦ
3699 1025 3794 1091 κη’

2194 1109 2422 1177 βιϐλίου,
2481 1113 2612 1180 φησὶ
2662 1113 2833 1166 ταῦτα
2883 1115 3064 1184 ῥητῶς
3097 1131 3112 1147 ο
3165 1117 3231 1167 El’
3269 1135 3354 1180 τις
3395 1119 3630 1182 ἐξέδωκε
3685 1119 3795 1186 τὴν

2192 1201 2385 1267 ἑαυτοῦ
2413 1201 2774 1271 θεράπαιναν,
2799 1207 2825 1256 ό
2850 1206 2904 1256 δὲ
2934 1205 3220 1275 ἐλεύθερος
3249 1207 3324 1259 ὢν
3349 1209 3447 1261 κοιλ⁴
3471 1210 3795 1271 πιστεύσεις

2190 1290 2269 1358 τῷ
2300 1292 2492 1346 διδόντι
2523 1295 2695 1364 αὐτὴν
2743 1296 2952 1357 ἐλαϐεν,
3001 1297 3130 1359 ἴσως
3169 1299 3264 1351 καὶ
3297 1302 3591 1369 προικῲων
3616 1318 3798 1369 γενε-

2196 1385 2374 1450 μένων
2403 1383 2783 1452 συμϐολαίων,
2825 1388 2856 1456 ἢ
2905 1390 3040 1456 μηδὲ
3083 1391 3393 1459 γενομένων
3442 1393 3562 1460 μὲν,
3593 1397 3703 1459 τῆς
3733 1393 3798 1444 δὲ

2192 1473 2386 1524 ἑαυτοῦ
2427 1473 2654 1544 γνώμης
2697 1476 2756 1527 τὸ
2805 1479 3038 1546 πρᾶγμα
3082 1479 3538 1548 διοικησαμένης,
3575 1484 3682 1532 οὐκ
3723 1485 3800 1534 ἂν

2192 1564 2274 1631 εἴη
2305 1563 2519 1618 δίκαιον
2551 1565 2642 1617 τὸν
2669 1567 2909 1620 τοιοῦτον
2939 1570 3016 1636 μὴ
3050 1570 3380 1624 συνεστάναι
3407 1575 3611 1639 γάμον,
3647 1573 3800 1625 ἀλλὰ

2194 1656 2485 1724 σιωπηρὰν
2526 1657 2848 1727 ἐλευθερίαν
2876 1660 3192 1712 ἀκολουθεῖν
3217 1664 3329 1714 εἴτε
3363 1662 3442 1728 τῷ
3473 1663 3632 1731 ἀνδρὶ
3675 1663 3799 1714 εἴτε

2192 1747 2256 1814 τῇ
2297 1749 2515 1813 γυναικί
2545 1764 2557 1777 ⁸
2597 1751 2691 1800 καὶ
2723 1751 2969 1802 τοιούτου
3011 1752 3157 1815 τινός
3193 1755 3345 1824 παρὰ
3377 1753 3474 1804 τοῦ
3512 1753 3798 1806 δεσπότου

2193 1837 2509 1905 γενομένου,
2543 1839 3258 1909 θεσπίζομενὰρπάζεσθαί
3287 1861 3347 1896 τε
3379 1845 3479 1896 καὶ
3524 1846 3617 1897 τὸν
3671 1861 3800 1898 τοι-

2191 1925 2347 1978 οῦτον
2379 1930 2471 1980 καὶ
2518 1929 2614 1998 τὴν
2656 1931 2915 1999 τοιαύτην
2961 1936 3040 1995 είς
3072 1934 3378 2001 εὐγένειαν,
3413 1935 3510 1988 καὶ
3543 1937 3602 1987 τὸ
3633 1939 3796 2004 ςτρὶ-

2191 2033 2310 2086 γμα
2356 2019 2432 2081 ὡς
2477 2021 2570 2072 ἐπὶ
2605 2021 2912 2092 ἐλευθέροις
2943 2042 3002 2076 τε
3037 2027 3130 2076 καὶ
3162 2027 3414 2093 εύγενέσι
3466 2028 3803 2096 κρίνεσθαι.

2191 2109 2256 2162 Et
2288 2110 2344 2163 δὲ
2375 2111 2539 2172 αὐτὸς
2575 2111 2674 2180 μὲν
2699 2113 2758 2164 ού
2798 2115 3165 2183 συναρμόσειε
3198 2117 3289 2168 τὸν
3325 2119 3506 2186 γάμον
3549 2122 3576 2171 ό
3617 2120 3801 2170 θατέ-

2193 2213 2290 2264 ρου
2317 2196 2425 2247 τῶν
2449 2196 2758 2265 προσώπων
2778 2199 3066 2267 δεσπότης,
3098 2204 3263 2273 εἰδείη
3291 2205 3348 2256 δὲ
3371 2208 3434 2256 τὸ
3458 2208 3801 2275 γενόμενον,

2191 2290 2287 2340 καὶ
2333 2290 2651 2358 ἐξεπίτηδες
2699 2293 3066 2362 ἀποκρύπτει,
3120 2297 3208 2348 ἵνα
3243 2296 3478 2364 ὔστερον
3541 2301 3804 2367 πρᾶγμα.

2196 2379 2382 2446 βάψειε
2413 2379 2518 2430 τῶν
2547 2382 2929 2449 συναφθέντων
2958 2384 3194 2453 θατέρῳ,
3245 2389 3656 2458 τιμωρούμεθα
3692 2392 3804 2460 τὴν

2192 2471 2468 2541 τοιαύτην,
2527 2473 2641 2541 εἴγε
2714 2474 2903 2542 σαφῶς
2968 2477 3343 2548 ἀποδειχθείη,
3411 2485 3800 2548 κακουργίαν,

2195 2567 2288 2616 καὶ
2315 2567 2700 2636 ἀφαιρούμεθα
2728 2571 2827 2636 τὴν
2866 2571 3188 2623 δεσποτείαν
3215 2575 3324 2625 τῶν
3348 2574 3494 2626 οὕτω
3528 2579 3803 2646 πονηρῶς

2199 2655 2663 2726 βεϐουλευμένων,
2702 2662 2796 2712 καὶ
2842 2663 2982 2715 ἔστω
3017 2664 3180 2717 πάλιν
3226 2669 3320 2718 καὶ
3369 2667 3533 2719 τοῦτο
3581 2671 3800 2737 γάμος,

2196 2743 2388 2814 ὥσπερ
2440 2748 2505 2798 ἂν
2559 2751 2605 2799 εἰ
2656 2753 3001 2818 συνῄνεσενό
3032 2756 3374 2822 κεκτημένος
3421 2759 3522 2826 τὴν
3577 2761 3796 2828 ἀρχὴν.

2196 2839 2304 2888 Καὶ¹
2335 2839 2362 2888 ό
2394 2839 2490 2906 μὲν
2518 2841 2836 2892 ἐκπιπτέτω
2882 2844 2984 2909 τῆς
3029 2846 3373 2910 δεσποτείας,
3416 2845 3579 2911 αὖθις
3608 2851 3668 2902 δὲ
3713 2853 3808 2914 εἰς

2195 2927 2476 2994 εὐγένειαν
2505 2930 2836 2998 ἀρπαζέσθω
2860 2933 2919 2983 τὸ
2942 2934 3129 2985 δοῦλον
3160 2938 3480 3004 πρόσωπον.
3521 2939 3800 3002 Τριούτου

2199 3019 2592 3088 συμϐαίνοντος
2616 3004 3083 3092 ἀποτελέσματος.
3114 3026 3144 3094 ἢ
3176 3027 3333 3096 εἴπερ
3359 3029 3804 3102 ἐκακούργησεν

2196 3110 2224 3161 ό
2266 3112 2629 3178 κεκτημένος,
2669 3115 2938 3183 πρόδηλον
2975 3114 3035 3167 ὃν
3070 3116 3145 3178 ὡς
3178 3119 3272 3169 καὶ
3307 3122 3354 3170 οῖ
3385 3123 3686 3191 τεχθέντες
3727 3127 3803 3177 ἐκ

2196 3202 2303 3252 τῶν
2332 3204 2596 3256 τοιούτων
2623 3205 2819 3274 γάμων
2847 3207 3126 3274 ἐλεύθεροί
3155 3225 3214 3260 τε
3240 3213 3334 3262 καὶ
3367 3213 3615 3278 εὐγενεῖς
3642 3219 3803 3269 κατὰ

2193 3289 2344 3341 τόνδε
2377 3292 2536 3359 ἡμῶν
2569 3294 2660 3344 τὸν
2692 3295 2857 3361 νόμον
2888 3297 3124 3349 ἔσονται.
3156 3299 3267 3351 Καὶ
3304 3301 3430 3352 ἐπεὶ
3477 3306 3543 3355 ἐκ
3587 3305 3802 3358 τούτου

2199 3382 2531 3448 παρίσταται
2587 3385 2667 3445 εἰς
2717 3386 3034 3455 ἐλευθερίαν
3086 3390 3444 3457 ἁρπάζεσθαι
3493 3397 3594 3464 τὴν
3649 3401 3806 3466 μετὰ

2197 3472 2396 3540 ἀνοχῆς
2431 3474 2526 3524 τοῦ
2563 3474 2828 3527 δεσπότου
2859 3479 2936 3543 τῷ
2960 3480 3235 3550 ἐλευθέρῳ
3279 3487 3635 3554 γαμηθεῖσαν
3669 3492 3806 3544 δού-

2198 3559 2317 3630 λην,
2368 3565 2832 3634 ἀνεπιτίμητοι.οί
2859 3569 3000 3622 οὕτω
3027 3575 3395 3639 συναφθέντες
3435 3585 3807 3652 συντηρηθη-

2197 3669 2400 3708 σονται.
2439 3658 2602 3708 Ὅσον
2633 3662 2742 3728 γὰρ
2775 3661 2913 3712 κατὰ
2945 3662 3036 3712 τὴν
3093 3665 3325 3718 παλαιὸν
3355 3669 3520 3737 νόμον
3552 3673 3646 3723 τὸν
3678 3674 3807 3726 διο-

2197 3743 2480 3810 ριζόμενον
2527 3749 2618 3797 τὸν
2649 3751 2825 3816 γάμον
2855 3751 3209 3805 συνίστασθαι
3253 3757 3561 3812 συναινέσει
3620 3763 3804 3832 μόνῃ,

2195 3837 2289 3886 καὶ
2333 3837 2393 3886 τὸ
2448 3838 2689 3891 τοιοῦτον
2723 3843 3053 3894 συνοικέσιον
3099 3846 3488 3914 πεπεράτωται
3545 3850 3635 3903 διὰ
3691 3857 3805 3923 τῆς

2197 3931 2482 3994 σιωπηρᾶς
2550 3931 2910 3994 συναινέσεως
2966 3935 3058 3985 τοῦ
3121 3936 3410 3992 δεσπότου.
3470 3940 3530 3994 Εἰ
3585 3942 3640 3995 δέ
3711 3963 3807 4007 τις

2196 4015 2326 4084 εῐπῃ
2374 4016 2447 4076 ὡς
2485 4011 2786 4087 ἱερδλογίας
2823 4022 2898 4089 μὴ
2933 4025 3233 4093 γενομένης
3265 4027 3410 4079 κατά
3437 4029 3498 4078 τὸ
3539 4030 3808 4099 σήμερον

2199 4107 2457 4175 κρατοῦν,
2509 4111 2557 4160 οῖ
2578 4110 2836 4164 ’τοιοῦτοι
2869 4113 2970 4163 οὐκ
3002 4115 3366 4180 ἐκφεύξονται
3407 4120 3474 4170 τά
3505 4120 3804 4188 ἐπιτίμια,

2198 4198 2301 4250 κᾶν
2329 4201 2586 4267 γαμικὼς
2622 4204 2979 4270 συνήφθησαν
3008 4205 3103 4257 τοῦ
3134 4207 3399 4260 δεσπότου
3424 4211 3669 4278 ὁρῶντος
3702 4219 3810 4266 καὶ

2199 4289 2532 4357 ἀνεχομένου
2568 4308 2580 4322 ·
2639 4292 2830 4344 ἀκούει
2871 4294 2953 4344 ὅτι
2985 4294 3065 4354 εἰς
3101 4296 3194 4346 τὸν
3243 4296 3403 4364 λόγον
3458 4303 3572 4350 τῶν
3615 4307 3811 4356 ἐπιτι-

2203 4381 2342 4446 μίων
2395 4382 2426 4446 ἡ
2494 4381 2734 4443 διάθεσις
2798 4384 3000 4450 μᾶλλον
3055 4388 3365 4453 σκοπεῖται,
3427 4394 3524 4441 καὶ
3579 4393 3707 4461 οὐχὶ
3769 4400 3809 4464 ἡ

2123 4469 2178 4529 D
2205 4469 2459 4537 ἀκρίϐεια
2489 4471 2596 4522 τῶν
2619 4470 2843 4541 Neapth
2867 4475 3274 4544 διαταγμάτων.

2272 4651 2512 4704 ΖΩΝΑΡ.
2583 4650 2707 4702 Ἐὰν
2749 4650 2905 4721 δούλη
2959 4651 3096 4721 ἐκδῷ
3140 4653 3341 4722 ἑαυτὴν
3393 4658 3573 4725 ἀνδρὶ.
3593 4658 3708 4709 ὑπὸ
3741 4661 3811 4711 τὸ

2199 4741 2410 4811 θέλημα
2443 4741 2538 4794 τοῦ
2561 4741 2824 4795 δεσπότου
2868 4743 3059 4811 αὐτῆς,
3093 4746 3371 4812 πορνεύει.
3421 4745 3547 4814 Ὑφ’
3600 4749 3807 4818 ἐτέρου

2195 4834 2303 4904 γὰρ
2354 4827 2490 4885 οὖσα
2551 4829 2802 4894 ἐξουσίαν
2847 4834 2907 4884 οὐ
2954 4831 3208 4883 δύνανται
3262 4833 3567 4903 συνθήκας,
3625 4838 3812 4907 ἧγουν

2196 4924 2514 4992 συμφωνίας
2547 4925 2742 4975 ποιεῖν.
2775 4921 3050 4974 Ἀϐέϐαιοι
3074 4923 3184 4990 γάρ
3207 4924 3313 4974 εἰσι
3355 4927 3453 4977 καὶ
3478 4928 3807 4999 ἁνίσχυροι,

2196 5015 2259 5065 Εἰ
2286 5014 2341 5066 δὲ
2371 5012 2510 5083 μετά
2541 5012 2735 5076 ταῦτα,
2770 5011 2908 5080 μετὰ
2945 5012 3006 5063 τὸ
3037 5011 3338 5081 πορνεῦσαι
3385 5015 3611 5087 δηλαδὴ,
3640 5019 3810 5071 tasu-

2196 5101 2582 5171 θερωθεῐσα,ἥ
2639 5104 3142 5170 παραχωρήσαντος
3193 5102 3286 5154 τοῦ
3327 5105 3536 5174 Κυρίου
3595 5109 3806 5174 αὐτῆς,

2197 5194 2755 5264 πεπαρῤησιασμένῳ,
2779 5191 2895 5243 ἀντὶ
2913 5192 3029 5256 τοῦ,
3057 5194 3278 5262 φανερῷ
3303 5197 3572 5262 χρήσεται
3607 5199 3806 5267 γάμῳ,

2195 5285 2269 5345 ὡς
2301 5282 2594 5352 γημαμένη
2625 5281 3005 5350 λογισθήσεται
3032 5283 3177 5347 τότε,
3207 5285 3302 5336 καὶ
3349 5287 3471 5354 οὐχὶ
3503 5288 3709 5352 πόρνη.

2266 5461 2492 5516 ΑΡΙΣΤ.
2537 5460 2766 5528 Ἐαυτὴν
2795 5461 2950 5532 ἀνδρὶ
2972 5460 3232 5514 ἐπιδοῦσα
3261 5461 3448 5530 δούλη,
3481 5463 3757 5531 πορνεύει
3787 5504 3804 5518 .

2206 5555 2534 5606 συνάπτεται
2569 5554 2645 5619 δὲ,
2682 5557 2729 5605 εί
2755 5555 2892 5620 μετὰ
2930 5553 3156 5624 γνώμης
3205 5554 3470 5608 δεσπότου
3495 5572 3509 5586 ·
3561 5557 3629 5607 τὰ
3689 5558 3808 5625 γὰρ

2202 5651 2310 5700 τῶν
2328 5647 2660 5709 ὑπεξουσίων
2694 5647 2948 5701 ἀϐέϐαια.
