4006 6458
211 292 316 362 ’ἱιθ

1177 283 1259 352 IN
1296 290 1536 355 EPIST.
1565 289 1627 351 S.
1679 288 1960 351 BASILII
1993 286 2431 350 CANONICAM
2468 279 2552 346 Ιῐ.

3367 282 3475 348 7-H

302 404 433 464 Ἐὰν
468 407 520 462 οι
541 406 852 473 timentium:
884 407 1072 470 παῖδες
1096 407 1245 479 παρά
1277 410 1504 477 γνώμην
1546 406 1656 460 τῶν
1701 422 1792 475 γο-

1967 404 2023 459 Si
2068 406 2222 476 pueri
2254 404 2354 460 sub
2386 413 2652 474 potestate
2695 410 2894 472 praeter
2931 409 3219 471 parentum
3247 410 3474 456 suorum

209 498 349 554 νέων
370 500 554 554 αὐτῶν
576 500 960 554 συναλλάττειν
979 499 1158 568 γάμον
1181 500 1243 552 οὐ
1277 498 1560 563 δύνανται,
1607 496 1790 565 πολλῷ

212 588 427 654 μᾶλλον
447 590 744 644 οίοίκέται.
761 588 860 642 Διὰ
878 587 1035 641 τοῦτο
1065 588 1198 657 γοῦν
1227 590 1319 643 καὶ
1343 590 1378 660 ἡ
1413 587 1622 660 δούληη
1652 589 1800 641 ἐκδι-

210 679 382 733 δοῦσα
407 680 606 751 ὲαυτὴν
633 679 786 748 ἀνδρὶ
815 679 966 749 παρὰ
985 679 1213 752 γνώμην
1237 679 1331 734 τοῦ
1357 679 1484 734 ίδίου
1512 680 1798 746 δεσπότου,

212 770 290 835 ὡς
306 772 483 842 πόρνη
507 770 964 841 ἐπιτιμηθήσεται
983 785 998 802 ·
1016 772 1066 824 εί
1091 771 1148 824 δὲ
1167 773 1308 841 μετὰ
1317 771 1489 825 ταῦτα
1505 770 1647 824 κατά
1663 769 1803 839 γνὼ-

214 877 328 930 μην
347 861 443 914 τοῦ
469 861 732 914 δεσπότου
765 860 1014 931 συναφθῇ
1047 862 1218 932 αὐτῷ,
1241 861 1486 932 νομίμως
1531 861 1799 931 ἐγήματο.

790 955 1033 1009 ΚΔΝΩΝ
1060 951 1198 1010 MA'.

224 1044 290 1099 Ἦ
322 1047 380 1098 ἐν
410 1048 477 1116 τῇ
524 1046 722 1117 χηρείᾳ
756 1046 1006 1113 ἐξουσίαν
1032 1046 1232 1117 ἔχουσα
1302 1044 1501 1114 ἑαυτῆς
1537 1047 1805 1098 συνοικεῖν

283 1134 644 1204 ἀνέγκλητος,
680 1135 732 1187 εί
758 1135 946 1207 μηδείς
968 1137 1118 1189 ἐστιν
1147 1136 1175 1187 6
1220 1134 1462 1189 διασπῶν
1509 1132 1572 1188 τὺ
1631 1151 1806 1188 συνοι-

285 1223 490 1287 κέσιον,
511 1225 606 1277 τοῦ
636 1221 690 1278 ’Δ
704 1226 964 1279 ποστόλου
1014 1225 1279 1287 είπόντος.
1351 1222 1497 1278 Ἐὰν
1521 1224 1801 1293 ἀποθάνῃ

279 1317 312 1369 ό
338 1313 499 1384 ἀνὴρ
523 1356 539 1381 ,
582 1317 904 1386 ἐλεύθερός
937 1317 1110 1370 ἐστιν
1152 1308 1200 1384 ᾧ
1233 1314 1396 1372 θέλει
1442 1315 1805 1390 γαμηθῆναι,

275 1406 473 1474 μόνον
495 1406 568 1460 ἐν
589 1407 786 1476 Κυρίω
802 1447 817 1462 .

278 1497 424 1568 Γυνή
466 1515 549 1561 τις
597 1498 922 1568 χηρεύσασα
972 1497 1164 1566 ἢθελεν
1223 1496 1398 1567 ἑτέρῳ
1448 1494 1810 1565 συζευχθῆναι

213 1588 392 1656 ἀνδρὶ,
425 1591 522 1640 καὶ
563 1589 625 1642 οὐ
687 1591 1082 1660 παρεχωρείτο,
1116 1589 1149 1657 ἢ
1188 1592 1280 1642 καὶ
1331 1585 1686 1656 συζευχθεῖσα
1715 1591 1814 1641 ἑπ-

212 1680 458 1745 ετιμᾶτο.
507 1681 795 1749 Ἦρωτήθη
821 1679 913 1731 οὖν
946 1679 1074 1747 περὶ
1108 1676 1266 1730 τοῦτο
1294 1679 1323 1728 6
1353 1677 1506 1743 ἅγιος
1551 1679 1646 1731 καὶ
1702 1681 1812 1732 ἀπ-

1899 501 2224 556 sententiam
2267 498 2670 554 matrimonium
2717 496 3046 552 contrahere
3080 509 3189 549 non
3222 500 3475 562 possunt,

1901 587 2070 641 multo
2105 587 2274 655 magis
2301 586 2466 641 servi.
2497 583 2788 653 Propterea
2825 584 3006 654 itaque
3035 590 3090 636 et
3122 576 3318 637 ancilia
3353 591 3481 648 quas

1903 689 2097 750 praeter
2150 679 2352 735 domini
2406 677 2488 732 sui
2537 676 2863 732 sententiam
2923 688 2986 728 se
3028 674 3149 728 viro
3195 670 3364 736 dedit,
3419 676 3480 723 ut

1904 771 2220 828 t‘ornicatrix
2267 782 2452 839 poenas
2490 767 2623 822 luet.
2660 765 2717 821 Si
2761 776 2943 820 autem
2990 772 3172 832 postea
3221 775 3344 816 cum
3376 759 3475 813 do-

1905 863 2036 918 mini
2069 861 2346 917 voluntate
2374 860 2422 914 ei
2455 856 2835 925 coniungatur,
2863 856 3100 927 legitime
3133 853 3334 922 nupsit.

2487 946 2718 1004 CANON
2759 945 2895 1001 XLI.

1905 1045 2039 1112 Quae
2073 1047 2126 1100 in
2163 1045 2425 1099 viduitate
2467 1042 2625 1096 habet
2653 1038 2740 1094 sui
2773 1040 3116 1107 potestatem,
3155 1043 3210 1090 et
3242 1035 3360 1087 viro
3393 1047 3486 1086 co-

1985 1137 2216 1199 habitat,
2243 1135 2308 1190 ab
2337 1135 2486 1189 omni
2517 1131 2864 1189 accusatione
2889 1139 2974 1184 est
3018 1129 3207 1193 libera,
3244 1126 3288 1184 si
3324 1141 3484 1182 nemo

1978 1237 2060 1283 est
2088 1230 2177 1297 qui
2209 1225 2516 1295 coniugium
2550 1221 2802 1288 divellat;
2836 1235 2958 1275 cum
2994 1219 3138 1273 dicat
3169 1218 3481 1287 Apostolus.

1983 1317 2042 1375 Si
2073 1328 2311 1374 martum
2340 1317 2406 1372 sit
2429 1317 2674 1380 maritus,
2695 1313 2856 1368 libera
2877 1321 2976 1376 est,
3010 1321 3064 1364 ut
3095 1313 3254 1364 nubat
3282 1311 3368 1364 cui
3404 1326 3487 1364 ve-

1983 1405 2066 1475 lit,
2095 1419 2302 1464 tantum
2335 1411 2388 1463 in
2415 1407 2642 1462 Domino
2670 1408 2711 1458 ί.

1986 1501 2183 1556 BALS.
2233 1500 2425 1556 Mulier
2465 1499 2708 1570 quaedam
2755 1499 2912 1552 vidua
2964 1497 3178 1551 volebat
3224 1493 3318 1548 alii
3369 1493 3489 1546 viro

1917 1595 2266 1649 matrimonio
2300 1593 2592 1661 conjungi:
2634 1602 2685 1645 et
2718 1607 2822 1646 non
2854 1591 2902 1646 ei
2944 1588 3375 1658 permittebatur.
3408 1585 3490 1638 vel

1916 1685 2081 1740 etiam
2134 1685 2421 1754 conjuncta
2468 1683 2812 1753 puniebatur.
2858 1680 3090 1736 Sanctus
3138 1689 3266 1747 ergo
3314 1679 3379 1731 de
3425 1691 3491 1731 eo

213 1772 452 1840 εφῄνατο
496 1771 574 1823 ὅτι
628 1769 874 1834 ἐξουσίαν
902 1768 1015 1838 ἔχει
1041 1770 1072 1836 ή
1101 1767 1244 1839 χήρα
1273 1768 1446 1838 ὲτέρῳ
1478 1769 1804 1839 συναφθῆναι

1920 1779 2281 1843 interrogatus
2319 1785 2423 1842 est,
2468 1784 2522 1829 et
2564 1775 2865 1842 respondit,
2914 1773 3058 1842 quod
3091 1780 3174 1826 est
3220 1773 3274 1824 in
3319 1769 3492 1822 viduas

211 1861 388 1930 ἀνδρὶ,
415 1862 512 1914 ἐὰν
529 1863 663 1923 τέως
679 1862 803 1914 αὑτε
813 1861 999 1926 ξουσία
1024 1861 1162 1915 ἐστί.
1181 1860 1354 1913 Τοῦτο
1375 1860 1431 1912 δὲ
1451 1861 1624 1932 κρατή
1634 1878 1715 1913 σει
1737 1864 1804 1924 είς

1918 1877 2184 1940 potestate
2224 1880 2284 1922 ut
2317 1868 2402 1921 alii
2441 1868 2557 1920 viro
2601 1866 2981 1935 coniungatur,
3031 1864 3076 1918 si
3123 1869 3378 1917 tunc.est
3407 1859 3489 1915 sui

214 1953 384 2020 μόνην
404 1952 559 2003 δευτε
569 1953 834 2021 ρογαμίαν
857 1965 872 1981 ο
890 1951 1248 2021 τριτογαμίαν
1278 1951 1387 2020 γὰρ
1416 1951 1443 2001 ό
1464 1952 1616 2018 ἀγιος
1632 1951 1692 2004 οὐ
1711 1969 1817 2004 πα-

213 2045 471 2112 ραχωρεῖ.
505 2044 664 2095 Ὥστε
684 2043 860 2106 καλῶς
883 2045 917 2113 ἡ
937 2044 1072 2112 γυνὴ
1088 2045 1124 2114 ἡ
1145 2044 1461 2118 χηρεύσασα
1479 2045 1544 2098 ἂν
1565 2041 1812 2114 δευτερο-

211 2135 457 2205 γαμήσῃ,
473 2137 566 2186 καὶ
581 2134 1106 2204 δευτερογαμήσασα
1122 2134 1221 2187 οὐκ
1237 2134 1714 2205 ἑπιτιμηθήσεται,
1731 2134 1811 2187 εί-

214 2227 432 2294 περοὺκ
447 2226 596 2280 ἔστιν
616 2228 908 2290 ὑπεξουσία
923 2245 937 2260 ο
957 2230 1050 2282 ὲάν
1072 2230 1178 2298 γάρ
1193 2228 1340 2282 ἐστιν
1356 2227 1668 2292 ὑπεξουσία,
1692 2228 1813 2280 ἐπεὶ

218 2318 390 2386 όεχων
404 2317 608 2387 ταύτην
621 2319 721 2370 {me
731 2319 948 2382 ξουσίαν
959 2319 1182 2373 δύναται
1192 2320 1315 2373 διασ
1323 2319 1494 2370 πᾶσαι
1507 2321 1596 2369 τὸν
1609 2319 1806 2386 γάμον,

214 2407 673 2476 ὲπιτιμηθήσεται
699 2411 792 2461 καὶ
822 2408 961 2479 αὕτη
986 2409 1060 2472 ὡς
1093 2408 1459 2478 πορνεύσασα.
1516 2407 1659 2479 Πλὴν
1714 2409 1810 2460 καὶ

213 2497 268 2548 al
306 2501 568 2564 γυναῖκες
599 2499 1099 2569 διυτερογαμοῦσαι
1135 2499 1211 2566 τῷ
1243 2499 1504 2568 ἐπιτιμίῳ
1550 2498 1656 2552 τῶν
1685 2499 1808 2551 δευ-

215 2588 670 2658 τερογαμούντων
695 2589 1034 2653 ὑπόκεινται,
1055 2589 1235 2653 καθὼς
1263 2591 1524 2652 πολλάκις
1547 2589 1802 2658 εἴπομεν.

228 2681 472 2737 Ἀκούων
502 2681 560 2733 δὲ
619 2680 712 2733 τοῦ
773 2682 930 2750 ἁγίου
982 2680 1231 2749 λέγοντος
1299 2682 1440 2751 ἔχειν
1480 2682 1566 2735 ἀπ’
1626 2681 1807 2744 ἀδείας

1911 1959 2067 2027 iuris.
2101 1958 2214 2012 Hoc
2241 1966 2422 2013 autem
2453 1957 2504 2010 in
2532 1956 2644 2011 sola
2674 1954 2907 2023 digamia
2934 1952 3242 2009 servabitur
3271 1969 3284 2005 :
3315 1962 3490 2017 neque

1916 2026 2061 2099 enim
2118 2056 2341 2098 sanctus
2389 2044 2690 2112 trigamiam
2754 2042 3038 2112 permittit.
3095 2039 3265 2096 Recte
3313 2041 3494 2107 itaque

1916 2135 2113 2187 mulier
2139 2133 2298 2188 vidua
2331 2133 2571 2187 secundo
2596 2131 2782 2199 nubet,
2806 2140 2862 2186 et
2885 2148 3008 2186 cum
3034 2131 3274 2187 secundo
3300 2142 3496 2196 nupse-

1919 2225 1985 2277 rit
2016 2240 2119 2279 non
2150 2225 2421 2295 punietur,
2458 2225 2501 2280 si
2529 2225 2750 2293 quidem
2785 2239 2891 2279 non
2932 2232 3017 2279 est
3045 2223 3148 2279 sub
3173 2229 3441 2292 potestate
3476 2241 3489 2275 :

1914 2324 2011 2372 sed
2042 2319 2088 2372 si
2111 2321 2180 2374 sit
2213 2321 2313 2374 sub
2337 2328 2602 2389 potestate
2631 2318 2872 2388 parentis
2897 2317 3214 2380 constituta,
3239 2315 3490 2380 quoniam

1913 2411 2004 2478 qui
2056 2425 2174 2465 eam
2224 2410 2386 2464 habet
2436 2412 2491 2464 in
2543 2416 2810 2480 potestate
2863 2416 3038 2478 potest
3087 2407 3492 2461 matrimonium

1911 2503 2230 2566 dissolvere,
2269 2502 2384 2572 ipsa
2420 2517 2657 2572 quoque,
2705 2512 2763 2555 ut
2798 2515 2918 2570 qua
2956 2501 3026 2553 sit
3075 2499 3363 2564 fornicata,
3397 2513 3494 2567 pu-

1910 2594 2114 2649 nietur.
2171 2593 2278 2648 Sed
2327 2604 2380 2646 et
2435 2594 2712 2659 mulieres,
2776 2608 2896 2660 qua:
2953 2590 3200 2645 secundo
3260 2589 3488 2654 nubunt,

1909 2683 2243 2752 digamorutn
2277 2683 2544 2753 supplicio
2569 2681 2952 2749 subiiciuntur,
2979 2691 3036 2734 ut
3066 2694 3206 2749 saepe
3231 2680 3486 2734 diximus.

216 2775 315 2844 τὴν
357 2775 537 2844 χήραν
568 2765 613 2840 ᾧ
666 2772 809 2825 θέλει
861 2772 1181 2843 γαμεῖσθαι,
1240 2771 1322 2842 μὴ
1348 2772 1508 2845 ετπῃς
1545 2773 1803 2826 δύνασθαι

1913 2775 2038 2830 Cum
2079 2784 2258 2828 autem
2295 2775 2452 2827 audis
2495 2783 2740 2828 sanctum
2775 2772 3045 2827 dicentem
3083 2786 3204 2825 esse
3246 2774 3296 2826 in
3335 2781 3488 2842 pote-

219 2867 391 2942 αὐτὴν
422 2864 664 2935 ἀσεϐεῖῆ
693 2866 862 2934 ἑτέρῳ
902 2866 1010 2917 τινὶ
1033 2863 1238 2934 ἀναξίῳ
1267 2864 1361 2917 τοῦ
1409 2865 1599 2932 γένους
1635 2864 1804 2934 αὐτῆς

1913 2875 2044 2922 state
2078 2868 2248 2920 vidua:
2279 2868 2482 2920 nubere
2513 2865 2602 2920 cui
2633 2866 2784 2927 velit.
2837 2879 2904 2919 ne
2937 2864 3142 2919 dixeris
3173 2879 3291 2918 eam
3329 2878 3489 2933 posse

221 2956 590 3010 συνάπτεσθαι
617 2972 630 2986 ⁸
657 2956 772 3009 ἀλλ’
795 2956 918 3008 είπὲ
945 2955 1185 3023 ὀφείλειν
1211 2955 1380 3023 αὐτὴν
1415 2977 1431 3005 >
1448 2956 1552 3007 ατὰ
1569 2955 1801 3019 κανόνας

1913 2960 2099 3028 impio,
2129 2959 2210 3010 vel
2249 2957 2408 3012 alicui
2442 2957 2531 3010 alii
2564 2970 2666 3012 suo
2698 2971 2895 3024 genere
2939 2957 3160 3026 indigno
3201 2956 3479 3026 coniungi.

219 3051 312 3099 καὶ
343 3045 543 3116 νόμους
567 3046 806 3115 δευτέρῳ
832 3047 989 3116 άνδρὶ
1027 3044 1344 3113 γαμεῖσθαι.
1380 3046 1521 3114 Φησὶ
1573 3046 1681 3116 γὰρ
1735 3047 1795 3099 τὸ

1913 3051 2013 3104 Sed
2059 3049 2148 3103 die
2196 3063 2316 3103 eam
2370 3047 2568 3104 debere
2608 3049 2904 3102 secundum
2951 3047 3099 3117 leges
3146 3058 3199 3101 et
3249 3062 3488 3103 canones

219 3143 412 3205 α’κεφ.
434 3137 528 3188 τοῦ
561 3133 603 3188 δ’
639 3135 819 3189 τίτλου
863 3137 956 3190 τοῦ
1005 3142 1092 3205 κη’
1123 3136 1326 3205 βιϐλίου
1348 3152 1360 3166 ·
1423 3136 1462 3188 Γ
1466 3135 1605 3204 ἀμος
1653 3137 1798 3188 ἔστιν

1913 3143 2153 3197 secundo
2180 3143 2294 3196 viro
2324 3139 2549 3195 nubere.
2580 3137 2716 3195 Dicit
2746 3141 2892 3193 enim
2927 3141 3160 3209 primum
3187 3154 3304 3208 cap.
3339 3139 3420 3194 tit.
3453 3139 3488 3194 4

220 3226 412 3296 ἀνδρὸς
445 3228 540 3278 καὶ
577 3225 835 3294 γυναικὸς
873 3226 1138 3293 συνάφεια
1163 3225 1255 3277 καὶ
1283 3225 1657 3294 συγκλήρωσις
1706 3223 1800 3277 τοῦ

224 3317 338 3387 βίου
386 3318 630 3380 παντδς,
685 3317 832 3370 θείου
878 3334 938 3369 τε
980 3319 1074 3368 καὶ
1109 3316 1455 3381 ἀνθρωπίνου
1525 3316 1799 3371 κοινωνία.

229 3408 340 3460 Καὶ
383 3408 412 3460 6
456 3405 539 3458 λα’
575 3407 755 3459 κανὼν
804 3406 904 3475 τῆς
955 3409 1013 3459 ὲν
1048 3407 1341 3474 Λαοδικείᾳ
1402 3405 1654 3469 συνόδου,
1713 3408 1804 3458 καὶ

222 3501 248 3552 6
270 3498 346 3569 οβ’
379 3498 560 3552 κανὼν
590 3499 688 3567 τῆς
740 3501 796 3550 ὲν
858 3498 936 3566 τῷ
978 3497 1234 3567 Τρούλλῳ
1291 3498 1507 3550 συνόδου
1536 3498 1800 3551 κωλύουσι

223 3591 344 3652 τοὺς
401 3590 714 3659 όρθοδόξους
768 3589 905 3657 μετὰ
962 3588 1254 3656 αίρετικῶν
1280 3587 1668 3652 συνάπτεσθαι,
1706 3589 1802 3640 καὶ

223 3679 279 3732 τὸ
306 3677 352 3749 β’
393 3678 533 3747 θέμα
564 3678 660 3731 τοῦ
686 3679 728 3742 ζ’
768 3695 894 3746 κειρ.
925 3679 1018 3730 τοῦ
1053 3677 1093 3729 ε’
1141 3677 1318 3731 τίτλου
1346 3678 1439 3731 τοῦ
1474 3685 1558 3747 κη’
1594 3677 1801 3746 βιϐλίου

223 3769 384 3836 φησίν
413 3784 427 3799 ο
455 3770 572 3821 Οὐκ
603 3769 843 3839 ἐρρωται
868 3771 895 3821 6
927 3769 1103 3838 γάμος
1129 3769 1229 3837 τῆς
1272 3768 1570 3839 θυγατέρος
1627 3769 1660 3839 ἢ
1712 3770 1804 3836 ἐγ-

224 3862 383 3930 τόνης
410 3859 503 3914 τοῦ
545 3859 914 3927 ἀξιωματικοῦ
976 3860 1111 3928 πρὸς
1140 3859 1499 3929 ἀπελεύθερον
1549 3859 1581 3929 ἦ
1621 3875 1804 3929 σκηνι-

224 3952 334 4013 κὸν,
365 3949 400 4020 ἢ
435 3948 694 4020 σκηνικοῦ
735 3950 848 4001 υἱὸν
893 3949 922 4019 ἢ
974 3947 1263 4018 σκηνικῆς.
1333 3948 1389 4000 '0
1441 3948 1498 4000 δὲ
1547 3949 1805 4018 κραταιὸς

223 4043 314 4096 καὶ
343 4042 499 4110 ἅγιος
527 4040 682 4110 ἡμῶν
715 4040 966 4110 βασιλεὺς
994 4039 1265 4110 διαφόρων
1298 4039 1610 4092 συνοικέσια
1645 4040 1803 4106 εὐγε-

222 4135 325 4186 νῶν
359 4131 732 4201 συναφθεισῶν
779 4131 1033 4200 ἀνδράσιν
1068 4131 1313 4197 εὐγενέσι
1379 4131 1658 4196 διέσπασε,
1711 4131 1804 4183 καὶ

220 4225 344 4285 τοὺς
399 4221 770 4289 συναφθέντας
808 4219 1060 4288 μεγάλως
1097 4219 1375 4272 ἐκόλασεν.
1431 4217 1557 4272 Οἷὸν
1599 4237 1651 4272 τι
1708 4236 1805 4270 πε-

221 4315 413 4383 ποίηκε
446 4313 539 4364 καὶ
572 4315 650 4373 είς
677 4312 767 4363 τὸν
813 4309 1088 4380 βασιλικὸν
1139 4309 1548 4378 γραμματικὸν,
1611 4310 1802 4379 κύριον

219 4405 489 4474 Θεόδωρον
506 4405 596 4455 τὸν
626 4402 960 4471 Μεσαρίτην,
988 4401 1082 4453 τοῦ
1110 4399 1376 4453 σεϐαστοῦ
1409 4401 1501 4452 τοῦ
1521 4399 1805 4470 Βρυεννίου

219 4499 315 4566 τὴν
352 4495 629 4564 θυγατέρα
667 4495 835 4564 χωρὶς
864 4494 1120 4563 εἰδήσεως
1154 4491 1437 4562 βασιλικῆς
1462 4495 1539 4554 είς
1569 4495 1801 4559 γυναῖκα
1832 4486 1875 4541 D

218 4588 470 4640 λαϐόντα.
503 4587 577 4640 Τὸ
617 4587 800 4655 μέντοι
825 4584 903 4654 τῷ
925 4585 1110 4636 κανόνι
1135 4584 1548 4654 προσκείμενον,
1583 4583 1678 4635 καὶ
1711 4582 1798 4635 λέ-

219 4696 335 4747 γον,
371 4679 531 4749 μόνον
561 4679 619 4730 ὲν
645 4676 855 4746 Κυρίῳ,
889 4675 1193 4746 προσετέθη
1242 4665 1334 4726 διὰ
1363 4677 1487 4736 τοὺς
1510 4675 1794 4736 ἀπίστους.

231 4771 318 4822 Ἐν
339 4771 528 4840 Κυρίῳ
552 4751 657 4839 γὰρ
685 4768 1035 4821 συναλλάττει
1061 4769 1238 4836 γάμον
1266 4770 1298 4835 ὴ
1323 4766 1459 4836 μετά
1490 4763 1794 4832 ὀρθοδόξου,

219 4862 278 4914 οὐ
311 4862 419 4931 μὴν
453 4862 590 4930 μετὰ
620 4859 900 4929 αἱρετικοῦ
937 4858 1294 4926 συναφθεῐσα.

288 4955 535 5008 ZDNAP.
565 4954 894 5025 Χηρεύσασα
934 4952 1072 5023 γυνὴ
1090 4944 1196 5004 ἷιαὶ
1232 4951 1308 5021 μὴ
1345 4950 1478 5005 οὖσα
1508 4947 1798 5015 ὑπεξουσία

219 5048 490 5119 γονεῦσιν,
509 5046 651 5098 ὥστε
681 5047 904 5117 χρῄζειν
933 5046 1034 5114 τῆς
1059 5045 1282 5096 ἐκείνων
1308 5045 1667 5105 συναινέσεως
1700 5043 1792 5095 ἐπὶ

218 5141 293 5210 τῷ
345 5141 531 5208 γάμῳ,
585 5137 916 5206 ἀνέγκλητός
951 5137 1068 5188 ἐστι
1113 5134 1362 5203 δεύτερον
1413 5133 1792 5197 συναλλάξατα

217 5236 414 5304 γάμον,
448 5233 496 5282 εἰ
523 5229 710 5300 μηδείς
759 5232 906 5280 ἐστιν
963 5230 992 5280 ό
1037 5229 1282 5280 διασπῶν
1315 5226 1375 5278 τὸ
1437 5228 1790 5292 συνοικέσιον,

219 5325 516 5388 τουτέστιν,
550 5325 598 5375 εί
645 5324 719 5392 μή
749 5322 891 5382 τινές
922 5321 1058 5373 εἰσιν
1095 5318 1420 5383 ὑπεξουσίαν
1442 5318 1611 5388 αὐτὴν
1645 5318 1796 5387 ἔχον-

221 5435 326 5481 τες,
361 5420 479 5485 ἦτοι
512 5414 715 5485 πατὴρ,
744 5415 776 5481 ἢ
809 5413 1057 5477 πάππος,
1081 5414 1129 5464 οἳ
1165 5415 1254 5464 καὶ
1277 5412 1511 5482 διασπᾷν
1542 5412 1794 5463 δύνανται

220 5510 315 5579 τὴν
347 5509 437 5560 διὰ
466 5507 560 5558 τοῦ
582 5508 760 5574 γάμου
797 5505 1112 5574 συνάφειαν,
1158 5504 1231 5572 μὴ
1267 5503 1679 5564 συναινέσαντες
1709 5502 1795 5554 ἐπ’

288 5698 301 5730 ⁵
334 5700 351 5751 Ι
377 5696 500 5752 Cor.
522 5711 616 5750 vtt.
649 5696 738 5752 39.

537 5793 805 5851 Ρηιιοι..
847 5789 962 5848 Gtt.
1002 5786 1382 5849 CXXXVIII.

1906 3233 2002 3288 lib.
2041 3245 2215 3288 xvvm
2250 3230 2694 3287 :Matrimonium
2734 3237 2818 3284 est
2848 3230 2946 3284 viri
2982 3239 3036 3284 et
3079 3229 3319 3284 mulieris
3355 3244 3485 3284 con—

1899 3321 2148 3390 iunctio,
2200 3327 2254 3376 et
2297 3323 2462 3376 totius
2513 3321 2636 3376 vita
2676 3321 3027 3384 consuetudo,
3078 3320 3381 3374 divinarum
3433 3331 3485 3375 et

1908 3415 2263 3467 humanarum
2327 3425 2506 3465 rerum
2559 3409 2813 3464 societas.
2865 3407 2933 3461 Et
2988 3424 3108 3479 syn.
3168 3407 3485 3464 Laodicenae

1907 3518 2079 3557 canon
2117 3503 2207 3569 3i,
2241 3511 2294 3557 et
2330 3517 2454 3556 can.
2487 3499 2558 3554 72
2590 3516 2709 3570 syn.
2745 3501 2796 3554 in
2833 3499 3042 3563 Trullo,
3075 3500 3365 3568 prohibent
3397 3515 3487 3554 or-

1906 3594 2167 3648 thodoxos
2181 3608 2302 3648 cum
2331 3593 2601 3648 haereticis
2628 3591 2875 3662 coniungi
2897 3631 2912 3656 ,
2944 3601 2997 3644 et
3025 3591 3205 3646 thema
3225 3591 3280 3658 2,
3305 3607 3426 3662 cap.
3453 3591 3485 3643 7

1907 3685 1989 3739 tit.
2018 3684 2190 3750 5,lib.
2229 3698 2403 3740 xxvm
2439 3684 2569 3739 dicit
2607 3701 2622 3737 :
2664 3683 2779 3739 Non
2811 3695 2892 3738 est
2923 3685 3156 3738 validum
3207 3685 3488 3738 matrimo-

1908 3774 2056 3827 nium
2092 3774 2215 3828 lilia:
2248 3774 2330 3828 vel
2371 3773 2547 3842 neptis
2588 3774 2686 3826 viri
2734 3773 2993 3828 senatorii
3021 3787 3144 3826 cum
3177 3771 3373 3825 liberto
3400 3769 3483 3825 vel

1906 3867 2141 3932 scenico,
2177 3866 2254 3920 vel
2285 3866 2486 3921 scenici
2520 3876 2611 3918 aut
2635 3865 2864 3919 scenica;
2901 3863 3030 3918 lilio.
3065 3861 3263 3919 Patens
3299 3873 3480 3918 autem

1907 3967 1961 4012 ct
1987 3967 2212 4012 sanctus
2248 3969 2431 4012 noster
2469 3959 2785 4026 imperator,
2816 3973 2938 4011 cum
2980 3957 3238 4012 nobilium
3276 3957 3482 4026 aliquot

1909 4050 2220 4114 mulierum,
2265 4065 2387 4104 cum
2428 4049 2557 4104 viris
2607 4049 2930 4118 ignobilibus
2978 4056 3254 4104 contracta
3303 4059 3485 4103 essent

1909 4143 2276 4206 matrimonia,
2309 4157 2371 4196 ea
2418 4143 2710 4210 separavit,
2752 4151 2804 4194 et
2844 4141 3166 4210 coniunctos
3201 4141 3351 4196 valde
3382 4156 3480 4210 pu—

1909 4234 2030 4287 niit.
2065 4232 2528 4297 Quemadmodum
2556 4232 2719 4285 etiam
2752 4231 2881 4286 fecit
2911 4241 2965 4284 et
2993 4232 3043 4283 in
3075 4231 3278 4301 regium
3304 4246 3484 4300 gram-

1912 4325 2166 4377 maticum
2199 4323 2479 4377 dominum
2521 4322 2865 4376 Theodorum
2905 4321 3209 4376 Mesaritem
3243 4322 3334 4391 qui
3377 4323 3482 4374 Au-

1911 4416 2049 4486 gnsti
2099 4414 2338 4470 Briennii
2394 4415 2558 4485 1.00
2611 4414 2818 4478 ﬁliam,
2875 4415 3078 4482 absque
3138 4414 3479 4484 imperatoris

1904 4506 2128 4561 scientia
2164 4506 2218 4560 in
2252 4519 2476 4560 uxorem
2507 4514 2808 4573 acceperat.
2839 4502 2991 4571 Quod
3022 4511 3198 4557 autem
3231 4504 3483 4574 adiicitur

1904 4599 2120 4660 canoni,
2163 4609 2216 4650 et
2255 4598 2407 4662 dicit,
2450 4593 2635 4650 Solum
2683 4595 2735 4648 in
2786 4595 3032 4658 Domino,
3080 4596 3346 4663 adiectum
3397 4606 3481 4649 est

1905 4697 2127 4758 propter
2174 4688 2442 4743 inﬁdeles.
2481 4688 2541 4742 In
2603 4687 2832 4742 Domino
2878 4687 3022 4741 enim
3071 4687 3477 4741 matrimonium

1903 4778 2198 4844 contrahit,
2228 4793 2349 4846 qua
2393 4793 2514 4831 cum
2559 4776 2882 4839 orthodoxe,
2916 4789 3023 4828 non
3056 4789 3178 4829 cum
3225 4777 3480 4830 heretico

1908 4869 2314 4923 matrimonium
2343 4868 2637 4923 contrahit.

1976 4957 2230 5013 ZONAR.
2286 4958 2477 5012 Mulier
2523 4972 2644 5027 qua:
2683 4957 2845 5011 vidua
2893 4967 3000 5022 est,
3039 4967 3138 5010 nec
3191 4965 3475 5025 parentum

1905 5050 2155 5118 potestati
2185 5049 2451 5117 subjecta,
2487 5059 2545 5102 nt
2589 5048 2804 5102 illorum
2853 5062 3119 5102 consensu
3164 5047 3228 5100 ad
3264 5049 3478 5114 nuptias

1904 5141 2303 5195 contrahendas
2343 5139 2600 5207 indigeat,
2649 5140 2852 5205 absque
2896 5139 3002 5191 ulla
3045 5153 3178 5191 noxa
3223 5137 3477 5190 secundis

1905 5229 2107 5298 nuptiis
2138 5228 2327 5298 illigari
2380 5239 2576 5298 potest,
2629 5228 2673 5281 si
2713 5242 2871 5282 nemo
2915 5228 2985 5281 sit
3031 5227 3119 5293 qui
3168 5227 3474 5294 coniugium

1904 5321 2184 5385 dissolvat,
2222 5322 2322 5374 hoc
2351 5328 2455 5386 est,
2492 5319 2537 5372 si
2585 5319 2714 5373 nulli
2749 5319 2876 5384 sint,
2913 5320 3003 5388 qui
3053 5319 3198 5371 illaut
3243 5333 3354 5370 sutc
3382 5319 3478 5370 ob-

1906 5413 2122 5466 noxiam
2155 5413 2407 5480 potestati
2438 5413 2688 5475 liabeant,
2719 5421 2871 5478 pater
2898 5411 3175 5474 nimirum,
3201 5419 3293 5462 aut
3320 5421 3470 5471 avus,

1905 5505 2099 5575 quibus
2124 5503 2284 5558 etiam
2306 5502 2563 5557 dirimere
2591 5503 2921 5556 matrimonii
2950 5502 3262 5556 societatem
3289 5503 3470 5552 datum

3071 5779 3150 5840 23
