4006 6446
539 263 646 326 'II5

1763 262 2041 322 TIIEOD.
2081 260 2488 329 BALSAMON

3663 285 3772 347 716

533 387 636 438 est,
667 372 772 429 nisi
818 374 870 426 in
904 372 1033 426 illud
1079 371 1475 427 consenserint.
1511 367 1742 438 SllIleCIl
1785 370 1979 423 deinde
2024 368 2093 418 vit

2212 373 2375 463 αὐτῷ.
2416 379 2775 451 Ἐπιφὲρειδέ
2812 387 2835 437 ὁ
2874 386 3027 454 ἅγιος
3060 395 3370 463 μαρτυρίαν
3407 394 3464 456 ἐξ
3503 397 3794 454 ἀπεκυλι-

530 477 754 522 sanctus
809 465 1301 533 depromptum—ex
1357 461 1668 531 apostolicis
1713 461 1890 515 verbis
1950 462 2101 514 testi-

529 559 790 612 mOniuu:.
819 579 821 582 ‘

601 647 827 702 ABIST.
872 648 1114 703 Crimine
1150 655 1302 703 vacat
1338 648 1495 702 vidua
1531 662 1651 717 qua
1685 648 1858 700 virum
1887 645 2098 712 accipit.

599 739 771 792 Vidua
822 754 932 793 sua:
963 749 1047 792 est
1089 739 1369 807 potestatis
1400 779 1414 805 ,
1461 747 1675 792 mortuo
1724 738 1889 806 ipsius
1939 738 2098 800 viro;

526 843 810 901 pt-Opterea
849 831 893 885 si
932 833 1050 884 viro
1083 833 1345 900 nupserit,
1379 831 1712 884 accusationi
1755 846 1859 884 non
1895 841 1975 883 est
2007 831 2102 878 nh-

527 923 704 984 uoxia,
741 921 898 974 modo
933 920 987 973 in
1024 919 1267 984 Domino,
1301 920 1454 988 juxta
1483 919 1814 988 Apostolum.

1098 1010 1327 1066 CANON
1376 1011 1530 1065 XLII.

525 1102 653 1167 Quia:
680 1102 796 1157 sine
821 1102 906 1164 iis,
941 1103 1030 1170 qui
1067 1103 1265 1156 habent
1299 1112 1646 1172 potestatem,
1673 1101 1804 1157 fiunt
1827 1107 2102 1158 matrimo-

597 1197 708 1260 nia,
746 1205 866 1250 sunt
912 1194 1327 1249 fornicationes.
1376 1193 1600 1248 Vivente
1633 1209 1764 1265 ergo
1795 1206 1980 1262 patre,
2020 1197 2101 1249 vel

593 1289 833 1349 domino,
882 1288 924 1340 ii
957 1289 1046 1355 qui
1090 1288 1423 1342 conveniunt
1454 1301 1559 1340 non
1607 1296 1734 1339 sunt
1783 1289 1849 1339 ah
1879 1302 2100 1341 accusa-

594 1383 741 1433 tione
792 1379 970 1442 liberi,
1010 1379 1181 1432 dOnec
1224 1379 1475 1447 coniugio
1509 1379 1714 1431 domini
1762 1390 2052 1432 anuuermt
2085 1397 2097 1429 :

591 1475 881 1528 tuncenim
923 1471 1123 1538 accipit
1162 1470 1475 1545 firmitatem
1511 1470 1845 1538 conjugium.

591 1565 784 1620 BALS.
829 1565 927 1619 IIic
956 1579 1129 1619 canon
1158 1563 1320 1618 veluti
1353 1577 1559 1616 summa
1586 1565 1829 1631 quaedam
1862 1572 1938 1616 est
1967 1564 2100 1615 duo-

523 1673 639 1712 rum
668 1658 910 1727 proxime
949 1657 1370 1722 praecedentium
1412 1668 1700 1708 canonum.
1753 1653 1888 1708 Dicit
1929 1653 2099 1718 enim,

522 1749 660 1818 quod
694 1749 736 1803 si
769 1747 874 1801 lilia
908 1746 1141 1803 familias
1165 1747 1250 1799 vel
1290 1745 1486 1800 ancilla
1534 1745 1944 1798 matrimonium
1973 1760 2094 1797 cum

522 1840 700 1907 aliquo
722 1849 1129 1902 contraxerunt,
1159 1839 1277 1893 sine
1306 1839 1586 1892 voluntate
1611 1851 1804 1891 eorum
1837 1837 1927 1905 qui
1957 1837 2100 1906 ipsas

521 1929 719 1983 habent
767 1928 818 1980 in
871 1937 1159 1995 potestate,
1215 1929 1315 1981 hoc
1374 1927 1728 1986 existimatur
1783 1925 2096 1989 fornicatio,

521 2035 703 2095 utpote
734 2023 876 2094 quod
919 2038 1029 2077 non
1079 2023 1246 2091 possit
1295 2020 1625 2076 consistere.
1659 2019 1839 2085 Quare
1880 2029 1936 2074 et
1983 2029 2100 2072 tan-

521 2132 678 2184 quam
716 2115 1073 2168 fornicatores
1104 2115 1416 2183 punientur,
1447 2123 1498 2166 et
1524 2113 1950 2177 matrimonium,
1980 2120 2098 2170 tan-

520 2221 676 2275 quam
730 2206 872 2272 quod
935 2218 1042 2258 non
1093 2205 1267 2273 possit
1310 2205 1634 2268 consistere,
1682 2201 1946 2256 solvetur.
2001 2199 2096 2253 Sin

519 2307 696 2351 autem
729 2295 791 2362 ii,
822 2295 913 2365 qni
956 2298 1008 2347 in
1031 2310 1130 2349 eos
1167 2295 1369 2350 habent
1400 2303 1748 2364 potestatem,
1783 2295 2097 2356 annuerint,

519 2396 620 2444 hoc
642 2400 744 2452 est,
775 2388 1098 2442 admiserint
1122 2399 1176 2442 et
1213 2387 1479 2441 voluerint
1508 2386 1935 2451 matrimonium,
1969 2396 2097 2440 tunc

519 2484 732 2536 firmum
770 2481 1134 2549 reputabitur.
1167 2479 1296 2546 Qum
1322 2489 1502 2533 autem
1537 2479 1604 2533 de
1634 2493 1823 2533 eorum
1851 2480 1948 2548 qui
1973 2490 2100 2532 sunt

519 2575 571 2627 in
598 2581 865 2642 potestate
895 2583 949 2626 et
995 2572 1342 2626 dominorum
1380 2584 1651 2625 c0nsensu
1687 2569 1966 2624 dicuntur.
2010 2569 2061 2619 in

517 2676 818 2734 terpretare
871 2666 1167 2718 secundum
1223 2678 1460 2716 canones
1515 2662 1764 2729 proxime
1823 2664 2092 2726 interpre-

518 2765 676 2811 latos.

597 2849 853 2907 ZONAR.
899 2847 998 2902 llic
1045 2862 1221 2902 canon
1256 2845 1418 2901 veluti
1465 2858 1678 2899 summa
1719 2844 1962 2910 quaedam
2013 2852 2096 2895 est

516 2949 740 3001 duorum
772 2940 1018 3010 proxime
1048 2936 1467 3007 praecedentium
1498 2949 1789 2988 canonum.
1819 2932 1904 2985 Ait
1938 2946 2093 2984 nam-

2206 462 2316 514 κῶν
2343 468 2410 534 ρη
2421 487 2446 528 τε
2461 471 2624 525 άτων,

2279 646 2502 699 ΑΡΙΣΤ.
2552 649 2966 727 Ἀνέγκλητοςὴ
3006 663 3150 732 χήρα
3186 663 3566 735 λαμϐάνουσα.

2274 736 2604 800 Λὺτεξουσὶα
2636 744 2832 815 ἐστὶνὴ
2873 751 3036 818 χήρα,
3070 755 3440 816 τελευτῶντος
3475 761 3573 813 τοῦ
3611 764 3802 834 ἀδεῶς

2203 829 2372 897 αὐτῆς
2400 835 2730 902 ’διὰ-τοῦτο,
2766 843 2813 892 εἰ
2863 843 3000 914 λάεῃ
3042 847 3231 916 ἄνδρα,
3277 852 3617 920 ἀνέγκληός
3660 829 3800 922 ἐστι,

2205 923 2363 988 μόνον
2395 924 2451 973 ἐν
2484 927 2688 996 Κυρίῳ,
2717 932 2856 985 κατὰ
2888 936 2978 985 τὸν
3022 938 3365 992 Ἀπόστολον.

2791 1025 2877 1076 ΚΛ
2892 1026 3030 1079 ΝΩΝ
3065 1029 3198 1081 MB’.

2203 1104 2265 1154 (ὶί
2311 1104 2440 1157 ἄνευ
2505 1109 2615 1161 τῶν
2678 1115 3025 1179 κρατούντων
3091 1123 3257 1190 γάμοι
3318 1129 3572 1195 πορνεῖαί
3643 1134 3801 1185 εἰσιν.

2276 1195 2413 1248 Οὖτε
2441 1195 2534 1250 οὖν
2567 1204 2801 1270 πατέρος
2829 1204 3031 1271 ζῶντος
3061 1211 3185 1263 οὔτε
3217 1214 3480 1268 δεσπότου
3505 1221 3554 1269 οἱ
3600 1229 3802 1276 συνιέν-

2274 1304 2364 1348 τες
2401 1292 2686 1344 ἀνεύθυνοί
2710 1297 2870 1359 είσιν,
2895 1301 2998 1361 ἓως
3027 1302 3094 1354 ἂν
3124 1306 3488 1361 ἐπινεύσωσιν
3537 1313 3588 1361 οί
3622 1316 3719 1368 xtl:
3739 1334 3805 1369 Mt

2273 1380 2372 1449 τὴν
2405 1385 2738 1453 συνοίκησιν.
2773 1389 2904 1443 Τότε
2932 1395 3042 1461 γὰρ
3084 1395 3349 1463 λαμϐάνει
3383 1401 3443 1452 τὸ
3484 1404 3582 1456 τοῦ
3617 1408 3805 1474 γάρου

2278 1471 2516 1539 βέϐαιον.

2275 1563 2472 1616 ΒΑΛΣ.
2523 1569 2581 1620 Ὀ
2600 1569 2780 1621 κανὼν
2810 1568 2966 1637 οὗτος
2991 1577 3464 1652 ἁνακεφαλαίωσὶς
3516 1592 3638 1643 ἐστι
3690 1592 3806 1643 τῶν

2207 1658 2488 1727 προσεχῶν
2512 1664 2772 1717 κανόνων.
2797 1666 2935 1734 Φησὶ
2959 1672 3065 1741 γὰρ
3099 1673 3174 1737 ὡς
3195 1715 3208 1740 ,
3233 1677 3330 1730 ἐὰν
3366 1682 3671 1748 ὑπεξουσία
3710 1685 3795 1735 ου-

2202 1749 2379 1819 γάτηρ
2403 1751 2435 1820 ἢ
2461 1751 2624 1820 δούλη
2671 1756 2848 1825 γάμον
2899 1766 3034 1829 πρός
3068 1782 3186 1818 τινα
3225 1772 3635 1838 συναλλάξωσιν
3669 1776 3804 1828 ἄνευ

2202 1840 2425 1910 γνώμης
2455 1843 2560 1896 τῶν
2584 1847 2952 1914 κρατούντων,
2996 1856 3168 1923 ἤγουν
3199 1861 3310 1912 τῶν
3365 1864 3804 1930 ὑπεξουσιαζόν·

2201 1949 2308 1984 των
2343 1934 2542 1998 αὐτῶν,
2576 1939 2800 2004 πορνεία
2845 1941 3120 2008 λογίζεται
3151 1949 3212 2001 τὸ
3254 1954 3513 2018 τοιοῦτον,
3569 1957 3647 2020 ὡς
3700 1960 3801 2012 ἁν-

2203 2026 2518 2089 υποστάτως
2558 2031 2860 2100 γινόμενον.
2901 2039 2990 2088 Διὸ
3025 2041 3118 2091 καὶ
3158 2043 3232 2104 ὡς
3271 2048 3630 2114 πορνεύοντες
3665 2052 3801 2103 ἐπι-

2199 2117 2616 2211 τιμηθίγσονται,
2643 2123 2734 2175 καὶ
2762 2127 2790 2176 ὁ
2811 2127 2986 2195 γάμος
3031 2131 3106 2193 ὼς
3155 2134 3530 2199 ἁνυπόστατο;
3560 2139 3800 2211 λυθήσεο

2198 2224 2310 2261 ται.
2378 2209 2440 2263 Ei
2495 2212 2552 2266 δὲ
2607 2214 2988 2272 ἔπινεύσουσιν
3051 2225 3100 2275 oi
3153 2225 3250 2295 τὴν
3304 2227 3553 2292 ἐξουσίαν
3609 2209 3800 2288 αὐτῶν

2199 2297 2438 2368 ἔχοντες,
2483 2304 2606 2356 ἀντὶ
2662 2306 2776 2374 τοῦ,
2833 2309 2884 2360 εἰ
2933 2311 3176 2375 δέξονται
3220 2318 3315 2368 καὶ
3367 2318 3657 2390 Θελήσουσι
3699 2325 3799 2376 τὸν

2200 2393 2411 2459 γάμον,
2465 2395 2584 2447 τότε
2639 2396 2913 2464 λογίζεται
2964 2403 3200 2472 βέϐαιος.
3259 2409 3340 2461 Τὰ
3387 2411 3444 2462 δὲ
3509 2413 3640 2484 περὶ
3693 2417 3796 2482 τῆς

2203 2486 2568 2549 συναινέσεως
2627 2488 2737 2540 τῶν
2796 2493 3135 2557 ὑπεξουσίων
3195 2501 3287 2551 καὶ
3339 2503 3451 2554 τῶν
3509 2505 3795 2560 δεσποτῶν

2199 2575 2536 2643 ἑρμήνευσον
2601 2579 2742 2630 κατὰ
2807 2586 2932 2645 τοὺς
2999 2589 3279 2656 προσεχῶς
3343 2593 3794 2663 ἑρμηνευοέντας

2200 2683 2270 2718 κα
2279 2683 2401 2719 νονα
2411 2686 2431 2728 ;
2440 2711 2452 2724 .

2267 2848 2511 2904 Z-QNAP.
2561 2852 2621 2902 ὐ
2653 2854 2834 2906 κανὼν
2855 2849 3007 2918 οὗτος
3037 2858 3515 2926 ἀνακεφαλαίωσις
3540 2867 3657 2919 ἐστι
3682 2870 3791 2922 τῶν

2201 2943 2486 3010 προσεχών
2536 2944 2702 2996 αὑτοῦ
2742 2947 2837 2998 δύο
2895 2951 3153 3006 κανόνων.
3201 2955 3337 3024 Φησὶ
3373 2960 3482 3026 γὰρ
3529 2960 3637 3022 ὅτι,
3695 2963 3790 3013 ἐὰν

515 3050 640 3105 que,
689 3033 731 3086 si
771 3029 879 3083 ﬁlia
933 3029 1010 3081 vel
1057 3041 1212 3081 serua
1265 3025 1490 3078 aliorum
1555 3023 1806 3093 potestati
1860 3020 2092 3075 obnoxia

2210 3031 2494 3093 ὒπεξουσία
2528 3035 2772 3106 θυγάτηρ
2801 3039 2831 3107 ἢ
2857 3039 3017 3110 δούλη
3046 3043 3225 3111 γάμον
3265 3020 3416 3116 ⁷πρός
3447 3020 3571 3102 τινα
3593 3020 3795 3106 συναλ-

515 3142 638 3182 cum
671 3124 850 3191 aliquo
885 3120 1291 3174 matrimonium
1325 3118 1572 3182 inierint,
1606 3119 1812 3186 absque
1843 3117 2089 3170 domino-

517 3232 658 3282 rum,
709 3215 812 3269 hoe
858 3221 940 3268 est
980 3226 1193 3276 eorum,
1228 3224 1457 3278 quorum
1503 3209 1607 3262 sub
1655 3216 1927 3275 petestate
1964 3217 2094 3262 sunt

515 3321 808 3370 consensu,
845 3305 897 3357 id
927 3319 1026 3370 pro
1050 3301 1409 3356 fornicatione
1438 3298 1650 3361 haberi,
1685 3313 1858 3367 neque
1883 3297 1970 3360 iis,
2002 3299 2093 3367 qui

517 3401 618 3453 hoc
641 3408 800 3468 pacto
831 3395 1068 3463 copulati
1137 3393 1360 3456 fuerint,
1405 3392 1626 3459 impune
1666 3404 1786 3446 esse
1820 3399 2091 3461 oportere.

517 3491 812 3544 Punieutur
843 3489 1110 3554 siquidem
1142 3487 1265 3554 ipsi,
1294 3484 1811 3552 matrimoniumque
1836 3482 2095 3538 dissolve-

518 3596 625 3639 tur.
654 3582 806 3648 Quod
832 3583 878 3636 si
912 3581 970 3646 ii,
1001 3594 1235 3648 quorum
1270 3580 1370 3632 sub
1402 3585 1673 3647 potestate
1704 3587 1852 3638 sunt,
1882 3591 2090 3630 annue-

516 3678 646 3741 rint,
677 3677 779 3729 hoc
803 3685 904 3737 est,
932 3673 1286 3742 approbarint
1310 3686 1375 3726 ae
1399 3670 1672 3726 voluerint
1698 3671 1910 3736 nuptias
1966 3679 2090 3722 tunc

517 3778 646 3822 rata:
676 3766 952 3834 firmatque
980 3763 1336 3818 habebuntur.

584 3856 816 3912 ARIST.
857 3855 960 3921 Qui
995 3855 1118 3910 aliis
1146 3854 1401 3914 subsunt,
1439 3852 1607 3917 Illius,
1645 3861 1701 3908 et
1730 3868 1941 3917 servus,
1973 3853 2092 3905 sine

516 3948 753 4004 dominis
783 3945 1190 4000 matrimonium
1220 3945 1635 4004 contrahentes.
1667 3945 1839 4012 culpa:
1869 3942 2089 3998 obnoxii

516 4051 659 4094 SllllI.

1066 4126 1297 4182 CANON
1340 4125 1521 4181 XLIII.

515 4221 615 4289 Qui
647 4220 836 4275 mortis
863 4221 1025 4273 ictum
1053 4219 1203 4273 dedit
1238 4221 1503 4287 proximo,
1539 4230 1621 4272 est
1653 4219 1944 4282 homicida,
1974 4218 2090 4272 sive

822 4308 966 4376 prior
1000 4308 1287 4375 percussit,
1322 4309 1436 4360 sive
1467 4308 1610 4360 ultus
1638 4320 1741 4361 esu

2198 3122 2430 3187 λάξωσιν
2475 3127 2604 3180 ἄνευ
2658 3132 2883 3200 γνώμης
2911 3133 3020 3185 τῶν
3060 3137 3426 3204 κρατούντων,
3460 3142 3633 3211 ἤγουν
3682 3147 3795 3197 τῶν

2198 3215 2622 3280 ὲξουτιαζόντων
2652 3223 2853 3283 αὐτῶν,
2894 3224 3121 3294 πορνεία
3148 3228 3423 3296 λογίζεται
3454 3235 3515 3286 τὸ
3555 3239 3792 3300 τοιοῦτο,

2197 3311 2291 3360 καὶ
2354 3310 2454 3362 οὐκ
2519 3314 2658 3364 εἰσὶν
2732 3316 3015 3372 ἁνεύθυνοι
3074 3323 3124 3373 οί
3193 3321 3335 3375 οὕτω
3401 3330 3789 3396 συναφθέντες.

2208 3400 2728 3472 Ἐπιτιμηοήσονται
2761 3409 2889 3478 γὰρ,
2918 3413 3012 3464 καὶ
3042 3413 3070 3464 ὁ
3102 3415 3278 3483 γόιμος⁹
3307 3416 3626 3486 λυθήσεται.
3654 3423 3716 3474 Et
3738 3426 3792 3475 δὲ

2197 3493 2570 3548 ὲπινεύσουσιν
2616 3499 2664 3549 οί
2707 3502 2804 3566 τὴν
2845 3502 3093 3564 ἐξουσίαν
3142 3507 3321 3559 αὐτῶν
3361 3508 3614 3578 ἔχοντες,
3664 3515 3791 3566 ἀντὶ

2194 3581 2312 3647 τοῦ,
2332 3585 2636 3649 είδέξονται
2657 3591 2750 3641 καὶ
2779 3591 3062 3647 θελήσουσι
3083 3596 3176 3647 τὸν
3202 3598 3398 3666 γάμον,
3426 3603 3549 3654 τότε
3573 3605 3791 3671 λογίζε-

2192 3694 2284 3729 ται
2325 3677 2566 3747 βέϐαιος.

2264 3857 2481 3912 ΑΡΙΣΤ.
2532 3861 2594 3912 Οἱ
2626 3861 2958 3927 ὑπεξούσιοι,
2993 3865 3105 3924 υίὸς
3141 3865 3233 3918 καὶ
3264 3866 3468 3928 δοῦλος,
3519 3869 3644 3940 δίχα
3678 3872 3790 3924 τῶν

2196 3952 2401 4022 κυρίων
2436 3952 2823 4022 ζευγνύμεναι.
2857 3959 2960 4008 οὐκ
2987 3958 3290 4013 ἁνεύυυνοι.

2776 4135 3008 4186 ΚΑΝΩΝ
3049 4137 3178 4189 ΜΡ.

2198 4222 2294 4284 'U;
2341 4221 2577 4275 Θανάτου
2633 4225 2850 4295 πληγὴν
2898 4227 2975 4293 τῷ
3031 4227 3260 4295 πλησίον
3311 4228 3532 4287 δέδωκε.
3593 4235 3790 4300 cavati;-

2261 4316 2428 4378 ἐστιν,
2459 4318 2568 4368 εἴτε
2597 4313 2731 4388 ἦρξε
2761 4318 2860 4386 τῆς
2889 4319 3128 4388 πληγῆς,
3158 4323 3268 4372 εἴτε
3299 4321 3568 4388 ἠμύνατο.

584 4402 779 4457 BALS.
830 4400 1102 4454 Percussit
1126 4399 1389 4468 quispiam
1419 4399 1675 4466 aliquem,
1707 4409 1757 4451 et
1791 4398 2084 4465 interfecit,

2263 4408 2457 4461 ΒΑΛΣ.
2495 4409 2591 4469 Ti;
2625 4409 2824 4478 ἔπληξε
2863 4413 2954 4462 καὶ
2987 4413 3243 4477 ἐφόνευσὲ
3281 4387 3433 4473 τίνα,
3472 4419 3568 4469 καὶ
3617 4419 3790 4470 ἀπαι-

513 4509 567 4551 et
591 4511 711 4549 cum
733 4494 1014 4561 juheretur
1038 4491 1262 4545 reddere
1292 4490 1556 4544 rationem
1583 4505 1679 4543 cur
1702 4490 2086 4553 interfecisset,

514 4588 727 4642 dicebat
755 4604 767 4638 :
794 4585 904 4654 Ego
930 4599 1035 4642 non
1067 4581 1142 4636 fui
1171 4598 1335 4637 causa
1359 4583 1544 4645 caedis,
1573 4582 1666 4635 sed
1695 4583 1739 4635 is
1759 4584 1848 4651 qui
1876 4585 2090 4638 occisus

513 4689 616 4743 cst,
653 4689 709 4730 ut
736 4679 826 4744 qni
858 4689 1050 4745 pugnae
1081 4675 1295 4728 initium
1324 4672 1473 4737 fecit,
1505 4685 1558 4728 et
1585 4688 1672 4727 me
1701 4676 1850 4742 prior
1869 4691 2091 4744 percus-

514 4772 609 4824 sit.
673 4767 905 4821 Sanctus
955 4781 1086 4835 ergo
1128 4766 1194 4818 de
1239 4780 1303 4819 eo
1351 4767 1736 4835 interrogatus,
1790 4767 2092 4835 respondit,

515 4859 796 4916 Ilomicida
831 4868 913 4912 est
947 4857 1036 4924 qui
1084 4856 1575 4925 quomodoeunque
1617 4857 1888 4911 hominem
1924 4859 2091 4912 inter-

516 4955 644 5008 fecit
683 4969 698 5006 :
742 4953 852 5005 sive
902 4950 1075 5018 primo
1124 4949 1244 5001 loco
1288 4962 1435 5012 eum,
1479 4947 1571 5014 qui
1626 4948 1939 5002 interfectus
1985 4961 2088 5012 eet,

516 5043 803 5114 percussit,
845 5041 956 5095 sive
994 5054 1117 5093 eum
1158 5039 1448 5103 ulciscens,
1489 5048 1546 5092 ut
1581 5041 1672 5108 qui
1700 5044 1847 5108 prior
1875 5056 2095 5108 percus-

515 5140 696 5195 sisset.
727 5134 920 5187 vulnus
968 5132 1015 5184 ei
1060 5131 1264 5185 intulit.
1314 5129 1379 5182 Et
1424 5146 1596 5186 canon
1640 5134 1857 5203 quidem
1912 5137 1961 5186 in
2009 5135 2093 5187 his

516 5228 783 5282 consistit.
833 5224 1248 5293 Interrogaverit
1281 5233 1457 5276 autem
1510 5224 1802 5292 quispiam,
1851 5240 1970 5280 cum
2006 5227 2088 5278 lex

516 5320 660 5373 dicat
704 5320 756 5371 in
807 5316 1146 5382 sexagesimo
1195 5315 1331 5367 libro
1365 5315 1446 5368 tit.
1493 5316 1560 5369 59
1597 5332 1714 5384 cap.
1755 5317 1803 5380 I,
1860 5319 2092 5370 themate

516 5410 708 5462 ultimo
763 5426 777 5461 :
835 5408 1056 5475 Impune
1114 5406 1234 5474 quis
1290 5404 1446 5456 illum'
1500 5405 1808 5479 interficiet,
1870 5408 1959 5475 qni
2009 5407 2090 5458 vel

519 5501 718 5568 ipsum,
742 5499 822 5552 vel
854 5513 980 5552 suos
1016 5499 1156 5564 cogit
1189 5499 1252 5547 ad
1282 5495 1653 5562 petulantiam;
1683 5512 1735 5552 et
1765 5499 1813 5551 in
1846 5499 1996 5552 titulo
2029 5499 2093 5550 l7

516 5591 761 5659 ejusdem
799 5591 956 5643 lihri:
989 5590 1142 5657 101
1177 5587 1292 5640 Vim
1328 5587 1375 5639 vi
1413 5589 1536 5641 licet
1570 5589 1827 5656 repellere
1862 5599 1915 5644 et
1944 5605 2090 5643 arma

517 5683 685 5740 armis
721 5700 733 5737 :
770 5685 1040 5749 quomodo
1075 5681 1207 5735 dicit
1240 5695 1410 5736 canon
1443 5695 1587 5745 eum,
1619 5683 1708 5751 qui
1748 5695 1806 5736 se
1837 5681 2091 5737 deft-usu-

2190 4503 2451 4571 τούμενος
2491 4503 2683 4572 λόγους
2712 4505 2893 4558 δοῦναι
2928 4507 3086 4574 χάριν
3116 4507 3208 4557 τοῦ
3241 4512 3402 4572 φόνου
3426 4548 3439 4570 ,
3480 4509 3672 4571 ἔλεγεν
3706 4513 3791 4565 ὃτι

2193 4595 2305 4647 Οὐκ
2329 4595 2437 4662 ἐγὼ
2461 4595 2631 4658 αἴτιος
2658 4596 2856 4663 γέγονα
2887 4597 2988 4663 τῆς
3019 4597 3249 4667 πληγῆς,
3276 4598 3390 4650 ἀλλ’
3421 4602 3447 4651 ὁ
3484 4602 3788 4667 φονευθεὶς,

2192 4686 2268 4748 ὡς
2310 4688 2626 4752 πεποιηκὼς
2661 4687 2756 4755 τὴν
2802 4688 2975 4756 ἀρχὴν
3017 4690 3114 4757 τῆς
3158 4689 3456 4759 διαμάχης,
3511 4695 3609 4745 καὶ
3656 4711 3790 4763 προ-

2194 4776 2402 4844 πλήξας
2449 4793 2536 4843 με.
2597 4777 2921 4843 Ἐρωτηθεὶς
2965 4776 3056 4830 οὖν
3106 4781 3237 4848 περὶ
3288 4781 3483 4832 τούτου
3532 4783 3560 4833 ὁ
3608 4783 3786 4848 ἅγιος.

2195 4863 2347 4917 εἶπεν
2403 4865 2483 4916 ὅτι
2545 4865 2742 4927 Φονεύς
2798 4867 2946 4918 ἐστιν
3009 4870 3035 4918 ὁ
3095 4869 3450 4937 ὁπωσδήποτε
3514 4870 3788 4934 φονεύσας

2194 4955 2504 5026 ἄνθρωπον,
2539 4956 2647 5008 εἴτε
2676 4957 2908 5026 πρώτως
2943 4959 3140 5027 ἔπληξε
3174 4965 3264 5013 τὸν
3291 4961 3640 5027 φονευθέντα.
3675 4962 3784 5011 εἴτε

2194 5045 2536 5113 ἀμυνόμενος
2577 5047 2766 5097 τοῦτον
2789 5087 2801 5107 ,
2843 5048 2916 5110 ὡς
2951 5047 3232 5115 πλήξαντα
3282 5052 3549 5117 πρότερον
3583 5051 3747 5100 αὐτὸν
3771 5092 3783 5104 .

2194 5137 2440 5201 ἐπήγαγε
2489 5137 2588 5204 τὴν
2641 5138 2876 5206 πληγήν.
2920 5138 3024 5190 Kal
3052 5139 3078 5187 ό
3110 5140 3206 5204 μὲν
3246 5137 3424 5189 κανὼν
3456 5140 3513 5188 ὲν
3547 5139 3727 5190 τούτοι
3767 5181 3781 5194 .

2207 5227 2503 5294 Ἑρωτήσει
2544 5227 2599 5279 δέ
2631 5245 2733 5291 τις,
2767 5228 2839 5290 ὡς
2869 5228 2961 5280 τοῦ
2995 5229 3159 5296 νόμου
3193 5228 3446 5292 λέγοντος
3482 5230 3541 5279 ἐν
3589 5229 3785 5298 βιῧλίῳ

2196 5319 2256 5382 ξ’,
2287 5320 2464 5371 τίτλου
2490 5320 2588 5384 λθ’,
2622 5322 2811 5388 κεφαλ.
2846 5328 2914 5382 α’,
2943 5320 3136 5390 Θέματί
3164 5320 3455 5386 τελευταίῳ
3481 5335 3494 5349 ·
3534 5321 3780 5373 Ἀκινδύ-

2194 5431 2298 5473 νως
2346 5430 2430 5475 τις
2465 5414 2678 5481 φονεύει
2714 5415 2802 5464 τὸν
2835 5412 3157 5482 βιαζόμενον
3197 5413 3360 5464 αὐτὸν
3395 5411 3428 5481 ἢ
3462 5413 3589 5476 τοὺς
3613 5414 3782 5467 αὑτοῦ

2196 5505 2329 5571 πρὸς
2356 5505 2677 5571 ἀσέλγειαν·
2711 5505 2803 5556 καὶ
2827 5506 2885 5555 ἐν
2917 5503 3078 5572 τίτλῳ
3108 5505 3171 5567 ιζ’
3207 5505 3298 5556 τοῦ
3334 5506 3502 5558 αὐτοῦ
3533 5507 3742 5576 βιϐλίου
3767 5525 3778 5537 ·

2199 5592 2415 5658 Ἔξεστι
2448 5594 2538 5665 βίᾳ
2567 5597 2664 5664 τὴν
2697 5594 2816 5664 βίαν
2849 5593 3093 5668 ἐξωθεῖν,
3120 5597 3212 5646 καὶ
3243 5596 3384 5650 ὅπλα
3417 5597 3627 5663 ὅπλοις,
3663 5599 3779 5651 πῶς

2203 5690 2231 5740 ὁ
2269 5687 2450 5741 κανών
2493 5705 2624 5757 φησι
2671 5688 2760 5740 τὸν
2803 5687 2861 5750 ἐξ
2888 5686 3100 5759 ἀμύνης
3128 5687 3407 5758 πλήξαντα
3452 5691 3545 5743 καὶ
3585 5690 3778 5756 φονεύ-
