4006 6456
273 291 376 358 717

1185 295 1268 357 1N
1302 297 1540 359 EPIST.
1590 296 1654 357 S.
1692 295 1977 356 BASILll
2017 294 2464 358 CANONICAM
2511 294 2590 356 Ιῐ.

3395 289 3504 356 ’118

273 423 444 461 σαντα
500 405 826 470 κολάζεσθαι
887 410 961 464 ὡς
1017 406 1214 476 φονέας
1268 406 1478 472 Λύσις.
1531 405 1610 459 Ta
1663 408 1831 473 ἐκκλη

1961 421 2051 460 rus
2078 419 2348 474 percussit
2382 413 2437 457 et
2469 401 2686 466 occidit,
2720 402 2895 472 punhi
2925 411 2982 457 ut
3013 401 3371 457 homicidam?
3396 401 3507 458 Sol.

274 497 532 552 σιαστικά
553 497 802 566 ἐπιτίμια
819 499 919 551 οὐκ
940 498 1045 550 sici
1063 495 1382 559 κολαστικά,
1401 495 1536 550 ἀλλά
1556 495 1831 564 ἀγιαστικέ

1956 495 2132 548 Poenae
2159 491 2540 548 ecclesiasticae
2566 504 2671 544 non
2697 490 2944 559 puniunt,
2970 490 3065 546 sed
3095 489 3433 546 sanctiﬁcant
3457 504 3514 545 et

272 591 370 640 καὶ
403 587 746 656 ίατρευτιαά.
778 587 870 642 Διὸ
892 587 985 641 καὶ
1013 586 1307 658 διορίζεται
1337 589 1364 640 ό
1391 585 1571 640 κανὼν
1593 588 1683 638 τὸν
1711 592 1831 639 κατι

1953 585 2275 645 medentur;
2306 590 2358 663 et
2400 580 2520 635 ideo
2563 579 2802 634 decernit
2841 594 3036 644 canon,
3079 591 3134 633 ut
3163 581 3255 650 qui
3289 596 3513 649 quomo-

271 678 668 748 παραχώρησιν
695 678 830 732 Θεοῦ
855 678 1166 747 εμπεσόντα
1192 677 1542 747 ὁπωσδήποτε
1563 679 1644 740 είς
1667 676 1846 745 φόνον,

271 769 370 819 καὶ
417 767 612 829 αὐτοὺς
657 769 782 831 τοὺς
821 769 880 820 tv
930 768 1147 839 πολέμῳ
1193 768 1534 836 φονεύοντας,
1578 767 1847 837 θεραπεύ-

267 856 424 910 εσθαι
462 859 602 910 κατά
629 859 840 929 ψυχήν
881 859 983 912 κάν
1026 861 1056 912 ὁ
1101 860 1200 927 μὲν
1237 858 1622 929 μεγαλωτέρας
1654 857 1847 928 χρῄσει

269 947 574 1016 θεραπείας
595 987 610 1012 ,
644 946 721 1010 ὡς
751 947 992 1016 φονεύων
1015 947 1276 1009 ἑκουσίως
1294 989 1309 1015 ,
1348 949 1376 1000 ό
1407 947 1465 1001 δι
1492 948 1843 1018 μικροτέρας,

267 1039 342 1100 ὡς
395 1036 638 1106 φονεύων
671 1038 963 1104 ἀκουσίως,
999 1037 1126 1108 ἣδε
1171 1038 1404 1110 ἀμύνης,
1438 1039 1472 1108 ἢ
1503 1040 1561 1092 ιν
1600 1039 1841 1109 πολέμῳ.

282 1129 342 1180 '0
367 1129 422 1180 δὲ
453 1127 730 1190 πολιτικὸς
764 1129 925 1197 νόμος
955 1126 1191 1193 κολάζει,
1229 1129 1293 1182 οὐ
1327 1128 1644 1199 θεραπεύει.
1681 1127 1844 1181 Ὅθεν

267 1217 357 1268 τὸν
416 1201 517 1285 μὶν
573 1217 764 1286 ἔχοντα
801 1216 1042 1272 διάθεσιν
1079 1220 1158 1280 εἰς
1207 1218 1268 1272 τὺ
1315 1219 1569 1286 φονεῦσαι
1611 1221 1846 1290 τιμωρεῖ

265 1307 340 1369 ὼς
390 1308 591 1376 φονία,
631 1309 721 1362 τὸν
753 1307 810 1360 δι
847 1307 1116 1370 ἀκουσίως
1152 1307 1450 1375 φονεύοντα
1511 1309 1571 1361 ού
1609 1309 1845 1378 τιμωρεῖ

266 1398 361 1450 καὶ
409 1397 504 1450 τὸν
545 1397 879 1465 φονεύσαντα
933 1398 1024 1450 τὸν
1072 1398 1396 1468 βιαζόμενον
1433 1399 1597 1450 αὐτὸν
1641 1399 1842 1469 ἀτιμώ-

267 1504 433 1556 ρητον
485 1491 782 1558 συντηρεῐ,
824 1488 900 1551 ὡς
949 1489 1026 1559 μὴ
1073 1488 1318 1554 οἴκοθεν,
1386 1489 1500 1541 ἀλλ’
1540 1485 1608 1552 ἶξ
1659 1491 1839 1550 αίτὶας

261 1577 356 1632 τοῦ
418 1578 767 1648 φονευθέντος
813 1581 892 1641 εἰς
959 1580 1020 1631 τὸ
1083 1580 1338 1647 φονεῦσαι
1399 1579 1837 1650 κατεπειχθὲντα.

1950 674 2231 739 docunque
2281 671 2374 726 Dei
2419 671 2775 741 permissione
2827 672 2879 725 in
2919 674 3117 726 caedem
3163 672 3427 734 inciderit.
3457 680 3513 724 et

1949 761 2050 830 ipsi
2085 763 2247 816 etiam
2282 763 2371 827 qui
2408 763 2460 816 in
2496 763 2635 818 bello
2667 763 2995 822 occiderunt.
3036 763 3088 816 in
3119 763 3298 817 anima
3339 763 3505 818 medi-

1947 850 2125 906 cinam
2149 851 2417 922 accipiant
2442 869 2455 904 :
2483 853 2583 907 etsi
2613 853 2698 906 hic
2721 853 2937 919 quidem
2965 854 3165 921 majore
3189 867 3323 922 opus
3352 855 3511 908 habet

1949 942 2234 1009 medicina,
2263 952 2322 998 ut
2343 943 2434 1014 qui
2464 951 2656 1012 sponte
2687 941 2978 1006 interfecit,
3011 943 3098 998 ille
3127 958 3256 997 vero
3283 945 3511 1009 minore,

1946 1045 2006 1089 ut
2047 1035 2136 1103 qui
2172 1049 2281 1089 non
2313 1033 2642 1097 voluntarie,
2673 1032 2758 1089 vel
2794 1032 2958 1090 insui
2997 1033 3310 1090 defensione
3341 1044 3424 1091 vel
3459 1037 3512 1092 in

1947 1125 2105 1179 bello.
2141 1125 2249 1180 Lex
2283 1135 2464 1180 autem
2508 1124 2680 1180 civilis
2711 1125 2882 1192 punit,
2919 1141 3025 1180 non
3063 1125 3323 1180 medetur.
3365 1127 3515 1184 [inde

1948 1215 2108 1269 etiam
2143 1231 2286 1276 eum,
2321 1216 2412 1284 qui
2464 1216 2626 1270 habet
2671 1214 2922 1271 aii‘ectum
2959 1215 3333 1283 interﬁciendi,
3360 1220 3516 1288 punit

1946 1314 2003 1358 ut
2033 1307 2356 1361 homicidam
2397 1324 2410 1360 :
2461 1321 2583 1361 eum
2633 1322 2780 1371 vero,
2819 1307 2908 1374 qui
2948 1307 3307 1363 involuntarie
3350 1311 3516 1363 inter-

1945 1395 2073 1460 ﬂcit,
2126 1411 2230 1450 non
2269 1390 2420 1464 punit
2460 1413 2476 1463 ;
2520 1406 2574 1451 et
2614 1412 2759 1460 eum,
2803 1399 2893 1466 qui
2936 1399 3042 1450 vim
3079 1399 3149 1450 illi
3199 1399 3513 1454 inferentem

1943 1489 2188 1555 peremit,
2236 1489 2554 1557 impunitum
2600 1497 2900 1551 conservat,
2951 1497 3007 1541 ut
3040 1491 3124 1557 ,ιιιί
3169 1506 3271 1544 non
3319 1507 3383 1546 ex
3434 1507 3514 1558 se,

1943 1581 2036 1632 sed
2067 1581 2132 1633 ab
2165 1592 2232 1632 eo
2272 1583 2363 1647 qui
2410 1577 2510 1631 luit
2546 1577 2863 1632 interfectus
2904 1580 2969 1631 ad
3012 1580 3364 1635 occidendum
3409 1584 3512 1637 im-

261 1667 430 1739 Οἶμαι
474 1671 532 1722 δὲ
575 1672 658 1723 ὃτι
687 1673 780 1722 καὶ
819 1673 846 1722 ὁ
886 1670 1152 1737 φονεύσας
1195 1671 1255 1736 ιε
1297 1671 1509 1740 ἀμύνης
1560 1671 1701 1725 κατὰ
1752 1673 1831 1725 τὸν

1947 1670 2133 1736 pulsus
2167 1678 2270 1723 est.
2309 1669 2577 1725 Existimo
2609 1677 2786 1724 autem
2808 1709 2822 1732 .
2852 1671 2991 1738 quod
3027 1673 3116 1740 qui
3149 1675 3310 1727 etiam
3347 1677 3399 1729 in
3432 1677 3510 1730 sui

261 1760 537 1814 πολιτικὸν
581 1761 744 1829 νόμον
793 1761 914 1814 τότε
966 1762 1438 1831 συντηρτ,θήσεται
1495 1763 1831 1826 ἀκόλαστος,

1943 1757 2252 1812 defensioue
2277 1758 2502 1822 occidit,
2535 1770 2659 1814 tunc
2686 1759 2902 1827 impune
2929 1760 3117 1825 abibit,
3151 1766 3367 1827 quando
3391 1781 3513 1820 cum

255 1844 387 1904 όταν
418 1852 678 1919 ἐφόνευσε
707 1851 800 1902 τὸν
827 1849 1040 1921 πληγὴν
1071 1851 1448 1922 θανατηφόρον
1462 1854 1831 1918 ἐπενεγκόντα

1943 1848 2231 1913 interfecit,
2283 1850 2371 1918 qui
2410 1851 2599 1904 vulnus
2647 1850 2721 1904 illi
2775 1854 2999 1912 mortale
3043 1853 3253 1917 inﬂixit,
3299 1857 3376 1910 vel
3405 1859 3512 1909 vim

259 1940 430 2006 αὐτῷ.
471 1941 506 2012 ἢ
557 1939 677 2009 βίαν
723 1941 936 2008 ὁμοίαν,
983 1942 1042 1992 ού
1080 1941 1184 2010 μὴν
1225 1941 1441 1996 καὶτὸν
1469 1942 1707 2011 ἐλαφρὰν
1748 1943 1831 1995 καὶ

1942 1940 2174 1996 similem
2212 1960 2226 1994 :
2261 1957 2367 1996 non
2403 1954 2583 1996 autem
2615 1956 2764 2005 eum,
2796 1945 2884 2011 qui
2924 1945 3091 1998 levem
3129 1961 3191 2001 ac
3225 1949 3512 2002 medicabi-

261 2032 481 2100 ἰᾶσιμον
526 2030 743 2099 πληγὴν
775 2031 1143 2092 ἐπενεγκόντα
1181 2034 1350 2099 αὐτῷ,
1395 2035 1563 2102 ἠγουν
1613 2038 1840 2103 μετρίαν

261 2121 418 2187 βῖαν,
455 2121 553 2174 καὶ⁵
589 2123 655 2190 ἠν
681 2122 907 2176 ἐδύνατο
935 2125 1106 2192 χωρὶς
1140 2124 1302 2192 φόνου
1343 2125 1643 2193 διαφυγεῖν.
1677 2125 1839 2196 Τηνι-

259 2213 437 2266 καῦτα
468 2217 578 2281 γάρ
609 2214 683 2276 ὡς
712 2216 903 2282 φονεὺς
944 2215 1358 2284 κολασθήσεται.
1390 2216 1524 2285 Φησὶ
1553 2217 1660 2286 γὰρ
1689 2219 1750 2270 τὸ
1778 2218 1836 2269 ιδ’

260 2321 384 2369 κεφ.
412 2302 510 2356 τοῦ
544 2302 622 2355 λθ¹
652 2304 833 2356 τίτλυυ
857 2304 951 2356 τοῦ
985 2305 1024 2367 ξ’
1057 2303 1262 2374 βιϐλίου
1290 2324 1303 2338 ο
1346 2305 1403 2358 ’0
1426 2308 1517 2359 τὸν
1547 2308 1836 2361 ἐπελθόντα

258 2398 531 2458 φονεύσας
565 2397 620 2448 ὲν
651 2387 696 2461 ᾧ
732 2397 862 2465 περὶ
895 2396 994 2463 τῆς
1035 2396 1182 2465 ζωῆς
1214 2398 1571 2462 ἐκινδύνευεν,
1605 2401 1834 2477 ἀνεύθυτ

256 2486 340 2548 νός
378 2487 498 2538 ἔστι
540 2487 808 2555 φονεύειν.
860 2489 970 2541 Καὶ
1011 2491 1151 2542 κατὰ
1197 2491 1338 2558 θέμα
1387 2492 1478 2543 τοῦ
1526 2492 1690 2544 αὑτοῦ
1737 2494 1826 2544 τὸν

255 2578 462 2652 λῃστὴν
497 2579 718 2630 ἐπιόντα
742 2579 1043 2642 ἀκινδύνως
1081 2580 1256 2644 ἔξεστι
1290 2582 1557 2649 φονεύειν.
1602 2582 1745 2650 Ἐγὼ
1774 2583 1830 2636 δὲ

255 2666 393 2723 εἶδον
423 2670 576 2736 ίερέα
601 2669 996 2739 καθαιρεθέντα
1026 2671 1338 2732 συνοδικῶς,
1365 2673 1445 2727 ὅτι
1467 2676 1653 2742 ἕτερον
1683 2676 1833 2745 ἱερέα

255 2760 659 2828 ἀναλαϐόμενον
711 2762 864 2830 παρά
902 2761 1119 2832 θέλησιν
1155 2767 1343 2816 τούτου
1385 2766 1591 2834 βιϐλίον
1632 2770 1696 2820 ὲκ
1733 2771 1828 2838 τῆς

255 2849 553 2919 ἐκκλησίας
584 2849 752 2903 αὑτοῦ
787 2853 1019 2921 κατέσχε
1038 2893 1052 2909 .
1096 2853 1190 2904 καὶ
1219 2853 1509 2907 ἀνελάϐετο
1542 2857 1830 2925 εριστικῶς

255 2941 317 2992 ὲκ
355 2941 553 2992 τούτου
589 2939 648 2991 τὸ
677 2941 876 2993 οίκεϊον
917 2941 1151 3011 βιϐλίον,
1185 2945 1478 3000 κάντεῦθεν
1515 2946 1711 3016 συνέϐη
1740 2943 1828 2999 τὸν

1940 2029 2045 2084 lem
2095 2029 2169 2084 illi
2223 2032 2432 2100 plagam
2488 2032 2666 2086 attulit
2711 2031 2824 2085 sive
2868 2035 2972 2085 vim
3029 2035 3312 2101 modicam,
3348 2051 3506 2105 quam

1939 2122 2101 2176 etiam
2146 2125 2264 2178 sine
2291 2125 2434 2178 caede
2465 2122 2698 2193 effugere
2725 2125 2918 2193 patuit.
2951 2123 3103 2178 Tum:
3145 2127 3286 2179 οιιὶιη
3322 2140 3377 2180 ιιι
3406 2129 3506 2182 iiu-

1940 2216 2131 2270 tnicida
2160 2217 2430 2285 punietur.
2455 2217 2590 2271 Dicit
2609 2219 2749 2271 enim
2780 2227 2936 2285 caput
2965 2218 3046 2282 li,
3078 2220 3158 2272 tit.
3185 2220 3273 2280 59,
3292 2219 3383 2277 lib.
3409 2238 3469 2274 ιι
3494 2239 3509 2275 :

1938 2306 2039 2371 Qui
2072 2321 2195 2360 eum
2235 2308 2524 2372 interiecit,
2577 2309 2663 2377 qui
2723 2309 2794 2360 ita
2853 2307 3163 2371 invadebat,
3201 2322 3257 2362 ut
3305 2311 3354 2363 in
3391 2315 3507 2365 νῑιτι·

1938 2396 2232 2464 periculum
2272 2398 2653 2463 adduceretur,
2699 2413 2804 2452 non
2836 2408 2916 2451 est
2952 2415 3077 2454 rcus
3112 2402 3406 2455 homicidii.
3448 2403 3511 2455 Et

1939 2489 2231 2542 Secundum
2283 2489 2400 2557 ejus
2453 2489 2654 2550 thema,
2709 2490 2972 2543 latronem
3025 2491 3363 2544 invailcntcm
3415 2493 3514 2545 im-

1935 2593 2077 2640 pune
2109 2577 2234 2634 licet
2275 2581 2597 2634 interﬁcere.
2648 2581 2757 2652 Ego
2805 2590 2984 2635 autem
3021 2584 3124 2635 vidi
3172 2586 3509 2639 sacerdotem

1935 2672 2266 2740 synodaliter
2313 2672 2344 2722 «Ι
2386 2673 2642 2741 positum,
2691 2674 2833 2740 quod
2882 2673 3104 2728 alterum
3151 2677 3507 2737 sacerdotem.

1936 2764 2026 2827 qui
2075 2775 2269 2828 praeter
2303 2764 2420 2832 ejus
2458 2763 2788 2819 νοΙιιιιίειιειιι
2823 2764 3015 2818 librum
3046 2781 3108 2818 ex
3152 2766 3379 2821 ecclesia
3411 2782 3506 2822 sua

1933 2855 2252 2922 accipiebat,
2297 2855 2543 2918 detinuit,
2592 2866 2644 2907 et
2701 2855 2895 2909 librum
2953 2858 3226 2923 proprium
3269 2873 3298 2912 e
3343 2875 3502 2914 manu

1930 2945 2048 3013 ejus
2087 2948 2421 3000 contentiosa
2456 2947 2672 3013 recepit.
2711 2956 2764 3000 et
2791 2961 2854 3001 ex
2891 2962 2954 3001 co
2979 2949 3194 3012 evenit,
3229 2961 3286 3002 ut
3328 2965 3508 3006 sacci-

255 3032 622 3099 ἀφαιρεθέντα
674 3033 735 3085 τὸ
785 3031 986 3101 βιϐλίον
1047 3037 1196 3106 ίερέα
1253 3037 1682 3109 λειποθυμῆσαι,
1735 3041 1826 3090 καὶ

1935 3038 2048 3100 dos,
2103 3038 2189 3089 cui
2242 3038 2376 3091 liber
2416 3037 2622 3090 ablatus
2677 3046 2780 3100 est.
2816 3039 3101 3108 deliquium
3149 3042 3312 3095 animi
3355 3052 3505 3108 patv-

254 3122 503 3192 αύηωρον
543 3123 859 3181 ἀποθανεῖν.
894 3125 1120 3193 Ἕτερος
1152 3127 1208 3179 δὲ
1255 3132 1482 3198 μοναχδς
1516 3132 1609 3182 καὶ
1643 3131 1821 3200 ἱερεὺς

253 3214 362 3266 ἀπὸ
407 3213 510 3281 τῆς
557 3215 723 3283 μονῆς
755 3214 851 3268 τοῦ
895 3216 1113 3286 Στερίου
1158 3220 1435 3290 καθῃρέθη
1481 3221 1700 3288 ὁμοίως,
1743 3223 1826 3274 ὃτι

255 3307 490 3374 μοναχόν
537 3321 660 3358 τινα
695 3305 996 3372 ὑϐρίσαντα
1029 3309 1193 3361 αὐτὴν
1225 3309 1516 3378 ἀνθύϐρισε
1542 3314 1786 3381 τραχέως
1810 3351 1824 3376 ,

255 3396 352 3448 καὶ
386 3396 588 3464 συνέϐη
619 3397 710 3450 τὸν
747 3396 919 3460 οὕτως
951 3397 1273 3464 ὑϐρισθέντα
1294 3439 1310 3466 ,
1349 3405 1462 3470 ἅμα
1495 3402 1571 3470 τῷ
1597 3403 1828 3456 ἀκοῦσαι

255 3483 350 3552 τὴν
385 3482 580 3550 ὓϐριν,
616 3486 892 3549 στενάξαι,
927 3491 1020 3539 καὶ
1053 3490 1152 3559 τὴν
1185 3491 1362 3559 ψυχὴν
1394 3493 1826 3559 ἀπερεύξασθαι.

257 3576 368 3627 Καὶ
400 3575 714 3645 ἀρχιερεὺς.
788 3577 1090 3648 Ἀχαρηνὸν
1154 3583 1420 3648 φονεύσας
1480 3585 1598 3636 κατ’
1663 3585 1827 3637 αὑτοῦ

256 3667 407 3734 ξίφος
460 3668 818 3722 ἀνατείναντα
877 3672 934 3722 ἐν
987 3671 1164 3742 καιρῷ
1221 3674 1497 3743 πολέμου,
1549 3675 1829 3747 καθῃρέθη

255 3761 472 3827 ὁμοίως.

325 3851 574 3906 ΖΩΝΑΡ.
632 3851 695 3902 '0
740 3849 948 3920 πλήξας
991 3851 1113 3904 τινὰ
1157 3854 1405 3921 καιρίως,
1453 3855 1592 3908 ὥστε
1629 3858 1692 3907 ἐκ
1733 3858 1829 3920 τῆς

256 3943 468 4011 πληγῆς
510 3943 723 4011 ἐκείνης
756 3942 848 3994 τὸν
887 3942 1163 4011 πληγέντα
1201 3943 1406 4008 θανεῖν,
1444 3946 1635 4013 φονεύς
1666 3926 1788 3999 εστι
1811 3965 1825 3978 ο

257 4037 351 4086 καὶ
380 4035 482 4086 ούκ
510 4035 807 4103 εξαιρείται
839 4035 1000 4087 αὑτὸν
1028 4035 1120 4087 τοῦ
1151 4035 1492 4104 ἐγκλήματος
1523 4037 1580 4088 τὸ
1607 4039 1680 4106 μὴ
1702 4055 1830 4090 κατ-

255 4122 558 4191 άρξασθαι,
606 4122 742 4175 ἀλλά
780 4123 1058 4193 πληγῆναι
1105 4126 1367 4195 πρότερον
1414 4129 1542 4196 παρ’
1581 4130 1825 4192 ἐκείνου,

255 4214 346 4267 καὶ
371 4213 516 4267 οὕτω
566 4212 768 4283 πλῆξαι
817 4216 998 4280 αὑτὸν,
1030 4216 1369 4285 ἀμυνόμενον
1400 4219 1488 4271 τὸν
1529 4218 1824 4288 πλήξαντα.

1923 3135 2091 3192 retur,
2119 3136 2172 3180 et
2194 3126 2305 3194 ipsa
2331 3126 2458 3180 hora
2489 3139 2804 3182 moreretur.
2829 3129 2976 3184 Alius
3002 3139 3177 3184 autem
3211 3134 3501 3188 monachus

1929 3224 1984 3267 et
2020 3216 2275 3269 sacerdos
2302 3230 2364 3269 ex
2402 3215 2545 3285 Tyrii
2583 3219 2912 3272 m0uasterio
2949 3219 3196 3272 similiter
3225 3232 3306 3274 cst
3333 3224 3500 3289 depo-

1930 3304 2087 3367 situs,
2120 3305 2264 3368 quod
2304 3306 2624 3357 monachum
2655 3304 2970 3372 quemdam,
3019 3305 3110 3374 qui
3150 3323 3270 3359 cunt
3305 3307 3499 3376 injuria

1930 3394 2208 3456 affecerat,
2237 3394 2383 3463 gravi
2422 3395 2660 3448 vicissim
2711 3394 2904 3463 injuria
2949 3395 3148 3462 aliecit,
3194 3410 3246 3451 ct
3278 3403 3495 3461 accidit.

1931 3495 1990 3537 ut
2032 3485 2121 3552 qui
2171 3485 2247 3537 sic
2303 3484 2499 3553 injuria
2543 3479 2764 3540 allectus
2795 3495 2898 3550 est,
2934 3488 3093 3543 simul
3137 3505 3199 3544 ac
3250 3491 3496 3557 injuriam

1931 3576 2156 3638 audivit,
2177 3563 2411 3645 gcmeret
2430 3584 2483 3629 et
2509 3577 2743 3630 animam
2768 3587 3061 3632 eructaret.
3099 3580 3336 3636 Antistes
3366 3599 3496 3651 qun-

1932 3683 2034 3733 que
2067 3669 2170 3736 :qui
2212 3671 2516 3737 Agarrnum
2557 3668 2677 3724 belli
2729 3679 2972 3738 tempore
3005 3687 3186 3726 ensem
3233 3675 3285 3727 in
3325 3677 3495 3744 ipsum

1932 3759 2233 3812 vibrantem
2263 3757 2629 3822 interfecerat,
2664 3758 2914 3814 similiter
2941 3759 3216 3830 depositus
3238 3775 3338 3817 est.

2003 3845 2252 3902 ZONAR.
2285 3850 2384 3914 Qui
2409 3851 2562 3904 alteri
2595 3850 2790 3905 letbale
2826 3851 3016 3906 vulnus
3043 3852 3260 3919 inﬂixit,
3292 3870 3356 3909 ex
3391 3872 3496 3923 quo

1933 3952 2111 4008 postea
2146 3939 2365 3994 vulnere
2411 3955 2699 4009 percussus
2735 3943 3050 4011 exspiravit,
3086 3946 3350 3999 homicida
3369 3960 3450 4001 est
3480 3968 3495 4003 :

1932 4045 2028 4084 nec
2053 4045 2118 4084 ex
2141 4043 2206 4085 eo
2236 4031 2496 4086 liberatur
2517 4047 2544 4084 a
2573 4033 2817 4097 crimine,
2851 4035 2994 4093 quod
3029 4050 3132 4090 non
3166 4036 3280 4105 ipse
3309 4040 3472 4093 verbe

1932 4123 2083 4175 randi
2115 4122 2326 4175 initium
2364 4121 2571 4186 fecerit,
2608 4123 2699 4176 sed
2729 4124 2877 4192 prior
2903 4127 2972 4177 ab
3004 4124 3092 4179 illo
3123 4125 3286 4180 fuerit
3313 4129 3496 4181 vulne-

1934 4222 2098 4278 ratus,
2135 4214 2437 4280 exindeque
2461 4214 2654 4282 ipsum.
2681 4215 2805 4267 dum
2831 4214 3044 4270 sibimet
3072 4215 3276 4270 illatum
3302 4219 3495 4273 vulnus

1932 4299 2226 4363 ulciscitur,
2264 4300 2643 4353 vulneraverit.

347 4393 574 4447 ΑΡΙΣΤ.
622 4393 680 4446 '0
711 4392 916 4462 πλήξας
947 4395 1082 4462 πρὸς
1110 4393 1358 4460 θάνατον,
1384 4397 1478 4447 καὶ
1506 4397 1823 4466 ἀρχόμενος,

2000 4387 2226 4444 ARIST.
2257 4389 2356 4455 Qui
2389 4393 2454 4445 ad
2484 4400 2712 4445 mortem
2741 4396 3025 4462 percussit,
3059 4402 3165 4449 tam
3203 4395 3492 4458 lacessens,

255 4486 347 4540 καὶ
378 4486 743 4556 ἀμυνόμενος,
777 4484 1127 4552 ἀνδροφόνος.

333 4577 460 4628 Ἐάν
488 4593 572 4636 τις
602 4576 660 4628 ἐν
692 4575 842 4647 μάχῃ
871 4572 1083 4644 πληγὴν
1109 4575 1286 4647 ἐπάγῃ
1315 4575 1422 4628 τινὶ
1455 4577 1694 4648 καιρίαν,
1725 4577 1822 4629 θά-

253 4683 410 4720 νατον
440 4666 794 4728 ἀπειλοῦσαν,
829 4663 932 4718 κᾶν
972 4665 1182 4730 πρῶτος
1219 4665 1424 4736 ἡρξατο
1454 4668 1549 4736 τῆς
1587 4667 1820 4734 πληγῆς,

255 4757 354 4810 κάν
387 4757 480 4808 ὑπ’
506 4754 714 4806 ἐκείνου
745 4754 993 4824 πληγεὶς,
1022 4757 1112 4808 καὶ
1133 4757 1360 4808 ἐκδικῶν
1385 4759 1479 4809 ἑαυ
1490 4757 1574 4810 τὸν
1597 4758 1822 4827 καιρίως

253 4845 577 4913 ἀντέπληξε,
606 4844 800 4913 φονεύς
843 4846 989 4903 ἐστιν
1009 4861 1022 4877 ο
1054 4846 1162 4898 εἴτε
1186 4847 1242 4899 δὲ
1273 4849 1504 4901 ἑκούσιοι
1530 4849 1620 4900 καὶ
1649 4849 1821 4918 ἀμφό-

255 4955 423 5008 τεροι,
455 4937 563 4990 είτε
594 4935 863 4998 ἀκούσιοι,
895 4936 1006 4988 ἀπὸ
1028 4936 1120 4989 τοῦ
1145 4938 1375 5008 ὀργάνου
1401 4939 1495 4991 τοῦ
1523 4939 1821 5009 πλήξαντος

255 5031 625 5100 κριθήσονται,
682 5026 778 5082 καὶ
819 5027 929 5081 ἀπὸ
981 5027 1088 5080 τῶν
1142 5028 1344 5080 λοιπῶν
1401 5024 1475 5081 ὧν
1535 5032 1819 5100 παρέδωκε

254 5120 649 5190 γνωρισμάτων
679 5121 736 5172 εν
766 5119 842 5187 τῷ
871 5120 1042 5188 ὀγδόῳ
1073 5121 1274 5172 κανόνι.

837 5210 1075 5263 ΚΑΝΩΝ
1103 5212 1154 5264 Μ
1163 5209 1234 5263 Δ⁹.

265 5302 328 5356 Ἦ
359 5303 608 5365 διάκονος
642 5303 674 5372 ἡ
705 5300 782 5372 τῷ
818 5301 1038 5372 Ἕλληνι
1072 5304 1526 5374 συμπορνεύσασα
1559 5307 1617 5358 ού
1656 5305 1817 5377 δεκτή

328 5397 475 5447 ἐστιν
506 5396 588 5458 εις
621 5394 906 5446 κοινωνίαν
928 5408 944 5423 ·
977 5394 1055 5456 είς
1083 5394 1140 5447 δὲ
1168 5397 1266 5464 τὴν
1293 5396 1602 5465 προσφορὰν
1626 5398 1820 5468 5.10a-

326 5500 476 5538 σεται
521 5486 598 5554 τῷ
630 5485 671 5547 ζ’
707 5484 814 5538 ἔτει
834 5525 848 5548 ,
878 5485 1120 5552 δηλονότι
1158 5488 1216 5538 ὲν
1241 5488 1432 5559 ἁγνείᾳ.
1460 5489 1632 5552 ζῶσα.
1671 5491 1732 5544 '0
1764 5491 1820 5543 δὲ

327 5577 465 5643 μετὰ
486 5576 584 5643 τὴν
608 5576 785 5629 πίστιν
803 5577 1002 5644 Ἕλλην
1027 5577 1185 5632 πάλιν
1206 5581 1270 5647 τῇ
1289 5579 1561 5650 ίεοοσυλίᾳ
1582 5580 1820 5651 προσιὼν

328 5667 416 5716 ιπι
439 5665 528 5716 τὸν
554 5665 746 5734 ἔμετον
767 5667 1102 5736 ἐπιστρέφει.
1136 5667 1322 5738 Ἡμεῖς
1343 5669 1435 5724 οὖν
1459 5669 1555 5740 τῆς
1571 5670 1818 5725 διακόνου

1927 4495 2086 4548 quam
2123 4481 2406 4546 ulciscens,
2441 4483 2705 4536 homicida
2743 4491 2845 4537 est.

1998 4568 2052 4622 Si
2089 4571 2214 4638 quis
2255 4572 2306 4622 in
2353 4585 2528 4639 pugna
2561 4571 2752 4625 vulnus
2800 4572 2992 4626 lethale
3023 4574 3257 4645 cuipiam
3293 4576 3490 4641 intulit,

1929 4671 2156 4714 mortem
2191 4661 2467 4724 minitans,
2499 4663 2624 4716 licet
2648 4666 2854 4731 primus
2885 4663 3166 4719 vulnerare
3192 4667 3373 4733 cepit,
3405 4679 3494 4721 aut

1925 4754 1991 4806 ab
2021 4767 2084 4806 eo
2123 4768 2408 4821 percussus
2445 4761 2498 4806 et
2530 4768 2647 4807 sese
2676 4754 2963 4816 ulciscens,
2997 4753 3271 4810 letbaliter
3306 4773 3489 4826 reper-

1923 4843 2116 4906 cussit,
2150 4842 2413 4901 homicida
2458 4854 2558 4898 est.
2606 4842 2744 4897 Num
2780 4844 3068 4898 voluntarii
3107 4856 3283 4900 autem
3331 4851 3489 4900 anum

1923 4944 2082 4986 erant
2116 4942 2207 4986 aut
2249 4934 2613 4998 inVoluntarii,
2655 4949 2684 4986 a
2730 4935 3082 5002 percutientis
3126 4938 3486 4992 instrumento

1917 5024 2324 5091 iudieabumur,
2363 5033 2416 5078 et
2441 5025 2510 5077 ab
2550 5025 2670 5080 aliis
2695 5025 2913 5094 iudiciis
2945 5040 3064 5096 qua:
3089 5027 3140 5082 in
3176 5039 3368 5082 octavo
3396 5044 3486 5083 ρος

1924 5133 2062 5174 none
2092 5118 2330 5172 tradidit.

2472 5211 2700 5266 CANON
2745 5209 2902 5266 XLIV

1925 5305 2255 5368 Diacoiussa,
2281 5319 2398 5372 qua:
2427 5321 2528 5357 una
2560 5319 2680 5357 cum
2709 5303 2898 5358 Graeco
2927 5303 3189 5357 fornicata
3225 5310 3328 5365 est,
3376 5316 3481 5356 non

1997 5409 2079 5452 est
2111 5399 2176 5452 ad
2211 5399 2642 5451 communionem
2681 5397 3034 5459 admittenda,
3063 5395 3130 5450 ad
3159 5395 3481 5450 oblationem

1993 5498 2170 5539 autem
2216 5487 2446 5553 septimo
2498 5501 2639 5539 anno
2684 5487 3018 5548 admittetur,
3073 5484 3283 5540 scilicet
3329 5485 3376 5540 si
3428 5485 3480 5538 in

1993 5576 2242 5631 castitate
2288 5576 2451 5630 vitam
2508 5586 2651 5645 agat.
2702 5575 2921 5630 Graecus
2974 5585 3175 5639 autem,
3219 5577 3307 5644 qui
3359 5592 3478 5644 ρυει

1991 5667 2149 5724 iidem
2186 5683 2374 5726 rursus
2396 5669 2463 5723 ad
2497 5667 2835 5738 sacrilegium
2865 5667 3090 5732 accedit,
3124 5667 3191 5722 ad
3227 5667 3483 5722 vomitum
