4006 6472
497 289 606 354 719

1758 289 2037 348 TllEOD.
2076 290 2478 350 BALSAMON

3634 305 3752 366 120

571 402 878 457 revertitur.
914 402 1022 456 Nos
1047 417 1172 457 vero
1201 405 1514 459 diaconissze
1538 417 1754 472 corpus,
1785 412 1842 456 ut
1872 416 2051 456 conse«

2232 404 2290 453 τὸ
2308 404 2466 469 σῶμα
2487 403 2560 464 ὡς
2583 404 2982 474 καθιερωμένον
3003 408 3102 462 οὐκ
3124 408 3498 482 ἐπιτρέπομεν
3524 415 3582 467 ἐν
3606 423 3716 484 χρη
3731 443 3756 456 -

564 503 799 555 oratum,
830 509 932 546 non
965 494 1192 562 amplius
1226 495 1279 548 in
1321 510 1416 550 usu
1451 493 1648 550 carnali
1685 508 1802 548 esse
1833 494 2057 561 permit-

572 590 753 639 timus.

569 769 761 825 BALS.
811 769 1111 834 Quomodo,
1145 771 1198 821 el
1229 782 1474 838 quaenam
1521 767 1715 822 mulier
1753 768 2056 822 diaconissa

498 863 575 927 fit,
607 878 669 916 ex
698 860 925 915 diversis
962 859 1253 914 canonibus
1284 859 1538 914 didicisti.
1581 859 1889 914 Diaconissa
1927 873 2057 926 ergo

495 954 688 1008 mulier
737 953 894 1007 alicui
948 951 1136 1006 Graeco
1189 951 1540 1005 fornicatorie
1586 950 1901 1017 conjuncta,
1949 965 2056 1002 non

496 1044 669 1098 solum
722 1051 801 1095 est
848 1041 1110 1110 deposita,
1154 1040 1248 1094 sed
1297 1039 1460 1094 etiam
1507 1047 1820 1108 segregata;
1873 1046 1925 1092 et
1967 1037 2056 1104 qui

494 1150 612 1188 cum
646 1149 707 1186 ea
743 1148 852 1186 rem
893 1132 1080 1185 ltabuit
1119 1131 1360 1194 Graecus,
1409 1131 1575 1186 fidelis
1616 1129 1861 1192 effectus,
1890 1128 2058 1181 voluit

494 1239 610 1278 eam
658 1238 879 1277 uxorem
921 1223 1184 1290 accipere,
1229 1233 1484 1291 tanquam
1533 1221 1620 1287 qui
1665 1236 1760 1290 per
1809 1227 2053 1274 sanctum

497 1315 815 1384 baptismum
849 1329 878 1367 a
918 1316 1098 1368 Graeca
1147 1313 1480 1367 immunditia
1513 1312 1772 1366 liberatus
1810 1317 1972 1373 esset,
2004 1317 2058 1360 et

494 1406 583 1474 qui
615 1406 663 1458 ei
692 1404 927 1472 legitime
966 1405 1214 1473 conjungi
1264 1418 1366 1457 non
1400 1403 1767 1471 impediretur,
1814 1417 1932 1468 qua:
1964 1415 2057 1466 per

494 1497 725 1566 priorem
759 1496 1165 1550 fornicationem
1192 1495 1520 1550 diaconaletn
1551 1497 1926 1547 auctoritatem
1959 1494 2052 1545 de-

493 1589 780 1656 posuisset,
825 1597 878 1641 et
921 1599 1064 1641 esset
1099 1588 1260 1640 veluti
1305 1587 1494 1640 libera.
1547 1584 1776 1639 Sanctus
1810 1600 1938 1651 ergo
1990 1586 2055 1638 tle

497 1683 739 1749 tttrisqne
767 1681 922 1748 102
950 1679 1049 1732 fuit
1097 1680 1479 1749 interrogatus,
1505 1688 1558 1731 et
1587 1678 1880 1742 respondit,
1913 1675 2050 1743 quod

493 1772 816 1830 diaconissa,
854 1785 971 1836 qum
1006 1768 1265 1822 fornicata
1299 1777 1400 1832 est,
1432 1778 1486 1821 et
1524 1777 1804 1836 propterea
1839 1765 1938 1819 fuit
1963 1767 2051 1819 de—

494 1863 687 1933 posita,
735 1877 839 1914 non
898 1860 1288 1928 segregabitur,
1344 1859 1417 1911 ita
1465 1869 1523 1910 ttt
1571 1873 1673 1911 non
1721 1858 1774 1910 in
1825 1856 2050 1910 ecclesia

493 1962 755 2013 versetur,
791 1952 883 2005 sed
919 1951 983 2002 ad
1016 1949 1311 2001 orationem
1357 1956 1409 2001 et
1441 1948 1729 2000 stationem
1763 1960 1882 2000 cum
1920 1943 2053 1997 lide-

494 2045 630 2097 Iihus
652 2043 984 2096 admittetur.
1015 2040 1218 2093 Dictum
1249 2039 1389 2092 enim
1417 2047 1497 2091 est
1521 2038 1794 2092 tricesimo
1818 2037 2053 2091 secundo

491 2136 605 2202 ejus
637 2149 758 2186 catt.
813 2137 953 2199 quod
998 2130 1201 2194 clerici,
1238 2129 1328 2198 qui
1386 2139 1661 2198 peccatum
1713 2129 1776 2179 ad
1824 2135 2050 2179 mortem

494 2233 742 2292 peccant,
766 2223 935 2276 solum
968 2224 1324 2289 deponuntur,
1355 2235 1457 2272 non
1489 2219 1646 2272 etiam
1679 2227 2049 2286 segregantur.

493 2313 609 2367 Non
646 2313 788 2366 enim
823 2311 1121 2364 vindicabis
1156 2310 1235 2363 bis
1270 2311 1318 2361 in
1355 2308 1607 2375 idipsum.
1641 2308 1809 2361 Porro
1842 2318 1894 2361 et
1934 2307 2050 2359 dia-

494 2405 702 2459 conissa
733 2413 948 2471 propter
979 2401 1385 2454 fornicationem
1421 2399 1658 2464 deposita
1694 2397 1763 2450 ab
1796 2397 2054 2451 ecclesia-

493 2496 628 2550 stica
666 2495 851 2564 synaxi
887 2508 990 2546 non
1034 2491 1418 2559 segregabitur.
1455 2489 1529 2541 ΙΙΙί
1564 2491 1704 2544 enim
1736 2502 1833 2557 pro
1864 2487 2053 2554 quavis

494 2601 650 2655 pugna
681 2585 874 2639 snllicit
901 2584 1184 2652 depositio.
1215 2582 1349 2648 Quia
1381 2589 1558 2635 autem
1591 2582 1679 2648 qni
1710 2580 2054 2632 fornicamur

495 2677 725 2732 triennio
745 2691 846 2728 non
868 2683 989 2727 sunt
1011 2682 1318 2728 sanctorum
1343 2673 1716 2742 mysteriorum
1741 2669 2048 2738 partit-ipes,

492 2770 679 2824 statuit
731 2776 948 2821 sanctus
985 2777 1042 2819 ιιι
1091 2780 1149 2818 ea
1194 2764 1363 2832 magis
1397 2763 1693 2828 puniretur,
1746 2761 1886 2830 quod
1932 2777 2050 2813 cum

2238 509 2317 544 σει
2346 488 2483 545 εἶναι
2519 498 2778 565 σαρκικῇ.

2230 766 2423 818 ΒΔΛΣ.
2444 767 2632 829 Ὅπως
2655 767 2747 820 καὶ
2769 768 2852 821 οἵα
2878 769 3012 838 γυνὴ
3033 769 3241 836 γίνεται
3264 774 3514 834 διάκονος
3540 771 3751 839 ἔμαθες

2159 857 2267 910 ἀπὸ
2291 858 2560 928 διαφόρων
2582 860 2844 914 κανόνων.
2866 861 3119 923 Διάκονος
3148 862 3277 929 γοῦν
3297 865 3436 933 γυνὴ
3461 866 3751 934 πορνικῶς

2161 947 2543 1018 συμφθαρεῖσα
2576 948 2800 1019 Ἕλληνι
2833 968 2937 1004 τινι
2970 951 3030 1004 οὗ
3072 952 3233 1020 μόνον
3261 952 3573 1025 καθῃρέθη.
3607 953 3752 1007 ἀλλὰ

2159 1037 2252 1087 καὶ
2291 1037 2573 1108 ἀφωρίσθη
2603 1054 2618 1070 ⁸
2660 1043 2754 1093 καὶ
2795 1043 2824 1092 ὁ
2870 1056 3008 1110 μετα
3041 1042 3246 1111 ταύτης
3280 1043 3339 1095 δέ
3390 1045 3748 1112 συμφθαρεὶς

2159 1123 2378 1193 Ἕλλην,
2432 1127 2620 1188 πιστὸς
2647 1129 2962 1196 γενόμενος,
3004 1129 3160 1199 ῆθελε
3199 1130 3407 1200 ταύτην
3440 1130 3636 1185 λαϐεῖν
3665 1133 3753 1193 εις

2156 1216 2411 1279 γυναῖκα,
2458 1215 2534 1277 ὼς
2577 1216 2665 1268 διά
2713 1216 2808 1269 τοῦ
2860 1218 3019 1284 ἀγίου
3077 1217 3456 1288 βαπτίσματος
3501 1221 3612 1273 ἀπὸ
3646 1221 3753 1289 τῆς

2169 1303 2489 1373 Ἑλληνικῆς
2539 1305 2878 1374 ἀκαθαρσίας
2924 1303 3240 1377 καθαρθεὶς.
3291 1312 3391 1362 καὶ
3441 1308 3609 1379 δῆθεν
3666 1311 3751 1380 μὴ

2158 1394 2582 1464 ἐμποδιζόμενος
2619 1396 2867 1467 νομίμως
2898 1400 3038 1468 αὑτῇ
3065 1399 3434 1471 συναφθῆναι,
3477 1401 3579 1470 τὴν
3627 1402 3754 1455 δια-

2155 1487 2381 1554 κονικὴν
2442 1486 2597 1551 ἀξίαν
2648 1487 2982 1560 ἀποθεμένη,
3031 1489 3122 1542 διά
3172 1492 3270 1559 τῆς
3325 1493 3750 1562 προγενομένης

2159 1578 2439 1648 πορνείας,
2461 1578 2557 1629 καὶ
2582 1572 2694 1630 οἷον
2714 1577 2850 1649 οὔσῃ
2876 1580 3454 1650 ἐλευθέρᾳ.Ἥρωτήθη
3490 1581 3585 1635 οὖν
3613 1601 3673 1634 πε
3689 1584 3750 1651 pi

2154 1670 2478 1738 ἀμφοτέρων
2502 1669 2528 1721 ὀ
2561 1670 2736 1735 ἅγιος,
2758 1671 2854 1724 καὶ
2875 1672 3212 1741 ἀπεκρίνατο
3232 1673 3360 1741 ὅτιὴ
3390 1673 3751 1741 πορνεύσασα

2150 1759 2482 1823 διακόνισσα,
2507 1760 2601 1812 καὶ
2615 1760 2700 1812 διὰ
2718 1759 2875 1812 τοῦτο
2890 1759 3299 1830 καθαιρεθεῖσα,
3323 1765 3423 1814 οὐκ
3443 1765 3756 1831 ἀφορισθῆ-

2155 1873 2306 1908 σεται
2367 1855 2505 1908 ὥστε
2557 1857 2631 1925 μὴ
2680 1856 3079 1923 ἐκκλησιάζειν,
3120 1856 3257 1909 ἀλλά
3297 1858 3624 1927 δεχθήσεται
3665 1862 3752 1918 εἰς

2152 1950 2252 2016 τὴν
2280 1947 2416 2017 μετά
2441 1946 2550 2000 τῶν
2581 1947 2786 1999 πιστῶν
2818 1947 2983 2016 εὐχὴν
3005 1950 3098 2000 καὶ
3126 1949 3337 2001 στάσιν.
3369 1945 3608 2019 Εἴρηται
3636 1953 3752 2018 γὰρ

2153 2041 2230 2100 είς
2279 2039 2368 2090 τὸν
2411 2037 2492 2108 λβ¹
2538 2038 2736 2090 κανόνα
2773 2038 2960 2101 αὐτοῦ,
2996 2039 3078 2090 ὅτι
3115 2041 3164 2091 οἱ
3201 2039 3300 2108 τὴν
3327 2043 3466 2108 πρὸς
3512 2042 3754 2094 θάνατον

2154 2131 2555 2200 ἁμαρτάνοντες
2573 2131 2849 2200 ἁμαρτίαν
2868 2130 2967 2199 κλη
2977 2132 3118 2200 ρικοὶ
3137 2130 3533 2200 καθαιροῦνται
3556 2134 3750 2200 μόνον,

2153 2223 2212 2274 οὐ
2251 2223 2356 2292 μὴν
2388 2224 2482 2275 καὶ
2513 2223 2884 2293 ἀφορίζονται.
2923 2225 2999 2276 Οὐ
3035 2225 3140 2292 γὰρ
3183 2224 3500 2293 ἐκδικήσεις
3535 2226 3620 2287 δὶς
3648 2227 3749 2278 ἐπὶ

2152 2315 2212 2366 τὸ
2265 2313 2426 2366 αὑτό.
2475 2314 2581 2367 Καὶ
2624 2316 2656 2384 ἡ
2705 2314 2948 2376 διάκονος
2989 2314 3149 2381 γοῦν,
3196 2314 3285 2366 διὰ
3325 2317 3426 2384 τὴν
3484 2317 3753 2383 πορνείαν

2156 2406 2568 2475 καθαιρεθεῖσα,
2604 2405 2702 2458 οὐκ
2739 2407 3168 2475 ἀφορισθήσεται
3209 2409 3270 2459 ἐκ
3303 2407 3404 2474 τῆς
3438 2409 3750 2476 ἐκκλησια-

2156 2502 2345 2568 στικῆς
2377 2496 2672 2559 συνάξεως.
2709 2497 2899 2565 Ἀρκεῖ
2928 2497 3036 2564 γάρ
3067 2498 3203 2566 αὐτῇ
3237 2497 3358 2548 ἀντὶ
3391 2501 3596 2558 παντὸς
3626 2501 3752 2549 ἐπι-

2153 2587 2331 2653 τιμίου
2377 2588 2409 2654 ἡ
2455 2585 2792 2654 καθαίρεσις.
2847 2587 2967 2640 Ὀτι
3023 2587 3079 2638 δέ
3133 2588 3182 2638 οἱ
3239 2586 3609 2656 πορνεύοντες
3652 2574 3750 2639 ἐπὶ

2152 2678 2471 2748 τετραετίαν
2496 2678 2602 2730 τῶν
2635 2678 2805 2744 ἁγίων
2835 2678 3152 2746 μυστηρίων
3183 2679 3242 2729 οὑ
3282 2679 3748 2747 μεταλαμόάνου-

2158 2787 2263 2833 σιν,
2313 2769 2513 2838 ὥρισεν
2544 2771 2570 2821 ὁ
2610 2769 2764 2835 ἆγιος
2801 2770 2892 2820 ἐπὶ
2927 2769 3087 2822 πλέον
3129 2768 3529 2838 ἐπιτιμηθῆναι
3571 2773 3749 2838 αὐτὴν

491 2861 674 2916 Graeco
717 2876 823 2913 rem
857 2859 1121 2922 habuerit,
1161 2871 1330 2925 eaque
1364 2865 1505 2909 essm
1557 2865 1676 2922 post
1708 2855 2048 2924 septenuium

2155 2861 2235 2914 διὰ
2258 2861 2318 2914 τὸ
2348 2862 2484 2929 μετά
2517 2860 2774 2928 Ἕλληνος
2801 2859 3211 2929 συμφθαρῆναι,
3239 2861 3327 2910 καὶ
3357 2859 3500 2927 μετά
3532 2861 3739 2913 ἑπταε-

493 2961 953 3005 sacramentorum
985 2947 1251 3014 particeps
1291 2962 1318 2998 a
1356 2945 1709 2998 fornicatione
1736 2958 1792 2996 se
1832 2957 2051 3010 prorsus

2155 2951 2276 3000 τίαν
2330 2947 2657 3016 μεταλαϐεῖν
2702 2948 2874 3016 αὐτὴν
2921 2947 3029 2998 τῶν
3074 2947 3464 3014 άγιασμάτων,
3519 2949 3746 3011 πάντως

491 3041 791 3095 continens.
843 3036 1089 3091 Graecum
1138 3047 1315 3087 autem
1363 3036 1450 3101 qui
1501 3035 1754 3097 credidit,
1808 3043 1864 3086 et
1909 3046 2047 3093 earn,

2163 3039 2478 3088 ἀποστᾶσαν
2524 3037 2588 3087 ἐκ
2632 3037 2731 3104 τῆς
2778 3035 3054 3105 πορνείας.
3101 3036 3202 3088 Τὸν
3250 3037 3306 3088 δέ
3353 3037 3742 3090 πιστεύσαντα

492 3148 611 3200 qua:
641 3131 928 3199 aliquando
956 3127 1055 3180 fuit
1086 3124 1389 3179 diaconissa
1425 3127 1620 3177 habere
1645 3124 1857 3190 qua-rit,
1890 3123 2051 3174 sacri-

2164 3128 2402 3195 Ἕλληνα
2446 3127 2542 3179 καὶ
2583 3127 2847 3195 ζητοῦντα
2881 3128 3025 3195 ἔχειν
3061 3127 3158 3197 τήν
3205 3143 3335 3179 ποτε
3379 3129 3740 3183 διακόνισσαν

495 3223 616 3292 legii
657 3217 1093 3274 condemuationi
1142 3214 1376 3284 subjicit,
1414 3215 1457 3266 si
1492 3215 1809 3266 diaconissaa
1836 3225 2051 3280 corpus,

2162 3219 2466 3286 ἱεροσυλίας
2520 3219 2786 3287 καταδίκῃ
2834 3214 3259 3281 κάθυποόάλλει,
3314 3219 3411 3272 ἐὰν
3465 3220 3530 3271 τὸ
3583 3221 3737 3286 ams

494 3311 634 3379 quod
662 3312 767 3364 Deo
794 3309 954 3361 semel
982 3314 1061 3359 est
1091 3305 1414 3366 dedicatum,
1445 3319 1537 3372 per
1572 3304 1770 3355 coitum
1805 3303 2050 3369 coinqui-

2161 3309 2466 3379 ἀφιερωθέν
2506 3309 2660 3378 σῶμα
2690 3308 2790 3377 τῆς
2825 3308 3170 3370 διακονίσσης
3199 3309 3288 3360 διὰ
3321 3309 3418 3378 τῆς
3444 3311 3740 3377 ἐπιμιξίας

494 3402 702 3455 naverit
733 3419 747 3454 :
783 3409 834 3452 et
875 3413 994 3451 eum
1032 3396 1165 3448 adeo
1201 3408 1387 3448 canent
1425 3401 1602 3454 vocat,
1655 3394 1746 3461 qui
1794 3393 1858 3444 ad
1894 3407 2051 3445 suum

2155 3401 2387 3469 κοινώσῃ
2409 3416 2425 3431 ⁸
2462 3401 2663 3468 μᾶλλον
2705 3401 2803 3468 μὲν
2840 3397 2934 3451 οὖν
2971 3401 3062 3450 καὶ
3094 3404 3231 3451 κύνα
3259 3400 3427 3452 αὑτὸν
3460 3402 3744 3454 ἀποκαλεῖ

493 3492 753 3547 vomitum
786 3488 1098 3548 revertitur,
1140 3487 1238 3537 hoc
1265 3493 1346 3537 est
1377 3483 1442 3536 ad
1488 3485 1717 3552 priorem
1760 3480 2050 3535 infidelita-

493 3593 601 3636 tem
638 3595 733 3650 per
765 3578 1028 3632 nefarium
1073 3574 1295 3626 coitum.
1343 3572 1703 3637 Quamobrem
1752 3587 1894 3636 eam,
1936 3586 2057 3639 quas

493 3672 656 3727 semel
709 3671 815 3724 Deo
864 3677 945 3721 est
986 3665 1259 3726 dedicata,
1311 3663 1523 3716 etiamsi
1574 3662 1737 3715 fuerit
1788 3662 2052 3731 deposita,

495 3763 638 3816 nullo
667 3761 829 3816 modo
871 3759 1000 3812 sinit
1045 3755 1204 3809 alicui
1243 3753 1521 3821 conjungi,
1558 3755 1699 3817 quod
1747 3753 1816 3806 sit
1857 3767 2055 3821 corpus

493 3855 610 3922 ejus
648 3858 1044 3911 consecratum,
1073 3856 1127 3899 et
1155 3844 1361 3899 servari
1397 3845 1589 3898 debeat
1616 3843 1682 3897 ab
1711 3845 1854 3896 omni
1888 3845 2051 3906 cuitu,

493 3955 546 3998 et
575 3942 716 3997 omni
744 3957 843 3995 usu
871 3938 1074 3993 carnali
1106 3939 1256 4007 juxta
1284 3936 1641 3990 universalem
1671 3935 1907 4004 regulam
1937 3949 2054 4003 quae

495 4037 645 4098 dicit,
690 4034 840 4098 Quod
889 4040 1130 4083 sanctum
1178 4040 1260 4083 est
1313 4044 1420 4082 non
1468 4028 1528 4080 ﬁt
1587 4027 1866 4096 pollutum.
1918 4027 2054 4081 Nota

490 4141 619 4193 ergo
651 4126 761 4177 haec
805 4131 1023 4191 prOpter
1056 4121 1284 4175 clericos
1322 4129 1376 4173 et
1411 4119 1724 4182 monachos,
1754 4126 1844 4187 qui
1877 4127 2053 4173 trans-

495 4215 729 4267 formant
782 4221 835 4263 et
882 4218 1093 4262 mutant
1142 4209 1382 4261 habitum
1423 4247 1437 4271 ,
1497 4208 1603 4259 imo
1660 4215 1713 4260 et
1757 4207 2054 4260 monacltas

2155 3494 2232 3551 είς
2254 3491 2342 3541 τὸν
2376 3490 2505 3542 ἱδιον
2529 3489 2721 3556 ἔμετον
2761 3490 3181 3556 ἐπιστρέφοντα,
3211 3491 3496 3543 τουτέστιν
3527 3495 3610 3553 εἰς
3637 3495 3741 3562 τὴν

2154 3580 2424 3647 προτέραν
2473 3579 2732 3631 ἀπιστίαν
2776 3577 2860 3630 διά
2905 3580 3007 3646 τῆς
3048 3577 3291 3646 ἀθέσμου
3340 3581 3571 3649 μίξεως.
3624 3585 3742 3636 Καὶ

2153 3667 2250 3736 τὴν
2294 3667 2441 3730 ἅπαξ
2483 3667 2908 3736 καθιερωθεῖσαν
2946 3669 3022 3737 τῷ
3069 3668 3207 3738 Θεῷ,
3257 3669 3360 3723 κᾶν
3405 3671 3739 3741 καθαιρεθῇ,

2153 3762 2212 3810 οὐ
2263 3762 2583 3829 παραχωρεῖ
2635 3759 2986 3828 ὁπωσδήποτε
3037 3776 3143 3812 τινι
3192 3761 3590 3826 συνάπτεσθαι,
3644 3764 3739 3817 διὰ

2153 3853 2211 3900 τὸ
2250 3847 2389 3903 εἶναι
2423 3849 2482 3901 τὸ
2518 3849 2675 3918 σῶμα
2712 3850 2880 3918 αὐτῆς
2909 3851 3336 3921 καθιερωμένον,
3365 3855 3459 3905 καὶ
3492 3855 3737 3922 ὀφείλειν

2154 3939 2528 4008 συντηρεϊσθαι
2567 3938 2746 4007 πάσης
2793 3939 2978 4007 κοινῆς
3022 3941 3114 3992 καὶ
3160 3942 3433 4010 σαρκικῆς
3481 3945 3739 4012 χρήσεως

2151 4028 2445 4097 ἀνώτερον,
2495 4028 2638 4080 κατά
2684 4029 2775 4080 τὸν
2826 4028 3056 4081 καθόλου
3120 4029 3276 4095 λόγον
3323 4029 3417 4082 τὸν
3474 4030 3732 4099 λέγοντα*

2152 4118 2226 4170 Τὸ
2275 4119 2418 4186 ἱερὸν
2466 4122 2660 4186 μιαρὸν
2696 4118 2757 4170 οὐ
2798 4118 3026 4185 γίνεται.
3059 4119 3374 4187 Σημείωσαι
3423 4120 3603 4173 ταῦτα
3645 4123 3740 4176 διά

2152 4209 2277 4271 τοὺς
2331 4209 2973 4279 μετασχηματιζομένους
3027 4209 3319 4281 κληρικούς
3369 4228 3429 4264 τε
3483 4216 3579 4265 καὶ
3631 4231 3738 4281 μο-

492 4301 677 4363 etiam,
709 4306 762 4351 et
800 4296 1052 4350 ascetrias
1091 4295 1329 4346 volentes
1375 4293 1625 4361 legittmts
1657 4294 1912 4347 uxoribus
1959 4303 2051 4347 aut

2155 4300 2374 4367 ναχοὺς,
2419 4301 2513 4352 καὶ
2563 4301 2746 4369 μέντοι
2791 4300 2885 4352 καὶ
2941 4303 3182 4370 μοναχὰς
3252 4305 3344 4353 καὶ
3399 4306 3737 4374 ἀσκητρίας,

499 4391 634 4444 viris
663 4387 935 4456 conjungi.
973 4384 1235 4438 Existimo
1274 4393 1450 4437 autem
1482 4399 1573 4437 eas
1615 4386 1681 4436 ab
1713 4385 1813 4438 hoc
1845 4399 2051 4438 canone

2156 4361 2257 4438 καῖ
2308 4361 2577 4448 θέλοντας⁷
2609 4387 2861 4456 νομίμοις
2916 4361 3174 4454 γυναιξὶν
3222 4389 3254 4456 ἢ
3315 4391 3410 4439 καὶ
3467 4361 3736 4461 avenam;

493 4488 639 4532 recte
667 4476 904 4533 secundo
938 4475 1138 4528 nubere
1175 4472 1554 4541 probibcndas,
1581 4487 1678 4525 nec
1712 4473 2052 4526 sacerdotum

496 4581 714 4629 uxores,
737 4566 875 4618 sicut
903 4579 999 4618 nec
1024 4563 1113 4630 qui
1138 4570 1261 4616 sunt
1286 4563 1483 4616 sacrati
1511 4561 1873 4614 sacerdotium
1902 4576 2054 4614 recu-

495 4664 699 4718 santes,
757 4654 1134 4720 permittentur
1181 4652 1363 4704 vivere
1413 4659 1468 4702 ut
1518 4650 1661 4714 laici,
1711 4662 1764 4703 et
1817 4651 2053 4705 secundo

497 4743 899 4798 matrimonium
926 4742 1244 4794 contrahere
1270 4756 1284 4792 :
1309 4739 1642 4793 sacerdomm
1671 4740 1812 4792 enim
1837 4753 2050 4804 uxores,

498 4848 659 4887 unum
702 4845 894 4898 corpus
932 4839 984 4882 et
1030 4842 1132 4881 una
1181 4843 1308 4882 caro
1340 4829 1709 4892 sacerdotalis,
1745 4844 1839 4896 per
1870 4830 2051 4897 legiti-

499 4937 638 4977 mam
670 4920 959 4976 sacerdotil
995 4918 1420 4984 coujunctionem
1464 4918 1759 4986 appellatae,
1800 4929 1854 4973 et
1891 4934 1951 4974 ea
1983 4919 2051 4973 de

499 5027 657 5066 causa
697 5010 861 5065 veluti
910 5017 1271 5072 consecratae,
1324 5022 1427 5062 non
1477 5008 1902 5077 profanabuntur
1955 5023 2052 5077 per

499 5103 764 5158 secundas
815 5102 1048 5166 nuptias.
1108 5097 1428 5153 Sacerdmes
1478 5107 1684 5164 autem,
1737 5100 1827 5167 qui
1885 5101 2050 5154 semel

496 5193 760 5248 secundas
811 5192 1046 5257 nuptias,
1099 5204 1163 5244 eo
1213 5189 1356 5259 quod
1401 5189 1508 5244 Deo
1557 5199 1685 5243 sunt
1725 5191 2046 5256 consecrati,

496 5282 818 5352 rejecerunt,
868 5292 918 5333 et
966 5282 1073 5335 Deo
1102 5282 1202 5334 hoc
1247 5281 1429 5348 utique
1468 5280 1694 5347 professi
1742 5291 1890 5346 sunt,
1943 5297 2047 5334 non

496 5375 744 5428 sinentur
793 5385 888 5440 per
934 5369 1204 5424 carnalem
1255 5369 1597 5438 cupiditatem
1656 5372 2045 5426 sacerdotalem

494 5465 804 5533 dignitatem
840 5462 1144 5529 repudiare.
1171 5471 1223 5514 ct
1251 5475 1407 5527 quam
1440 5461 1548 5514 Deo
1577 5460 1816 5516 fecerunt
1843 5464 2049 5530 profes-

493 5555 699 5609 sionem
741 5555 1034 5618 inlirmare,
1076 5563 1128 5606 et
1162 5552 1362 5605 carnali
1411 5552 1620 5606 libidini
1664 5555 1866 5608 servire
1901 5573 1912 5608 :
1952 5557 2045 5607 ενι]

494 5643 704 5699 etiarnsi
741 5644 906 5699 semel
949 5641 1247 5698 sacerdotio
1293 5644 1716 5698 renuntiaverint
1743 5683 1758 5709 ,
1817 5658 2041 5713 corpora

2155 4476 2539 4531 συνάπτεσθαι.
2592 4477 2787 4544 Οῐομαι
2844 4476 2901 4529 δὲ
2955 4478 3066 4529 ἀπὸ
3113 4478 3208 4529 τοῦ
3253 4481 3481 4542 κανόνος
3536 4484 3734 4537 τούτου

2153 4565 2329 4628 καλῶς
2387 4565 2473 4617 ἴνα
2533 4564 2819 4617 κωλυθῶσι
2877 4565 3300 4634 δευτερογαμείν
3357 4570 3454 4621 καὶ
3517 4574 3574 4623 αἱ
3623 4575 3735 4625 τῶν

2156 4656 2342 4725 ἱερέων
2397 4656 2685 4721 γυναῖκες,
2747 4653 2934 4721 ὥσπερ
2994 4653 3113 4706 οὐδὲ
3171 4657 3219 4707 οἱ
3277 4658 3570 4727 ἱερωμένοι
3632 4664 3736 4730 τὴν

2154 4746 2451 4815 ἱερωσύνην
2479 4745 2903 4812 παραιτούμενοι
2931 4747 3496 4817 παραχωρηθήσονται
3519 4754 3596 4815 ὡς
3621 4755 3735 4808 λαῖο

2152 4840 2238 4889 κοὶ
2285 4837 2489 4901 διάγειν
2547 4837 2639 4886 καὶ
2685 4834 3102 4904 δευτερογαμείν
3199 4840 3254 4889 αἱ
3322 4841 3423 4908 μὲν
3477 4845 3588 4916 γὰρ
3635 4863 3734 4914 γυ-

2151 4929 2330 4986 ναῖκες
2363 4925 2470 4976 τῶν
2513 4927 2699 4990 ἱερέων
2744 4924 2800 4976 ἓν
2837 4925 2994 4994 σῶμα
3037 4929 3132 4979 καὶ
3169 4930 3265 4994 μία
3303 4931 3440 5001 σάρξ
3473 4936 3731 5006 ἱερατ.κὴ

2149 5017 2238 5067 διὰ
2253 5016 2349 5081 τῆς
2369 5015 2505 5083 μετὰ
2525 5015 2711 5084 ἱερέων
2729 5017 2958 5084 νομίμου
2977 5021 3268 5084 συναφείας
3286 5037 3390 5090 χρη
3401 5025 3731 5090 ματίσασαι,

2151 5104 2442 5158 κάντεῦθεν
2456 5096 2563 5155 οἷον
2587 5104 2910 5172 ἱερωθείσαι,
2928 5107 2988 5157 οὐ
3017 5106 3491 5180 βεδηλωθήσονται
3513 5115 3600 5167 διὰ
3624 5117 3728 5183 τῆς

2147 5195 2594 5266 δευτερογαμίας.
2632 5195 2763 5248 Οὐδὲ
2791 5197 2954 5264 ἱερεῖς
2985 5196 3134 5262 anas,
3155 5199 3254 5250 τὴν
3283 5201 3725 5274 δευτερογαμίαν

2148 5288 2473 5356 ἀποθέμενοι
2532 5287 2617 5339 διὰ
2669 5285 2762 5338 τοῦ
2822 5288 3148 5358 ἱερωθῆναι,
3207 5294 3302 5342 καὶ
3361 5294 3526 5347 τοῦτο
3587 5299 3724 5350 αὐτὸ

2148 5381 2224 5439 εἰς
2279 5377 2411 5430 Θεὸν
2474 5377 2953 5444 ἐπαγγειλάμενοι,
3017 5381 3076 5431 οὑ
3143 5385 3720 5456 παραχωρηθήσοντχι

2146 5468 2231 5519 διὰ
2282 5467 2379 5536 τὴν
2444 5470 2710 5536 σαρκικὴν
2765 5469 3060 5536 ἐπιθυμίαν
3111 5477 3560 5543 παραιτήσασθαι
3616 5481 3720 5547 τὴν

2149 5560 2425 5627 ἱερατικὴν
2478 5559 2672 5622 ἀξίαν,
2730 5559 2821 5610 xai.
2879 5558 2976 5626 τὴν
3034 5562 3112 5622 εἰς
3170 5562 3304 5616 Θεὸν
3374 5567 3718 5635 ἐπαγγελίαν

2152 5648 2432 5718 ἀθετῆσαι,
2465 5650 2557 5704 καὶ
2575 5653 2639 5719 τῇ
2673 5651 2904 5719 σαρκικῇ
2934 5650 3202 5722 ἐπιθυμία
3231 5654 3511 5712 δουλεῦσαι
3538 5677 3551 5691 ο
3581 5661 3718 5715 ἀλλὰ
