4006 6468
257 363 355 433 721

1195 374 1274 434 1N
1320 376 1559 435 EPIST.
1603 375 1662 436 S.
1700 375 1994 438 'BASILII
2030 377 2470 441 CANONICAM
2509 384 2588 443 Ιῐ.

3397 389 3498 447 ἿΞΞ.

253 479 357 578 κᾶν
379 486 825 578 παραιτῄσωνται
852 490 952 561 τὴν
975 491 1300 564 ἱερωσύνην,
1329 495 1734 564 κωλυθὴσονται
1759 494 1827 546 τὰ

1944 513 2050 561 tua,
2089 513 2206 567 qua
2237 511 2366 555 sunt
2415 503 2523 558 Deo
2557 504 2721 558 semel
2751 515 3090 572 consecrata,
3139 508 3501 578 prohibebun-

252 572 750 740 gnsaiiepwﬁév-ra
791 580 1020 648 σώματα
1068 584 1248 638 αὐτῶν
1299 585 1569 658 δευτέροις
1629 585 1830 657 γάμοις

291 682 315 718 ε
353 684 388 737 η
425 686 584 725 ωσαι.

291 682 584 737 εοηλωσαι.

322 866 567 923 ΖΩΝΑΡ.
589 869 718 926 Ἐὰν
732 873 1044 932 διακόνισσα
1058 879 1280 950 Ἕλληνι
1303 883 1620 955 συμφθαρῇ,
1639 883 1830 955 δεχθή-

256 971 432 1021 σεται,
469 961 652 1028 φησὶν,
685 965 767 1028 είς
796 968 1100 1023 κοινωνίαν.
1131 972 1435 1027 Κοινωνίαν
1457 973 1516 1028 δὲ
1548 974 1646 1045 τὴν
1689 975 1834 1045 μετὰ

252 1047 365 1098 τῶν
390 1051 597 1103 πιστῶν
623 1052 882 1109 σύστασιν
903 1060 962 1112 ἐν
987 1061 1107 1124 ταῖς
1128 1062 1315 1132 εὐχαῖς
1335 1063 1570 1118 ενταῦθα
1589 1064 1829 1133 νοητιον.

255 1136 369 1205 Τῆς
408 1138 467 1191 δὲ
501 1141 613 1195 τῶν
646 1144 817 1213 ἁγίων
867 1148 1058 1221 δώρων
1100 1154 1456 1225 μεταλήψεως
1495 1155 1574 1226 τῷ
1617 1156 1830 1226 ἑϐδόμῳ

256 1228 367 1282 ἔτει
409 1230 796 1304 ἀξιωθήσεται.
829 1241 926 1294 Διὰ
976 1245 1076 1311 μὲν
1119 1244 1228 1314 γάρ
1268 1245 1368 1316 τὴν
1411 1245 1685 1300 ἔκπτωσιν
1733 1247 1832 1316 τῆς

253 1317 553 1386 διακονίας,
605 1325 707 1379 οὐκ
756 1330 998 1397 εἴργεται
1047 1333 1156 1385 τῶν
1203 1336 1544 1405 προσευχῶν,
1589 1336 1712 1390 οὐδὲ
1753 1339 1832 1398 είς

253 1410 383 1473 τοὺς
416 1414 618 1478 τόπους
643 1417 754 1471 τῶν
780 1419 1076 1492 ἐπιτιμίων
1105 1425 1331 1482 ἑστάναι
1367 1427 1830 1491 καταδικάζεται·

254 1498 340 1552 διὰ
371 1499 425 1553 δι
469 1503 530 1555 τδ
560 1503 745 1576 νύμφη
785 1507 1095 1576 λογίζεσθαι
1135 1514 1228 1568 τοῦ
1269 1515 1529 1584 Χριστοῦ,
1570 1519 1664 1570 καὶ
1696 1534 1833 1587 προς

255 1587 443 1647 δοῦναι
501 1593 601 1662 τὴν
659 1595 825 1666 τιμὴν
883 1599 1118 1666 ἑαυτῆς,
1178 1600 1477 1674 βαρύτερον
1521 1605 1831 1672 κολάζεται.

257 1679 370 1748 Τῆς
421 1682 534 1750 γὰρ
578 1686 838 1752 πορνείας
887 1691 1180 1762 τετραετίᾳ
1218 1693 1651 1765 επιτιμωμένης,
1697 1695 1834 1769 αὕτη

256 1770 335 1832 εις
379 1769 610 1844 ἕϐδομον
641 1777 888 1831 ἐνιαυτὸν
924 1785 1314 1852 παρατείνεται
1345 1799 1360 1815 ·
1399 1786 1494 1838 καὶ
1527 1785 1709 1850 τοῦτο,
1741 1788 1835 1841 ἐὰν

259 1862 572 1935 ἀπόσχηται
599 1867 696 1935 τῆς
723 1868 1020 1938 ἁμαρτίας,
1055 1872 1150 1926 και
1175 1875 1232 1926 ιν
1262 1875 1455 1946 ἁγνείᾳ
1476 1874 1565 1947 ζῇ,
1625 1876 1752 1933 Ἐὰν
1779 1878 1835 1931 δι
1867 1853 1910 1877 ³³

256 1952 286 2004 6
317 1954 500 2021 μιγεὶς
528 1955 669 2027 αὐτῇ
700 1956 898 2029 Ἕλλην
923 1963 990 2032 τῇ
1019 1962 1199 2018 πίστει
1228 1965 1540 2036 προσελθὼν
1570 1967 1733 2021 πάλιν
1761 1969 1838 2021 is-

259 2044 457 2114 ροσυλῇ
507 2046 842 2116 (ἱεροσυλίαν
891 2051 947 2104 δὲ
997 2053 1098 2120 τὴν
1145 2055 1282 2124 μετὰ
1329 2055 1430 2125 τῆς
1489 2057 1837 2130 διακονίσσης

260 2131 406 2202 μίξιν
426 2135 629 2206 καλεί),
655 2140 747 2192 ἐπὶ
769 2142 862 2195 τὸν
884 2143 1036 2208 ίδιον,
1055 2148 1240 2214 φησὶν,
1266 2147 1583 2218 διαστρέφει
1609 2148 1802 2217 ἔμετον
1821 2167 1834 2186 ο

255 2223 317 2278 τὸ
351 2225 462 2297 γὰρ
506 2227 667 2296 σῶμα
694 2231 795 2301 τῆς
838 2233 1186 2306 διακονίσσης
1232 2238 1638 2308 καθιερωμένον
1677 2242 1830 2294 ἐστί’

259 2321 354 2373 καὶ
405 2321 495 2374 διὰ
541 2321 700 2377 τοῦτο
733 2329 831 2378 οὐκ
868 2327 1306 2400 ἐπιτραπήσεται
1351 2333 1411 2384 ἐν
1449 2333 1643 2402 χρήσει
1693 2326 1833 2387 εἶναι

259 2412 541 2479 σαρκικῇ,
589 2412 757 2482 ἤγουν
805 2416 964 2486 ἡδονῇ
1016 2418 1256 2487 χρῆσθαι
1297 2421 1519 2489 σαρκός.
1572 2417 1729 2484 Ἰσως
1775 2422 1830 2475 δὲ

259 2497 352 2550 καὶ
395 2499 486 2554 διὰ
528 2500 590 2553 τὸ
646 2503 875 2574 μιγῆναι
919 2505 1128 2577 ἀπίστῳ
1171 2509 1493 2579 ἐπιτιμᾶται
1545 2511 1744 2580 μᾶλλον
1798 2514 1830 2581 ὴ

259 2585 603 2649 διακόνισσα.

1936 600 2025 645 tur
2070 591 2320 649 secundis
2351 594 2554 663 nuptiis
2575 595 2880 663 profanare.

2012 871 2264 928 ZONAB.
2330 871 2386 928 Si
2447 887 2571 928 cum
2629 872 2819 928 Graeco
2878 874 3181 930 diaconissa
3247 882 3498 941 corrupta

1937 965 2119 1030 fuerit,
2157 968 2223 1019 ad
2246 967 2704 1027 communionem.
2737 965 2938 1034 inquit,
2973 966 3308 1019 admittetur.
3340 962 3502 1018 Com-

1938 1057 2212 1113 munionis
2246 1067 2426 1112 autem
2455 1058 2694 1122 nomine,
2720 1059 2822 1112 hoc
2861 1057 2999 1118 loco.
3044 1072 3146 1111 una
3179 1072 3300 1111 cum
3331 1055 3503 1110 fideli-

1937 1151 2039 1205 htts
2070 1149 2123 1204 in
2153 1163 2305 1205 sacra
2338 1149 2647 1218 precatione
2676 1150 2964 1204 stationem
2995 1149 3252 1219 intellige.
3281 1149 3350 1203 At
3373 1163 3503 1202 vero

1936 1250 2244 1297 sanctorum
2295 1256 2579 1296 munerum
2612 1243 2979 1310 perceptione,
3029 1242 3256 1308 septimo
3285 1243 3502 1298 demum

1935 1347 2080 1388 anno
2118 1333 2275 1403 digna
2323 1331 2632 1388 habebitur.
2667 1333 2820 1400 Quod
2861 1334 3003 1388 enim
3034 1333 3296 1386 exciderit
3327 1333 3503 1387 a-dia-

1937 1431 2158 1485 conatu,
2191 1435 2299 1476 non
2335 1429 2624 1491 propterea
2662 1438 2691 1476 a
2721 1422 2895 1478 sacris
2923 1421 3325 1489 precationibus
3354 1437 3503 1475 arce-

1937 1523 2048 1575 tur.
2078 1529 2252 1584 neque
2279 1515 2346 1569 ad
2377 1515 2750 1584 pmnitentium
2784 1515 3046 1571 stationes
3081 1514 3387 1568 damnatur.
3423 1515 3500 1568 Ex

1937 1620 2004 1659 eo
2033 1619 2162 1660 vero
2189 1606 2331 1674 quod
2358 1621 2456 1675 pro
2483 1606 2686 1662 Christi
2720 1621 2916 1677 sponsa
2951 1606 3205 1671 habetur,
3241 1619 3505 1673 suumque

1937 1697 2196 1753 honorem
2242 1698 2546 1765 prodidisse
2588 1698 2958 1765 existimatur,
3009 1698 3062 1751 in
3116 1712 3236 1751 eam
3288 1697 3503 1768 gravius

1938 1787 2404 1844 animadvertitur.
2440 1789 2575 1844 Cum
2623 1803 2855 1857 namque
2896 1787 3243 1843 fornicationi
3289 1788 3506 1855 quadri-

1942 1878 2094 1933 ennii
2121 1892 2276 1946 paena
2311 1879 2602 1932 constituta
2635 1877 2724 1939 sit.
2767 1878 2882 1933 hac
2921 1879 2986 1931 ad
3018 1877 3304 1945 septimum
3339 1892 3506 1944 usque

1943 1986 2145 2027 annum
2175 1971 2516 2040 protenditur
2542 1986 2557 2026 :
2587 1970 2752 2042 idque
2774 1971 2931 2025 modo
2954 1985 2982 2024 a
3013 1976 3236 2039 peccato
3256 1969 3505 2031 absistat,

1944 2078 2006 2118 ac
2059 2064 2224 2116 vitam
2274 2071 2422 2118 caste
2462 2064 2779 2132 lntegreque
2830 2062 3100 2118 traducat.
3147 2060 3414 2118 Caeterum
3459 2059 3506 2113 si

1941 2153 2181 2217 Graecus,
2204 2153 2442 2221 quicum
2466 2169 2529 2208 ea
2548 2169 2661 2208 rem
2691 2154 2897 2220 habuit,
2914 2156 2980 2208 ad
3014 2152 3171 2206 fidem
3195 2163 3508 2214 conversus,

1942 2246 2226 2317 sacrilegio
2262 2246 2456 2300 iterum
2493 2261 2550 2301 se
2583 2247 2917 2303 contaminet
2947 2245 3312 2318 (sacrilegium
3344 2257 3508 2310 porro

1941 2336 2084 2390 hunc
2106 2351 2229 2390 cum
2258 2336 2560 2390 diaconissa
2593 2351 2943 2406 congressum
2976 2333 3250 2405 appellat),
3285 2333 3350 2386 ad
3382 2346 3508 2398 pro-

1940 2425 2113 2493 prium
2163 2427 2424 2481 vomitum
2475 2427 2673 2481 reverti
2728 2429 2942 2482 asserit.
3005 2426 3214 2494 Corpus
3277 2437 3511 2490 namque

1941 2515 2263 2570 diaconissaa
2313 2529 2694 2574 consecratum
2732 2529 2858 2584 est;
2916 2532 2978 2572 ac
3022 2515 3247 2585 proinde
3309 2513 3362 2566 in
3411 2527 3507 2564 usu

1943 2603 2147 2659 carnali
2179 2619 2321 2670 esse,
2366 2607 2467 2661 hoc
2495 2617 2600 2670 est,
2638 2608 2818 2661 carnis
2850 2606 3122 2674 voluptate
3166 2604 3241 2656 uti
3279 2601 3508 2671 amplius

261 2681 405 2736 haud
453 2688 819 2752 permittetur.
869 2687 1032 2745 Forte
1084 2698 1266 2749 autem
1310 2703 1532 2764 propter
1603 2697 2044 2766 congressionem
2109 2714 2231 2754 cum
2297 2700 2520 2765 infideli,
2585 2702 2786 2771 majore
2855 2697 3273 2770 reprehensione
3326 2695 3509 2750 diaco-

259 2772 405 2830 aissa
435 2777 596 2846 digna
626 2789 729 2837 est.

330 2867 552 2922 ΔΡΙΣΤ.
590 2872 845 2936 Διάκονος
885 2874 1106 2942 Ἕλληνι
1164 2879 1556 2948 πορνευθεῐσα.
1606 2882 1701 2934 καὶ
1742 2900 1837 2948 με·

259 2958 565 3028 ταγνοῦσα,
603 2964 898 3018 ἑπταετίαν
928 2966 1305 3024 ὑποπιπτέτω.

344 3051 479 3105 ’ἰδοὺ
515 3053 750 3108 ἐνταῦθα
776 3056 870 3110 δύο
900 3058 971 3110 τὰ
1005 3060 1253 3130 ἐπιτίμια
1281 3076 1293 3090 ·
1329 3065 1701 3130 μετακινεῖται
1730 3066 1836 3134 γὰρ

263 3139 356 3195 τοῦ
402 3142 619 3215 βαθμοῦ
669 3148 834 3217 αὐτῆς
871 3153 904 3220 η
937 3149 1205 3217 διάκονος,
1243 3151 1352 3207 και
1382 3155 1474 3208 ἐπὶ
1515 3156 1658 3208 ἑπτὰ
1692 3155 1837 3208 ἔτεσι

261 3232 362 3302 τὴν
398 3236 722 3309 ἔπιτίμησιν
749 3239 989 3309 δέχεται,
1023 3243 1113 3296 καὶ
1143 3243 1251 3297 τῶν
1287 3245 1448 3298 θείων
1481 3247 1841 3315 ἁγιασμάτων

268 3326 585 3399 ιστέρηται,
643 3331 732 3384 διὰ
788 3332 846 3385 τὸ
912 3334 1372 3407 μετά-Ἕλληνος
1427 3336 1841 3408 συμπορνεῦσαι

277 3417 470 3490 αὐτην.

852 3516 1091 3569 ΚΑΝΩΝ
1131 3519 1264 3572 ME’.

281 3600 404 3658 Ἐάν
448 3619 554 3666 τις,
594 3604 653 3657 τὸ
681 3604 853 3674 ϐνομα
878 3606 1059 3661 λαϐὼν
1084 3607 1176 3665 τοῦ
1212 3609 1669 3680 Χριστιανισμοῦ,
1723 3612 1842 3665 svu-

287 3694 505 3766 νϐρίζῃ
551 3696 643 3749 τὸν
696 3697 957 3768 Χριστὸν,
986 3698 1138 3753 οὐδὲν
1177 3700 1367 3768 ὄφελος
1402 3703 1551 3774 αὑτῷ
1585 3704 1694 3758 ἀπὸ
1744 3706 1844 3775 τῆς

339 3786 742 3857 προσηγορίας.

339 3876 436 3942 Τις
460 3879 712 3944 ἄπιστος,
740 3881 1056 3949 βαπτισθεὶς
1080 3885 1175 3937 καὶ
1203 3885 1457 3950 ἀξιωθεὶς
1476 3883 1571 3938 τοῦ
1589 3883 1845 3952 λέγεσθαι

275 3966 620 4034 Χριστιανὸς,
648 3965 763 4038 εἶχε
798 3972 896 4040 μὲν
921 3972 1019 4040 τὴν
1043 3973 1123 4036 εις
1158 3973 1290 4026 Θεὸν
1319 3973 1600 4044 ὁρθόδοξον
1639 3975 1844 4039 πίστιν⁹

272 4059 370 4110 οὐκ
402 4057 642 4126 ἔπραττε
673 4060 730 4114 δὲ
762 4064 858 4115 καὶ
887 4064 954 4115 τὰ
998 4062 1107 4116 τῶν
1159 4062 1505 4135 Χριστιανῶν
1537 4063 1694 4134 ἔργα.
1729 4065 1846 4118 ἀλλ’

274 4150 532 4214 ἐκάκιζεν
559 4151 690 4215 ίσως
726 4153 1052 4222 παραδόσεις
1073 4155 1534 4223 ὲκκλησιαστικὰς
1557 4157 1651 4208 καὶ
1685 4173 1848 4209 κανο⁸

273 4239 457 4302 νικοὺς
502 4240 842 4310 διορισμοὺς,
881 4245 1300 4314 προτιμώμενος
1330 4245 1426 4310 τὰς
1463 4245 1572 4299 τῶν
1603 4245 1848 4299 ἀπίστων

273 4333 560 4401 ἐργασίας,
591 4334 687 4388 καὶ
728 4337 1157 4406 τοιουτοτρόπως
1204 4337 1442 4407 ὑϐρίζων
1469 4337 1561 4390 τὸν
1590 4337 1844 4408 Χριστόν.

2017 2886 2242 2941 ARIST.
2300 2885 2618 2942 Diaconissa
2675 2901 2797 2941 cum
2854 2884 3038 2953 gentili
3091 2883 3394 2946 fornicata,
3453 2892 3506 2936 ct

1947 2978 2300 3044 resipiscens,
2333 2978 2616 3046 septentrio
2649 2977 3046 3031 substernatur.

2013 3070 2155 3123 Ecce
2197 3069 2283 3124 hic
2328 3070 2433 3122 duo
2489 3070 2773 3139 supplicia.
2822 3069 3131 3123 Diaconissa
3179 3069 3319 3122 enim
3368 3076 3422 3121 et
3478 3082 3506 3121 a

1943 3163 2107 3230 gradu
2141 3176 2239 3216 suo
2269 3173 2541 3225 movetur,
2586 3171 2638 3213 et
2667 3169 2869 3230 septem
2913 3175 3084 3214 annos
3133 3161 3304 3228 pinnis
3340 3159 3509 3227 subji-

1944 3253 2106 3316 citur,
2159 3263 2212 3306 et
2266 3253 2463 3306 divinis
2521 3251 2874 3307 sacramentis
2924 3252 3186 3322 privatur,
3233 3249 3355 3318 quia
3406 3250 3508 3304 ista

1944 3357 2064 3395 Clllll
2093 3342 2278 3411 gentili
2311 3341 2572 3398 fornicata
2598 3352 2701 3396 est.

2405 3519 2558 3588 103
2607 3515 2834 3572 cauos
2887 3515 3051 3570 xcv.

1947 3613 2002 3668 Si
2062 3614 2185 3681 quis
2229 3622 2449 3680 accvpto
2510 3609 2726 3663 nomine
2782 3607 3181 3663 Christiantsmi
3233 3606 3506 3661 Christum

2018 3703 2340 3760 contumelia
2401 3701 2585 3768 allicit,
2638 3702 2784 3756 nulla
2857 3711 2941 3757 est
3006 3701 3080 3756 illi
3137 3698 3510 3770 appellationis

2019 3796 2244 3850 utilitas.

2018 3887 2214 3940 BALS.
2271 3885 2509 3940 lniidelis
2541 3885 2810 3955 quispiam
2847 3885 3172 3954 baptizatus,
3222 3894 3276 3937 et
3318 3883 3512 3950 dignus

1949 3979 2163 4033 habitus
2186 3978 2274 4044 qui
2313 3977 2654 4031 Christianus
2682 3977 2978 4038 diceretur,
3000 3976 3055 4028 in
3097 3974 3263 4026 Deum
3293 3973 3508 4041 quidem

1948 4069 2106 4123 fidem
2133 4068 2318 4122 habuit
2351 4067 2729 4132 orthodoxam,
2780 4082 2887 4121 non
2938 4067 3130 4136 agebat
3191 4075 3366 4118 autem
3423 4079 3512 4118 se-

1947 4159 2179 4212 cundum
2225 4171 2387 4224 opera
2435 4155 2913 4230 Christianorum,
2976 4156 3071 4208 sed
3116 4156 3512 4210 ecclesiasticas

1951 4247 2090 4302 forte
2120 4247 2463 4312 traditiones,
2496 4255 2552 4302 et
2583 4247 2875 4301 canonicas
2923 4246 3270 4300 definitiones
3306 4247 3512 4312 vitupe-

1950 4338 2149 4400 rabat,
2201 4336 2496 4392 infidelium
2558 4336 2902 4406 operationes
2951 4337 3243 4406 praeferens
3273 4377 3287 4401 ,
3336 4344 3390 4390 et
3448 4351 3513 4390 eo

287 4423 577 4494 Ἦρωτήθη
601 4420 696 4479 οὖν
720 4426 748 4478 6
771 4427 948 4494 ἅγιος,
997 4427 1047 4480 ει
1089 4428 1176 4480 διὰ
1211 4427 1388 4482 ταῦτα
1428 4429 1456 4480 6
1481 4429 1719 4492 τοιοῦτος
1740 4429 1841 4484 ἀπδ

1956 4429 2116 4482 modo
2172 4426 2446 4483 Christum
2482 4427 2679 4498 injuria
2728 4426 2983 4484 afﬁciens.
3022 4427 3388 4491 interrogatus
3433 4436 3514 4479 est

277 4514 373 4584 τῆς
418 4515 529 4568 τῶν
584 4517 792 4570 πιστῶν
819 4517 1142 4572 ἐκϐάλλεται
1173 4517 1521 4588 ὀμηγύρεως,
1569 4520 1600 4587 ἢ
1647 4520 1847 4588 μᾶλλον

276 4606 484 4674 ὀφείλει
576 4607 964 4669 άκαταιτίατος
1038 4607 1219 4674 εἷναι,
1283 4610 1360 4673 ὡς
1413 4610 1511 4680 τὴν
1563 4611 1846 4680 ὀρθόδοξον

277 4698 459 4750 πίστιν
495 4698 916 4768 αἱρετισάμενος
948 4716 959 4730 ·
1001 4701 1096 4753 καὶ
1136 4694 1292 4754 εἶπεν
1343 4701 1427 4754 ὅτι
1454 4700 1515 4753 τὺ
1545 4701 1728 4754 λαϐεῖν
1757 4701 1846 4756 διὰ

276 4787 368 4840 τοῦ
405 4787 791 4859 βαπτίσματος
818 4807 940 4844 τινα
981 4789 1312 4856 Χριστιανοῦ
1336 4792 1506 4861 ὄνομα
1526 4793 1627 4847 οὐκ
1647 4793 1848 4862 ὠφελεῖ

275 4880 462 4938 αὑτὸν.
487 4883 582 4934 δάν
618 4882 693 4952 μὴ
731 4888 790 4937 ὲν
822 4886 958 4938 πᾶσι
1010 4885 1152 4938 κατὰ
1198 4887 1322 4948 τοὺς
1353 4886 1666 4958 ὀρθοδόξους
1691 4889 1846 4941 πολι-

276 4972 517 5026 τεύεται.
570 4973 661 5039 Ἓξ
720 4975 968 5046 ἀνάγκης
1019 4972 1132 5041 οὖν,
1163 4977 1238 5040 ῶς
1281 4996 1334 5031 τι
1387 4979 1621 5048 σεσηπδς
1663 4978 1844 5047 μέλος,

277 5064 542 5134 ἐκκοπείη
577 5066 685 5120 ἀπὸ
711 5067 810 5136 τῆς
861 5068 1184 5140 ὁλοκληρίας
1231 5070 1327 5122 τοῦ
1371 5070 1555 5138 ὑγιοῦς
1590 5071 1845 5140 σώματος

276 5155 319 5208 Χ
328 5156 560 5224 ριστωνύ
567 5174 670 5226 μου
695 5158 850 5225 λαοῦ,
868 5162 1164 5224 τουτέστιν,
1183 5161 1307 5214 οὔτε
1327 5161 1682 5223 ἑκκλησιάσει
1706 5161 1845 5230 μετά

277 5246 383 5299 τῶν
412 5246 782 5315 Χριστιανῶν,
818 5249 943 5303 οὔτε
991 5254 1103 5316 τοῖς
1157 5251 1253 5306 τοῦ
1304 5251 1695 5320 Χριστιανικοῦ
1738 5266 1851 5304 ποι-

283 5337 438 5404 μνίου
494 5340 793 5408 προϐάτοις
851 5342 1408 5412 συναριθμηθήσεται.
1463 5343 1524 5396 Ei
1569 5343 1626 5396 δὲ
1677 5341 1849 5406 θέλεις

282 5430 619 5498 ἑρμηνεῦσαι
649 5431 740 5487 τὸν
775 5434 976 5486 κανόνα
1032 5435 1124 5486 καὶ
1155 5435 1351 5499 ἄλλως,
1405 5435 1489 5487 ὅτι
1532 5434 1591 5486 οὐ
1647 5433 1850 5502 κυρίως

280 5520 659 5589 Χριστιανὸςὸ
705 5523 778 5592 μὴ
824 5523 922 5586 τὰς
962 5523 1181 5585 ἐντολὰς
1219 5524 1312 5576 τοῦ
1365 5523 1604 5594 Χριστοῦ
1654 5523 1844 5587 ποιῶν,

280 5612 378 5683 οὐχ
402 5613 546 5677 ἕξεις
574 5614 634 5666 τὸ
665 5614 937 5684 ἐμποδών.
976 5616 1113 5684 Φησὶ
1146 5615 1253 5685 γὰρ
1288 5620 1382 5668 καὶ
1409 5618 1436 5668 6
1464 5617 1614 5682 ἅγιος
1660 5616 1846 5670 Ἰάκωο

283 5703 373 5764 6ος
420 5706 447 5756 6
494 5704 810 5772 ἁδελφόθεος
870 5708 926 5758 ἐν
979 5709 1044 5776 τῇ
1109 5705 1395 5776 Ἐπιστολῇ
1448 5705 1612 5759 αὑτοῦ
1661 5704 1841 5758 οὕτω·

289 5795 350 5847 Τί
380 5795 442 5848 ad
474 5796 710 5865 ὄφελος,
758 5795 1010 5866 ἀδελφοί
1043 5813 1181 5865 μου,
1215 5798 1322 5851 ἐὰν
1350 5798 1557 5851 πίστιν
1582 5813 1667 5862 τις
1700 5796 1845 5866 λέγι(

1951 4532 2082 4587 ergo
2114 4525 2357 4583 sanctus,
2403 4533 2472 4572 an
2529 4519 2575 4572 is
2602 4529 2884 4590 propterea
2920 4533 2948 4570 a
2987 4517 3221 4572 ﬁdelium
3274 4531 3513 4570 commu-

1952 4611 2112 4664 nione
2136 4611 2455 4680 expellatur,
2479 4624 2546 4664 an
2601 4610 2782 4679 potius
2839 4616 3177 4677 nequaquam
3234 4607 3304 4660 sit
3355 4621 3510 4660 accu-

1951 4703 2175 4765 sandus,
2214 4709 2269 4754 ut
2300 4701 2388 4768 qui
2414 4699 2573 4755 fidem
2602 4700 2957 4755 orthodoxam
2995 4699 3258 4765 elegerit;
3291 4707 3342 4752 et
3377 4699 3513 4750 dixit

1950 4792 2095 4860 quod
2155 4791 2400 4860 accipere
2471 4790 2703 4859 aliquem
2759 4792 2870 4857 'per
2932 4789 3260 4857 baptismum
3319 4802 3510 4842 nomen

1949 4881 2249 4937 Christiani
2295 4882 2470 4948 ipsum
2515 4894 2620 4934 non
2651 4878 2824 4948 juvat,
2885 4880 2988 4933 nisi
3028 4880 3080 4933 in
3129 4880 3398 4940 omnibus.
3451 4890 3512 4932 ut

1948 4989 2048 5043 par
2074 4981 2178 5036 est.
2200 4972 2357 5042 juxta
2391 4971 2743 5036 orthodoxos,
2779 4971 2944 5024 vitam
2983 4971 3267 5024 instituat:
3328 4984 3514 5023 neces-

1949 5064 2094 5118 sario
2147 5077 2275 5132 ergo
2302 5071 2362 5115 ut
2401 5062 2698 5115 membrum
2749 5061 3019 5130 putridutn
3079 5061 3148 5115 ab
3207 5061 3515 5131 integritate

1948 5154 2299 5210 exscindetur
2347 5155 2465 5208 sani
2501 5154 2744 5223 corporis
2791 5153 3085 5208 Christiani
3137 5153 3353 5222 populi:
3414 5153 3513 5205 hoc

1946 5255 2033 5300 est
2063 5261 2239 5315 neque
2268 5260 2390 5301 cum
2423 5245 2752 5300 Christianis
2779 5245 2830 5298 in
2888 5243 3128 5298 Ecclesia
3190 5243 3511 5303 versabitur,

1950 5355 2124 5408 neque
2150 5339 2328 5409 gregis
2373 5338 2664 5394 Christiani
2695 5338 2886 5392 ovibus
2928 5335 3428 5391 connumerahitur.
3456 5333 3511 5388 Si

1948 5433 2082 5486 velis
2128 5442 2306 5487 autem
2355 5445 2614 5485 canunem
2664 5430 2820 5484 aliter
2877 5444 3088 5499 quoque
3149 5425 3513 5496 interpretari,

1948 5523 2090 5589 quod
2144 5537 2247 5576 non
2277 5531 2358 5576 est
2417 5523 2632 5591 proprie
2691 5521 3052 5584 Christianus,
3106 5520 3196 5588 qui
3235 5534 3337 5572 non
3389 5517 3518 5570 facit

1955 5612 2202 5667 mandata
2232 5611 2458 5678 Christi,
2487 5613 2617 5666 nihil
2657 5613 2875 5666 vetahit.
2919 5612 3056 5665 Dicit
3113 5611 3254 5664 enim
3294 5618 3513 5661 sanctus

1955 5703 2184 5758 Jacobus
2218 5705 2385 5758 frater
2419 5707 2506 5760 Dei
2543 5707 2593 5758 in
2625 5720 2715 5758 sua
2752 5704 2982 5772 Epistula
3013 5704 3110 5755 hoc
3139 5701 3296 5754 modo
3333 5717 3345 5750 :
3380 5698 3514 5764 Quid

1947 5796 2115 5862 juvat,
2145 5798 2333 5866 fratres
2365 5799 2480 5863 mei,
2505 5797 2548 5851 si
2571 5797 2682 5865 quis
2709 5813 2759 5849 sc
2782 5795 2934 5861 fidem
2966 5793 3148 5846 habere
3173 5792 3336 5856 dicat,
3363 5807 3514 5859 opera
