4006 6442
233 351 336 414 725

1149 354 1231 412 IN
1275 352 1516 412 EPIST.
1567 351 1631 411 S.
1663 347 1951 410 BASlLll
1987 347 2428 408 CANONICAM
2479 347 2560 408 ll.

3371 351 3478 417 ’126

224 476 480 546 δεύτερον
512 475 687 544 γάμον
728 474 876 542 αύτῷ
928 469 1303 542 συνοικήσασά
1330 472 1428 542 τὴν
1461 472 1794 542 πρόσκαιρον

1908 478 2070 538 atque
2094 469 2164 520 ita
2192 482 2314 520 cum
2352 466 2545 521 relicto
2582 465 2696 521 viro
2726 466 3014 533 habitavit,
3072 459 3316 526 adultera
3362 487 3470 530 est.

225 566 530 619 ἀπόστασιν
564 567 624 617 ὲκ
661 563 756 616 τοῦ
797 563 1001 616 οἰκείου
1034 562 1248 630 ἀνδρὸς,
1299 563 1394 614 καὶ
1426 562 1568 614 οὓτω
1623 561 1801 629 συνῴ-

228 673 363 726 κησε
419 656 496 724 τῷ
549 655 968 723 καταληφθέντι
996 654 1174 722 ἀνδρὶ,
1201 653 1448 722 μοιχαλίς
1503 655 1675 718 ἐστιν,
1717 653 1803 706 ὅτι

228 748 520 816 ἀλλότριον
564 747 732 817 ἄνδρα
788 746 1207 816 ἐσφετερίσατο,
1254 745 1331 806 ὼς
1387 743 1448 795 τὸ
1497 743 1652 804 τέλος
1709 742 1804 795 τοῦ

206 839 454 890 -ἐννάτου
506 838 754 908 περιέχει
813 836 1076 898 κανόνος*
1118 836 1168 887 εἰ
1232 835 1289 887 δὲ
1347 834 1534 903 ἠγνόει
1588 833 1748 887 τοῦτο
1783 875 1798 897 ,

228 925 359 989 ἴσως
392 929 502 998 γὰρ
531 928 590 992 ἐξ
630 928 941 996 ἀλλοδαπῆς
970 922 1039 996 ἦν
1080 925 1289 995 χώρας,
1338 927 1434 978 καὶ
1464 927 1713 994 ἠγνοεῖτο
1747 925 1807 976 τὸ

226 1021 347 1073 κατ’
393 1020 580 1086 αὑτὸν,
641 1020 780 1088 μετὰ
827 1019 884 1072 δέ
915 1035 1040 1074 τινα
1089 1019 1281 1085 καιρὸν
1332 1019 1605 1086 ὶπανῆλθε
1666 1018 1806 1085 πρὸς

222 1110 314 1164 τὸν
343 1111 515 1181 ἀνδρα
546 1113 581 1180 ἠ
620 1109 1004 1164 καταλιποῦσα
1067 1109 1251 1173 αὐτὸν,
1298 1110 1390 1162 καὶ
1441 1109 1529 1162 διὰ
1580 1109 1736 1162 τοῦτο
1779 1111 1807 1160 ὀ

227 1203 357 1272 πρὸς
428 1203 529 1272 τὴν
595 1202 856 1270 δευτέραν
886 1204 1124 1268 γυναῖκα
1183 1199 1348 1269 ἐλύθη
1396 1201 1576 1269 γάμος
1615 1217 1629 1230 ο
1667 1217 1774 1271 πορ

221 1294 414 1346 νεῦσαι
441 1295 593 1362 λέγει
620 1293 720 1362 τὴν
767 1295 1006 1354 γυναῖκα
1053 1293 1261 1360 ταύτην
1310 1294 1338 1344 6
1366 1291 1543 1360 ἅγιος,
1577 1291 1719 1359 πλὴν
1747 1295 1805 1344 ὲν

220 1384 415 1454 ἀγνοίᾳ
444 1400 458 1414 ·
495 1382 790 1453 πορνεῦσαι
820 1384 878 1435 δὲ
908 1383 1114 1452 ταύτην
1141 1382 1315 1449 λέγει,
1338 1381 1412 1444 ὡς
1449 1384 1524 1452 μὴ
1549 1382 1805 1444 λυθέντος

221 1471 316 1525 τοῦ
367 1477 640 1542 προτέρου
671 1473 874 1541 γάμου.
911 1472 1020 1524 Τοῦ
1059 1455 1279 1542 πρώτου
1314 1471 1369 1522 δὲ
1401 1461 1495 1541 μὴ’
1525 1471 1806 1533 λυθέντος,

224 1562 341 1626 πῶς
385 1565 452 1616 ἂν
496 1567 529 1632 ή
563 1564 697 1633 πρὸς
742 1563 840 1633 τὴν
888 1563 1154 1632 δευτέραν
1205 1565 1444 1630 γυναῖκα
1492 1564 1805 1628 συνοίκησις

218 1653 471 1722 δεύτερος
501 1653 627 1724 δόξῃ
655 1653 872 1722 γάμος;
906 1653 966 1706 Εἰ
990 1653 1045 1705 δὲ
1074 1652 1252 1720 γάμος
1285 1654 1386 1706 οὐκ
1413 1652 1554 1710 ἐστι.
1588 1655 1806 1714 πάντως

216 1743 371 1796 ἔσται
403 1747 650 1812 πορνεία.
694 1747 798 1796 Καὶ
826 1747 854 1796 6
885 1745 984 1811 μὲν
1009 1743 1150 1812 ἀνὴρ
1185 1744 1381 1812 πόρνος
1413 1745 1620 1812 κυρίως
1652 1743 1804 1810 λογι-

216 1837 503 1905 σθήσεται,
532 1839 564 1904 ἡ
598 1839 651 1888 δὲ
682 1837 820 1904 γυνῆ
856 1836 1153 1905 πορνεῦσαι
1187 1835 1286 1904 μὲν
1308 1835 1547 1901 λέγεται,
1580 1834 1720 1901 πλὴν
1743 1837 1800 1886 ἐν

213 1927 427 1996 ἀγνοίᾳ.
461 1929 537 1979 Οὐ
571 1929 679 1995 γὰρ
712 1926 970 1994 πορνείαν
1001 1927 1318 1996 ἀμαρτῆσαι
1369 1930 1574 1978 σκοπὸν
1615 1925 1794 1995 ἔσχεν,

210 2019 346 2071 ἀλλά
394 2021 577 2088 γάμον
623 2017 1002 2088 συστήσασθαι
1048 2017 1298 2086 ἔννομον,
1354 2016 1427 2070 T6
1465 2018 1521 2070 δὲ
1562 2018 1797 2087 πρᾶγμα

211 2111 486 2179 περιέστη
525 2111 601 2172 είς
632 2111 705 2161 το
725 2110 800 2178 μὴ
853 2109 1168 2176 λογίζεσθαι
1212 2109 1414 2178 γάμον,
1464 2108 1554 2161 διὰ
1606 2109 1665 2160 τὸ
1715 2108 1797 2160 ἔτι

213 2203 401 2269 μένειν
447 2204 541 2253 τὸν
603 2202 822 2269 πρῶτον
851 2201 1054 2268 γάμον.
1109 2200 1221 2265 Τῆς
1251 2200 1309 2252 δὲ
1361 2200 1497 2266 πρὸς
1558 2202 1658 2261 τὰς
1701 2199 1797 2251 δύο

212 2291 520 2360 συναφείας
558 2293 632 2360 μὴ
657 2290 1017 2360 λογιζομένης
1063 2290 1241 2359 γάμον
1269 2332 1284 2355 ,
1327 2290 1381 2341 τί
1412 2289 1480 2342 ἂν
1520 2291 1732 2356 λέγοιτο
1761 2291 1793 2359 ἡ

210 2383 486 2451 συνάφεια
518 2382 551 2448 ἢ
579 2381 827 2448 πορνεία,
865 2379 1001 2447 πλὴν
1024 2379 1080 2430 ὲν
1112 2377 1308 2447 ἀγνοίᾳ
1339 2379 1605 2445 γινομένη
1640 2395 1654 2442 ;
1705 2379 1796 2430 At’;

211 2477 303 2527 καὶ
338 2475 623 2542 ἐπήγαγεν
645 2474 672 2525 ὁ
705 2471 930 2524 κανώνη
961 2470 1147 2538 ι’ἀμου
1175 2466 1268 2521 οὖν
1291 2470 1391 2522 οὐκ
1421 2469 1794 2539 είρχθήσεται.

210 2566 282 2618 Οὐ
318 2566 430 2632 γάρ
461 2564 534 2626 ὠς
568 2563 699 2632 ποιῷ
735 2562 928 2630 ἀνδρὸς
983 2561 1251 2628 ἀφεθεῖσα
1301 2559 1598 2627 λογέζεται.
1643 2561 1795 2613 Ἑπεὶ

209 2655 256 2706 εί
284 2655 448 2706 τοῦτο
474 2649 542 2721 ἦν
574 2654 671 2705 καὶ
698 2652 873 2721 ἑτέρῳ
897 2650 1122 2719 ἐμίχθη,
1157 2649 1406 2718 μοιχαλὶς
1431 2651 1681 2718 ἐκρίνετο
1705 2649 1790 2712 ἂν,

209 2748 352 2798 κατά
381 2745 472 2797 τὸν
504 2744 723 2796 ἔννατον
764 2743 988 2795 κανόνα.
1041 2740 1167 2794 Ὅτι
1207 2742 1329 2793 οὐδὲ
1379 2743 1586 2809 κυρίως
1617 2741 1794 2808 γάμος

210 2837 348 2906 πρὸς
380 2836 481 2905 τὴν
538 2835 801 2904 δευτέραν
851 2835 1085 2901 γυναῖκα
1142 2833 1445 2901 συμϐίωσις
1492 2832 1659 2893 δοκεῖ,
1710 2833 1795 2884 διὰ

207 2929 364 2982 τοῦτο
396 2929 579 2996 γάμου
603 2928 701 2979 ούκ
724 2925 968 2995 εἴργεται
991 2927 1024 2994 ὴ
1051 2926 1210 2993 γυνή.
1243 2924 1329 2986 Ὠς
1358 2924 1414 2975 δὲ
1445 2924 1630 2985 ἁπλῶς
1657 2923 1793 2993 γυνὴ

207 3020 572 3089 ὀνομασθεῖσα
619 3019 850 3088 ἀνδρδς,
911 3019 958 3068 εί
1017 3017 1094 3086 μὴ
1138 3017 1311 3085 ἑτέρῳ
1359 3014 1659 3084 συναφθιίη
1712 3015 1792 3066 ἔτι

206 3109 411 3173 ζῶντος
445 3112 681 3175 ἐκείνου,
709 3110 966 3177 κρεῖσσον
991 3109 1056 3160 ἂν
1084 3111 1312 3176 ποιήσῃ,
1351 3108 1520 3175 φησὶν
1550 3108 1576 3158 6
1612 3107 1788 3172 ἅγιος.

203 3205 281 3256 (λὺ
313 3206 424 3272 γῖρ
461 3203 743 3272 εὔσχημον
776 3201 976 3264 ζῶντος
1008 3200 1100 3251 τοῦ
1134 3201 1325 3266 ἀνδρδς
1353 3199 1447 3266 τὴν
1471 3199 1791 3264 ὀνομασθεῖο

204 3312 306 3347 σαν
337 3296 534 3362 ἐκείνῳ
567 3297 801 3361 γυναῖκα
837 3293 1009 3361 ἑτέρῳ
1041 3291 1310 3356 συμϐιοῦν
1336 3306 1348 3319 ·
1373 3289 1523 3356 λέγει
1565 3291 1672 3357 γὰρ
1704 3293 1797 3342 καὶ

203 3387 231 3434 6
257 3385 424 3452 νόμος
449 3385 545 3453 τῆς
578 3384 877 3447 πολιτείας,
909 3384 989 3436 ὃτι
1022 3385 1079 3436 ἐν
1107 3384 1219 3443 τοῖς
1259 3381 1462 3449 γάμοις
1501 3383 1559 3433 ού
1589 3383 1649 3432 τι
1675 3383 1796 3433 ἐπι-

203 3478 612 3547 τετραμμένον,
644 3477 780 3529 ἀλλὰ
805 3475 863 3528 τὸ
894 3476 1173 3545 εὐπρεπὲς
1208 3475 1546 3542 σκοποῦμεν.

1907 559 2050 630 quod
2079 559 2313 613 aliettnm
2345 558 2446 613 sibi
2481 556 2659 612 virum
2705 558 3008 626 usurpavit,
3038 571 3094 614 ιιι
3144 561 3194 614 in
3219 561 3324 615 line
3357 578 3480 620 can.

1918 654 1950 707 9
1990 651 2319 706 continetur.
2348 650 2452 706 Sed
2487 651 2532 704 si
2558 651 2610 705 id
2634 651 2942 720 ignorabat,
2973 651 3108 707 forte
3149 655 3290 708 enim
3326 671 3481 725 pere-

1909 742 2098 811 grinus
2125 751 2263 806 erat,
2329 755 2429 795 nec
2471 755 2590 808 qua:
2645 741 2713 796 ad
2775 741 2948 810 ipsum
2999 745 3313 812 spectabant
3355 758 3480 801 nota

1910 841 2088 895 erant,
2114 830 2295 899 aliquo
2319 843 2480 898 porro
2509 828 2768 898 temporis
2833 829 3116 884 intervallo
3176 831 3244 885 ad
3277 833 3481 892 virum,

1909 938 2033 989 quae
2081 923 2254 989 ipsum
2303 922 2619 975 deseruerat
2670 921 2918 984 revertit,
2981 935 3045 974 ac
3103 922 3328 990 proinde
3386 940 3484 977 nn-

1909 1015 2035 1083 ptite
2058 1029 2181 1068 cum
2211 1012 2445 1067 secunda
2496 1025 2660 1066 uxore
2698 1020 2821 1065 sunt
2858 1011 3163 1078 dissolutae;
3202 1012 3480 1067 mulierem

1910 1113 2051 1167 hanc
2076 1121 2298 1166 sanctus
2328 1107 2650 1163 fornicatam
2675 1122 2795 1162 esse
2821 1110 3040 1172 asserit,
3071 1110 3164 1164 sed
3208 1124 3303 1178 per
3330 1110 3485 1178 igno-

1911 1199 2196 1252 rationem.
2237 1196 2576 1250 Fornieatam
2640 1210 2800 1264 porro
2822 1211 2941 1250 eam
2995 1197 3147 1263 dicit,
3183 1200 3324 1266 quod
3377 1215 3480 1252 non

1908 1288 2112 1342 fuerint
2145 1288 2352 1358 priores
2374 1288 2563 1342 soluta:
2599 1289 2798 1355 nuptias
2823 1307 2835 1355 ;
2858 1289 3130 1357 prioribus
3158 1301 3338 1344 autem
3377 1306 3482 1344 non

1909 1382 2136 1444 solutis,
2180 1385 2450 1450 quomodo
2501 1383 2632 1437 inita
2666 1397 2788 1436 eum
2839 1383 3074 1437 secunda
3131 1383 3353 1437 muliere
3397 1396 3481 1436 so-

1909 1476 2080 1530 cietas
2118 1475 2416 1529 secundum
2475 1474 2876 1527 matrimonium
2909 1474 3149 1528 rideatur
3181 1473 3204 1527 l
3232 1474 3384 1541 Quod
3437 1473 3480 1526 si

1912 1567 2318 1619 matrimonium
2349 1581 2452 1620 non
2483 1565 2577 1628 sit,
2615 1569 2720 1618 erit
2751 1565 2909 1632 plane
2941 1565 3254 1619 fornicatio.
3299 1565 3372 1618 Ac
3400 1563 3483 1617 vir

1911 1657 2168 1726 quidem,
2234 1657 2560 1712 fornicarius
2620 1657 2835 1727 proprie
2885 1655 3237 1723 indicabitur,
3289 1654 3484 1708 mulier

1909 1746 2402 1811 ament,fornicatn
2457 1748 2672 1816 quidem
2732 1760 2853 1801 esse
2893 1747 3112 1810 dicitur,
3162 1759 3347 1800 verum
3389 1760 3483 1813 per

1907 1839 2322 1907 ignorationem.
2354 1839 2469 1894 Non
2503 1841 2647 1894 enim
2673 1840 3048 1894 fornicationis
3079 1847 3360 1909 peccatum
3382 1839 3480 1891 ad-

1909 1931 2123 1984 mittere
2161 1931 2234 1982 illi
2295 1946 2449 1985 mrns
2505 1941 2648 1996 erat,
2696 1932 2789 1986 sed
2845 1933 3115 2002 legitimas
3161 1934 3483 1986 contrahere

1907 2032 2143 2087 nuptias.
2178 2018 2374 2075 Verum
2404 2037 2469 2076 eo
2511 2037 2596 2076 res
2634 2023 2844 2086 recidit,
2903 2033 2965 2077 ut
3013 2024 3212 2092 nuptias
3265 2025 3483 2077 minime

1905 2110 2372 2177 existimarentur,
2406 2122 2694 2180 propterea
2748 2114 2891 2181 quod
2956 2114 3107 2182 prius
3148 2114 3326 2168 adhuc
3366 2129 3484 2166 ma-

1907 2201 2222 2254 trimonium
2254 2202 2598 2257 consisteret.
2638 2203 2774 2258 Cum
2800 2219 2926 2260 vero
2961 2206 3074 2259 haec
3117 2221 3240 2260 eum
3276 2206 3483 2260 duabus

1905 2293 2224 2347 nmlieribus
2252 2293 2586 2362 coniunctio,
2623 2295 3027 2349 matrimonium
3076 2296 3286 2351 censeri
3339 2295 3481 2349 haud

1907 2385 2098 2454 possit,
2135 2385 2262 2453 quid
2288 2385 2435 2439 aliud
2459 2401 2521 2439 ea
2557 2385 2773 2439 dicatur
2803 2385 3122 2453 coniunctio
3147 2401 3310 2454 quam
3365 2385 3478 2440 for-

1905 2479 2128 2542 nicatio,
2154 2493 2248 2545 per
2276 2477 2668 2549 ignorationem
2707 2488 2888 2532 tamen
2942 2478 3223 2533 admissa?
3306 2478 3478 2546 Quam

1903 2569 2065 2622 etiam
2098 2571 2167 2624 ob
2217 2583 2440 2624 causam
2496 2569 2714 2637 subiicit
2763 2584 2975 2623 canon:
3037 2569 3082 2622 A
3133 2570 3480 2626 matrimonio

1903 2676 2032 2729 ergo
2092 2677 2198 2714 non
2251 2660 2644 2727 prohibebitur.
2685 2659 2801 2714 Non
2856 2661 3023 2726 enim,
3074 2660 3240 2716 veluti
3280 2677 3309 2716 a
3365 2662 3480 2715 viro

1905 2755 2123 2807 dimissa
2174 2753 2519 2822 iudicabitur.
2573 2751 2631 2806 Si
2671 2767 2906 2820 namque
2953 2753 3004 2808 id
3067 2763 3233 2817 esset,
3278 2754 3479 2821 aliique

1906 2843 2020 2894 viro
2045 2841 2232 2910 juncta
2267 2842 2426 2902 foret,
2451 2838 3075 2906 adulteraiudicaretur,
3105 2853 3168 2894 ex
3213 2840 3342 2893 noni
3376 2853 3467 2893 ca-

1906 2934 2064 2986 nonis
2097 2931 2510 2985 constitutione.
2545 2931 2812 2996 Quoniam
2863 2944 2993 2984 vero
3060 2930 3475 3000 haudquaquam

1904 3023 2122 3090 proprie
2153 3020 2239 3073 illa
2275 3037 2400 3076 cum
2429 3022 2663 3077 secunda
2698 3021 2925 3076 muliere
2953 3021 3304 3086 cohabitatio,
3361 3037 3475 3075 ma-

1905 3115 2217 3169 trimonium
2266 3116 2371 3169 diei
2435 3125 2631 3183 potest,
2683 3121 2970 3184 propterea
3031 3129 3058 3168 a
3131 3114 3474 3169 matrimonio

1909 3204 2102 3257 mulier
2133 3204 2277 3257 haud
2315 3216 2556 3259 arcetur.
2591 3205 2727 3260 Cum
2759 3220 2890 3260 vero
2952 3220 3086 3260 uxor
3122 3206 3260 3260 citra
3317 3221 3448 3261 exce

1909 3293 2146 3360 ptionem
2188 3294 2330 3346 dicta
2366 3294 2523 3347 fuerit
2558 3294 2679 3355 virt,
2705 3295 2747 3348 si
2794 3295 2924 3348 nulli
2957 3295 3137 3360 alteri,
3188 3311 3254 3351 eo
3302 3297 3476 3351 adhuc

1906 3385 2118 3437 virente
2149 3383 2398 3452 e0pulata
2431 3383 2614 3446 fuerit,
2645 3385 2984 3449 laudabilius,
3047 3389 3219 3458 inquit
3257 3398 3478 3443 sanctus

1911 3475 2013 3538 vir,
2080 3475 2288 3530 fecerit.
2343 3473 2528 3544 Neque
2583 3478 2726 3530 enim
2792 3477 3076 3532 honestum
3110 3479 3303 3546 fuerit,
3363 3479 3478 3533 viro

205 3575 379 3628 adhuc
404 3573 717 3641 Sllpt'ralllt',
756 3587 874 3640 qua:
903 3571 1044 3650 illius
1085 3570 1278 3623 mulier
1326 3569 1468 3622 dicta
1503 3578 1608 3634 est,
1660 3584 1782 3623 cum
1810 3569 1981 3621 altero
2017 3569 2181 3624 vitam
2213 3583 2395 3636 agere.
2437 3567 2492 3623 ln
2553 3570 2758 3636 nuptiis
2822 3572 3112 3641 siquidem,
3193 3575 3276 3629 lex
3341 3588 3476 3644 quo-

205 3685 308 3735 que
339 3669 519 3722 civi-fis
554 3676 784 3722 testatur
819 3672 964 3735 quod
1024 3681 1118 3719 nos
1155 3679 1260 3719 non
1321 3673 1427 3718 tam
1481 3665 1609 3734 quid
1661 3665 1985 3734 permissum
2037 3666 2130 3731 sit,
2184 3681 2346 3734 quam
2429 3667 2558 3736 quid
2629 3666 2899 3723 honestati
2978 3671 3289 3736 conveniat,
3348 3688 3474 3728 con-

203 3757 527 3811 sideramus.

273 3849 496 3920 ΑΡμΤ.
515 3848 798 3916 Ἐγήματό
817 3865 899 3910 τις
922 3849 1076 3918 ἀνδρὶ
1097 3851 1237 3904 κατά
1255 3851 1480 3920 ἄγνοιαν
1503 3854 1786 3925 ἀφεμένῳ,

203 3933 326 3990 εἶτα
393 3940 427 4007 ἡ
505 3940 753 4008 προτέρα
786 3940 1058 4008 ἀνέφηνεν
1090 3957 1104 3971 ο
1139 3943 1172 4011 ἡ
1203 3942 1249 3994 δ’
1300 3944 1566 4010 ἀφεθεῖσα
1615 3948 1788 4018 πόρνη

202 4030 483 4096 λογίζεται
548 4028 687 4082 κατὰ
716 4029 958 4095 ἄγνοιαν⁹
992 4032 1084 4084 καὶ
1121 4034 1170 4084 εί
1217 4033 1381 4098 θέλει,
1452 4033 1744 4103 ζεύγνυται
1773 4053 1786 4068 ο

206 4121 426 4175 κάλλιον
461 4121 538 4180 δὲ.
573 4123 621 4172 εί
653 4121 726 4190 μὴ
750 4121 1063 4188 ζεύγνυται.

277 4211 633 4280 Κατελεὲφθη
667 4213 808 4282 ἀνὴρ
843 4217 996 4281 παρὰ
1027 4215 1124 4282 τῆς
1167 4216 1304 4278 ίδίας
1353 4217 1616 4284 γυναικὸς
1659 4219 1794 4281 πρὸς

205 4303 440 4372 καιρόν⁸
481 4305 508 4355 6
562 4303 640 4365 δὲ,
704 4302 778 4365 ὡς
832 4305 1128 4369 ἀπολυθεὶς
1183 4308 1275 4360 ὑπ’
1326 4308 1564 4376 ἐκείνης,
1599 4307 1792 4374 ἑτέραν

1972 3851 2202 3908 ARlST.
2230 3850 2426 3919 Nupsit
2452 3847 2700 3919 qumdam
2737 3847 2994 3918 ignorans
3045 3849 3162 3903 viro
3209 3848 3472 3905 dimisso:

1897 3955 2084 4014 postea
2139 3943 2288 4011 prior
2337 3939 2616 4009 apparuit:
2676 3937 2897 3992 dimissa
2923 3949 3104 3992 autem
3153 3939 3470 3994 fornicatrix

1899 4051 1996 4106 per
2051 4032 2408 4104 ignorantiam
2458 4038 2771 4098 reputatur:
2800 4030 2924 4085 etsi
2973 4031 3087 4085 vult
3130 4033 3302 4100 nubit,
3363 4047 3474 4086 tne-

1900 4129 2003 4182 lius
2026 4137 2205 4181 autem
2237 4126 2279 4179 si
2309 4141 2414 4178 non
2444 4125 2627 4178 nubat.

1971 4216 2070 4270 Vir
2098 4219 2164 4269 ad
2201 4223 2414 4284 tempus
2433 4214 2501 4269 ab
2535 4228 2703 4268 uxore
2751 4229 2847 4268 sua
2887 4214 3174 4269 derelictus
3204 4215 3331 4280 fuit,
3382 4215 3471 4270 ille

1898 4315 2078 4360 autem
2114 4303 2226 4358 acsi
2255 4303 2323 4357 ab
2348 4317 2411 4358 ea
2444 4303 2702 4356 dimissus
2729 4300 2919 4356 fuisset
2958 4303 3118 4355 aliam
3152 4305 3327 4367 duxit,
3353 4319 3472 4371 qua:

206 4396 422 4459 ἐλαϐεν,
471 4396 775 4462 άγνοοῦσαν
807 4397 868 4446 τὸ
925 4397 1061 4466 πρὸς
1108 4400 1303 4468 καιρὸν
1360 4398 1790 4466 καταλειφθῆναι

1904 4396 2125 4450 nescivit
2155 4410 2277 4449 eum
2303 4396 2368 4448 ad
2407 4403 2617 4461 tempus
2648 4393 2952 4462 derelinqui
2987 4409 3004 4446 τ
3037 4394 3194 4448 rediit
3248 4395 3314 4450 ad
3345 4412 3468 4448 t‘llm

206 4488 394 4540 αὐτόν.
444 4487 749 4550 Ἐπανῆλθε
797 4487 930 4556 πρὸς
959 4489 1124 4540 αὐτὸν
1174 4493 1206 4558 ἡ
1251 4490 1517 4557 προτέρα,
1551 4491 1646 4541 καὶ
1689 4505 1790 4543 πα-

208 4577 576 4648 ραδεξάμενος
636 4579 866 4647 ταύτην,
927 4579 1028 4647 τὴν
1076 4579 1338 4650 δευτέραν
1395 4581 1606 4649 ἀφῆκεν
1641 4594 1654 4610 ο
1715 4579 1790 4643 ὡς

210 4672 383 4739 πόρνη
407 4670 654 4739 κρίνεται
683 4671 822 4740 αὑτὴ
843 4673 875 4738 ὴ
903 4672 1186 4737 ἀφεθεῖσα,
1220 4673 1357 4742 πλὴν
1378 4675 1520 4726 κατὰ
1543 4673 1788 4741 ἄγνοιαν*

210 4765 302 4814 καὶ
333 4763 422 4815 διὰ
451 4761 630 4825 τοῦτο,
655 4763 704 4813 εἰ
737 4761 973 4831 βουληθῇ
1005 4766 1184 4831 γάμου
1222 4765 1480 4834 κοινωνίᾳ
1512 4765 1789 4832 συναφθῆ-

207 4873 292 4906 ναι
345 4857 544 4923 ἑτέρῳ,
596 4854 655 4905 οὐ
687 4854 1063 4920 κιυλυθήσεται
1096 4871 1108 4884 ο
1137 4857 1196 4905 οὐ
1234 4857 1342 4924 γὰρ
1404 4854 1785 4925 ἀπολελυμένη

206 4949 482 5014 λογὲζεται
516 4963 529 4975 ⁸
591 4947 672 4997 ὅτι
721 4945 859 5014 μηδὲ
893 4943 1029 5012 ἀνὴρ
1059 4945 1227 5012 αὐτῆς
1261 4945 1468 5013 κυρίως
1501 4946 1723 5012 ἐγένετο
1763 4949 1789 4999 6

207 5040 409 5105 ταύτην
449 5039 739 5105 ἱφέμενος.
786 5036 912 5088 Ἐὰν
941 5037 996 5088 δὲ
1024 5037 1227 5106 θελήσῃ
1258 5040 1439 5104 μεῖναι
1462 5039 1518 5090 ὲν
1546 5038 1785 5107 ἀγαμίᾳ,

207 5131 296 5182 καὶ
327 5132 400 5199 μὴ
430 5130 516 5180 ἐπ’
546 5129 704 5182 ἄλλον
731 5128 909 5181 ὲλθεῖν
945 5129 1146 5194 γάμον,
1178 5128 1400 5181 κάλλιον
1429 5128 1612 5182 τοῦτο.

803 5218 1038 5272 ΚΔΝΩΝ
1066 5218 1183 5273 MZ'

218 5313 573 5381 Ἐγκρατῖται
608 5314 702 5363 καὶ
733 5311 1096 5378 Σακκοφόροι,
1132 5311 1226 5363 καὶ
1285 5311 1675 5366 ’Δποτακτίται
1707 5314 1785 5384 τῷ

273 5406 423 5472 αὐτῷ
473 5406 795 5456 ὑπόκεινται
848 5403 1013 5472 λόγῳ,
1059 5395 1104 5470 ᾧ
1162 5403 1256 5454 καὶ
1306 5400 1657 5468 Ναυατιανοὶ,
1703 5404 1784 5456 ὅτι

274 5498 403 5564 περὶ
465 5493 563 5562 μὲν
598 5494 823 5553 ἐκείνων
865 5491 1047 5545 κανὼν
1077 5491 1418 5562 ὲξεφωνήθη,
1456 5496 1502 5545 εἰ
1536 5498 1626 5545 καὶ
1675 5495 1783 5546 διά.

273 5606 461 5656 φορος,
490 5591 552 5639 τὰ
587 5589 641 5638 δὲ
677 5587 818 5639 κατὰ
839 5585 1064 5648 τούτους
1093 5584 1542 5655 ἀποσεσιώπηται
1574 5601 1584 5614 ο
1621 5588 1780 5655 ἡμεῖς

276 5680 459 5745 μέντοι
498 5679 578 5726 ἐνὶ
624 5676 767 5744 λόγῳ
823 5675 1272 5743 άναὸαπτίζομεν
1316 5675 1440 5735 τοὺς
1479 5675 1772 5736 τοιούτους.

273 5771 332 5823 lii
369 5772 422 5822 δὲ
467 5788 576 5822 παο
625 5770 755 5838 ἡμῖν
803 5767 1183 5838 ἀπηγόρευται
1231 5762 1405 5829 τοῦτο,
1441 5767 1498 5816 τὸ
1533 5767 1620 5818 τοῦ
1657 5770 1755 5819 ἀγα

1897 4491 2094 4556 prima,
2122 4499 2174 4542 et
2207 4502 2326 4541 eam
2359 4486 2627 4554 recipiens
2650 4484 2941 4538 secundam
2995 4485 3221 4547 dimisit,
3253 4494 3308 4540 ut
3359 4487 3470 4540 lor-

1896 4580 2119 4634 nicatrix
2155 4579 2434 4648 iudicatur
2464 4576 2711 4641 dimissa,
2746 4577 2840 4631 sed
2902 4592 2999 4646 per
3057 4577 3420 4648 ignorantiam
3451 4598 3465 4644 ;

1892 4681 1946 4724 et
1988 4672 2108 4724 ideo
2160 4671 2205 4724 si
2257 4662 2584 4723 matrimonii
2640 4669 3022 4724 communione
3064 4671 3154 4724 alii
3215 4673 3466 4743 coniungi

1893 4765 2042 4828 velit,
2092 4777 2198 4817 non
2231 4759 2768 4829 prohibebitur.Non
2829 4763 2972 4816 enim
3043 4763 3265 4818 dimissa
3320 4779 3449 4832 reptt

1892 4863 2040 4907 tatur
2065 4895 2079 4919 ,
2113 4854 2367 4920 quoniam
2404 4853 2491 4920 qui
2515 4868 2634 4906 eam
2662 4853 2866 4906 dimisit
2923 4857 3140 4924 proprie
3183 4869 3288 4909 non
3349 4866 3463 4910 erat

1893 4945 2062 5013 ipsius
2093 4947 2194 4997 vir.
2244 4942 2298 4998 Si
2354 4954 2535 4998 autem
2591 4951 2746 4998 extra
2792 4945 3196 5000 matrimonium
3245 4961 3465 5001 manere

1892 5035 2069 5096 vellet,
2097 5043 2151 5087 et
2208 5035 2273 5087 ad
2318 5033 2552 5089 alterum
2607 5034 2916 5104 coniugium
2971 5051 3074 5088 non
3119 5037 3324 5102 venire,
3362 5038 3462 5090 hoc

1889 5125 2079 5181 melius
2105 5134 2268 5180 esset.

2422 5212 2649 5270 CANON
2713 5213 2922 5270 XLVII.

1892 5301 2204 5366 Eneratitze,
2279 5313 2333 5357 et
2388 5303 2736 5372 SaccOphori,
2798 5317 2851 5358 et
2916 5307 3232 5374 Apotactita
3287 5307 3457 5375 subii-

1957 5396 2175 5448 eiuntur
2219 5396 2391 5449 eidem
2427 5395 2643 5459 rationi,
2671 5397 2756 5450 cni
2779 5405 2832 5452 et
2861 5396 3172 5464 Novatiani,
3229 5401 3354 5466 quia
3383 5401 3452 5455 de

1958 5488 2062 5541 illis
2090 5488 2265 5541 editus
2305 5495 2390 5541 est
2421 5502 2622 5552 canon,
2650 5491 2748 5542 etsi
2776 5489 3060 5545 diversus:
3089 5506 3209 5560 qua:
3267 5501 3447 5545 autem

1955 5590 2078 5636 sunt
2110 5581 2373 5641 adversus
2399 5594 2513 5639 eos.
2550 5579 2768 5634 silentio
2796 5583 3156 5650 przetermissa
3185 5595 3329 5648 sunt,
3359 5603 3454 5638 nos

1957 5686 2133 5726 autem
2177 5689 2282 5726 una
2347 5674 2554 5727 ratione
2607 5679 2743 5728 tales
2807 5675 3229 5746 rebaptizamns.
3279 5678 3334 5732 Si
3367 5692 3450 5730 an.

1971 5776 2073 5820 tem
2105 5764 2372 5832 prohibita
2431 5778 2512 5818 ρει
2545 5767 2683 5834 apud
2753 5781 2845 5823 vos
2905 5769 3014 5823 hrcc
3080 5771 3454 5838 ιυὶκιιιιίῑειίὶυ,
