4006 6442
484 317 594 400 127

1751 335 2036 400 THEOD.
2073 338 2480 406 BALSAMON

3645 355 3767 428 72.8

559 436 701 491 sicut
745 444 799 494 et
841 452 868 489 a
929 435 1206 510 fiomanis,
1245 440 1471 512 alicujus
1503 451 1821 504 oeconomiae
1857 449 2059 518 gratia,

2237 457 2578 529 ὗαπτισμοῦ,
2613 460 2806 535 ὥσπερ
2839 459 2936 518 οὖν
2980 464 3078 529 καὶ
3113 468 3268 538 παρὰ
3315 468 3652 537 Ῥωμαίοις,
3683 471 3773 522 ol-.

561 539 748 586 nostra
789 539 972 586 tamen
999 532 1140 586 ratio
1162 533 1307 590 vires
1335 537 1600 604 obtineat,
1619 539 2058 610 quandoquidem

558 633 640 675 est
673 620 832 676 veluti
863 621 1334 679 Marcionislarttm
1387 641 1610 694 germen
1645 645 1830 685 eorum
1892 633 2062 686 luere-

559 714 657 775 εἰς.
698 717 913 784 nuptias
937 715 1370 782 abhorrentium,
1390 731 1445 774 et
1477 721 1660 777 vinum
1690 728 2058 781 aversantium

555 815 610 860 et
665 805 756 860 Dei
812 818 1118 866 creaturam
1182 809 1516 880 inquinatam
1569 830 1688 867 esse
1735 817 2058 884 dicentium,

559 911 652 954 eos
681 897 847 966 igitur
881 900 934 952 in
969 899 1262 955 Ecclesiam
1295 917 1400 956 non
1456 905 1792 964 admittimus
1854 910 1956 964 nisi
2005 913 2058 966 in

559 999 806 1043 nostrum
839 991 1167 1059 baptismum
1202 995 1462 1062 baptizati
1509 998 1727 1054 fuerint.
1767 999 1844 1055 Ne
1865 1001 2049 1059 dicant

560 1083 728 1146 enim,
763 1082 819 1136 ln
856 1080 1095 1152 Patrem,
1131 1095 1182 1140 et
1238 1087 1455 1155 Filium,
1506 1101 1559 1144 et
1615 1091 1878 1162 Spiritum
1932 1111 2030 1149 san

569 1183 714 1228 ctum
771 1173 1032 1244 baptizati
1075 1191 1290 1242 sumus,
1326 1181 1418 1249 qui
1443 1182 1659 1250 quidem
1719 1184 1884 1240 Deum
1941 1203 2061 1242 esse

561 1266 826 1320 malorum
857 1267 1166 1325 effectorem
1197 1271 1532 1338 existimant,
1567 1275 1742 1330 instar
1766 1277 2060 1334 Marcionis

560 1369 614 1414 et
639 1359 970 1428 reliquarum
1001 1362 1308 1418 haeresium.
1343 1364 1707 1430 Quamobrem
1732 1369 1777 1424 si
1817 1370 1918 1424 hoc
1943 1370 2060 1440 pla-

560 1450 754 1512 tuerit,
807 1460 1017 1519 oportet
1066 1453 1250 1522 plures
1298 1458 1591 1510 convenire
1647 1461 1950 1528 episcopos.
2007 1472 2062 1514 et

561 1543 640 1595 sic
692 1556 957 1596 canonem
991 1558 1285 1614 exponere,
1317 1556 1371 1600 ut
1399 1559 1451 1601 et
1481 1548 1526 1602 is
1556 1550 1647 1618 qui
1674 1551 1800 1605 fecit
1831 1552 1901 1604 sit
1957 1569 2050 1606 ex-

549 1644 637 1688 tra
669 1635 987 1701 periculurn,
1023 1636 1183 1707 105
1214 1645 1269 1692 et
1297 1639 1387 1708 qui
1417 1644 1726 1712 respondet,
1756 1644 1806 1697 in
1835 1659 2063 1715 respon-

566 1726 719 1783 sione
742 1726 810 1782 de
841 1727 928 1791 bis
960 1728 1062 1788 fide
1094 1730 1286 1800 dignus
1314 1733 1597 1793 habeatur.

563 2005 756 2062 BALS.
791 2007 1022 2073 Quinam
1055 2008 1492 2077 sintEncratitae,
1541 2011 1896 2083 Saccopbori,
1925 2015 2067 2082 Apo-

497 2101 720 2160 tactitre.
768 2097 1079 2164 Novatiani,
1110 2109 1164 2162 et
1193 2101 1570 2169 Marcionistte,
1598 2116 1653 2161 et
1685 2121 1930 2174 quaenam
1959 2107 2066 2160 sint

493 2193 606 2246 haec
636 2192 921 2245 bairesium
947 2206 1169 2259 genera,
1201 2192 1253 2244 in
1285 2193 1516 2249 diversis
1542 2197 1834 2250 canonibus
1863 2197 2063 2250 dictum

493 2292 596 2336 est.
622 2280 871 2338 Praesens
900 2292 1078 2336 autem
1110 2297 1281 2336 canon
1313 2298 1416 2337 non
1447 2291 1570 2353 ego!
1595 2285 2058 2352 interpretatione,

491 2372 616 2440 quia
646 2387 747 2425 nec
777 2381 834 2425 ut
857 2375 1135 2427 decretum
1170 2386 1200 2425 a
1229 2382 1418 2426 sancto
1465 2375 1723 2441 scriptum
1753 2386 1857 2436 est,
1893 2378 1983 2428 sed
2011 2384 2068 2427 ut

493 2463 776 2517 sententize
805 2463 975 2532 ipsius
1003 2463 1314 2532 explicatio.
1353 2464 1670 2534 Legitiutam
1699 2467 1840 2522 enim
1869 2467 2071 2522 consti-

496 2557 757 2610 tutionem
790 2558 852 2609 ad
877 2555 1190 2623 synodaiem
1217 2556 1580 2610 definitionem
1604 2559 1829 2612 remisit.
1853 2557 1931 2612 'l'u
1971 2575 2068 2612 au-

498 2660 603 2702 tem
631 2648 748 2717 lege
776 2663 971 2702 canon.
1008 2647 1038 2700 7
1073 2663 1196 2718 syn.
1226 2649 1260 2702 2
1301 2661 1354 2704 et
1383 2651 1531 2704 disce
1553 2651 1773 2718 quinam
1807 2667 1871 2705 ex
1898 2652 2072 2705 luere.-

500 2741 622 2794 ticis
667 2739 1028 2808 baptizantur,
1059 2750 1343 2810 postquam
1394 2743 1595 2813 recepti
1639 2744 1839 2798 fuerint
1870 2751 1924 2798 et
1978 2743 2068 2813 qui

497 2846 628 2886 ιιοη.

567 2920 825 2977 ZONAR.
868 2920 980 2977 Hoc
1011 2921 1151 2983 loco.
1181 2923 1266 2975 vir
1299 2931 1538 2987 sanctus,
1576 2921 1905 2976 Novatianos
1937 2936 2071 2989 quo-

498 3031 604 3085 que
635 3031 756 3070 cum
801 3014 941 3075 aliis,
987 3013 1422 3082 quandocunque
1469 3029 1526 3068 se
1557 3013 1814 3068 Ecclesiae
1856 3015 2072 3077 sistant,

2245 553 2511 621 κονομίας
2527 555 2669 618 τινὸς
2689 556 2876 619 ἕνεκα,
2911 556 3030 610 ἀλλ’
3057 560 3086 617 ό
3119 558 3394 630 ἡμέτερος
3415 560 3580 626 λόγος
3606 563 3774 632 ἰσχὺν

2232 641 2426 721 ἐχέτω,
2460 645 2541 702 ὅτι
2576 687 2592 712 ,
2626 647 2811 721 ἐπειδὴ
2864 648 3057 720 ὥσπερ
3114 652 3569 722 Μαρκιωνιστῶν
3614 655 3776 707 ἐστιν

2239 733 2677 807 αὑτοσλάστημα
2720 739 2753 806 ἡ
2789 739 2916 791 κατ’
2965 741 3170 813 αὐτοὺς
3209 743 3432 812 αἵρεσις
3472 743 3774 811 βδελυσσό-

2239 825 2421 896 μένων
2459 828 2554 881 τὸν
2595 829 2773 898 γάμον
2802 833 2897 884 καὶ
2926 834 3435 903 ἀποστρεφομένων
3463 835 3562 888 τὸν
3590 832 3769 901 οἶνον,

2235 917 2333 970 καὶ
2378 919 2478 990 τὴν
2513 921 2693 974 κτίσιν
2722 921 2818 974 τοῦ
2851 922 2989 975 Θεοῦ
3026 927 3432 997 μεμιασμένην
3484 925 3634 981 εἶναι
3681 927 3777 979 λε-

2232 1010 2459 1077 γόντων,
2506 1013 2566 1066 οὐ
2614 1014 2886 1084 δεχόμεθα
2919 1015 3015 1070 οὖν
3042 1016 3241 1080 αὐτοὺς
3277 1021 3357 1080 εἰς
3409 1019 3512 1090 τὴν
3561 1021 3779 1088 ἐκκλη-

2235 1103 2379 1168 σίαν,
2425 1105 2521 1157 ἐὰν
2554 1106 2629 1177 μὴ
2686 1107 3061 1176 βαπτισθιῖωιν
3110 1111 3192 1172 εἰς
3244 1110 3303 1162 τὸ
3346 1111 3628 1180 ἡμέτερον
3662 1112 3774 1181 βά-

2234 1209 2470 1264 πτισμα.
2507 1197 2597 1266 Μὴ
2627 1197 2735 1266 γὰρ
2766 1197 3076 1265 λεγέτωσαν
3107 1199 3192 1252 ὅτι
3245 1199 3343 1260 Et:
3401 1201 3628 1270 Πατέρα
3667 1203 3772 1254 καὶ

2235 1284 2387 1350 Υίδν,
2443 1287 2541 1340 καὶ
2590 1287 2745 1354 ἅγιον
2800 1290 3027 1359 Πνεῦμα
3082 1291 3530 1360 ἐϐαπτίσθημεν,
3586 1294 3649 1346 οε
3704 1312 3773 1360 γε

2234 1377 2426 1431 κακῶν
2453 1380 2684 1458 ποιητὴν
2715 1381 3103 1451 ὑποτιθέμενοι
3127 1384 3217 1437 τὸν
3242 1385 3405 1448 Θεὸν,
3439 1385 3779 1454 ἐφαμίλλως

2230 1469 2308 1540 τῷ
2338 1470 2632 1537 Μαρκίωνι
2684 1474 2780 1525 καὶ
2811 1475 2932 1534 ταῖς
2962 1473 3178 1536 λοιπαῑς
3231 1475 3539 1544 αἱρέσεσιν.
3595 1476 3778 1529 Ὥστε

2236 1562 2331 1614 ἐὰν
2351 1563 2524 1635 ἀρέσῃ
2546 1563 2723 1626 τοῦτο,
2744 1564 2829 1617 δεῖ
2854 1565 3107 1628 πλείονας
3128 1567 3467 1630 ἐπισκόπους
3491 1569 3551 1620 ἐν
3573 1567 3780 1635 ταύτῷ

2236 1655 2515 1722 γενέσθαι,
2548 1657 2643 1710 καὶ
2672 1656 2846 1718 οὕτως
2882 1657 3140 1710 ἐκθέσθαι
3172 1658 3263 1708 τὸν
3290 1657 3517 1719 κανόνα,
3546 1659 3639 1711 ἵνα
3675 1660 3782 1710 καὶ

2233 1746 2312 1816 τῷ
2360 1749 2649 1819 ποιήσαντι
2706 1747 2765 1801 τὸ
2817 1747 3113 1802 ἀκίνδυνον
3141 1746 3199 1822 ᾖ,
3234 1752 3329 1802 καὶ
3381 1751 3410 1802 ό
3460 1752 3781 1820 ἀποκρινό-

2241 1857 2401 1916 μενος
2462 1841 2524 1907 τό
2583 1840 2903 1908 ἀξιόπιστον
2962 1842 3063 1916 ἔχῃ
3119 1843 3179 1895 ἐν
3233 1845 3299 1913 τῇ
3355 1843 3486 1914 περὶ
3553 1844 3783 1897 τούτων

2237 1933 2550 2005 ἀποκρίσει.

2237 2018 2432 2074 ΒΑΛΣ.
2467 2019 2624 2085 Τίνες
2656 2021 2793 2075 ιίσὶν
2826 2020 2876 2075 oi
2905 2021 3276 2091 Ἐγκρατῖται,
3308 2021 3358 2074 οἱ
3390 2021 3779 2092 Σακκοφόροι,

2167 2114 2217 2166 oi
2250 2113 2661 2177 Ἀποτακτῐται,
2703 2117 2751 2167 oi
2794 2114 3155 2177 Ναυατιανοὶ,
3201 2113 3297 2171 καὶ
3341 2114 3390 2164 οἱ
3437 2112 3775 2182 Μαρκιωνι-

2170 2207 2315 2270 cui,
2346 2207 2441 2258 xui.
2468 2207 2596 2258 ποῖα
2622 2209 2692 2258 τὰ
2715 2205 2834 2274 εἴδη
2865 2204 2976 2256 τῶν
3003 2205 3272 2274 αἱρέσεων
3303 2203 3506 2268 αὐτῶν,
3538 2203 3776 2272 είρηται

2170 2300 2229 2350 ἐν
2255 2298 2536 2367 διαφόροις
2565 2299 2808 2351 κανόσιν.
2843 2297 2901 2350 '0
2930 2297 2985 2349 δὲ
3017 2294 3212 2364 παρὼν
3245 2297 3426 2347 κανὼν
3455 2294 3779 2364 ἑρμηνείας

2170 2388 2233 2443 οὐ
2255 2388 2460 2441 δέεται·
2485 2389 2621 2440 διότι
2644 2388 2766 2441 οὐδὲ
2791 2388 2864 2450 ὡς
2884 2388 3007 2458 ὅρος
3031 2387 3248 2457 ἐγράφη
3276 2387 3428 2454 παρὰ
3453 2385 3549 2438 τοῦ
3577 2386 3778 2452 ἁγίου,

2171 2481 2291 2534 ἀλλ’
2314 2479 2388 2541 ὡς
2415 2481 2806 2548 γνωματευμα.
2834 2479 2946 2547 Τὴν
2973 2480 3082 2548 γὰρ
3111 2477 3473 2546 θεσμοθεσίαν
3498 2477 3582 2540 εἰς
3611 2492 3772 2527 συνοα

2172 2569 2321 2625 δικὸν
2359 2569 2643 2638 διορισμὸν
2687 2571 2982 2622 ἀπέλυσεν.
3051 2570 3123 2622 Σὺ
3166 2570 3222 2620 δέ
3263 2568 3542 2633 ἀνάγνωθι
3585 2568 3687 2619 τὸν
3733 2569 3785 2629 ζ’

2175 2662 2375 2718 κανόνα
2409 2663 2507 2730 τῆς
2541 2661 2807 2729 δευτέρας
2843 2661 3087 2723 συνόδου,
3125 2663 3219 2712 καὶ
3259 2661 3437 2730 μάθῃς
3470 2661 3622 2721 τίνες
3661 2661 3785 2711 ἀπὸ

2174 2756 2284 2809 τῶν
2308 2755 2602 2825 αἱρετικῶν
2632 2754 2771 2823 μετὰ
2798 2752 3054 2823 δεχθῆναι
3086 2752 3466 2822 βαπτέζονται,
3498 2751 3595 2804 καὶ
3621 2751 3784 2812 τίνες

2175 2848 2237 2900 οὐ
2273 2846 2652 2914 βαπτίζονται.

2249 2937 2490 2992 ΖΩΝΑΡ.
2530 2937 2793 2999 Ἐνταῦθα
2831 2939 2858 2990 ό
2898 2937 3050 3004 ἅγιος
3084 2937 3209 2998 τοὺς
3250 2936 3630 2999 Ναυατιανοῦς
3678 2936 3787 3006 βας

2179 3028 2465 3091 σιτίζεσθαι
2494 3029 2785 3097 διορίζεται
2809 3069 2824 3086 .
2858 3030 3000 3096 μετὰ
3030 3028 3137 3078 τῶν
3169 3026 3347 3079 ἄλλων
3383 3029 3787 3096 προσερχομέ-

498 3105 854 3175 baptizandus
888 3119 1011 3158 esse
1055 3104 1324 3166 decernit.
1381 3106 1578 3175 quippe
1605 3107 1695 3174 qui
1742 3107 1879 3162 forte
1925 3107 2056 3161 Maro

2208 3137 2294 3182 ους
2322 3123 2390 3189 τῇ
2425 3120 2742 3189 Ἐκκλησία,
2773 3119 2898 3179 τοὺς
2927 3117 3000 3177 ὡς
3032 3117 3173 3184 τάχα
3207 3117 3545 3184 φρονοῦντας
3577 3119 3646 3169 τὰ
3680 3119 3787 3170 τοῦ

501 3199 674 3254 cionis
708 3199 923 3268 placitis
960 3200 1350 3254 adluercscant.
1375 3199 1649 3268 Septimus
1677 3216 1855 3256 autem
1901 3218 2072 3256 canon

504 3287 759 3343 secundae
794 3289 1006 3358 synodi,
1045 3288 1169 3341 dum
1204 3303 1298 3342 eos
1330 3290 1417 3357 qui
1455 3305 1577 3344 cum
1623 3292 1737 3345 solo
1785 3291 2077 3345 chrismate

503 3379 820 3434 admittendi
870 3391 994 3433 sunt
1027 3390 1295 3443 numerat,
1328 3396 1446 3433 cum
1483 3384 1546 3436 iis
1591 3381 1918 3437 Novatianos
1948 3398 2080 3450 quo-

503 3487 606 3540 que
637 3481 942 3541 percenset.
980 3471 1211 3526 Omnino
1257 3488 1385 3528 vero
1427 3476 1651 3529 canonis
1699 3475 1842 3529 illius
1884 3476 2077 3530 defini-

508 3565 638 3618 tioni
669 3574 814 3618 stare
847 3574 1083 3633 oportet,
1130 3566 1326 3633 quippe
1361 3567 1449 3633 qni
1482 3577 1535 3621 et
1567 3567 1836 3634 posterior
1885 3553 1991 3631 est,
2026 3576 2081 3620 ct

505 3671 535 3709 a
572 3658 778 3726 synodo
808 3658 985 3711 editus
1020 3676 1032 3711 :
1071 3666 1121 3712 et
1147 3659 1271 3725 quia
1319 3674 1382 3713 ne
1407 3674 1633 3727 magnus
1681 3659 1897 3727 quidem
1925 3658 2082 3712 Basi-

509 3749 636 3811 lius,
663 3750 807 3802 hunc
834 3749 1008 3815 fveluti
1054 3763 1310 3802 can0ncm
1358 3751 1746 3816 pronuntiavit,
1801 3752 1893 3805 sed
1927 3767 2081 3806 suam

515 3832 861 3904 sententiam,
886 3848 1125 3909 rogatus,
1146 3841 1358 3908 aperuit
1389 3857 1402 3892 :
1436 3841 1630 3894 deinde
1662 3841 1863 3904 subdit,
1897 3856 2086 3910 quem-

511 3932 798 3985 admodum
844 3939 898 3984 et
945 3931 1094 3997 ipse,
1141 3930 1194 3982 in
1240 3930 1514 3998 proposita
1569 3931 1886 4000 quzestione,
1944 3933 2083 3985 haud

516 4025 675 4090 plane
718 4021 1057 4088 exploratum
1086 4021 1280 4074 habeat
1318 4021 1444 4088 quid
1489 4023 1708 4086 sentiat,
1750 4021 1853 4075 illis
1885 4023 2084 4085 verbis,

515 4114 875 4180 Quamobrem
906 4115 949 4167 si
981 4114 1079 4167 hoc
1111 4113 1398 4183 placuerit,
1453 4123 1666 4182 oportet
1703 4115 1884 4183 plures
1927 4115 2087 4169 simul

515 4221 637 4259 esse
679 4207 989 4274 episcopos,
1025 4215 1078 4259 et
1116 4205 1196 4259 sic
1237 4220 1498 4260 canonem
1529 4221 1822 4276 exponere,
1869 4215 1928 4260 ut
1958 4220 2013 4261 et
2043 4208 2088 4262 is

519 4297 611 4364 qui
644 4295 772 4350 fecit
811 4297 874 4349 sit
911 4306 1064 4350 extra
1091 4297 1387 4366 periculum
1421 4313 1628 4354 canone
1655 4316 1682 4352 a
1709 4300 1952 4368 pluribus
1974 4302 2090 4369 epi-

524 4389 704 4457 scopis
733 4388 1041 4457 explicato;
1075 4403 1137 4441 ac
1167 4392 1354 4443 eodem
1384 4391 1539 4444 modo
1576 4391 1844 4456 videlicet,
1885 4408 2090 4447 memo-

528 4492 674 4535 ratos
707 4480 957 4534 homines
1001 4479 1294 4547 baptizanti
1335 4479 1534 4532 nullum
1587 4482 1722 4536 adsit
1777 4484 2092 4550 periculum,

2127 4440 2173 4494 D

2177 3212 2524 3280 Μαρκίωνος.
2561 3211 2620 3264 Ὁ
2649 3210 2705 3262 δὲ
2731 3209 2829 3277 τῆς
2859 3209 3115 3276 δευτέρας
3148 3208 3369 3259 συνόδου
3401 3207 3636 3283 ἕβδομος
3675 3227 3786 3262 κα-

2179 3303 2284 3356 νὼν
2315 3302 2649 3372 ἀπαριθμῶν
2681 3305 2806 3362 τοὺς
2840 3303 3104 3371 χρίσματι
3145 3301 3291 3369 μόνῳ
3327 3301 3649 3367 ὀφείλοντας
3691 3301 3788 3353 δέ-

2179 3395 2406 3466 χεσθαι,
2444 3395 2538 3446 καὶ
2573 3396 2699 3456 τοὺς
2733 3394 3113 3453 Ναυατιανοὺς
3148 3392 3383 3454 ἐκείνοις
3420 3391 3784 3461 συναριθμεῖ.

2181 3487 2405 3549 Πάντως
2447 3486 2492 3537 δ’
2517 3485 2981 3555 ἐπικρατέστερος
3023 3485 3047 3535 ὁ
3096 3484 3276 3536 κανὼν
3323 3484 3482 3535 ἔσται
3525 3484 3744 3544 ἐκεῖνος
3769 3523 3786 3544 ,

2181 3575 2268 3631 οἶα
2317 3577 2774 3647 μεταγενέστερος
2818 3577 2913 3629 καὶ
2961 3577 3270 3636 συνοδικός·
3319 3577 3411 3627 καὶ
3456 3576 3541 3628 ὅτι
3587 3577 3714 3628 οὐδὲ
3760 3581 3791 3630 ὁ

2185 3670 2357 3738 μέγας
2385 3670 2662 3731 Βασίλειος
2710 3671 2786 3731 ὡς
2810 3670 3012 3721 κανόνα
3035 3659 3223 3720 τοῦτον
3246 3667 3619 3736 ἐξεφώνησεν,
3645 3668 3794 3719 ἀλλὰ

2182 3760 2282 3830 τὴν
2316 3761 2523 3813 οἰκείαν
2559 3759 2787 3827 γνώμην
2821 3759 2959 3828 πρὸς
2995 3759 3270 3827 ἐρώτησιν
3306 3759 3583 3826 ἐόήὶωσεν
3605 3777 3620 3790 ·
3659 3754 3794 3812 εἶτα

2187 3853 2486 3920 ἐπήγαγεν,
2514 3851 2702 3916 ὥσπερ
2727 3850 2818 3901 καὶ
2843 3849 3004 3908 αὐτὸς
3033 3848 3108 3916 μὴ
3138 3847 3371 3916 βεϐαίως
3398 3849 3539 3917 πρὸς
3561 3851 3622 3902 τὸ
3648 3851 3795 3918 ἐρωιο

2185 3943 2349 4012 ’τηθὲν
2393 3943 2756 4016 διακείμενος,
2778 3941 2858 4009 τὸ,
2892 3942 3076 4002 Ὥστε,
3117 3939 3213 3992 ἐὰν
3257 3939 3432 4009 ἀρέσῃ
3477 3941 3659 4002 τοῦτο,
3710 3942 3798 3993 δεῖ

2189 4035 2442 4098 πλείονας
2476 4035 2810 4095 ἐπισκόπους
2844 4035 2902 4085 ἐν
2934 4031 3125 4099 ταύτῷ
3162 4032 3443 4098 γενέσθαι,
3482 4034 3577 4084 καὶ
3611 4032 3798 4093 οὕτως

2189 4126 2446 4179 ἐκθέσθαι
2474 4127 2564 4178 τὸν
2593 4126 2815 4188 κανόνα,
2851 4125 2935 4177 ἵνα
2962 4123 3049 4176 διὰ
3078 4123 3172 4175 τοῦ
3206 4122 3436 4187 κανόνος
3469 4125 3578 4176 ὑπὸ
3607 4125 3799 4176 7:15:6-

2189 4233 2296 4269 νων
2321 4217 2638 4268 ἐπισκόπων
2661 4214 2976 4276 ἐκτεθέντος
3003 4215 3098 4266 καὶ
3119 4213 3197 4283 τῷ
3224 4216 3521 4282 ποιήσαντι
3545 4212 3606 4265 τὸ
3631 4214 3797 4267 ἀκίν-

2190 4309 2344 4362 δυνον
2509 4308 2605 4359 καὶ
2650 4306 2846 4358 ταύτὸν
2887 4305 3089 4372 δηλαδὴ
3137 4305 3230 4356 καὶ
3281 4304 3614 4374 βαπτίσαντι
3658 4303 3800 4366 τοὺς

2201 4400 2526 4467 εἰρημένους
2565 4396 2638 4466 μὴ
2742 4396 2987 4456 κίνδυνος
3011 4435 3025 4457 ,
3058 4395 3135 4455 ὡς
3171 4396 3321 4465 παρὰ
3355 4396 3594 4458 κανόνας
3628 4397 3799 4464 ποιήο

2203 4508 2380 4551 σαντι,
2410 4490 2503 4542 καὶ
2534 4487 2560 4537 ὁ
2594 4487 3026 4555 ἀποκρινόμενος
3055 4489 3167 4547 τοῖς
3198 4489 3327 4554 περὶ
3357 4485 3626 4538 τοιούτων
3656 4487 3794 4556 ἐρω.

524 4575 683 4643 quasi
716 4576 972 4627 adversus
1000 4587 1235 4627 canones
1281 4573 1490 4638 fecerit,
1523 4584 1575 4626 et
1608 4575 1700 4642 qui
1731 4574 1797 4628 de
1829 4575 2082 4644 ejusmodi

2208 4583 2336 4635 τῶσι
2366 4582 2426 4633 τὸ
2459 4579 2770 4643 ἀξιόπιστον
2801 4579 2911 4648 ἔχει
2947 4579 3010 4630 ἐκ
3040 4578 3135 4639 τοῦ
3173 4578 3418 4639 κανόνος.
3451 4575 3536 4630 Τὰ
3572 4576 3630 4629 δὲ
3665 4579 3808 4646 περὶ

527 4665 986 4732 interrogantibus
1023 4666 1333 4731 respondet,
1367 4665 1476 4719 fide
1507 4666 1718 4732 dignus,
1744 4666 1812 4719 ob
1835 4667 2098 4720 constitu-

528 4769 639 4810 tum
671 4772 956 4822 canonem,
996 4759 1364 4813 existimetur.
1397 4755 1527 4821 Quae
1559 4772 1718 4825 porro
1764 4760 1828 4809 ad
1873 4757 2098 4810 Marcio-

529 4853 815 4914 nistarum,
849 4858 902 4902 et
927 4848 1326 4904 Encratitarum
1353 4849 1585 4903 haereses
1615 4848 1906 4915 pertinent,
1939 4863 2100 4920 supra

528 4941 584 4995 in
617 4941 837 4996 canonis
870 4940 1229 5010 explicatione
1257 4941 1530 5008 descripta
1564 4950 1715 4994 sunt.

605 5031 835 5085 ARIST.
870 5031 1200 5094 Encratitas,
1247 5042 1301 5084 et
1361 5031 1756 5099 Saccophoros,
1806 5039 1859 5084 et
1907 5031 2104 5100 Apota-

533 5128 689 5177 ctitas
715 5125 889 5177 denuo
912 5123 1231 5192 baptizabis.
1257 5121 1510 5188 Quanzxis
1537 5123 1677 5176 enim
1700 5133 1944 5177 asserunt
1967 5126 2106 5191 quod

538 5220 590 5272 in
624 5218 859 5280 Patrem,
894 5226 947 5270 et
987 5217 1204 5279 Filium,
1251 5225 1307 5271 et
1358 5217 1614 5285 Spiritum
1652 5228 1896 5271 sanctum
1939 5218 2109 5284 bapti-

539 5311 645 5363 ιιιιί
700 5318 847 5373 sunt,
897 5310 1332 5378 quandoquidem
1387 5321 1564 5362 tamen
1621 5310 1785 5364 Deum
1843 5311 2108 5364 malorum

544 5414 814 5457 auctorem
875 5404 1037 5470 impie
1081 5402 1371 5467 affirmant,
1420 5405 1566 5472 juxta
1614 5403 1964 5466 Marcionem,
2008 5403 2111 5456 nisi

546 5500 724 5550 dt-nuo
757 5497 1115 5571 baptizentur,
1151 5511 1254 5548 non
1288 5507 1411 5550 sttnt
1448 5495 1759 5562 recipiendi.

616 5591 674 5644 In
732 5590 906 5656 primo
956 5589 1168 5656 quidem
1223 5587 1391 5655 ipsius
1435 5603 1664 5650 canone,
1708 5601 1955 5655 magnum
2012 5585 2114 5638 boc

554 5683 811 5739 Ecclesiae
835 5683 1120 5744 luminare,
1154 5681 1549 5732 Encratitarum
1584 5690 1636 5732 et
1672 5678 2113 5741 Novatianorutn,

556 5791 666 5833 sne
702 5776 1055 5832 Callaarorunt
1113 5774 1376 5841 baptisma
1405 5773 1554 5841 juxta
1608 5772 1920 5825 (monomiec
1957 5770 2120 5822 ratio-

2205 4676 2303 4743 τῆς
2346 4673 2606 4743 αἱρέσεως
2650 4669 2759 4724 τῶν
2800 4668 3239 4740 Μαρκιωνιστῶν
3282 4669 3376 4719 mi.
3415 4668 3806 4737 Ἐγκρατιτῶν

2209 4767 2639 4836 προεγράφησαν
2671 4764 2727 4815 ἐν
2757 4762 2823 4830 τῇ
2856 4761 2946 4813 τοῦ
2979 4757 3525 4828 κανόνοςῒξηγήσει.

2312 5031 2532 5086 ΑΡΙΣΤ.
2603 5029 3002 5098 Ἐγκρατίτπις,
3054 5027 3148 5079 καὶ
3223 5027 3653 5094 Σακκοφόρους,
3710 5029 3805 5078 καὶ

2227 5123 2657 5185 Ἀποτακτίτας,
2707 5119 3125 5179 ἀναῦαπτίσεις.
3173 5118 3235 5170 Εἰ
3285 5119 3396 5187 γὰρ
3442 5120 3540 5169 καὶ
3585 5118 3809 5185 λέγοιεν

2215 5221 2298 5272 ὅτι
2332 5217 2410 5278 εἰς
2447 5215 2667 5282 Πατέρα
2705 5212 2798 5263 καὶ
2834 5212 2960 5263 Υἱὸν
2995 5211 3085 5261 καὶ
3119 5209 3276 5276 ἅγιον
3310 5208 3540 5276 Πνεῦμα
3573 5209 3809 5261 ἐδαπτίο

2220 5311 2449 5377 σθησαν,
2482 5305 2600 5359 ἀλλ’
2627 5307 2748 5356 ἐπεὶ
2771 5304 2954 5356 κακῶν
2989 5307 3223 5370 ποιητὴν
3256 5301 3347 5351 τὸν
3381 5300 3518 5352 Θεὸν
3556 5297 3805 5368 βλασφηο

2223 5397 2383 5468 μοῦσι
2406 5395 2547 5450 κατὰ
2569 5395 2892 5464 Μαρκίωνα,
2921 5392 2995 5463 μὴ
3015 5389 3540 5460 ἀναϐαπτιζόμενοι,
3567 5387 3806 5442 ἄδεκτοι.

2305 5577 2397 5631 Ἐν
2436 5578 2530 5644 μὲν
2555 5574 2646 5643 -τῷ
2690 5571 2889 5643 πρώτῳ
2927 5570 3089 5623 αὐτοῦ
3132 5569 3316 5620 κανόνι
3359 5569 3386 5617 ὁ
3435 5566 3615 5636 μέγας
3655 5561 3816 5626 oin;

2226 5677 2321 5742 τῆς
2362 5669 2687 5735 Ἐκκλησίας
2742 5661 2965 5730 φωστὴρ
3021 5661 3080 5712 τὸ
3131 5659 3239 5710 τῶν
3282 5657 3661 5726 Ἐγκρατιτῶν
3719 5659 3818 5707 καὶ

2227 5762 2608 5823 Ναυατιανῶν,
2647 5759 2765 5826 ἦτοι
2806 5753 3098 5822 Καθαρῶν,
3143 5751 3432 5817 βάπτισμα
3475 5750 3616 5800 κατὰ
3651 5747 3816 5811 λόγον
