4006 6444
302 328 405 390 7'29

1247 340 1327 400 ΙΝ
1368 342 1610 402 EPIST.
1656 345 1718 404 S.
1767 341 2055 403 BASlLll.
2088 347 2530 414 CANONICAM
2571 354 2652 416 Il.

3455 362 3564 428 730

301 435 611 507 οἰκονομίας
654 437 896 508 ἐδέξατο,
941 443 1034 504 καὶ
1078 448 1383 518 προσέταξε
1433 451 1582 522 μόνῳ
1625 452 1702 522 τῷ
1748 454 1847 520 ἁγίι

1962 471 2117 512 ιηειυ
2170 463 2414 527 admisit,
2442 477 2494 519 et
2523 466 2710 534 jussit,
2752 482 2842 522 eos
2898 467 3012 523 solo
3041 469 3337 526 chrismate
3373 488 3568 528 saneto

297 525 456 598 μύρῳ
497 528 726 592 τούτους
768 532 1040 602 χρίεσθαι,
1085 543 1561 610 προσερχομένους
1605 545 1670 614 τῇ
1716 543 1882 597 καθο-

297 620 417 688 λικῇ
454 618 662 684 πίστει,
696 622 794 676 καὶ
826 624 926 688 τὰς
956 627 1200 696 αἱρέσεις
1236 631 1418 693 αὐτῶν
1453 631 1883 704 ἀναθεματίζον-

296 724 396 771 τας
416 722 430 738 ο
460 710 698 766 ἐνταῦθα
723 712 802 780 δὲ,
828 715 1137 788 ἐπιδιορθού
1146 739 1309 789 μενος
1331 724 1392 776 τὸ
1422 727 1544 780 κατ’
1569 727 1882 796 οἰκονομίαν

294 799 472 852 ὲκετσε
518 801 738 872 δεχθὲν,
787 807 959 876 ὁρίζει
1009 816 1134 875 τοὺς
1198 814 1560 883 Ἑγκρατίτας
1613 819 1711 873 καλ.
1756 821 1884 881 τοὺς

293 888 516 954 λοιποὺς
582 895 1088 968 ἀναὸαπτίζεσθαι,
1121 902 1212 957 διὰ
1238 905 1300 958 τδ
1327 907 1426 976 τὴν
1456 909 1672 978 αἵρεσιν
1701 911 1882 965 αὐτῶν

291 983 606 1051 ἀποδλάστη
618 1005 695 1055 μα
723 986 862 1044 εἶναι
889 993 999 1046 τῶν
1024 996 1486 1067 Μαρκιωνιστῶν,
1514 1001 1882 1072 βδελυσσομέ-

289 1089 394 1125 νων
419 1075 515 1128 καὶ
539 1078 743 1166 αὐτῶν,
768 1079 844 1142 ὡς
869 1082 1116 1148 ἐκείνων,
1143 1087 1237 1142 τὸν
1262 1091 1462 1160 γάμον,
1491 1093 1588 1146 καὶ
1613 1095 1883 1166 ἀποστρε-

288 1165 544 1232 φομένων
573 1166 667 1222 τδν
695 1164 837 1224 οἶνον
858 1210 874 1235 ,
908 1175 1004 1226 καὶ
1031 1176 1130 1244 τὴν
1161 1178 1341 1235 κτίσιν
1369 1183 1465 1236 τοῦ
1497 1184 1632 1239 Θεοῦ
1667 1164 1876 1257 μεμια-

289 1256 495 1326 σμένην
534 1253 670 1312 εῐναι
706 1261 997 1329 λεγόντων.
1040 1269 1187 1338 Πλὴν
1220 1273 1250 1324 6
1287 1273 1520 1346 ἕϐδομος
1557 1253 1755 1334 κανὼν-
1775 1279 1877 1351 τῆς

284 1348 341 1398 ὲν
377 1347 671 1420 Λαοδικείᾳ
715 1354 960 1417 συνόδου.
1004 1358 1100 1412 καὶ
1139 1363 1168 1415 6
1211 1362 1438 1435 ἕϐδομος
1476 1368 1579 1439 τῆς
1625 1371 1683 1423 ὲν
1721 1347 1880 1426 Κων-

285 1439 768 1505 σταντινουπόλει,
801 1443 896 1498 καὶ
925 1446 955 1498 6
985 1447 1371 1519 ἑννενηκοστδς
1403 1456 1654 1523 πέμπτος
1685 1459 1784 1527 τῆς
1819 1460 1877 1511 ὲν

283 1526 362 1595 τῷ
402 1527 660 1599 nam,»
699 1532 866 1604 ἕκτης
908 1539 1153 1605 συνόδου,
1200 1544 1311 1598 τῶν
1355 1526 1749 1617 Ναυατιανῶν,
1783 1552 1878 1604 καὶ

284 1617 593 1689 Καθαρῶν,
632 1625 728 1676 καὶ
765 1626 1448 1697 Τεσσαρεσκαιδεκατιτῶν
1481 1637 1543 1691 τὸ
1588 1639 1877 1710 βάπτισμα

282 1707 538 1778 δέχεται,
576 1717 1036 1786 προσερχομένων
1066 1724 1130 1792 τῇ
1170 1723 1469 1796 Ἐκκλησία
1491 1766 1506 1792 ,
1541 1729 1638 1782 καὶ
1673 1707 1872 1795 ἀναθε-

279 1802 620 1869 ματιζόντων
652 1807 835 1859 πᾶσαν
865 1809 1112 1879 αἵρεσιν,
1145 1815 1238 1867 καὶ
1265 1815 1365 1886 τὴν
1396 1818 1628 1874 ἑαυτῶν.
1666 1822 1864 1891 Χρίον-

273 1907 364 1943 ται
405 1891 463 1944 δὲ
511 1896 659 1964 μόνῳ
720 1897 798 1966 τῷ
843 1900 983 1968 ἁγίῳ
1026 1902 1184 1974 μύρῳ
1226 1906 1478 1977 μέτωπα,
1524 1912 1863 1984 ὀφθαλμοὺς,

271 1987 450 2056 ῥίνας,
484 1990 682 2061 στόμα,
715 1994 811 2053 καὶ
840 1987 980 2050 ὦτα.

857 2087 1098 2142 ΚΑΝΩΝ
1132 2089 1274 2146 MH'.

284 2169 348 2223 Ἦ
382 2171 437 2224 δὲ
475 2173 977 2244 ὲγκαταλειφθιῖσα
1013 2184 1164 2250 παρὰ
1195 2182 1290 2236 τοῦ
1322 2186 1518 2255 ἀνδρδς
1539 2227 1552 2249 ,
1587 2189 1728 2242 κατὰ
1760 2190 1860 2260 τὴν

337 2264 480 2334 ἐμὴν
508 2265 758 2338 γνώμην,
791 2272 972 2339 μένειν
997 2273 1228 2340 ὀφείλει.
1263 2277 1324 2329 Εἰ
1354 2279 1464 2348 γὰρ
1491 2281 1519 2332 6
1544 2279 1752 2356 Κύριος
1784 2277 1860 2334 εἳ-

332 2371 435 2408 πεν
448 2395 463 2418 ,
487 2358 571 2410 ὅτι
589 2358 731 2414 Ἐάν
745 2378 831 2427 τις
842 2367 1176 2434 καταλείπῃ
1205 2369 1461 2436 γυναῖκα
1474 2371 1650 2438 ἐκτὸς
1668 2377 1857 2443 λόγου

333 2449 645 2516 πορνείας,
671 2453 835 2506 ποιεῖ
862 2456 1060 2524 αὐτὴν
1078 2459 1430 2529 μοιχᾶσϐαι,
1458 2464 1523 2516 ἐκ
1540 2463 1636 2517 τοῦ
1664 2482 1856 2535 μοιχα-

331 2534 452 2588 λίδα
485 2538 657 2610 αὐτὴν
683 2540 985 2610 ὀνομάσαι,
1016 2547 1344 2602 ἀπέκλεισεν
1375 2551 1545 2623 αὐτὴν
1584 2556 1683 2624 τῆς
1716 2556 1854 2622 πρὸς

328 2626 520 2718 έτερον
539 2633 840 2718 κοινωνίας.
853 2638 974 2700 Πῶς
991 2640 1101 2712 γὰρ
1117 2642 1336 2697 δύναται
1359 2648 1386 2699 6
1401 2649 1501 2717 μὲν
1522 2650 1623 2718 ἀνὴ
1631 2669 1660 2718 ρ
1680 2651 1849 2704 ὑπεύ-

327 2716 491 2782 θυνος
505 2715 807 2810 εἴπῃ-ὼς
843 2730 1091 2798 μοιχείας
1125 2734 1331 2798 αῐτιος,
1365 2715 1412 2806 ἡ-
1432 2737 1489 2790 δὲ
1523 2715 1661 2810 γυνη
1697 2742 1850 2794 ἀναί-

322 2825 442 2903 τιος
475 2808 639 2878 εἶναι,
673 2807 719 2886 ﬂ
741 2819 994 2888 μοιχαλὶς
1028 2824 1178 2894 παρὰ
1216 2827 1423 2896 Κυρίου
1459 2829 1548 2884 διὰ
1578 2807 1677 2903 τὴν
1711 2834 1850 2903 πρδς

321 2899 510 2969 ἕτερον
539 2903 706 2972 ἄνδρα
737 2910 1023 2964 κοινωνίαν
1054 2919 1601 2986 προσαγορευθεῖσα;

319 2989 519 3046 ΒΑΛΣ.
551 2994 649 3056 Ὠς
684 2994 884 3061 ἔοικεν,
927 3001 1228 3074 ιρωτηθεὶς
1263 3008 1291 3060 6
1328 3006 1504 3075 ἅγιος,
1545 3013 1593 3064 εί
1634 3012 1840 3082 ὀφείλει

1985 553 2138 620 ungi,
2162 567 2289 607 cum
2320 555 2384 607 ad
2416 556 2733 611 catholiCum
2762 560 3023 614 accedunt
3053 562 3210 617 [idem
3241 572 3296 617 et
3336 565 3569 626 haereses

1986 657 2111 701 suas
2135 645 2631 708 anathematizant.
2662 647 2760 704 Hic
2790 659 2970 704 autem
3006 653 3285 724 corrigens
3319 659 3458 726 quod
3491 659 3565 712 ibi

1985 746 2206 806 propter
2235 743 2595 795 mcmmmiam
2629 741 2923 799 admissum
2978 743 3100 810 fuit,
3127 748 3319 802 statuit
3357 749 3566 803 Encra-

1985 829 2133 891 litas.
2179 841 2232 886 et
2287 832 2523 901 reliquos
2576 833 2769 888 iterum
2821 835 3108 905 baptixari,
3157 837 3285 906 quin
3338 840 3567 896 istorum

1984 920 2205 977 haeresis
2231 933 2314 978 est
2345 922 2823 981 Marcionistarnm
2859 943 3102 997 germen,
3132 940 3187 985 et
3212 932 3299 987 his
3323 948 3431 987 non
3461 935 3568 988 mi-

1983 1028 2087 1067 nus
2109 1029 2273 1082 quam
2304 1015 2422 1071 istis
2449 1018 2663 1086 nuptias
2681 1020 3096 1087 detestantibus,
3119 1031 3172 1079 et
3194 1023 3374 1078 vinum
3407 1025 3566 1083 fasti-

1981 1103 2071 1158 dio
2091 1104 2496 1171 damnantilms,
2534 1118 2587 1163 et
2633 1108 2726 1164 Dei
2777 1121 3084 1169 creaturam
3131 1119 3564 1174 contaminatam

1981 1209 2102 1252 esse
2148 1197 2474 1257 dicentibus.
2524 1200 2628 1256 Sed
2677 1205 2943 1274 septimus
3005 1209 3197 1279 synodi
3245 1207 3567 1266 Laodicenze

1979 1303 2174 1354 canon,
2216 1300 2271 1345 et
2313 1293 2580 1362 septimus
2626 1294 3267 1367 Constantinopolitanae,
3301 1309 3356 1358 et
3391 1319 3564 1358 nona-

1980 1381 2216 1449 gesimus
2246 1384 2467 1452 quintus
2499 1401 2668 1444 sextae
2717 1389 2772 1444 in
2804 1388 2994 1444 Trullo
3029 1394 3247 1462 synodi,
3287 1404 3341 1448 ει
3387 1393 3567 1449 Nova-

1982 1472 2275 1535 tianorutn,
2324 1483 2378 1529 et
2420 1475 2808 1542 Catltarornm,
2840 1489 2896 1533 et
2945 1481 3564 1547 Quartadccimanorum

1978 1562 2242 1631 baptisma
2300 1569 2513 1635 recipit,
2564 1569 2608 1622 si
2671 1573 2736 1623 ad
2790 1573 3092 1628 Ecclesiam
3141 1576 3457 1642 adveniunt,
3509 1587 3565 1631 ει

1978 1668 2193 1711 omnem
2233 1655 2482 1714 haeresim
2514 1663 2676 1718 etiam
2721 1679 2878 1719 Suam
2925 1667 3405 1722 anatltetnatizant.
3433 1668 3564 1724 Solo

1907 1786 1949 1840 Β
1979 1755 2160 1800 autem
2206 1760 2400 1804 sancto
2432 1764 2707 1821 unguntur
2738 1756 3039 1814 chrismate
3073 1757 3300 1830 frontes,
3347 1763 3559 1828 oculos.

1978 1851 2159 1902 nasos,
2192 1854 2274 1904 os,
2310 1850 2365 1895 et
2394 1857 2571 1901 aures.

2513 2108 2743 2166 CANON
2779 2111 3020 2169 XLVIII.

1961 2192 2091 2260 Quae
2125 2210 2151 2246 ιι
2184 2198 2380 2252 marito
2425 2199 2647 2255 dimissa
2676 2213 2778 2265 est.
2827 2220 2943 2259 utea
2999 2207 3214 2276 quidem
3286 2214 3556 2267 sententia

2030 2296 2248 2339 manere
2280 2285 2460 2341 debet.
2518 2287 2573 2343 Si
2624 2292 2766 2345 enim
2813 2294 3076 2351 Dominus
3121 2301 3387 2357 dixit:St’
3433 2306 3556 2374 quia

2031 2372 2244 2443 reliquit
2285 2391 2500 2430 uxorem
2529 2391 2883 2451 praterqnam
2925 2388 3129 2442 ratione
3153 2392 3551 2458 fornicationis,

2024 2461 2150 2530 facit
2182 2480 2295 2517 eam
2330 2467 2624 2523 adulterari
2648 2472 2686 2534 ¹,
2739 2486 2803 2527 ex
2832 2489 2897 2528 eo
2927 2478 3070 2544 quod
3099 2493 3218 2532 eam
3246 2481 3547 2538 adulteram

2028 2554 2292 2618 nominet,
2325 2558 2563 2612 exclusit
2594 2574 2713 2614 eam
2749 2577 2776 2614 a
2807 2565 3069 2622 societate
3089 2583 3209 2622 cum
3245 2571 3373 2633 alio,
3401 2572 3549 2639 Quo-

2022 2647 2186 2698 modo
2237 2646 2383 2700 enim
2437 2658 2621 2717 potest
2685 2653 2769 2706 vir
2822 2654 3044 2723 quidem
3104 2673 3223 2712 esse
3279 2676 3430 2723 reus.
3491 2675 3550 2718 ut

2027 2744 2221 2788 auctor
2260 2737 2539 2802 adulterii,
2589 2741 2786 2795 mulier
2834 2752 3012 2797 autem
3060 2746 3187 2800 nulli
3226 2763 3344 2804 esse
3379 2752 3550 2818 culpa:

2023 2825 2200 2881 aﬂinis
2234 2842 2354 2896 quae
2378 2830 2620 2885 adultera
2657 2832 2922 2901 appellata
2952 2848 3035 2892 est
3065 2849 3284 2909 pr0pter
3317 2856 3546 2899 consue-

2012 2915 2251 2969 tudinem
2285 2931 2407 2969 cum
2444 2918 2550 2972 alio
2581 2920 2746 2974 viro?

2025 3007 2188 3078 106
2229 3006 2420 3064 BALS.
2458 3007 2652 3066 Ut'est
2680 3013 3000 3081 verisimile,
3030 3027 3255 3073 sanctus
3304 3019 3540 3077 interro-

250 3083 474 3152 νομίμῳ
503 3086 658 3154 ἀνδρὶ
688 3089 1060 3145 συνάπτεσθαι
1092 3096 1124 3163 ἡ
1155 3098 1485 3166 παραλόγως
1515 3102 1837 3170 διαζυγετσα

1962 3106 2104 3167 gntus
2136 3108 2239 3166 est,
2273 3114 2340 3154 an
2389 3102 2542 3157 debet
2581 3104 2782 3158 marito
2823 3106 3065 3175 legitime
3111 3109 3364 3181 conjungi
3418 3130 3542 3182 quae

255 3173 412 3242 παρὰ
440 3175 537 3226 τοῦ
569 3176 775 3228 οἰκείου
805 3179 1019 3248 ἀνδρὸς,
1051 3177 1231 3247 εἷπεν,
1263 3187 1385 3240 ἐπεὶ
1414 3189 1442 3240 6
1474 3192 1680 3261 Κύριος
1709 3195 1844 3247 ἁπε-

248 3265 464 3333 φήνατο
509 3267 791 3338 μοιχαλίδα
837 3265 977 3325 εἶναι
1016 3273 1117 3343 τὴν
1161 3277 1624 3347 καταλειφθεῖσαν
1670 3301 1844 3354 παρε-

247 3357 376 3416 κτὸς
415 3359 672 3425 πορνείας
707 3361 813 3413 ὑπὸ
845 3363 940 3416 τοῦ
976 3365 1179 3420 οίκεῗου
1217 3369 1413 3440 ἀνδρὸς
1435 3413 1449 3437 ,
1487 3373 1709 3439 πάντως
1746 3378 1844 3431 ἐὰν

246 3447 424 3516 ἑτέρῳ
460 3448 760 3520 συζευχθῇ.
795 3455 1000 3521 ὀφείλει
1037 3457 1068 3526 ἡ
1102 3459 1328 3528 τοιαύτη
1363 3463 1505 3532 γυνὴ
1543 3465 1840 3536 ἡσυχάζειν

245 3539 336 3588 καὶ
367 3538 542 3612 ἑτέρῳ
573 3540 648 3610 μὴ
677 3543 1042 3612 συναφθῆναι.
1074 3548 1519 3615 Κατασκευάζων
1565 3554 1620 3606 δὲ
1648 3541 1740 3608 τὸν
1767 3558 1844 3609 οξ-

243 3629 391 3681 κιϊον
432 3629 590 3696 λόγον
628 3633 990 3704 προστίθησιν
1025 3638 1137 3702 ὅτι,
1180 3639 1283 3693 κᾶν
1318 3642 1379 3694 οὐ
1423 3643 1660 3697 δέδωκεν
1698 3647 1839 3718 αὐτὴ

238 3719 340 3789 τὴν
379 3721 560 3774 αἰτίαν
607 3723 705 3789 τῆς
757 3726 1216 3797 ἐγκαταλείψεως,
1269 3732 1436 3787 ἀλλ’ό
1483 3733 1644 3806 ἀνὴρ,
1688 3737 1839 3805 ὅμως

237 3809 337 3862 καὶ
373 3811 513 3880 αὑτὴ
551 3813 597 3864 εί
643 3811 722 3882 μὴ
759 3817 1096 3885 καρτερήσει
1131 3821 1230 3888 τὴν
1269 3823 1580 3892 παράλογον
1615 3827 1836 3891 διάζευ-

239 3899 342 3962 ξιν,
396 3902 488 3954 καὶ
531 3902 930 3958 ἅνακαλέσεται
969 3909 1061 3959 τὸν
1106 3912 1310 3963 οἰκεῖον
1357 3915 1626 3984 όμόζυγον
1654 3959 1670 3983 ,
1719 3912 1836 3972 ἀλλ’

237 3989 414 4058 ἑτέρῳ
455 3992 740 4063 συναφθῇ,
775 3993 850 4058 ὡς
908 4000 1157 4068 μοιχαλὶς
1195 4005 1664 4076 κατακριθήσεται
1689 4028 1700 4040 ·
1740 4014 1832 4064 τὸν

235 4080 407 4149 ἄνδρα.
442 4081 496 4134 δὲ
530 4085 732 4153 ταύτης
765 4087 1070 4142 ὑπεύθυνον
1102 4086 1244 4158 εἷναί
1277 4112 1440 4164 φησιν
1462 4139 1475 4162 ,
1509 4098 1585 4160 ὡς
1617 4100 1835 4168 γινόμε-

233 4189 326 4224 νον
355 4173 532 4226 αῐτιον
557 4176 656 4243 τῆς
688 4180 957 4245 μοιχείας.
990 4181 1097 4234 Καὶ
1123 4185 1151 4236 6
1181 4184 1279 4248 μὲν
1309 4186 1486 4240 κανὼν
1510 4190 1569 4242 ἐν
1595 4192 1828 4257 τούτοις,

228 4262 304 4314 Σὺ
340 4262 397 4315 δὲ
431 4264 712 4332 ἀνάγνωθι
762 4267 856 4320 τὺν
907 4275 1000 4338 πη⁹
1027 4273 1227 4327 κανόνα
1249 4317 1262 4337 ,
1299 4278 1392 4329 καὶ
1425 4278 1514 4330 τὸν
1547 4279 1615 4347 ιγ’
1639 4281 1738 4348 τῆς
1774 4284 1830 4334 ὲν

227 4352 307 4423 τῷ
345 4355 604 4426 Τρούλλῳ
648 4359 889 4424 συνόδου,
929 4363 1024 4416 καὶ
1063 4365 1131 4417 τὰ
1172 4369 1304 4437 παρ’
1330 4371 1489 4440 ἡμῶν
1525 4373 1582 4422 ὲν
1617 4373 1830 4437 τούτοις

1953 3199 2152 3258 prater
2200 3192 2465 3246 rationem
2515 3209 2543 3245 a
2595 3197 2815 3263 preprio
2868 3199 3067 3252 marito
3120 3215 3371 3268 separata
3432 3214 3537 3259 est.

1954 3278 2090 3332 Dixit
2120 3281 2304 3349 itaque
2333 3285 2474 3350 quod
2512 3285 2635 3351 quia
2668 3286 2928 3340 Duntinus
2951 3303 3068 3342 eam
3092 3304 3212 3346 esse
3238 3293 3538 3349 adulteram

1949 3372 2323 3439 pronuntiavit
2347 3389 2468 3441 qua
2497 3384 2651 3430 extra
2677 3376 3090 3434 fornicationem
3138 3397 3167 3434 a
3199 3397 3298 3436 suo
3334 3389 3536 3438 marito

1947 3461 2167 3514 dimissa
2205 3472 2308 3524 est,
2342 3463 2385 3516 si
2418 3463 2507 3515 alii
2549 3465 2770 3520 omnino
2797 3465 3086 3536 conjuncta
3139 3468 3297 3524 fuerit
3327 3509 3344 3533 ,
3376 3470 3534 3526 debet

1949 3561 2012 3602 ea
2053 3549 2248 3603 mulier
2301 3550 2603 3619 quiescere,
2650 3563 2703 3607 et
2741 3553 2831 3608 alii
2881 3571 2987 3608 non
3038 3556 3320 3626 conjungi.
3366 3559 3534 3613 Suum

1950 3637 2131 3707 itaque
2155 3639 2359 3694 dictum
2391 3642 2720 3698 conﬁrmans
2748 3645 2933 3713 adjicit
2963 3688 2979 3713 ,
3029 3650 3168 3715 quod
3201 3650 3299 3703 etsi
3333 3665 3397 3704 ea
3447 3653 3530 3704 dl-

1943 3729 2217 3784 missiunis
2263 3744 2482 3784 causam
2533 3747 2638 3786 non
2685 3733 2914 3800 dederit,
2955 3739 3047 3790 sed
3105 3740 3352 3802 tuaritus,
3405 3740 3523 3810 ipsa

1943 3826 2126 3872 tamen
2155 3823 2202 3874 si
2235 3821 2490 3886 iniustum
2537 3822 2829 3877 divortium
2861 3838 2967 3877 non
3015 3825 3311 3880 toleranter
3343 3826 3530 3883 tulerit

1939 3919 1996 3964 et
2033 3913 2100 3964 ad
2146 3926 2306 3966 suum
2337 3913 2622 3983 conjugem
2670 3915 2922 3980 redierit,
2957 3917 3050 3969 sed
3101 3918 3190 3970 alii
3234 3919 3525 3988 conjuncta

1936 4003 2120 4070 fuerit,
2156 4013 2214 4058 ut
2241 4006 2488 4061 adultera
2522 4006 3016 4062 condemnabitur:
3053 4010 3170 4078 ejus
3196 4022 3376 4066 autem
3411 4027 3525 4068 ma-

1936 4098 2102 4152 ritum
2137 4098 2265 4151 dicit
2298 4113 2419 4152 esse
2452 4113 2603 4153 reum
2629 4110 2687 4153 ut
2711 4099 2803 4169 qui
2831 4099 2994 4154 fuerit
3021 4113 3210 4157 auctor
3255 4102 3526 4158 adulterii.

1935 4187 1998 4243 Et
2035 4189 2085 4242 in
2137 4189 2221 4243 Itis
2265 4190 2484 4259 quidem
2539 4193 2789 4247 consistit
2817 4206 3015 4246 canon.
3050 4193 3128 4246 Tu
3176 4204 3355 4246 autem
3399 4195 3524 4264 lege

1934 4284 2329 4348 octogesimum
2379 4289 2628 4337 octavum
2670 4299 2933 4338 canonem
2995 4293 3050 4339 ει
3109 4285 3519 4354 nonagesimum

1937 4372 2158 4425 tertium
2197 4372 2386 4441 synodi
2439 4374 2491 4426 in
2537 4371 2747 4438 Trullo,
2805 4383 3010 4444 etquae
3059 4377 3112 4429 in
3160 4376 3244 4429 liis
3290 4391 3318 4429 a
3366 4377 3524 4432 nobis

228 4442 517 4509 γραφέντα
548 4448 675 4515 περὶ
709 4449 818 4500 τῶν
847 4450 1266 4522 καταλειψασῶν
1299 4460 1423 4519 τοὺς
1457 4461 1691 4525 οἰκείους
1723 4463 1821 4516 ἄν-

1963 4464 2138 4531 cripta
2156 4475 2281 4518 sunt
2313 4464 2381 4518 de
2412 4465 2479 4518 iis
2513 4481 2630 4534 quae
2657 4481 2786 4520 suos
2825 4442 3046 4520 maritos
3097 4466 3428 4536 reliquerunt
3459 4479 3516 4523 et

226 4529 384 4599 δρας,
419 4533 517 4584 καὶ
545 4533 606 4585 τὸ
638 4535 903 4593 ἔναντίον.
937 4539 1236 4610 Ἐρωτήσει
1264 4547 1318 4598 δέ
1349 4564 1432 4610 τις
1465 4552 1592 4619 ποίᾳ
1621 4552 1824 4625 εύθύνῃ

226 4623 518 4678 ὑπόκειται
547 4629 574 4678 6
599 4628 737 4699 ἀνὴρ
763 4631 864 4699 τῆς
893 4635 1350 4709 καταλειφθείσης
1377 4644 1636 4709 γυναικὸς
1668 4623 1828 4698 ἀνευξ

223 4714 422 4782 λόγως,
457 4718 552 4770 καὶ
567 4717 739 4788 ἑτέρῳ
767 4723 1201 4798 συμϐιωσάσης;
1234 4731 1447 4799 Λύσις.
1480 4735 1639 4798 Τινὲς
1668 4732 1822 4792 εἷπον

223 4808 304 4880 τῷ
333 4811 442 4880 πρὸ
473 4814 721 4881 μοιχείας
748 4817 1063 4889 ἐγκλήματι
1092 4817 1232 4877 εἶναι
1259 4827 1449 4882 τοῦτον
1479 4833 1780 4887 ὑπεύθυνον
1806 4851 1820 4866 ο

224 4901 348 4970 ἐμοὶ
383 4903 437 4954 δὲ
473 4903 535 4955 οὐ
571 4905 737 4961 δοκεῖ.
774 4909 932 4963 Ἐπεὶ
968 4913 1077 4982 γὰρ
1115 4917 1270 4986 παρὰ
1307 4920 1385 4987 τῷ
1420 4921 1687 4993 θελήματι
1723 4927 1820 4995 τῆς

221 4995 486 5057 γυναικὸς
523 4995 813 5064 πρόκειται
847 4999 908 5053 τδ
943 5004 1248 5076 συζυγῆναι
1277 5009 1446 5081 αὐτὴν
1478 5013 1652 5084 ἑτέρῳ
1673 5057 1687 5081 ,
1721 5021 1816 5070 καὶ

219 5082 366 5135 οὕτω
400 5085 785 5155 μοιχευθῆναι,
817 5092 909 5144 καὶ
938 5094 998 5146 τὸ
1030 5099 1395 5168 καρτερῆσαι,
1429 5106 1520 5154 καλ.
1553 5082 1634 5173 μὴ.
1662 5108 1816 5174 γενέ-

220 5173 342 5227 σθαι
379 5176 643 5245 μοιχείαν,
661 5180 777 5267 πῷς
807 5183 834 5234 6
861 5183 1022 5254 ἀνὴρ,
1067 5186 1141 5258 μὴ
1175 5193 1489 5259 μοιχεύσας,
1521 5195 1596 5257 ὡς
1626 5199 1814 5267 μοιχὸς

219 5261 660 5334 κολασθήσεταις
696 5266 868 5339 Οἶμαι
906 5273 999 5330 οὖν
1031 5277 1114 5330 ὅτι
1150 5278 1226 5344 ὠς
1265 5283 1365 5350 μὲν
1399 5289 1584 5357 μοιχὸς
1621 5261 1682 5344 ού
1716 5261 1810 5348 ito;

216 5352 584 5424 λασθήσεται,
633 5363 926 5432 γενήσεται
971 5368 1026 5420 δὲ
1074 5370 1161 5422 ἐπ’
1192 5374 1342 5443 αὐτῷ
1382 5352 1456 5440 ὡς
1494 5352 1809 5452 ἀνευλόγως

215 5443 492 5512 «(palamst
527 5448 839 5517 διαξύγιον,
875 5457 1016 5508 κατὰ
1047 5459 1109 5511 τὸ
1145 5460 1214 5528 ιγ’
1243 5479 1368 5532 κεφ.
1396 5469 1494 5531 τῆς
1530 5467 1603 5520 λδ*
1671 5472 1803 5524 Ἰουη

215 5538 541 5589 στινια-ιείου
573 5539 813 5608 Νεαρᾶς,
846 5545 964 5612 ἦτοι
993 5548 1052 5601 τὸ
1082 5549 1122 5601 δ’
1149 5569 1273 5620 κεφ.
1306 5555 1400 5608 τοῦ
1433 5556 1478 5620 ξ’
1501 5559 1680 5613 τίτλον
1709 5563 1800 5616 τοῦ

292 5715 307 5745 ³
345 5713 538 5767 Matth.
578 5734 606 5768 ν
657 5717 745 5774 39..

1934 4563 2146 4611 contra.
2197 4554 2616 4624 luterrogavcrit
2656 4567 2836 4612 autem
2887 4557 3176 4627 quispiam,
3220 4560 3305 4612 cui
3344 4574 3518 4628 ptent:

1930 4657 2014 4703 est
2050 4651 2315 4704 obnoxius
2345 4651 2571 4702 maritus
2607 4649 2871 4714 mulieris,
2897 4665 3015 4720 qua:
3043 4651 3244 4720 injuste
3287 4653 3513 4706 dimissa

1930 4751 2032 4802 est.
2059 4752 2114 4794 et
2144 4756 2268 4795 cum
2300 4740 2404 4794 alia
2439 4742 2557 4795 vitae
2600 4742 2914 4796 societatem
2953 4743 3107 4798 iniit?
3137 4743 3249 4799 Sol.
3288 4743 3513 4811 Quidam

1929 4833 2180 4885 dixerunt
2222 4847 2344 4885 eum
2389 4845 2506 4886 esse
2561 4847 2711 4886 reum
2746 4832 2996 4887 adulterii
3041 4848 3056 4886 :
3093 4835 3187 4889 sed
3228 4836 3360 4890 milii
3408 4853 3515 4893 non

1933 4925 2004 4979 ita
2053 4924 2287 4978 videtur.
2344 4921 2605 4988 Quoniam
2655 4923 2796 4977 enim
2826 4924 2882 4978 in
2936 4924 3182 4979 mulieris
3228 4927 3514 4984 voluntate

1929 5014 2090 5068 situm
2123 5021 2208 5066 est
2251 5022 2308 5065 ut
2358 5013 2470 5079 ipsa
2503 5011 2594 5066 alii
2623 5011 2902 5081 jungatur,
2933 5021 2986 5067 et
3027 5014 3103 5068 sic
3148 5015 3510 5081 adulteretur,

1925 5117 1978 5161 et
2005 5107 2299 5161 toleranter
2334 5107 2466 5176 pati,
2490 5116 2544 5160 et
2579 5121 2680 5160 non
2708 5106 2824 5160 ﬁeri
2863 5107 3209 5175 adulterium,
3236 5112 3511 5172 quomodo

1925 5197 2169 5263 maritus,
2191 5198 2279 5266 qui
2304 5211 2408 5251 non
2433 5207 2514 5251 est
2532 5197 2890 5261 adulteratus,
2917 5199 3194 5253 utadulter
3222 5201 3511 5268 punietur?

1923 5286 2184 5342 Existimo
2212 5303 2340 5355 ergo
2367 5289 2508 5355 quod
2540 5297 2597 5342 ut
2624 5288 2838 5340 adulter
2861 5289 3078 5357 quidem
3100 5305 3205 5345 non
3233 5291 3505 5358 punietur,

1921 5389 2113 5448 agetur
2150 5388 2329 5433 autem
2366 5379 2416 5431 in
2443 5393 2589 5443 eum,
2627 5386 2683 5431 ut
2714 5380 2802 5448 qui
2859 5390 3054 5448 praeter
3103 5382 3362 5436 rationem
3417 5382 3502 5435 di-

1922 5471 2086 5523 vortii
2123 5469 2361 5523 libellum
2405 5470 2668 5531 emiserit,
2707 5477 2765 5523 ut
2800 5470 2911 5538 v‘ult
2943 5471 3208 5525 decimum
3245 5480 3498 5539 quartum

1913 5569 2076 5629 caput
2105 5560 2391 5614 tricesima‘
2416 5570 2621 5627 quarta:
2640 5559 2930 5615 Justiniuni
2957 5559 3187 5615 Novella:
3212 5577 3308 5616 seu
3340 5575 3500 5631 quar-
