4006 6480
207 341 314 403 733

1179 350 1264 412 IN
1297 352 1541 411 EPIST.
1577 350 1640 409 S.
1681 347 1974 409 BASUJI
2018 353 2463 416 CANONICAM
2505 352 2570 413 II
2597 439 2611 443 γ’
2652 355 2655 368 ⁵

3376 368 3483 433 ’134

200 461 525 530 λυταισῦτῇ
561 460 760 530 ὴπρδς
808 460 995 533 ἕτερον
1047 461 1217 532 ἄνδρα
1275 461 1603 531 συμϐίωσις.
1642 459 1798 514 Ἐπεὶ

1917 469 2152 526 Iodctas.
2194 472 2330 530 Cum
2361 478 2508 531 enim
2549 480 2632 533 vir
2662 481 2835 549 culpa!
2882 482 3152 538 obnoxius
3181 483 3272 546 sit,
3327 481 3482 554 quasi

201 558 312 628 γὰρ
343 558 373 611 6
396 558 539 626 ἀνὴρ
565 555 872 610 ὑπεύθυνός
908 559 1081 620 ἐστιν,
1133 557 1210 620 ὡς
1246 556 1419 610 ποιῶν
1464 557 1636 626 αὐτὴν
1680 573 1803 626 μοι·

201 653 429 722 χᾶσθαι,
473 652 692 714 πὰντως
732 651 828 703 καὶ
869 650 1070 720 ἠγυνὴ
1102 650 1178 713 ὡς
1211 649 1581 720 μοιχευομένη
1636 666 1804 701 κατα-

203 746 553 816 κριθήσεται,
591 747 674 799 ὃτι
704 745 800 799 καὶ
839 745 1090 816 μοιχαλὶς
1118 745 1272 815 παρὰ
1302 741 1398 796 τοῦ
1439 743 1642 812 Κυρίου
1668 743 1802 796 ὠνό-

208 857 439 906 μασται.

281 932 500 985 ΑΡΙΣΤ.
545 932 610 984 ’11
644 933 775 1001 παρ’
811 931 1003 1000 ἀνδρὸς
1035 929 1301 998 ἀφεθεῖσα
1341 929 1551 997 μενέτω
1604 929 1799 991 οὕτως.

206 1023 270 1074 ΕΞ
308 1024 415 1092 γὰρ
445 1024 726 1092 μοιχᾶται,
764 1025 903 1076 κατά
938 1022 1029 1075 τὸν
1059 1020 1154 1074 τοῦ
1215 1021 1423 1089 Κυρίου
1470 1018 1650 1087 λόγον,
1701 1019 1800 1086 τῆς

203 1119 345 1184 πρὸς
375 1117 568 1188 ἕτερον
589 1116 827 1168 κλείεται
853 1112 1161 1176 κοινωνίας.

280 1209 462 1278 Εξτὴν
489 1208 907 1278 ἀπολελυμένην
957 1207 1215 1275 γαμήσας
1252 1206 1531 1274 μοιχᾶται,
1600 1203 1801 1272 μᾶλλόν

201 1302 324 1352 ἐστι
352 1304 384 1366 ἡ
411 1300 549 1366 γυνὴ
587 1301 862 1369 μοιχαλὶς,
892 1300 926 1368 ἡ
961 1297 1054 1350 καὶ
1078 1296 1171 1349 τὸν
1192 1295 1361 1364 ἄνδρα
1393 1295 1480 1348 διά
1513 1295 1610 1364 τῆς
1667 1294 1823 1370 πρὸς.

200 1391 378 1458 αὐτὴν
411 1390 721 1452 κοινωνίας,
757 1388 946 1457 μοιχὸν
991 1386 1327 1442 καθιστῶσα.
1363 1385 1475 1438 Καὶ
1514 1385 1601 1438 διὰ
1644 1383 1804 1438 τοῦτο

204 1484 393 1550 μένειν
423 1478 634 1548 ὀφείλει
665 1480 698 1548 ἡ
725 1480 875 1548 παρὰ
907 1478 1003 1531 τοῦ
1036 1475 1229 1547 ἀνδρὸς
1279 1473 1548 1543 ἀφεθεῖσα
1576 1476 1632 1527 ὲν
1663 1475 1801 1541 ἁγα-

204 1573 330 1644 μία.

811 1661 1048 1715 ΚΔΝΩΝ
1068 1660 1204 1714 ΜΘ’.

1907 561 2244 618 adulterandi
2286 581 2504 624 causam
2542 571 2640 640 ipsi
2671 574 2931 642 praebeat,
2961 589 3094 629 uxor
3123 591 3340 646 quoque
3370 579 3485 645 pla-

1907 670 1974 707 ne
2014 655 2158 710 velut
2207 660 2450 715 adultera
2511 665 2982 731 condemnabitur,
3044 669 3482 738 quandoquidem

1907 745 2156 803 adultera
2190 748 2403 806 Domini
2428 769 2646 824 quoque
2677 772 2809 812 voce
2838 758 3104 828 appellata
3144 758 3268 816 fuit.

1975 923 2201 982 ARIST.
2235 927 2364 994 Quae
2399 945 2428 983 ιι
2478 932 2593 985 viro
2647 932 2958 998 dimittitur,
3010 935 3091 990 sic
3143 944 3382 992 maneat.
3430 937 3489 992 Si

1903 1017 2046 1070 enim
2084 1021 2410 1080 mmehatur.
2440 1025 2597 1089 juxta
2626 1022 2837 1079 Domini
2873 1027 3102 1085 dictum.
3136 1027 3276 1082 alius
3335 1041 3486 1082 cmu-

1905 1107 2159 1164 munione
2177 1112 2500 1167 excluditur.

1975 1200 2034 1256 Si
2064 1203 2156 1270 qui
2190 1203 2468 1260 dimissam
2505 1209 2677 1273 duxit,
2710 1210 3069 1275 adulteratur.
3096 1212 3265 1266 multo
3319 1213 3492 1283 magis

1903 1292 2097 1347 mulier
2125 1304 2208 1349 est
2238 1297 2501 1365 adultera,
2550 1315 2668 1368 quae
2717 1303 2881 1356 etiam
2913 1303 3084 1356 virum
3113 1319 3209 1373 per
3242 1319 3492 1359 commu-

1908 1385 2125 1440 nionem
2150 1402 2272 1441 cum
2311 1389 2422 1457 ipsa
2457 1390 2761 1446 adulterum
2797 1397 2992 1449 reddit.
3020 1394 3088 1450 Et
3144 1397 3263 1452 ideo
3311 1412 3429 1464 quae
3460 1411 3489 1449 a

1905 1480 2023 1530 viro
2058 1496 2155 1536 suo
2190 1483 2411 1538 dimissa
2448 1497 2536 1540 est
2593 1499 2743 1541 extra
2805 1493 3212 1546 matrimoulum
3273 1507 3493 1547 manere

1906 1570 2086 1627 debeL

2472 1665 2705 1722 CANON
2739 1666 2922 1724 XLIX.

203 1760 270 1811 Δί
301 1758 440 1827 πρὸς
475 1756 725 1826 ἀνάγκην
757 1754 1043 1822 γινόμεναι
1074 1753 1275 1822 φθοραὶ
1322 1750 1606 1805 ἀνεύθυνοι
1632 1749 1800 1802 ἔστω-

1917 1756 2111 1826 Stupra
2141 1772 2262 1826 quae
2293 1774 2390 1828 per
2422 1761 2531 1814 vim
2585 1762 2915 1826 inferuntur,
2953 1779 3061 1818 non
3097 1765 3207 1819 sint
3256 1781 3496 1822 accusa-

276 1866 401 1903 σαν.
431 1847 602 1900 Ὥστε
633 1847 726 1899 καὶ
777 1848 812 1916 ἡ
868 1845 1054 1913 δούλη,
1108 1845 1157 1896 εί
1213 1842 1444 1913 ἐϐιάσθη
1502 1841 1654 1914 παρὰ
1707 1841 1802 1894 τοῦ

278 1941 415 1994 ίδίου
443 1940 728 2000 δεσπότου,
763 1936 1060 2001 ἀνεύθυνός
1096 1937 1217 1989 ἐστι

275 2032 475 2085 ΒΛΛΣ.
524 2030 587 2084 Ἦ
614 2029 867 2099 παροῦσα
913 2029 1208 2100 ἀπόκρισις
1264 2025 1588 2095 ὲξεφωνήθη
1643 2027 1804 2097 χάριν

201 2123 400 2192 δούλης
424 2123 573 2185 τινὸς
603 2124 747 2176 κατά
781 2121 906 2191 βίαν
943 2121 1049 2174 ὑπὸ
1079 2120 1174 2174 τοῦ
1210 2119 1342 2173 ίδίου
1377 2119 1641 2172 δεσπότου
1671 2136 1803 2188 πορ-

202 2216 514 2285 νευθείσης.
547 2216 688 2286 Φησὶ
723 2216 829 2284 γὰρ
854 2216 951 2279 ὡς,
982 2215 1106 2269 ἐπεὶ
1153 2214 1247 2267 καὶ
1277 2212 1434 2266 ἄλλαι
1463 2214 1637 2266 πᾶσαι
1672 2211 1804 2277 φθο-

208 2310 304 2378 ραὶ
333 2309 392 2361 at
417 2307 560 2361 κατὰ
592 2307 841 2375 ἀνάγκην
871 2306 966 2359 καὶ
1012 2305 1135 2374 βίαν
1172 2304 1480 2373 γινόμεναι,
1518 2303 1671 2372 παρὰ
1697 2304 1806 2356 τῶν

208 2399 494 2467 πολεμίων
520 2397 725 2468 δηλαδὴ
761 2400 899 2468 πρὸς
947 2399 1046 2463 τὰς
1098 2398 1660 2470 αίχμαλωτισθείσας,
1710 2401 1804 2451 καὶ

209 2493 362 2561 παρὰ
387 2491 725 2559 ἁρχοντικῶν
780 2491 1090 2560 προσώπων
1143 2489 1281 2560 πρὸς
1333 2491 1431 2551 τὰς
1478 2489 1572 2542 ὑπ’
1626 2489 1806 2543 αὐτῶν

209 2582 550 2652 ἀρχομένας,
581 2583 640 2647 ἐξ
679 2582 925 2652 ἀνάγκης
960 2581 1054 2635 καὶ
1112 2584 1144 2651 ἡ
1191 2581 1352 2648 δούλη
1397 2583 1430 2650 ἡ
1479 2581 1617 2634 κατά
1682 2579 1805 2647 βίας

209 2675 604 2745 ουμφθαρεῖσα
653 2673 730 2742 τῷ
759 2674 875 2743 ίδίῳ
904 2673 1140 2746 δεσπότῃ
1159 2675 1260 2742 οὐχ
1291 2673 1647 2725 ὑποπεσεϊται
1693 2675 1804 2736 τοῖς

207 2767 320 2819 τῶν
348 2765 726 2832 πορνευόντων
759 2764 1080 2834 ἐπιτιμίοις.
1100 2763 1404 2830 ’Δνάγνωθι
1427 2763 1629 2815 κανόνα
1656 2765 1806 2831 πρῶ-

207 2874 304 2910 τον
327 2857 425 2910 τοῦ
473 2856 632 2923 ἁγίου
702 2857 982 2910 Διονυσίου
1042 2856 1484 2927 ἀρχιεπισκόπου
1557 2855 1806 2920 Ἀλεξαν-

209 2947 398 3016 δρείας
439 2948 503 2998 hac
529 2946 628 2999 τοῦ
655 2946 815 3010 λόγου
842 2947 1008 3000 αὑτοῦ
1035 2947 1130 3000 τοῦ
1157 2950 1237 3007 είς
1267 2949 1328 2999 τὸ
1372 2946 1584 3015 Πάσχα.
1620 2945 1805 2998 Ταῦτα

208 3041 286 3103 δὲ,
321 3041 395 3100 ὡς
428 3040 551 3106 ἐμοὶ
586 3039 753 3103 δοκεῖ,
781 3041 1152 3110 κρατήσουσιν
1185 3039 1310 3092 ὅσον
1335 3040 1412 3101 είς
1435 3039 1495 3090 τὸ
1531 3038 1603 3108 μὴ
1631 3041 1804 3091 ὲπιτι-

1981 1851 2114 1904 tioni
2169 1851 2422 1906 obnoxia.
2456 1851 2636 1918 Quare
2674 1855 2777 1908 etsi
2829 1854 3038 1910 ancillae
3071 1856 3150 1911 vis
3183 1858 3345 1913 allata
3382 1859 3495 1914 [οιτ-

1977 1940 2046 1993 rit
2077 1955 2104 1991 a
2139 1941 2354 2010 proprio
2384 1942 2624 2009 domino,
2647 1959 2708 1996 ea
2731 1961 2760 1999 a
2790 1944 2948 2014 culpa
2976 1957 3060 2000 est
3082 1948 3276 2002 libera.

1981 2029 2177 2086 BALS.
2211 2032 2454 2088 Praesens
2483 2036 2627 2090 edita
2676 2047 2758 2093 est
2790 2040 3071 2107 responsio
3114 2039 3182 2094 ob
3232 2040 3488 2095 ancillam

1908 2123 2221 2191 quamdam,
2256 2139 2378 2194 quae
2404 2141 2432 2179 a
2463 2129 2680 2184 domino
2712 2144 2810 2184 suo
2843 2131 2950 2184 vim
3010 2146 3166 2198 passa
3214 2143 3315 2186 est.
3358 2132 3491 2187 Dicit

1906 2215 2071 2279 enim,
2101 2219 2242 2285 quod
2271 2218 2528 2278 quoniam
2558 2229 2612 2273 et
2638 2219 2741 2274 alia
2777 2222 2960 2274 omnia
2989 2232 3203 2288 stupra,
3233 2238 3354 2288 qua:
3399 2239 3490 2276 nec

1907 2309 2160 2361 cessitate
2187 2319 2241 2362 et
2270 2310 2316 2363 vi
2349 2319 2756 2378 perpetrantur,
2795 2312 2863 2366 ab
2895 2313 3138 2368 hostibus
3171 2314 3382 2367 scilicet
3439 2314 3494 2368 in

1908 2399 2172 2467 captivas,
2200 2411 2252 2452 et
2286 2416 2314 2452 a
2345 2403 2593 2468 personis
2627 2417 2750 2472 qua:
2787 2413 3008 2471 regunt,
3049 2405 3102 2456 in
3139 2419 3263 2460 eas.
3299 2419 3487 2472 perso-

1911 2504 2005 2542 nas
2031 2490 2228 2556 quibus
2260 2500 2516 2558 praesunt,
2553 2493 2860 2547 necessario
2888 2507 3101 2563 qunque
3137 2495 3352 2556 ancilla,
3377 2510 3493 2562 quae

1910 2580 1957 2630 vi
1991 2596 2112 2633 cum
2140 2598 2238 2633 suo
2270 2582 2493 2638 domino
2521 2598 2630 2636 rem
2655 2584 2844 2639 habuit
2873 2625 2889 2648 ,
2925 2599 3028 2639 non
3061 2585 3264 2640 incidet
3300 2587 3350 2638 iu
3385 2601 3483 2653 pm.

1908 2685 2006 2725 nas
2035 2670 2445 2729 fornicatorum.
2515 2675 2654 2746 Lege
2712 2690 2975 2731 canonem
3030 2677 3261 2745 primum
3326 2679 3494 2730 sancti

1908 2761 2147 2834 Dionysii
2205 2763 2598 2835 archiepiscopi
2656 2767 3006 2820 Alexandrini
3071 2781 3140 2821 ex
3205 2767 3322 2834 ejus
3379 2782 3490 2820 ser-

1910 2872 2071 2912 mone
2102 2858 2151 2911 in
2188 2859 2416 2914 Pascha.
2453 2861 2580 2914 Haec
2610 2870 2816 2925 autem,
2850 2871 2908 2913 ut
2939 2860 3068 2914 mihi
3105 2860 3343 2923 videtur,
3395 2859 3490 2913 ob-

1911 2947 2175 3009 tinebunt,
2206 2959 2466 3017 quantum
2499 2952 2563 3004 ad
2593 2951 2712 3015 hoc,
2733 2960 2789 3002 ut
2812 2967 2932 3019 quae
2963 2960 3225 3019 stuprata
3255 2950 3492 3009 fuerunt.

1910 3047 2125 3102 propter
2153 3047 2398 3107 stuprum
2449 3039 2827 3095 fornicationis
2856 3042 3122 3110 supplicio
3163 3041 3487 3097 alliciautur.

213 3132 458 3201 μηθῆναι
492 3133 577 3184 διὰ
605 3132 704 3201 τὴν
737 3131 943 3200 φθορὰν
977 3132 1077 3200 τῆς
1108 3130 1369 3199 πορνείας
1426 3128 1531 3191 τὰς
1567 3128 1798 3198 φθαρεί-

1925 3121 2059 3175 Nam
2092 3126 2134 3177 si
2169 3141 2261 3194 per
2295 3128 2399 3180 vim
2425 3129 2508 3181 vel
2541 3129 2897 3199 ignorantiam
2922 3130 3118 3200 aliquis
3167 3131 3220 3184 iu
3261 3147 3373 3185 rem
3411 3133 3462 3184 iu

211 3240 336 3285 σας.
384 3222 542 3276 Ἐπεί
578 3224 660 3276 τοί
693 3240 755 3291 γε
802 3222 867 3276 ἂν
903 3225 1044 3276 κατὰ
1079 3222 1200 3292 βίαν
1239 3222 1272 3291 ἢ
1308 3221 1531 3291 ἄγνοιαν
1589 3221 1807 3291 ἐμπέσῃ

211 3331 298 3375 τις
324 3315 406 3376 εἰς
440 3317 675 3384 πρᾶγμα
707 3315 915 3367 κωλύον
945 3314 1107 3368 αὑτὸν
1131 3315 1239 3366 ἀπὸ
1291 3312 1568 3375 διακονίας
1598 3314 1802 3380 ἱερατι-

209 3407 338 3473 κῆς.
372 3407 470 3458 οὐκ
501 3404 918 3474 ὠψεληθήσεται
950 3406 1028 3467 είς
1056 3405 1117 3457 τὸ
1148 3400 1287 3457 εἶναι
1319 3406 1410 3456 καὶ
1437 3404 1637 3474 ἑφεξῆς
1668 3406 1808 3473 μετὰ

211 3497 319 3549 τῶν
351 3497 693 3566 ἱερωμένων,
727 3495 814 3548 διὰ
841 3495 902 3547 τὸ
935 3494 1008 3564 μὴ
1038 3495 1181 3547 κατᾶ
1209 3493 1438 3563 γνώμην
1467 3493 1675 3546 οἰκείαν
1708 3496 1810 3562 ὲμ-

221 3591 403 3640 πεσεῖν
434 3592 514 3650 εἰς
535 3588 596 3638 τὸ
628 3589 820 3647 κακὸν.
842 3586 981 3639 ἀλλὰ
1009 3586 1510 3655 καθαιρηθήσεται.
1547 3587 1657 3638 Καὶ
1683 3585 1810 3639 ἀνά-

211 3678 383 3744 γ-έωθι
415 3677 503 3729 τὸν
535 3677 752 3747 πρῶτον
781 3676 981 3729 κανόνα
1018 3677 1117 3743 τῆς
1165 3675 1223 3726 ὲν
1263 3673 1509 3746 Ἀγκύρῃ
1548 3675 1797 3740 συνόδου,

213 3772 309 3822 καὶ
347 3772 440 3821 τὶν
473 3769 553 3833 κζ’
616 3769 816 3822 κανόνα
871 3765 965 3820 τοῦ
1003 3767 1274 3836 παρόντος
1326 3764 1484 3832 ἁγίου
1541 3765 1803 3835 Πατέρος.

215 3863 311 3916 Διὰ
343 3862 452 3930 γᾶρ
490 3859 670 3922 τοῦτο,
701 3859 778 3921 ὡς
802 3858 1004 3925 οἴομαι,
1047 3857 1173 3910 οὐδὲ
1229 3859 1277 3909 οἱ
1335 3857 1478 3910 κατὰ
1518 3856 1806 3909 αὐθεντίαν

220 3950 513 4021 βασιλικὴν
549 3949 972 4017 ἀποκειρόμενοι
1008 3948 1264 4001 δύνανται
1295 3947 1808 4019 μετασχηματίζεσ-

215 4050 306 4098 θαι
338 4045 775 4113 προϐαλλόμενοι
836 4044 924 4096 τὸν
969 4043 1212 4111 παρόντα
1273 4041 1474 4093 κανόνα
1513 4040 1607 4092 τοῦ
1646 4040 1803 4102 ἁγίου

225 4138 502 4207 βασιλείου
527 4153 542 4168 ⁸
582 4137 697 4189 ἀλλ’
735 4138 950 4188 ἔσονται
985 4135 1042 4199 ἐξ
1090 4134 1338 4201 ἀνάγκης
1397 4132 1644 4202 μοναχοὶ,
1702 4130 1804 4183 κᾶν

217 4229 359 4282 κατὰ
411 4227 534 4297 βίαν
567 4227 930 4296 ἀπεκάρησαν
959 4242 972 4256 ·
1013 4223 1200 4294 ὥσπερ
1254 4224 1348 4276 καὶ
1388 4225 1422 4292 ή
1476 4223 1618 4275 κατά
1684 4222 1804 4290 βίαν

217 4320 509 4392 φθαρείσα,
568 4320 662 4373 saw
715 4315 782 4388 ἦν
833 4318 1176 4381 διακόνισσα,
1220 4315 1488 4384 ἐπιτιμίῳ
1548 4315 1648 4382 μὲν
1706 4315 1801 4381 οὐχ

219 4413 598 4476 ὁποπεσείται,
625 4410 932 4464 διακονικὸν
965 4407 1020 4461 δέ
1045 4428 1096 4461 τι
1131 4409 1228 4462 οὐκ
1263 4407 1585 4476 ἐνεργήσει,
1623 4405 1712 4457 διὰ
1743 4405 1803 4456 τὸ

221 4508 614 4576 παραχωρήσει
673 4501 809 4554 Θεοῦ
875 4502 1141 4570 ἐμπεσεῖν
1184 4503 1264 4561 είς
1298 4500 1492 4565 κακὸν,
1543 4497 1808 4567 ἀφαιρού-

224 4615 386 4666 μενον
430 4597 492 4661 ὶξ
518 4594 690 4663 αὐτῆς
716 4597 814 4662 τὴν
856 4594 1202 4662 διακονίσσης
1239 4592 1419 4656 ἀξίαν.

291 4688 542 4742 ΖΩΝΔΡ.
576 4687 686 4750 Τὰς
725 4684 916 4756 βιαίως
956 4685 1250 4753 γινομένας
1303 4683 1511 4752 φθορὰς
1561 4680 1808 4750 γυναιξὶν

223 4782 321 4833 οὐκ
351 4781 431 4842 εἰς
476 4779 756 4848 ἁμαρτίαν
804 4776 910 4847 χρὴ
949 4773 1291 4842 λογίζεσθαι.
1350 4773 1412 4826 Εἰ
1452 4774 1559 4843 γὰρ
1612 4772 1806 4839 δούλην

225 4889 307 4926 τις
345 4871 555 4924 οξκείαν
607 4871 883 4938 βιάσηται,
925 4870 958 4938 ἡ
1002 4868 1060 4921 δὲ
1093 4867 1299 4921 ἄκουσα
1353 4867 1430 4935 τῷ
1481 4865 1574 4919 τοῦ
1616 4865 1802 4918 δεσπό-

227 4977 315 5012 του
353 4957 624 5026 ὺποκύψει
685 4958 977 5026 θελήματι,
1042 4957 1143 5008 οὐκ
1199 4954 1669 5023 ὲπιτιμηθήσεται
1730 4954 1806 5014 ὡς

228 5051 600 5121 πορνεύουσα·
633 5048 757 5103 οὕτε
789 5049 841 5101 εί
882 5066 962 5109 τις
993 5047 1222 5117 ἡρπάγη
1276 5046 1428 5116 παρά
1457 5063 1602 5109 τινος
1639 5049 1800 5098 ἀκου-

230 5143 358 5202 σίως
407 5140 504 5194 καὶ
549 5139 783 5210 ἐφθάρη,
838 5140 933 5192 καὶ
986 5141 1108 5192 ὅσαι
1154 5141 1527 5208 ὁμοιοτρόπως
1561 5137 1806 5207 ἐφθάρη-

230 5250 346 5286 σαν.

297 5322 522 5376 ΑΡΞΣΤ.
552 5319 733 5390 Φθορὰ
792 5323 1284 5394 κατηναγκασμένη
1331 5322 1619 5384 ἀνεύθυνος
1652 5337 1665 5350 '
1713 5323 1804 5374 καὶ

229 5415 386 5482 δούλη
424 5415 723 5485 βιαζομένη
758 5415 910 5483 παρᾶ
957 5416 1222 5467 δεσπότου
1255 5415 1571 5476 ἀνεύθυνος.

313 5508 372 5559 ’11
416 5508 703 5575 βιασθεῖσα
744 5510 893 5578 παρὰ
924 5507 1018 5560 τοῦ
1059 5508 1190 5561 ἰδίου
1221 5508 1490 5562 δεσπότου
1527 5507 1686 5577 δούλη
1709 5508 1804 5561 ἁν-

235 5616 350 5653 επιτ
362 5603 573 5669 ίμητος.

850 5694 1086 5748 ΚΑΝΩΝ
1128 5695 1208 5745 Ν.

239 5783 550 5855 Τριγαμίπς
592 5788 754 5857 νόμος
795 5788 893 5839 οὐκ
926 5786 1092 5850 ἔστιν,
1126 5786 1264 5839 ὥστε
1314 5786 1460 5856 νόμῳ
1494 5785 1674 5848 τρίτος
1700 5787 1799 5852 γά-

1919 3215 2282 3285 ciderit,qua:
2333 3233 2455 3271 eum
2497 3234 2524 3271 a
2585 3220 2904 3274 sacerdotali
2959 3221 3263 3275 ministerio
3293 3234 3492 3279 arceat.

1918 3321 2021 3355 non
2065 3307 2408 3373 adjttvahitlrr
2438 3324 2502 3364 ex
2535 3325 2620 3372 eo,
2654 3313 2795 3380 quod
2824 3327 2929 3365 non
2963 3313 3183 3380 propria
3217 3314 3492 3366 Vul‘ttntalt’

1916 3397 1965 3446 in
2006 3397 2106 3450 hoc
2135 3398 2330 3451 malum
2357 3401 2631 3465 inciderit,
2663 3412 2721 3456 ut
2749 3403 2820 3457 sit
2851 3404 3109 3472 deinceps
3140 3418 3263 3458 cum
3301 3419 3490 3457 sacra.

1915 3491 1982 3543 tis
2006 3507 2020 3554 ;
2070 3491 2163 3542 sed
2192 3490 2510 3559 deponetur.
2542 3494 2606 3546 Et
2635 3494 2756 3562 lege
2785 3494 3018 3562 primum
3046 3510 3310 3549 cauonem
3338 3510 3483 3564 syno-

1914 3581 1965 3633 di
1992 3582 2309 3651 Ancyrame,
2344 3594 2400 3637 et
2459 3600 2581 3639 can.
2629 3585 2697 3639 27
2745 3589 3028 3656 praesentis
3073 3588 3246 3641 sancti
3293 3587 3472 3643 Patris

1916 3672 2206 3739 l‘r0ptcrea
2238 3676 2404 3738 enim,
2456 3686 2514 3729 ut
2545 3678 2820 3745 existimo,
2880 3693 2975 3733 nec
3003 3680 3094 3748 qui
3143 3679 3490 3747 imperatoria

1916 3767 2242 3818 auctoritate
2267 3767 2575 3833 tondentur,
2618 3779 2845 3836 possunt
2896 3769 3293 3834 transformari,
3337 3770 3489 3823 habi.

1913 3870 2092 3911 tumve
2159 3865 2368 3911 mutare
2409 3859 2578 3912 sancti
2631 3859 2811 3913 Basilii
2847 3870 3166 3928 prasentem
3231 3876 3489 3915 canoncm

1911 3950 2277 4016 procluceutes
2298 3966 2312 4013 ;
2337 3951 2430 4003 sed
2451 3959 2613 4004 erunt
2640 3952 2946 4005 necessario
2987 3951 3259 4016 monachi,
3279 3953 3490 4005 etiamsi

1911 4041 1958 4090 vi
1996 4040 2135 4092 tonsi
2171 4039 2320 4094 fuere
2355 4056 2368 4092 :
2416 4043 2867 4107 quemadmodum
2899 4050 2954 4094 ct
2987 4054 3108 4108 quae
3160 4040 3209 4093 vi
3247 4049 3489 4107 stuprata

1908 4142 2008 4189 εει,
2047 4133 2090 4182 si
2143 4141 2260 4182 erat
2311 4131 2634 4195 diaconissn,
2671 4133 2720 4183 in
2776 4145 2988 4198 pteuam
3024 4133 3240 4197 quidem
3274 4148 3378 4186 non
3411 4133 3482 4187 in-

1907 4221 2335 4287 citlet,se;lnihil
2376 4222 2606 4289 amplius
2651 4221 2988 4274 diaconicum
3034 4221 3488 4290 exercebit,quo:l

1907 4325 1965 4364 ea
1992 4311 2081 4364 Dei
2112 4313 2376 4378 permissu
2412 4313 2464 4364 iu
2492 4313 2691 4364 malum
2729 4311 3000 4376 inciderit,
3037 4312 3180 4379 quod
3212 4313 3260 4365 ei
3292 4312 3470 4366 aufert

1914 4403 2256 4456 diaconicum
2295 4406 2699 4457 austeritatem.

1986 4668 2235 4724 ZONAR.
2281 4669 2478 4740 Stupra
2514 4685 2635 4740 qure
2679 4686 2775 4740 per
2812 4673 2916 4724 vim
2978 4671 3298 4726 mulieribus
3341 4673 3484 4727 infe.-

1915 4767 2372 4821 ruuturcriminis
2417 4767 2536 4821 loco
2567 4767 2690 4821 duci
2743 4782 2845 4819 nou
2880 4776 3110 4836 oportet.
3168 4768 3222 4820 Si
3283 4771 3482 4821 elenim

1912 4861 2031 4927 quis
2069 4860 2318 4912 ancillam
2343 4875 2494 4913 suam
2525 4859 2828 4921 violaverit.
2857 4873 2918 4913 ea
2957 4874 3083 4912 vero
3116 4858 3280 4911 iuvlta
3309 4860 3483 4912 dumi-

1912 4952 1962 5003 ni
2001 4951 2262 5004 voluntati
2313 4953 2683 5016 succubuerit,
2711 4966 3048 5021 nequaquam
3080 4960 3136 5003 ut
3192 4949 3479 5004 furuiCari-a

1912 5043 2226 5098 multabitur
2258 5062 2270 5098 :
2305 5059 2478 5113 neque
2515 5046 2562 5097 si
2593 5058 2712 5112 qum
2740 5043 2809 5097 ab
2835 5043 3014 5110 aliquo
3057 5053 3253 5110 praeter
3291 5044 3476 5096 volun-

1914 5145 2075 5188 tatem
2117 5146 2266 5203 rapta
2313 5146 2415 5198 est,
2444 5145 2500 5189 et
2533 5146 2809 5205 corrupta,
2861 5145 2915 5189 et
2945 5150 3280 5204 quaecunque
3317 5136 3478 5189 simili

1913 5227 2070 5279 mmlo
2101 5227 2309 5279 vitiata:
2338 5227 2579 5280 fuerunt.

1981 5318 2203 5373 ARIST.
2238 5320 2531 5389 Corruptio
2570 5337 2664 5390 per
2707 5323 2812 5375 vim
2850 5321 3080 5376 admissa
3115 5320 3272 5388 culpa
3302 5333 3473 5373 vacat.

1911 5414 1967 5465 Ει
2001 5413 2191 5464 ancilla
2247 5429 2273 5461 ει
2309 5413 2523 5466 domino
2556 5420 2738 5464 coacta
2773 5411 2954 5463 insons
2982 5418 3091 5462 est.

1983 5505 2037 5557 Si
2072 5505 2277 5558 :tuc‘illae
2311 5506 2389 5557 vis
2425 5521 2451 5557 ιι
2499 5507 2715 5558 duntin
2746 5518 2843 5558 suo
2877 5501 3039 5556 allata
3075 5500 3148 5557 sit
3181 5498 3475 5567 reprehen-

1909 5599 2045 5653 sioni
2075 5614 2176 5651 non
2209 5607 2292 5651 est
2322 5599 2571 5649 obnoxia.

2358 5686 2515 5760 103
2543 5688 2768 5744 canon
2813 5689 2873 5741 L.

1913 5782 2197 5852 Tl'ig'ttnizu
2232 5784 2311 5836 lex
2341 5800 2441 5838 non
2468 5795 2568 5846 est,
2599 5801 2764 5852 quate
2797 5783 2910 5853 lege
2948 5782 3166 5836 tertium
3198 5779 3474 5834 matrimo—
