4006 6518
499 344 609 404 735

1760 347 2037 405 THEOD.
2079 345 2478 404 BALSAMON

3641 345 3674 404 ’ί
3685 340 3753 402 36

571 457 718 510 nium
742 474 845 511 non
881 460 1231 527 approbatur.
1272 461 1655 515 Verumtamen
1687 478 1750 515 ea
1789 473 1847 515 ut
1884 460 2068 513 Eccle-

2246 475 2345 527 μος
2396 459 2495 513 οὐκ
2547 461 2762 530 ἄγεται.
2792 459 2870 513 Τά
2918 462 3102 530 μέντοι
3155 459 3388 514 τοιαῦτα
3444 462 3524 522 ὡς
3577 463 3762 530 ῥυπᾶ-

579 549 672 601 sia:
742 548 1149 616 inquinamenta
1213 553 1500 608 videmus:
1543 559 1634 608 sed
1668 554 1899 622 publicis
1949 568 2078 604 cnn-

566 640 1006 697 dcmnationibus
1055 658 1161 697 non
1207 645 1550 713 subjicimus,
1612 658 1669 698 ut
1726 660 1845 715 qua:
1897 645 2070 698 soluta

566 730 924 786 fornicatione
981 739 1311 804 suntmagis
1379 738 1698 804 expetenda.

562 819 750 874 BALS.
790 823 919 875 Cum
955 826 1108 878 audis
1139 837 1384 880 sanctum
1411 829 1679 882 dicentem
1713 844 1814 882 non
1847 843 1961 884 esse
1996 828 2072 881 le-

495 927 610 977 gem
634 912 683 964 in
706 913 974 981 trigamia,
997 930 1063 969 ne
1082 917 1283 972 dixeris
1311 923 1472 974 etiam
1506 937 1533 973 a
1566 922 1683 990 lege
1713 921 1854 976 ci\ili
1886 921 2074 989 prohi-

496 1005 621 1057 Imre
647 1005 946 1071 trigamiam
973 1023 1030 1060 :a
1059 1008 1173 1078 lege
1195 1011 1617 1066 enimconcessa
1638 1019 1741 1066 est.
1770 1012 1873 1066 Sed
1901 1012 2075 1067 eccle-

495 1094 866 1151 siasticamhic
887 1095 1053 1166 legem
1080 1100 1310 1168 intellige
1336 1121 1347 1152 :
1376 1102 1545 1171 legem
1567 1105 1969 1159 autetncivilem
1988 1106 2074 1160 dic

494 1183 790 1250 antiquam,
822 1200 941 1253 quin
989 1196 1115 1240 ante
1165 1199 1412 1244 sanctum
1433 1193 2070 1259 Patremobservabatur,

495 1283 598 1321 non
629 1281 805 1325 autem
834 1289 950 1330 eam
981 1291 1099 1344 quae
1127 1279 1301 1332 multis
1323 1291 1442 1347 post
1468 1285 1679 1338 saeculis
1701 1285 1802 1338 lata
1825 1294 1926 1348 est,
1961 1285 2073 1339 sci-

493 1358 615 1412 licet
632 1360 1133 1436 Porphyrogenetae.
1148 1379 1200 1421 et
1222 1370 1561 1438 imperatoris
1582 1375 1785 1428 domini
1800 1375 2071 1430 Constan-

494 1450 588 1500 tini
622 1451 968 1520 decisiouem,
995 1473 1114 1525 qua:
1145 1460 1244 1513 sita
1269 1473 1351 1515 est
1381 1463 1432 1515 in
1460 1473 1654 1531 quarto
1685 1481 1889 1520 canone
1913 1466 2072 1533 hujus

493 1541 686 1604 sancu,
719 1559 877 1609 quam
911 1549 1071 1599 etiam
1139 1551 1274 1621 lege,
1310 1565 1367 1607 ut
1400 1553 1534 1608 dicit
1578 1556 1842 1612 Zonaras.
1889 1557 2073 1626 Neque

492 1630 634 1682 enim
676 1630 789 1683 fieri
822 1644 998 1698 potest
1038 1645 1094 1691 ut
1121 1638 1221 1695 hoc
1253 1641 1420 1708 dicat,
1457 1646 1601 1712 quod
1631 1648 1681 1698 in
1711 1647 1883 1699 sancti
1918 1662 2070 1699 men-

2249 567 2429 619 σματα
2455 551 2554 619 τῆς
2574 552 2903 621 Ἐκκλησίας
2931 551 3180 622 ὁρῶμενσ
3209 553 3507 621 δημοσίαις
3537 552 3593 606 δέ
3621 569 3761 606 κατ-

2247 641 2460 702 αδίκαις
2492 641 2589 710 οὐχ
2622 642 3022 712 ὁποδάλλομεν,
3052 642 3128 705 ὡς
3154 644 3252 716 τῆς
3284 643 3588 714 ἀνειμένης
3623 657 3764 712 crop.

2245 729 2392 792 νείας
2419 730 2777 800 αἱρετώτερα.

2246 822 2442 877 ΒΑΛΣ.
2481 824 2722 877 Ἀκούων
2762 826 2856 879 τοῦ
2893 827 3050 894 ἁγίου
3085 828 3340 896 λέγοντος
3379 827 3456 899 μὴ
3489 823 3641 880 εἶναι
3675 827 3765 878 νός

2179 930 2277 980 μον
2306 915 2398 966 ἐπὶ
2427 915 2754 983 τριγαμίας,
2807 917 2884 986 μὴ
2923 917 3087 988 εἴπῃς
3141 919 3237 976 καὶ
3275 919 3384 973 ἀπὸ
3431 917 3530 971 τοῦ
3589 918 3764 986 νόμου

2176 1005 2270 1058 τοῦ
2309 1004 2578 1058 πολιτικοῦ
2609 1007 2912 1061 κωλύεσθαι
2955 1011 3055 1079 τὴν
3115 1011 3453 1080 τριγαμίανο
3514 1010 3768 1078 ἐκκεχιῖμ,

2178 1113 2340 1164 ρηται
2369 1096 2476 1166 γὰρ
2504 1097 2612 1148 ἀπὸ
2646 1098 2742 1149 τοῦ
2779 1100 2968 1170 νόμου.
3017 1101 3180 1154 Ἀλλά
3205 1100 3370 1169 νόμον
3398 1099 3649 1153 ἐνταῦθα
3671 1101 3769 1152 τὸν

2176 1187 2635 1256 ἐκκλησιαστικὸν
2667 1189 2813 1242 νόειο
2859 1192 3023 1258 νόμον
3053 1192 3110 1246 δέ
3166 1193 3452 1245 πολιτικὸν
3510 1193 3638 1245 είπὲ
3674 1192 3770 1244 τὸν

2175 1276 2407 1330 παλαιὸν
2435 1278 2538 1347 πρὸ
2571 1279 2662 1332 τοῦ
2695 1279 2851 1347 ἁγίου
2884 1281 3100 1349 Πατρδς
3159 1281 3492 1351 κρατοῦντα,
3534 1282 3597 1334 οὐ
3657 1281 3772 1360 μὴν

2174 1369 2264 1421 τὸν
2298 1371 2758 1439 μεταγενέστερον
2785 1372 2927 1424 κατά
2990 1372 3151 1434 πολὺ,
3203 1370 3449 1440 δηλονότι
3514 1373 3610 1424 τὸν
3665 1372 3770 1422 τοῦ

2177 1461 2696 1529 Πορφυρογεννήτου
2738 1463 2834 1516 καὶ
2867 1462 3132 1531 βασιλέως
3162 1464 3352 1533 κυρίου
3399 1464 3774 1515 Κωνσταντί-

2175 1565 2266 1601 νου
2297 1550 2487 1618 τόμον,
2527 1551 2622 1602 τὸν
2661 1553 3115 1621 καταστρωθέντα
3173 1555 3254 1616 εἰς
3316 1553 3409 1604 τὸν
3462 1554 3506 1606 δ’
3550 1554 3774 1605 κανόνα

2173 1639 2367 1692 τούτου
2396 1639 2489 1693 τοῦ
2513 1642 2690 1708 ἁγίου,
2723 1642 2782 1694 ὃν
2809 1645 2902 1695 καὶ
2941 1643 3248 1710 ἀνάγνωθι,
3283 1641 3472 1705 καθὼς
3504 1646 3532 1695 6
3575 1646 3778 1696 Ζωνα-

496 1729 601 1772 tem
633 1722 816 1775 venire
847 1741 948 1778 non
1005 1740 1236 1797 peterat,
1293 1743 1476 1800 utpote
1521 1739 1663 1804 quod
1707 1739 1893 1791 multis
1947 1748 2067 1806 post

496 1811 700 1834 ,λη-ηιξ-
743 1813 843 1834 ι’.-.
1040 1830 1048 1834 .
1117 1822 1151 1834 η
1252 1826 1263 1834 .
1568 1827 1579 1834 .
1779 1829 1788 1834 .
2021 1831 2030 1834 _

2185 1731 2278 1799 ρᾶς
2309 1748 2466 1798 φησι.
2504 1729 2676 1784 Τοῦτο
2705 1730 2810 1802 γὰρ
2825 1732 3010 1793 λέγειν
3040 1731 3382 1795 ἀνένδεκτον,
3410 1731 3500 1784 διὰ
3529 1731 3593 1784 τὸ
3623 1732 3777 1800 μηδὲ

495 1811 703 1865 saeculis
743 1813 941 1871 factum
971 1830 1073 1875 est.
1113 1822 1263 1886 Quod
1301 1836 1481 1879 autem
1509 1827 1672 1880 etiam
1703 1843 1730 1880 a
1777 1829 1892 1897 lege
1921 1831 2065 1884 anti-

495 1915 597 1966 qua
630 1904 845 1959 tertium
886 1911 1280 1967 matrimonium
1311 1920 1638 1982 permissum
1667 1934 1770 1983 est,
1805 1921 1922 1990 lege
1972 1921 2068 1977 lib.

493 2004 664 2044 xxvnt
699 1993 778 2048 tit.
811 1996 864 2062 8,
893 2014 1013 2069 cap.
1056 2002 1144 2066 65,
1195 2003 1372 2058 thema
1407 2006 1440 2060 6
1472 2017 1526 2061 et
1570 2008 1654 2061 tit.
1713 2011 1799 2074 14,
1854 2027 1972 2079 cap.
2016 2015 2068 2067 4.

494 2081 628 2138 Nota
662 2097 862 2152 autem,
896 2095 1038 2160 quod
1077 2104 1146 2148 ex
1179 2095 1281 2150 hoc
1313 2101 1565 2165 praesenti
1600 2115 1806 2156 canone
1849 2116 2073 2174 apparet

497 2194 600 2232 non
631 2181 844 2238 dissolvi
889 2186 1100 2242 tertium
1137 2193 1539 2247 matrimonium
1580 2206 1636 2248 ut
1670 2209 1858 2253 contra
1927 2201 2071 2266 leges

498 2265 718 2326 factum.
745 2273 882 2328 Dicit
911 2277 1074 2342 enim,
1111 2281 1249 2347 quod
1281 2282 1687 2350 inquinamenta
1720 2287 1934 2354 quidem
1969 2289 2072 2343 Ec-

495 2358 672 2411 clesiae
738 2364 892 2416 tertia
953 2370 1294 2424 matrimonia
1335 2373 1555 2426 omnino
1602 2362 1942 2442 reputantnr,
2013 2387 2070 2431 ut

495 2463 612 2515 qum
635 2453 699 2504 ab
723 2452 960 2512 Ecclesia
993 2473 1095 2512 non
1127 2464 1530 2528 permittuntur,
1557 2467 1599 2520 si
1628 2476 1813 2534 rogata
1847 2468 2066 2522 fuerint.

500 2540 732 2597 Publicis
773 2558 950 2604 autem
1002 2552 1561 2621 condemnationibus,
1618 2572 1711 2611 seu
1763 2560 2068 2615 manifestis

497 2631 885 2695 divulsionibus
919 2659 1021 2699 non
1051 2649 1432 2716 subjiciuntur,
1474 2651 1614 2717 quod
1649 2651 1755 2705 sint
1807 2654 2066 2722 ejusmodi

499 2727 745 2794 conjugia
775 2731 1134 2792 fornicatione
1168 2742 1422 2798 meliora.
1452 2745 1553 2811 Qui
1576 2758 1754 2800 autem
1780 2750 2063 2801 matrimo-

503 2818 650 2870 nium
686 2823 760 2874 ita
794 2834 1200 2897 contraxerunt,
1231 2849 1324 2902 per
1351 2837 1708 2905 polygamiam
1729 2841 1906 2894 minus
1926 2838 2067 2893 effu-

2171 1823 2254 1882 είς
2285 1821 2496 1874 ἔννοιαν
2526 1822 2620 1876 τοῦ
2649 1823 2805 1891 ἁγίου
2866 1823 3040 1877 ἐλθεῖν
3070 1823 3130 1875 τὸ
3182 1821 3320 1892 μετά
3372 1823 3577 1884 πολλάς
3638 1825 3781 1876 ἐκα-

2172 1914 2589 1983 τονταετηρίδας
2646 1915 2888 1982 γεγονός.
2950 1915 3073 1968 Ὀτι
3121 1914 3177 1967 δὲ
3229 1914 3488 1968 ἀπὺ-τοῦ
3523 1916 3781 1968 παλαιοῦ

2172 2001 2338 2067 νόμου
2378 2001 2766 2071 ἐκκεχώρηται
2794 2003 2823 2054 ὁ
2855 2003 3041 2072 τρίτος
3089 2003 3291 2070 γάμος,
3332 2003 3615 2070 ἀνάγνωθι
3681 2004 3779 2073 βι-

2173 2091 2319 2145 ϐλίον
2379 2092 2464 2160 κη’
2520 2094 2707 2145 τίτλου
2755 2101 2806 2161 η’
2849 2111 2978 2162 κειρ.
3037 2093 3116 2161 ξγ¹
3170 2093 3310 2161 θέμα
3359 2100 3436 2157 ς’,
3469 2095 3655 2149 τίτλου
3709 2096 3784 2148 ιδ’

2173 2196 2298 2248 κεφ.
2331 2180 2396 2234 δ’..
2419 2181 2734 2251 Σημείωσαι
2763 2182 2818 2234 δέ
2845 2181 2925 2235 ὅτι
2961 2183 3056 2235 καὶ
3084 2181 3194 2234 ἀπὸ
3231 2181 3326 2234 τοῦ
3355 2184 3631 2249 παρόντος
3663 2201 3783 2236 κα-

2174 2273 2328 2334 νόνος
2353 2271 2713 2341 ἀναφαίνεται
2746 2273 2828 2324 ὃτι
2855 2274 2915 2325 οὐ
2955 2273 3254 2325 διασπᾶται
3283 2274 3310 2325 ό
3341 2273 3530 2341 τρίτος
3580 2273 3783 2343 γάμος

2170 2365 2247 2428 ὡς
2307 2368 2648 2436 παράνομος.
2697 2368 2835 2436 Φησὶ
2891 2371 3001 2439 γάρ
3061 2369 3144 2420 ὅτι
3189 2367 3462 2438 ρύπασμα
3517 2370 3618 2438 μὲν
3667 2373 3784 2439 τῆς

2183 2456 2510 2526 Ἐκκλησίας
2532 2457 2842 2525 λογίσονται
2873 2460 2921 2512 οί
2960 2457 3135 2528 τρίτοι
3171 2459 3340 2528 γάμοι
3397 2461 3649 2524 πάντως,
3693 2460 3783 2522 ὡς

2173 2547 2247 2618 μὴ
2272 2550 2679 2619 ἐκχωρούμενοι
2714 2550 2820 2603 ὑπὸ
2849 2552 2946 2621 τῆς
2993 2550 3343 2620 Ἑκκλησίας.
3379 2550 3478 2602 ἐὰν
3545 2552 3780 2618 ἐρωτη-

2171 2639 2324 2693 θῶσι.
2362 2641 2662 2710 Δημοσίαις
2688 2640 2745 2698 δέ
2773 2642 3119 2703 καταδίκαις,
3153 2642 3272 2712 ἦτοι
3327 2643 3589 2710 φανεροῖς
3646 2642 3782 2692 δια-

2171 2732 2468 2798 σπασμοῖς,
2491 2731 2589 2799 οὐχ
2621 2731 3072 2800 ὑποϐλέδληνται,
3100 2731 3188 2784 διὰ
3207 2731 3267 2783 τὸ
3289 2725 3519 2784 εἶναιτὰ
3534 2748 3616 2783 τοι
3628 2730 3783 2782 αὔτα

2169 2822 2483 2872 συνοικέσια
2502 2821 2787 2888 κρείττονα
2812 2822 2912 2885 τῆς
2937 2822 3215 2891 πορνείας.
3245 2820 3308 2876 Ol
3337 2821 3440 2891 μὲν
3472 2827 3582 2891 γάρ
3615 2821 3783 2876 οὕτω

505 2931 564 2970 se
598 2931 840 2985 peccant.
875 2923 974 2989 Qui
1015 2938 1192 2982 autem
1245 2931 1597 2997 fornicantur,
1655 2935 1791 2989 laxis
1843 2936 2067 2990 habenis

2185 2913 2515 2980 γαμήσαντες
2574 2913 3013 2983 συνεσταλμένην
3056 2915 3335 2983 ἁμαρτίαν
3385 2914 3479 2967 διά
3527 2915 3630 2983 τὴν
3669 2931 3785 2967 ποι

503 3005 555 3056 in
588 3009 713 3061 vitia
748 3009 1015 3082 feruntur,
1070 3023 1244 3089 utqui
1306 3023 1774 3080 indiscrimiitatitn
1836 3041 1900 3081 ex
1959 3029 2062 3082 alia

504 3098 725 3154 muliere
752 3104 817 3155 ad
850 3107 1007 3162 aliam
1037 3117 1328 3167 transeant.

578 3277 828 3337 ZON‘AR.
853 3283 1055 3349 Quarto
1081 3290 1240 3343 etiam
1267 3306 1495 3353 canone.
1534 3295 1622 3350 hic
1653 3310 1886 3362 sant-tus,
1914 3301 2077 3368 triga-

509 3369 667 3420 miatn
702 3371 1016 3440 polygaiitite
1073 3379 1291 3432 nomine
1324 3384 1578 3449 appellari
1645 3388 1799 3448 dixit,
1862 3400 1927 3445 et.
1973 3405 2076 3445 non

509 3461 938 3527 matrimonium,
966 3467 1093 3533 quin
1120 3472 1296 3534 pntius
1320 3476 1633 3544 castigatam
1665 3477 2076 3535 fornicationem

510 3554 808 3618 nuncupari
850 3572 862 3606 :
897 3563 950 3608 et
995 3558 1096 3613 hoc
1144 3563 1263 3617 loco
1312 3567 1775 3635 inquinamentum
1827 3571 2078 3630 Ecclesiae

510 3643 828 3700 nominavit.
867 3649 1132 3704 Caeterum
1169 3656 1403 3719 publice.
1443 3661 1640 3728 inquit,
1683 3665 1783 3718 hoc
1815 3674 1896 3719 est
1926 3681 2076 3733 aper-

510 3743 582 3797 te,
611 3749 674 3786 ac
701 3737 816 3791 sine
843 3741 1282 3808 tergiversatione
1308 3751 1473 3816 ipsum
1501 3755 1719 3808 minime
1752 3759 2075 3813 condemna-

513 3836 652 3880 ntus.
689 3838 926 3894 eousque
952 3839 1006 3882 ut
1039 3833 1199 3885 etiam
1235 3836 1559 3894 dissolvatur
1597 3842 1857 3909 ejusmodi
1888 3850 2078 3903 matri-

514 3914 771 3968 monium.
819 3917 1024 3977 Idcirco
1075 3939 1201 3979 vero
1267 3945 1368 3982 non
1407 3933 1734 4000 dissolvitur,
1769 3939 1909 4006 quod
1969 3955 2078 4007 prae

510 4005 683 4057 soluta
737 4006 1112 4081 fornicatione,
1182 4017 1496 4088 incastigata
1559 4005 1815 4082 nimirum
1869 4041 1924 4084 et
1957 4047 2079 4100 qua:

512 4096 580 4148 ab
641 4097 740 4149 alia
795 4103 860 4152 ad
921 4105 1074 4158 aliam
1152 4111 1428 4164 mulierem
1487 4117 1680 4183 passim
1744 4096 2078 4189 digreditur,

511 4197 591 4241 cst
655 4196 1100 4262 prmoplandum,
1160 4210 1409 4268 tanquam
1497 4206 1780 4263 fornicatio
1839 4214 2077 4281 quidem,

509 4292 879 4338 verumtamen
945 4292 1222 4360 castigata,
1256 4295 1449 4363 quippe
1501 4312 1621 4352 cum
1670 4301 1751 4354 vir
1795 4318 1900 4357 una
1962 4320 2081 4358 mu-

2166 3003 2442 3071 λυγαμίαν
2464 3002 2712 3056 ποιοῦσιν
2737 3021 2750 3034 ·
2782 3004 2833 3054 οἱ
2867 3004 2924 3056 δὲ
2957 3005 3317 3073 πορνεύοντες
3341 3005 3647 3074 ἀνειμένην
3673 3006 3786 3059 καὶ

2105 3092 2148 3150 C
2183 3094 2574 3162 ἐξηπλωμένην
2637 3094 2914 3164 ἁμαρτίαν
2955 3094 3281 3163 ἐργάζονται
3328 3095 3404 3157 ὡς
3464 3096 3524 3160 ἐξ
3567 3098 3784 3168 ἐτέρας

2181 3185 2440 3254 γυναικὸς
2482 3187 2561 3245 είς
2593 3185 2786 3253 ἑτέραν
2823 3184 3134 3262 ἀδιαφόρως
3167 3186 3621 3254 μεταϐαίνοντες.

2253 3276 2496 3330 ΖΩΝΑΡ.
2534 3275 2643 3328 Καὶ
2669 3276 2727 3326 ἐν
2753 3274 2832 3343 τῷ
2865 3276 3110 3345 τετάρτῳ
3141 3278 3328 3329 κανόνι
3358 3281 3385 3330 ὁ
3411 3279 3570 3344 ἅγιος
3603 3272 3784 3344 οὗτος

2179 3370 2277 3434 τὴν
2304 3367 2606 3438 τριγαμίαν
2662 3366 3013 3433 πολυγαμίαν
3078 3367 3282 3436 ἔφησεν
3354 3369 3784 3438 ὀνομάζεσθαι,

2181 3464 2274 3515 καὶ
2320 3464 2392 3531 μὴ
2429 3462 2628 3528 γάμον,
2680 3458 2882 3528 μᾶλλον
2928 3458 2984 3511 δὲ
3018 3460 3278 3526 πορνείαν
3324 3461 3786 3532 κεκολασμένην’

2180 3554 2459 3607 κάνταῦθα
2489 3554 2752 3624 ρύπισμα
2788 3550 2886 3618 τῆς
2925 3550 3253 3619 Ἐκκλησίας
3300 3554 3558 3607 ἐκάλεσε.
3592 3555 3784 3622 Πλὴν,

2183 3646 2339 3716 φησι,
2384 3643 2638 3713 δημοσίᾳ,
2670 3641 2792 3694 ἀντί
2822 3639 2914 3692 τοῦ
2947 3642 3200 3711 φανερῶς
3227 3643 3322 3696 καὶ
3353 3645 3782 3708 ἀνυποστόλως,

2181 3741 2240 3793 οὐ
2279 3736 2718 3803 καταδικάζομεν
2761 3734 2961 3804 αὐτήνο
3020 3735 3165 3788 ὥστε
3223 3733 3322 3786 καὶ
3378 3733 3626 3804 διασπᾷν
3716 3736 3790 3786 τὸ

2181 3831 2422 3884 τοιοῦτον
2443 3829 2802 3882 συνοικέσιον.
2831 3828 2903 3880 Οὐ
2934 3828 3235 3881 διασπᾶται
3262 3825 3342 3888 δέ,
3375 3825 3460 3877 ὅτι
3486 3825 3646 3893 παρὰ
3675 3830 3789 3893 τὴν

2179 3923 2473 3991 ἀνειμένην
2499 3921 2779 3989 πορνείαν,
2804 3919 2903 3986 τὴν
2946 3918 3247 3970 ἀκόλαστον
3287 3916 3514 3985 δηλαδὴ,
3584 3917 3690 3969 καὶ
3719 3919 3791 3983 ἐξ

2183 4014 2377 4084 ἐτέρας
2412 4012 2673 4079 γυναικὸς
2697 4013 2777 4072 είς
2807 4011 3001 4078 ἑτέραν
3032 4007 3499 4076 μεταϐαίνουσαν,
3529 4008 3786 4077 αἱρετω-

2181 4106 2314 4175 τέρα
2351 4105 2520 4167 ἐστὶν,
2552 4102 2626 4162 ὡς
2665 4101 2894 4171 πορνεία
2939 4099 3061 4168 μὲν,
3099 4097 3484 4168 κεκολασμένη
3548 4098 3636 4163 δὲ,
3685 4097 3788 4154 οἷα

2187 4199 2283 4268 μιᾷ
2325 4195 2672 4266 ἀρκουμένου
2707 4191 2799 4244 τοῦ
2833 4190 3024 4259 ἀνδρὸς
3074 4189 3318 4256 γυναικί.
3395 4187 3646 4241 Ἀκούων
3721 4192 3789 4243 δὲ

2183 4290 2264 4342 ὃτι
2297 4284 2595 4356 τριγαμίας
2623 4287 2783 4351 νόμος
2811 4282 2912 4333 οὐκ
2944 4279 3114 4340 ἐστιν,
3173 4278 3650 4347 ἐκκλησιαστικὸν
3680 4282 3792 4331 καὶ

510 4358 641 4426 liere
688 4374 758 4426 sit
799 4387 1100 4434 contentus.
1127 4384 1292 4439 Porro
1322 4402 1441 4442 cum
1474 4391 1625 4445 audis
1679 4393 1938 4461 trigatnire
1968 4412 2071 4450 non

2188 4376 2558 4446 πνευματικὸν
2592 4375 2701 4427 νόει
2735 4374 2920 4442 νόμον.
2970 4371 3102 4423 Ἀπὸ
3126 4371 3236 4442 γὰρ
3255 4368 3600 4478 Νεαρᾶςποῦ
3633 4371 3792 4477 H.09—

509 4476 628 4515 esse
655 4462 1272 4532 legem,ecclesiasticam
1318 4477 1509 4545 legem,
1540 4497 1601 4535 ac
1631 4484 1963 4550 spiritualem
1992 4489 2075 4540 in-

514 4554 708 4622 te'lige.
753 4557 854 4611 Per
904 4557 1176 4615 Novellant
1233 4567 1494 4634 siquidem
1520 4569 2001 4644 Porphyrogenelte
2025 4591 2078 4633 et

510 4645 870 4712 Constantini,
904 4653 1074 4706 tertia:
1106 4659 1322 4725 nuptiae,
1362 4675 1463 4714 non
1501 4662 1620 4716 sine
1648 4675 1771 4718 nota
1811 4677 1985 4722 tamen
2013 4684 2077 4724 ac

515 4739 714 4805 multis,
751 4744 1149 4806 permittuntur.

582 4830 807 4886 ARIST.
838 4833 936 4898 Qui
975 4837 1185 4892 tertium
1226 4841 1487 4895 contrahit
1541 4848 1937 4902 matrnnonium
1996 4851 2076 4903 le-

513 4936 604 4990 ges
642 4927 1052 4992 transgreditur.
1087 4928 1206 4983 Hmc
1235 4943 1435 4998 autem,
1469 4944 1523 4986 ut
1545 4934 1801 4992 Ecelcsim
1826 4941 2076 5007 inquina-

514 5024 714 5078 tuenta,
741 5029 846 5068 non
880 5029 1008 5071 sunt
1056 5023 1264 5086 publice
1301 5026 1651 5090 traducenda,
1712 5030 2073 5086 tolerabiliora

513 5105 764 5159 dissoluta
791 5106 1145 5165 fornicatione
1165 5114 1425 5179 judicata.

586 5197 692 5251 Lex
721 5199 933 5267 quidem
963 5203 1178 5270 politica
1217 5210 1398 5260 tertias
1458 5209 1669 5276 nuptias
1721 5214 1978 5279 agnoscit.
2014 5223 2066 5268 et

519 5284 654 5340 filios
678 5302 742 5342 ex
771 5291 847 5344 eis
873 5304 1147 5361 susceptos
1182 5309 1278 5364 pro
1298 5296 1550 5363 legitimis
1582 5299 1762 5361 habet,
1793 5313 1844 5354 et
1874 5303 1938 5355 ad
1968 5303 2077 5356 hae-

519 5377 796 5432 reditatem
841 5391 1013 5435 vocat;
1050 5386 1112 5436 At
1142 5400 1169 5436 a
1205 5387 1502 5442 canonibus
1535 5391 1706 5442 tertiae
1749 5394 1941 5461 nnptize
1971 5409 2073 5448 non

524 5466 900 5533 admittuntur,
937 5471 1029 5524 sed
1061 5473 1192 5526 istas
1235 5483 1290 5527 ut
1330 5474 1576 5529 Ecclesia:
1615 5478 2073 5544 inquinamentum

524 5555 740 5610 habent.
773 5557 875 5612 Sed
903 5562 1333 5630 quandoquidem
1383 5565 1604 5618 licenter
1648 5569 1698 5620 in
1731 5556 2079 5625 fornicatione

525 5645 725 5700 viventi
750 5648 862 5701 sive
902 5650 1122 5704 dimissa
1155 5655 1259 5706 siut
1291 5657 1459 5717 magis
1495 5659 1821 5722 expeteudm,
1856 5661 2085 5727 publicfs

529 5737 743 5805 quidem
778 5739 1314 5797 condemnationibus
1351 5760 1453 5798 non
1490 5745 1774 5814 subjicitur
1810 5767 1820 5800 :
1856 5751 1953 5801 hoc
1979 5762 2080 5816 est,

2187 4468 2587 4540 φυρογεννήτου
2614 4465 2707 4517 καὶ
2731 4461 3145 4517 Κωνσταντίνου
3175 4463 3390 4528 ἐφεῖται
3412 4459 3505 4512 καὶ
3535 4462 3563 4512 ὁ
3583 4462 3792 4526 τρίτος

2183 4563 2381 4633 γάμος,
2419 4559 2557 4631 μετὰ
2603 4560 2790 4628 μέντοι
2828 4553 3146 4618 διαστίξεων
3176 4555 3271 4607 καὶ
3299 4552 3628 4622 ἐπιτιμίων.

2252 4827 2471 4882 ΑΡΙΣΤ,
2515 4827 2574 4878 Ὀ
2600 4824 2869 4894 τρίγαμος
2917 4822 3152 4892 ἄνομος·
3205 4824 3362 4887 ὡςδὲ
3421 4828 3789 4898 ρυπασματα

2182 4923 2279 4990 τῆς
2323 4918 2646 4987 Ἐκκλησίας
2678 4918 2741 4968 τά
2767 4913 2997 4967 τοιαῦτα
3026 4915 3525 4984 παραὸλεπόμενα,
3546 4920 3787 4988 ἁστηλε-

2144 5033 2388 5077 τευτα,
2444 5011 2677 5082 κρείττω
2739 5011 2837 5078 τῆς
2901 5007 3200 5076 ἀνειμένης
3257 5011 3524 5077 πορνείας
3580 5018 3789 5080 κρινό-

2232 5127 2344 5162 ενα.

2189 5129 2460 5267 με⁵ίΐμέν
2487 5194 2764 5256 πολιτικὸς
2799 5195 2958 5262 νόμος
3020 5193 3121 5261 τὴν
3167 5193 3544 5261 τριτογαμίαν
3582 5194 3788 5262 ἐπιγι..

2186 5291 2403 5353 νὼσκει,
2433 5289 2674 5348 καὶτοὺς
2710 5284 2769 5348 ἐξ
2803 5285 2976 5352 αὐτῆς
3022 5282 3324 5351 τεχθέντας
3383 5284 3583 5345 παῖδας
3612 5289 3786 5352 νομί-

2189 5400 2320 5452 μους
2360 5381 2496 5450 ἔχει,
2530 5380 2622 5431 καὶ
2665 5379 2746 5439 είς
2786 5374 3154 5445 κληρονομίαν
3192 5374 3368 5428 καλεῖ.
3417 5375 3542 5433 Τοῖς
3570 5375 3630 5426 δὲ
3666 5394 3790 5428 κα-

2187 5475 2332 5527 νόσιν
2361 5475 2388 5525 ὁ
2418 5471 2598 5542 τρίτος
2625 5468 2800 5536 γάμος
2846 5467 2907 5518 οὐ
2940 5465 3332 5533 παραδέχεται,
3370 5464 3487 5516 ἀλλ’
3541 5463 3619 5527 ὡς
3678 5469 3756 5530 pf,
3778 5500 3789 5504 _

2189 5582 2382 5632 πασμα
2414 5562 2598 5614 τοῦτον
2628 5560 2725 5627 τῆς
2764 5557 3091 5622 Ἑκκλησίας
3138 5557 3374 5624 ἔχουσιν.
3403 5557 3529 5608 "Ott
3564 5556 3622 5607 δὲ
3667 5558 3786 5624 τῆς

2191 5655 2478 5723 ἀνειμένης
2538 5651 2813 5721 πορνείας,
2871 5648 3111 5717 ἦτοιτῆς
3155 5648 3567 5716 ἐκλελυμένης,
3617 5649 3788 5702 ἐστὶν

2193 5747 2575 5819 αἱρετώτερος,
2603 5744 2887 5812 δημοσίαις
2919 5743 3016 5810 μὲν
3050 5742 3371 5802 καταδίκαις
3401 5741 3496 5794 οὑν
3524 5739 3785 5792 ὑποῦάλ-
