4006 6492
263 274 363 358 τιι
1242 294 1325 354 lN
1355 293 1597 355 EPIST.
1618 296 1677 354 s.
1707 296 1817 353 BA!

1922 296 1995 356 ,ιι
2032 298 2470 363 amorum):
2523 306 2644 367 [ιι.
3425 303 3534 380 742

261 405 358 458 καὶ
383 403 746 476 ἀμελησάαης
773 404 867 459 τοῦ
909 406 1190 476 κυήματος
1215 421 1227 435 ’
1262 405 1358 458 νῦν
1395 407 1452 458 δέ
1510 407 1817 477 πλατύτερο

1922 452 1924 458 .
1959 423 2134 463 autem
2167 412 2336 466 fusius
2367 417 2610 468 decernit
2643 415 2711 470 de
2757 418 3038 484 speciebus
3088 418 3444 488 negligentiae,
3475 434 3528 476 et

265 493 616 558 διατάττεται
641 497 711 550 τὰ
739 496 857 563 σίδη
887 497 989 566 τῆς
1005 497 1294 566 ἀμελείας.
1334 499 1425 549 καί
1483 515 1616 566 φησι
1656 501 1757 582 ὅτι,
1805 516 1817 549 ε

1960 502 2109 562 dicit,
2145 506 2286 569 quod
2339 506 2542 575 siqua:
2598 521 2662 560 ex
2731 507 3093 574 fornicatione
3153 512 3395 579 quidem,
3449 517 3528 570 vel

267 585 366 654 μὲν
394 588 460 639 ἐκ
501 587 761 657 πορνείας
810 587 844 658 ἢ
880 585 1128 658 μοιχείας
1175 588 1517 644 συλλαϐοῦσα
1573 590 1780 658 κρύφα,

1955 591 2220 647 adulterio
2247 594 2384 647 clam
2416 598 2497 650 vel
2538 601 2806 664 concepit,
2840 600 2920 653 vel
2955 602 3181 666 peperit.
3227 614 3281 656 et
3326 604 3529 660 timens

263 677 519 745 κυήσασα
555 677 650 729 καὶ
673 677 985 748 φοϐουμένη
1023 680 1115 732 τὸν
1141 679 1383 748 ἔλεγχον,
1427 680 1727 732 ἐσπούδασε
1756 679 1817 732 δι.

1958 698 2022 734 ne
2047 687 2487 750 cnuvinceretur,
2526 692 2715 743 statuit
2765 706 2863 758 per
2895 693 3004 744 nati
3057 692 3200 748 fetus
3249 695 3523 750 interitum

261 768 356 821 τοῦ
381 769 706 838 φονευθῆναι
742 771 804 822 τὸ
853 771 1110 840 γεννηθὲν
1141 773 1486 841 συγκαλύψαι
1530 773 1628 840 τὴν
1671 773 1817 844 ἁμαρ

1954 773 2132 827 celare
2154 788 2454 842 peccatum,
2490 779 2571 832 vel
2603 780 2766 834 etiam
2797 783 3050 844 belluiue.
3079 799 3202 837 seu.
3231 785 3524 841 inhumane

259 859 404 922 τίαν,
426 860 564 929 ﬂata!
587 859 891 930 θηριωδῶς,
908 862 1076 933 ἤγουν
1099 863 1553 932 ἀπανθρωπίνως,
1578 864 1817 935 ἐχρήσατ-

1951 867 2003 918 in
2047 864 2216 921 fctum
2248 882 2307 923 se
2327 871 2517 936 gessit,
2547 871 2652 926 hoc
2675 884 2760 928 est
2787 876 2957 927 instar
2984 874 3219 928 ferarum
3246 891 3366 944 quae
3402 892 3523 931 car-

257 951 336 1020 τῷ
363 950 634 1022 τεχθέντι,
658 953 906 1006 τουτέστι
951 955 1093 1007 κατά
1135 953 1309 1023 θῆρας
1334 956 1720 1018 κατεσθίοντας
1751 957 1814 1010 τὰ

1952 973 2045 1016 nes
2083 960 2350 1015 humanas
2382 962 2670 1027 devorant,
2720 976 2772 1018 et
2820 965 2900 1018 eis
2957 982 3057 1018 non
3115 976 3359 1032 parcunt,
3405 967 3521 1031 ejus

257 1043 614 1115 ἀνθρωπίνας
643 1047 874 1114 σάρκας.
925 1048 1023 1100 καὶ
1086 1048 1161 1116 μὴ
1225 1048 1583 1118 φειδομένους
1638 1051 1842 1109 αὐτῶν,

255 1137 359 1188 οὐκ
381 1137 585 1206 ἠλέησε
607 1128 789 1196 τοῦτο,
826 1138 1033 1204 ὀφείλει
1062 1138 1246 1192 δοῦναι
1289 1138 1486 1207 λόγους
1518 1142 1751 1209 φονέως.
1783 1143 1842 1196 El

253 1224 308 1277 δὲ
340 1224 502 1295 nam
529 1227 631 1293 μὲν
658 1231 970 1296 περισῶσαι
1006 1231 1070 1282 τὸ
1104 1229 1325 1300 βρέφος,
1358 1233 1460 1284 οὐκ
1496 1233 1729 1304 ἐδυνήθη
1786 1236 1842 1286 δὲ

1950 1064 2054 1103 non
2091 1051 2316 1106 miserta
2348 1063 2450 1115 est,
2489 1056 2648 1108 deliet
2679 1056 2858 1108 instar
2885 1057 3165 1110 homicida:
3194 1059 3389 1125 puniri.
3423 1058 3515 1111 Sin

1947 1151 2125 1192 autem
2157 1141 2372 1196 volebat
2416 1145 2632 1210 qui-lem
2692 1146 2953 1200 infantem
3013 1162 3252 1210 scrvare,
3288 1150 3379 1202 sed
3412 1165 3513 1200 non

1947 1234 2119 1299 potuit
2157 1246 2375 1303 propter
2409 1237 2753 1291 solitudinem
2783 1249 2835 1292 et
2863 1255 3042 1291 rnrnm
3085 1241 3509 1293 necessariarum

253 1317 345 1370 διὰ
377 1318 619 1387 ἐρημίαν
652 1321 746 1372 καὶ
773 1321 1010 1390 ἀπορίαν
1045 1323 1154 1375 τῶν
1175 1326 1513 1390 ἀναγκαίων,
1544 1325 1817 1378 κάντεῦθει

1947 1325 2206 1392 inopiam,
2237 1337 2293 1378 et
2329 1341 2396 1380 eo
2421 1327 2623 1383 factum
2655 1341 2819 1382 estut
2870 1329 3135 1391 interiret,
3196 1331 3356 1396 digna
3413 1333 3515 1384 erit

253 1408 471 1480 ἐφθάρη
509 1409 689 1475 τοῦτο,
722 1413 1057 1482 συγγνώμης
1099 1415 1486 1484 ἀξιωθήσεται.
1573 1416 1728 1470 Ἐπεί⁵
1782 1419 1837 1470 δὲ

250 1499 314 1551 ἐν
338 1499 416 1570 τῷ
446 1500 529 1568 λγ⁹
568 1501 758 1555 κανόνι
787 1503 1014 1573 εἴπομεν
1038 1505 1111 1567 ὡς
1150 1507 1182 1573 ἡ
1212 1509 1520 1575 γεννήσασα
1555 1507 1677 1561 καθ’
1700 1509 1836 1573 ὁδὸν,

249 1590 350 1643 καὶ
382 1589 625 1659 ἀμελῶς,
657 1592 690 1664 ἢ
722 1594 817 1646 καὶ
839 1594 1070 1664 δολερῶς
1096 1597 1186 1647 ἐπὶ
1211 1595 1289 1664 τῷ
1319 1597 1634 1667 γεννηθέντι
1660 1598 1837 1651 διατεο

1943 1418 2028 1470 cui
2069 1418 2400 1487 ignoscatur.
2459 1419 2566 1475 Sed
2603 1423 2727 1488 quia
2759 1423 2810 1475 in
2845 1437 2962 1476 can.
2990 1421 3059 1474 35
3087 1420 3339 1485 diximus,
3371 1426 3512 1489 quod

1942 1523 2062 1576 quae
2099 1511 2151 1561 in
2180 1511 2265 1562 via
2306 1513 2535 1580 peperit.
2571 1523 2624 1567 et
2670 1515 3021 1583 negligenter,
3051 1513 3133 1567 vel
3167 1515 3329 1568 etiam
3361 1514 3508 1566 frau-

1942 1600 2189 1655 dulenter
2223 1600 2276 1655 in
2309 1602 2359 1657 id
2385 1606 2529 1672 quod
2582 1615 2767 1661 natum
2812 1616 2916 1667 est,
2966 1604 3155 1659 affecta
3185 1615 3286 1665 est,
3325 1617 3381 1657 nt
3413 1605 3508 1658 ho-

251 1680 428 1748 θεῑσα,
451 1681 528 1746 ὥς
546 1685 856 1752 φονεύσασα
877 1687 1161 1758 κρίνεται,⁸
1180 1687 1242 1740 ού
1274 1689 1434 1757 μόνον
1451 1689 1546 1742 ἐὰν
1570 1689 1817 1762 διεφθάρι

1943 1690 2135 1745 micida
2158 1691 2452 1758 indicatur,
2486 1710 2592 1747 non
2624 1696 2798 1748 solum
2833 1696 2878 1749 si
2921 1696 3288 1764 interiitqund
3321 1707 3502 1748 uatum

247 1775 310 1828 τὸ
337 1776 566 1844 κυηθὲν,
602 1779 741 1833 ἀλλά
764 1783 858 1833 καὶ
921 1781 1018 1832 ἐὰν
1057 1781 1147 1847 ὑφ’
1196 1783 1384 1852 ἑτέρου
1444 1779 1792 1854 ἐζωογονήθη
1815 1803 1828 1815 ·

247 1865 486 1936 λέγομεν
509 1870 672 1923 πάλιν
716 1872 798 1924 ὅτι
826 1873 923 1925 καὶ
954 1873 1014 1938 ἐξ
1047 1868 1121 1924 ὧν
1159 1873 1256 1942 μὲν
1287 1875 1468 1926 ἐκεῖσε
1512 1875 1833 1945 ἐγράψαμεν

247 1959 588 2029 παρίσταται
616 1961 797 2025 τοῦτο,
844 1966 944 2033 ούχ
975 1959 1138 2035 ἦττον
1170 1965 1228 2017 δέ
1275 1966 1369 2019 καὶ
1399 1967 1507 2018 ἀπὸ
1536 1967 1630 2019 τοῦ
1689 1985 1833 2036 παρ-

243 2054 400 2114 όντος
429 2053 658 2116 κανόνος
714 2054 1095 2122 ἀναφαίνεται.
1147 2056 1317 2109 Ἔνθα
1359 2057 1460 2126 μέν
1508 2058 1620 2128 γὰρ
1662 2077 1831 2113 κατα-

245 2146 514 2216 φρόνησιν
543 2146 577 2215 ﬂ
606 2144 760 2200 δόλον
785 2147 995 2216 εἰσάγει
1025 2151 1053 2202 ό
1090 2149 1247 2216 ἀγιος
1288 2150 1387 2219 τῆς
1432 2152 1710 2217 γυναικὸς,
1766 2154 1826 2205 ού

241 2236 573 2308 προστίθησι
589 2236 886 2310 διαφθορὰν
909 2240 1003 2293 τοῦ
1019 2240 1388 2310 γεννηθέντος,
1406 2241 1541 2294 ἀλλά
1555 2261 1722 2312 φησιν
1747 2245 1824 2308 ὼς

246 2329 342 2380 ἐπὶ
377 2330 526 2398 φόνῳ
553 2329 836 2401 κρίνεσθαι
867 2331 968 2400 τὴν
1017 2333 1252 2403 μητέρα,
1284 2335 1558 2398 τουτέστι,
1618 2335 1722 2389 κᾶν
1750 2338 1824 2405 μὴ

241 2419 482 2490 φονευθῇ
513 2420 574 2473 τὸ
608 2422 835 2489 κυηθὲν,
880 2423 1314 2487 κατακρίνεσθαι
1348 2423 1557 2494 ταύτην
1607 2427 1694 2479 διὰ
1726 2426 1824 2496 τὴν

241 2510 424 2580 κακὴν
457 2510 699 2564 διάθεσιν
720 2527 738 2543 ο
770 2513 1126 2582 φονευθέντος
1157 2514 1266 2585 γὰρ
1315 2513 1408 2568 τοῦ
1446 2516 1661 2570 παιδίου
1682 2517 1823 2571 κατὰ

237 2597 445 2668 δόλονῆ
478 2599 754 2669 ρᾳθυμίαν
783 2601 1021 2670 ἐκείνης,
1055 2602 1285 2671 ἀμάχως
1325 2600 1558 2669 ὠφειλεν
1608 2603 1684 2664 ὡς
1728 2623 1825 2672 φο-

237 2689 466 2759 νεύτρια
517 2689 1000 2754 καταδικάζεσθαι.
1035 2691 1208 2744 Ὅταν
1256 2691 1313 2743 δέ
1369 2691 1495 2745 οὔτε
1560 2695 1821 2761 ἀμέλειαν

235 2780 364 2849 οὗτε
391 2781 543 2834 δόλον
579 2780 848 2852 προϐῆναι
878 2783 978 2852 τῆς
1036 2783 1271 2854 μητέρος
1309 2786 1464 2854 φησὶ,
1526 2785 1821 2839 κάντεῦθεν

233 2873 440 2941 ταύτην
467 2873 959 2941 συγγινώσκεσθαι,
982 2876 1076 2928 καὶ
1098 2875 1423 2944 προστίθησι
1449 2875 1817 2947 διαφθαρῆναι

233 2963 594 3034 τὺ-γεννηθέν
641 2965 753 3017 ἀπὸ
793 2966 1054 3036 ἐρημίας,
1108 2967 1139 3038 ἢ
1198 2967 1443 3036 ἀπορίας
1487 2967 1597 3019 τῶν
1645 2971 1812 3031 ἀναγ-

1940 1793 2044 1845 est,
2093 1785 2187 1838 sed
2243 1786 2404 1839 etiam
2446 1786 2489 1838 si
2551 1786 2618 1837 alt
2654 1786 2760 1837 alio
2804 1786 3089 1840 educatum
3142 1789 3232 1840 sit.
3298 1785 3509 1838 iiut-sus

1937 1889 2152 1943 quoque
2186 1877 2436 1941 dicimus,
2475 1879 2616 1944 quod
2650 1880 2814 1932 etiam
2841 1895 2904 1931 ex
2956 1879 3022 1930 iis
3071 1892 3189 1946 qua:
3229 1877 3334 1930 illic
3370 1877 3500 1929 set-i-

1935 1966 2139 2032 psimus
2171 1966 2273 2020 hoc
2302 1968 2562 2035 probatur
2597 1986 2608 2020 :
2656 1983 2757 2021 non
2784 1970 2960 2021 minus
2987 1979 3164 2022 autem
3193 1978 3245 2022 et
3275 1983 3336 2022 ex
3371 1980 3503 2034 prae-

1933 2059 2070 2114 senti
2101 2073 2310 2112 canone
2355 2070 2596 2124 apparet.
2654 2058 2761 2112 Illic
2804 2061 2944 2114 enim
2997 2069 3217 2114 sanctus
3268 2059 3506 2111 mulieris

1939 2157 2331 2218 contemptum,
2360 2150 2442 2203 vel
2472 2149 2712 2203 fraudem
2738 2151 2944 2204 inducit
2979 2167 2990 2202 :
3026 2164 3127 2202 non
3152 2149 3300 2201 addit
3320 2158 3499 2201 autem

1936 2243 2075 2299 fetus
2127 2243 2424 2296 interitum.
2487 2242 2593 2296 Sed
2647 2242 2780 2295 dicit
2825 2251 3079 2309 tauquam
3152 2241 3222 2293 ob
3278 2240 3503 2294 homici-

1931 2336 2078 2388 dium
2108 2346 2335 2388 matrem
2382 2334 2760 2398 condemnari,
2793 2335 2894 2388 hoc
2928 2344 3012 2389 est
3058 2334 3218 2387 etiam
3273 2332 3317 2385 si
3359 2331 3501 2384 fetus

1931 2438 2036 2477 non
2066 2422 2227 2476 fuerit
2258 2423 2602 2482 interfectus.
2650 2424 2999 2478 condemnari
3048 2431 3225 2476 autem
3280 2430 3499 2488 propter

1930 2515 2126 2567 malam
2183 2514 2548 2570 affectionem.
2606 2514 2817 2569 Infante
2857 2514 2998 2567 enim
3064 2513 3201 2565 illius
3246 2512 3366 2564 dolo
3416 2511 3495 2563 vel

1926 2603 2173 2658 socordia
2199 2603 2498 2666 interfecto,
2532 2605 2759 2657 debellat
2784 2607 2898 2658 sine
2927 2603 3289 2666 controversia
3322 2612 3376 2651 ut
3401 2600 3496 2654 lto-

1926 2694 2123 2748 micida
2155 2695 2354 2761 puniri.
2388 2693 2614 2760 Quando
2649 2704 2827 2748 autem
2854 2708 2954 2747 nec
2985 2708 3079 2761 per
3109 2690 3492 2760 negligentiam

1925 2801 2025 2840 nec
2059 2800 2154 2854 per
2186 2785 2364 2839 dolum
2407 2785 2598 2839 matris
2631 2786 2682 2839 id
2713 2785 2975 2848 evenerit,
3007 2786 3133 2840 dicit
3169 2784 3241 2836 illi
3276 2797 3491 2851 quoque

1925 2878 2129 2944 ignosci
2162 2886 2439 2947 oportere,
2479 2886 2530 2930 et
2566 2877 2753 2945 adiit-it
2784 2877 2948 2930 fetum
2988 2876 3209 2929 interire
3237 2890 3268 2927 a
3305 2876 3494 2928 solitu-

1923 2967 2067 3032 dine,
2096 2974 2150 3020 et
2195 2981 2223 3019 a
2267 2981 2449 3020 rerum
2503 2968 2931 3020 necessariarum
2984 2965 3186 3034 inopia.
3246 2963 3300 3016 Si
3347 2965 3489 3016 enim

233 3060 432 3112 καίων.
463 3058 531 3110 Εἴ
554 3057 664 3129 γὰρ
703 3058 822 3128 ἔζη,
855 3060 951 3111 καὶ
990 3057 1111 3111 οὐδὲ
1176 3057 1403 3128 ἀμέλεια
1463 3060 1667 3130 προέϐη
1721 3062 1817 3128 τῆς

1929 3057 2190 3122 vixisset,
2227 3071 2326 3112 nec
2375 3058 2566 3110 matris
2597 3057 2919 3126 negligentia
2951 3055 3324 3124 processisset.
3363 3069 3492 3124 quo-

235 3147 504 3219 μητέρος,
541 3150 659 3211 πῶς
682 3149 748 3202 ἀν
795 3166 881 3212 τις
909 3151 1038 3220 εἴπῃ
1099 3150 1306 3219 ταύτην
1353 3150 1711 3217 εύθύνεσθαις
1745 3151 1820 3206 Τὸ

234 3240 294 3293 δέ
331 3239 613 3310 θηριωδῶς
645 3239 958 3309 διατεθῆναι
991 3239 1090 3309 τὴν
1126 3241 1367 3310 μητέρα,
1396 3241 1627 3295 ἐκλαϐοῦ
1677 3244 1817 3296 κατὰ

233 3333 337 3399 τὴν
363 3332 651 3398 παροῦσαν
685 3330 1009 3400 ἑρμηνείαν,
1041 3328 1140 3385 καὶ
1177 3328 1274 3399 μὴ,
1313 3329 1390 3392 ῶς
1448 3349 1592 3395 τινες
1644 3328 1815 3399 εἷπον,

233 3424 379 3476 κατά
406 3423 506 3492 τὴν
533 3423 912 3492 μητροκομίαν
932 3422 1046 3476 τῶν
1079 3421 1307 3492 θηρίων.
1333 3423 1398 3475 Οί
1431 3423 1541 3492 γὰρ
1582 3423 1806 3486 πλείους

229 3517 340 3568 τῶν
366 3514 577 3586 θηρίων
595 3516 722 3576 τοὺς
765 3514 1046 3583 σκύμνους
1094 3512 1274 3566 αὐτῶν
1310 3515 1591 3583 ἐπιμελῶς
1633 3515 1818 3586 περιέ-

232 3623 421 3672 πουσι,
449 3607 546 3659 και
576 3606 864 3674 τρέφουσι,
907 3606 1002 3657 καὶ
1055 3604 1236 3657 αὐτῶν
1300 3606 1812 3675 προκινδυνεύουσι,

231 3697 329 3750 καὶ
354 3697 416 3749 ού
451 3695 557 3766 χρὴ
583 3695 794 3758 τούτοις
825 3695 1325 3766 παραλληλίζεσθαι
1345 3701 1444 3760 τὰς
1473 3698 1697 3766 δολερᾶς
1721 3701 1817 3752 καὶ

231 3788 519 3858 ῥᾳθύμους
547 3788 814 3859 μητέρας.
853 3789 1061 3841 Λύτίκα
1102 3790 1135 3858 ή
1166 3789 1355 3841 λέαινα
1405 3789 1664 3842 τοσοῦτον
1713 3790 1814 3859 κή-

227 3879 382 3932 δεται
411 3878 522 3930 τῶν
548 3877 806 3948 σκύμνων
835 3879 1029 3948 αὐτῆς,
1057 3878 1154 3944 ὡς,
1197 3877 1291 3930 τοῦ
1325 3878 1537 3946 φωλεοῦ
1596 3879 1814 3942 ἐξιοῦσα

227 3973 298 4022 τὰ
333 3972 456 4040 ῐχνη
494 3970 602 4023 τῶν
629 3971 808 4022 ποδῶν
851 3973 1022 4039 αὐτῆς
1068 3971 1156 4024 διὰ
1181 3970 1277 4024 τοῦ
1336 3971 1558 4040 οὐραίου
1618 3972 1814 4040 συγχέ-

227 4081 390 4124 ουσα,
420 4063 482 4113 οὐ
515 4065 841 4130 παραχωρεῖ
878 4061 1289 4130 ἐξιχνιασθῆναι
1350 4061 1443 4113 τὸν
1483 4061 1689 4129 φωλεὸν
1719 4062 1812 4113 αύ-

227 4154 328 4222 τῆς
361 4154 467 4205 ὑπὸ
497 4151 788 4221 θηρευτοῦ,
830 4154 925 4205 καὶ
954 4153 1317 4220 ἀναιρεθῆναι
1348 4151 1415 4205 τὰ
1447 4153 1668 4220 ἔγγονα.

303 4244 551 4300 ΖΩΝΔΡ.
595 4246 728 4312 Περὶ
759 4246 857 4313 τῆς
894 4246 951 4296 ἐν
977 4236 1081 4314 ὁδῷ
1133 4245 1404 4314 τ-κούσης
1453 4249 1547 4297 καὶ
1608 4244 1813 4314 ἀμελη-

1927 3150 2085 3201 modo
2121 3151 2244 3218 quis
2273 3165 2390 3204 eam
2445 3149 2836 3203 criminaodam
2881 3162 3003 3202 esse
3055 3145 3308 3199 diceret?
3359 3143 3488 3199 Illud

1922 3250 2126 3305 autem,
2184 3253 2412 3295 matrem
2466 3241 2701 3295 bellnine
2752 3240 2923 3301 allici,
2960 3242 3143 3307 accipe
3190 3239 3486 3292 secundum

1921 3342 2240 3394 prtesentem
2287 3332 2812 3401 interpretationem,
2860 3342 2913 3385 et
2968 3344 3071 3382 non
3132 3339 3189 3381 ut
3239 3330 3488 3382 dicebant

1919 3421 2109 3488 aliqui,
2144 3424 2440 3477 secundum
2488 3424 2720 3476 ferarum
2754 3433 3054 3476 maternam
3087 3420 3484 3475 educationem.

1919 3512 2206 3567 Permulta:
2237 3517 2378 3568 enim
2413 3515 2539 3569 ferae
2574 3515 2745 3584 pullos
2796 3529 2922 3567 suos
2952 3513 3238 3581 diligenter
3293 3523 3488 3564 curant

1919 3613 1973 3658 et
2003 3607 2256 3666 educant,
2286 3616 2340 3659 et
2373 3622 2470 3675 pro
2500 3608 2579 3661 eis
2612 3606 2856 3676 pericula
2899 3606 3156 3666 subeunt,
3209 3619 3306 3657 nec
3359 3616 3489 3656 sunt

1916 3696 1997 3749 eis
2043 3695 2383 3751 conferendae
2439 3697 2638 3751 dolosae
2688 3707 2743 3751 et
2794 3695 3049 3751 socordes
3098 3705 3318 3749 matres.
3365 3691 3485 3747 Jam

1917 3784 2060 3838 enim
2095 3786 2261 3839 leaena
2297 3796 2495 3841 tantam
2522 3803 2746 3843 suorum
2772 3788 3074 3842 catulorum
3110 3802 3296 3842 curam
3321 3789 3483 3855 gerit,

1918 3888 1975 3930 ut
2001 3889 2161 3932 antro
2188 3880 2570 3946 egrediens.-et
2599 3883 2791 3948 pedum
2824 3894 3042 3933 suorum
3070 3879 3288 3944 vestigia
3313 3881 3483 3930 cauda

1914 3970 2275 4030 confundens,
2306 3986 2411 4024 non
2446 3972 2587 4024 sinat
2632 3983 2845 4022 antrum
2879 3985 3034 4022 suum
3090 3969 3403 4035 investigari
3453 3986 3486 4019 tt

1914 4070 2193 4122 venatore,
2228 4072 2281 4115 et
2313 4061 2450 4114 fetus
2481 4077 2606 4115 suos
2637 4062 2894 4115 interimi.

1985 4235 2238 4292 ZONAR.
2277 4236 2350 4290 De
2381 4237 2630 4299 muliere,
2660 4251 2776 4304 qum
2805 4236 2856 4286 in
2896 4236 2977 4285 via
3019 4234 3246 4302 peperit,
3285 4233 3480 4287 fetum-

232 4337 406 4404 σάσης
439 4333 532 4386 τοῦ
555 4334 856 4402 κυηθέντος
883 4334 976 4387 καὶ
1013 4336 1073 4387 ἐν
1093 4333 1172 4402 λγ¹
1235 4339 1422 4387 κανόνι
1477 4334 1760 4398 διετάξατο
1782 4336 1810 4385 ὁ

1922 4346 2020 4401 que
2046 4331 2300 4397 neglexit,
2335 4329 2609 4383 tricesimo
2660 4327 2817 4381 tertio
2865 4341 3079 4395 quoque
3135 4341 3341 4379 canone
3385 4329 3484 4379 de-

227 4429 407 4499 ἀγιος.
440 4424 565 4505 ,Νῦν
594 4426 650 4480 δέ
683 4429 1020 4497 σαφέστερον
1063 4427 1415 4481 διατάττεται
1451 4427 1674 4496 φάσκων
1703 4427 1805 4485 ὅτι,

224 4521 279 4570 εί
311 4517 413 4585 μέν
461 4517 735 4587 δυναμένη
775 4518 1095 4586 ’περισῶσαι
1129 4518 1190 4570 τὸ
1217 4518 1499 4588 γεννηθὲν,
1534 4517 1808 4587 ἠμέλησεν

229 4607 399 4662 αὑτοῦ
430 4609 521 4661 διὰ
558 4608 905 4678 συγκαλύψαι
933 4611 1032 4679 τὴν
1078 4610 1376 4680 ἁμαρτίαν,
1447 4611 1512 4662 ἐκ
1550 4611 1808 4679 πορνείας

227 4701 385 4760 ἴσως.
415 4698 450 4768 ἢ
493 4701 741 4767 μοιχείας
776 4699 1139 4762 συλλαϐοῦσα,
1189 4696 1225 4770 ἦ
1272 4703 1367 4752 καὶ
1420 4699 1807 4767 ἀπανθρώπως

228 4793 696 4859 καταφρονήσασα
729 4790 824 4844 τοῦ
847 4791 1133 4862 τεχθέντος
1184 4793 1279 4844 καὶ
1304 4791 1585 4861 θηριωδῶς
1604 4806 1620 4821 ο
1645 4790 1808 4859 ἐχρή-

229 4900 362 4936 σατο
387 4882 444 4934 δέ
466 4885 532 4950 τῇ
561 4881 705 4946 λέξει
736 4883 860 4936 ἀντὶ
888 4881 980 4934 τοῦ
1009 4881 1174 4950 ὠμῶς
1195 4884 1289 4934 καὶ
1324 4882 1570 4951 ἀπηνῶς.
1601 4882 1674 4935 Ού
1698 4884 1806 4949 γὰρ

227 4976 371 5030 οὕτω
409 4977 478 5028 τά
517 4974 680 5044 θηρία
712 4967 984 5038 ποιοῦσιν,
1019 4974 1156 5025 ἀλλά
1191 4973 1442 5026 τίκτοντα
1494 4975 1623 5040 περὶ
1676 4973 1805 5033 τοὺς

230 5068 510 5136 σκύμνους
585 5067 859 5136 ἐπιμελῶς
921 5065 1282 5118 διατίθενταιο
1324 5066 1419 5116 καὶ
1482 5066 1804 5134 περιέπουσι

227 5163 319 5211 καὶ
349 5160 618 5228 τρέφουσι
651 5159 717 5209 τὰ
746 5158 964 5225 ἔγγονα,
997 5158 1092 5209 καὶ
1117 5155 1321 5208 τούτων
1351 5155 1804 5226 προκινδυνεύου-

227 5263 346 5299 σιν⁹
389 5249 437 5300 εί
467 5249 565 5316 μὲν
596 5244 690 5300 οὖν
739 5247 901 5312 οὕτω,
946 5247 1100 5316 φησὶ,
1152 5246 1527 5315 κατεφρόνησε
1576 5244 1670 5296 τοῦ
1713 5261 1803 5297 τε-

229 5338 478 5407 χθέντος,
507 5339 582 5401 ῶς
627 5341 935 5407 φονεύσασα
978 5337 1411 5408 κατακρινέσθω.
1445 5337 1504 5388 Εί
1544 5335 1598 5388 δέ
1645 5336 1800 5404 ήθελε

229 5432 329 5501 μὲν
350 5432 662 5506 περισῶσαι
687 5434 747 5485 τδ
785 5433 1008 5503 βρέφος,
1040 5433 1141 5485 οὐκ
1186 5430 1424 5500 ἠδυνήθη
1475 5429 1532 5482 δὲ
1567 5427 1632 5480 δι’
1676 5431 1804 5497 ἐρη-

229 5523 358 5591 μίαν
419 5524 516 5574 καὶ
571 5525 804 5593 απορίαν
857 5523 972 5575 τῶν
1017 5525 1352 5590 ἀναγκαίων,
1410 5521 1566 5591 ἧδιά
1613 5521 1797 5589 φόϐον,

225 5613 356 5676 tam;
394 5614 899 5684 συγγνωσθήσεται.

1914 4433 2119 4479 cretum
2147 4431 2367 4477 sanctus
2393 4423 2475 4474 vir
2507 4419 2884 4488 promulgavit.
2916 4418 3070 4471 Nunc
3095 4433 3221 4473 vero
3245 4417 3484 4484 apertius

1910 4516 2118 4581 definit,
2159 4516 2364 4579 dicens,
2395 4515 2660 4580 siquidem
2703 4528 2823 4565 cum
2865 4520 3069 4579 posset,
3105 4511 3156 4563 id
3189 4511 3329 4576 quod
3365 4511 3481 4563 edi-

1914 4621 2021 4660 tmn
2055 4618 2167 4661 erat
2197 4621 2438 4666 servare,
2475 4605 2602 4657 illml
2645 4603 2899 4672 neglexit,
2935 4612 2993 4655 ut
3024 4611 3302 4668 peceatum
3336 4603 3479 4656 cela-

1911 4705 2010 4758 ret,
2046 4694 2210 4766 (forte
2257 4708 2490 4762 namque
2530 4707 2595 4744 ex
2648 4690 3024 4754 fornicatione,
3071 4690 3156 4744 vel
3217 4692 3490 4744 adulterio

1909 4785 2252 4854 conceperat)
2284 4786 2364 4838 vel
2393 4767 2552 4839 etiam
2584 4793 2795 4852 partum
2818 4782 3180 4836 inhumaniter
3225 4792 3277 4835 et
3307 4781 3485 4834 ferino

1911 4894 2058 4933 more
2087 4877 2440 4944 contempsit;
2489 4891 2618 4930 usus
2647 4885 2731 4929 est
2775 4888 2937 4942 porro
2969 4875 3068 4927 hac
3100 4871 3348 4933 formula,
3379 4870 3484 4941 [fe-

1909 4972 2027 5025 rino
2049 4967 2222 5040 more]
2244 4977 2300 5021 ut
2320 4967 2696 5022 crudelitatem
2728 4965 3100 5032 saevitiamque
3125 4963 3477 5029 signiﬁcaret.

1908 5063 2014 5118 Nec
2046 5064 2188 5116 enim
2218 5059 2455 5116 ferarum
2484 5061 2583 5114 iste
2619 5073 2734 5113 mos
2757 5068 2862 5121 est,
2895 5059 2986 5111 sed
3021 5057 3107 5111 ubi
3152 5063 3480 5124 pepererunt

1906 5155 2252 5209 sedulitatem
2301 5155 2352 5205 in
2408 5152 2606 5206 catulis
2659 5151 2773 5203 suis
2841 5148 3145 5202 nutriendis
3199 5145 3472 5206 adhibent,

1905 5246 2196 5315 foventque
2221 5255 2277 5300 et
2294 5245 2445 5298 alunt
2468 5243 2637 5306 fetus,
2659 5257 2719 5294 ae
2740 5257 2837 5310 pro
2861 5241 2924 5293 iis
2945 5237 3180 5308 pericula
3201 5236 3427 5290 subeunt
3457 5251 3469 5292 ξ

1904 5340 2169 5408 siquidem
2207 5337 2390 5406 igitur,
2425 5336 2501 5388 ait
2558 5336 2657 5388 hac
2689 5315 2901 5387 ratione
2943 5339 3157 5399 partum
3196 5340 3350 5380 suum
3377 5339 3476 5377 ne-

1903 5431 2092 5499 glexit,
2127 5438 2381 5499 tanquam
2412 5426 2688 5482 homicidii
2717 5439 2806 5479 rea
2835 5425 3138 5477 damnetur.
3170 5417 3263 5472 Sin
3295 5425 3475 5470 autem

1905 5523 2072 5577 voluit
2104 5521 2190 5575 illa
2237 5521 2451 5590 quidem
2512 5533 2729 5571 servare
2783 5515 3064 5574 infantem,
3109 5517 3474 5565 verumtamen

1905 5613 2042 5666 haud
2067 5611 2259 5680 potuit,
2299 5609 2442 5678 quod
2476 5609 2528 5661 in
2560 5607 2790 5662 desertis
2834 5603 2965 5656 locis
3007 5601 3369 5669 deprehensa,
3414 5614 3476 5651 ac

1907 5705 2068 5760 rebus
2096 5702 2415 5759 necessariis
2445 5702 2701 5756 desdtuta
2735 5707 2900 5760 esset,
2929 5705 3018 5750 aut
3043 5696 3111 5750 ob
3147 5705 3349 5749 metum
3379 5691 3476 5744 aii-

1910 5809 2092 5863 qucm,
2125 5795 2264 5851 forte
2293 5796 2508 5862 impune
2538 5792 2691 5845 feret.
