4006 6506
524 312 636 378 743

1779 309 1878 368 TI]
1893 308 2058 369 EOD.
2093 307 2489 366 DALSAMON
3675 320 3762 382 744

595 422 749 492 ιιι
779 418 1006 476 ARIST.
1036 419 1166 485 Qua:
1193 429 1411 488 propter
1435 418 1773 472 solitudinem
1801 432 1892 472 aut
1918 434 2093 472 rerum

2291 415 2517 470 ΑΡῘΣΤ.
2563 417 2630 473 Ἠ
2666 419 2987 491 ἁμελήσισα
3022 424 3113 476 τοῦ
3152 426 3433 495 κυήματος
3455 428 3525 480 δι’
3566 430 3767 500 ἐρημίιν

521 511 952 577 ιιοεεεειιῐίιτιιιιι
1002 511 1236 578 inopiam
1316 509 1482 562 fctum
1551 509 1782 576 neglexit
1851 508 2099 564 criminis

515 620 713 676 expers
734 613 836 658 88'-

1111 693 1196 749 CA
1206 693 1340 749 NON
1379 693 1508 747 LIII.

525 789 692 844 \‘idua
725 789 914 842 ancilla
950 790 1085 842 forte
1119 802 1225 840 non
1261 786 1488 840 multmu
1521 785 1670 851 lapsa
1695 794 1800 849 est,
1853 799 1970 854 quae
1998 784 2098 839 sub

597 893 779 948 raptus
813 880 1181 945 simulatione,
1210 881 1505 934 secundum
1541 879 1953 932 matrimonium
1997 877 2096 933 eli-

591 976 688 1042 git.
709 972 1066 1038 Quamobrem
1091 987 1209 1026 eam
1235 973 1301 1025 de
1324 971 1417 1025 illo
1438 985 1693 1025 accusare
1715 985 1817 1023 non
1846 980 2094 1038 oportet:

592 1080 767 1134 neque
818 1065 965 1118 enim
1019 1063 1290 1118 simulatio
1345 1062 1640 1132 judicatur,
1697 1062 1788 1114 sed
1822 1060 2095 1114 voluntas.

595 1157 814 1210 Clarum
867 1165 951 1210 est
981 1165 1161 1209 autem
1211 1157 1352 1223 quod
1399 1153 1544 1207 illam
1583 1162 1766 1206 manet
1812 1166 1968 1219 paena
2016 1151 2098 1204 di-

589 1249 796 1314 gumiae.

592 1337 785 1390 BALS.
821 1336 1049 1399 Ancilla,
1083 1336 1254 1400 inquit
1301 1343 1541 1396 sanctus,
1596 1333 1752 1385 vidua
1799 1343 1854 1385 et
1888 1340 2074 1384 volens

518 1430 733 1498 qnidem
771 1429 1065 1482 secundum
1118 1426 1518 1478 matrimonium
1565 1422 1908 1484 contrahere,
1956 1421 2096 1476 forte

521 1531 701 1573 autem
748 1535 815 1571 ne
851 1519 949 1571 hoc
1003 1517 1166 1570 faciat
1216 1515 1510 1577 retardata,
1559 1523 1838 1583 propterea
1886 1513 2028 1581 quod
2063 1528 2092 1565 a

521 1613 635 1665 suis
665 1612 790 1664 ﬁliis
812 1611 893 1664 vel
922 1625 948 1662 a
973 1609 1162 1678 primis
1186 1608 1421 1676 eonjngii
1445 1610 1691 1675 cognatis
1722 1607 2092 1670 damnaretur,

518 1712 574 1754 et
607 1710 890 1768 propterea
949 1715 1008 1752 se
1054 1708 1260 1766 raptam
1307 1698 1474 1750 fuisse
1525 1711 1634 1765 prae
1678 1710 1735 1749 se
1786 1695 1964 1748 ferens
1999 1710 2094 1763 per

522 1794 758 1844 futurum
808 1791 1114 1858 coniugem.
1162 1788 1406 1841 accusari
1452 1803 1560 1840 non
1601 1794 1795 1854 petest,
1830 1786 1954 1855 quia
1987 1801 2091 1839 nou
2127 1802 2168 1858 Β

519 1893 604 1938 est
641 1896 796 1936 verus
847 1892 1055 1949 raptus,
1084 1880 1177 1934 scd
1225 1881 1429 1933 velatus
1477 1880 1576 1933 sub
1632 1878 1853 1932 secundi
1906 1880 2095 1932 matri-

521 1975 691 2028 monii
751 1984 1032 2042 pttetextu.
1096 1971 1333 2041 Equum
1393 1982 1478 2025 est
1530 1984 1711 2024 autem
1768 1973 2093 2026 neminema

521 2071 778 2132 praztextn
815 2079 905 2118 seu
931 2063 1278 2116 simulatione
1302 2063 1567 2123 damnari,
1594 2065 1685 2116 sed
1710 2076 1775 2115 ex
1808 2062 2094 2115 affectione

521 2169 575 2210 et
600 2156 894 2213 voluntate.
925 2157 1104 2220 Quare
1140 2156 1181 2208 si
1212 2169 1316 2206 non
1370 2155 1591 2207 suberat
1638 2154 1860 2207 secundi
1909 2154 2096 2206 matri-

523 2247 688 2300 monii
725 2252 880 2309 ratio,
925 2248 1018 2299 sed
1055 2255 1276 2313 propter
1306 2245 1717 2298 forniCatiouem
1774 2260 1833 2298 se
1887 2255 2090 2312 raptam

521 2353 644 2392 e~se
672 2337 964 2398 simulavit,
1001 2346 1057 2387 ut
1104 2353 1220 2403 qum
1270 2335 1532 2388 fornicata
1565 2334 1637 2387 sit
1682 2336 1958 2402 puniatur.
1999 2333 2091 2386 Vi-

525 2435 684 2480 duam
726 2438 903 2479 autem
938 2443 1002 2479 ne
1027 2427 1224 2480 dixerit
1248 2442 1369 2479 csse
1405 2437 1457 2477 et
1486 2426 1762 2486 ancillam,
1796 2425 1888 2477 sed
1930 2423 2095 2477 fuisse

523 2519 741 2586 quidem
778 2518 1066 2586 aliquando
1101 2517 1371 2579 ancillam,
1425 2532 1567 2569 nunc
1620 2525 1798 2568 autem
1842 2515 2091 2569 liberam.

524 2611 637 2676 Ipsa
669 2609 811 2659 enim
863 2617 1042 2674 potest
1079 2607 1309 2671 primum
1359 2614 1410 2659 et
1444 2604 1736 2658 secundum
1768 2603 2095 2657 contrahere

527 2699 949 2758 matrimonium,
1009 2697 1231 2749 scduon
1293 2697 1508 2757 ancilla,
1563 2712 1680 2758 quae
1739 2714 1767 2747 ιι
1827 2695 1940 2764 lege
1989 2710 2093 2749 non

526 2789 890 2856 cognmcitur,
924 2797 973 2838 et
1026 2801 1053 2838 a
1094 2786 1350 2851 legitimis
1391 2789 1783 2837 contractibus.
1831 2785 2094 2849 Quoniam

525 2889 703 2932 autem
739 2877 998 2942 nonnulli,
1034 2891 1236 2928 ratione
1260 2877 1322 2925 ad
1359 2877 1604 2926 ancillam
1645 2878 1910 2936 traducto,
1945 2877 2094 2929 dixe-

527 2977 650 3019 runt
678 2968 818 3035 quod
847 2977 966 3032 post
1001 2967 1310 3018 simulatum
1346 2975 1552 3031 raptum
1577 2965 1831 3018 dominus
1859 2966 2096 3018 secundo

527 3059 868 3110 matrimonio
901 3057 1106 3118 annuit,
1141 3065 1190 3106 et
1244 3057 1322 3106 sic
1369 3071 1581 3122 quoque
1631 3055 1860 3108 fortasse
1909 3054 2093 3108 existi-

2205 507 2235 577 ἢ
2267 508 2506 580 ἀπορίαν
2536 510 2643 564 τῶν
2675 513 2998 583 ἐπιτηδείων
3029 516 3348 581 ἀνεύθυνος.

2790 690 3030 743 ΚΔΝΩΝ
3070 691 3196 746 Nl“.

2215 775 2277 832 'H
2310 780 2455 848 χήρα
2484 777 2644 850 δούλη
2674 782 2816 848 τάχα
2845 782 2904 832 ού
2939 781 3084 849 μέγα
3113 783 3374 836 ἔπταισεν
3407 784 3643 853 ἑλομένη
3668 785 3766 837 δεύ-

2270 885 2429 938 τερον
2479 870 2661 938 γάμον
2711 871 2767 921 ἐν
2819 873 3058 938 σχήματι
3106 874 3386 941 ἁρπαγῆς.
3419 875 3594 929 Ὥστε
3639 876 3765 928 οὐδὲν

2271 958 2464 1012 τούτου
2501 961 2689 1013 ἕνεκεν
2727 961 3079 1026 ἐγκαλεῖσθαι
3119 966 3248 1032 χρή.
3287 966 3363 1017 Οὐ
3406 967 3518 1034 γὰρ
3555 965 3628 1019 τὰ
3661 966 3770 1034 σχή-

2275 1069 2423 1122 ματα
2453 1054 2717 1122 κρίνεται,
2751 1054 2866 1105 ἀλλ’
2892 1059 2924 1123 ἡ
2958 1057 3299 1124 προαίρεσις.
3329 1058 3503 1126 Δῆλον
3532 1057 3594 1111 δὲ
3621 1059 3696 1111 ὅτι
3721 1057 3768 1108 τὸ

2273 1145 2373 1210 τῆς
2403 1144 2666 1213 διγαμίας
2700 1145 2854 1213 μένει
2886 1147 3022 1216 αὐτῇ
3057 1147 3356 1216 ἐπιτίμιον.

2273 1322 2561 1375 ΒΑΛΣ.Ἦ
2588 1322 2772 1392 δούλη,
2804 1325 2967 1391 φηοῖν
2993 1326 3020 1376 ό
3051 1325 3224 1392 ἆγιος,
3258 1326 3292 1394 ἡ
3323 1325 3666 1395 χηρεύσασα,
3696 1333 3772 1377 καὶ

2201 1412 2430 1466 θέλουσα
2464 1415 2563 1482 μὲν
2589 1415 3098 1483 δευτερογαμῆσαι,
3132 1417 3261 1479 ίσως
3293 1417 3350 1469 δὲ
3385 1418 3771 1485 συστελλομένη

2197 1503 2357 1556 τοῦτο
2386 1505 2608 1571 ποιῆσαι
2635 1506 2722 1558 διὰ
2747 1505 2843 1576 τὴν
2871 1507 2975 1558 ἀπὸ
3001 1508 3107 1558 τῶν
3135 1508 3352 1560 οἰκείων
3383 1508 3613 1566 παίδων.
3641 1509 3670 1577 ἦ
3697 1510 3775 1560 καὶ

2197 1596 2305 1647 τῶν
2338 1598 2400 1648 ἐκ
2432 1597 2524 1649 τοῦ
2561 1599 2777 1665 πρώτου
2816 1599 3153 1650 συνοικεσΕου
3190 1600 3474 1666 συγγενῶν
3510 1601 3774 1666 κατάγνωο

2201 1705 2306 1748 σιν,
2343 1689 2435 1742 καὶ
2473 1690 2916 1758 σχηματιζομένη
2958 1691 3047 1742 διὰ
3080 1691 3241 1743 τοῦτο
3283 1691 3608 1760 ἀρπαγῆναι
3645 1689 3773 1758 παρὰ

2199 1780 2291 1832 τοῦ
2327 1780 2726 1848 μελλοσυζύγου
2747 1822 2760 1846 ,
2791 1783 3175 1844 ἀκαταιτίατός
3202 1785 3319 1834 ἐστι
3341 1797 3356 1813 ⁸
3384 1783 3522 1836 διότι
3545 1783 3643 1835 οὐκ
3666 1783 3776 1847 ἀλη-

2199 1871 2294 1939 θὴς
2330 1871 2551 1937 γέγονεν
2586 1872 2829 1942 ἁρπαγὴ,
2865 1874 3003 1925 ἀλλά
3041 1875 3496 1943 ἐσχηματισμένη
3537 1874 3625 1926 διὰ
3663 1874 3775 1942 πρόο

2199 1977 2361 2028 φασιν
2395 1960 2854 2029 δευτερογαμίας.
2890 1962 3111 2015 Δίκαιον
3148 1964 3204 2014 δέ
3244 1964 3361 2014 ἐστι
3407 1963 3483 2031 μὴ
3531 1961 3776 2028 κατακρίο

2198 2049 2390 2102 νεσθαί
2413 2067 2535 2103 τινα
2560 2051 2668 2102 ἀπὸ
2698 2053 2979 2120 σχήματος
3007 2055 3097 2104 καὶ
3128 2053 3496 2121 ὑποκρίσεως,
3525 2052 3659 2106 ἀλλὰ
3683 2051 3777 2101 ἀπὸ

2196 2142 2489 2204 διαθέσεως
2525 2143 2616 2195 καὶ
2652 2143 3048 2212 προαιρέσεως.
3075 2145 3242 2195 Ὥστε
3277 2145 3324 2195 εἰ
3362 2143 3438 2214 μὴ
3477 2145 3725 2195 ὑπέκειτο
3756 2143 3780 2190 ό

2194 2232 2353 2300 λόγος
2385 2238 2484 2304 τῆς
2520 2234 2951 2305 δευτερογαμξας
2975 2278 2988 2300 ,
3025 2238 3162 2289 ἀλλά
3192 2238 3279 2290 διὰ
3317 2241 3580 2308 πορνείαν
3611 2239 3778 2307 ἁρπα-

2196 2323 2360 2390 γῆναι
2397 2326 2836 2393 ἐσχηματίσατο,
2869 2329 2943 2388 ώς
2978 2327 3329 2393 πορνεύσασα
3379 2328 3448 2381 ἂν
3499 2328 3778 2393 ἐκολάσθη.

2196 2415 2306 2484 Τὴν
2338 2417 2514 2484 χήραν
2547 2416 2601 2466 δὲ
2634 2417 2709 2486 μὴ
2740 2419 2897 2486 εἴπῃς
2930 2415 3072 2470 εἶναι
3101 2421 3196 2470 καὶ
3227 2420 3424 2488 δούλην
3458 2461 3475 2482 ,
3507 2420 3645 2473 ἀλλὰ
3673 2421 3783 2472 δού-

2197 2506 2296 2572 λην
2327 2507 2426 2572 μὲν
2455 2503 2596 2558 εἷναί
2630 2525 2759 2560 ποτε
2780 2548 2795 2572 ,
2829 2508 3028 2576 ἀρτίως
3065 2510 3122 2561 δὲ
3155 2509 3470 2578 ἐλευθέραν.
3503 2511 3653 2581 Αὕτη
3683 2509 3782 2576 γὰρ

2196 2599 2420 2652 δύναται
2449 2601 2664 2668 πρῶτόν
2687 2617 2744 2651 τε
2772 2602 2864 2651 καὶ
2888 2601 3142 2669 δεύτερον
3167 2603 3558 2656 συναλλάττειν
3582 2604 3749 2670 γάμον
3768 2616 3780 2629 ⁸

2197 2692 2257 2742 οὺ
2304 2692 2408 2762 μὴν
2446 2694 2478 2760 ὴ
2519 2692 2678 2756 δούλη
2719 2695 2751 2762 ἠ
2786 2695 3211 2761 ἀνεπιγνώστως
3244 2695 3320 2762 τῷ
3363 2695 3518 2764 νόμῳ
3561 2698 3652 2748 καὶ
3682 2698 3785 2755 τοτς

2198 2783 2454 2852 νομίμοις
2483 2785 2952 2854 συναλλάγμασιν.
2985 2785 3146 2839 Ἐπεὶ
3169 2787 3226 2837 δέ
3267 2803 3412 2849 τινες
3439 2788 3783 2858 ὲκλαίόμενοι

2197 2876 2287 2926 τὸν
2328 2877 2526 2929 κανόνα
2568 2879 2648 2940 είς
2687 2878 2883 2944 δούλην
2918 2873 3073 2929 εἷπον
3107 2879 3189 2930 ὅτι
3234 2879 3375 2946 μετά
3415 2881 3519 2947 τὴν
3556 2882 3786 2948 ἐσχημα-

2197 2967 2456 3031 τισμένην
2489 2969 2742 3036 ἁρπαγὴν
2771 2969 3030 3020 ἐπένευσε
3059 2969 3136 3037 τῷ
3173 2971 3413 3039 δευτέρῳ
3447 2973 3616 3040 γάμῳ
3651 2974 3675 3023 ό
3707 2971 3783 3021 δε-

2199 3059 2401 3127 σπότης
2421 3099 2433 3118 ,
2462 3062 2554 3110 καὶ
2582 3059 2723 3110 οὕτω
2749 3060 2885 3128 τάχα
2914 3060 3168 3127 ἐνόμισαν
3191 3060 3290 3129 τὴν
3315 3065 3581 3129 πορνείαν
3602 3065 3782 3130 διαφυ-

527 3159 738 3201 marunt
760 3149 1166 3200 fornicationem
1196 3147 1450 3216 effugere,
1480 3159 1728 3214 tanquam
1753 3147 2093 3200 matrimonio

2203 3147 2340 3210 γεῖν,
2371 3145 2445 3206 ὡς
2475 3145 2814 3213 κυρωθέντος
2844 3145 2936 3198 τοῦ
2970 3148 3148 3215 γάμου
3178 3128 3268 3201 διὰ
3298 3150 3398 3216 τῆς
3434 3128 3782 3213 συνα;νέσεως

526 3252 624 3305 per
672 3238 873 3289 domini
927 3253 1246 3289 consensum
1302 3236 1642 3299 conﬁrmato,
1680 3237 1898 3289 audiant
1951 3237 2093 3304 quod

525 3329 780 3394 quoniam
819 3327 1048 3393 primum
1096 3327 1493 3379 matrimonium
1534 3326 1729 3379 lactum
1763 3339 1844 3381 est
1893 3328 2099 3381 ancillas

525 3434 646 3472 cum
675 3420 865 3477 libero,
901 3432 1026 3470 tunc
1055 3430 1230 3468 autem
1283 3419 1588 3472 necessario
1617 3435 1830 3487 quoque
1864 3434 2099 3473 cottsen-

527 3527 615 3563 sus
641 3511 844 3562 domini
881 3521 1201 3561 t0ltset'tlltts
1234 3520 1336 3569 est,
1372 3522 1448 3561 est
1492 3525 1976 3576 supervacaneum,
2011 3513 2095 3564 vel

528 3601 702 3668 potius
735 3615 838 3652 non
869 3599 1286 3660 admittendum,
1321 3610 1374 3650 ιιι
1409 3610 1738 3666 supponatur
1785 3615 1902 3651 eam
1940 3601 2101 3655 luisse

529 3692 778 3744 ancillam
821 3702 1058 3751 tempore
1107 3692 1338 3741 simulati
1370 3701 1571 3753 raptus.
1623 3691 1662 3741 A
1725 3692 1899 3757 printn
1953 3693 2097 3745 enim

529 3783 890 3842 matrimonio,
919 3781 1054 3846 quod
1083 3782 1283 3832 domini
1312 3796 1574 3833 ροιιειειιευ
1626 3781 1822 3857 factum
1858 3793 1937 3833 est
1957 3822 1971 3844 ,
1999 3797 2096 3834 an-

527 3871 648 3923 cilla
709 3872 867 3923 tacite
927 3871 1090 3921 libera
1145 3880 1246 3931 est,
1311 3886 1407 3922 nec
1467 3871 1698 3938 amplius
1753 3886 1883 3938 Opus
1917 3872 2100 3924 habuit

526 3978 790 4016 consensu
826 3963 937 4026 ejus
990 3963 1077 4029 qui
1132 3962 1230 4014 luit
1279 3961 1567 4028 aliquando
1608 3962 1877 4024 dominus,
1910 3964 1974 4015 ad
2009 3978 2096 4017 se-

529 4052 760 4104 cundum
799 4053 1221 4104 matrimonium.
1257 4052 1672 4119 Interrogaverit
1720 4064 1897 4106 autem
1945 4053 2100 4121 quis-

532 4143 694 4207 piam,
745 4158 862 4196 cum
899 4144 1038 4206 leges
1063 4150 1112 4192 et
1150 4157 1401 4202 canones,
1459 4143 1908 4208 quemadmodum
1959 4156 2097 4206 saepe

530 4233 731 4285 dictum
762 4243 865 4296 est,
903 4249 1004 4285 non
1040 4233 1352 4298 permittant
1386 4243 1442 4284 ut
1474 4243 1715 4296 raptores
1752 4233 1918 4298 raptis
1970 4233 2098 4300 legi-

529 4333 658 4383 time
687 4331 1080 4397 coujuugantur
1105 4368 1119 4386 .
1151 4327 1360 4380 etiamsi
1390 4339 1665 4394 raptarum
1702 4327 1973 4380 voluntate
2005 4328 2096 4380 liat

2200 3234 2289 3285 τοῦ
2319 3235 2576 3288 δεσπότου
2599 3253 2610 3265 ο
2640 3237 3031 3291 ἀκουσάτωσαν
3058 3241 3159 3304 ὄτι,
3189 3242 3311 3294 ἐπεὶ
3336 3243 3572 3312 πρώτως
3600 3245 3780 3310 γέγονε

2203 3325 2376 3391 γάμος
2401 3326 2496 3393 τῆς
2526 3325 2716 3388 δούλης
2751 3327 2884 3393 μετὰ
2914 3328 3220 3399 ἐλευθέρου,
3253 3332 3311 3398 ἐξ
3342 3335 3593 3401 ἀνάγκης
3618 3334 3667 3385 δὲ
3690 3349 3781 3400 τη-

2200 3413 2425 3465 νικαῦτα
2453 3415 2547 3466 καὶ
2576 3415 2879 3480 συναίνεσις
2905 3419 2997 3470 τοῦ
3025 3418 3285 3473 δεσπότου
3315 3423 3778 3493 παρηκιλούθησε,

2201 3507 2477 3574 περιττὸν,
2511 3507 2710 3574 μᾶλλον
2735 3509 2790 3559 δὲ
2818 3510 3130 3564 ἀνένδεκτόν
3158 3513 3276 3565 ἐστι
3308 3514 3369 3566 τὺ
3395 3514 3778 3585 θεματισθῆναι

2200 3598 2342 3647 κατὰ
2370 3598 2458 3648 τὸν
2493 3597 2681 3663 καιρὸν
2711 3600 2808 3665 τῆς
2839 3600 3325 3672 ὲσχηματισμένης
3359 3607 3618 3676 ἁρπαγῆς
3646 3605 3779 3658 εῐναι

2199 3687 2367 3753 αὐτὴν
2413 3687 2623 3755 δούλην.
2661 3689 2792 3740 Ἀπὸ
2843 3689 2949 3761 γὰρ
2996 3691 3090 3743 τοῦ
3139 3694 3362 3762 πρώτου
3413 3698 3595 3765 γάμου
3645 3702 3779 3752 κατά

2203 3781 2506 3832 συναίνεσιν
2534 3779 2623 3830 τοῦ
2655 3781 2916 3834 δεσπότου
2947 3785 3241 3853 γενομένου
3273 3787 3623 3860 ἠλευθερώθη
3655 3808 3774 3842 σιω-

2202 3871 2392 3940 πηρώς
2422 3872 2452 3938 ή
2480 3870 2660 3940 δούλη,
2693 3873 2789 3923 καὶ
2815 3873 2915 3925 οὐκ
2942 3875 3118 3926 ἑδέέτο
3150 3878 3515 3943 συναινέσεως
3536 3883 3625 3934 τοῦ
3655 3899 3778 3934 ποτε

2201 3959 2461 4010 δεσπότου
2512 3961 2603 4010 ἐπὶ
2656 3961 3078 4032 δευτερογαμίᾳ.
3125 3965 3435 4037 Ἐρωτήσει
3483 3971 3537 4023 δέ
3583 3989 3662 4032 τις
3704 3972 3779 4032 ὡς

2200 4051 2306 4102 τῶν
2337 4053 2518 4116 νόμων
2550 4053 2640 4103 καὶ
2670 4051 2774 4102 τῶν
2807 4056 3077 4117 κανόνων,
3113 4057 3293 4119 καθὼς
3329 4061 3601 4130 διαςόρως
3631 4064 3779 4130 εἴρη-

2201 4161 2307 4204 ται,
2342 4145 2414 4212 μὴ
2443 4145 2922 4213 παραχωρούντων
2949 4151 3075 4210 τοὺς
3104 4148 3363 4219 ἅρπαγας
3390 4155 3633 4224 νομίμως
3660 4171 3781 4207 σον-

2203 4233 2471 4285 ἁπτεσθαι
2507 4239 2625 4297 ταῖς
2665 4238 3066 4304 ἁρπαγείσαις,
3104 4242 3207 4293 xiv
3243 4245 3388 4296 κατά
3432 4245 3643 4313 θέλησιν
3675 4244 3781 4296 τῶν

2204 4325 2555 4388 ἁρπχγεισῶν
2591 4329 2620 4390 ἡ
2661 4329 2885 4396 ἁρπαγὴ
2922 4331 3134 4396 γέγονε,
3174 4333 3290 4393 πῶς
3325 4338 3352 4385 ὁ
3389 4336 3576 4404 παρὼν
3608 4334 3780 4387 κανών

530 4430 732 4487 raptus,
761 4420 1028 4486 quomodo
1060 4418 1189 4469 dicit
1220 4432 1450 4485 prtesens
1485 4433 1653 4469 canon
1681 4432 1710 4469 a
1744 4428 1896 4484 raptu
1930 4418 2095 4471 simu-

2204 4431 2367 4481 φησιν
2404 4417 2510 4466 ἀπὸ
2546 4417 2640 4482 τῆς
2678 4419 3165 4487 ἐσχηματισμένης
3203 4421 3468 4491 ἁρπαγῆς
3504 4427 3576 4493 μὴ
3611 4428 3779 4492 ἐμπο-

528 4513 636 4564 Iato
670 4526 770 4563 n0n
803 4511 1046 4577 impctliri
1082 4507 1374 4561 secundum
1407 4508 1831 4560 matrimonium.
1856 4507 1965 4562 Sol.
2000 4507 2098 4563 Hic

530 4611 715 4668 raptus
749 4617 776 4652 a
811 4601 924 4652 viro
953 4600 1128 4653 factus
1180 4615 1283 4651 non
1337 4608 1442 4661 est,
1495 4614 1590 4651 nec
1637 4599 1740 4650 ulla
1777 4601 1941 4665 actio,
1983 4615 2100 4669 quae

529 4703 736 4757 raptum
771 4695 1084 4753 consntual,
1116 4691 1209 4741 sed
1256 4689 1445 4742 mulier
1476 4704 1592 4756 quae
1621 4689 1831 4742 volebat
1861 4691 2096 4744 secundo

530 4784 750 4842 nubere,
821 4797 876 4834 sc
925 4793 1126 4848 raptam
1162 4780 1327 4833 fuisse
1358 4782 1627 4834 simulavit
1657 4791 1871 4848 propter
1910 4797 2098 4836 causas

530 4872 700 4924 dictas
732 4872 999 4939 superius.
1042 4871 1094 4922 Si
1135 4872 1276 4922 enim
1316 4883 1500 4937 raptus
1531 4874 1751 4925 omnino
1790 4872 1962 4927 factus
1991 4884 2096 4938 est,

531 4975 629 5012 nec
664 4960 1066 5012 matrimonium
1093 4960 1307 5025 quidem
1340 4961 1484 5012 inter
1515 4977 1607 5014 cos
1647 4961 1966 5027 intercedet,
2003 4963 2094 5014 sed

533 5062 825 5118 raptorum,
879 5060 931 5103 ct
985 5049 1372 5103 fornicatorum
1423 5052 1594 5118 poenis
1649 5055 1870 5106 omnino
1925 5054 2093 5122 subji-

530 5153 725 5191 ('IC‘IIUI.

600 5227 849 5280 ZONAR.
879 5230 1107 5292 Ancilla,
1131 5245 1249 5280 cum
1277 5230 1431 5282 vidua
1469 5243 1627 5298 esset,
1654 5249 1681 5286 a
1708 5236 1936 5302 quodam
1964 5233 2100 5288 forte

533 5320 744 5373 fortuna
781 5331 927 5388 rapta
977 5319 1097 5374 fuit.
1133 5321 1204 5374 Ea
1249 5338 1372 5375 vero
1408 5338 1464 5377 sc.
1511 5337 1703 5393 spome
1740 5328 1935 5393 raptori
1981 5340 2091 5378 tra-

529 5411 683 5474 didit,
715 5423 770 5464 et
800 5427 918 5464 cum
955 5426 1020 5465 eo
1051 5412 1287 5482 legitime
1335 5414 1684 5470 matrimonio
1717 5427 1796 5470 est
1827 5418 2093 5484 copulata.

529 5501 772 5554 Allirmat
806 5503 965 5570 igitur
1001 5503 1085 5554 ltic
1116 5520 1338 5570 magnus
1374 5504 1552 5571 Pater,
1586 5508 1850 5574 ejusmodi
1909 5508 2092 5562 mulie-

533 5605 641 5642 rem
679 5595 941 5646 secuudas
967 5595 1190 5661 elegisse
1222 5597 1454 5663 nuptias,
1504 5613 1596 5666 per
1645 5608 1825 5666 raptus
1869 5598 2094 5650 simula-

531 5680 752 5745 tionem,
788 5681 927 5735 hunc
953 5697 1113 5750 porro
1147 5696 1356 5753 raptum
1394 5688 1539 5756 nupti
1565 5703 1701 5739 :rum
1734 5703 1892 5741 causa
1933 5689 2099 5740 simu-

2203 4505 2443 4567 δίζεσθ;.ι
2490 4508 2584 4577 τὴν
2630 4508 3100 4578 δευτερογαμίαν;
3149 4514 3367 4579 Λύσις.
3417 4516 3672 4568 Ἐνταῦθα
3716 4518 3776 4567 οὗ

2202 4600 2422 4666 γέγονεν
2461 4602 2683 4671 ἁρπαγὴ
2731 4604 2879 4672 παρὰ
2913 4605 3006 4656 τοῦ
3048 4605 3261 4674 ἀνδρὸς,
3302 4607 3426 4660 οὐδέ
3466 4628 3548 4672 τις
3590 4611 3779 4677 πρᾶξις

2202 4687 2298 4756 τὴν
2345 4689 2598 4759 ἁρπαγὴν
2646 4695 3041 4760 συγκροτοῦσα,
3092 4695 3228 4746 ἀλλὰ
3277 4699 3308 4765 ή
3358 4701 3517 4770 γυνὴ,
3561 4701 3778 4751 θέλουσα

2203 4783 2301 4845 τὴν
2329 4778 2781 4849 δευτερογαμίαν,
2817 4785 3225 4852 ὲσχηματίσατο
3256 4788 3356 4858 τὴν
3388 4791 3640 4858 ἁρπαγὴν
3689 4791 3778 4841 διὰ

2203 4869 2300 4928 τὰς
2345 4867 2562 4927 ἄνωθεν,
2590 4869 2844 4937 ῥηθείσας
2889 4872 3088 4936 αἰτίας.
3133 4875 3193 4926 Ei
3240 4876 3350 4944 γὰρ
3392 4879 3528 4941 ὅλως
3569 4883 3780 4946 γέγονεν

2204 4955 2424 5022 ἁρπαγὴ
2453 4954 2574 5008 οὔτε
2605 4959 2783 5027 γάμος
2815 4959 2881 5011 ἂν
2915 4963 3142 5032 συνέστη
3191 4965 3358 5033 μέσον
3410 4968 3618 5018 αὐτῶν·
3649 4965 3780 5016 ἀλλά

2204 5047 2295 5095 καὶ
2323 5048 2430 5106 τοῖς
2465 5049 2591 5112 περὶ
2617 5049 2725 5100 τῶν
2756 5050 3116 5119 ἁρπαζόντων
3145 5055 3237 5107 καὶ
3271 5057 3638 5124 πορνευόντων
3664 5058 3778 5108 ἐπ.-

2201 5137 2398 5201 τιμίοις
2430 5138 2491 5189 ἂν
2523 5139 2812 5195 ὑπέπεσον.

2270 5227 2507 5281 ΖΩΝΛΡ.
2542 5231 2711 5300 Δούλη
2742 5233 3056 5302 χηρεύσασα
3085 5236 3312 5306 ἡρπάγη
3340 5238 3505 5306 δῆθεν
3534 5239 3676 5307 παρά
3701 5256 3776 5291 τι-

2204 5334 2287 5375 νος
2313 5334 2321 5344 ’
2353 5320 2383 5386 ἡ
2412 5321 2465 5371 δὲ
2493 5322 2694 5374 ἑκοῦσα
2721 5324 2918 5392 ἑαυτὴν
2948 5326 3189 5377 ἐπέδωκε
3216 5328 3293 5395 τῷ
3321 5329 3626 5397 ἁρπάσαντι
3644 5370 3658 5391 ,
3686 5329 3772 5378 καὶ

2204 5408 2519 5478 συνῴκησεν
2554 5412 2701 5480 αὑτῴ
2737 5416 3001 5482 νομίμως.
3039 5416 3206 5483 Λέγει
3240 5414 3336 5470 οὖν
3367 5422 3396 5472 ό
3433 5423 3599 5490 μέγας
3629 5415 3772 5479 οὗτος

2205 5501 2392 5571 Πατὴρ
2428 5503 2508 5553 ὅτι
2543 5503 2792 5572 δεύτερον
2827 5506 2996 5557 εἰλετο
3023 5508 3200 5574 γάμον
3234 5511 3265 5577 ἡ
3298 5511 3544 5582 τοιαύτη,
3573 5530 3770 5581 σχημα-

2202 5593 2467 5659 τισαμένη
2500 5596 2596 5661 τὴν
2628 5595 2882 5664 ἁρπαγήν
2906 5612 2918 5625 ’
2952 5599 3042 5647 καὶ
3073 5600 3170 5667 τὴν
3204 5601 3463 5671 ἁρπαγὴν
3491 5605 3544 5654 δὲ
3577 5602 3658 5653 διὰ
3687 5600 3768 5648 τὸν

2203 5684 2380 5752 γάμον
2402 5687 2836 5752 ἐσχηματίσατο.
2871 5686 2910 5736 Κ
2926 5687 3144 5755 ρίνομεν
3171 5689 3227 5741 δὲ
3256 5691 3315 5742 οὗ
3344 5693 3442 5762 τὴν
3468 5693 3766 5759 ὑπόκρισιν,
