4006 6472
506 348 606 409 75!
1785 350 2061 410 'I‘HEOD.
2096 349 2180 407 BA
2193 351 2494 412 LSAMON
3668 361 3785 425 752

577 460 803 512 AitlS'l'.
834 458 931 522 Qui
984 471 1038 510 se
1089 457 1391 508 latronibus
1430 456 1685 508 adversos
1707 456 1991 523 objiciunt,
2034 457 2072 510 si

2256 459 2481 515 ΑΡΙΣΤ.
2521 460 2581 513 Oi
2615 459 2732 522 τοίς
2765 460 2989 531 λῃσταῖς
3047 461 3487 532 ἀντεπεξιόντες,
3520 467 3622 534 ἔξω
3674 471 3784 540 μιν

510 556 619 606 sint
671 553 885 621 quidem
949 547 1481 610 extra-Eulrsiatn,
1534 549 1655 600 boui
1704 549 2082 602 communione

504 655 772 704 arcentur,
833 642 1015 693 clerici
1050 654 1174 692 vero
1205 639 1367 708 gradu
1418 639 1779 706 deponuntur.

577 734 802 795 Quando
833 730 1049 797 quidem
1093 729 1244 796 juxta
1284 727 1620 780 Dominicam
1666 742 1852 780 vocem
1897 727 2079 781 Omnis

498 829 584 890 qui
623 823 856 891 gladium
892 823 1084 888 accepit
1121 820 1298 889 gladio
1359 821 1543 885 peribit
1569 834 1586 870 :
1609 828 1662 870 et
1685 820 1773 887 qui
1804 834 1865 874 se
1912 821 2079 873 latro-

500 918 660 968 nibus
695 914 956 965 adversos
983 911 1268 978 objiciunt,
1317 924 1520 976 eosque
1567 909 1848 973 occidunt,
1887 923 2074 978 pcenas

498 1007 668 1058 luent.
715 1004 770 1056 Si
818 1004 938 1056 laici
965 1003 1182 1070 quidem
1234 1000 1364 1065 sint,
1416 1000 1717 1053 divinorum
1763 1015 2074 1054 sacramen-

500 1111 677 1151 torum
711 1095 1004 1166 participes
1028 1108 1132 1146 non
1168 1101 1353 1152 erunt.
1385 1091 1428 1144 si
1467 1090 1650 1144 clerici
1681 1100 1879 1156 autem,
1910 1092 2074 1160 depo-

501 1197 719 1242 tuentur.

1062 1272 1291 1330 CANON
1346 1273 1482 1329 LVI.

495 1370 595 1435 Qui
637 1384 729 1423 sua
759 1378 952 1438 sponte
979 1367 1270 1429 interfecit,
1313 1376 1367 1421 et
1393 1376 1576 1435 postea
1617 1367 1938 1436 paenitentia
1971 1367 2072 1420 dn-

564 1472 684 1514 ctus
713 1469 815 1523 est,
845 1460 1033 1529 viginti
1087 1459 1243 1511 annis
1284 1467 1630 1510 sat-ramento
1681 1472 1786 1511 non
1829 1473 2074 1512 cominu-

563 1551 785 1603 nicabit.
821 1548 1018 1619 Viginti
1065 1558 1244 1603 autem
1285 1547 1411 1601 anni
1459 1550 1537 1602 sic
1587 1549 1638 1602 in
1691 1564 1758 1603 eo
1797 1549 2074 1618 dispensa-

566 1644 785 1695 buntur.
826 1640 990 1693 Debet
1024 1650 1259 1708 quatuor
1300 1641 1458 1694 annis
1489 1641 1683 1695 deﬂere
1720 1649 1874 1695 stans
1919 1649 2071 1694 extra

562 1733 707 1787 fores
755 1731 1002 1792 oratorii,
1038 1741 1089 1785 et
1125 1730 1308 1785 ﬁdeles
1350 1731 1717 1799 ingredientes
1765 1746 1966 1801 rogans
2009 1740 2067 1785 ttt

567 1841 667 1893 pro
695 1839 759 1878 eo
789 1835 1098 1892 precentur,
1125 1837 1278 1876 suam
1330 1822 1668 1890 iniquitatem
1696 1823 2071 1891 pronuntians.

565 1915 692 1969 Post
717 1926 911 1985 quator
946 1925 1122 1968 autem
1148 1928 1318 1968 annos
1366 1913 1508 1967 inter
1539 1912 1812 1968 auditores
1845 1913 2074 1981 recipie-

565 2017 670 2073 tur,
697 2016 750 2062 et
781 2008 1021 2076 quinque
1062 2007 1218 2059 annis
1242 2022 1362 2059 cum
1402 2005 1533 2073 ipsis
1570 2005 1881 2075 egredietur
1916 2021 1930 2058 :
1988 2019 2072 2060 se-

563 2109 707 2167 ptem
761 2108 940 2152 autetn
985 2098 1142 2161 annis
1167 2097 1489 2166 cumiisqui
1551 2097 1603 2150 in
1665 2097 2069 2164 substratione,

558 2200 715 2245 orant
741 2229 756 2252 ,
813 2189 1142 2258 egredietur.
1175 2190 1232 2240 ln
1267 2199 1468 2255 quator
1506 2190 1661 2243 annis
1692 2189 2068 2255 solumstabit,

561 2298 684 2336 cum
716 2280 1014 2345 .iitlelibus',
1055 2279 1146 2334 sed
1180 2295 1283 2333 non
1313 2283 1416 2333 erit
1440 2279 1728 2334 oblationis
1777 2283 2067 2349 particeps.

565 2376 633 2429 lis
664 2384 838 2428 autem
868 2373 1113 2444 expletis,
1142 2373 1246 2426 erit
1285 2382 1748 2426 sacramentorum
1772 2373 2068 2442 particeps.

1071 2463 1297 2520 CANON
1336 2461 1492 2517 LVII.

496 2555 598 2621 Q-ii
623 2571 727 2609 non
758 2555 1381 2620 voluntarieinterl‘eeit,
1421 2555 1666 2611 undecim
1692 2558 1851 2612 annis
1885 2571 2072 2612 sacra-

565 2651 758 2702 mentis
801 2663 904 2703 non
949 2648 1389 2703 communicabit.
1428 2648 1691 2703 Undecim
1726 2657 1907 2704 autem
1941 2650 2069 2703 anni

564 2744 643 2796 sic
708 2742 762 2794 in
810 2756 874 2795 eo
922 2739 1402 2809 dispensabuntur.
1462 2740 1606 2796 Duos
1646 2743 1863 2811 quidem
1896 2756 2070 2796 annos

554 2829 808 2894 deﬂebit,
849 2839 959 2883 tres
984 2837 1165 2881 autem
1196 2843 1367 2882 annos
1402 2829 1542 2884 inter
1579 2829 1858 2884 auditores
1887 2843 2070 2898 perse-

572 2921 800 2984 vernbil,
852 2919 905 2972 in
960 2928 1193 2988 quatuor
1222 2918 1552 2982 substratus,
1598 2929 1652 2973 et
1695 2933 1841 2975 anno
1893 2919 2067 2974 solum

565 3013 843 3075 consistet,
868 3017 920 3064 et
950 3011 1200 3080 deinceps
1232 3009 1298 3062 ad
1323 3022 1478 3064 sacra
1513 3009 1848 3065 admittetur.

569 3191 764 3246 BALS.
805 3189 1106 3245 Praesentes
1161 3189 1267 3245 duo
1305 3204 1540 3245 canones
1577 3189 1895 3245 describunt
1944 3205 2080 3261 quo-

504 3283 664 3339 nzodo
693 3281 887 3335 debent
921 3279 1100 3348 puniri
1150 3283 1240 3346 qui
1287 3280 1622 3336 voluntarias
1666 3291 1721 3335 et
1764 3280 2075 3336 involunta-

498 3379 608 3432 rias
651 3373 827 3428 cmdes
889 3371 1086 3426 fecere.
1127 3369 1417 3425 Pmnarum
1454 3380 1630 3424 autem
1674 3372 1837 3424 etiam
1889 3369 2078 3423 modos

497 3468 781 3522 deﬁniunt.

570 3557 822 3611 ZUNAR.
870 3555 953 3610 Ad
981 3569 1154 3610 annos
1195 3553 1420 3624 viginti,
1481 3568 1603 3608 eum
1633 3553 1724 3623 qui
1774 3551 2079 3607 voluntarie

499 3649 795 3713 interfecit,
832 3657 1008 3716 atque
1046 3648 1114 3700 ad
1162 3645 1540 3715 pwnitentiam
1607 3660 1669 3700 se
1718 3645 1953 3710 confert,
1993 3643 2081 3699 hic

499 3751 723 3797 sanctus
765 3741 845 3794 vir
891 3736 1166 3808 segregari
1197 3735 1390 3804 jubet;
1440 3737 1506 3789 ad
1544 3735 1730 3791 decem
1785 3750 1909 3790 vero
1957 3750 2078 3790 eum

500 3838 590 3905 qui
643 3849 749 3889 non
795 3842 984 3900 sponte
1023 3828 1241 3884 occidit.
1306 3827 1441 3880 Tum
1484 3826 1781 3898 deinceps,
1823 3827 2076 3895 utrisque

506 3939 604 3993 pro
651 3921 876 3992 singulis
927 3919 1109 3973 multa:
1157 3916 1290 3971 locis
1318 3954 1333 3980 ,
1395 3918 1670 3983 proprium
1723 3927 1934 3984 tempus
1978 3915 2070 3969 de-

499 4017 697 4085 signat.

569 4103 797 4159 ARIST.
856 4099 989 4156 Can.
1023 4098 1112 4153 56.
1157 4095 1524 4152 'Voluntarins
1574 4095 1845 4150 homicida
1888 4093 2077 4164 viginti

501 4211 670 4249 annos
706 4194 1081 4246 substernatur
1108 4232 1122 4256 ,
1171 4191 1566 4244 involuntarius
1589 4188 1813 4254 decem;
1860 4187 2074 4244 adulter

499 4291 804 4358 quindecim
842 4307 860 4340 ι
908 4288 1203 4341 fornicator
1239 4295 1445 4354 septem
1482 4305 1493 4340 :
1533 4285 1768 4354 virgines
1791 4295 2074 4355 postpro-

503 4383 788 4436 fessionem
818 4381 1002 4447 lapsre,
1032 4391 1200 4430 annos
1234 4376 1560 4444 quindecim.

572 4554 671 4619 Qui
705 4551 999 4606 voluntarie
1039 4548 1342 4616 quempiam
1372 4547 1597 4612 occidit,
1630 4557 1683 4601 et
1715 4557 1906 4617 postea
1954 4563 2070 4617 pte-

504 4646 785 4699 nitentiant
840 4642 968 4710 egit,
1006 4638 1193 4706 viginti
1233 4652 1408 4691 annos
1446 4653 1475 4690 a
1507 4639 1941 4695 sanctiﬁcatione
1975 4654 2070 4694 ex-

502 4740 1021 4796 eonununieabitur.
1076 4736 1143 4788 At
1192 4734 1381 4803 viginti
1420 4735 1548 4788 anni
1593 4735 1672 4789 sic
1730 4736 1781 4788 in
1828 4752 1951 4790 eum
1992 4736 2071 4790 di-

503 4842 854 4899 izpcnsaittur.
912 4827 1156 4892 Quatuor
1211 4825 1368 4880 annis
1417 4833 1566 4879 extra
1619 4827 1749 4880 mdis
1816 4826 2070 4882 oratoriae

514 4926 658 4978 loras
697 4934 882 4982 stans,
947 4930 1000 4973 et
1051 4918 1232 4971 ﬁdeles
1272 4916 1634 4984 ingredientes
1679 4930 1842 4970 orans
1885 4930 2071 4984 preces

515 5031 609 5083 pro
642 5015 758 5084 ipso
789 5011 1044 5072 inridere,
1099 5017 1390 5075 peceatum.
1419 5021 1576 5058 suum
1607 5007 1787 5072 palam
1835 5005 2073 5061 efferens

507 5106 701 5160 deflere
759 5103 934 5156 debet.
986 5099 1178 5152 Postea
1225 5108 1404 5151 autem
1437 5106 1665 5165 quatuor
1707 5113 1876 5151 annos
1917 5098 2074 5167 115

508 5197 575 5250 ad
613 5196 894 5248 audientes
930 5190 1241 5259 recipietur,
1269 5197 1322 5243 et
1355 5191 1596 5256 quinque
1642 5189 1799 5240 annis
1847 5205 1969 5242 cum
2004 5192 2070 5244 iis

505 5283 830 5357 egredietur.
855 5284 1068 5353 Septem
1095 5283 1246 5335 annis
1273 5295 1392 5334 cum
1429 5279 1493 5332 iis
1518 5278 1606 5344 qui
1635 5278 1684 5330 in
1713 5280 2075 5336 submissione

2186 551 2339 615 ὄντες
2362 553 2461 624 τῆς
2487 553 2800 621 κοινωνίας,
2825 553 3110 625 εἴργονται
3133 555 3228 609 τοῦ
3256 558 3490 627 ἀγαθοῦ·
3519 564 3786 634 κληρικοὶ

2182 643 2239 695 δὲ
2272 641 2366 694 τοῦ
2402 641 2612 712 βαθμοῦ
2648 641 3071 714 καθαιροῦνται.

2263 731 2506 800 Ἐπειδὴ,
2554 732 2701 786 κατά
2757 734 2858 804 τὴν
2933 737 3224 810 Κυριακήν
3297 741 3507 811 φωνὴν.
3559 743 3682 809 Πᾶς
3750 747 3789 798 ὀ

2179 821 2384 875 λαϐὼν
2398 823 2708 893 μάχαιραν
2758 826 2829 880 ἐν
2851 830 3122 898 μαχαίρᾳ
3153 832 3551 887 ἀποθανεῖται
3569 851 3583 865 ⁸
3617 836 3717 891 καὶ
3733 836 3788 889 οί

2179 915 2294 976 τοῖς
2329 915 2561 984 λῃσταῖς
2591 918 3036 986 ἀντιπεξιόντες,
3057 923 3152 976 καὶ
3180 923 3414 988 τούτους
3428 926 3789 995 φονεύοντες,

2182 1005 2288 1058 ὑπὸ
2317 1007 2646 1079 ἐπιτίμησιν
2677 1009 2920 1067 ἔσονταιο
2955 1014 3051 1068 καὶ
3075 1015 3261 1069 λα’ίκοὶ
3321 1018 3424 1086 μὶν
3454 1018 3636 1091 ὄντες,
3669 1019 3794 1073 τῶν

2179 1097 2340 1151 θείων
2376 1100 2739 1170 ἀγιασμάτων
2766 1103 2825 1156 οὐ
2856 1103 3149 1174 μεθέξουσι
3175 1122 3188 1136 ·
3227 1107 3493 1179 κληρικοὶ
3523 1109 3581 1163 δὲ
3605 1111 3791 1178 ὀντες,

2179 1190 2695 1263 καθαιρεθήσονται.

2760 1286 3002 1342 ΚΑΝΩΝ
3034 1289 3178 1358 NG'.

2187 1373 2248 1426 '0
2281 1373 2548 1439 ἑκουσίως
2603 1376 2899 1446 φονεύσας,
2951 1383 3048 1434 καὶ
3088 1382 3231 1451 μετὰ
3265 1385 3431 1440 τοῦτο
3469 1391 3804 1460 μεταμελη-

2247 1465 2381 1531 θεὶς,
2419 1467 2627 1522 εἴκοσιν
2680 1470 2775 1541 ἔτη
2832 1471 3198 1546 ἀκοινώνητος
3262 1479 3419 1532 ἔσται
3454 1481 3554 1534 τοῦ
3621 1484 3805 1550 ἀγιά-

2249 1575 2480 1627 σματος.
2510 1560 2593 1614 Τά
2625 1561 2682 1614 δὲ
2709 1563 2917 1616 είκοσιν
2955 1565 3049 1636 ἔτη
3070 1567 3244 1630 οὕτως
3282 1571 3803 1643 οίκονομηθήσεται

2238 1649 2330 1702 ἑπ⁹
2365 1651 2536 1722 αὐτῷ.
2601 1653 2690 1706 Ἐν
2713 1652 2762 1706 ιδ’
2793 1653 2973 1709 ἔτεσιν
3004 1660 3363 1727 προσκλαίειν
3394 1662 3631 1730 ὀφείλει,
3683 1664 3804 1729 ἔξω

2252 1745 2353 1814 τῆς
2381 1743 2556 1818 θύρας
2602 1747 2776 1813 ἑστὼς
2839 1749 2934 1803 τοῦ
2977 1751 3273 1824 εὐκτηρίου
3320 1755 3501 1822 οἴκου,
3554 1759 3804 1813 καὶτῶν

2260 1836 2545 1922 εἰσιόντων
2622 1842 2836 1896 πιστῶν
2902 1843 3163 1914 δεόμενος
3197 1846 3370 1919 εὐχὴν
3438 1849 3588 1922 ὑπὲρ
3615 1852 3803 1906 αὐτοῦ

2234 1923 2890 2004 ποίεἰσθαι,ἑξαγορεύων
2916 1936 3016 2008 τὴν
3051 1939 3189 1992 ίδίαν
3207 1943 3595 2015 παρανομίαν.
3620 1946 3799 1999 Μετὰ

2257 2023 2314 2074 δὲ
2350 2022 2391 2075 δ’
2417 2022 2514 2092 ἑτη
2569 2026 2650 2088 είς
2675 2029 2803 2090 τοὺς
2830 2030 3224 2102 ἀκροωμένους
3251 2034 3610 2107 δεχθήσεται,
3650 2039 3713 2090 ἑν
3749 2046 3794 2092 ε’

2249 2113 2432 2167 ἔτεσιν
2459 2116 2582 2186 μετ’
2606 2118 2789 2174 αὐτῶν
2828 2122 3205 2186 ἐξελεύσεται.
3242 2127 3332 2179 Ἐν
3361 2127 3404 2180 δ’
3438 2132 3800 2200 συστήσεται

2252 2205 2417 2275 μόνον
2447 2211 2563 2271 τοῖς
2601 2213 2842 2276 πιστοῖς,
2901 2218 3226 2285 προσφορᾶς
3254 2219 3315 2272 δὲ
3361 2221 3422 2273 οὐ
3461 2223 3803 2292 μεταλήψει»

2243 2311 2358 2349 ται.
2389 2295 2800 2368 Πληρωθέντων
2843 2301 2903 2356 δὲ
2935 2303 3146 2358 τούτων
3173 2305 3395 2376 μεθέξει
3427 2311 3541 2364 τῶν
3618 2314 3800 2380 ἁγια-

2239 2388 2482 2456 σμάτων.

2738 2488 2984 2543 ΚΑΝΩΝ
3033 2491 3163 2547 ΝΖ¹.

2184 2571 2248 2623 Ὀ
2282 2574 2558 2639 ἀκουσίως
2592 2580 2862 2645 φονεύσας
2900 2582 3013 2653 (15)
3052 2585 3112 2637 ἑν
3168 2585 3303 2639 δέκα
3334 2587 3515 2643 ἔτεσιν
3547 2591 3807 2644 ἀκοινώ-

2253 2682 2415 2736 νητος
2461 2667 2615 2721 ἔσται
2649 2669 2760 2721 τῶν
2803 2670 3196 2743 ἀγιασμὰτων.
3257 2679 3806 2752 Οίκονομήθήσεται

2248 2758 2303 2810 δὲ
2336 2760 2426 2811 ἐπ’
2487 2761 2639 2831 αὐτῷ
2679 2763 2746 2815 τά
2785 2763 2918 2816 δέκα
2970 2765 3065 2836 ἐτη
3135 2768 3304 2823 οὓτω.
3363 2774 3471 2824 Δύο
3525 2774 3634 2844 μὲν
3697 2777 3805 2846 ἐτη

2251 2847 2656 2918 προσκλαύσει,
2708 2853 2835 2922 τρία
2877 2855 2934 2908 δὲ
2973 2856 3070 2925 ἑιη
3112 2858 3170 2910 ἑν
3234 2860 3630 2932 ἀκροωμένοις
3669 2867 3803 2922 δια-

2247 2940 2480 3006 τελέσει,
2518 2944 2577 2996 ἑν
2628 2943 2668 2996 δ’
2719 2944 3066 3012 ὑποπίπτων,
3116 2951 3211 3002 καὶ
3252 2953 3312 3003 ἑν
3369 2954 3614 3026 ἑνιαυτῷ
3650 2974 3802 3012 στα·

2244 3030 2472 3103 θήσεται
2504 3033 2686 3104 μόνον,
2735 3037 2830 3089 καὶ
2880 3038 2949 3092 τὰ
2996 3038 3126 3110 ἑξῆς
3176 3044 3257 3105 εἰς
3301 3045 3373 3098 τά
3403 3045 3541 3114 ἀγια
3581 3047 3806 3122 δεχθή-

2257 3140 2437 3179 σεται.

2258 3216 2460 3271 ΒΔΛΣ.
2496 3219 2560 3272 Ol
2608 3219 2888 3290 παρόντες
2941 3222 3037 3277 δύο
3103 3227 3335 3292 κανόνες
3401 3229 3809 3289 ύποτυποῦσιν

2179 3305 2330 3368 ὅπως
2375 3307 2694 3374 ὀφείλουσιν
2743 3311 3111 3380 ἐπιτιμᾶσθαι
3163 3317 3213 3368 οί
3249 3318 3586 3388 ποιήσαντες
3621 3324 3810 3377 ἑκου-

2188 3392 2341 3455 σίους
2373 3396 2570 3462 φόνους
2601 3397 2701 3448 καὶ
2737 3398 3058 3465 ἀκουσίους.
3109 3403 3388 3474 ’Θρίζουσι
3417 3403 3476 3461 δι
3521 3414 3619 3463 καὶ
3659 3415 3812 3480 τοὺς

2179 3482 2416 3554 τρόπους
2453 3484 2566 3540 τῶν
2596 3487 2914 3559 ἐπιτιμίων.

2244 3576 2489 3633 ΖΩΝΑΡ.
2541 3579 2631 3634 Ἐν
2657 3582 2867 3638 ετκσσιν
2914 3584 3189 3652 ἐνιαυτοῖς
3226 3589 3322 3646 τὸν
3374 3592 3652 3659 ἑκουσίως
3693 3615 3810 3667 φο-

2181 3667 2473 3733 νεύσαντα,
2501 3671 2596 3724 καὶ
2619 3675 2702 3736 είς
2737 3676 3040 3744 μετάνοιαν
3068 3679 3294 3735 ἐλθόντα
3337 3685 3593 3756 ἀφορίζει
3624 3681 3812 3754 οὗτος

2182 3763 2209 3812 ὁ
2239 3761 2419 3828 ἅγιος·
2455 3764 2514 3817 ἑν
2556 3763 2691 3817 δέκα
2726 3765 2784 3819 δὲ
2821 3767 2916 3820 τὸν
2991 3771 3274 3836 ἀκουσίως
3329 3775 3620 3833 ἀνελόντα.
3679 3783 3814 3838 Καὶ

2183 3850 2310 3920 ἑξῆς
2337 3851 2426 3903 ἑπ⁸
2451 3853 2790 3924 ἀμφοτέροις
2823 3856 3045 3929 ἑκάστῳ
3080 3861 3232 3930 τόπῳ
3269 3863 3563 3933 ἐπιτιμίου
3601 3869 3809 3942 ὁρίζει

2183 3944 2374 4013 καιρὸν
2413 3944 2728 4000 ίδιαίτατον.

2245 4116 2472 4172 ΔΡΙΣΤ.
2510 4135 2636 4174 καν.
2667 4126 2775 4184 vs".
2820 4121 2883 4176 '0
2903 4123 3152 4187 ἑκούσιος
3202 4130 3473 4199 φονευτὴς
3554 4131 3804 4188 εἰκοσα-⁵

2184 4208 2340 4263 ετίαν
2390 4209 2769 4264 ὑποπιπτέτωο
2799 4214 2829 4266 ὀ
2857 4213 3116 4278 ἀκούσιος
3164 4216 3481 4274 δεκαετίαν⁹
3527 4224 3557 4274 ὁ
3590 4227 3812 4295 μοιχὸς

2181 4300 2766 4356 πεντεκαιδεκαετίαν·
2806 4303 2836 4354 ὀ
2870 4304 3411 4375 πόρνοςνὲπταετίαν
3435 4327 3449 4342 ·
3485 4312 3545 4364 al.
3595 4329 3805 4383 napa-

2183 4394 2484 4448 πίπτουσαι
2523 4395 2668 4465 μετά
2704 4393 2806 4466 τὴν
2838 4396 3140 4467 ὁμολογίαν
3179 4401 3449 4473 παρθένοι
3484 4420 3805 4460 πεντεκαις

2107 4470 2151 4526 Ῑδ
2179 4482 2492 4539 δεκαετίαν.

2254 4574 2314 4627 '0
2348 4574 2615 4637 ἑκουσίως
2645 4575 2940 4644 φονεύσας,
3000 4577 3144 4648 μετά
3165 4579 3224 4633 δὲ
3249 4557 3413 4635 τοῦτο
3447 4585 3792 4656 μεταμελη-

2176 4664 2311 4730 θεὶς,
2357 4665 2565 4718 εἴκοσιν
2595 4665 2775 4722 ἐτεσιν
2801 4669 3176 4739 ἀκοινώνητός
3202 4673 3322 4724 ἑστι
3372 4673 3470 4726 τοῦ
3496 4675 3812 4747 ἀγιάσμα-

2174 4775 2289 4820 τος.
2319 4758 2400 4811 Τὰ
2427 4758 2485 4810 δὲ
2529 4758 2737 4810 εἴκοσιν
2792 4759 2889 4828 ἔτη
2920 4761 3092 4824 οὓτως
3127 4762 3644 4834 οίκονομηθήσεται
3697 4771 3803 4822 ἐπ’

2176 4847 2347 4917 αὐτῷ.
2381 4847 2468 4900 Ἐν
2484 4848 2775 4918 τέσσαρσιν
2802 4850 2979 4904 ἔτεσιν
3001 4852 3212 4921 ὀφείλει
3246 4856 3640 4924 προσκλαίειν,
3672 4859 3800 4926 ἔξω

2178 4943 2275 5008 τῆς
2334 4939 2505 5008 θύρας
2576 4939 2751 5002 ἑστὼς
2819 4941 2913 4992 τοῦ
2959 4942 3255 5013 εὐκτηρίου
3303 4945 3481 5010 οἴκου,
3533 4948 3636 5000 καὶ
3679 4949 3808 5002 τῶν

2179 5031 2457 5083 εἰσιόντων
2491 5031 2706 5084 πιστῶν
2725 5031 2984 5101 δεόμενος
3014 5033 3183 5102 εὐχὴν
3213 5035 3359 5104 ὑπὲρ
3390 5037 3565 5089 αὑτοῦ
3596 5044 3801 5095 ποιεί-

2185 5121 2332 5183 σθαι,
2367 5122 2717 5190 ἐξαγορεύων
2741 5121 2838 5189 τὴν
2891 5122 3029 5176 ίδίαν
3085 5103 3470 5196 παρανομίαν⁸
3517 5130 3667 5198 μετὰ
3731 5103 3833 5186 δὲ⁸

2185 5213 2362 5267 ταῦτα
2392 5213 2458 5265 τὰ
2482 5213 2726 5281 τέσσαρα
2758 5212 2855 5282 ἐτη
2889 5213 2967 5276 εἰς
2992 5213 3121 5276 τοὺς
3151 5216 3547 5286 ἀκροωμένους
3577 5220 3804 5292 δεχθή-

2188 5317 2364 5364 σεται,
2407 5299 2503 5353 καὶ
2533 5301 2590 5352 ἑν
2630 5299 2789 5352 πέντε
2829 5298 2978 5353 ἔτεσι
3015 5301 3137 5370 μετ’
3167 5302 3354 5356 αὐτῶν
3389 5305 3750 5369 ἐξελεύσεται
3778 5327 3797 5342 ’

1740 5442 1926 5504 Guill.
1963 5446 2290 5527 Beveregii
2327 5455 2512 5509 notae.

581 5569 689 5638 (13)
711 5568 776 5620 '0
806 5566 1104 5638 ἀκουσίως
1134 5565 1456 5638 φονεύσας.
1480 5562 1820 5638 Scholiastes
1846 5566 2073 5622 Harme-

509 5634 714 5707 nopuli,
747 5638 883 5697 Τοὺς
939 5637 1117 5707 φονεῖς
1163 5638 1190 5685 ὀ
1225 5634 1559 5707 Νηστευτῂλς,
1590 5638 1713 5707 τοὺς
1767 5637 1865 5707 μὲν
1914 5640 2072 5690 ὲκςυ..

511 5702 680 5769 σίους,
724 5708 814 5758 ἐπὶ
847 5702 1170 5756 πενταετίαν
1209 5702 1597 5763 καταδικάζει·
1632 5702 1774 5763 τοὺς
1809 5705 1867 5755 δὲ
1908 5710 2067 5757 ἀκου-

509 5780 658 5839 σίους
681 5777 775 5828 ἑπὶ
806 5774 1069 5845 τριετίαν.
1101 5770 1410 5826 Homicidas
1442 5770 2065 5840 Jejituator,voluntario

2183 5575 2392 5636 quidem
2452 5575 2505 5627 in
2560 5575 3038 5643 quinquageunium
3090 5577 3408 5630 condemnat
3463 5595 3480 5633 :
3537 5594 3642 5630 non
3692 5596 3797 5634 eo-

2182 5645 2452 5766 lunstarioi
2521 5657 2695 5698 autem
2770 5646 2837 5697 ad
2913 5647 3220 5700 triennium.
3277 5647 3466 5700 llartn.
3531 5664 3620 5717 ep.
3691 5664 3794 5706 an.

2182 5727 2225 5766 s.
2292 5755 2306 5766 .
2349 5721 2390 5766 ι.
2421 5732 2474 5766 o.

2181 5727 2225 5766 s.
2252 5721 2306 5779 5,
2349 5721 2390 5767 t.
2421 5721 2474 5766 5.
