  <div class='ocr_page' id='page_1' title='image "/cluster/home/n/w/nwhite01/storage/ocr_20150623/138/ien.35556001660133/397.png"; bbox 0 0 4006 6454; ppageno 0'>
   <div class='ocr_carea' id='block_1_1' title="bbox 454 306 562 370">
    <p class='ocr_par' dir='ltr' id='par_1_1' title="bbox 454 306 562 370">
     <span class='ocr_line' id='line_1_1' title="bbox 454 306 562 370; baseline -0.009 0"><span class='ocrx_word' id='word_1_1' title='bbox 454 306 562 370; x_wconf 83' lang='lat'><strong>767</strong></span> 
     </span>
    </p>
   </div>
   <div class='ocr_carea' id='block_1_2' title="bbox 1677 315 2395 379">
    <p class='ocr_par' dir='ltr' id='par_1_2' title="bbox 1677 315 2395 379">
     <span class='ocr_line' id='line_1_2' title="bbox 1677 315 2395 379; baseline 0.004 -6"><span class='ocrx_word' id='word_1_2' title='bbox 1677 315 1958 379; x_wconf 78' lang='lat' dir='ltr'><strong>&#39;l&#39;iiEtiD.</strong></span> <span class='ocrx_word' id='word_1_3' title='bbox 1999 316 2395 377; x_wconf 63' lang='lat' dir='ltr'><strong>BALSMION</strong></span> 
     </span>
    </p>
   </div>
   <div class='ocr_carea' id='block_1_3' title="bbox 3613 316 3723 383">
    <p class='ocr_par' dir='ltr' id='par_1_3' title="bbox 3613 316 3723 383">
     <span class='ocr_line' id='line_1_3' title="bbox 3613 316 3723 383; baseline 0.091 -9"><span class='ocrx_word' id='word_1_4' title='bbox 3613 316 3723 383; x_wconf 82' lang='lat'><strong>768</strong></span> 
     </span>
    </p>
   </div>
   <div class='ocr_carea' id='block_1_4' title="bbox 459 423 2035 502">
    <p class='ocr_par' dir='ltr' id='par_1_4' title="bbox 459 423 2032 496">
     <span class='ocr_line' id='line_1_4' title="bbox 459 423 2032 496; baseline 0.004 -18"><span class='ocrx_word' id='word_1_5' title='bbox 459 423 712 478; x_wconf 77' lang='lat' dir='ltr'><strong>minister</strong></span> <span class='ocrx_word' id='word_1_6' title='bbox 745 423 923 480; x_wconf 79' lang='lat' dir='ltr'><strong>factus</strong></span> <span class='ocrx_word' id='word_1_7' title='bbox 966 425 1055 490; x_wconf 84' lang='lat' dir='ltr'><strong>sit,</strong></span> <span class='ocrx_word' id='word_1_8' title='bbox 1101 441 1198 480; x_wconf 86' lang='lat' dir='ltr'><strong>suo</strong></span> <span class='ocrx_word' id='word_1_9' title='bbox 1225 428 1391 495; x_wconf 67' lang='lat' dir='ltr'><strong>gradu</strong></span> <span class='ocrx_word' id='word_1_10' title='bbox 1424 429 1761 492; x_wconf 56' lang='lat' dir='ltr'><strong>exim-betur,</strong></span> <span class='ocrx_word' id='word_1_11' title='bbox 1811 433 2032 496; x_wconf 66' lang='lat' dir='ltr'><strong>cognito</strong></span> 
     </span>
    </p>
   </div>
   <div class='ocr_carea' id='block_1_5' title="bbox 2142 423 3723 502">
    <p class='ocr_par' dir='ltr' id='par_1_5' title="bbox 2142 431 3723 502">
     <span class='ocr_line' id='line_1_5' title="bbox 2142 431 3723 502; baseline 0.005 -22"><span class='ocrx_word' id='word_1_12' title='bbox 2142 432 2326 494; x_wconf 55' lang='grc' dir='ltr'>αὐτοῦ,</span> <span class='ocrx_word' id='word_1_13' title='bbox 2370 433 2799 498; x_wconf 65' lang='grc' dir='ltr'>διαγειωςθέντος</span> <span class='ocrx_word' id='word_1_14' title='bbox 2826 435 2917 486; x_wconf 60' lang='lat' dir='ltr'><strong>tuﬁ</strong></span> <span class='ocrx_word' id='word_1_15' title='bbox 2961 431 3331 502; x_wconf 71' lang='grc' dir='ltr'>ἁμαρτήματο</span> <span class='ocrx_word' id='word_1_16' title='bbox 3352 455 3386 489; x_wconf 91' lang='grc'><strong>·.</strong></span> <span class='ocrx_word' id='word_1_17' title='bbox 3418 434 3529 488; x_wconf 67' lang='grc' dir='ltr'><strong>Καὶ</strong></span> <span class='ocrx_word' id='word_1_18' title='bbox 3549 436 3723 488; x_wconf 65' lang='grc' dir='ltr'>ταῦτα</span> 
     </span>
    </p>
   </div>
   <div class='ocr_carea' id='block_1_6' title="bbox 456 515 2026 587">
    <p class='ocr_par' dir='ltr' id='par_1_6' title="bbox 456 515 2026 587">
     <span class='ocr_line' id='line_1_6' title="bbox 456 515 2026 587; baseline 0.003 -18"><span class='ocrx_word' id='word_1_19' title='bbox 456 515 701 570; x_wconf 86' lang='lat' dir='ltr'><strong>crimine.</strong></span> <span class='ocrx_word' id='word_1_20' title='bbox 749 517 814 570; x_wconf 82' lang='lat' dir='ltr'><strong>Et</strong></span> <span class='ocrx_word' id='word_1_21' title='bbox 859 517 970 571; x_wconf 73' lang='lat' dir='ltr'><strong>lucc</strong></span> <span class='ocrx_word' id='word_1_22' title='bbox 1013 519 1229 587; x_wconf 82' lang='lat' dir='ltr'><strong>quidem</strong></span> <span class='ocrx_word' id='word_1_23' title='bbox 1277 520 1379 573; x_wconf 90' lang='lat' dir='ltr'><strong>hoc</strong></span> <span class='ocrx_word' id='word_1_24' title='bbox 1420 523 1592 576; x_wconf 83' lang='lat' dir='ltr'><strong>modo.</strong></span> <span class='ocrx_word' id='word_1_25' title='bbox 1629 521 1784 576; x_wconf 82' lang='lat' dir='ltr'><strong>Scias</strong></span> <span class='ocrx_word' id='word_1_26' title='bbox 1824 535 2026 585; x_wconf 83' lang='lat' dir='ltr'><strong>autem,</strong></span> 
     </span>
    </p>
   </div>
   <div class='ocr_carea' id='block_1_7' title="bbox 455 606 2029 684">
    <p class='ocr_par' dir='ltr' id='par_1_7' title="bbox 455 606 2029 684">
     <span class='ocr_line' id='line_1_7' title="bbox 455 606 2029 684; baseline 0.005 -26"><span class='ocrx_word' id='word_1_27' title='bbox 455 606 632 674; x_wconf 88' lang='lat' dir='ltr'><strong>quod,</strong></span> <span class='ocrx_word' id='word_1_28' title='bbox 689 623 812 676; x_wconf 60' lang='lat' dir='ltr'><strong>qua</strong></span> <span class='ocrx_word' id='word_1_29' title='bbox 865 610 967 664; x_wconf 88' lang='lat' dir='ltr'><strong>hoc</strong></span> <span class='ocrx_word' id='word_1_30' title='bbox 1006 624 1217 664; x_wconf 80' lang='lat' dir='ltr'><strong>canone</strong></span> <span class='ocrx_word' id='word_1_31' title='bbox 1257 613 1625 675; x_wconf 90' lang='lat' dir='ltr'><strong>c0utineutur,</strong></span> <span class='ocrx_word' id='word_1_32' title='bbox 1681 614 1732 667; x_wconf 91' lang='lat' dir='ltr'><strong>in</strong></span> <span class='ocrx_word' id='word_1_33' title='bbox 1789 614 2029 684; x_wconf 85' lang='lat' dir='ltr'><strong>synodali</strong></span> 
     </span>
    </p>
   </div>
   <div class='ocr_carea' id='block_1_8' title="bbox 445 694 2028 765">
    <p class='ocr_par' dir='ltr' id='par_1_8' title="bbox 445 694 2028 765">
     <span class='ocr_line' id='line_1_8' title="bbox 445 694 2028 765; baseline 0.003 -16"><span class='ocrx_word' id='word_1_34' title='bbox 445 694 658 762; x_wconf 84' lang='lat' dir='ltr'><strong>judicio</strong></span> <span class='ocrx_word' id='word_1_35' title='bbox 683 696 832 752; x_wconf 79' lang='lat' dir='ltr'><strong>varie</strong></span> <span class='ocrx_word' id='word_1_36' title='bbox 868 698 1167 765; x_wconf 85' lang='lat' dir='ltr'><strong>disceptata</strong></span> <span class='ocrx_word' id='word_1_37' title='bbox 1201 709 1349 764; x_wconf 91' lang='lat' dir='ltr'><strong>sunt,</strong></span> <span class='ocrx_word' id='word_1_38' title='bbox 1402 713 1454 755; x_wconf 89' lang='lat' dir='ltr'><strong>et</strong></span> <span class='ocrx_word' id='word_1_39' title='bbox 1495 701 1755 755; x_wconf 80' lang='lat' dir='ltr'><strong>dixerunt</strong></span> <span class='ocrx_word' id='word_1_40' title='bbox 1785 702 2028 756; x_wconf 79' lang='lat' dir='ltr'><strong>nonnulli</strong></span> 
     </span>
    </p>
   </div>
   <div class='ocr_carea' id='block_1_9' title="bbox 455 787 2032 861">
    <p class='ocr_par' dir='ltr' id='par_1_9' title="bbox 455 787 2032 861">
     <span class='ocr_line' id='line_1_9' title="bbox 455 787 2032 861; baseline 0.005 -22"><span class='ocrx_word' id='word_1_41' title='bbox 455 787 572 840; x_wconf 70' lang='lat' dir='ltr'><strong>haec</strong></span> <span class='ocrx_word' id='word_1_42' title='bbox 615 787 788 841; x_wconf 88' lang='lat' dir='ltr'><strong>locum</strong></span> <span class='ocrx_word' id='word_1_43' title='bbox 844 787 1139 855; x_wconf 86' lang='lat' dir='ltr'><strong>habuisse,</strong></span> <span class='ocrx_word' id='word_1_44' title='bbox 1187 793 1405 859; x_wconf 78' lang='lat' dir='ltr'><strong>quando</strong></span> <span class='ocrx_word' id='word_1_45' title='bbox 1441 793 1711 861; x_wconf 79' lang='lat' dir='ltr'><strong>sponSnIia</strong></span> <span class='ocrx_word' id='word_1_46' title='bbox 1760 807 2032 847; x_wconf 84' lang='lat' dir='ltr'><strong>consensu</strong></span> 
     </span>
    </p>
   </div>
   <div class='ocr_carea' id='block_1_10' title="bbox 453 880 2029 948">
    <p class='ocr_par' dir='ltr' id='par_1_10' title="bbox 453 880 2029 948">
     <span class='ocr_line' id='line_1_10' title="bbox 453 880 2029 948; baseline 0.003 -17"><span class='ocrx_word' id='word_1_47' title='bbox 453 880 918 934; x_wconf 81' lang='lat' dir='ltr'><strong>contrahebantur</strong></span> <span class='ocrx_word' id='word_1_48' title='bbox 989 890 1042 934; x_wconf 91' lang='lat' dir='ltr'><strong>et</strong></span> <span class='ocrx_word' id='word_1_49' title='bbox 1112 881 1558 936; x_wconf 75' lang='lat' dir='ltr'><strong>dissolveliantur.</strong></span> <span class='ocrx_word' id='word_1_50' title='bbox 1618 883 1771 938; x_wconf 87' lang='lat' dir='ltr'><strong>Nunc</strong></span> <span class='ocrx_word' id='word_1_51' title='bbox 1829 893 2029 948; x_wconf 89' lang='lat' dir='ltr'><strong>autem,</strong></span> 
     </span>
    </p>
   </div>
   <div class='ocr_carea' id='block_1_11' title="bbox 454 972 2030 1040">
    <p class='ocr_par' dir='ltr' id='par_1_11' title="bbox 454 972 2030 1040">
     <span class='ocr_line' id='line_1_11' title="bbox 454 972 2030 1040; baseline 0.003 -15"><span class='ocrx_word' id='word_1_52' title='bbox 454 972 673 1040; x_wconf 87' lang='lat' dir='ltr'><strong>quando</strong></span> <span class='ocrx_word' id='word_1_53' title='bbox 706 988 810 1026; x_wconf 88' lang='lat' dir='ltr'><strong>non</strong></span> <span class='ocrx_word' id='word_1_54' title='bbox 845 972 1002 1026; x_wconf 88' lang='lat' dir='ltr'><strong>aliter</strong></span> <span class='ocrx_word' id='word_1_55' title='bbox 1041 975 1441 1028; x_wconf 89' lang='lat' dir='ltr'><strong>contrahuntur</strong></span> <span class='ocrx_word' id='word_1_56' title='bbox 1479 991 1576 1029; x_wconf 84' lang='lat' dir='ltr'><strong>nec</strong></span> <span class='ocrx_word' id='word_1_57' title='bbox 1609 977 1893 1030; x_wconf 89' lang='lat' dir='ltr'><strong>solvuntur</strong></span> <span class='ocrx_word' id='word_1_58' title='bbox 1928 975 2030 1030; x_wconf 85' lang='lat' dir='ltr'><strong>nisi</strong></span> 
     </span>
    </p>
   </div>
   <div class='ocr_carea' id='block_1_12' title="bbox 451 1061 2033 1134">
    <p class='ocr_par' dir='ltr' id='par_1_12' title="bbox 451 1061 2033 1134">
     <span class='ocr_line' id='line_1_12' title="bbox 451 1061 2033 1134; baseline 0.002 -19"><span class='ocrx_word' id='word_1_59' title='bbox 451 1061 522 1116; x_wconf 87' lang='lat' dir='ltr'><strong>iis</strong></span> <span class='ocrx_word' id='word_1_60' title='bbox 574 1064 751 1118; x_wconf 92' lang='lat' dir='ltr'><strong>modis</strong></span> <span class='ocrx_word' id='word_1_61' title='bbox 793 1072 847 1117; x_wconf 89' lang='lat' dir='ltr'><strong>et</strong></span> <span class='ocrx_word' id='word_1_62' title='bbox 904 1067 1132 1131; x_wconf 86' lang='lat' dir='ltr'><strong>causis;</strong></span> <span class='ocrx_word' id='word_1_63' title='bbox 1193 1066 1390 1134; x_wconf 87' lang='lat' dir='ltr'><strong>quibus</strong></span> <span class='ocrx_word' id='word_1_64' title='bbox 1459 1064 1755 1134; x_wconf 78' lang='lat' dir='ltr'><strong>perfectum</strong></span> <span class='ocrx_word' id='word_1_65' title='bbox 1819 1080 2033 1133; x_wconf 86' lang='lat' dir='ltr'><strong>quoque</strong></span> 
     </span>
    </p>
   </div>
   <div class='ocr_carea' id='block_1_13' title="bbox 454 1155 2031 1222">
    <p class='ocr_par' dir='ltr' id='par_1_13' title="bbox 454 1155 2031 1222">
     <span class='ocr_line' id='line_1_13' title="bbox 454 1155 2031 1222; baseline 0.002 -16"><span class='ocrx_word' id='word_1_66' title='bbox 454 1155 862 1209; x_wconf 82' lang='lat' dir='ltr'><strong>matrimonium</strong></span> <span class='ocrx_word' id='word_1_67' title='bbox 909 1159 1257 1212; x_wconf 72' lang='lat' dir='ltr'><strong>contrahitur</strong></span> <span class='ocrx_word' id='word_1_68' title='bbox 1299 1169 1354 1212; x_wconf 89' lang='lat' dir='ltr'><strong>et</strong></span> <span class='ocrx_word' id='word_1_69' title='bbox 1387 1159 1640 1222; x_wconf 81' lang='lat' dir='ltr'><strong>solvitur,</strong></span> <span class='ocrx_word' id='word_1_70' title='bbox 1696 1160 1809 1212; x_wconf 75' lang='lat' dir='ltr'><strong>haec</strong></span> <span class='ocrx_word' id='word_1_71' title='bbox 1846 1157 2031 1210; x_wconf 82' lang='lat' dir='ltr'><strong>omnia</strong></span> 
     </span>
    </p>
   </div>
   <div class='ocr_carea' id='block_1_14' title="bbox 450 1246 2030 1316">
    <p class='ocr_par' dir='ltr' id='par_1_14' title="bbox 450 1246 2030 1316">
     <span class='ocr_line' id='line_1_14' title="bbox 450 1246 2030 1316; baseline 0.001 -18"><span class='ocrx_word' id='word_1_72' title='bbox 450 1247 826 1304; x_wconf 80' lang='lat' dir='ltr'><strong>exoleverunt.</strong></span> <span class='ocrx_word' id='word_1_73' title='bbox 875 1246 1033 1303; x_wconf 83' lang='lat' dir='ltr'><strong>Unde</strong></span> <span class='ocrx_word' id='word_1_74' title='bbox 1077 1265 1178 1303; x_wconf 88' lang='lat' dir='ltr'><strong>nec</strong></span> <span class='ocrx_word' id='word_1_75' title='bbox 1224 1251 1556 1316; x_wconf 89' lang='lat' dir='ltr'><strong>permittitur</strong></span> <span class='ocrx_word' id='word_1_76' title='bbox 1599 1250 1758 1304; x_wconf 89' lang='lat' dir='ltr'><strong>alicui</strong></span> <span class='ocrx_word' id='word_1_77' title='bbox 1821 1265 2030 1311; x_wconf 89' lang='lat' dir='ltr'><strong>eorum,</strong></span> 
     </span>
    </p>
   </div>
   <div class='ocr_carea' id='block_1_15' title="bbox 451 1339 2031 1411">
    <p class='ocr_par' dir='ltr' id='par_1_15' title="bbox 451 1339 2031 1411">
     <span class='ocr_line' id='line_1_15' title="bbox 451 1339 2031 1411; baseline 0.004 -21"><span class='ocrx_word' id='word_1_78' title='bbox 451 1339 542 1406; x_wconf 88' lang='lat' dir='ltr'><strong>qui</strong></span> <span class='ocrx_word' id='word_1_79' title='bbox 577 1349 800 1393; x_wconf 80' lang='lat' dir='ltr'><strong>suntex</strong></span> <span class='ocrx_word' id='word_1_80' title='bbox 846 1341 1105 1395; x_wconf 83' lang='lat' dir='ltr'><strong>tribunali</strong></span> <span class='ocrx_word' id='word_1_81' title='bbox 1158 1352 1334 1394; x_wconf 89' lang='lat' dir='ltr'><strong>morte</strong></span> <span class='ocrx_word' id='word_1_82' title='bbox 1379 1342 1461 1395; x_wconf 80' lang='lat' dir='ltr'><strong>vel</strong></span> <span class='ocrx_word' id='word_1_83' title='bbox 1517 1343 1692 1411; x_wconf 78' lang='lat' dir='ltr'><strong>aliqua</strong></span> <span class='ocrx_word' id='word_1_84' title='bbox 1728 1343 1830 1396; x_wconf 90' lang='lat' dir='ltr'><strong>alia</strong></span> <span class='ocrx_word' id='word_1_85' title='bbox 1867 1357 2031 1397; x_wconf 80' lang='lat' dir='ltr'><strong>causa</strong></span> 
     </span>
    </p>
   </div>
   <div class='ocr_carea' id='block_1_16' title="bbox 451 1431 2030 1505">
    <p class='ocr_par' dir='ltr' id='par_1_16' title="bbox 451 1431 2030 1505">
     <span class='ocr_line' id='line_1_16' title="bbox 451 1431 2030 1505; baseline 0.003 -22"><span class='ocrx_word' id='word_1_86' title='bbox 451 1439 582 1483; x_wconf 91' lang='lat' dir='ltr'><strong>ante</strong></span> <span class='ocrx_word' id='word_1_87' title='bbox 629 1431 848 1497; x_wconf 78' lang='lat' dir='ltr'><strong>nuptias</strong></span> <span class='ocrx_word' id='word_1_88' title='bbox 897 1446 925 1485; x_wconf 74' lang='grc' dir='ltr'>ι</span> <span class='ocrx_word' id='word_1_89' title='bbox 978 1448 1076 1486; x_wconf 90' lang='lat' dir='ltr'><strong>suo</strong></span> <span class='ocrx_word' id='word_1_90' title='bbox 1115 1448 1313 1500; x_wconf 82' lang='lat' dir='ltr'><strong>sponsa</strong></span> <span class='ocrx_word' id='word_1_91' title='bbox 1362 1446 1640 1505; x_wconf 81' lang='lat' dir='ltr'><strong>separato.</strong></span> <span class='ocrx_word' id='word_1_92' title='bbox 1677 1435 1769 1488; x_wconf 83' lang='lat' dir='ltr'><strong>alii</strong></span> <span class='ocrx_word' id='word_1_93' title='bbox 1819 1435 2030 1488; x_wconf 92' lang='lat' dir='ltr'><strong>mulieri</strong></span> 
     </span>
    </p>
   </div>
   <div class='ocr_carea' id='block_1_17' title="bbox 455 1522 2032 1596">
    <p class='ocr_par' dir='ltr' id='par_1_17' title="bbox 455 1522 2032 1596">
     <span class='ocr_line' id='line_1_17' title="bbox 455 1522 2032 1596; baseline 0.002 -20"><span class='ocrx_word' id='word_1_94' title='bbox 455 1522 737 1590; x_wconf 82' lang='lat' dir='ltr'><strong>conjungi,</strong></span> <span class='ocrx_word' id='word_1_95' title='bbox 771 1532 822 1575; x_wconf 91' lang='lat' dir='ltr'><strong>et</strong></span> <span class='ocrx_word' id='word_1_96' title='bbox 853 1523 900 1578; x_wconf 96' lang='lat' dir='ltr'><strong>is</strong></span> <span class='ocrx_word' id='word_1_97' title='bbox 928 1524 1018 1592; x_wconf 92' lang='lat' dir='ltr'><strong>qui</strong></span> <span class='ocrx_word' id='word_1_98' title='bbox 1048 1525 1150 1580; x_wconf 89' lang='lat' dir='ltr'><strong>hoc</strong></span> <span class='ocrx_word' id='word_1_99' title='bbox 1181 1525 1397 1590; x_wconf 78' lang='lat' dir='ltr'><strong>fecerit,</strong></span> <span class='ocrx_word' id='word_1_100' title='bbox 1442 1537 1498 1579; x_wconf 92' lang='lat' dir='ltr'><strong>ut</strong></span> <span class='ocrx_word' id='word_1_101' title='bbox 1521 1526 1772 1593; x_wconf 73' lang='lat' dir='ltr'><strong>bigamus</strong></span> <span class='ocrx_word' id='word_1_102' title='bbox 1805 1527 2032 1596; x_wconf 84' lang='lat' dir='ltr'><strong>deponi-</strong></span> 
     </span>
    </p>
   </div>
   <div class='ocr_carea' id='block_1_18' title="bbox 455 1611 2030 1684">
    <p class='ocr_par' dir='ltr' id='par_1_18' title="bbox 455 1611 2030 1684">
     <span class='ocr_line' id='line_1_18' title="bbox 455 1611 2030 1684; baseline 0.003 -20"><span class='ocrx_word' id='word_1_103' title='bbox 455 1622 542 1665; x_wconf 90' lang='lat' dir='ltr'><strong>tur</strong></span> <span class='ocrx_word' id='word_1_104' title='bbox 579 1630 592 1666; x_wconf 86' lang='lat'><strong>:</strong></span> <span class='ocrx_word' id='word_1_105' title='bbox 652 1611 905 1667; x_wconf 86' lang='lat' dir='ltr'><strong>similiter</strong></span> <span class='ocrx_word' id='word_1_106' title='bbox 937 1625 992 1669; x_wconf 91' lang='lat' dir='ltr'><strong>et</strong></span> <span class='ocrx_word' id='word_1_107' title='bbox 1030 1614 1202 1667; x_wconf 89' lang='lat' dir='ltr'><strong>lector</strong></span> <span class='ocrx_word' id='word_1_108' title='bbox 1244 1614 1334 1680; x_wconf 90' lang='lat' dir='ltr'><strong>qui</strong></span> <span class='ocrx_word' id='word_1_109' title='bbox 1391 1613 1443 1666; x_wconf 92' lang='lat' dir='ltr'><strong>in</strong></span> <span class='ocrx_word' id='word_1_110' title='bbox 1495 1616 1602 1668; x_wconf 88' lang='lat' dir='ltr'><strong>tale</strong></span> <span class='ocrx_word' id='word_1_111' title='bbox 1648 1614 1777 1684; x_wconf 92' lang='lat' dir='ltr'><strong>quid</strong></span> <span class='ocrx_word' id='word_1_112' title='bbox 1821 1615 2030 1676; x_wconf 87' lang='lat' dir='ltr'><strong>incidit.</strong></span> 
     </span>
    </p>
   </div>
   <div class='ocr_carea' id='block_1_19' title="bbox 451 1703 2030 1775">
    <p class='ocr_par' dir='ltr' id='par_1_19' title="bbox 451 1703 2030 1775">
     <span class='ocr_line' id='line_1_19' title="bbox 451 1703 2030 1775; baseline 0.005 -20"><span class='ocrx_word' id='word_1_113' title='bbox 451 1707 517 1755; x_wconf 86' lang='lat' dir='ltr'><strong>ad</strong></span> <span class='ocrx_word' id='word_1_114' title='bbox 548 1703 712 1756; x_wconf 88' lang='lat' dir='ltr'><strong>alium</strong></span> <span class='ocrx_word' id='word_1_115' title='bbox 743 1706 970 1774; x_wconf 70' lang='lat' dir='ltr'><strong>gradum</strong></span> <span class='ocrx_word' id='word_1_116' title='bbox 1006 1720 1112 1758; x_wconf 90' lang='lat' dir='ltr'><strong>non</strong></span> <span class='ocrx_word' id='word_1_117' title='bbox 1152 1715 1523 1775; x_wconf 78' lang='lat' dir='ltr'><strong>promovetur.</strong></span> <span class='ocrx_word' id='word_1_118' title='bbox 1565 1705 1825 1761; x_wconf 68' lang='lat' dir='ltr'><strong>Volabant</strong></span> <span class='ocrx_word' id='word_1_119' title='bbox 1854 1719 2030 1763; x_wconf 90' lang='lat' dir='ltr'><strong>autem</strong></span> 
     </span>
    </p>
   </div>
   <div class='ocr_carea' id='block_1_20' title="bbox 449 1793 2030 1863">
    <p class='ocr_par' dir='ltr' id='par_1_20' title="bbox 449 1793 2030 1863">
     <span class='ocr_line' id='line_1_20' title="bbox 449 1793 2030 1863; baseline 0.004 -18"><span class='ocrx_word' id='word_1_120' title='bbox 449 1804 573 1846; x_wconf 83' lang='lat' dir='ltr'><strong>eum</strong></span> <span class='ocrx_word' id='word_1_121' title='bbox 610 1804 851 1858; x_wconf 87' lang='lat' dir='ltr'><strong>quoque,</strong></span> <span class='ocrx_word' id='word_1_122' title='bbox 887 1793 980 1860; x_wconf 82' lang='lat' dir='ltr'><strong>qui</strong></span> <span class='ocrx_word' id='word_1_123' title='bbox 1029 1794 1190 1848; x_wconf 87' lang='lat' dir='ltr'><strong>hodie</strong></span> <span class='ocrx_word' id='word_1_124' title='bbox 1219 1811 1341 1850; x_wconf 86' lang='lat' dir='ltr'><strong>cum</strong></span> <span class='ocrx_word' id='word_1_125' title='bbox 1388 1812 1482 1850; x_wconf 93' lang='lat' dir='ltr'><strong>sua</strong></span> <span class='ocrx_word' id='word_1_126' title='bbox 1530 1811 1730 1863; x_wconf 80' lang='lat' dir='ltr'><strong>sponsa</strong></span> <span class='ocrx_word' id='word_1_127' title='bbox 1767 1813 1876 1852; x_wconf 89' lang='lat' dir='ltr'><strong>rem</strong></span> <span class='ocrx_word' id='word_1_128' title='bbox 1931 1798 2030 1852; x_wconf 87' lang='lat' dir='ltr'><strong>ha-</strong></span> 
     </span>
    </p>
   </div>
   <div class='ocr_carea' id='block_1_21' title="bbox 452 1879 2030 1956">
    <p class='ocr_par' dir='ltr' id='par_1_21' title="bbox 452 1879 2030 1956">
     <span class='ocr_line' id='line_1_21' title="bbox 452 1879 2030 1956; baseline 0.008 -25"><span class='ocrx_word' id='word_1_129' title='bbox 452 1879 592 1945; x_wconf 79' lang='lat' dir='ltr'><strong>buit,</strong></span> <span class='ocrx_word' id='word_1_130' title='bbox 648 1879 700 1935; x_wconf 92' lang='lat' dir='ltr'><strong>id</strong></span> <span class='ocrx_word' id='word_1_131' title='bbox 749 1885 972 1951; x_wconf 84' lang='lat' dir='ltr'><strong>impune</strong></span> <span class='ocrx_word' id='word_1_132' title='bbox 1023 1884 1238 1952; x_wconf 80' lang='lat' dir='ltr'><strong>fecisse,</strong></span> <span class='ocrx_word' id='word_1_133' title='bbox 1301 1891 1442 1953; x_wconf 88' lang='lat' dir='ltr'><strong>quod</strong></span> <span class='ocrx_word' id='word_1_134' title='bbox 1485 1904 1588 1940; x_wconf 89' lang='lat' dir='ltr'><strong>non</strong></span> <span class='ocrx_word' id='word_1_135' title='bbox 1635 1899 1855 1956; x_wconf 87' lang='lat' dir='ltr'><strong>possunt</strong></span> <span class='ocrx_word' id='word_1_136' title='bbox 1896 1891 2030 1944; x_wconf 83' lang='lat' dir='ltr'><strong>solvi</strong></span> 
     </span>
    </p>
   </div>
   <div class='ocr_carea' id='block_1_22' title="bbox 457 1973 2034 2048">
    <p class='ocr_par' dir='ltr' id='par_1_22' title="bbox 457 1973 2034 2048">
     <span class='ocr_line' id='line_1_22' title="bbox 457 1973 2034 2048; baseline 0.01 -28"><span class='ocrx_word' id='word_1_137' title='bbox 457 1973 750 2036; x_wconf 78' lang='lat' dir='ltr'><strong>sponsalia.</strong></span> <span class='ocrx_word' id='word_1_138' title='bbox 805 1973 938 2027; x_wconf 87' lang='lat' dir='ltr'><strong>Cum</strong></span> <span class='ocrx_word' id='word_1_139' title='bbox 987 1986 1166 2030; x_wconf 88' lang='lat' dir='ltr'><strong>autem</strong></span> <span class='ocrx_word' id='word_1_140' title='bbox 1224 1987 1488 2044; x_wconf 72' lang='lat' dir='ltr'><strong>angustus</strong></span> <span class='ocrx_word' id='word_1_141' title='bbox 1546 1979 1632 2032; x_wconf 88' lang='lat' dir='ltr'><strong>ille</strong></span> <span class='ocrx_word' id='word_1_142' title='bbox 1677 1990 1729 2032; x_wconf 90' lang='lat' dir='ltr'><strong>et</strong></span> <span class='ocrx_word' id='word_1_143' title='bbox 1803 1995 2034 2048; x_wconf 70' lang='lat' dir='ltr'><strong>magnus</strong></span> 
     </span>
    </p>
   </div>
   <div class='ocr_carea' id='block_1_23' title="bbox 455 2063 2035 2136">
    <p class='ocr_par' dir='ltr' id='par_1_23' title="bbox 455 2063 2035 2136">
     <span class='ocr_line' id='line_1_23' title="bbox 455 2063 2035 2136; baseline 0.006 -20"><span class='ocrx_word' id='word_1_144' title='bbox 455 2063 784 2125; x_wconf 73' lang='lat' dir='ltr'><strong>drungarius</strong></span> <span class='ocrx_word' id='word_1_145' title='bbox 830 2065 1086 2121; x_wconf 87' lang='lat' dir='ltr'><strong>dominus</strong></span> <span class='ocrx_word' id='word_1_146' title='bbox 1142 2068 1466 2136; x_wconf 74' lang='lat' dir='ltr'><strong>Stephanus]</strong></span> <span class='ocrx_word' id='word_1_147' title='bbox 1526 2069 1836 2125; x_wconf 86' lang='lat' dir='ltr'><strong>Cumnenus</strong></span> <span class='ocrx_word' id='word_1_148' title='bbox 1888 2079 2035 2126; x_wconf 80' lang='lat' dir='ltr'><strong>esset</strong></span> 
     </span>
    </p>
   </div>
   <div class='ocr_carea' id='block_1_24' title="bbox 456 2153 2033 2229">
    <p class='ocr_par' dir='ltr' id='par_1_24' title="bbox 456 2153 2033 2229">
     <span class='ocr_line' id='line_1_24' title="bbox 456 2153 2033 2229; baseline 0.006 -24"><span class='ocrx_word' id='word_1_149' title='bbox 456 2153 806 2207; x_wconf 86' lang='lat' dir='ltr'><strong>matrimonio</strong></span> <span class='ocrx_word' id='word_1_150' title='bbox 846 2155 1159 2223; x_wconf 72' lang='lat' dir='ltr'><strong>jungendus</strong></span> <span class='ocrx_word' id='word_1_151' title='bbox 1207 2159 1440 2213; x_wconf 73' lang='lat' dir='ltr'><strong>domina:</strong></span> <span class='ocrx_word' id='word_1_152' title='bbox 1495 2160 1787 2214; x_wconf 77' lang='lat' dir='ltr'><strong>Eudochize</strong></span> <span class='ocrx_word' id='word_1_153' title='bbox 1817 2162 2033 2229; x_wconf 77' lang='lat' dir='ltr'><strong>augusti</strong></span> 
     </span>
    </p>
   </div>
   <div class='ocr_carea' id='block_1_25' title="bbox 454 2241 2035 2310">
    <p class='ocr_par' dir='ltr' id='par_1_25' title="bbox 454 2241 2035 2310">
     <span class='ocr_line' id='line_1_25' title="bbox 454 2241 2035 2310; baseline 0.008 -20"><span class='ocrx_word' id='word_1_154' title='bbox 454 2241 601 2296; x_wconf 90' lang='lat' dir='ltr'><strong>illius</strong></span> <span class='ocrx_word' id='word_1_155' title='bbox 629 2252 678 2296; x_wconf 86' lang='lat' dir='ltr'><strong>et</strong></span> <span class='ocrx_word' id='word_1_156' title='bbox 717 2245 896 2308; x_wconf 80' lang='lat' dir='ltr'><strong>magni</strong></span> <span class='ocrx_word' id='word_1_157' title='bbox 930 2245 1214 2299; x_wconf 71' lang='lat' dir='ltr'><strong>domesﬁci</strong></span> <span class='ocrx_word' id='word_1_158' title='bbox 1265 2246 1728 2302; x_wconf 82' lang='lat' dir='ltr'><strong>dominiJoaunis</strong></span> <span class='ocrx_word' id='word_1_159' title='bbox 1773 2249 1895 2303; x_wconf 72' lang='lat' dir='ltr'><strong>lilia:</strong></span> <span class='ocrx_word' id='word_1_160' title='bbox 1927 2289 1940 2310; x_wconf 88' lang='lat'><strong>,</strong></span> <span class='ocrx_word' id='word_1_161' title='bbox 1981 2258 2035 2303; x_wconf 92' lang='lat' dir='ltr'><strong>et</strong></span> 
     </span>
    </p>
   </div>
   <div class='ocr_carea' id='block_1_26' title="bbox 458 2334 2033 2410">
    <p class='ocr_par' dir='ltr' id='par_1_26' title="bbox 458 2334 2033 2410">
     <span class='ocr_line' id='line_1_26' title="bbox 458 2334 2033 2410; baseline 0.008 -26"><span class='ocrx_word' id='word_1_162' title='bbox 458 2334 864 2400; x_wconf 85' lang='lat' dir='ltr'><strong>prohiberetur,</strong></span> <span class='ocrx_word' id='word_1_163' title='bbox 918 2351 984 2390; x_wconf 84' lang='lat' dir='ltr'><strong>eo</strong></span> <span class='ocrx_word' id='word_1_164' title='bbox 1023 2339 1166 2405; x_wconf 91' lang='lat' dir='ltr'><strong>quod</strong></span> <span class='ocrx_word' id='word_1_165' title='bbox 1239 2355 1396 2395; x_wconf 89' lang='lat' dir='ltr'><strong>soror</strong></span> <span class='ocrx_word' id='word_1_166' title='bbox 1438 2345 1555 2410; x_wconf 84' lang='lat' dir='ltr'><strong>ejus</strong></span> <span class='ocrx_word' id='word_1_167' title='bbox 1597 2342 1819 2395; x_wconf 87' lang='lat' dir='ltr'><strong>domina</strong></span> <span class='ocrx_word' id='word_1_168' title='bbox 1873 2343 2033 2396; x_wconf 88' lang='lat' dir='ltr'><strong>Irene</strong></span> 
     </span>
    </p>
   </div>
   <div class='ocr_carea' id='block_1_27' title="bbox 449 2424 2030 2501">
    <p class='ocr_par' dir='ltr' id='par_1_27' title="bbox 449 2424 2030 2501">
     <span class='ocr_line' id='line_1_27' title="bbox 449 2424 2030 2501; baseline 0.008 -24"><span class='ocrx_word' id='word_1_169' title='bbox 449 2424 718 2495; x_wconf 81' lang='lat' dir='ltr'><strong>desponsa</strong></span> <span class='ocrx_word' id='word_1_170' title='bbox 751 2437 895 2481; x_wconf 86' lang='lat' dir='ltr'><strong>esset</strong></span> <span class='ocrx_word' id='word_1_171' title='bbox 939 2429 1012 2482; x_wconf 92' lang='lat' dir='ltr'><strong>illi</strong></span> <span class='ocrx_word' id='word_1_172' title='bbox 1047 2431 1293 2498; x_wconf 77' lang='lat' dir='ltr'><strong>Augusto</strong></span> <span class='ocrx_word' id='word_1_173' title='bbox 1319 2433 1463 2485; x_wconf 88' lang='lat' dir='ltr'><strong>dom.</strong></span> <span class='ocrx_word' id='word_1_174' title='bbox 1501 2433 1694 2486; x_wconf 85' lang='lat' dir='ltr'><strong>Alexio</strong></span> <span class='ocrx_word' id='word_1_175' title='bbox 1733 2434 1786 2487; x_wconf 90' lang='lat' dir='ltr'><strong>in</strong></span> <span class='ocrx_word' id='word_1_176' title='bbox 1841 2435 2030 2501; x_wconf 86' lang='lat' dir='ltr'><strong>primis</strong></span> 
     </span>
    </p>
   </div>
   <div class='ocr_carea' id='block_1_28' title="bbox 450 2515 2036 2592">
    <p class='ocr_par' dir='ltr' id='par_1_28' title="bbox 450 2515 2036 2592">
     <span class='ocr_line' id='line_1_28' title="bbox 450 2515 2036 2592; baseline 0.007 -24"><span class='ocrx_word' id='word_1_177' title='bbox 450 2515 678 2584; x_wconf 71' lang='lat' dir='ltr'><strong>Augusti</strong></span> <span class='ocrx_word' id='word_1_178' title='bbox 729 2518 874 2572; x_wconf 92' lang='lat' dir='ltr'><strong>dom.</strong></span> <span class='ocrx_word' id='word_1_179' title='bbox 932 2517 1160 2574; x_wconf 81' lang='lat' dir='ltr'><strong>Joannis</strong></span> <span class='ocrx_word' id='word_1_180' title='bbox 1208 2522 1392 2590; x_wconf 86' lang='lat' dir='ltr'><strong>inclyti</strong></span> <span class='ocrx_word' id='word_1_181' title='bbox 1445 2521 1733 2590; x_wconf 80' lang='lat' dir='ltr'><strong>lmp.iilio,</strong></span> <span class='ocrx_word' id='word_1_182' title='bbox 1773 2524 1866 2592; x_wconf 91' lang='lat' dir='ltr'><strong>qui</strong></span> <span class='ocrx_word' id='word_1_183' title='bbox 1916 2533 2036 2579; x_wconf 90' lang='lat' dir='ltr'><strong>erat</strong></span> 
     </span>
    </p>
   </div>
   <div class='ocr_carea' id='block_1_29' title="bbox 447 2609 2036 2684">
    <p class='ocr_par' dir='ltr' id='par_1_29' title="bbox 447 2609 2036 2684">
     <span class='ocr_line' id='line_1_29' title="bbox 447 2609 2036 2684; baseline 0.007 -25"><span class='ocrx_word' id='word_1_184' title='bbox 447 2609 659 2676; x_wconf 88' lang='lat' dir='ltr'><strong>primus</strong></span> <span class='ocrx_word' id='word_1_185' title='bbox 702 2611 964 2677; x_wconf 84' lang='lat' dir='ltr'><strong>patruelis</strong></span> <span class='ocrx_word' id='word_1_186' title='bbox 996 2613 1172 2680; x_wconf 78' lang='lat' dir='ltr'><strong>magni</strong></span> <span class='ocrx_word' id='word_1_187' title='bbox 1204 2613 1504 2681; x_wconf 73' lang='lat' dir='ltr'><strong>Idrungarii</strong></span> <span class='ocrx_word' id='word_1_188' title='bbox 1542 2625 1596 2669; x_wconf 89' lang='lat' dir='ltr'><strong>et</strong></span> <span class='ocrx_word' id='word_1_189' title='bbox 1634 2613 1748 2669; x_wconf 86' lang='lat' dir='ltr'><strong>lieri</strong></span> <span class='ocrx_word' id='word_1_190' title='bbox 1803 2631 1908 2670; x_wconf 92' lang='lat' dir='ltr'><strong>non</strong></span> <span class='ocrx_word' id='word_1_191' title='bbox 1942 2631 2036 2684; x_wconf 89' lang='lat' dir='ltr'><strong>po-</strong></span> 
     </span>
    </p>
   </div>
   <div class='ocr_carea' id='block_1_30' title="bbox 452 2701 2033 2770">
    <p class='ocr_par' dir='ltr' id='par_1_30' title="bbox 452 2701 2033 2770">
     <span class='ocr_line' id='line_1_30' title="bbox 452 2701 2033 2770; baseline 0.008 -20"><span class='ocrx_word' id='word_1_192' title='bbox 452 2707 627 2765; x_wconf 82' lang='lat' dir='ltr'><strong>terat,</strong></span> <span class='ocrx_word' id='word_1_193' title='bbox 685 2711 744 2752; x_wconf 83' lang='lat' dir='ltr'><strong>ut</strong></span> <span class='ocrx_word' id='word_1_194' title='bbox 799 2701 908 2754; x_wconf 88' lang='lat' dir='ltr'><strong>duo</strong></span> <span class='ocrx_word' id='word_1_195' title='bbox 953 2703 1114 2769; x_wconf 89' lang='lat' dir='ltr'><strong>primi</strong></span> <span class='ocrx_word' id='word_1_196' title='bbox 1159 2705 1434 2770; x_wconf 87' lang='lat' dir='ltr'><strong>patrueles</strong></span> <span class='ocrx_word' id='word_1_197' title='bbox 1484 2705 1695 2760; x_wconf 83' lang='lat' dir='ltr'><strong>duabus</strong></span> <span class='ocrx_word' id='word_1_198' title='bbox 1750 2708 2033 2762; x_wconf 87' lang='lat' dir='ltr'><strong>sororibus</strong></span> 
     </span>
    </p>
   </div>
   <div class='ocr_carea' id='block_1_31' title="bbox 451 2791 2037 2864">
    <p class='ocr_par' dir='ltr' id='par_1_31' title="bbox 451 2791 2037 2864">
     <span class='ocr_line' id='line_1_31' title="bbox 451 2791 2037 2864; baseline 0.004 -21"><span class='ocrx_word' id='word_1_199' title='bbox 451 2791 914 2861; x_wconf 72' lang='lat' dir='ltr'><strong>conjungerentur</strong></span> <span class='ocrx_word' id='word_1_200' title='bbox 967 2794 1122 2862; x_wconf 75' lang='lat'><strong>121</strong></span> <span class='ocrx_word' id='word_1_201' title='bbox 1173 2797 1428 2864; x_wconf 81' lang='lat' dir='ltr'><strong>synodice</strong></span> <span class='ocrx_word' id='word_1_202' title='bbox 1472 2796 1730 2863; x_wconf 74' lang='lat' dir='ltr'><strong>agitatum</strong></span> <span class='ocrx_word' id='word_1_203' title='bbox 1778 2807 1861 2851; x_wconf 88' lang='lat' dir='ltr'><strong>est</strong></span> <span class='ocrx_word' id='word_1_204' title='bbox 1899 2807 2037 2852; x_wconf 90' lang='lat' dir='ltr'><strong>tem-</strong></span> 
     </span>
    </p>
   </div>
   <div class='ocr_carea' id='block_1_32' title="bbox 451 2884 2034 2953">
    <p class='ocr_par' dir='ltr' id='par_1_32' title="bbox 451 2884 2034 2953">
     <span class='ocr_line' id='line_1_32' title="bbox 451 2884 2034 2953; baseline 0.003 -17"><span class='ocrx_word' id='word_1_205' title='bbox 451 2897 582 2951; x_wconf 87' lang='lat' dir='ltr'><strong>pore</strong></span> <span class='ocrx_word' id='word_1_206' title='bbox 611 2884 943 2938; x_wconf 90' lang='lat' dir='ltr'><strong>sanctissimi</strong></span> <span class='ocrx_word' id='word_1_207' title='bbox 987 2887 1308 2953; x_wconf 71' lang='lat' dir='ltr'><strong>patriarchae</strong></span> <span class='ocrx_word' id='word_1_208' title='bbox 1340 2887 1546 2941; x_wconf 85' lang='lat' dir='ltr'><strong>domini</strong></span> <span class='ocrx_word' id='word_1_209' title='bbox 1604 2886 1812 2941; x_wconf 86' lang='lat' dir='ltr'><strong>Nicolai</strong></span> <span class='ocrx_word' id='word_1_210' title='bbox 1847 2887 2034 2941; x_wconf 79' lang='lat' dir='ltr'><strong>Muza-</strong></span> 
     </span>
    </p>
   </div>
   <div class='ocr_carea' id='block_1_33' title="bbox 449 2971 2040 3045">
    <p class='ocr_par' dir='ltr' id='par_1_33' title="bbox 449 2971 2040 3045">
     <span class='ocr_line' id='line_1_33' title="bbox 449 2971 2040 3045; baseline 0.004 -22"><span class='ocrx_word' id='word_1_211' title='bbox 449 2971 614 3039; x_wconf 84' lang='lat' dir='ltr'><strong>louis,</strong></span> <span class='ocrx_word' id='word_1_212' title='bbox 661 2989 727 3026; x_wconf 84' lang='lat' dir='ltr'><strong>an</strong></span> <span class='ocrx_word' id='word_1_213' title='bbox 756 2989 818 3027; x_wconf 75' lang='lat' dir='ltr'><strong>ex</strong></span> <span class='ocrx_word' id='word_1_214' title='bbox 854 2989 918 3028; x_wconf 90' lang='lat' dir='ltr'><strong>eo</strong></span> <span class='ocrx_word' id='word_1_215' title='bbox 951 2977 1275 3045; x_wconf 87' lang='lat' dir='ltr'><strong>impediatur</strong></span> <span class='ocrx_word' id='word_1_216' title='bbox 1315 2979 1452 3045; x_wconf 77' lang='lat' dir='ltr'><strong>magi</strong></span> <span class='ocrx_word' id='word_1_217' title='bbox 1513 2978 1787 3045; x_wconf 81' lang='lat' dir='ltr'><strong>drungarii</strong></span> <span class='ocrx_word' id='word_1_218' title='bbox 1818 2987 2040 3032; x_wconf 86' lang='lat' dir='ltr'><strong>contra-</strong></span> 
     </span>
    </p>
   </div>
   <div class='ocr_carea' id='block_1_34' title="bbox 2137 523 3722 599">
    <p class='ocr_par' dir='ltr' id='par_1_34' title="bbox 2137 523 3722 599">
     <span class='ocr_line' id='line_1_34' title="bbox 2137 523 3722 599; baseline 0.004 -26"><span class='ocrx_word' id='word_1_219' title='bbox 2137 523 2238 590; x_wconf 87' lang='grc' dir='ltr'>μὲν</span> <span class='ocrx_word' id='word_1_220' title='bbox 2295 523 2492 584; x_wconf 62' lang='grc' dir='ltr'>οὕτως.</span> <span class='ocrx_word' id='word_1_221' title='bbox 2537 526 2734 579; x_wconf 78' lang='grc' dir='ltr'>Ίστέον</span> <span class='ocrx_word' id='word_1_222' title='bbox 2779 527 2834 579; x_wconf 85' lang='grc' dir='ltr'>δὲ</span> <span class='ocrx_word' id='word_1_223' title='bbox 2891 529 2974 579; x_wconf 81' lang='grc' dir='ltr'>ὅτι</span> <span class='ocrx_word' id='word_1_224' title='bbox 3013 530 3079 580; x_wconf 88' lang='grc' dir='ltr'><strong>τά</strong></span> <span class='ocrx_word' id='word_1_225' title='bbox 3129 529 3258 599; x_wconf 81' lang='grc' dir='ltr'>περὶ</span> <span class='ocrx_word' id='word_1_226' title='bbox 3303 527 3402 580; x_wconf 77' lang='grc' dir='ltr'><strong>τοῦ</strong></span> <span class='ocrx_word' id='word_1_227' title='bbox 3472 527 3722 582; x_wconf 66' lang='grc' dir='ltr'>τοιούτου</span> 
     </span>
    </p>
   </div>
   <div class='ocr_carea' id='block_1_35' title="bbox 2134 615 3720 688">
    <p class='ocr_par' dir='ltr' id='par_1_35' title="bbox 2134 615 3720 688">
     <span class='ocr_line' id='line_1_35' title="bbox 2134 615 3720 688; baseline 0.003 -22"><span class='ocrx_word' id='word_1_228' title='bbox 2134 615 2360 674; x_wconf 77' lang='grc' dir='ltr'><strong>κανόνος</strong></span> <span class='ocrx_word' id='word_1_229' title='bbox 2434 615 2706 684; x_wconf 72' lang='grc' dir='ltr'>διαφόρως</span> <span class='ocrx_word' id='word_1_230' title='bbox 2787 619 3136 688; x_wconf 80' lang='grc' dir='ltr'>ἐλαλήοησαν</span> <span class='ocrx_word' id='word_1_231' title='bbox 3201 623 3282 683; x_wconf 87' lang='grc' dir='ltr'><strong>εἰς</strong></span> <span class='ocrx_word' id='word_1_232' title='bbox 3331 631 3392 672; x_wconf 63' lang='grc' dir='ltr'>τί,</span> <span class='ocrx_word' id='word_1_233' title='bbox 3432 620 3720 672; x_wconf 71' lang='grc' dir='ltr'>συνοδ·κδν</span> 
     </span>
    </p>
   </div>
   <div class='ocr_carea' id='block_1_36' title="bbox 2133 705 3724 782">
    <p class='ocr_par' dir='ltr' id='par_1_36' title="bbox 2133 705 3724 782">
     <span class='ocr_line' id='line_1_36' title="bbox 2133 705 3724 782; baseline 0.002 -24"><span class='ocrx_word' id='word_1_234' title='bbox 2133 705 2507 776; x_wconf 84' lang='grc' dir='ltr'>δικαστήριον,</span> <span class='ocrx_word' id='word_1_235' title='bbox 2548 711 2640 760; x_wconf 70' lang='grc' dir='ltr'>καὶ</span> <span class='ocrx_word' id='word_1_236' title='bbox 2665 705 2820 762; x_wconf 81' lang='grc' dir='ltr'>εἶπόν</span> <span class='ocrx_word' id='word_1_237' title='bbox 2851 728 2998 771; x_wconf 88' lang='grc' dir='ltr'>τινες</span> <span class='ocrx_word' id='word_1_238' title='bbox 3024 712 3099 773; x_wconf 88' lang='grc' dir='ltr'><strong>ώς</strong></span> <span class='ocrx_word' id='word_1_239' title='bbox 3131 711 3302 765; x_wconf 82' lang='grc' dir='ltr'>ταῦτα</span> <span class='ocrx_word' id='word_1_240' title='bbox 3332 712 3529 782; x_wconf 84' lang='grc' dir='ltr'>χώραν</span> <span class='ocrx_word' id='word_1_241' title='bbox 3553 707 3724 779; x_wconf 78' lang='grc' dir='ltr'>εἶχον,</span> 
     </span>
    </p>
   </div>
   <div class='ocr_carea' id='block_1_37' title="bbox 2135 799 3724 868">
    <p class='ocr_par' dir='ltr' id='par_1_37' title="bbox 2135 799 3724 868">
     <span class='ocr_line' id='line_1_37' title="bbox 2135 799 3724 868; baseline 0.006 -16"><span class='ocrx_word' id='word_1_242' title='bbox 2135 799 2222 852; x_wconf 81' lang='grc' dir='ltr'>ὅτε</span> <span class='ocrx_word' id='word_1_243' title='bbox 2255 801 2287 867; x_wconf 86' lang='grc' dir='ltr'>ἠ</span> <span class='ocrx_word' id='word_1_244' title='bbox 2332 802 2603 868; x_wconf 84' lang='grc' dir='ltr'>μνηστεία</span> <span class='ocrx_word' id='word_1_245' title='bbox 2660 804 2968 856; x_wconf 82' lang='grc' dir='ltr'>συναινέσει</span> <span class='ocrx_word' id='word_1_246' title='bbox 3029 805 3321 858; x_wconf 70' lang='grc' dir='ltr'><strong>συνίστατο</strong></span> <span class='ocrx_word' id='word_1_247' title='bbox 3369 806 3466 858; x_wconf 79' lang='grc' dir='ltr'>καὶ</span> <span class='ocrx_word' id='word_1_248' title='bbox 3511 806 3724 862; x_wconf 74' lang='grc' dir='ltr'>ἐλύετο.</span> 
     </span>
    </p>
   </div>
   <div class='ocr_carea' id='block_1_38' title="bbox 2133 888 3727 956">
    <p class='ocr_par' dir='ltr' id='par_1_38' title="bbox 2133 888 3727 956">
     <span class='ocr_line' id='line_1_38' title="bbox 2133 888 3727 956; baseline 0.004 -15"><span class='ocrx_word' id='word_1_249' title='bbox 2133 888 2369 956; x_wconf 83' lang='grc' dir='ltr'>Ἀρτίως</span> <span class='ocrx_word' id='word_1_250' title='bbox 2404 889 2460 944; x_wconf 73' lang='grc' dir='ltr'>δὲ</span> <span class='ocrx_word' id='word_1_251' title='bbox 2503 891 2591 944; x_wconf 85' lang='grc' dir='ltr'>ὅτε</span> <span class='ocrx_word' id='word_1_252' title='bbox 2636 893 2810 955; x_wconf 77' lang='grc' dir='ltr'>ἄλλως</span> <span class='ocrx_word' id='word_1_253' title='bbox 2856 895 2917 947; x_wconf 74' lang='grc' dir='ltr'>οὗ</span> <span class='ocrx_word' id='word_1_254' title='bbox 2973 895 3293 950; x_wconf 82' lang='grc' dir='ltr'><strong>συνίσταται</strong></span> <span class='ocrx_word' id='word_1_255' title='bbox 3361 897 3490 950; x_wconf 69' lang='grc' dir='ltr'>οὐδὲ</span> <span class='ocrx_word' id='word_1_256' title='bbox 3530 897 3727 950; x_wconf 82' lang='grc' dir='ltr'>λύεται</span> 
     </span>
    </p>
   </div>
   <div class='ocr_carea' id='block_1_39' title="bbox 2136 982 3729 1052">
    <p class='ocr_par' dir='ltr' id='par_1_39' title="bbox 2136 982 3729 1052">
     <span class='ocr_line' id='line_1_39' title="bbox 2136 982 3729 1052; baseline 0.004 -18"><span class='ocrx_word' id='word_1_257' title='bbox 2136 985 2185 1035; x_wconf 87' lang='grc' dir='ltr'><strong>εί</strong></span> <span class='ocrx_word' id='word_1_258' title='bbox 2221 983 2296 1050; x_wconf 80' lang='grc' dir='ltr'>μὴ</span> <span class='ocrx_word' id='word_1_259' title='bbox 2328 982 2469 1035; x_wconf 71' lang='grc' dir='ltr'>κατὰ</span> <span class='ocrx_word' id='word_1_260' title='bbox 2498 986 2626 1045; x_wconf 77' lang='grc' dir='ltr'>τοὺς</span> <span class='ocrx_word' id='word_1_261' title='bbox 2663 985 2900 1052; x_wconf 82' lang='grc' dir='ltr'><strong>τρόπους</strong></span> <span class='ocrx_word' id='word_1_262' title='bbox 2934 990 3027 1038; x_wconf 80' lang='grc' dir='ltr'>καὶ</span> <span class='ocrx_word' id='word_1_263' title='bbox 3083 987 3181 1051; x_wconf 87' lang='grc' dir='ltr'><strong>τάς</strong></span> <span class='ocrx_word' id='word_1_264' title='bbox 3241 991 3424 1048; x_wconf 78' lang='grc' dir='ltr'>αίτῐας</span> <span class='ocrx_word' id='word_1_265' title='bbox 3480 989 3605 1040; x_wconf 78' lang='grc' dir='ltr'>καθ’</span> <span class='ocrx_word' id='word_1_266' title='bbox 3659 987 3729 1048; x_wconf 83' lang='grc' dir='ltr'>ἇς</span> 
     </span>
    </p>
   </div>
   <div class='ocr_carea' id='block_1_40' title="bbox 2136 1073 3731 1142">
    <p class='ocr_par' dir='ltr' id='par_1_40' title="bbox 2136 1073 3731 1142">
     <span class='ocr_line' id='line_1_40' title="bbox 2136 1073 3731 1142; baseline 0.004 -17"><span class='ocrx_word' id='word_1_267' title='bbox 2136 1073 2228 1127; x_wconf 79' lang='grc' dir='ltr'>καὶ</span> <span class='ocrx_word' id='word_1_268' title='bbox 2259 1074 2286 1125; x_wconf 85' lang='grc' dir='ltr'>ὀ</span> <span class='ocrx_word' id='word_1_269' title='bbox 2315 1074 2521 1137; x_wconf 80' lang='grc' dir='ltr'>τέλειος</span> <span class='ocrx_word' id='word_1_270' title='bbox 2554 1076 2732 1142; x_wconf 81' lang='grc' dir='ltr'><strong>γάμος</strong></span> <span class='ocrx_word' id='word_1_271' title='bbox 2767 1075 3087 1130; x_wconf 74' lang='grc' dir='ltr'>συνίσταται</span> <span class='ocrx_word' id='word_1_272' title='bbox 3137 1079 3233 1130; x_wconf 79' lang='grc' dir='ltr'>καὶ</span> <span class='ocrx_word' id='word_1_273' title='bbox 3279 1078 3495 1140; x_wconf 84' lang='grc' dir='ltr'>λύεται,</span> <span class='ocrx_word' id='word_1_274' title='bbox 3549 1078 3731 1131; x_wconf 79' lang='grc' dir='ltr'>ταῦτα</span> 
     </span>
    </p>
   </div>
   <div class='ocr_carea' id='block_1_41' title="bbox 2137 1149 3730 1232">
    <p class='ocr_par' dir='ltr' id='par_1_41' title="bbox 2137 1149 3730 1232">
     <span class='ocr_line' id='line_1_41' title="bbox 2137 1149 3730 1232; baseline 0.003 -18"><span class='ocrx_word' id='word_1_275' title='bbox 2137 1163 2317 1216; x_wconf 85' lang='grc' dir='ltr'>πάντα</span> <span class='ocrx_word' id='word_1_276' title='bbox 2350 1165 2932 1232; x_wconf 78' lang='grc' dir='ltr'>άπρακτοῦσιν.”υθεν</span> <span class='ocrx_word' id='word_1_277' title='bbox 2988 1167 3112 1218; x_wconf 72' lang='grc' dir='ltr'>οὐδὲ</span> <span class='ocrx_word' id='word_1_278' title='bbox 3169 1149 3388 1231; x_wconf 65' lang='grc' dir='ltr'>ὲφεῗταί</span> <span class='ocrx_word' id='word_1_279' title='bbox 3447 1186 3557 1220; x_wconf 86' lang='grc' dir='ltr'>τινι</span> <span class='ocrx_word' id='word_1_280' title='bbox 3617 1170 3730 1219; x_wconf 54' lang='lat' dir='ltr'><strong>tt?»</strong></span> 
     </span>
    </p>
   </div>
   <div class='ocr_carea' id='block_1_42' title="bbox 2137 1253 3730 1331">
    <p class='ocr_par' dir='ltr' id='par_1_42' title="bbox 2137 1253 3730 1331">
     <span class='ocr_line' id='line_1_42' title="bbox 2137 1253 3730 1331; baseline 0.002 -25"><span class='ocrx_word' id='word_1_281' title='bbox 2137 1254 2230 1306; x_wconf 91' lang='lat' dir='ltr'><strong>toﬁ</strong></span> <span class='ocrx_word' id='word_1_282' title='bbox 2266 1253 2514 1324; x_wconf 85' lang='grc' dir='ltr'><strong>βήματος</strong></span> <span class='ocrx_word' id='word_1_283' title='bbox 2545 1255 2760 1323; x_wconf 78' lang='grc' dir='ltr'>θανάτῳ</span> <span class='ocrx_word' id='word_1_284' title='bbox 2789 1258 2830 1331; x_wconf 59' lang='grc' dir='ltr'><strong>⁸ἢ</strong></span> <span class='ocrx_word' id='word_1_285' title='bbox 2867 1258 3005 1327; x_wconf 77' lang='grc' dir='ltr'>άλλη</span> <span class='ocrx_word' id='word_1_286' title='bbox 3055 1258 3206 1329; x_wconf 78' lang='grc' dir='ltr'>αἰτίᾳ</span> <span class='ocrx_word' id='word_1_287' title='bbox 3242 1263 3304 1309; x_wconf 75' lang='grc' dir='ltr'>ἐκ</span> <span class='ocrx_word' id='word_1_288' title='bbox 3365 1261 3467 1326; x_wconf 80' lang='grc' dir='ltr'>τῆς</span> <span class='ocrx_word' id='word_1_289' title='bbox 3515 1258 3730 1320; x_wconf 79' lang='grc' dir='ltr'>οἰκείας</span> 
     </span>
    </p>
   </div>
   <div class='ocr_carea' id='block_1_43' title="bbox 2139 1344 3732 1414">
    <p class='ocr_par' dir='ltr' id='par_1_43' title="bbox 2139 1344 3732 1414">
     <span class='ocr_line' id='line_1_43' title="bbox 2139 1344 3732 1414; baseline 0 -18"><span class='ocrx_word' id='word_1_290' title='bbox 2139 1344 2517 1413; x_wconf 79' lang='grc' dir='ltr'>διαζευχθέντι</span> <span class='ocrx_word' id='word_1_291' title='bbox 2567 1345 2812 1414; x_wconf 82' lang='grc' dir='ltr'>μνηστῆς</span> <span class='ocrx_word' id='word_1_292' title='bbox 2857 1345 2962 1414; x_wconf 73' lang='grc' dir='ltr'><strong>πρὸ</strong></span> <span class='ocrx_word' id='word_1_293' title='bbox 2990 1345 3084 1397; x_wconf 80' lang='grc' dir='ltr'>τοῦ</span> <span class='ocrx_word' id='word_1_294' title='bbox 3141 1347 3322 1414; x_wconf 91' lang='grc' dir='ltr'>γάμου</span> <span class='ocrx_word' id='word_1_295' title='bbox 3362 1347 3531 1414; x_wconf 65' lang='grc' dir='ltr'>ἑτέρα</span> <span class='ocrx_word' id='word_1_296' title='bbox 3559 1344 3732 1396; x_wconf 77' lang='grc' dir='ltr'>συνά-</span> 
     </span>
    </p>
   </div>
   <div class='ocr_carea' id='block_1_44' title="bbox 2139 1435 3735 1504">
    <p class='ocr_par' dir='ltr' id='par_1_44' title="bbox 2139 1435 3735 1504">
     <span class='ocr_line' id='line_1_44' title="bbox 2139 1435 3735 1504; baseline -0.001 -17"><span class='ocrx_word' id='word_1_297' title='bbox 2139 1435 2378 1489; x_wconf 86' lang='grc' dir='ltr'>πτεσθαι</span> <span class='ocrx_word' id='word_1_298' title='bbox 2401 1436 2644 1504; x_wconf 73' lang='grc' dir='ltr'>γυναικὶ,</span> <span class='ocrx_word' id='word_1_299' title='bbox 2670 1439 2764 1490; x_wconf 70' lang='grc' dir='ltr'><strong>καὶ</strong></span> <span class='ocrx_word' id='word_1_300' title='bbox 2786 1438 2878 1489; x_wconf 86' lang='grc' dir='ltr'>τὸν</span> <span class='ocrx_word' id='word_1_301' title='bbox 2913 1436 3075 1488; x_wconf 81' lang='grc' dir='ltr'>τοῦτο</span> <span class='ocrx_word' id='word_1_302' title='bbox 3102 1437 3409 1504; x_wconf 81' lang='grc' dir='ltr'>ποιήσαντα</span> <span class='ocrx_word' id='word_1_303' title='bbox 3440 1435 3515 1496; x_wconf 77' lang='grc' dir='ltr'>ὡς</span> <span class='ocrx_word' id='word_1_304' title='bbox 3543 1435 3735 1487; x_wconf 86' lang='grc' dir='ltr'>δευτε-</span> 
     </span>
    </p>
   </div>
   <div class='ocr_carea' id='block_1_45' title="bbox 2146 1526 3735 1594">
    <p class='ocr_par' dir='ltr' id='par_1_45' title="bbox 2146 1526 3735 1594">
     <span class='ocr_line' id='line_1_45' title="bbox 2146 1526 3735 1594; baseline 0 -18"><span class='ocrx_word' id='word_1_305' title='bbox 2146 1527 2542 1594; x_wconf 83' lang='grc' dir='ltr'>ρογαμήσαντα</span> <span class='ocrx_word' id='word_1_306' title='bbox 2578 1526 2965 1594; x_wconf 73' lang='grc' dir='ltr'>καθαιρεῖσθαι</span> <span class='ocrx_word' id='word_1_307' title='bbox 3009 1541 3025 1557; x_wconf 75' lang='grc' dir='ltr'><strong><em>ο</em></strong></span> <span class='ocrx_word' id='word_1_308' title='bbox 3055 1526 3318 1588; x_wconf 78' lang='grc' dir='ltr'>ὡσαύτως</span> <span class='ocrx_word' id='word_1_309' title='bbox 3352 1527 3449 1578; x_wconf 71' lang='grc' dir='ltr'><strong>καὶ</strong></span> <span class='ocrx_word' id='word_1_310' title='bbox 3488 1526 3583 1578; x_wconf 77' lang='grc' dir='ltr'>τὸν</span> <span class='ocrx_word' id='word_1_311' title='bbox 3630 1529 3735 1594; x_wconf 79' lang='grc' dir='ltr'>ὲμο</span> 
     </span>
    </p>
   </div>
   <div class='ocr_carea' id='block_1_46' title="bbox 2139 1607 3724 1686">
    <p class='ocr_par' dir='ltr' id='par_1_46' title="bbox 2139 1607 3724 1686">
     <span class='ocr_line' id='line_1_46' title="bbox 2139 1607 3724 1686; baseline 0 -18"><span class='ocrx_word' id='word_1_312' title='bbox 2139 1615 2380 1669; x_wconf 82' lang='grc' dir='ltr'>πεσόντα</span> <span class='ocrx_word' id='word_1_313' title='bbox 2444 1618 2526 1678; x_wconf 84' lang='grc' dir='ltr'><strong>είς</strong></span> <span class='ocrx_word' id='word_1_314' title='bbox 2580 1617 2826 1670; x_wconf 82' lang='grc' dir='ltr'>τοιοῦτόν</span> <span class='ocrx_word' id='word_1_315' title='bbox 2883 1633 2937 1669; x_wconf 88' lang='grc' dir='ltr'><strong>τι</strong></span> <span class='ocrx_word' id='word_1_316' title='bbox 2999 1607 3355 1686; x_wconf 77' lang='grc' dir='ltr'>ἀναγνώστην</span> <span class='ocrx_word' id='word_1_317' title='bbox 3401 1621 3477 1686; x_wconf 79' lang='grc' dir='ltr'>μὴ</span> <span class='ocrx_word' id='word_1_318' title='bbox 3515 1634 3724 1685; x_wconf 84' lang='grc' dir='ltr'>προκο-</span> 
     </span>
    </p>
   </div>
   <div class='ocr_carea' id='block_1_47' title="bbox 2146 1708 3734 1778">
    <p class='ocr_par' dir='ltr' id='par_1_47' title="bbox 2146 1708 3734 1778">
     <span class='ocr_line' id='line_1_47' title="bbox 2146 1708 3734 1778; baseline 0.001 -19"><span class='ocrx_word' id='word_1_319' title='bbox 2146 1724 2304 1761; x_wconf 85' lang='grc' dir='ltr'>πτειν</span> <span class='ocrx_word' id='word_1_320' title='bbox 2324 1708 2404 1772; x_wconf 88' lang='grc' dir='ltr'><strong>είς</strong></span> <span class='ocrx_word' id='word_1_321' title='bbox 2435 1708 2623 1777; x_wconf 74' lang='grc' dir='ltr'>ἕτερον</span> <span class='ocrx_word' id='word_1_322' title='bbox 2652 1709 2878 1777; x_wconf 86' lang='grc' dir='ltr'>βαθμόν.</span> <span class='ocrx_word' id='word_1_323' title='bbox 2915 1709 3144 1761; x_wconf 79' lang='grc' dir='ltr'>Ἰίοελον</span> <span class='ocrx_word' id='word_1_324' title='bbox 3176 1709 3232 1762; x_wconf 69' lang='grc' dir='ltr'>δὲ</span> <span class='ocrx_word' id='word_1_325' title='bbox 3263 1711 3358 1762; x_wconf 82' lang='grc' dir='ltr'>καὶ</span> <span class='ocrx_word' id='word_1_326' title='bbox 3380 1711 3471 1762; x_wconf 80' lang='grc' dir='ltr'><strong>τὸν</strong></span> <span class='ocrx_word' id='word_1_327' title='bbox 3496 1710 3734 1778; x_wconf 63' lang='grc' dir='ltr'>μιγέντα</span> 
     </span>
    </p>
   </div>
   <div class='ocr_carea' id='block_1_48' title="bbox 2145 1797 3738 1868">
    <p class='ocr_par' dir='ltr' id='par_1_48' title="bbox 2145 1797 3738 1868">
     <span class='ocr_line' id='line_1_48' title="bbox 2145 1797 3738 1868; baseline -0.001 -19"><span class='ocrx_word' id='word_1_328' title='bbox 2145 1798 2388 1867; x_wconf 85' lang='grc' dir='ltr'>σήμερον</span> <span class='ocrx_word' id='word_1_329' title='bbox 2433 1799 2572 1866; x_wconf 79' lang='grc' dir='ltr'>μετὰ</span> <span class='ocrx_word' id='word_1_330' title='bbox 2604 1797 2704 1865; x_wconf 78' lang='grc' dir='ltr'>τῆς</span> <span class='ocrx_word' id='word_1_331' title='bbox 2765 1797 2980 1860; x_wconf 75' lang='grc' dir='ltr'>οἰκείας</span> <span class='ocrx_word' id='word_1_332' title='bbox 3017 1799 3262 1867; x_wconf 81' lang='grc' dir='ltr'>μνηστῆς</span> <span class='ocrx_word' id='word_1_333' title='bbox 3327 1799 3738 1868; x_wconf 83' lang='grc' dir='ltr'>ἀνεπιτίμητον</span> 
     </span>
    </p>
   </div>
   <div class='ocr_carea' id='block_1_49' title="bbox 2140 1885 3732 1955">
    <p class='ocr_par' dir='ltr' id='par_1_49' title="bbox 2140 1885 3732 1955">
     <span class='ocr_line' id='line_1_49' title="bbox 2140 1885 3732 1955; baseline 0.001 -17"><span class='ocrx_word' id='word_1_334' title='bbox 2140 1887 2320 1955; x_wconf 88' lang='grc' dir='ltr'>πάντη</span> <span class='ocrx_word' id='word_1_335' title='bbox 2384 1885 2781 1954; x_wconf 83' lang='grc' dir='ltr'>συντηρεϊσθαι</span> <span class='ocrx_word' id='word_1_336' title='bbox 2815 1885 2904 1938; x_wconf 82' lang='grc' dir='ltr'><strong>διὰ</strong></span> <span class='ocrx_word' id='word_1_337' title='bbox 2940 1887 3000 1938; x_wconf 84' lang='grc' dir='ltr'>τὸ</span> <span class='ocrx_word' id='word_1_338' title='bbox 3047 1885 3240 1940; x_wconf 82' lang='grc' dir='ltr'>ἄλυτον</span> <span class='ocrx_word' id='word_1_339' title='bbox 3269 1887 3366 1954; x_wconf 82' lang='grc' dir='ltr'>τῆς</span> <span class='ocrx_word' id='word_1_340' title='bbox 3403 1888 3732 1955; x_wconf 76' lang='grc' dir='ltr'>μνηστείας.</span> 
     </span>
    </p>
   </div>
   <div class='ocr_carea' id='block_1_50' title="bbox 2135 1975 3735 2043">
    <p class='ocr_par' dir='ltr' id='par_1_50' title="bbox 2135 1975 3735 2043">
     <span class='ocr_line' id='line_1_50' title="bbox 2135 1975 3735 2043; baseline -0.001 -15"><span class='ocrx_word' id='word_1_341' title='bbox 2135 1976 2242 2028; x_wconf 83' lang='grc' dir='ltr'><strong>Τοῦ</strong></span> <span class='ocrx_word' id='word_1_342' title='bbox 2271 1975 2331 2028; x_wconf 71' lang='grc' dir='ltr'>δὲ</span> <span class='ocrx_word' id='word_1_343' title='bbox 2368 1975 2636 2027; x_wconf 76' lang='grc' dir='ltr'>σεϐαστοῦ</span> <span class='ocrx_word' id='word_1_344' title='bbox 2668 1975 2881 2026; x_wconf 79' lang='grc' dir='ltr'>ἐκείνου</span> <span class='ocrx_word' id='word_1_345' title='bbox 2935 1976 3029 2026; x_wconf 71' lang='grc' dir='ltr'>καὶ</span> <span class='ocrx_word' id='word_1_346' title='bbox 3075 1975 3317 2042; x_wconf 83' lang='grc' dir='ltr'>μεγάλου</span> <span class='ocrx_word' id='word_1_347' title='bbox 3352 1975 3735 2043; x_wconf 78' lang='grc' dir='ltr'>δρουγγαρίου</span> 
     </span>
    </p>
   </div>
   <div class='ocr_carea' id='block_1_51' title="bbox 2137 2063 3739 2134">
    <p class='ocr_par' dir='ltr' id='par_1_51' title="bbox 2137 2063 3739 2134">
     <span class='ocr_line' id='line_1_51' title="bbox 2137 2063 3739 2134; baseline -0.001 -17"><span class='ocrx_word' id='word_1_348' title='bbox 2137 2065 2331 2134; x_wconf 82' lang='grc' dir='ltr'>κυρίου</span> <span class='ocrx_word' id='word_1_349' title='bbox 2363 2065 2642 2132; x_wconf 82' lang='grc' dir='ltr'>Στεφάνου</span> <span class='ocrx_word' id='word_1_350' title='bbox 2700 2063 2795 2115; x_wconf 84' lang='grc' dir='ltr'>τοῦ</span> <span class='ocrx_word' id='word_1_351' title='bbox 2845 2063 3139 2132; x_wconf 80' lang='grc' dir='ltr'>Κομνηνοῦ</span> <span class='ocrx_word' id='word_1_352' title='bbox 3190 2064 3482 2133; x_wconf 79' lang='grc' dir='ltr'>μέλλοντος</span> <span class='ocrx_word' id='word_1_353' title='bbox 3540 2066 3739 2128; x_wconf 78' lang='grc' dir='ltr'>συζευ-</span> 
     </span>
    </p>
   </div>
   <div class='ocr_carea' id='block_1_52' title="bbox 2138 2153 3737 2226">
    <p class='ocr_par' dir='ltr' id='par_1_52' title="bbox 2138 2153 3737 2226">
     <span class='ocr_line' id='line_1_52' title="bbox 2138 2153 3737 2226; baseline -0.001 -19"><span class='ocrx_word' id='word_1_354' title='bbox 2138 2155 2345 2224; x_wconf 82' lang='grc' dir='ltr'>χθῆναι</span> <span class='ocrx_word' id='word_1_355' title='bbox 2367 2157 2434 2224; x_wconf 78' lang='grc' dir='ltr'><strong>τῇ</strong></span> <span class='ocrx_word' id='word_1_356' title='bbox 2466 2154 2634 2223; x_wconf 80' lang='grc' dir='ltr'>κυρίᾳ</span> <span class='ocrx_word' id='word_1_357' title='bbox 2665 2153 2894 2222; x_wconf 79' lang='grc' dir='ltr'>Εὒδοκίᾳ</span> <span class='ocrx_word' id='word_1_358' title='bbox 2925 2158 2991 2224; x_wconf 73' lang='grc' dir='ltr'>τῇ</span> <span class='ocrx_word' id='word_1_359' title='bbox 3033 2155 3265 2226; x_wconf 79' lang='grc' dir='ltr'>θυγατρὶ</span> <span class='ocrx_word' id='word_1_360' title='bbox 3304 2155 3401 2207; x_wconf 86' lang='grc' dir='ltr'>τοῦ</span> <span class='ocrx_word' id='word_1_361' title='bbox 3461 2154 3737 2206; x_wconf 78' lang='grc' dir='ltr'>σεϐαστοῦ</span> 
     </span>
    </p>
   </div>
   <div class='ocr_carea' id='block_1_53' title="bbox 2137 2242 3738 2315">
    <p class='ocr_par' dir='ltr' id='par_1_53' title="bbox 2137 2242 3738 2315">
     <span class='ocr_line' id='line_1_53' title="bbox 2137 2242 3738 2315; baseline 0.002 -21"><span class='ocrx_word' id='word_1_362' title='bbox 2137 2243 2352 2295; x_wconf 76' lang='grc' dir='ltr'>ἐκείνου</span> <span class='ocrx_word' id='word_1_363' title='bbox 2401 2245 2495 2296; x_wconf 77' lang='grc' dir='ltr'>καὶ</span> <span class='ocrx_word' id='word_1_364' title='bbox 2530 2242 2774 2312; x_wconf 75' lang='grc' dir='ltr'>μεγάλου</span> <span class='ocrx_word' id='word_1_365' title='bbox 2814 2243 3140 2313; x_wconf 82' lang='grc' dir='ltr'>δομεστίκου</span> <span class='ocrx_word' id='word_1_366' title='bbox 3203 2247 3398 2315; x_wconf 86' lang='grc' dir='ltr'>κυρίου</span> <span class='ocrx_word' id='word_1_367' title='bbox 3457 2246 3738 2310; x_wconf 77' lang='grc' dir='ltr'>Ἰωάννου,</span> 
     </span>
    </p>
   </div>
   <div class='ocr_carea' id='block_1_54' title="bbox 2139 2333 3738 2405">
    <p class='ocr_par' dir='ltr' id='par_1_54' title="bbox 2139 2333 3738 2405">
     <span class='ocr_line' id='line_1_54' title="bbox 2139 2333 3738 2405; baseline 0 -18"><span class='ocrx_word' id='word_1_368' title='bbox 2139 2335 2231 2387; x_wconf 71' lang='grc' dir='ltr'>καὶ</span> <span class='ocrx_word' id='word_1_369' title='bbox 2284 2333 2637 2400; x_wconf 81' lang='grc' dir='ltr'>κωλυομένου</span> <span class='ocrx_word' id='word_1_370' title='bbox 2685 2333 2772 2387; x_wconf 65' lang='grc' dir='ltr'>διὰ</span> <span class='ocrx_word' id='word_1_371' title='bbox 2832 2334 2893 2385; x_wconf 78' lang='grc' dir='ltr'>τὸ</span> <span class='ocrx_word' id='word_1_372' title='bbox 2950 2335 3052 2405; x_wconf 79' lang='grc' dir='ltr'>τὴν</span> <span class='ocrx_word' id='word_1_373' title='bbox 3112 2334 3460 2402; x_wconf 82' lang='grc' dir='ltr'>αὐταδέλφην</span> <span class='ocrx_word' id='word_1_374' title='bbox 3522 2335 3738 2405; x_wconf 84' lang='grc' dir='ltr'>ταύτης</span> 
     </span>
    </p>
   </div>
   <div class='ocr_carea' id='block_1_55' title="bbox 2138 2423 3741 2501">
    <p class='ocr_par' dir='ltr' id='par_1_55' title="bbox 2138 2423 3741 2501">
     <span class='ocr_line' id='line_1_55' title="bbox 2138 2423 3741 2501; baseline 0.001 -25"><span class='ocrx_word' id='word_1_375' title='bbox 2138 2423 2337 2494; x_wconf 86' lang='grc' dir='ltr'>κυρίαν</span> <span class='ocrx_word' id='word_1_376' title='bbox 2368 2425 2608 2495; x_wconf 75' lang='grc' dir='ltr'>Εἰρήνην</span> <span class='ocrx_word' id='word_1_377' title='bbox 2645 2425 3055 2501; x_wconf 81' lang='grc' dir='ltr'>μνηστευθῆναι</span> <span class='ocrx_word' id='word_1_378' title='bbox 3084 2424 3162 2493; x_wconf 84' lang='grc' dir='ltr'><strong>τῷ</strong></span> <span class='ocrx_word' id='word_1_379' title='bbox 3225 2424 3481 2493; x_wconf 78' lang='grc' dir='ltr'>σεϐαστῷ</span> <span class='ocrx_word' id='word_1_380' title='bbox 3535 2426 3741 2493; x_wconf 75' lang='grc' dir='ltr'>ἐκείνῳ</span> 
     </span>
    </p>
   </div>
   <div class='ocr_carea' id='block_1_56' title="bbox 2137 2515 3740 2588">
    <p class='ocr_par' dir='ltr' id='par_1_56' title="bbox 2137 2515 3740 2588">
     <span class='ocr_line' id='line_1_56' title="bbox 2137 2515 3740 2588; baseline -0.004 -16"><span class='ocrx_word' id='word_1_381' title='bbox 2137 2519 2312 2588; x_wconf 83' lang='grc' dir='ltr'>κυρίῳ</span> <span class='ocrx_word' id='word_1_382' title='bbox 2351 2516 2580 2586; x_wconf 79' lang='grc' dir='ltr'>Ἀλεξίῳ</span> <span class='ocrx_word' id='word_1_383' title='bbox 2625 2517 2703 2586; x_wconf 83' lang='grc' dir='ltr'>τῷ</span> <span class='ocrx_word' id='word_1_384' title='bbox 2750 2517 2848 2586; x_wconf 81' lang='grc' dir='ltr'><strong>υἱῷ</strong></span> <span class='ocrx_word' id='word_1_385' title='bbox 2879 2516 2974 2569; x_wconf 80' lang='grc' dir='ltr'><strong>τοῦ</strong></span> <span class='ocrx_word' id='word_1_386' title='bbox 3010 2515 3477 2584; x_wconf 77' lang='grc' dir='ltr'>πρωτοσεὸάστου</span> <span class='ocrx_word' id='word_1_387' title='bbox 3517 2516 3740 2568; x_wconf 73' lang='grc' dir='ltr'>ἐκείνου</span> 
     </span>
    </p>
   </div>
   <div class='ocr_carea' id='block_1_57' title="bbox 2141 2605 3744 2676">
    <p class='ocr_par' dir='ltr' id='par_1_57' title="bbox 2141 2605 3744 2676">
     <span class='ocr_line' id='line_1_57' title="bbox 2141 2605 3744 2676; baseline -0.002 -15"><span class='ocrx_word' id='word_1_388' title='bbox 2141 2607 2330 2676; x_wconf 78' lang='grc' dir='ltr'>κυρίου</span> <span class='ocrx_word' id='word_1_389' title='bbox 2377 2608 2628 2660; x_wconf 78' lang='grc' dir='ltr'>Ἰωάννου</span> <span class='ocrx_word' id='word_1_390' title='bbox 2654 2607 2751 2659; x_wconf 88' lang='lat' dir='ltr'><strong>toﬁ</strong></span> <span class='ocrx_word' id='word_1_391' title='bbox 2790 2607 3041 2674; x_wconf 77' lang='grc' dir='ltr'>ἀοιδίμου</span> <span class='ocrx_word' id='word_1_392' title='bbox 3087 2605 3630 2676; x_wconf 70' lang='grc' dir='ltr'>σεϐαστοκράτορος,</span> <span class='ocrx_word' id='word_1_393' title='bbox 3659 2606 3744 2674; x_wconf 82' lang='grc' dir='ltr'>τῷ</span> 
     </span>
    </p>
   </div>
   <div class='ocr_carea' id='block_1_58' title="bbox 2139 2695 3744 2766">
    <p class='ocr_par' dir='ltr' id='par_1_58' title="bbox 2139 2695 3744 2766">
     <span class='ocr_line' id='line_1_58' title="bbox 2139 2695 3744 2766; baseline -0.002 -16"><span class='ocrx_word' id='word_1_394' title='bbox 2139 2698 2251 2753; x_wconf 81' lang='grc' dir='ltr'>δντι</span> <span class='ocrx_word' id='word_1_395' title='bbox 2274 2697 2478 2766; x_wconf 84' lang='grc' dir='ltr'>πρώτῳ</span> <span class='ocrx_word' id='word_1_396' title='bbox 2508 2696 2785 2766; x_wconf 73' lang='grc' dir='ltr'>ἐξαδίλφῳ</span> <span class='ocrx_word' id='word_1_397' title='bbox 2823 2695 2921 2748; x_wconf 82' lang='grc' dir='ltr'>τοῦ</span> <span class='ocrx_word' id='word_1_398' title='bbox 2944 2695 3182 2765; x_wconf 80' lang='grc' dir='ltr'>μεγάλου</span> <span class='ocrx_word' id='word_1_399' title='bbox 3217 2696 3618 2766; x_wconf 83' lang='grc' dir='ltr'>δρουγγαρίου,</span> <span class='ocrx_word' id='word_1_400' title='bbox 3643 2701 3744 2749; x_wconf 86' lang='grc' dir='ltr'>καὶ</span> 
     </span>
    </p>
   </div>
   <div class='ocr_carea' id='block_1_59' title="bbox 2141 2781 3744 2857">
    <p class='ocr_par' dir='ltr' id='par_1_59' title="bbox 2141 2781 3744 2857">
     <span class='ocr_line' id='line_1_59' title="bbox 2141 2781 3744 2857; baseline 0 -17"><span class='ocrx_word' id='word_1_401' title='bbox 2141 2787 2406 2840; x_wconf 81' lang='grc' dir='ltr'>ἀδύνατον</span> <span class='ocrx_word' id='word_1_402' title='bbox 2437 2781 2580 2839; x_wconf 72' lang='grc' dir='ltr'>εἶναι</span> <span class='ocrx_word' id='word_1_403' title='bbox 2619 2786 2713 2839; x_wconf 90' lang='grc' dir='ltr'><strong>δύο</strong></span> <span class='ocrx_word' id='word_1_404' title='bbox 2743 2785 2997 2857; x_wconf 84' lang='grc' dir='ltr'>πρώτους</span> <span class='ocrx_word' id='word_1_405' title='bbox 3024 2787 3356 2856; x_wconf 76' lang='grc' dir='ltr'>ὲξαδίλφους</span> <span class='ocrx_word' id='word_1_406' title='bbox 3387 2788 3549 2840; x_wconf 72' lang='grc' dir='ltr'>δυσὶν</span> <span class='ocrx_word' id='word_1_407' title='bbox 3581 2787 3744 2842; x_wconf 82' lang='grc' dir='ltr'>ἁδελ-</span> 
     </span>
    </p>
   </div>
   <div class='ocr_carea' id='block_1_60' title="bbox 2146 2877 3745 2948">
    <p class='ocr_par' dir='ltr' id='par_1_60' title="bbox 2146 2877 3745 2948">
     <span class='ocr_line' id='line_1_60' title="bbox 2146 2877 3745 2948; baseline 0.001 -18"><span class='ocrx_word' id='word_1_408' title='bbox 2146 2878 2275 2948; x_wconf 80' lang='grc' dir='ltr'><strong>φαῖς</strong></span> <span class='ocrx_word' id='word_1_409' title='bbox 2332 2877 2729 2942; x_wconf 85' lang='grc' dir='ltr'>συνάπτεσθαι,</span> <span class='ocrx_word' id='word_1_410' title='bbox 2795 2877 3034 2948; x_wconf 74' lang='grc' dir='ltr'>ἐλαλήθη</span> <span class='ocrx_word' id='word_1_411' title='bbox 3108 2878 3410 2938; x_wconf 84' lang='grc' dir='ltr'>συνοδικῶς</span> <span class='ocrx_word' id='word_1_412' title='bbox 3473 2879 3570 2929; x_wconf 70' lang='grc' dir='ltr'><strong>ἐπὶ</strong></span> <span class='ocrx_word' id='word_1_413' title='bbox 3627 2878 3745 2931; x_wconf 82' lang='grc' dir='ltr'><strong>τῶν</strong></span> 
     </span>
    </p>
   </div>
   <div class='ocr_carea' id='block_1_61' title="bbox 2143 2966 3742 3038">
    <p class='ocr_par' dir='ltr' id='par_1_61' title="bbox 2143 2966 3742 3038">
     <span class='ocr_line' id='line_1_61' title="bbox 2143 2966 3742 3038; baseline 0.003 -20"><span class='ocrx_word' id='word_1_414' title='bbox 2143 2966 2369 3036; x_wconf 83' lang='grc' dir='ltr'>ἡμερῶν</span> <span class='ocrx_word' id='word_1_415' title='bbox 2405 2966 2500 3020; x_wconf 86' lang='lat' dir='ltr'><strong>toﬁ</strong></span> <span class='ocrx_word' id='word_1_416' title='bbox 2532 2967 2838 3035; x_wconf 84' lang='grc' dir='ltr'>άγιωτάτου</span> <span class='ocrx_word' id='word_1_417' title='bbox 2859 2967 3206 3038; x_wconf 82' lang='grc' dir='ltr'>πατριάρχου</span> <span class='ocrx_word' id='word_1_418' title='bbox 3227 2968 3423 3037; x_wconf 89' lang='grc' dir='ltr'>κυρίου</span> <span class='ocrx_word' id='word_1_419' title='bbox 3455 2969 3742 3022; x_wconf 81' lang='grc' dir='ltr'>Νικολάου</span> 
     </span>
    </p>
   </div>
   <div class='ocr_carea' id='block_1_62' title="bbox 452 3059 2035 3146">
    <p class='ocr_par' dir='ltr' id='par_1_62' title="bbox 452 3068 2030 3139">
     <span class='ocr_line' id='line_1_62' title="bbox 452 3068 2030 3139; baseline 0.003 -23"><span class='ocrx_word' id='word_1_420' title='bbox 452 3071 619 3117; x_wconf 89' lang='lat' dir='ltr'><strong>ctus:</strong></span> <span class='ocrx_word' id='word_1_421' title='bbox 672 3075 934 3117; x_wconf 75' lang='lat' dir='ltr'><strong>Statutum</strong></span> <span class='ocrx_word' id='word_1_422' title='bbox 986 3077 1070 3120; x_wconf 88' lang='lat' dir='ltr'><strong>est</strong></span> <span class='ocrx_word' id='word_1_423' title='bbox 1109 3069 1287 3121; x_wconf 78' lang='lat' dir='ltr'><strong>autem</strong></span> <span class='ocrx_word' id='word_1_424' title='bbox 1333 3084 1439 3121; x_wconf 91' lang='lat' dir='ltr'><strong>non</strong></span> <span class='ocrx_word' id='word_1_425' title='bbox 1490 3069 1761 3136; x_wconf 88' lang='lat' dir='ltr'><strong>impediri,</strong></span> <span class='ocrx_word' id='word_1_426' title='bbox 1795 3083 1861 3124; x_wconf 90' lang='lat' dir='ltr'><strong>eo</strong></span> <span class='ocrx_word' id='word_1_427' title='bbox 1887 3068 2030 3139; x_wconf 91' lang='lat' dir='ltr'><strong>quod</strong></span> 
     </span>
    </p>
   </div>
   <div class='ocr_carea' id='block_1_63' title="bbox 2142 3059 3743 3146">
    <p class='ocr_par' dir='ltr' id='par_1_63' title="bbox 2153 3059 3743 3126">
     <span class='ocr_line' id='line_1_63' title="bbox 2153 3059 3743 3126; baseline 0.002 -14"><span class='ocrx_word' id='word_1_428' title='bbox 2153 3059 2248 3112; x_wconf 91' lang='lat' dir='ltr'><strong>toﬁ</strong></span> <span class='ocrx_word' id='word_1_429' title='bbox 2275 3059 2667 3123; x_wconf 82' lang='grc' dir='ltr'>Μουσάλωνος,</span> <span class='ocrx_word' id='word_1_430' title='bbox 2709 3059 2759 3112; x_wconf 77' lang='grc' dir='ltr'><strong>εί</strong></span> <span class='ocrx_word' id='word_1_431' title='bbox 2787 3061 2852 3112; x_wconf 82' lang='grc' dir='ltr'>ὲκ</span> <span class='ocrx_word' id='word_1_432' title='bbox 2900 3059 3095 3112; x_wconf 88' lang='grc' dir='ltr'>τούτου</span> <span class='ocrx_word' id='word_1_433' title='bbox 3140 3059 3504 3126; x_wconf 74' lang='grc' dir='ltr'>ὲμποδίζεται</span> <span class='ocrx_word' id='word_1_434' title='bbox 3549 3063 3612 3114; x_wconf 84' lang='grc' dir='ltr'>τὸ</span> <span class='ocrx_word' id='word_1_435' title='bbox 3642 3063 3743 3115; x_wconf 80' lang='grc' dir='ltr'><strong>τοῦ</strong></span> 
     </span>
    </p>
   </div>
   <div class='ocr_carea' id='block_1_64' title="bbox 453 3155 2032 3224">
    <p class='ocr_par' dir='ltr' id='par_1_64' title="bbox 453 3155 2032 3224">
     <span class='ocr_line' id='line_1_64' title="bbox 453 3155 2032 3224; baseline 0.003 -14"><span class='ocrx_word' id='word_1_436' title='bbox 453 3155 725 3218; x_wconf 83' lang='lat' dir='ltr'><strong>sponsalia</strong></span> <span class='ocrx_word' id='word_1_437' title='bbox 772 3156 998 3224; x_wconf 76' lang='lat' dir='ltr'><strong>perfecti</strong></span> <span class='ocrx_word' id='word_1_438' title='bbox 1055 3159 1385 3213; x_wconf 86' lang='lat' dir='ltr'><strong>matrimonii</strong></span> <span class='ocrx_word' id='word_1_439' title='bbox 1430 3160 1604 3213; x_wconf 87' lang='lat' dir='ltr'><strong>locum</strong></span> <span class='ocrx_word' id='word_1_440' title='bbox 1647 3175 1751 3221; x_wconf 86' lang='lat' dir='ltr'><strong>non</strong></span> <span class='ocrx_word' id='word_1_441' title='bbox 1795 3169 2032 3215; x_wconf 87' lang='lat' dir='ltr'><strong>teneant.</strong></span> 
     </span>
    </p>
   </div>
   <div class='ocr_carea' id='block_1_65' title="bbox 451 3243 2031 3320">
    <p class='ocr_par' dir='ltr' id='par_1_65' title="bbox 451 3243 2031 3320">
     <span class='ocr_line' id='line_1_65' title="bbox 451 3243 2031 3320; baseline 0.006 -22"><span class='ocrx_word' id='word_1_442' title='bbox 451 3243 622 3299; x_wconf 86' lang='lat' dir='ltr'><strong>Porro</strong></span> <span class='ocrx_word' id='word_1_443' title='bbox 679 3249 1062 3301; x_wconf 86' lang='lat' dir='ltr'><strong>sam-tissimus</strong></span> <span class='ocrx_word' id='word_1_444' title='bbox 1133 3265 1348 3319; x_wconf 85' lang='lat' dir='ltr'><strong>quoque</strong></span> <span class='ocrx_word' id='word_1_445' title='bbox 1403 3251 1715 3320; x_wconf 81' lang='lat' dir='ltr'><strong>patriarcha</strong></span> <span class='ocrx_word' id='word_1_446' title='bbox 1775 3252 2031 3307; x_wconf 91' lang='lat' dir='ltr'><strong>dominus</strong></span> 
     </span>
    </p>
   </div>
   <div class='ocr_carea' id='block_1_66' title="bbox 453 3334 2037 3408">
    <p class='ocr_par' dir='ltr' id='par_1_66' title="bbox 453 3334 2037 3408">
     <span class='ocr_line' id='line_1_66' title="bbox 453 3334 2037 3408; baseline 0.006 -19"><span class='ocrx_word' id='word_1_447' title='bbox 453 3334 791 3390; x_wconf 81' lang='lat' dir='ltr'><strong>Theodosius</strong></span> <span class='ocrx_word' id='word_1_448' title='bbox 851 3340 1126 3392; x_wconf 66' lang='lat' dir='ltr'><strong>concessit</strong></span> <span class='ocrx_word' id='word_1_449' title='bbox 1188 3340 1676 3408; x_wconf 83' lang='lat' dir='ltr'><strong>Mesopotamitano</strong></span> <span class='ocrx_word' id='word_1_450' title='bbox 1739 3344 1884 3397; x_wconf 90' lang='lat' dir='ltr'><strong>dom.</strong></span> <span class='ocrx_word' id='word_1_451' title='bbox 1943 3345 2037 3398; x_wconf 81' lang='lat' dir='ltr'><strong>Mi-</strong></span> 
     </span>
    </p>
   </div>
   <div class='ocr_carea' id='block_1_67' title="bbox 455 3426 2030 3501">
    <p class='ocr_par' dir='ltr' id='par_1_67' title="bbox 455 3426 2030 3501">
     <span class='ocr_line' id='line_1_67' title="bbox 455 3426 2030 3501; baseline 0.004 -22"><span class='ocrx_word' id='word_1_452' title='bbox 455 3426 652 3486; x_wconf 78' lang='lat' dir='ltr'><strong>chaeli.</strong></span> <span class='ocrx_word' id='word_1_453' title='bbox 690 3430 776 3480; x_wconf 89' lang='lat' dir='ltr'><strong>cui</strong></span> <span class='ocrx_word' id='word_1_454' title='bbox 821 3428 990 3481; x_wconf 77' lang='lat' dir='ltr'><strong>Maria</strong></span> <span class='ocrx_word' id='word_1_455' title='bbox 1029 3431 1276 3496; x_wconf 56' lang='lat' dir='ltr'><strong>quaedam</strong></span> <span class='ocrx_word' id='word_1_456' title='bbox 1333 3432 1603 3501; x_wconf 85' lang='lat' dir='ltr'><strong>desponsa</strong></span> <span class='ocrx_word' id='word_1_457' title='bbox 1647 3432 1786 3488; x_wconf 80' lang='lat' dir='ltr'><strong>forte</strong></span> <span class='ocrx_word' id='word_1_458' title='bbox 1828 3433 2030 3500; x_wconf 79' lang='lat' dir='ltr'><strong>fuerat,</strong></span> 
     </span>
    </p>
   </div>
   <div class='ocr_carea' id='block_1_68' title="bbox 452 3520 2032 3584">
    <p class='ocr_par' dir='ltr' id='par_1_68' title="bbox 452 3520 2032 3584">
     <span class='ocr_line' id='line_1_68' title="bbox 452 3520 2032 3584; baseline 0.005 -15"><span class='ocrx_word' id='word_1_459' title='bbox 452 3525 538 3579; x_wconf 84' lang='lat' dir='ltr'><strong>ct,</strong></span> <span class='ocrx_word' id='word_1_460' title='bbox 608 3520 750 3584; x_wconf 87' lang='lat' dir='ltr'><strong>quod</strong></span> <span class='ocrx_word' id='word_1_461' title='bbox 823 3531 883 3568; x_wconf 92' lang='lat' dir='ltr'><strong>ea</strong></span> <span class='ocrx_word' id='word_1_462' title='bbox 954 3527 1078 3571; x_wconf 84' lang='lat' dir='ltr'><strong>ante</strong></span> <span class='ocrx_word' id='word_1_463' title='bbox 1135 3520 1539 3573; x_wconf 88' lang='lat' dir='ltr'><strong>matrimonium</strong></span> <span class='ocrx_word' id='word_1_464' title='bbox 1594 3533 1820 3574; x_wconf 82' lang='lat' dir='ltr'><strong>mortem</strong></span> <span class='ocrx_word' id='word_1_465' title='bbox 1878 3522 2032 3577; x_wconf 79' lang='lat' dir='ltr'><strong>obie-</strong></span> 
     </span>
    </p>
   </div>
   <div class='ocr_carea' id='block_1_69' title="bbox 455 3605 2036 3680">
    <p class='ocr_par' dir='ltr' id='par_1_69' title="bbox 455 3605 2036 3680">
     <span class='ocr_line' id='line_1_69' title="bbox 455 3605 2036 3680; baseline 0.004 -21"><span class='ocrx_word' id='word_1_466' title='bbox 455 3614 532 3659; x_wconf 88' lang='lat' dir='ltr'><strong>rat</strong></span> <span class='ocrx_word' id='word_1_467' title='bbox 562 3644 576 3670; x_wconf 93' lang='lat'><strong>,</strong></span> <span class='ocrx_word' id='word_1_468' title='bbox 632 3605 789 3657; x_wconf 87' lang='lat' dir='ltr'><strong>aliam</strong></span> <span class='ocrx_word' id='word_1_469' title='bbox 839 3617 1116 3674; x_wconf 77' lang='lat' dir='ltr'><strong>acceperat</strong></span> <span class='ocrx_word' id='word_1_470' title='bbox 1148 3648 1162 3672; x_wconf 92' lang='lat'><strong>,</strong></span> <span class='ocrx_word' id='word_1_471' title='bbox 1208 3617 1267 3662; x_wconf 93' lang='lat' dir='ltr'><strong>ut</strong></span> <span class='ocrx_word' id='word_1_472' title='bbox 1306 3609 1392 3662; x_wconf 91' lang='lat' dir='ltr'><strong>alii</strong></span> <span class='ocrx_word' id='word_1_473' title='bbox 1430 3611 1546 3664; x_wconf 91' lang='lat' dir='ltr'><strong>sine</strong></span> <span class='ocrx_word' id='word_1_474' title='bbox 1578 3612 1888 3680; x_wconf 70' lang='lat' dir='ltr'><strong>przrjudicio</strong></span> <span class='ocrx_word' id='word_1_475' title='bbox 1918 3621 2036 3679; x_wconf 88' lang='lat' dir='ltr'><strong>post</strong></span> 
     </span>
    </p>
   </div>
   <div class='ocr_carea' id='block_1_70' title="bbox 455 3697 2038 3770">
    <p class='ocr_par' dir='ltr' id='par_1_70' title="bbox 455 3697 2038 3770">
     <span class='ocr_line' id='line_1_70' title="bbox 455 3697 2038 3770; baseline 0.006 -22"><span class='ocrx_word' id='word_1_476' title='bbox 455 3705 684 3750; x_wconf 88' lang='lat' dir='ltr'><strong>mortem</strong></span> <span class='ocrx_word' id='word_1_477' title='bbox 725 3697 841 3764; x_wconf 85' lang='lat' dir='ltr'><strong>ejus</strong></span> <span class='ocrx_word' id='word_1_478' title='bbox 892 3701 1348 3770; x_wconf 78' lang='lat' dir='ltr'><strong>conjungeretur,</strong></span> <span class='ocrx_word' id='word_1_479' title='bbox 1412 3704 1647 3756; x_wconf 75' lang='lat' dir='ltr'><strong>maxime</strong></span> <span class='ocrx_word' id='word_1_480' title='bbox 1688 3720 1808 3757; x_wconf 88' lang='lat' dir='ltr'><strong>ctnn</strong></span> <span class='ocrx_word' id='word_1_481' title='bbox 1869 3715 1922 3758; x_wconf 90' lang='lat' dir='ltr'><strong>et</strong></span> <span class='ocrx_word' id='word_1_482' title='bbox 1976 3705 2038 3757; x_wconf 83' lang='lat' dir='ltr'><strong>li-</strong></span> 
     </span>
    </p>
   </div>
   <div class='ocr_carea' id='block_1_71' title="bbox 452 3786 2035 3861">
    <p class='ocr_par' dir='ltr' id='par_1_71' title="bbox 452 3786 2035 3861">
     <span class='ocr_line' id='line_1_71' title="bbox 452 3786 2035 3861; baseline 0.004 -22"><span class='ocrx_word' id='word_1_483' title='bbox 452 3786 611 3842; x_wconf 86' lang='lat' dir='ltr'><strong>beros</strong></span> <span class='ocrx_word' id='word_1_484' title='bbox 681 3789 948 3850; x_wconf 87' lang='lat' dir='ltr'><strong>haberet.</strong></span> <span class='ocrx_word' id='word_1_485' title='bbox 1016 3801 1070 3844; x_wconf 92' lang='lat' dir='ltr'><strong>ct</strong></span> <span class='ocrx_word' id='word_1_486' title='bbox 1177 3791 1408 3861; x_wconf 87' lang='lat' dir='ltr'><strong>trigeuta</strong></span> <span class='ocrx_word' id='word_1_487' title='bbox 1480 3808 1651 3848; x_wconf 91' lang='lat' dir='ltr'><strong>annos</strong></span> <span class='ocrx_word' id='word_1_488' title='bbox 1692 3795 2035 3859; x_wconf 75' lang='lat' dir='ltr'><strong>excessisset,</strong></span> 
     </span>
    </p>
   </div>
   <div class='ocr_carea' id='block_1_72' title="bbox 455 3877 2036 3954">
    <p class='ocr_par' dir='ltr' id='par_1_72' title="bbox 455 3877 2036 3954">
     <span class='ocr_line' id='line_1_72' title="bbox 455 3877 2036 3954; baseline 0.006 -25"><span class='ocrx_word' id='word_1_489' title='bbox 455 3877 642 3932; x_wconf 90' lang='lat' dir='ltr'><strong>dicens</strong></span> <span class='ocrx_word' id='word_1_490' title='bbox 683 3880 787 3934; x_wconf 90' lang='lat' dir='ltr'><strong>hoc</strong></span> <span class='ocrx_word' id='word_1_491' title='bbox 838 3896 944 3936; x_wconf 83' lang='lat' dir='ltr'><strong>noo</strong></span> <span class='ocrx_word' id='word_1_492' title='bbox 972 3883 1212 3950; x_wconf 89' lang='lat' dir='ltr'><strong>reputari</strong></span> <span class='ocrx_word' id='word_1_493' title='bbox 1263 3884 1590 3952; x_wconf 81' lang='lat' dir='ltr'><strong>trigamiam,</strong></span> <span class='ocrx_word' id='word_1_494' title='bbox 1648 3893 1832 3953; x_wconf 90' lang='lat' dir='ltr'><strong>utpote</strong></span> <span class='ocrx_word' id='word_1_495' title='bbox 1895 3887 2036 3954; x_wconf 88' lang='lat' dir='ltr'><strong>quod</strong></span> 
     </span>
    </p>
   </div>
   <div class='ocr_carea' id='block_1_73' title="bbox 457 3971 2035 4042">
    <p class='ocr_par' dir='ltr' id='par_1_73' title="bbox 457 3971 2035 4042">
     <span class='ocr_line' id='line_1_73' title="bbox 457 3971 2035 4042; baseline 0.004 -19"><span class='ocrx_word' id='word_1_496' title='bbox 457 3971 733 4037; x_wconf 84' lang='lat' dir='ltr'><strong>sponsalia</strong></span> <span class='ocrx_word' id='word_1_497' title='bbox 771 3987 866 4040; x_wconf 90' lang='lat' dir='ltr'><strong>pro</strong></span> <span class='ocrx_word' id='word_1_498' title='bbox 894 3975 1134 4042; x_wconf 77' lang='lat' dir='ltr'><strong>perfecto</strong></span> <span class='ocrx_word' id='word_1_499' title='bbox 1168 3977 1520 4030; x_wconf 79' lang='lat' dir='ltr'><strong>matrimonio</strong></span> <span class='ocrx_word' id='word_1_500' title='bbox 1566 3993 1669 4030; x_wconf 89' lang='lat' dir='ltr'><strong>non</strong></span> <span class='ocrx_word' id='word_1_501' title='bbox 1707 3977 2035 4031; x_wconf 86' lang='lat' dir='ltr'><strong>sullicereut.</strong></span> 
     </span>
    </p>
   </div>
   <div class='ocr_carea' id='block_1_74' title="bbox 455 4059 2037 4136">
    <p class='ocr_par' dir='ltr' id='par_1_74' title="bbox 455 4059 2037 4136">
     <span class='ocr_line' id='line_1_74' title="bbox 455 4059 2037 4136; baseline 0.004 -22"><span class='ocrx_word' id='word_1_502' title='bbox 455 4059 583 4115; x_wconf 74' lang='lat' dir='ltr'><strong>Haec</strong></span> <span class='ocrx_word' id='word_1_503' title='bbox 635 4073 811 4116; x_wconf 88' lang='lat' dir='ltr'><strong>autem</strong></span> <span class='ocrx_word' id='word_1_504' title='bbox 843 4065 1044 4120; x_wconf 90' lang='lat' dir='ltr'><strong>idcirco</strong></span> <span class='ocrx_word' id='word_1_505' title='bbox 1084 4076 1288 4121; x_wconf 89' lang='lat' dir='ltr'><strong>statuta</strong></span> <span class='ocrx_word' id='word_1_506' title='bbox 1322 4077 1470 4130; x_wconf 88' lang='lat' dir='ltr'><strong>sunt,</strong></span> <span class='ocrx_word' id='word_1_507' title='bbox 1526 4069 1670 4136; x_wconf 91' lang='lat' dir='ltr'><strong>quod</strong></span> <span class='ocrx_word' id='word_1_508' title='bbox 1703 4084 1808 4121; x_wconf 90' lang='lat' dir='ltr'><strong>non</strong></span> <span class='ocrx_word' id='word_1_509' title='bbox 1832 4069 2037 4122; x_wconf 90' lang='lat' dir='ltr'><strong>dictum</strong></span> 
     </span>
    </p>
   </div>
   <div class='ocr_carea' id='block_1_75' title="bbox 453 4151 2038 4225">
    <p class='ocr_par' dir='ltr' id='par_1_75' title="bbox 453 4151 2038 4225">
     <span class='ocr_line' id='line_1_75' title="bbox 453 4151 2038 4225; baseline 0.002 -19"><span class='ocrx_word' id='word_1_510' title='bbox 453 4160 541 4206; x_wconf 90' lang='lat' dir='ltr'><strong>est</strong></span> <span class='ocrx_word' id='word_1_511' title='bbox 612 4151 927 4208; x_wconf 74' lang='lat' dir='ltr'><strong>afﬁnitatem</strong></span> <span class='ocrx_word' id='word_1_512' title='bbox 979 4157 1146 4211; x_wconf 90' lang='lat' dir='ltr'><strong>etiam</strong></span> <span class='ocrx_word' id='word_1_513' title='bbox 1209 4158 1358 4211; x_wconf 90' lang='lat' dir='ltr'><strong>inter</strong></span> <span class='ocrx_word' id='word_1_514' title='bbox 1407 4166 1589 4225; x_wconf 86' lang='lat' dir='ltr'><strong>partes</strong></span> <span class='ocrx_word' id='word_1_515' title='bbox 1647 4157 2038 4224; x_wconf 83' lang='lat' dir='ltr'><strong>desponsantes</strong></span> 
     </span>
    </p>
   </div>
   <div class='ocr_carea' id='block_1_76' title="bbox 454 4242 2037 4314">
    <p class='ocr_par' dir='ltr' id='par_1_76' title="bbox 454 4242 2037 4314">
     <span class='ocr_line' id='line_1_76' title="bbox 454 4242 2037 4314; baseline 0.002 -19"><span class='ocrx_word' id='word_1_516' title='bbox 454 4242 645 4297; x_wconf 84' lang='lat' dir='ltr'><strong>fuisse.</strong></span> <span class='ocrx_word' id='word_1_517' title='bbox 711 4242 766 4297; x_wconf 87' lang='lat' dir='ltr'><strong>Si</strong></span> <span class='ocrx_word' id='word_1_518' title='bbox 821 4247 966 4298; x_wconf 90' lang='lat' dir='ltr'><strong>enim</strong></span> <span class='ocrx_word' id='word_1_519' title='bbox 1032 4246 1264 4300; x_wconf 80' lang='lat' dir='ltr'><strong>aﬂinitas</strong></span> <span class='ocrx_word' id='word_1_520' title='bbox 1319 4247 1533 4310; x_wconf 75' lang='lat' dir='ltr'><strong>fuisset,</strong></span> <span class='ocrx_word' id='word_1_521' title='bbox 1598 4245 1704 4298; x_wconf 86' lang='lat' dir='ltr'><strong>tale</strong></span> <span class='ocrx_word' id='word_1_522' title='bbox 1757 4246 2037 4314; x_wconf 85' lang='lat' dir='ltr'><strong>quippiam</strong></span> 
     </span>
    </p>
   </div>
   <div class='ocr_carea' id='block_1_77' title="bbox 455 4336 2037 4402">
    <p class='ocr_par' dir='ltr' id='par_1_77' title="bbox 455 4336 2037 4402">
     <span class='ocr_line' id='line_1_77' title="bbox 455 4336 2037 4402; baseline 0.001 -15"><span class='ocrx_word' id='word_1_523' title='bbox 455 4350 732 4402; x_wconf 82' lang='lat' dir='ltr'><strong>nunquam</strong></span> <span class='ocrx_word' id='word_1_524' title='bbox 794 4336 1146 4388; x_wconf 86' lang='lat' dir='ltr'><strong>constitutum</strong></span> <span class='ocrx_word' id='word_1_525' title='bbox 1194 4346 1362 4397; x_wconf 87' lang='lat' dir='ltr'><strong>esset,</strong></span> <span class='ocrx_word' id='word_1_526' title='bbox 1410 4351 1476 4388; x_wconf 89' lang='lat' dir='ltr'><strong>ne</strong></span> <span class='ocrx_word' id='word_1_527' title='bbox 1520 4336 1840 4389; x_wconf 78' lang='lat' dir='ltr'><strong>manifestus</strong></span> <span class='ocrx_word' id='word_1_528' title='bbox 1890 4337 2037 4389; x_wconf 90' lang='lat' dir='ltr'><strong>ince-</strong></span> 
     </span>
    </p>
   </div>
   <div class='ocr_carea' id='block_1_78' title="bbox 2144 3149 3744 3223">
    <p class='ocr_par' dir='ltr' id='par_1_78' title="bbox 2144 3149 3744 3223">
     <span class='ocr_line' id='line_1_78' title="bbox 2144 3149 3744 3223; baseline 0.001 -20"><span class='ocrx_word' id='word_1_529' title='bbox 2144 3151 2385 3220; x_wconf 84' lang='grc' dir='ltr'>μεγάλου</span> <span class='ocrx_word' id='word_1_530' title='bbox 2417 3149 2792 3221; x_wconf 79' lang='grc' dir='ltr'>δρουγγαρέου</span> <span class='ocrx_word' id='word_1_531' title='bbox 2864 3151 3250 3219; x_wconf 68' lang='grc' dir='ltr'>συνάλλαγμα·</span> <span class='ocrx_word' id='word_1_532' title='bbox 3287 3153 3380 3203; x_wconf 76' lang='grc' dir='ltr'>καὶ</span> <span class='ocrx_word' id='word_1_533' title='bbox 3428 3153 3744 3223; x_wconf 84' lang='grc' dir='ltr'>διεγνώσθη</span> 
     </span>
    </p>
   </div>
   <div class='ocr_carea' id='block_1_79' title="bbox 2143 3239 3744 3312">
    <p class='ocr_par' dir='ltr' id='par_1_79' title="bbox 2143 3239 3744 3312">
     <span class='ocr_line' id='line_1_79' title="bbox 2143 3239 3744 3312; baseline 0.002 -19"><span class='ocrx_word' id='word_1_534' title='bbox 2143 3243 2219 3312; x_wconf 82' lang='grc' dir='ltr'>μὴ</span> <span class='ocrx_word' id='word_1_535' title='bbox 2245 3239 2660 3310; x_wconf 75' lang='grc' dir='ltr'>ἐμποδίζεσθαι,</span> <span class='ocrx_word' id='word_1_536' title='bbox 2681 3241 2769 3292; x_wconf 81' lang='grc' dir='ltr'><strong>διὰ</strong></span> <span class='ocrx_word' id='word_1_537' title='bbox 2786 3241 2848 3293; x_wconf 85' lang='grc' dir='ltr'>τὸ</span> <span class='ocrx_word' id='word_1_538' title='bbox 2868 3241 2966 3310; x_wconf 77' lang='grc' dir='ltr'>τὴν</span> <span class='ocrx_word' id='word_1_539' title='bbox 3000 3242 3306 3309; x_wconf 86' lang='grc' dir='ltr'>μνηστείαν</span> <span class='ocrx_word' id='word_1_540' title='bbox 3339 3240 3510 3293; x_wconf 84' lang='grc' dir='ltr'>τόπον</span> <span class='ocrx_word' id='word_1_541' title='bbox 3529 3243 3744 3296; x_wconf 83' lang='grc' dir='ltr'>τελείου</span> 
     </span>
    </p>
   </div>
   <div class='ocr_carea' id='block_1_80' title="bbox 2141 3331 3745 3404">
    <p class='ocr_par' dir='ltr' id='par_1_80' title="bbox 2141 3331 3745 3404">
     <span class='ocr_line' id='line_1_80' title="bbox 2141 3331 3745 3404; baseline -0.003 -17"><span class='ocrx_word' id='word_1_542' title='bbox 2141 3336 2322 3403; x_wconf 84' lang='grc' dir='ltr'>γάμου</span> <span class='ocrx_word' id='word_1_543' title='bbox 2361 3335 2436 3403; x_wconf 81' lang='grc' dir='ltr'>μὴ</span> <span class='ocrx_word' id='word_1_544' title='bbox 2489 3333 2733 3402; x_wconf 80' lang='grc' dir='ltr'>ἐπέχειν.</span> <span class='ocrx_word' id='word_1_545' title='bbox 2767 3332 2878 3386; x_wconf 72' lang='grc' dir='ltr'>Καὶ</span> <span class='ocrx_word' id='word_1_546' title='bbox 2903 3333 2930 3384; x_wconf 87' lang='grc' dir='ltr'>ὁ</span> <span class='ocrx_word' id='word_1_547' title='bbox 2958 3333 3269 3400; x_wconf 84' lang='grc' dir='ltr'>ἀγιώτατος</span> <span class='ocrx_word' id='word_1_548' title='bbox 3302 3331 3359 3384; x_wconf 82' lang='grc' dir='ltr'>δὲ</span> <span class='ocrx_word' id='word_1_549' title='bbox 3379 3333 3745 3404; x_wconf 74' lang='grc' dir='ltr'>πατριάρχης</span> 
     </span>
    </p>
   </div>
   <div class='ocr_carea' id='block_1_81' title="bbox 2140 3424 3744 3498">
    <p class='ocr_par' dir='ltr' id='par_1_81' title="bbox 2140 3424 3744 3498">
     <span class='ocr_line' id='line_1_81' title="bbox 2140 3424 3744 3498; baseline 0 -19"><span class='ocrx_word' id='word_1_550' title='bbox 2140 3429 2335 3498; x_wconf 89' lang='grc' dir='ltr'>κύριος</span> <span class='ocrx_word' id='word_1_551' title='bbox 2403 3426 2686 3488; x_wconf 83' lang='grc' dir='ltr'>Θεοδόσιος</span> <span class='ocrx_word' id='word_1_552' title='bbox 2752 3424 3067 3495; x_wconf 77' lang='grc' dir='ltr'>ἐξεχώρησε</span> <span class='ocrx_word' id='word_1_553' title='bbox 3130 3424 3208 3492; x_wconf 82' lang='grc' dir='ltr'>τῷ</span> <span class='ocrx_word' id='word_1_554' title='bbox 3265 3425 3744 3495; x_wconf 83' lang='grc' dir='ltr'>Μεσοποταμίτου</span> 
     </span>
    </p>
   </div>
   <div class='ocr_carea' id='block_1_82' title="bbox 2143 3499 3741 3586">
    <p class='ocr_par' dir='ltr' id='par_1_82' title="bbox 2143 3499 3741 3586">
     <span class='ocr_line' id='line_1_82' title="bbox 2143 3499 3741 3586; baseline -0.001 -18"><span class='ocrx_word' id='word_1_555' title='bbox 2143 3517 2335 3586; x_wconf 88' lang='grc' dir='ltr'>κυρίου</span> <span class='ocrx_word' id='word_1_556' title='bbox 2372 3516 2595 3584; x_wconf 82' lang='grc' dir='ltr'>Μιχαὴλ</span> <span class='ocrx_word' id='word_1_557' title='bbox 2631 3499 3112 3585; x_wconf 69' lang='grc' dir='ltr'>μνηστέυσαμένῳ</span> <span class='ocrx_word' id='word_1_558' title='bbox 3137 3515 3357 3583; x_wconf 84' lang='grc' dir='ltr'>Μαρίαν</span> <span class='ocrx_word' id='word_1_559' title='bbox 3397 3514 3524 3568; x_wconf 86' lang='grc' dir='ltr'>τινά</span> <span class='ocrx_word' id='word_1_560' title='bbox 3553 3517 3741 3586; x_wconf 67' lang='grc' dir='ltr'>τυχδν,</span> 
     </span>
    </p>
   </div>
   <div class='ocr_carea' id='block_1_83' title="bbox 2141 3603 3738 3674">
    <p class='ocr_par' dir='ltr' id='par_1_83' title="bbox 2141 3603 3738 3674">
     <span class='ocr_line' id='line_1_83' title="bbox 2141 3603 3738 3674; baseline -0.001 -14"><span class='ocrx_word' id='word_1_561' title='bbox 2141 3607 2236 3661; x_wconf 77' lang='grc' dir='ltr'>καὶ</span> <span class='ocrx_word' id='word_1_562' title='bbox 2296 3607 2387 3660; x_wconf 80' lang='grc' dir='ltr'><strong>διὰ</strong></span> <span class='ocrx_word' id='word_1_563' title='bbox 2429 3605 2491 3658; x_wconf 73' lang='grc' dir='ltr'>τὸ</span> <span class='ocrx_word' id='word_1_564' title='bbox 2545 3605 2871 3674; x_wconf 82' lang='grc' dir='ltr'>τελευτῆσαι</span> <span class='ocrx_word' id='word_1_565' title='bbox 2937 3606 3144 3671; x_wconf 83' lang='grc' dir='ltr'>ταύτην</span> <span class='ocrx_word' id='word_1_566' title='bbox 3192 3605 3300 3673; x_wconf 71' lang='grc' dir='ltr'>πρὸ</span> <span class='ocrx_word' id='word_1_567' title='bbox 3359 3603 3459 3657; x_wconf 87' lang='lat' dir='ltr'><strong>toﬁ</strong></span> <span class='ocrx_word' id='word_1_568' title='bbox 3530 3608 3738 3674; x_wconf 84' lang='grc' dir='ltr'>γάμου,</span> 
     </span>
    </p>
   </div>
   <div class='ocr_carea' id='block_1_84' title="bbox 2143 3699 3742 3770">
    <p class='ocr_par' dir='ltr' id='par_1_84' title="bbox 2143 3699 3742 3770">
     <span class='ocr_line' id='line_1_84' title="bbox 2143 3699 3742 3770; baseline 0 -17"><span class='ocrx_word' id='word_1_569' title='bbox 2143 3701 2339 3770; x_wconf 79' lang='grc' dir='ltr'>ἑτέραν</span> <span class='ocrx_word' id='word_1_570' title='bbox 2367 3701 2612 3764; x_wconf 75' lang='grc' dir='ltr'>λαϐόντι,</span> <span class='ocrx_word' id='word_1_571' title='bbox 2647 3701 3180 3770; x_wconf 78' lang='grc' dir='ltr'>ἀπροκριματίστως</span> <span class='ocrx_word' id='word_1_572' title='bbox 3224 3699 3367 3766; x_wconf 89' lang='grc' dir='ltr'><strong>μετά</strong></span> <span class='ocrx_word' id='word_1_573' title='bbox 3388 3699 3485 3751; x_wconf 67' lang='grc' dir='ltr'><strong>τὸν</strong></span> <span class='ocrx_word' id='word_1_574' title='bbox 3527 3702 3742 3766; x_wconf 79' lang='grc' dir='ltr'>ταύτης</span> 
     </span>
    </p>
   </div>
   <div class='ocr_carea' id='block_1_85' title="bbox 2143 3789 3745 3864">
    <p class='ocr_par' dir='ltr' id='par_1_85' title="bbox 2143 3789 3745 3864">
     <span class='ocr_line' id='line_1_85' title="bbox 2143 3789 3745 3864; baseline -0.002 -18"><span class='ocrx_word' id='word_1_575' title='bbox 2143 3793 2376 3847; x_wconf 89' lang='grc' dir='ltr'>θάνατον</span> <span class='ocrx_word' id='word_1_576' title='bbox 2429 3793 2598 3864; x_wconf 76' lang='grc' dir='ltr'>ἑτέρα</span> <span class='ocrx_word' id='word_1_577' title='bbox 2629 3793 2999 3861; x_wconf 77' lang='grc' dir='ltr'>συναφθῆναι,</span> <span class='ocrx_word' id='word_1_578' title='bbox 3032 3792 3215 3860; x_wconf 77' lang='grc' dir='ltr'>ἔχοντι</span> <span class='ocrx_word' id='word_1_579' title='bbox 3244 3791 3340 3843; x_wconf 76' lang='grc' dir='ltr'>καὶ</span> <span class='ocrx_word' id='word_1_580' title='bbox 3393 3789 3577 3843; x_wconf 85' lang='grc' dir='ltr'>ταῦτα</span> <span class='ocrx_word' id='word_1_581' title='bbox 3611 3794 3745 3844; x_wconf 71' lang='grc' dir='ltr'>παῖ-</span> 
     </span>
    </p>
   </div>
   <div class='ocr_carea' id='block_1_86' title="bbox 2140 3882 3745 3953">
    <p class='ocr_par' dir='ltr' id='par_1_86' title="bbox 2140 3882 3745 3953">
     <span class='ocr_line' id='line_1_86' title="bbox 2140 3882 3745 3953; baseline -0.002 -14"><span class='ocrx_word' id='word_1_582' title='bbox 2140 3886 2258 3948; x_wconf 85' lang='grc' dir='ltr'>δας,</span> <span class='ocrx_word' id='word_1_583' title='bbox 2283 3884 2494 3937; x_wconf 73' lang='grc' dir='ltr'>καὶτὸν</span> <span class='ocrx_word' id='word_1_584' title='bbox 2523 3883 2853 3953; x_wconf 66' lang='grc' dir='ltr'>τριακοστὸν</span> <span class='ocrx_word' id='word_1_585' title='bbox 2876 3882 3294 3952; x_wconf 79' lang='grc' dir='ltr'>ύπεραναόἀντι</span> <span class='ocrx_word' id='word_1_586' title='bbox 3318 3885 3540 3952; x_wconf 87' lang='grc' dir='ltr'>χρόνον,</span> <span class='ocrx_word' id='word_1_587' title='bbox 3568 3884 3745 3935; x_wconf 79' lang='grc' dir='ltr'>εἰπὼν</span> 
     </span>
    </p>
   </div>
   <div class='ocr_carea' id='block_1_87' title="bbox 2145 3977 3746 4048">
    <p class='ocr_par' dir='ltr' id='par_1_87' title="bbox 2145 3977 3746 4048">
     <span class='ocr_line' id='line_1_87' title="bbox 2145 3977 3746 4048; baseline 0 -18"><span class='ocrx_word' id='word_1_588' title='bbox 2145 3980 2219 4048; x_wconf 83' lang='grc' dir='ltr'>μὴ</span> <span class='ocrx_word' id='word_1_589' title='bbox 2248 3979 2567 4046; x_wconf 78' lang='grc' dir='ltr'>λογίζεσθαι</span> <span class='ocrx_word' id='word_1_590' title='bbox 2601 3979 2759 4032; x_wconf 80' lang='grc' dir='ltr'>τοῦτο</span> <span class='ocrx_word' id='word_1_591' title='bbox 2797 3979 3122 4048; x_wconf 87' lang='grc' dir='ltr'>τριγαμίαν,</span> <span class='ocrx_word' id='word_1_592' title='bbox 3159 3978 3232 4036; x_wconf 86' lang='grc' dir='ltr'><strong>ώς</strong></span> <span class='ocrx_word' id='word_1_593' title='bbox 3260 3977 3362 4044; x_wconf 78' lang='grc' dir='ltr'>τῆς</span> <span class='ocrx_word' id='word_1_594' title='bbox 3434 3979 3746 4046; x_wconf 83' lang='grc' dir='ltr'>μνηστείας</span> 
     </span>
    </p>
   </div>
   <div class='ocr_carea' id='block_1_88' title="bbox 2145 4068 3746 4139">
    <p class='ocr_par' dir='ltr' id='par_1_88' title="bbox 2145 4068 3746 4139">
     <span class='ocr_line' id='line_1_88' title="bbox 2145 4068 3746 4139; baseline 0 -18"><span class='ocrx_word' id='word_1_595' title='bbox 2145 4070 2220 4139; x_wconf 85' lang='grc' dir='ltr'>μὴ</span> <span class='ocrx_word' id='word_1_596' title='bbox 2259 4069 2538 4139; x_wconf 84' lang='grc' dir='ltr'>ἀρκούσης</span> <span class='ocrx_word' id='word_1_597' title='bbox 2573 4071 2697 4121; x_wconf 83' lang='grc' dir='ltr'>ἀντὶ</span> <span class='ocrx_word' id='word_1_598' title='bbox 2723 4069 2932 4122; x_wconf 79' lang='grc' dir='ltr'>τελείου</span> <span class='ocrx_word' id='word_1_599' title='bbox 2975 4071 3182 4136; x_wconf 80' lang='grc' dir='ltr'>γάμου.</span> <span class='ocrx_word' id='word_1_600' title='bbox 3241 4068 3431 4120; x_wconf 77' lang='grc' dir='ltr'>Ταῦτα</span> <span class='ocrx_word' id='word_1_601' title='bbox 3477 4069 3538 4121; x_wconf 74' lang='grc' dir='ltr'>δὲ</span> <span class='ocrx_word' id='word_1_602' title='bbox 3597 4069 3746 4123; x_wconf 79' lang='grc' dir='ltr'>οὕτω</span> 
     </span>
    </p>
   </div>
   <div class='ocr_carea' id='block_1_89' title="bbox 2149 4160 3745 4229">
    <p class='ocr_par' dir='ltr' id='par_1_89' title="bbox 2149 4160 3745 4229">
     <span class='ocr_line' id='line_1_89' title="bbox 2149 4160 3745 4229; baseline -0.002 -14"><span class='ocrx_word' id='word_1_603' title='bbox 2149 4161 2456 4229; x_wconf 87' lang='grc' dir='ltr'>διεγνώσθη</span> <span class='ocrx_word' id='word_1_604' title='bbox 2489 4160 2575 4212; x_wconf 85' lang='grc' dir='ltr'>διὰ</span> <span class='ocrx_word' id='word_1_605' title='bbox 2626 4161 2686 4212; x_wconf 78' lang='grc' dir='ltr'>τὸ</span> <span class='ocrx_word' id='word_1_606' title='bbox 2738 4162 2812 4228; x_wconf 84' lang='grc' dir='ltr'>μὴ</span> <span class='ocrx_word' id='word_1_607' title='bbox 2843 4160 3148 4228; x_wconf 83' lang='grc' dir='ltr'>λαληθῆναι</span> <span class='ocrx_word' id='word_1_608' title='bbox 3181 4161 3275 4212; x_wconf 73' lang='grc' dir='ltr'>καὶ</span> <span class='ocrx_word' id='word_1_609' title='bbox 3313 4160 3578 4227; x_wconf 81' lang='grc' dir='ltr'>γενέσθαι</span> <span class='ocrx_word' id='word_1_610' title='bbox 3615 4179 3745 4213; x_wconf 81' lang='grc' dir='ltr'>συν-</span> 
     </span>
    </p>
   </div>
   <div class='ocr_carea' id='block_1_90' title="bbox 2143 4249 3745 4320">
    <p class='ocr_par' dir='ltr' id='par_1_90' title="bbox 2143 4249 3745 4320">
     <span class='ocr_line' id='line_1_90' title="bbox 2143 4249 3745 4320; baseline -0.001 -17"><span class='ocrx_word' id='word_1_611' title='bbox 2143 4251 2341 4320; x_wconf 83' lang='grc' dir='ltr'>άφειαν</span> <span class='ocrx_word' id='word_1_612' title='bbox 2413 4251 2579 4318; x_wconf 84' lang='grc' dir='ltr'>μέσον</span> <span class='ocrx_word' id='word_1_613' title='bbox 2644 4249 2752 4302; x_wconf 88' lang='grc' dir='ltr'><strong>τῶν</strong></span> <span class='ocrx_word' id='word_1_614' title='bbox 2815 4251 3167 4319; x_wconf 80' lang='grc' dir='ltr'>μνηστήρων.</span> <span class='ocrx_word' id='word_1_615' title='bbox 3234 4249 3300 4302; x_wconf 78' lang='lat' dir='ltr'><strong>Ei</strong></span> <span class='ocrx_word' id='word_1_616' title='bbox 3373 4250 3486 4318; x_wconf 81' lang='grc' dir='ltr'><strong>γάρ</strong></span> <span class='ocrx_word' id='word_1_617' title='bbox 3549 4249 3745 4315; x_wconf 75' lang='grc' dir='ltr'>γέγονε</span> 
     </span>
    </p>
   </div>
   <div class='ocr_carea' id='block_1_91' title="bbox 2153 4340 3746 4412">
    <p class='ocr_par' dir='ltr' id='par_1_91' title="bbox 2153 4340 3746 4412">
     <span class='ocr_line' id='line_1_91' title="bbox 2153 4340 3746 4412; baseline -0.001 -18"><span class='ocrx_word' id='word_1_618' title='bbox 2153 4343 2439 4408; x_wconf 85' lang='grc' dir='ltr'>συνάφεια,</span> <span class='ocrx_word' id='word_1_619' title='bbox 2476 4341 2577 4393; x_wconf 81' lang='grc' dir='ltr'>οὐκ</span> <span class='ocrx_word' id='word_1_620' title='bbox 2616 4342 2681 4393; x_wconf 88' lang='grc' dir='ltr'>ἆν</span> <span class='ocrx_word' id='word_1_621' title='bbox 2735 4340 3036 4408; x_wconf 76' lang='grc' dir='ltr'>διεγνιῦσθη</span> <span class='ocrx_word' id='word_1_622' title='bbox 3107 4340 3348 4392; x_wconf 79' lang='grc' dir='ltr'>τοιοῦτόν</span> <span class='ocrx_word' id='word_1_623' title='bbox 3400 4357 3476 4403; x_wconf 87' lang='grc' dir='ltr'><strong>τι,</strong></span> <span class='ocrx_word' id='word_1_624' title='bbox 3521 4341 3610 4392; x_wconf 84' lang='grc' dir='ltr'>ἶνα</span> <span class='ocrx_word' id='word_1_625' title='bbox 3669 4343 3746 4412; x_wconf 71' lang='grc' dir='ltr'>μὴ</span> 
     </span>
    </p>
   </div>
   <div class='ocr_carea' id='block_1_92' title="bbox 457 4410 2035 4500">
    <p class='ocr_par' dir='ltr' id='par_1_92' title="bbox 457 4427 2034 4494">
     <span class='ocr_line' id='line_1_92' title="bbox 457 4427 2034 4494; baseline 0.001 -14"><span class='ocrx_word' id='word_1_626' title='bbox 457 4437 595 4489; x_wconf 85' lang='lat' dir='ltr'><strong>stus,</strong></span> <span class='ocrx_word' id='word_1_627' title='bbox 646 4436 701 4480; x_wconf 89' lang='lat' dir='ltr'><strong>et</strong></span> <span class='ocrx_word' id='word_1_628' title='bbox 762 4427 1099 4494; x_wconf 74' lang='lat' dir='ltr'><strong>illegitimutn</strong></span> <span class='ocrx_word' id='word_1_629' title='bbox 1160 4428 1562 4478; x_wconf 87' lang='lat' dir='ltr'><strong>matrimonium</strong></span> <span class='ocrx_word' id='word_1_630' title='bbox 1607 4428 2034 4492; x_wconf 86' lang='lat' dir='ltr'><strong>permitteretur.</strong></span> 
     </span>
    </p>
   </div>
   <div class='ocr_carea' id='block_1_93' title="bbox 2142 4410 3742 4500">
    <p class='ocr_par' dir='ltr' id='par_1_93' title="bbox 2152 4410 3742 4500">
     <span class='ocr_line' id='line_1_93' title="bbox 2152 4410 3742 4500; baseline 0.001 -17"><span class='ocrx_word' id='word_1_631' title='bbox 2152 4431 2437 4500; x_wconf 75' lang='grc' dir='ltr'>προφανὴς</span> <span class='ocrx_word' id='word_1_632' title='bbox 2475 4429 2772 4499; x_wconf 80' lang='grc' dir='ltr'>αἱμομιξία</span> <span class='ocrx_word' id='word_1_633' title='bbox 2805 4432 2899 4482; x_wconf 77' lang='grc' dir='ltr'>καὶ</span> <span class='ocrx_word' id='word_1_634' title='bbox 2922 4430 3184 4498; x_wconf 82' lang='grc' dir='ltr'>ἀθέμιτος</span> <span class='ocrx_word' id='word_1_635' title='bbox 3212 4430 3394 4496; x_wconf 80' lang='grc' dir='ltr'>γάμος</span> <span class='ocrx_word' id='word_1_636' title='bbox 3423 4410 3742 4499; x_wconf 52' lang='grc' dir='ltr'>ὲγχωρηθῇξ</span> 
     </span>
    </p>
   </div>
   <div class='ocr_carea' id='block_1_94' title="bbox 459 4517 2041 4587">
    <p class='ocr_par' dir='ltr' id='par_1_94' title="bbox 459 4517 2041 4587">
     <span class='ocr_line' id='line_1_94' title="bbox 459 4517 2041 4587; baseline 0.003 -19"><span class='ocrx_word' id='word_1_637' title='bbox 459 4517 765 4582; x_wconf 79' lang='lat' dir='ltr'><strong>Quinetiam</strong></span> <span class='ocrx_word' id='word_1_638' title='bbox 820 4520 907 4571; x_wconf 88' lang='lat' dir='ltr'><strong>tali</strong></span> <span class='ocrx_word' id='word_1_639' title='bbox 953 4517 1212 4570; x_wconf 79' lang='lat' dir='ltr'><strong>amiiitate</strong></span> <span class='ocrx_word' id='word_1_640' title='bbox 1245 4532 1348 4569; x_wconf 92' lang='lat' dir='ltr'><strong>non</strong></span> <span class='ocrx_word' id='word_1_641' title='bbox 1398 4517 1825 4581; x_wconf 84' lang='lat' dir='ltr'><strong>interveniente,</strong></span> <span class='ocrx_word' id='word_1_642' title='bbox 1863 4535 2041 4587; x_wconf 79' lang='lat' dir='ltr'><strong>quan-</strong></span> 
     </span>
    </p>
   </div>
   <div class='ocr_carea' id='block_1_95' title="bbox 457 4605 2045 4678">
    <p class='ocr_par' dir='ltr' id='par_1_95' title="bbox 457 4605 2045 4678">
     <span class='ocr_line' id='line_1_95' title="bbox 457 4605 2045 4678; baseline -0.001 -15"><span class='ocrx_word' id='word_1_643' title='bbox 457 4611 747 4677; x_wconf 83' lang='lat' dir='ltr'><strong>doquidem</strong></span> <span class='ocrx_word' id='word_1_644' title='bbox 804 4626 833 4662; x_wconf 88' lang='lat' dir='ltr'><strong>a</strong></span> <span class='ocrx_word' id='word_1_645' title='bbox 874 4626 1000 4664; x_wconf 83' lang='lat' dir='ltr'><strong>can.</strong></span> <span class='ocrx_word' id='word_1_646' title='bbox 1046 4609 1117 4665; x_wconf 87' lang='lat'><strong>98</strong></span> <span class='ocrx_word' id='word_1_647' title='bbox 1159 4608 1350 4677; x_wconf 84' lang='lat' dir='ltr'><strong>synodi</strong></span> <span class='ocrx_word' id='word_1_648' title='bbox 1387 4607 1438 4659; x_wconf 92' lang='lat' dir='ltr'><strong>in</strong></span> <span class='ocrx_word' id='word_1_649' title='bbox 1475 4605 1682 4671; x_wconf 87' lang='lat' dir='ltr'><strong>Trullo,</strong></span> <span class='ocrx_word' id='word_1_650' title='bbox 1730 4614 1785 4661; x_wconf 87' lang='lat' dir='ltr'><strong>et</strong></span> <span class='ocrx_word' id='word_1_651' title='bbox 1835 4625 1954 4678; x_wconf 79' lang='lat' dir='ltr'><strong>cap.</strong></span> <span class='ocrx_word' id='word_1_652' title='bbox 2009 4610 2045 4662; x_wconf 77' lang='grc'>2</span> 
     </span>
    </p>
   </div>
   <div class='ocr_carea' id='block_1_96' title="bbox 460 4699 2043 4768">
    <p class='ocr_par' dir='ltr' id='par_1_96' title="bbox 460 4699 2043 4768">
     <span class='ocr_line' id='line_1_96' title="bbox 460 4699 2043 4768; baseline 0.001 -16"><span class='ocrx_word' id='word_1_653' title='bbox 460 4700 548 4754; x_wconf 84' lang='lat' dir='ltr'><strong>tit.</strong></span> <span class='ocrx_word' id='word_1_654' title='bbox 584 4699 672 4763; x_wconf 84' lang='lat'><strong>58,</strong></span> <span class='ocrx_word' id='word_1_655' title='bbox 707 4700 799 4752; x_wconf 82' lang='lat' dir='ltr'><strong>lib.</strong></span> <span class='ocrx_word' id='word_1_656' title='bbox 829 4715 893 4751; x_wconf 69' lang='lat' dir='ltr'><strong>LX</strong></span> <span class='ocrx_word' id='word_1_657' title='bbox 924 4711 976 4752; x_wconf 88' lang='lat' dir='ltr'><strong>et</strong></span> <span class='ocrx_word' id='word_1_658' title='bbox 1026 4702 1194 4754; x_wconf 85' lang='lat' dir='ltr'><strong>them.</strong></span> <span class='ocrx_word' id='word_1_659' title='bbox 1217 4702 1272 4764; x_wconf 81' lang='lat'><strong>&#39;5,</strong></span> <span class='ocrx_word' id='word_1_660' title='bbox 1303 4715 1422 4768; x_wconf 84' lang='lat' dir='ltr'><strong>cap.</strong></span> <span class='ocrx_word' id='word_1_661' title='bbox 1464 4701 1549 4761; x_wconf 68' lang='lat'><strong>12,</strong></span> <span class='ocrx_word' id='word_1_662' title='bbox 1580 4701 1662 4753; x_wconf 84' lang='lat' dir='ltr'><strong>lit.</strong></span> <span class='ocrx_word' id='word_1_663' title='bbox 1685 4701 1774 4762; x_wconf 79' lang='grc'><strong>57,</strong></span> <span class='ocrx_word' id='word_1_664' title='bbox 1805 4701 2043 4766; x_wconf 85' lang='lat' dir='ltr'><strong>ejusdem</strong></span> 
     </span>
    </p>
   </div>
   <div class='ocr_carea' id='block_1_97' title="bbox 460 4791 2035 4860">
    <p class='ocr_par' dir='ltr' id='par_1_97' title="bbox 460 4791 2035 4860">
     <span class='ocr_line' id='line_1_97' title="bbox 460 4791 2035 4860; baseline -0.001 -14"><span class='ocrx_word' id='word_1_665' title='bbox 460 4794 557 4848; x_wconf 90' lang='lat' dir='ltr'><strong>lib.</strong></span> <span class='ocrx_word' id='word_1_666' title='bbox 607 4808 696 4857; x_wconf 64' lang='grc' dir='ltr'><strong>ιτ,</strong></span> <span class='ocrx_word' id='word_1_667' title='bbox 743 4792 876 4846; x_wconf 91' lang='lat' dir='ltr'><strong>satis</strong></span> <span class='ocrx_word' id='word_1_668' title='bbox 913 4800 1132 4845; x_wconf 74' lang='lat' dir='ltr'><strong>constat</strong></span> <span class='ocrx_word' id='word_1_669' title='bbox 1161 4807 1306 4854; x_wconf 89' lang='lat' dir='ltr'><strong>eum,</strong></span> <span class='ocrx_word' id='word_1_670' title='bbox 1343 4793 1432 4860; x_wconf 92' lang='lat' dir='ltr'><strong>qui</strong></span> <span class='ocrx_word' id='word_1_671' title='bbox 1472 4791 1624 4845; x_wconf 91' lang='lat' dir='ltr'><strong>alteri</strong></span> <span class='ocrx_word' id='word_1_672' title='bbox 1655 4795 2035 4860; x_wconf 88' lang='lat' dir='ltr'><strong>desponsatam</strong></span> 
     </span>
    </p>
   </div>
   <div class='ocr_carea' id='block_1_98' title="bbox 461 4882 2041 4953">
    <p class='ocr_par' dir='ltr' id='par_1_98' title="bbox 461 4882 2041 4953">
     <span class='ocr_line' id='line_1_98' title="bbox 461 4882 2041 4953; baseline -0.002 -14"><span class='ocrx_word' id='word_1_673' title='bbox 461 4888 698 4948; x_wconf 78' lang='lat' dir='ltr'><strong>duxerit,</strong></span> <span class='ocrx_word' id='word_1_674' title='bbox 728 4884 891 4947; x_wconf 56' lang='lat' dir='ltr'><strong>adult</strong></span> <span class='ocrx_word' id='word_1_675' title='bbox 917 4884 980 4936; x_wconf 90' lang='lat' dir='ltr'><strong>rii</strong></span> <span class='ocrx_word' id='word_1_676' title='bbox 1013 4882 1240 4936; x_wconf 83' lang='lat' dir='ltr'><strong>crimine</strong></span> <span class='ocrx_word' id='word_1_677' title='bbox 1285 4884 1478 4944; x_wconf 87' lang='lat' dir='ltr'><strong>teneri,</strong></span> <span class='ocrx_word' id='word_1_678' title='bbox 1524 4887 1739 4950; x_wconf 83' lang='lat' dir='ltr'><strong>quando</strong></span> <span class='ocrx_word' id='word_1_679' title='bbox 1776 4896 1830 4938; x_wconf 86' lang='lat' dir='ltr'><strong>et</strong></span> <span class='ocrx_word' id='word_1_680' title='bbox 1878 4899 2041 4953; x_wconf 78' lang='lat' dir='ltr'><strong>Spon-</strong></span> 
     </span>
    </p>
   </div>
   <div class='ocr_carea' id='block_1_99' title="bbox 462 4973 2046 5042">
    <p class='ocr_par' dir='ltr' id='par_1_99' title="bbox 462 4973 2046 5042">
     <span class='ocr_line' id='line_1_99' title="bbox 462 4973 2046 5042; baseline -0.003 -10"><span class='ocrx_word' id='word_1_681' title='bbox 462 4978 598 5032; x_wconf 85' lang='lat' dir='ltr'><strong>salia</strong></span> <span class='ocrx_word' id='word_1_682' title='bbox 643 4987 770 5030; x_wconf 86' lang='lat' dir='ltr'><strong>tunc</strong></span> <span class='ocrx_word' id='word_1_683' title='bbox 801 4989 973 5042; x_wconf 72' lang='lat' dir='ltr'><strong>poma:</strong></span> <span class='ocrx_word' id='word_1_684' title='bbox 996 4973 1262 5028; x_wconf 89' lang='lat' dir='ltr'><strong>solutione</strong></span> <span class='ocrx_word' id='word_1_685' title='bbox 1283 4975 1734 5041; x_wconf 87' lang='lat' dir='ltr'><strong>dissolvebantur,</strong></span> <span class='ocrx_word' id='word_1_686' title='bbox 1768 4987 1820 5028; x_wconf 89' lang='lat' dir='ltr'><strong>et</strong></span> <span class='ocrx_word' id='word_1_687' title='bbox 1853 4992 1956 5029; x_wconf 92' lang='lat' dir='ltr'><strong>non</strong></span> <span class='ocrx_word' id='word_1_688' title='bbox 1992 4985 2046 5028; x_wconf 93' lang='lat' dir='ltr'><strong>ut</strong></span> 
     </span>
    </p>
   </div>
   <div class='ocr_carea' id='block_1_100' title="bbox 463 5067 2041 5135">
    <p class='ocr_par' dir='ltr' id='par_1_100' title="bbox 463 5067 2041 5135">
     <span class='ocr_line' id='line_1_100' title="bbox 463 5067 2041 5135; baseline -0.002 -12"><span class='ocrx_word' id='word_1_689' title='bbox 463 5071 624 5123; x_wconf 88' lang='lat' dir='ltr'><strong>hodie</strong></span> <span class='ocrx_word' id='word_1_690' title='bbox 656 5068 1003 5121; x_wconf 88' lang='lat' dir='ltr'><strong>matrimonio</strong></span> <span class='ocrx_word' id='word_1_691' title='bbox 1038 5067 1452 5135; x_wconf 71' lang='lat' dir='ltr'><strong>aaquivalebaut,</strong></span> <span class='ocrx_word' id='word_1_692' title='bbox 1487 5069 1605 5119; x_wconf 86' lang='lat' dir='ltr'><strong>dico</strong></span> <span class='ocrx_word' id='word_1_693' title='bbox 1634 5083 1754 5135; x_wconf 77' lang='lat' dir='ltr'><strong>que</strong></span> <span class='ocrx_word' id='word_1_694' title='bbox 1807 5070 1876 5120; x_wconf 88' lang='lat' dir='ltr'><strong>ita</strong></span> <span class='ocrx_word' id='word_1_695' title='bbox 1914 5083 2041 5135; x_wconf 87' lang='lat' dir='ltr'><strong>pcr-</strong></span> 
     </span>
    </p>
   </div>
   <div class='ocr_carea' id='block_1_101' title="bbox 464 5157 2039 5226">
    <p class='ocr_par' dir='ltr' id='par_1_101' title="bbox 464 5157 2039 5226">
     <span class='ocr_line' id='line_1_101' title="bbox 464 5157 2039 5226; baseline -0.001 -14"><span class='ocrx_word' id='word_1_696' title='bbox 464 5160 754 5212; x_wconf 85' lang='lat' dir='ltr'><strong>mittuntur</strong></span> <span class='ocrx_word' id='word_1_697' title='bbox 791 5172 896 5211; x_wconf 94' lang='lat' dir='ltr'><strong>non</strong></span> <span class='ocrx_word' id='word_1_698' title='bbox 943 5171 1060 5211; x_wconf 88' lang='lat' dir='ltr'><strong>esse</strong></span> <span class='ocrx_word' id='word_1_699' title='bbox 1108 5165 1260 5210; x_wconf 76' lang='lat' dir='ltr'><strong>extra</strong></span> <span class='ocrx_word' id='word_1_700' title='bbox 1305 5157 1630 5226; x_wconf 89' lang='lat' dir='ltr'><strong>periculum,</strong></span> <span class='ocrx_word' id='word_1_701' title='bbox 1667 5158 2039 5223; x_wconf 61' lang='lat' dir='ltr'><strong>adstipulaute</strong></span> 
     </span>
    </p>
   </div>
   <div class='ocr_carea' id='block_1_102' title="bbox 461 5244 1580 5317">
    <p class='ocr_par' dir='ltr' id='par_1_102' title="bbox 461 5244 1580 5317">
     <span class='ocr_line' id='line_1_102' title="bbox 461 5244 1580 5317; baseline 0.002 -16"><span class='ocrx_word' id='word_1_702' title='bbox 461 5249 630 5301; x_wconf 87' lang='lat' dir='ltr'><strong>etiam</strong></span> <span class='ocrx_word' id='word_1_703' title='bbox 664 5248 949 5317; x_wconf 68' lang='lat' dir='ltr'><strong>prmsentis</strong></span> <span class='ocrx_word' id='word_1_704' title='bbox 979 5252 1200 5301; x_wconf 84' lang='lat' dir='ltr'><strong>canonis</strong></span> <span class='ocrx_word' id='word_1_705' title='bbox 1231 5244 1580 5303; x_wconf 82' lang='lat' dir='ltr'><strong>auctoritate.</strong></span> 
     </span>
    </p>
   </div>
   <div class='ocr_carea' id='block_1_103' title="bbox 2145 4521 3743 4589">
    <p class='ocr_par' dir='ltr' id='par_1_103' title="bbox 2145 4521 3743 4589">
     <span class='ocr_line' id='line_1_103' title="bbox 2145 4521 3743 4589; baseline -0.002 -13"><span class='ocrx_word' id='word_1_706' title='bbox 2145 4526 2324 4576; x_wconf 86' lang='grc' dir='ltr'>Ὅπου</span> <span class='ocrx_word' id='word_1_707' title='bbox 2369 4535 2428 4589; x_wconf 86' lang='grc' dir='ltr'><strong>γε</strong></span> <span class='ocrx_word' id='word_1_708' title='bbox 2494 4525 2591 4576; x_wconf 74' lang='grc' dir='ltr'>καὶ</span> <span class='ocrx_word' id='word_1_709' title='bbox 2644 4523 2942 4586; x_wconf 78' lang='grc' dir='ltr'>συναφείας</span> <span class='ocrx_word' id='word_1_710' title='bbox 2983 4521 3058 4589; x_wconf 79' lang='grc' dir='ltr'>μὴ</span> <span class='ocrx_word' id='word_1_711' title='bbox 3109 4521 3424 4587; x_wconf 80' lang='grc' dir='ltr'>γεγονυίας,</span> <span class='ocrx_word' id='word_1_712' title='bbox 3471 4522 3598 4572; x_wconf 73' lang='grc' dir='ltr'>ἐπεὶ</span> <span class='ocrx_word' id='word_1_713' title='bbox 3633 4521 3743 4574; x_wconf 72' lang='grc' dir='ltr'>ἀπὸ</span> 
     </span>
    </p>
   </div>
   <div class='ocr_carea' id='block_1_104' title="bbox 2149 4609 3745 4682">
    <p class='ocr_par' dir='ltr' id='par_1_104' title="bbox 2149 4609 3745 4682">
     <span class='ocr_line' id='line_1_104' title="bbox 2149 4609 3745 4682; baseline -0.004 -16"><span class='ocrx_word' id='word_1_714' title='bbox 2149 4615 2244 4666; x_wconf 89' lang='lat' dir='ltr'><strong>toﬁ</strong></span> <span class='ocrx_word' id='word_1_715' title='bbox 2275 4613 2678 4682; x_wconf 80' lang='grc' dir='ltr'>ὲννενηκοστοῦ</span> <span class='ocrx_word' id='word_1_716' title='bbox 2699 4613 2886 4678; x_wconf 84' lang='grc' dir='ltr'>ὀγδόου</span> <span class='ocrx_word' id='word_1_717' title='bbox 2919 4613 3260 4678; x_wconf 80' lang='grc' dir='ltr'>κανόνοςτῆς</span> <span class='ocrx_word' id='word_1_718' title='bbox 3287 4613 3347 4661; x_wconf 79' lang='grc' dir='ltr'>ὲν</span> <span class='ocrx_word' id='word_1_719' title='bbox 3370 4611 3450 4679; x_wconf 79' lang='grc' dir='ltr'>τῷ</span> <span class='ocrx_word' id='word_1_720' title='bbox 3485 4609 3745 4680; x_wconf 84' lang='grc' dir='ltr'>Τρούλλῳ</span> 
     </span>
    </p>
   </div>
   <div class='ocr_carea' id='block_1_105' title="bbox 2151 4701 3739 4769">
    <p class='ocr_par' dir='ltr' id='par_1_105' title="bbox 2151 4701 3739 4769">
     <span class='ocr_line' id='line_1_105' title="bbox 2151 4701 3739 4769; baseline -0.001 -13"><span class='ocrx_word' id='word_1_721' title='bbox 2151 4705 2396 4764; x_wconf 84' lang='grc' dir='ltr'>συνόδου,</span> <span class='ocrx_word' id='word_1_722' title='bbox 2431 4705 2523 4754; x_wconf 68' lang='grc' dir='ltr'>καὶ</span> <span class='ocrx_word' id='word_1_723' title='bbox 2557 4703 2664 4754; x_wconf 77' lang='grc' dir='ltr'><strong>ἀπὸ</strong></span> <span class='ocrx_word' id='word_1_724' title='bbox 2698 4701 2792 4754; x_wconf 73' lang='grc' dir='ltr'>τοῦ</span> <span class='ocrx_word' id='word_1_725' title='bbox 2824 4702 3085 4769; x_wconf 81' lang='grc' dir='ltr'>δευτέρου</span> <span class='ocrx_word' id='word_1_726' title='bbox 3124 4703 3436 4768; x_wconf 62' lang='grc' dir='ltr'>κεφαλαίου</span> <span class='ocrx_word' id='word_1_727' title='bbox 3478 4704 3576 4754; x_wconf 83' lang='grc' dir='ltr'>τοῦ</span> <span class='ocrx_word' id='word_1_728' title='bbox 3609 4719 3739 4754; x_wconf 86' lang='grc' dir='ltr'>πεν-</span> 
     </span>
    </p>
   </div>
   <div class='ocr_carea' id='block_1_106' title="bbox 2150 4792 3740 4866">
    <p class='ocr_par' dir='ltr' id='par_1_106' title="bbox 2150 4792 3740 4866">
     <span class='ocr_line' id='line_1_106' title="bbox 2150 4792 3740 4866; baseline -0.003 -15"><span class='ocrx_word' id='word_1_729' title='bbox 2150 4795 2420 4866; x_wconf 81' lang='grc' dir='ltr'>τηκοστοῦ</span> <span class='ocrx_word' id='word_1_730' title='bbox 2487 4793 2676 4860; x_wconf 71' lang='grc' dir='ltr'>ὀγδόου</span> <span class='ocrx_word' id='word_1_731' title='bbox 2735 4794 2914 4845; x_wconf 83' lang='grc' dir='ltr'>τίτλου</span> <span class='ocrx_word' id='word_1_732' title='bbox 2963 4792 3058 4846; x_wconf 89' lang='lat' dir='ltr'><strong>toﬁ</strong></span> <span class='ocrx_word' id='word_1_733' title='bbox 3135 4793 3441 4861; x_wconf 79' lang='grc' dir='ltr'>ἑξηκοστοῦ</span> <span class='ocrx_word' id='word_1_734' title='bbox 3507 4793 3740 4862; x_wconf 78' lang='grc' dir='ltr'>βιϐλίου,</span> 
     </span>
    </p>
   </div>
   <div class='ocr_carea' id='block_1_107' title="bbox 2153 4883 3744 4954">
    <p class='ocr_par' dir='ltr' id='par_1_107' title="bbox 2153 4883 3744 4954">
     <span class='ocr_line' id='line_1_107' title="bbox 2153 4883 3744 4954; baseline -0.004 -13"><span class='ocrx_word' id='word_1_735' title='bbox 2153 4889 2245 4942; x_wconf 79' lang='grc' dir='ltr'>καὶ</span> <span class='ocrx_word' id='word_1_736' title='bbox 2279 4887 2389 4940; x_wconf 83' lang='grc' dir='ltr'>ἀπὸ</span> <span class='ocrx_word' id='word_1_737' title='bbox 2415 4885 2507 4937; x_wconf 89' lang='lat' dir='ltr'><strong>toﬁ</strong></span> <span class='ocrx_word' id='word_1_738' title='bbox 2541 4885 2727 4954; x_wconf 88' lang='grc' dir='ltr'>τρίτου</span> <span class='ocrx_word' id='word_1_739' title='bbox 2773 4885 3012 4952; x_wconf 83' lang='grc' dir='ltr'>θέματος</span> <span class='ocrx_word' id='word_1_740' title='bbox 3055 4883 3150 4948; x_wconf 80' lang='grc' dir='ltr'>τοῦ</span> <span class='ocrx_word' id='word_1_741' title='bbox 3198 4883 3521 4935; x_wconf 84' lang='grc' dir='ltr'>δωδεκάτου</span> <span class='ocrx_word' id='word_1_742' title='bbox 3576 4901 3744 4948; x_wconf 79' lang='grc' dir='ltr'>κεφα-</span> 
     </span>
    </p>
   </div>
   <div class='ocr_carea' id='block_1_108' title="bbox 2152 4972 3739 5046">
    <p class='ocr_par' dir='ltr' id='par_1_108' title="bbox 2152 4972 3739 5046">
     <span class='ocr_line' id='line_1_108' title="bbox 2152 4972 3739 5046; baseline -0.006 -14"><span class='ocrx_word' id='word_1_743' title='bbox 2152 4980 2306 5032; x_wconf 84' lang='grc' dir='ltr'>λαίου</span> <span class='ocrx_word' id='word_1_744' title='bbox 2336 4975 2670 5046; x_wconf 76' lang='grc' dir='ltr'>τριακοστοῦ</span> <span class='ocrx_word' id='word_1_745' title='bbox 2699 4975 2938 5041; x_wconf 78' lang='grc' dir='ltr'>ἑϐδόμου</span> <span class='ocrx_word' id='word_1_746' title='bbox 2972 4973 3152 5026; x_wconf 87' lang='grc' dir='ltr'>τίτλου</span> <span class='ocrx_word' id='word_1_747' title='bbox 3185 4972 3282 5025; x_wconf 88' lang='lat' dir='ltr'><strong>toﬁ</strong></span> <span class='ocrx_word' id='word_1_748' title='bbox 3337 4973 3512 5026; x_wconf 76' lang='grc' dir='ltr'>αὑτοῦ</span> <span class='ocrx_word' id='word_1_749' title='bbox 3541 4974 3739 5041; x_wconf 75' lang='grc' dir='ltr'>ἑξηκοο</span> 
     </span>
    </p>
   </div>
   <div class='ocr_carea' id='block_1_109' title="bbox 2155 5065 3740 5138">
    <p class='ocr_par' dir='ltr' id='par_1_109' title="bbox 2155 5065 3740 5138">
     <span class='ocr_line' id='line_1_109' title="bbox 2155 5065 3740 5138; baseline -0.006 -15"><span class='ocrx_word' id='word_1_750' title='bbox 2155 5071 2280 5123; x_wconf 75' lang='grc' dir='ltr'>στοῦ</span> <span class='ocrx_word' id='word_1_751' title='bbox 2323 5068 2556 5138; x_wconf 78' lang='grc' dir='ltr'>βιϐλίου,</span> <span class='ocrx_word' id='word_1_752' title='bbox 2589 5067 2931 5136; x_wconf 83' lang='grc' dir='ltr'>παρίσταται</span> <span class='ocrx_word' id='word_1_753' title='bbox 2983 5065 3044 5116; x_wconf 82' lang='grc' dir='ltr'>τὸ</span> <span class='ocrx_word' id='word_1_754' title='bbox 3089 5065 3218 5134; x_wconf 72' lang='grc' dir='ltr'>περὶ</span> <span class='ocrx_word' id='word_1_755' title='bbox 3253 5066 3510 5133; x_wconf 80' lang='grc' dir='ltr'>μοιχείας</span> <span class='ocrx_word' id='word_1_756' title='bbox 3547 5065 3740 5131; x_wconf 78' lang='grc' dir='ltr'>ἐγκλή-</span> 
     </span>
    </p>
   </div>
   <div class='ocr_carea' id='block_1_110' title="bbox 2156 5157 3736 5234">
    <p class='ocr_par' dir='ltr' id='par_1_110' title="bbox 2156 5157 3736 5234">
     <span class='ocr_line' id='line_1_110' title="bbox 2156 5157 3736 5234; baseline -0.006 -18"><span class='ocrx_word' id='word_1_757' title='bbox 2156 5183 2286 5234; x_wconf 86' lang='grc' dir='ltr'>ματι</span> <span class='ocrx_word' id='word_1_758' title='bbox 2319 5161 2692 5214; x_wconf 85' lang='grc' dir='ltr'>καθίστασθαι</span> <span class='ocrx_word' id='word_1_759' title='bbox 2741 5161 2924 5226; x_wconf 73' lang='grc' dir='ltr'>ἔνοχον</span> <span class='ocrx_word' id='word_1_760' title='bbox 2977 5157 3072 5209; x_wconf 67' lang='grc' dir='ltr'><strong>τὸν</strong></span> <span class='ocrx_word' id='word_1_761' title='bbox 3105 5157 3206 5225; x_wconf 83' lang='grc' dir='ltr'><strong>τὴν</strong></span> <span class='ocrx_word' id='word_1_762' title='bbox 3245 5157 3422 5224; x_wconf 78' lang='grc' dir='ltr'>ἑτέρῳ</span> <span class='ocrx_word' id='word_1_763' title='bbox 3469 5173 3736 5225; x_wconf 86' lang='grc' dir='ltr'>μνηστευ-</span> 
     </span>
    </p>
   </div>
   <div class='ocr_carea' id='block_1_111' title="bbox 2151 5245 3737 5321">
    <p class='ocr_par' dir='ltr' id='par_1_111' title="bbox 2151 5245 3737 5321">
     <span class='ocr_line' id='line_1_111' title="bbox 2151 5245 3737 5321; baseline -0.008 -15"><span class='ocrx_word' id='word_1_764' title='bbox 2151 5254 2399 5321; x_wconf 81' lang='grc' dir='ltr'>σαμένην</span> <span class='ocrx_word' id='word_1_765' title='bbox 2422 5252 2706 5317; x_wconf 81' lang='grc' dir='ltr'>γήμαντα,</span> <span class='ocrx_word' id='word_1_766' title='bbox 2741 5248 2829 5299; x_wconf 81' lang='grc' dir='ltr'>ὅτε</span> <span class='ocrx_word' id='word_1_767' title='bbox 2866 5246 2962 5298; x_wconf 75' lang='grc' dir='ltr'>καὶ</span> <span class='ocrx_word' id='word_1_768' title='bbox 2997 5247 3028 5314; x_wconf 78' lang='grc' dir='ltr'>ἡ</span> <span class='ocrx_word' id='word_1_769' title='bbox 3057 5245 3331 5312; x_wconf 82' lang='grc' dir='ltr'>μνηστεία</span> <span class='ocrx_word' id='word_1_770' title='bbox 3364 5248 3511 5313; x_wconf 86' lang='grc' dir='ltr'><strong>μετά</strong></span> <span class='ocrx_word' id='word_1_771' title='bbox 3545 5245 3737 5304; x_wconf 71' lang='grc' dir='ltr'>δόσεως</span> 
     </span>
    </p>
   </div>
   <div class='ocr_carea' id='block_1_112' title="bbox 467 5335 3730 5414">
    <p class='ocr_par' dir='ltr' id='par_1_112' title="bbox 467 5335 3730 5414">
     <span class='ocr_line' id='line_1_112' title="bbox 467 5335 3730 5414; baseline -0.002 -24"><span class='ocrx_word' id='word_1_772' title='bbox 467 5339 770 5409; x_wconf 84' lang='grc' dir='ltr'>προστίμου</span> <span class='ocrx_word' id='word_1_773' title='bbox 793 5339 996 5403; x_wconf 75' lang='grc' dir='ltr'>ἐλύετο,</span> <span class='ocrx_word' id='word_1_774' title='bbox 1034 5343 1123 5392; x_wconf 77' lang='grc' dir='ltr'>καὶ</span> <span class='ocrx_word' id='word_1_775' title='bbox 1157 5341 1254 5392; x_wconf 79' lang='grc' dir='ltr'>οὐκ</span> <span class='ocrx_word' id='word_1_776' title='bbox 1285 5338 1350 5412; x_wconf 82' lang='grc' dir='ltr'>ἦν</span> <span class='ocrx_word' id='word_1_777' title='bbox 1387 5341 1701 5410; x_wconf 68' lang='grc' dir='ltr'>ίσοδύνκμος</span> <span class='ocrx_word' id='word_1_778' title='bbox 1731 5343 1807 5412; x_wconf 76' lang='grc' dir='ltr'>τῷ</span> <span class='ocrx_word' id='word_1_779' title='bbox 1835 5345 1996 5413; x_wconf 68' lang='grc' dir='ltr'>γάμῳ</span> <span class='ocrx_word' id='word_1_780' title='bbox 2036 5347 2109 5410; x_wconf 81' lang='grc' dir='ltr'>ὡς</span> <span class='ocrx_word' id='word_1_781' title='bbox 2144 5348 2401 5414; x_wconf 70' lang='grc' dir='ltr'>σήμερον,</span> <span class='ocrx_word' id='word_1_782' title='bbox 2422 5343 2564 5410; x_wconf 77' lang='grc' dir='ltr'>λέγω</span> <span class='ocrx_word' id='word_1_783' title='bbox 2590 5339 2663 5410; x_wconf 79' lang='grc' dir='ltr'>μὴ</span> <span class='ocrx_word' id='word_1_784' title='bbox 2701 5335 2839 5391; x_wconf 84' lang='grc' dir='ltr'>εἶναι</span> <span class='ocrx_word' id='word_1_785' title='bbox 2876 5335 3138 5389; x_wconf 80' lang='grc' dir='ltr'>ἀκίνδυνα</span> <span class='ocrx_word' id='word_1_786' title='bbox 3179 5337 3248 5389; x_wconf 69' lang='grc' dir='ltr'><strong>τά</strong></span> <span class='ocrx_word' id='word_1_787' title='bbox 3275 5335 3456 5399; x_wconf 80' lang='grc' dir='ltr'>οὕτως</span> <span class='ocrx_word' id='word_1_788' title='bbox 3489 5341 3730 5404; x_wconf 77' lang='grc' dir='ltr'>ἐγχωρή-</span> 
     </span>
    </p>
   </div>
   <div class='ocr_carea' id='block_1_113' title="bbox 463 5433 1824 5505">
    <p class='ocr_par' dir='ltr' id='par_1_113' title="bbox 463 5433 1824 5505">
     <span class='ocr_line' id='line_1_113' title="bbox 463 5433 1824 5505; baseline 0.004 -19"><span class='ocrx_word' id='word_1_789' title='bbox 463 5433 627 5486; x_wconf 74' lang='grc' dir='ltr'>θέντα</span> <span class='ocrx_word' id='word_1_790' title='bbox 656 5433 1060 5504; x_wconf 77' lang='grc' dir='ltr'>συνεργουμένῃ</span> <span class='ocrx_word' id='word_1_791' title='bbox 1117 5435 1208 5486; x_wconf 78' lang='grc' dir='ltr'>καὶ</span> <span class='ocrx_word' id='word_1_792' title='bbox 1271 5439 1335 5505; x_wconf 80' lang='grc' dir='ltr'>τῇ</span> <span class='ocrx_word' id='word_1_793' title='bbox 1384 5435 1476 5487; x_wconf 79' lang='grc' dir='ltr'>τοῦ</span> <span class='ocrx_word' id='word_1_794' title='bbox 1559 5439 1824 5502; x_wconf 65' lang='grc' dir='ltr'>παρῆντος</span> 
     </span>
    </p>
   </div>
   <div class='ocr_carea' id='block_1_114' title="bbox 548 5616 2051 5692">
    <p class='ocr_par' dir='ltr' id='par_1_114' title="bbox 548 5616 2051 5692">
     <span class='ocr_line' id='line_1_114' title="bbox 548 5616 2051 5692; baseline 0.003 -20"><span class='ocrx_word' id='word_1_795' title='bbox 548 5616 796 5674; x_wconf 74' lang='grc' dir='ltr'><strong>ΖΟΝΑΠ.</strong></span> <span class='ocrx_word' id='word_1_796' title='bbox 829 5621 884 5674; x_wconf 85' lang='lat' dir='ltr'><strong>Si</strong></span> <span class='ocrx_word' id='word_1_797' title='bbox 911 5638 1032 5675; x_wconf 75' lang='lat' dir='ltr'><strong>trum</strong></span> <span class='ocrx_word' id='word_1_798' title='bbox 1062 5641 1156 5677; x_wconf 78' lang='lat' dir='ltr'><strong>sua</strong></span> <span class='ocrx_word' id='word_1_799' title='bbox 1191 5641 1381 5692; x_wconf 77' lang='lat' dir='ltr'><strong>sponsa</strong></span> <span class='ocrx_word' id='word_1_800' title='bbox 1417 5626 1585 5678; x_wconf 78' lang='lat' dir='ltr'><strong>lector</strong></span> <span class='ocrx_word' id='word_1_801' title='bbox 1640 5641 1748 5677; x_wconf 71' lang='lat' dir='ltr'><strong>rem</strong></span> <span class='ocrx_word' id='word_1_802' title='bbox 1801 5627 2051 5679; x_wconf 67' lang='lat' dir='ltr'><strong>itnlttlt‘t‘il</strong></span> 
     </span>
    </p>
   </div>
   <div class='ocr_carea' id='block_1_115' title="bbox 487 5713 2054 5785">
    <p class='ocr_par' dir='ltr' id='par_1_115' title="bbox 487 5713 2054 5785">
     <span class='ocr_line' id='line_1_115' title="bbox 487 5713 2054 5785; baseline 0.006 -24"><span class='ocrx_word' id='word_1_803' title='bbox 487 5719 613 5762; x_wconf 79' lang='lat' dir='ltr'><strong>ante</strong></span> <span class='ocrx_word' id='word_1_804' title='bbox 645 5713 1067 5784; x_wconf 81' lang='lat' dir='ltr'><strong>matrimonium,</strong></span> <span class='ocrx_word' id='word_1_805' title='bbox 1107 5719 1268 5773; x_wconf 79' lang='lat' dir='ltr'><strong>etiam</strong></span> <span class='ocrx_word' id='word_1_806' title='bbox 1301 5719 1512 5773; x_wconf 66' lang='lat' dir='ltr'><strong>volente</strong></span> <span class='ocrx_word' id='word_1_807' title='bbox 1558 5718 1643 5771; x_wconf 80' lang='lat' dir='ltr'><strong>illa</strong></span> <span class='ocrx_word' id='word_1_808' title='bbox 1706 5720 1777 5785; x_wconf 83' lang='lat' dir='ltr'><strong>(id</strong></span> <span class='ocrx_word' id='word_1_809' title='bbox 1808 5722 1948 5772; x_wconf 69' lang='lat' dir='ltr'><strong>truEm</strong></span> <span class='ocrx_word' id='word_1_810' title='bbox 1983 5719 2054 5772; x_wconf 83' lang='lat' dir='ltr'><strong>si-</strong></span> 
     </span>
    </p>
   </div>
   <div class='ocr_carea' id='block_1_116' title="bbox 1906 5441 2405 5506">
    <p class='ocr_par' dir='ltr' id='par_1_116' title="bbox 1906 5441 2405 5506">
     <span class='ocr_line' id='line_1_116' title="bbox 1906 5441 2405 5506; baseline 0 -16"><span class='ocrx_word' id='word_1_811' title='bbox 1906 5457 1976 5490; x_wconf 87' lang='grc' dir='ltr'><strong>κα</strong></span> <span class='ocrx_word' id='word_1_812' title='bbox 1993 5443 2129 5504; x_wconf 53' lang='lat' dir='ltr'><strong>rivo;</strong></span> <span class='ocrx_word' id='word_1_813' title='bbox 2157 5441 2405 5506; x_wconf 83' lang='grc' dir='ltr'>δυνάμει.</span> 
     </span>
    </p>
   </div>
   <div class='ocr_carea' id='block_1_117' title="bbox 2233 5614 3731 5685">
    <p class='ocr_par' dir='ltr' id='par_1_117' title="bbox 2233 5614 3731 5685">
     <span class='ocr_line' id='line_1_117' title="bbox 2233 5614 3731 5685; baseline -0.011 -9"><span class='ocrx_word' id='word_1_814' title='bbox 2233 5622 2470 5678; x_wconf 53' lang='grc' dir='ltr'>ΖΩΝΜἾ.</span> <span class='ocrx_word' id='word_1_815' title='bbox 2535 5621 2660 5672; x_wconf 65' lang='grc' dir='ltr'>Ἰῧὰν</span> <span class='ocrx_word' id='word_1_816' title='bbox 2726 5621 2790 5685; x_wconf 80' lang='grc' dir='ltr'>τῇ</span> <span class='ocrx_word' id='word_1_817' title='bbox 2862 5617 3043 5684; x_wconf 58' lang='grc' dir='ltr'>οἰκείᾳ.</span> <span class='ocrx_word' id='word_1_818' title='bbox 3101 5619 3314 5684; x_wconf 73' lang='grc' dir='ltr'>μνηστῇ</span> <span class='ocrx_word' id='word_1_819' title='bbox 3384 5614 3731 5679; x_wconf 62' lang='grc' dir='ltr'>ἀνστκηῦστης</span> 
     </span>
    </p>
   </div>
   <div class='ocr_carea' id='block_1_118' title="bbox 2165 5707 3729 5785">
    <p class='ocr_par' dir='ltr' id='par_1_118' title="bbox 2165 5707 3729 5785">
     <span class='ocr_line' id='line_1_118' title="bbox 2165 5707 3729 5785; baseline -0.006 -21"><span class='ocrx_word' id='word_1_820' title='bbox 2165 5717 2329 5785; x_wconf 55' lang='grc' dir='ltr'>μιχθῇ</span> <span class='ocrx_word' id='word_1_821' title='bbox 2370 5715 2471 5783; x_wconf 72' lang='grc' dir='ltr'>πρ³ι</span> <span class='ocrx_word' id='word_1_822' title='bbox 2500 5711 2590 5763; x_wconf 74' lang='grc' dir='ltr'>τοῦ</span> <span class='ocrx_word' id='word_1_823' title='bbox 2623 5714 2820 5778; x_wconf 80' lang='grc' dir='ltr'>γάμου,</span> <span class='ocrx_word' id='word_1_824' title='bbox 2859 5711 3116 5771; x_wconf 75' lang='grc' dir='ltr'>κάκείνης</span> <span class='ocrx_word' id='word_1_825' title='bbox 3145 5708 3408 5773; x_wconf 71' lang='grc' dir='ltr'>θελούσης</span> <span class='ocrx_word' id='word_1_826' title='bbox 3438 5707 3613 5773; x_wconf 58' lang='grc' dir='ltr'>(τοῦτο</span> <span class='ocrx_word' id='word_1_827' title='bbox 3636 5708 3729 5768; x_wconf 54' lang='grc' dir='ltr'><strong>γάρ</strong></span> 
     </span>
    </p>
   </div>
  </div>
