4006 6472
294 334 400 397 769

1256 341 1338 404 ΙΝ
1378 343 1617 405 EPIST.
1665 347 1725 404 S.
1767 344 2048 404 BASlLll
2086 343 2520 406 CANONICAM
2557 347 2672 406 Ili.

3452 361 3557 426 770

296 444 455 514 δηλοῖ
484 445 571 515 τὸ,
592 447 965 515 συναλλάξει),
990 449 1237 503 ινιαυτὺν
1265 450 1607 521 ἀφορίζεται,
1647 445 1763 503 εἶτα
1792 451 1848 504 δέ

1980 450 2198 519 gnilicat
2226 453 2446 507 verbum
2482 453 2615 508 illud
2651 454 2989 526 συναλλάξει)
3039 475 3146 515 uno
3191 478 3333 521 anno
3377 482 3563 539 segre-

293 552 455 606 χεται
553 538 626 608 μὴ
679 539 1154 610 προόιϐαζόμενος
1225 544 1306 604 είς
1358 541 1584 612 μείζονα
1647 542 1877 613 βαθμὸν.

306 625 437 678 Ἐὰν
466 627 523 680 δὲ
567 629 694 682 ἀνευ
707 630 1003 700 μνηστείας
1049 631 1280 702 συνέλθῃ
1297 631 1542 700 γυναικὶ,
1566 631 1670 685 κᾶν
1687 631 1881 700 λόγους

292 718 431 780 ἴσως
471 721 710 774 ἐποιεῖτο
749 723 868 790 μετ’
909 722 1106 792 αὐτῆς,
1151 724 1293 777 ὥστε
1336 724 1524 777 λαϐεῖν
1566 725 1740 793 αὐτὴν
1800 727 1880 788 εἰς

291 810 556 874 γυναῖκα,
588 809 692 863 κᾶν
721 811 996 881 συνεζύγη
1028 811 1168 883 αὐτῇ
1199 813 1341 884 μετὰ
1376 814 1578 876 ταῦτα,
1614 814 1876 868 ικπίπτει

292 897 396 965 τῆς
424 898 756 968 ὑπηρεσίας.
818 901 892 954 Τὸ
924 903 1058 956 αὐτὸ
1080 904 1138 957 δέ
1184 921 1319 974 φησι
1381 906 1476 958 καὶ
1508 905 1638 977 περὶ
1669 906 1880 976 ὑπηρέ-

290 1003 411 1051 του,
473 989 647 1058 ήγουν
700 991 1086 1049 ὐποδιακόνου.
1141 995 1286 1064 Πρὸς
1337 995 1395 1048 δὲ
1439 995 1502 1048 τὸ
1568 997 1627 1050 ἓν
1671 997 1879 1066 φάκτον

286 1077 584 1132 ἀποδοτέον
609 1081 672 1132 τὸ
704 1082 836 1152 περ)⁵
871 1081 966 1135 τοῦ
996 1083 1378 1151 ὑποδιακόνου,
1431 1087 1604 1156 ήγουν
1632 1088 1695 1140 τὸ
1721 1086 1878 1141 ὲκπί-

286 1182 447 1221 πτειν
475 1168 640 1221 αὑτὸν
662 1169 763 1238 τῆς
785 1170 1088 1242 ὑπηρεσίας
1117 1174 1633 1246 κλεψιγαμήσαντα.
1662 1180 1738 1232 Οὐ
1764 1179 1875 1249 γὰρ

284 1261 502 1328 ἐφεῖται
527 1260 873 1334 ὐποδιακόνῳ
900 1265 1039 1334 μετὰ
1063 1266 1164 1337 τὴν
1203 1267 1558 1339 χειροθεσίαν
1604 1273 1874 1338 γυναῖκας

290 1350 710 1419 μνηστεύεσθαι
737 1353 833 1406 καὶ
864 1354 1044 1423 γάμον
1080 1356 1501 1414 συναλλάσσειν.
1535 1361 1674 1430 Φησὶ
1701 1360 1810 1431 γὰρ
1845 1359 1874 1411 ό

289 1438 402 1490 τῶν
435 1438 611 1505 άγίων
669 1440 992 1496 ἀποστόλων
1025 1444 1207 1498 κανὼν
1250 1453 1345 1511 κς¹
1395 1448 1572 1502 ταῦτα
1592 1463 1607 1480 ο
1636 1449 1758 1502 Τῶν
1791 1451 1875 1514 είς

284 1528 491 1599 κλῆρον
523 1531 906 1596 προελθόντων
934 1535 1171 1605 ἀγάμων
1194 1537 1496 1608 κελεύομεν
1510 1538 1874 1610 βουλομένους

282 1623 486 1690 γαμεῖν
516 1622 883 1692 ἀναγνώστας
908 1628 1004 1682 καὶ
1054 1628 1268 1698 ψάλτας
1319 1631 1509 1702 μόνον.
1559 1634 1624 1686 Ei
1680 1633 1739 1687 δέ
1785 1650 1872 1697 τις

285 1716 718 1789 κλεψιγαμήσας
746 1722 891 1788 μετὰ
926 1721 1098 1777 ταῦτα
1123 1723 1412 1797 ὑπηρέτης
1455 1729 1703 1798 γέγονεν,
1732 1727 1869 1793 ἔξω·

1985 551 2142 612 gatus
2171 557 2292 596 mox
2329 545 2656 609 admittitur,
2692 546 2757 602 ad
2795 549 3053 618 majorem
3089 556 3314 622 gradum
3354 574 3558 627 nequa-

1981 648 2144 701 quam
2173 638 2591 703 promovendus.
2625 635 2774 715 Quod
2811 639 2855 693 si
2901 640 3106 709 absque
3139 646 3558 715 desponsatione

1981 738 2104 776 cum
2137 725 2365 779 muliere
2395 714 2803 796 congredietur,
2839 739 2894 784 et
2935 730 2980 786 si
3020 732 3157 788 forte
3192 735 3261 789 de
3309 738 3398 791 illa
3450 741 3553 794 sibi

1979 828 2151 869 uxore
2173 815 2511 885 adiungenda
2548 833 2669 872 cum
2704 835 2766 872 ea
2810 821 2971 876 verba
3017 823 3228 889 fecerit,
3265 830 3474 883 etiamsi
3501 842 3558 886 et

1979 915 2169 974 postea
2221 919 2341 959 eam
2382 908 2622 973 duxerit,
2680 923 2712 964 a
2761 910 3069 968 ministerio
3121 916 3342 972 excidit.
3407 920 3554 974 ldem

1978 1009 2110 1048 vero
2137 997 2212 1048 ait
2242 996 2409 1050 etiam
2439 997 2506 1051 dc
2539 998 2794 1055 ministro
2822 1017 3018 1072 nempe
3041 1003 3442 1075 hypodiacono.
3473 1012 3554 1065 Ad

1979 1100 2147 1140 unum
2200 1099 2366 1154 porro
2427 1086 2630 1142 factum
2685 1089 3035 1147 referendum
3082 1103 3184 1161 est,
3235 1098 3287 1151 id
3315 1103 3455 1166 quod
3488 1103 3554 1155 de

1979 1175 2355 1244 ltypodiacono
2382 1178 2622 1232 dicitur:
2655 1180 2934 1249 nimirum,
2965 1193 3023 1238 ut
3066 1200 3096 1239 a
3128 1188 3428 1244 ministerio
3459 1205 3554 1245 ax-

1977 1268 2144 1332 cidat,
2189 1268 2237 1322 si
2271 1270 2673 1326 matrimonium
2729 1273 2915 1329 furtim
2949 1278 3186 1335 iniverit.
3247 1279 3356 1336 Nec
3406 1284 3550 1337 enim

1976 1357 2350 1428 ltypodiacono
2400 1362 2754 1430 permittitur,
2820 1377 2940 1435 post
2988 1367 3388 1438 impositionem
3437 1389 3554 1427 nta-

1976 1461 2140 1500 nuum
2178 1449 2456 1504 mulierem
2509 1465 2766 1521 sponsam
2821 1469 3126 1523 assumere,
3180 1475 3414 1532 cumque
3461 1464 3551 1518 illa

1975 1539 2269 1593 conciliare
2302 1541 2536 1610 nuptias.
2575 1541 2699 1599 Haac
2747 1560 2982 1617 namque
3014 1540 3179 1606 habet
3234 1565 3549 1608 sanctorum

1970 1629 2348 1697 apostolorum
2377 1646 2550 1686 canon
2584 1634 2878 1693 vicesimus
2912 1649 3102 1695 sextus
3131 1659 3146 1696 :
3183 1641 3260 1698 Ex
3315 1645 3400 1709 iis,
3454 1648 3548 1714 qui

1974 1732 2078 1771 non
2107 1718 2266 1773 ducta
2291 1736 2459 1776 uxore
2493 1723 2560 1778 ad
2588 1723 2790 1779 clerum
2823 1731 3058 1798 promoti
3093 1743 3241 1798 sunt,
3269 1735 3546 1804 jubcmus,

284 1806 512 1876 θήσεται
541 1788 638 1862 τοῦ
668 1808 888 1881 βαθμοῦ
903 1811 1094 1881 αὐτοῦ,
1119 1788 1551 1882 διαγνωσθίίντος
1570 1816 1664 1871 τοῦ
1686 1788 1852 1891 άμαρι

1969 1809 2016 1863 si
2052 1811 2242 1876 velint,
2297 1827 2523 1868 uxorem
2569 1815 2772 1872 ducere
2808 1818 3037 1877 lectores
3069 1832 3122 1877 et
3176 1839 3429 1881 cantores
3461 1843 3552 1882 so-

278 1900 550 1970 τήματος.

342 2165 568 2219 ΔΡΙΣΤ.
613 2165 674 2219 '0
702 2167 810 2238 πρὸ
872 2169 1053 2241 γάμου
1081 2172 1468 2228 συναλλάσσων
1500 2176 1862 2248 άναγνὼστης

279 2260 499 2328 μνηστῇ
539 2261 656 2328 μετ’
689 2262 936 2315 ἐνιαυτὸν
967 2263 1184 2333 δεχθεὶς
1233 2268 1442 2336 μενέτω
1503 2269 1862 2340 ἀναγνώστης

270 2348 597 2418 ἁπρόκοπος
630 2368 646 2382 ο
671 2349 1012 2422 κλεψίγαμος
1042 2355 1486 2424 δὲ,ἁπωθείσθω.
1511 2360 1585 2412 Τὸ
1603 2360 1734 2414 αὐτὸ
1765 2362 1859 2414 καὶ

270 2439 584 2509 ὑπηρέτης.

357 2531 750 2601 Ἀναγνὼστης
815 2535 1049 2601 γυναῖκα
1083 2539 1574 2609 μνηστευσάμενος
1605 2545 1699 2596 καὶ
1749 2545 1859 2616 πρὸ

265 2620 364 2674 τοῦ
392 2621 578 2692 γάμου
615 2620 734 2691 μετ’
792 2624 965 2694 αὐτῆς
1016 2627 1406 2699 συμφθαρεὶς.,
1461 2633 1557 2684 ἐπὶ
1609 2636 1859 2688 ἐνιαυτὸν

266 2713 532 2783 ἀργήσει,
563 2715 657 2767 καὶ
694 2713 839 2767 οὕτω
873 2715 1202 2786 δεχθήσεται
1224 2721 1306 2783 είς
1337 2721 1397 2774 ea
1426 2723 1854 2791 ἀναγινώσκειν,

268 2808 354 2866 εἰς
386 2806 616 2874 μείζονα
641 2807 934 2879 προκοπὴν
963 2809 1039 2878 μὴ
1071 2810 1574 2882 προϐιδαζόμενος,
1593 2815 1712 2870 ἀλλ’
1763 2819 1857 2869 ἐπὶ

266 2895 364 2950 τοῦ
423 2897 594 2950 αὑτοῦ
651 2899 832 2968 μένων
900 2899 1135 2969 βαθμοῦ.
1207 2902 1266 2955 ὐ
1325 2903 1382 2956 δὲ
1461 2906 1556 2958 καὶ
1612 2908 1716 2978 πρὸ
1756 2909 1856 2978 τῆς

271 2989 583 3058 μνηστείας
639 2989 1072 3060 κλεψιγαμήσας
1124 2992 1306 3046 τέλεον
1353 2992 1451 3047 τοῦ
1511 2996 1725 3067 βαθμοῦ
1757 2999 1854 3052 αὺ-

264 3080 362 3132 τοῦ
403 3075 938 3151 μετακινηθήσεταὶ.
969 3083 1043 3136 Τὸ
1072 3084 1207 3137 αὐτὸ
1235 3085 1292 3138 δὲ
1318 3086 1603 3156 ἐπιτίμιον
1629 3091 1724 3145 καὶ
1770 3091 1848 3153 είς

265 3169 401 3232 τοὺς
435 3171 890 3242 ἀχειροτονήτους
915 3173 1198 3245 ὑπηρέτας
1223 3177 1324 3246 τῆς
1362 3177 1692 3248 Ἐκκλησίας
1713 3197 1852 3253 κρα-

263 3261 452 3331 τήσει.

868 3357 1112 3410 ΚΑΝΩΝ
1165 3359 1244 3412 0'.

262 3443 531 3507 Διάκονος
596 3445 654 3497 ιν
697 3446 907 3514 χείλεσι
969 3448 1243 3516 μιανθεὶς,
1294 3452 1391 3503 καὶ
1451 3468 1614 3523 μεχρι
1659 3452 1850 3506 τούτου

334 3536 723 3606 ἡμαρτηκέναι
768 3538 1136 3609 ὁμολογήσας,
1188 3541 1291 3609 τῆς
1339 3542 1688 3613 λειτουργίας
1731 3547 1850 3598 ὲπι-

333 3625 710 3694 σχεθησεται,·
742 3626 838 3679 τοῦ
879 3629 935 3681 δὲ
965 3670 982 3694 ,
1005 3631 1259 3701 μετέχειν
1318 3632 1428 3687 τῶν
1487 3635 1848 3704 ἁγιασμάτων

338 3717 484 3786 μετὰ
514 3717 626 3770 τῶν
658 3718 930 3772 διακόνων
963 3721 1360 3792 ἀξιωθήσεται.
1404 3726 1479 3779 Τὸ
1505 3727 1638 3780 αὐτὸ
1666 3727 1723 3780 δὲ
1749 3729 1844 3780 καὶ

338 3807 755 3889 πρεσϐύτερος..
808 3813 870 3865 Et
930 3813 985 3865 δέ
1060 3832 1113 3866 τι
1168 3816 1356 3870 πλεῖον
1414 3820 1702 3889 φωραθείη
1758 3838 1844 3883 τις

327 3878 692 3971 ἡμαρτηκὼς,
733 3878 810 3955 ’ὲν
857 3904 955 3974 οἴῳ
1007 3905 1074 3959 ἂν
1220 3878 1454 3980 -βαθμιμ,
1501 3878 1842 3983 καθαιρεθήεῖ

324 4005 504 4046 σεται.

332 4080 532 4134 ΒΔΛΣ.
581 4081 690 4137 Τὸν
751 4085 811 4137 ὲν
865 4085 1073 4155 χείλεσι
1130 4089 1433 4157 μιανθέντα
1465 4092 1734 4161 διάκονον,
1797 4097 1830 4166 ἢ

259 4171 436 4241 ίερέα,
509 4175 605 4226 καὶ
663 4174 1217 4247 ἑξομολογησάμενον
1257 4183 1318 4234 τὸ
1369 4185 1696 4255 ἁμάρτημα,
1761 4189 1844 4241 δι-

251 4261 502 4329 ορίζεται
557 4264 586 4314 ό
636 4262 790 4328 ἆγιος
869 4264 1178 4318 κωλύεσθαι
1236 4270 1336 4338 τῆς
1383 4273 1717 4343 ἱερουργίας,
1764 4277 1840 4346 μὴ

257 4352 446 4418 μέντοι
468 4367 536 4417 γε
563 4350 621 4403 δὲ
656 4353 752 4404 καὶ
784 4353 884 4421 τῆς
919 4355 1031 4407 τῶν
1071 4357 1436 4426 άγιασμάτων
1470 4365 1831 4433 μεταλήψεως

1964 1899 2067 1954 los.
2093 1900 2150 1956 Si
2183 1901 2304 1971 quis
2333 1913 2510 1960 autem
2548 1917 2736 1976 postea
2767 1910 3012 1968 minister
3036 1911 3224 1969 furtim
3264 1918 3545 1971 matrimo-

1965 1994 2112 2047 nium
2163 1996 2366 2063 inierit,
2403 1999 2492 2053 ubi
2536 2000 2743 2056 crimen
2798 2003 3038 2074 agnitum
3098 2005 3284 2073 fuerit,
3329 2014 3394 2064 de
3448 2027 3547 2066 suo

1963 2087 2129 2154 gradu
2161 2087 2462 2157 dejicietur.

2037 2174 2266 2232 ARIST.
2295 2177 2488 2234 Lector
2518 2181 2609 2251 qui
2641 2193 2766 2238 ante
2789 2185 3009 2255 nuptias
3041 2203 3154 2243 rem
3183 2205 3305 2244 cum
3339 2207 3539 2261 sponsa

1964 2265 2173 2331 habuit,
2209 2281 2328 2336 post
2371 2284 2570 2325 annum
2617 2287 2889 2345 receptus,
2929 2290 3143 2334 maneat
3184 2282 3352 2336 lector
3399 2286 3542 2338 ulte-

1961 2361 2075 2412 rius
2119 2375 2220 2413 non
2276 2365 2720 2431 promovendus;
2777 2372 2867 2437 qui
2935 2371 3192 2424 furtivum
3252 2390 3380 2428 vero
3423 2375 3545 2431 iniit

1964 2450 2392 2517 matrimonium,
2423 2457 2746 2524 expellatur.
2773 2461 2916 2513 Idem
2946 2469 3000 2514 et
3028 2462 3299 2519 minister.

2031 2538 2225 2594 Lector
2281 2540 2538 2597 feminam
2592 2547 2927 2616 desponsans
2971 2559 3026 2605 et
3066 2566 3191 2609 ante
3255 2558 3536 2611 matrimo-

1961 2630 2108 2685 nium
2135 2647 2257 2686 eum
2291 2648 2352 2687 ea
2386 2646 2703 2704 corruptus,
2734 2653 2933 2694 annum
2964 2645 3174 2698 otiosus
3210 2648 3333 2711 erit,
3375 2660 3426 2702 et
3457 2651 3537 2704 sic

1959 2722 2025 2776 ad
2054 2721 2340 2792 legendum
2370 2725 2681 2795 recipietur,
2727 2732 2791 2782 ad
2838 2730 3095 2798 majorem
3139 2738 3532 2804 promationem

1961 2829 2067 2867 non
2135 2815 2455 2882 procedens,
2511 2818 2603 2870 sed
2637 2819 2688 2871 in
2743 2820 2931 2874 eodem
2986 2825 3286 2890 persistens
3340 2827 3534 2894 gradu.

1959 2900 2061 2966 Qui
2103 2913 2284 2956 autem
2314 2913 2368 2958 et
2397 2913 2524 2958 ante
2558 2904 3033 2974 desponsationem
3085 2911 3272 2966 furtim
3322 2916 3532 2983 coierit,

1957 2993 2126 3062 gradu
2164 3008 2262 3047 suo
2299 2994 2539 3063 perfecte
2589 3009 2854 3054 movetur.
2915 3001 3058 3056 Idem
3105 3014 3283 3058 autem
3332 3009 3533 3077 suppli-

1959 3083 2103 3137 cium
2139 3092 2194 3136 ει
2225 3084 2278 3137 in
2305 3098 2399 3139 eos
2423 3083 2685 3142 Ecclesia:
2734 3091 3014 3146 ministros
3061 3094 3151 3161 qui
3197 3093 3396 3150 nullam
3435 3098 3533 3153 ltu-

1959 3173 2192 3228 buerunt
2225 3189 2479 3230 manuum
2509 3176 2915 3247 impositionem
2952 3183 3244 3241 obtinebit.

2415 3350 2574 3420 122
2612 3351 2842 3408 CANON
2891 3354 3054 3412 Lxx.

1951 3440 2239 3506 Diaconus,
2265 3443 2354 3512 qui
2387 3445 2624 3512 pollutus
2649 3449 2804 3500 estin
2839 3446 2883 3499 la
2898 3450 3029 3510 bris,
3072 3459 3128 3503 et
3166 3465 3223 3505 sc
3252 3465 3318 3505 eo
3363 3467 3530 3521 usque

2020 3547 2277 3602 peccasse
2321 3533 2604 3589 confessus
2660 3548 2764 3600 cst,
2797 3553 2828 3590 a
2866 3539 3173 3595 ministerio
3216 3543 3528 3610 prohibebi-

2022 3634 2111 3677 tur
2146 3641 2159 3678 :
2196 3634 2254 3677 ut
2277 3635 2458 3681 autem
2488 3627 2561 3679 sit
2589 3637 3052 3683 sacramentorum
3106 3646 3226 3686 cum
3282 3637 3528 3692 diacouis

2017 3715 2290 3784 particeps
2310 3716 2500 3785 dignus
2525 3717 2828 3773 habebitur.
2845 3718 2898 3773 ld
2927 3722 3095 3789 ipsum
3115 3734 3289 3778 autem
3309 3728 3531 3798 prcsby-

2019 3814 2104 3860 ter
2134 3820 2370 3875 quoque.
2404 3807 2460 3860 Si
2489 3809 2618 3877 quid
2663 3821 2842 3864 autem
2876 3811 3107 3880 amplius
3148 3829 3368 3882 pecasse
3397 3821 3520 3886 quis

2017 3896 2389 3964 deprehensus
2434 3896 2620 3963 fuerit,
2655 3898 2710 3953 in
2741 3895 3064 3971 quocunque
3093 3904 3164 3956 sit
3195 3909 3387 3974 gradu,
3424 3909 3522 3963 tle-

2017 3995 2276 4057 ponetur.

2016 4100 2210 4155 BALS.
2243 4100 2537 4154 Diaconum
2592 4101 2674 4156 vel
2717 4105 3078 4172 sacerdotem,
3125 4110 3214 4175 qni
3268 4110 3318 4164 in
3360 4111 3524 4168 labris

1946 4196 2182 4264 pollutus
2215 4207 2493 4263 peccatum
2541 4196 2824 4253 confessus
2853 4209 2956 4264 est,
3011 4203 3252 4258 decernit
3297 4218 3520 4263 sanctus

1944 4302 2064 4341 esse
2089 4301 2117 4340 a
2156 4302 2312 4341 sacro
2353 4288 2660 4342 ministerio
2702 4295 3017 4358 arcendum,
3054 4310 3156 4348 non
3191 4304 3371 4350 tamen
3401 4314 3522 4353 esse

1945 4393 1973 4431 a
2007 4389 2470 4433 sacramentorum
2499 4394 2713 4447 quoque
2761 4382 3172 4450 participatione
3223 4390 3517 4453 prohiben-

252 4445 648 4514 ἀπείργεσθαι,
677 4447 813 4499 άλλά
840 4450 1296 4520 μεταλαμϐάνειν
1350 4457 1504 4519 ἐντὸς
1530 4459 1626 4510 τοῦ
1673 4459 1833 4526 ἁγίου

1967 4469 2094 4531 lum,
2141 4471 2234 4523 sed
2270 4469 2410 4522 intra
2450 4485 2665 4523 sacrum
2728 4473 2960 4525 tribunal
3006 4490 3125 4528 cum
3181 4481 3356 4545 gradu
3416 4482 3515 4533 sibi

254 4535 511 4604 βήματος
545 4536 689 4606 μετὰ
725 4538 837 4591 τῶν
872 4541 1194 4612 ίσοσάθμων
1226 4546 1396 4599 αὑτοῦ
1425 4549 1623 4617 ἱερέων
1653 4549 1684 4620 ἢ
1721 4551 1837 4605 δια-

250 4626 451 4681 κόνων.
484 4628 590 4680 Τὸν
621 4627 677 4681 δὲ
723 4630 798 4699 μὴ
856 4630 1020 4701 μέχρι
1059 4635 1248 4688 τούτου
1283 4639 1672 4710 ἡμαρτηκότα,
1699 4643 1835 4696 ἀλλὰ

249 4717 346 4768 καὶ
393 4718 474 4780 εἰς
507 4717 670 4771 πλέον
709 4720 1168 4792 ἐξολισθήσαντα,
1235 4726 1377 4780 θέλει
1427 4731 1828 4800 καθαιρεῖσθαι.

251 4807 436 4891 Ταιξτα
493 4809 588 4861 τοῦ
619 4811 844 4876 κανόνος
881 4814 1282 4887 διοριζομένου,
1319 4821 1582 4891 ἠρωτήθη
1641 4824 1837 4877 πολλά-

247 4876 365 4962 κις,ο
388 4900 454 4951 Τί
479 4901 598 4952 ἔστι
627 4903 688 4955 τὸ
712 4905 769 4956 έν
797 4876 1004 4975 χείλεσι
1038 4876 1465 4981 *μιανθῆναιυτὸν
1486 4876 1828 4985 ἱερωμένου

249 4990 355 5042 Καί
389 5007 540 5052 τινες
570 4986 729 5047 εἷπον
752 4991 892 5050 εἶναι
921 4998 981 5051 τὸ
1011 5001 1175 5070 μέχρι
1205 5005 1517 5074 φιλήματος
1542 5007 1830 5075 ἐμπαθοῦς

246 5082 340 5134 καὶ
372 5082 646 5150 ἐρωτικοῦ
691 5087 830 5154 πρὸς
860 5093 1098 5155 γυναῖκα
1131 5096 1421 5163 γινομένου
1440 5097 1833 5166 ,ἡμαρτηκέναι

246 5170 387 5230 τινὰ,
421 5170 568 5221 κατὰ
610 5171 669 5222 τὸ
694 5174 1059 5242 εὑαγγελικὸν
1092 5185 1258 5251 ῥητὸν
1305 5185 1366 5236 τὸ
1389 5185 1588 5260 λέγονς
1634 5191 1704 5241 '0
1729 5190 1832 5257 ἐμ-

247 5257 480 5325 ϐιέψας
534 5265 769 5330 γυναικί
809 5270 978 5335 ’πρὸς
1039 5272 1104 5325 τὸ
1171 5257 1539 5346 ἐπιθυμῆσαι
1609 5280 1828 5349 αὐτῆς,

247 5349 361 5416 ἤδη
388 5355 755 5420 ἐμοίχευσεν
773 5360 993 5423 αὐτὴν.
1028 5363 1210 5418 ’Λλλοι
1265 5364 1421 5421 εἷπον
1452 5369 1526 5432 ὥς
1560 5387 1704 5434 τινες
1751 5371 1831 5441 τῷ

255 5442 558 5512 ἀφρώισὶῳ
629 5449 768 5518 πυρὶ
819 5451 1059 5517 ὁιακαῶς
1112 5458 1443 5528 ὲκκαόμενοι
1520 5462 1595 5526 ὡς
1644 5464 1823 5518 κύλικι

247 5530 491 5598 χρῶνται
523 5534 601 5605 τῷ
631 5543 931 5610 γυναικείῳ
963 5547 1168 5618 αζδοῖῳ,
1203 5552 1297 5603 καὶ
1329 5551 1397 5605 δι’
1433 5555 1596 5608 αὑτοῦ
1630 5555 1694 5623 (ὣ
1716 5558 1808 5610 τοῦ

344 5713 358 5744 ³
398 5713 593 5770 Matth.
623 5733 676 5783 ι’,
695 5720 783 5773 εδ.

1941 4561 2240 4629 aequalibus
2274 4561 2653 4616 sacerdotibus
2680 4561 2762 4614 vel
2804 4563 3068 4618 diaconus
3101 4571 3514 4625 communicare

1941 4652 1990 4704 ei
2022 4651 2460 4719 permittendum.
2495 4650 2627 4703 Eum
2652 4662 2853 4716 autem,
2878 4655 2967 4722 qui
2995 4670 3097 4708 non
3127 4671 3192 4710 eo
3225 4673 3394 4724 usque
3427 4677 3518 4712 so-

1944 4739 2055 4793 lum
2086 4741 2349 4807 peccavit,
2403 4744 2496 4795 sed
2541 4743 2772 4811 amplius
2801 4748 2965 4798 etiam
3016 4748 3198 4816 lapsus
3244 4761 3344 4814 est,
3409 4755 3520 4805 vult

1941 4846 2060 4884 esse
2110 4833 2503 4900 deponendum.
2538 4831 2661 4887 ΙΙωο
2716 4849 2838 4888 cum
2897 4851 3021 4889 can.
3077 4840 3323 4904 deﬁniat,
3375 4857 3518 4908 εει-νο

1941 4923 2335 4993 interrogatum
2370 4933 2472 4988 est,
2517 4923 2655 4988 Quid
2687 4927 2758 4978 sit
2806 4937 3080 4980 sacratum
3138 4930 3408 4985 imminent
3461 4935 3512 4986 in

1937 5013 2104 5068 labris
2131 5014 2344 5082 pollui?
2385 5025 2438 5068 et
2469 5017 2720 5070 dicebant
2766 5017 2935 5085 aliqui
2972 5033 3091 5072 esse
3124 5020 3355 5089 aliquem
3385 5039 3514 5093 pt‘C-

1936 5122 2093 5164 Cosse
2110 5125 2229 5161 cum
2267 5109 2492 5162 muliere
2519 5113 2583 5162 atl
2631 5111 2885 5164 lasdvum
2919 5123 2973 5166 et
3004 5119 3328 5170 amatorium
3355 5133 3514 5171 Oseu-

1937 5201 2070 5264 lum,
2101 5202 2396 5253 secundum
2424 5200 2792 5270 evangelicum
2831 5203 3051 5266 dierum,
3091 5212 3232 5273 quod
3260 5222 3360 5266 est.
3408 5211 3511 5273 Qui

1934 5293 2138 5357 aspexit
2160 5293 2424 5344 mulierem
2454 5295 2522 5344 ad
2557 5295 3025 5360 concupiscendum
3052 5314 3166 5350 eaut
3197 5302 3508 5363 ,mwcharm

1934 5395 2005 5437 est
2037 5399 2150 5435 cum
2205 5400 2264 5435 ra
2297 5384 2336 5439 ί.
2383 5385 2476 5434 Alii
2513 5385 2782 5450 (licebant,
2817 5389 2957 5455 quod
3009 5390 3225 5456 quidam
3291 5391 3509 5444 Veneris

1933 5476 2056 5544 igne
2088 5477 2343 5528 ardenter
2398 5474 2735 5539 inflammati,
2793 5477 3041 5532 muliebri
3096 5481 3346 5546 pudendo
3387 5491 3506 5534 tau-

1929 5581 2090 5636 quam
2122 5567 2311 5634 poculo
2354 5576 2598 5632 utuntur,
2638 5577 2690 5620 ct
2727 5581 2822 5636 per
2879 5567 3051 5637 ipsum
3081 5569 3145 5640 (ο
3185 5571 3502 5627 exsecraudi
