4006 6470
213 356 325 420 ’177

1131 359 1211 420 ιΝ
1243 359 1482 422 EPIST.
1521 360 1581 419 S.
1625 357 1917 418 BASlLlI
1974 355 2423 418 CANONICAM
2463 357 2578 418 ιιι.

3406 355 3507 418 ’Πδ

291 464 557 523 ΖΩΝΑΡ.
605 468 875 522 Μαντεῖαι
913 468 1010 539 μὶν
1048 469 1212 520 πάλαι
1254 464 1396 540 ἦσαν
1441 466 1498 519 ai
1550 466 1682 535 περὶ
1711 463 1815 517 τῶν

1997 460 2248 518 ZONAR.
2289 462 2552 518 Vaticinia
2592 462 2721 517 olim
2773 469 2955 526 erant,
3014 477 3135 532 qua:
3194 462 3346 519 falsis
3405 465 3511 520 diis

209 555 602 628 ψευδωνύμων
645 558 784 612 θεῶν
838 560 1126 630 γινόμεναι
1175 560 1535 630 προρρήσεις,
1600 559 1633 630 ἢ
1684 556 1820 625 πρὶς

209 647 531 718 ἐρωτήσεις
568 651 893 721 ἀποκρίσεις
917 667 933 683 ⁸
973 654 1022 704 εἰ
1057 653 1115 705 δὲ
1169 651 1265 706 καὶ
1294 651 1360 703 τὰ
1385 651 1699 720 χρηστήρια
1729 649 1821 699 ἐκ·

209 738 515 794 λελοίπασι
565 743 705 811 μετὰ
728 745 829 812 τὴν
856 743 1134 813 σάρκωσιν
1157 741 1254 797 τοῦ
1291 743 1525 813 Κυρίου,
1557 740 1696 794 ἀλλὰ
1726 739 1823 791 καὶ

209 831 317 885 νῦν
344 833 593 901 γίνονται
650 838 803 907 παρά
831 856 994 892 τινων
1043 838 1111 891 δι’
1143 838 1371 909 ἐπῳδῶν
1406 838 1501 891 καὶ
1536 836 1821 905 ἐνεργείας

209 924 555 997 δαιμονικῆς
601 930 961 1000 προρρήσεις,
1016 931 1066 984 εί
1123 931 1215 982 καὶ
1246 930 1468 1000 ψευδεῖς
1505 932 1562 982 αἱ
1597 928 1818 990 πλείους

211 1015 580 1087 ὶλέγχονται·
615 1013 726 1072 οἷαί
762 1020 870 1072 είσι
921 1021 1016 1073 καὶ
1058 1020 1114 1072 αί
1145 1019 1299 1088 παρὰ
1347 1017 1627 1086 γυναικῶν
1656 1031 1822 1069 τινων

211 1109 541 1176 γινόμεναι,
598 1110 659 1163 αἳ
687 1111 884 1182 κριθὰς
917 1113 976 1165 ἐν
1010 1113 1168 1183 χερσὶ
1198 1110 1437 1164 τιθεῖσαι
1487 1109 1555 1164 δι’
1585 1107 1819 1168 ἐκείνων

213 1201 561 1271 προλέγουσι
603 1220 759 1257 τιναο
795 1205 954 1259 ἄλλαι
988 1205 1068 1269 δὲ,
1136 1204 1331 1271 σποδιᾷ
1385 1202 1814 1265 ἐπικύπτουσαι,

215 1293 615 1362 προμηνύουσί
647 1311 768 1348 τινα
801 1295 1086 1363 μέλλοντα.
1117 1294 1677 1365 Συναριθμείσθωσαν
1699 1293 1824 1346 τού·

209 1398 334 1445 τοις
364 1385 461 1437 καὶ
482 1386 532 1437 oi
581 1387 645 1439 ὲκ
685 1387 793 1440 τῶν
823 1388 1076 1459 ἀστέρων
1129 1386 1824 1458 προγινώσκεινολέγοντες

210 1475 286 1526 τὰ
317 1475 583 1544 ἐσόμενα,
642 1481 733 1530 καὶ
763 1482 814 1533 οἱ
861 1480 1076 1541 τούτοις
1129 1480 1426 1550 χρώμενοι,
1461 1478 1558 1540 οὓς
1614 1479 1822 1542 πάντας

210 1564 298 1636 τῷ
315 1566 589 1638 ἐπιτιμίῳ
619 1567 729 1621 τῶν
753 1572 963 1637 φονέων
992 1570 1334 1638 καθυπάγει.

231 1745 490 1801 ’ΔΡΙΣἹὶ
536 1748 594 1802 Ὅ
625 1748 886 1820 μάντεσιν
914 1752 947 1822 ἢ
999 1751 1263 1813 τοιούτοις
1294 1749 1440 1804 τισὶν
1467 1749 1666 1803 ἑαυτὸν
1698 1748 1822 1812 δοὺς

393 1846 488 1894 τον
521 1843 714 1911 χρόνον
751 1843 860 1896 τῶν
884 1845 1095 1911 φονέων
1122 1840 1641 1912 οίκονομηθήσεται.

300 1931 363 1984 Ὀ
399 1932 502 2002 μὲν
537 1935 730 1987 ἑαυτὸν
760 1935 978 1996 ἐπιδοὺς
1002 1936 1284 2004 μάντεσιν,
1309 1933 1342 2002 ἢ
1376 1933 1586 2000 γόησιν,
1613 1931 1646 2000 ἢ
1676 1944 1818 1999 φαρ-

211 2025 456 2092 μακοῖςέ,
495 2026 588 2077 ἐπὶ
617 2025 696 2095 τῷ
727 2027 924 2096 μαθεῖν
957 2027 1058 2095 τὴν
1092 2023 1455 2094 κακοτεχνίαν
1505 2021 1712 2084 αὐτῶν,
1742 2021 1817 2080 ὡς

208 2115 238 2166 ὁ
262 2115 542 2179 ἑκουσίως
571 2115 816 2185 φονεύων
867 2116 1334 2188 ὲπιτιμηθήσεται
1355 2130 1370 2145 ⁸
1405 2115 1432 2166 ὁ
1453 2115 1509 2168 δὲ
1540 2111 1819 2165 πιστεύων

213 2207 511 2276 μάντεσιν,
556 2209 795 2276 είσάγων
826 2210 1029 2272 αὐτοὺς
1061 2212 1143 2269 εἰς
1174 2209 1270 2260 τὸν
1293 2201 1444 2260 οἷκον
1497 2205 1696 2258 ἑαυτοῦ
1724 2205 1819 2258 ἐπὶ

210 2297 513 2366 ἀνευρέσει
551 2297 640 2350 καὶ
668 2297 937 2368 καθάρσει
972 2296 1363 2368 φαρμακειῶνς
1398 2294 1430 2365 ἢ
1469 2291 1816 2361 ἀποκαλύψει

209 2388 387 2442 τινῶν
434 2392 787 2460 ἀπορρήτων,
819 2389 1070 2456 ἑξαετίαν
1113 2389 1479 2459 ἐπιτιμᾶταιο
1518 2387 1594 2449 ὡς
1629 2387 1656 2439 ὁ
1690 2386 1817 2456 ἑξη-

213 2481 416 2544 κοστὸς
447 2481 662 2552 πρῶτος
693 2481 876 2537 κανὼν
903 2485 1005 2553 τῆς
1035 2484 1093 2535 ἐν
1118 2481 1194 2552 τῷ
1216 2479 1473 2552 Τρούλλῳ
1495 2479 1659 2549 ἕκτης
1689 2477 1819 2532 συν-

213 2573 344 2626 όδου
379 2573 766 2643 διαλαμϐάνει,
804 2576 902 2627 καὶ
923 2577 952 2626 ὁ
980 2573 1345 2642 ὀγδοηκοστὸς
1366 2572 1560 2640 τρίτος
1583 2570 1686 2638 τῆς
1716 2570 1821 2624 ἀνὰ

215 2667 416 2735 χεῖρας
436 2665 643 2738 ταύτης
668 2666 860 2736 τρίτης
910 2663 1208 2735 ἐπιστολῆς
1249 2662 1344 2717 τοῦ
1376 2661 1619 2734 μεγάλου
1651 2661 1817 2717 Βασι-

216 2757 395 2813 λείου.

818 2854 1061 2908 ΚΑΝΩΝ
1109 2853 1230 2909 οιν.

233 2939 296 2993 '0
336 2942 430 2995 τὸν
459 2943 695 3012 Χριστὸν
729 2946 1135 3016 ἀρνησάμενος,
1189 2945 1285 2999 καὶ
1322 2945 1580 3018 παραϐὰς
1626 2947 1687 2999 τι
1720 2947 1818 3016 τῆς

297 3034 576 3105 σωτηρίας
639 3037 966 3108 μυστήριον,
1035 3039 1094 3090 ὲν
1135 3039 1297 3091 παντὶ
1352 3037 1430 3107 τῷ
1481 3039 1662 3108 χρόνῳ
1717 3039 1819 3108 τῆς

292 3125 446 3195 ζωῆς
482 3126 650 3180 αὑτοῦ
697 3128 1057 3199 προσκλαίειν
1085 3129 1313 3198 ὀφείλει,
1345 3131 1440 3182 καὶ
1472 3129 1815 3198 ἐξομολογεῖ-

298 3219 428 3271 σθαι
455 3221 748 3289 χρεωστεϊ,
777 3220 836 3273 ἑν
865 3219 942 3290 τῷ
989 3221 1169 3290 καιρῷ
1277 3220 1524 3274 ἐκϐαίνει
1560 3219 1657 3273 τοῦ
1701 3222 1821 3290 βίου

291 3310 663 3380 άγιασμάτων
713 3310 1038 3382 ἀξιούμενος
1092 3311 1274 3365 πίστει
1341 3309 1439 3381 τῆς
1496 3313 1651 3382 παρὰ
1683 3312 1820 3366 Θεοῦ

296 3404 746 3473 φιλανθρωπίας.

294 3496 494 3552 ΒΑΛΣ.
536 3495 597 3549 '0
629 3495 730 3565 μὲν
763 3494 946 3549 κανὼν
973 3497 1152 3566 σαφής
1193 3499 1332 3549 ἐστι.
1362 3495 1671 3567 Διορίξεται
1709 3495 1819 3565 γὰρ

215 3591 350 3651 τοὺς
375 3587 798 3658 ἀρνησαμένους
829 3587 925 3639 τὸν
971 3587 1176 3657 Κύριον
1225 3589 1386 3658 ἡμῶν
1432 3588 1640 3658 Ἰησοῦν
1677 3588 1816 3657 Χριο

223 3683 375 3748 στὸν,
420 3681 516 3735 καὶ
555 3681 628 3750 μὴ
660 3679 991 3750 δεξαμένους
1029 3681 1089 3733 τὸ
1128 3681 1437 3750 μυστήριον
1491 3682 1589 3750 τῆς
1619 3681 1818 3751 ὲνσάρ-

221 3792 324 3828 κου
355 3775 672 3843 οἰκονομίας
707 3772 898 3838 αὑτοῦ,
947 3773 1310 3843 προσκλαίειν
1341 3773 1438 3826 καὶ
1473 3773 1821 3844 ἐξομολογεῖο

221 3867 346 3918 σθαι
384 3864 515 3936 παρ’
552 3864 673 3918 ὅλον
715 3865 807 3918 τὸν
845 3865 944 3934 τῆς
979 3864 1128 3935 ζωῆς
1163 3866 1346 3919 αὐτῶν
1386 3865 1616 3934 χρόνον,
1675 3869 1818 3920 κατὰ

222 3957 394 4024 μόνας
422 3956 478 4008 δὲ
515 3955 612 4018 τὰς
671 3955 992 4018 τελευταίας
1055 3957 1336 4018 ἀναπνοὰς
1389 3955 1679 4021 ἀξιοῦσθαι
1709 3960 1808 4026 τῆς

219 4046 327 4100 τῶν
355 4045 717 4115 ἁγιασμάτων
771 4046 1161 4115 μεταλήψεως·
1216 4046 1318 4116 τῆς
1351 4046 1408 4100 δὲ
1455 4049 1514 4100 ἐν
1565 4046 1816 4119 Ἀγκύρᾳ

221 4137 448 4190 συνόδου
475 4139 572 4190 καὶ
602 4136 697 4189 τοῦ
719 4137 878 4203 ἁγίου
909 4137 1312 4209 ίερομάρτυρος
1348 4140 1562 4209 Πέτρου
1609 4141 1815 4210 μηδένα

219 4229 472 4283 τοιοῦτον
502 4228 1027 4282 καθυποϐαλλόντιιν
1078 4232 1293 4300 ἐσχάτῳ
1349 4231 1618 4301 ἐπιτιμίῳ
1659 4234 1815 4285 άκοι·

220 4323 516 4392 νωνησίας,
567 4324 662 4376 καὶ
701 4319 812 4376 οἷον
861 4324 1304 4393 ἐναντιουμένων
1329 4323 1408 4394 τῷ
1442 4327 1671 4396 παρόντι
1707 4344 1814 4381 xa-

219 4415 353 4481 νόνι,
389 4416 510 4468 είπὲ
545 4415 626 4489 ὅτι
667 4413 908 4485 ἀνάλογα
935 4415 1123 4469 ἔθεντο
1157 4417 1205 4469 oi
1259 4418 1508 4486 Πατίρες
1539 4419 1609 4471 τὰ
1640 4420 1814 4473 ἐπιτί-

1926 554 2224 610 edebantur
2282 555 2685 625 praedicunnes,
2745 555 2825 609 vel
2881 570 3000 624 qua:
3055 556 3122 610 ad
3180 557 3508 624 quwstioues

1929 661 2187 716 responsa
2235 647 2523 702 dabantur.
2573 647 2765 714 Porro,
2817 649 3069 718 quamvis
3121 650 3338 704 or.-.cuia
3388 660 3512 720 post

1927 747 2259 808 assumptum
2308 755 2338 793 ιι
2388 740 2621 795 Domino
2673 755 2894 796 carnem
2952 741 3272 805 defecerint,
3331 755 3512 798 tamen

1927 828 2012 884 his
2060 845 2276 900 quoque
2327 833 2680 901 temporibus,
2718 848 2815 902 per
2859 832 3254 888 incantationes
3288 845 3342 890 et
3395 835 3509 892 dae-

1928 935 2148 974 monum
2195 922 2519 986 ministeria,
2553 922 2808 976 vaticinia
2840 923 3082 993 quaedam
3120 925 3512 994 proferuntur;

1927 1012 2139 1067 etiamsi
2203 1013 2468 1067 mendacii
2532 1013 2794 1082 pleraque
2833 1016 3226 1068 convincuntur
3275 1032 3290 1070 :
3333 1019 3511 1085 qualia

1927 1111 2054 1155 sunt
2101 1115 2224 1170 qua:
2273 1115 2303 1154 a
2343 1103 2616 1156 nonnullis
2666 1103 2987 1158 mulieribus
3024 1104 3182 1171 fiunt,
3229 1122 3350 1174 qua:
3384 1109 3514 1161 hor-

1928 1191 2088 1246 deum
2139 1199 2194 1245 in
2239 1193 2490 1246 manibus
2538 1194 2820 1256 habentes,
2857 1196 3104 1257 qna-dam
3141 1209 3236 1262 per
3275 1197 3399 1248 illud
3432 1198 3515 1250 di-

1928 1283 2149 1350 vinant;
2181 1286 2302 1338 alia;
2337 1299 2466 1340 vero
2505 1286 2676 1339 cineri
2720 1287 3122 1350 incumbentes,
3159 1285 3340 1341 futura
3370 1304 3517 1357 qna:-

1927 1375 2050 1431 dam
2099 1377 2426 1446 praedicunt.
2481 1378 2868 1447 Adiunguntur
2897 1379 3046 1433 hisce
3097 1389 3381 1449 praterea,
3423 1383 3514 1450 qui

1927 1481 1988 1522 se
2041 1482 2106 1522 ex
2143 1468 2307 1522 astris
2357 1479 2580 1524 ventura
2619 1484 2793 1526 inesse
2823 1471 3170 1541 proﬁtentur,
3203 1481 3257 1526 ct
3287 1473 3378 1542 qui
3423 1487 3517 1527 eos

1927 1561 2256 1627 conSulnnt;
2291 1577 2428 1632 quos
2461 1562 2679 1630 quidem
2723 1577 2938 1629 omnes,
2969 1563 3360 1618 homicidarum
3396 1579 3516 1632 pm-

1928 1653 2013 1704 nis
2053 1651 2362 1706 multandos
2388 1666 2509 1706 esse
2549 1653 2815 1708 decernit.

1932 1742 2089 1813 125
2113 1742 2344 1798 ARIST.
2393 1744 2494 1810 Qui
2543 1746 2779 1807 vatibus,
2815 1745 2896 1799 vel
2941 1746 3210 1815 ejusmodi
3257 1745 3382 1802 aliis
3428 1762 3490 1803 se

1851 1824 1895 1880 Β
1999 1836 2181 1898 tradit,
2208 1835 2606 1890 homicidarum
2637 1845 2847 1904 tempus
2875 1837 2924 1891 ei
2955 1839 3339 1929 constituetur.

1999 1927 2102 1994 Qui
2158 1942 2218 1982 se
2261 1928 2499 1992 vatibus,
2536 1938 2630 1980 aut
2679 1928 3189 1997 przestigiatoribns,
3230 1927 3324 1983 aut
3362 1928 3518 1984 vene.

1931 2016 2048 2072 ﬂcis
2089 2017 2276 2084 tradit,
2323 2028 2385 2072 ut
2436 2017 2608 2072 malas
2645 2018 2872 2072 istoium
2915 2030 3062 2073 artes
3094 2020 3302 2084 discat,
3331 2028 3390 2074 nt
3427 2036 3518 2074 vo-

1929 2107 2165 2163 luntarie
2207 2108 2485 2173 occidens,
2527 2111 2804 2178 punietur.
2849 2109 2954 2165 Sed
3001 2117 3090 2179 qui
3131 2114 3326 2167 talibus
3357 2113 3518 2167 fidem

1929 2197 2112 2261 habet,
2161 2213 2366 2268 eosque
2395 2199 2449 2253 in
2500 2201 2722 2254 domum
2765 2216 2918 2255 suam
2963 2203 3277 2269 introducit,
3309 2207 3376 2258 ad
3416 2219 3519 2259 ve-

1930 2290 2251 2346 neficiorum
2299 2294 2674 2348 inventionem
2720 2306 2813 2349 aut
2865 2296 3263 2366 purgationem,
3311 2309 3517 2354 autsc-

1929 2392 2204 2435 cretornm
2275 2383 2640 2451 quorumdam
2714 2388 3123 2454 revelationem,
3196 2391 3520 2444 sexennium

1929 2473 2202 2539 punietur.
2260 2475 2333 2531 Ut
2389 2486 2558 2530 sexta:
2617 2478 2670 2532 in
2726 2476 2915 2534 Trullo
2971 2482 3161 2552 synodi
3218 2498 3392 2538 canon
3452 2482 3516 2539 (ii

1929 2562 2194 2629 decernit,
2243 2580 2342 2621 nec
2373 2581 2478 2620 non
2527 2567 2597 2622 83
2653 2571 2824 2625 tertia:
2873 2571 3034 2641 hujus
3090 2576 3268 2646 magni
3325 2575 3510 2631 Basilii

1927 2656 2174 2725 epistolae
2205 2671 2323 2727 quae
2350 2660 2451 2716 sub
2486 2675 2652 2715 tnanu
2679 2669 2780 2716 est.

2456 2845 2688 2904 CANON
2748 2850 2984 2908 LXXIII.

1928 2935 2030 3001 Qui
2079 2936 2358 2992 Christum
2404 2941 2644 3011 negavit,
2674 2953 2728 2997 et
2757 2945 2949 3000 salutis
2981 2951 3296 3018 mysterium
3330 2959 3516 3009 trans-

2001 3041 2228 3093 gressus
2268 3037 2374 3092 est,
2420 3045 2542 3083 eum
2575 3042 2689 3086 toto
2725 3035 2849 3089 vitae
2891 3049 3006 3091 suze
3038 3047 3282 3106 tempore
3306 3050 3519 3114 oportet

2003 3117 2227 3186 deﬂere,
2259 3131 2312 3176 et
2342 3122 2590 3177 confiteri
2631 3127 2905 3192 convenit,
2947 3131 3001 3181 in
3051 3136 3294 3200 tempore
3326 3147 3434 3201 quo
3487 3151 3518 3188 ο

1999 3213 2111 3267 vita
2150 3212 2390 3281 excedit,
2436 3229 2784 3272 sacramento
2825 3219 3049 3289 dignum
3092 3221 3360 3290 habitum,
3389 3239 3519 3295 pro-

2001 3312 2124 3372 pter
2155 3303 2316 3360 fidem
2355 3306 2552 3360 divina:
2583 3308 2908 3365 clementiae.

1998 3504 2196 3560 BALS.
2253 3506 2450 3562 Canon
2486 3508 2707 3578 quidem
2738 3511 2920 3566 clarus
2951 3521 3036 3567 est
3067 3531 3082 3568 :
3130 3515 3325 3571 statuit
3369 3517 3513 3572 enim

1926 3605 1984 3648 ut
2013 3596 2106 3666 qui
2137 3594 2418 3649 Christum
2451 3597 2744 3653 Dominum
2789 3609 3038 3656 nostrum
3071 3617 3432 3674 negaverunt,
3462 3619 3518 3663 et

1923 3687 2040 3756 ejus
2101 3703 2221 3756 qua:
2262 3688 2315 3742 in
2351 3703 2515 3743 carne
2565 3689 2666 3744 fuit
2693 3697 3012 3747 tecOnnmia:
3052 3698 3372 3765 mysterium
3405 3714 3512 3754 non

1923 3789 2308 3848 susceperunt,
2363 3779 2599 3835 deﬂeant
2629 3790 2683 3836 et
2718 3784 3086 3839 confiteantur
3115 3795 3228 3843 tntn
3273 3798 3517 3860 tempore

1923 3869 2051 3921 vita:
2078 3884 2208 3932 suae,
2245 3871 2296 3923 in
2327 3870 2440 3924 sola
2471 3882 2651 3925 autem
2683 3883 2928 3927 extrema
2973 3877 3338 3943 respiratione
3367 3882 3513 3948 digni
3613 3929 3622 3935 .

1923 3960 2234 4016 habeantur
2262 3973 2728 4019 sacramentorum
2761 3968 3196 4037 participatione.
3237 3970 3371 4028 Cum
3411 3989 3512 4028 auo

1923 4060 2030 4104 tein
2078 4054 2366 4122 Ancyrana
2428 4055 2688 4124 synodus,
2747 4067 2802 4111 ct
2862 4073 3250 4116 sacrosanctus
3304 4073 3511 4134 martyr

1925 4143 2125 4197 Petrus
2176 4155 2427 4200 extremo
2474 4147 3064 4206 cxconimunicationis
3112 4154 3380 4221 supplicio
3419 4172 3484 4210 ue

1930 4236 2132 4288 minem
2169 4235 2484 4302 subjiciant,
2517 4248 2571 4290 et
2602 4242 2859 4307 praesenti
2893 4243 3088 4296 canoni
3123 4246 3287 4299 veluti
3317 4247 3510 4301 adver-

1923 4337 2139 4390 sentur,
2200 4329 2287 4382 dic
2342 4328 2486 4397 quod
2535 4327 2730 4385 Patres
2783 4340 3097 4389 statuerunt
3153 4349 3345 4405 pmnas
3394 4339 3509 4392 suis

1919 4418 2257 4489 temporibus
2305 4420 2712 4476 convenientes.
2748 4422 2849 4489 Qui
2883 4427 3027 4479 enim
3057 4438 3217 4482 erant
3247 4431 3506 4497 tempori-

223 4523 324 4574 μια
359 4506 498 4575 πρὸς
545 4508 672 4568 τοὺς
714 4506 878 4570 ίδίους
905 4508 1154 4577 καιρούς.
1189 4507 1253 4559 Ol
1283 4507 1385 4576 μὲν
1428 4508 1537 4578 γὰρ
1576 4504 1718 4579 ἦσαν
1749 4513 1808 4564 ἑν

1931 4523 2020 4563 ιυε
2084 4511 2493 4566 vehementiam
2548 4516 3011 4583 persecutionum,
3063 4519 3288 4588 quando
3337 4525 3504 4576 etiam

221 4599 437 4668 καιροῖς
465 4597 714 4669 σφοδρῶν
742 4598 1022 4668 διωγμῶν,
1057 4599 1148 4652 ὅτε
1194 4599 1290 4652 καὶ
1335 4601 1368 4670 ή
1409 4601 1593 4662 πίστις
1638 4603 1810 4675 ἀστή-

221 4705 406 4756 ρικτος
434 4683 526 4757 ἦν,
561 4690 654 4741 κα)⁸
698 4690 789 4742 διά
816 4689 975 4742 τοῦτο
1002 4693 1120 4753 τοῖς
1152 4693 1576 4762 παραπίπτουσι
1610 4709 1804 4763 μετρι-

216 4775 425 4848 ώτερον
479 4781 906 4850 προσεφέροντο,
970 4779 1506 4848 συγκατασαίνοντες
1570 4781 1663 4835 διὰ
1707 4781 1807 4853 τὴν

220 4869 472 4940 ἀνάγκην
527 4869 638 4922 τῶν
671 4870 955 4924 διωκτῶνο
987 4873 1016 4924 ό
1059 4872 1116 4924 δὲ
1175 4873 1354 4943 μέγας
1401 4873 1710 4940 Βασίλειος,
1748 4877 1806 4928 ἐν

219 4961 403 5030 καιρῷ
451 4961 738 5032 τυγχάνων
780 4963 870 5017 ὅτε
925 4963 959 5033 ἡ
993 4963 1175 5028 πίστις
1218 4965 1534 5032 ἐπλατύνθη
1585 4966 1680 5017 καὶ
1718 4965 1809 5035 βε-

220 5052 485 5124 δαιοτέρα
509 5055 751 5121 ἐγένετο,
778 5055 1141 5126 σφοδρότερον
1169 5057 1542 5127 προσεφέρετο
1568 5060 1681 5120 τοῖς
1709 5059 1810 5126 ἁρ-

218 5149 510 5216 νουμενοις
540 5145 642 5216 τὴν
669 5145 877 5203 πίστιν.
937 5147 1010 5200 Ἦ
1064 5147 1187 5200 εἰπὲ
1231 5148 1314 5201 ὅτι
1344 5149 1396 5200 oi
1429 5148 1530 5219 μὲν
1567 5149 1807 5219 Πατέρες

219 5235 538 5301 διετάξαντο
569 5237 697 5304 περὶ
732 5237 840 5292 τῶν
873 5238 1017 5292 κατὰ
1040 5235 1164 5309 βίαν
1190 5242 1524 5308 τυραννικὴν
1563 5243 1807 5312 ἀρνησα-

223 5331 408 5398 μένων
437 5331 529 5385 τὸν
559 5331 818 5401 Χριστὸν,
882 5331 976 5383 καὶ
1018 5330 1110 5384 διὰ.
1170 5329 1330 5383 τοῦτο
1379 5330 1705 5400 κουφίζουσι
1741 5334 1808 5386 τὰ

220 5426 512 5494 ἐπιτίμια·
555 5429 585 5480 ό
631 5425 686 5479 δὲ
722 5423 912 5496 παρὼν
935 5424 1117 5479 κανὼν
1153 5424 1501 5480 διατάττεται
1544 5427 1671 5496 περὶ
1700 5426 1808 5479 τῶν

220 5516 492 5579 ἑκουσίως
525 5515 619 5570 καὶ
653 5517 820 5586 χωρὶς
848 5517 1097 5587 ἀνάγκης
1117 5516 1262 5579 τινος
1291 5517 1689 5587 ἀρνησαμένων
1717 5518 1809 5572 τὶν

220 5608 482 5680 Χριστὸν,
516 5610 610 5660 καὶ
631 5608 720 5660 διὰ
756 5608 914 5662 τοῦτο
957 5608 1184 5678 βαρεῖαν
1215 5608 1439 5661 κόλασιν
1480 5609 1678 5678 ἰπάγει
1709 5611 1805 5664 αύ-

221 5704 357 5762 τοίς.
392 5701 463 5753 Τὸ
497 5701 554 5752 δὲ
588 5701 942 5770 προσκλαίειν
973 5703 1198 5765 τούτους
1236 5706 1329 5756 καὶ
1364 5703 1807 5774 ἐξομολογεῖσθαι

221 5791 290 5844 δι’
317 5791 445 5856 ὅλης
464 5792 567 5862 τῆς
608 5793 814 5856 οίκείας
843 5793 988 5862 ζωῆς
1012 5791 1232 5860 λέγουσί
1255 5811 1398 5858 τινες
1431 5795 1507 5866 μὴ
1531 5797 1808 5868 ὶκλαμὸά-

609 5885 884 5949 Ρηιιοι..
924 5889 1040 5952 (in.
1091 5887 1473 5952 CXXXVIII.

1914 4601 2051 4658 fides
2091 4616 2200 4657 non
2245 4615 2366 4658 erat
2407 4601 2567 4658 valde
2601 4605 2834 4674 stabilis,
2869 4616 2926 4662 et
2967 4621 3258 4679 prapterea
3303 4612 3358 4667 in
3411 4628 3505 4682 eos

1915 4691 2012 4760 qui
2066 4691 2413 4760 labebantur,
2460 4709 2518 4749 se
2568 4697 2757 4750 mitius
2799 4698 3082 4767 gerebant,
3135 4717 3240 4758 una
3272 4704 3503 4760 condes-

1919 4783 2218 4838 cendentes
2251 4796 2473 4855 propter
2507 4800 2914 4857 persecutorem
2955 4794 3364 4850 necessitatem.
3394 4797 3505 4852 Ma-

1916 4889 2054 4943 gnus
2081 4885 2259 4931 autem
2309 4876 2541 4934 Basilius
2589 4881 2682 4948 qui
2711 4890 2829 4935 erat
2857 4897 2925 4936 eo
2953 4890 3198 4953 tempore
3228 4902 3336 4957 quo
3367 4887 3501 4944 fides

1917 4963 2140 5017 dilatata
2197 4965 2515 5038 firmiorque
2551 4966 2694 5023 facta
2737 4981 2842 5037 est,
2882 4971 2987 5028 fuit
3027 4975 3403 5033 vehementior
3445 4981 3498 5034 in

1915 5067 2011 5107 cos
2048 5054 2143 5124 qui
2182 5055 2341 5110 ﬂdem
2396 5059 2687 5129 negabant.
2720 5061 2817 5116 Vel
2848 5063 2938 5118 dic
2981 5067 3126 5134 quod
3156 5065 3347 5122 Patres
3377 5071 3498 5138 qui—

1919 5148 2040 5201 dem
2100 5147 2170 5202 de
2224 5147 2294 5206 iis
2345 5161 2660 5208 statuerunt
2708 5153 2800 5224 qui
2852 5169 2948 5223 per
2997 5157 3106 5212 vim
3163 5162 3498 5232 tyrannieam

1915 5239 2192 5297 Christum
2245 5255 2536 5315 negarunt,
2569 5257 2625 5303 et
2670 5248 2791 5305 ideo
2821 5265 3013 5319 pinnas
3061 5253 3324 5322 mitigant.
3355 5257 3498 5312 Pra-

1915 5348 2046 5389 sens
2095 5348 2276 5391 antem
2325 5354 2498 5394 canon
2547 5341 2614 5394 de
2653 5342 2723 5398 iis
2753 5343 2999 5398 decernit
3024 5346 3116 5416 qui
3143 5361 3242 5401 sua
3283 5358 3494 5416 sponte,

1913 5436 1968 5479 et
1998 5426 2116 5482 sine
2154 5428 2333 5499 aliqua
2380 5433 2706 5489 necessitate
2747 5432 3027 5492 Christum
3055 5451 3407 5506 negaverunt,
3443 5449 3496 5492 et

1919 5530 2210 5592 propterea
2258 5539 2476 5594 gravem
2519 5525 2629 5583 illis
2677 5542 2892 5597 pennam
2923 5528 3135 5584 inﬂixit.
3167 5530 3289 5586 Illos
3315 5540 3491 5586 autem

1916 5613 2132 5680 deﬂere,
2175 5624 2233 5669 et
2272 5631 2366 5684 per
2418 5627 2586 5672 totam
2628 5619 2793 5674 vitam
2840 5621 3110 5687 confiteri,
3147 5621 3331 5676 dicunt
3355 5635 3495 5675 non-

1918 5705 2053 5759 nulli
2084 5721 2189 5759 non
2219 5706 2392 5778 accipi
2423 5708 2489 5762 ad
2521 5707 2622 5763 hoc
2651 5721 2706 5764 ut
2747 5722 3018 5779 ponantur
3049 5711 3101 5765 in
3145 5711 3263 5766 loco
3286 5708 3487 5766 deﬂen-

1915 5797 2050 5852 tium
2071 5812 2086 5851 :
2111 5796 2223 5854 lloc
2244 5799 2413 5866 cnim,
2439 5799 2705 5870 inquiunt,
2732 5812 2808 5856 est
2841 5818 2868 5855 a
2892 5803 3065 5858 sancti
3097 5801 3487 5866 misericordia,

3071 5893 3143 5953 $25
