4006 6452
506 371 510 376 .
554 322 660 384 779

1800 321 2074 382 'l'ilEOD.
2120 321 2516 380 BALSAMON

3699 323 3798 390 780

550 440 602 482 rt
640 430 728 482 Dei
763 429 1069 494 clementia,
1103 445 1220 497 qme
1248 429 1415 484 vincit
1445 444 1603 485 omne
1645 440 1946 498 peccatum,
1975 429 2108 482 alie-

2244 432 2400 484 εσθαι
2427 433 2505 492 εἰς
2534 431 2596 483 τὸ
2620 431 2870 483 ἴστατῡαι
2904 431 3098 495 αὐτοὺς
3133 431 3228 485 καὶ
3261 431 3344 492 είς
3375 429 3470 483 τὸν
3500 429 3669 482 τόπον
3698 431 3801 484 τῶν

552 537 711 585 unm;
765 522 881 576 ideo
918 524 1097 578 voiunt
1129 540 1221 578 eos
1247 526 1465 594 quidem
1499 525 1716 590 deﬂere,
1757 537 1808 578 et
1837 537 2116 594 peccatum

551 612 800 666 confiteri
859 623 972 667 toto
1027 618 1144 671 vita:
1202 627 1465 687 tempore,
1525 621 1616 671 sed
1669 619 1782 670 loca
1833 632 2114 686 ptenarnm

551 716 838 768 peragrare
892 706 1187 759 secundum
1248 722 1490 760 canones
1541 708 1839 776 Ancyranm
1894 708 2106 777 synodi.

551 788 655 842 Sed
700 805 1165 849 sacramentorum
1198 797 1582 852 communione
1618 799 1758 866 digni
1793 813 1895 850 non
1944 799 2112 850 liabe-

548 878 768 945 buntur,
825 885 926 936 nisi
979 886 1030 937 in
1083 899 1326 941 extrema
1381 889 1757 956 respiratione.
1814 885 1874 939 Ei
1929 897 2109 939 autem

547 976 830 1027 sententia:
868 979 1138 1030 assentior
1171 988 1222 1031 et
1259 979 1392 1045 ipse,
1431 989 1488 1032 ut
1515 979 1840 1041 humaniori,
1888 987 1942 1030 et
1972 977 2112 1043 quod

551 1078 650 1116 nec
682 1066 854 1118 sancti
885 1070 1099 1131 quidem
1134 1070 1314 1122 verbis
1346 1078 1570 1138 apparet
1601 1083 1721 1122 eum
1756 1069 1847 1137 qui
1884 1069 1960 1120 sic
1991 1082 2114 1135 pec-

549 1153 691 1205 cavit
724 1157 886 1208 statui
918 1157 967 1208 in
999 1157 1116 1212 loco
1163 1171 1507 1226 peccatorum
1540 1158 1872 1212 deﬂentium.

2223 524 2666 592 προσκλαιόντων
2727 523 2900 577 Τοῦτο
2923 525 3052 594 γὰρ,
3083 528 3269 595 φησὶν.
3313 522 3421 588 ἔξω
3454 524 3557 592 τῆς
3585 541 3800 592 συμπα-

2221 613 2368 674 θείας
2401 616 2514 666 ἐστὶ
2564 614 2655 665 τοῦ
2697 616 2854 680 ἁγίου
2904 617 3125 684 καὶτῆς
3171 615 3265 667 τοῦ
3298 614 3439 666 Θεοῦ
3488 616 3793 683 φιλανθρωι

2221 705 2350 766 πίας
2374 706 2470 771 τῆς
2501 705 2740 775 νικώσης
2772 707 2954 758 πᾶσαν
2983 706 3259 775 ἁμαρτίαν
3280 724 3294 739 ο
3328 707 3411 759 διὸ
3455 708 3556 758 καὶ
3588 705 3658 768 αξ
3683 707 3798 757 οὖσι

2220 796 2570 864 προσκλαίειν
2634 797 2731 863 μὲν
2782 798 3028 859 τούτους,
3096 801 3187 850 καὶ
3232 796 3692 864 ἐξομολογεῖσθαι
3747 797 3800 847 τὸ

2219 886 2523 955 ἁμάρτημα
2571 887 2638 940 δι’
2665 887 2790 956 ὅλης
2823 891 2920 955 τῆς
2948 889 3160 950 οἰκείας
3199 888 3372 955 ζωῆς,
3430 889 3562 948 τοὺς
3610 887 3802 948 τόπους

2216 978 2271 1028 δὲ
2302 979 2412 1029 τῶν
2441 978 2734 1046 ἐπιτιμίων
2777 978 2961 1032 ἀνύειν
2994 981 3135 1031 κατά
3165 980 3292 1040 τοὺς
3322 981 3566 1038 κανόνας
3608 979 3709 1045 τῆς
3749 978 3802 1026 ὲν

2231 1065 2476 1136 ’Λγκύρα
2543 1068 2796 1119 συνόδου·
2851 1069 2954 1135 τῆς
3021 1069 3208 1137 μέντοι
3277 1069 3649 1137 μεταλήψεως
3702 1067 3804 1118 τῶν

2225 1157 2582 1224 ἁγιασμάτων
2610 1159 2711 1214 οὐκ
2743 1159 3141 1226 ἀξιωοήσονται
3193 1161 3242 1211 εἰ
3278 1160 3354 1229 μὴ
3386 1161 3446 1209 ἐν
3485 1162 3599 1218 ταῖς
3629 1161 3802 1209 τελευ-

543 1245 723 1307 ταίαις
755 1250 1074 1310 ἀναπνοαῖς.
1120 1251 1304 1322 Ταύτῃ
1325 1251 1380 1303 δὲ
1425 1255 1489 1320 τῇ
1537 1253 1729 1321 γνώμῃ
1789 1249 2105 1318 συντίθεμαι
2138 1249 2230 1299 καὶ
2273 1247 2455 1311 αὐτὸς,
2502 1247 2576 1309 ὼ;
2629 1249 3156 1318 φιλανθρωποτέρα,
3229 1252 3324 1302 καὶ
3381 1251 3466 1302 ὅτι
3531 1251 3655 1301 οὐδὲ
3707 1251 3807 1302 ἀπὸ

545 1334 654 1386 τῶν
691 1338 950 1405 ῥημάτων
985 1340 1076 1392 τοῦ
1129 1342 1287 1408 ἁγίου
1328 1342 1685 1410 ἀναφαίνεται
1751 1343 1812 1394 τὸ
1856 1340 2110 1394 ἵστασθαι
2147 1339 2236 1391 τὸν
2281 1338 2453 1400 οὓτως
2515 1342 2875 1410 ἡμαρτηκότα
2923 1342 3002 1402 είς
3077 1345 3168 1393 τὸν
3223 1344 3391 1394 τόπον
3465 1342 3582 1392 τῶν
3639 1357 3806 1410 προα-

548 1428 866 1481 κλαιόντων.

617 1521 868 1577 ZONAB.
936 1523 1036 1578 ilic
1095 1526 1308 1594 quidem
1372 1528 1455 1581 vir
1515 1538 1756 1592 sanctus,
1825 1528 2114 1583 indiscrete

549 1628 736 1666 onmes
784 1615 874 1682 qui
922 1614 1393 1671 Christianismum
1446 1627 1802 1686 negaverunt,
1851 1629 1958 1671 toto
1992 1619 2112 1671 vita:

2294 1523 2538 1576 ΖΩΝΑΡ.
2589 1524 2648 1575 '0
2682 1523 2783 1590 μὲν
2835 1524 2993 1591 ἅγιος
3041 1523 3209 1586 ὀυτος
3256 1526 3629 1586 ἀδιαστίκτως
3673 1527 3808 1577 πᾶν·

2219 1634 2318 1679 τας
2341 1618 2467 1677 τοὺς
2516 1615 2928 1683 ἀρνησαμένους
2962 1616 3052 1668 τὸν
3089 1618 3529 1685 Χριστιανισμὸν
3562 1618 3652 1670 διὰ
3693 1619 3808 1685 βίον

549 1714 804 1772 tempore,
855 1721 883 1757 a
927 1711 1310 1762 communione
1360 1712 1555 1774 arceri,
1603 1727 1666 1764 ac
1722 1709 1918 1764 deﬂere
1948 1711 2117 1779 jubet.

2238 1708 2628 1772 ὶκοινωνὴτους
2660 1701 2800 1756 εἶναι
2855 1705 3068 1757 κελεύει
3122 1706 3213 1758 καὶ
3251 1706 3653 1774 προοκλαίειν⁹
3687 1710 3712 1758 ό
3754 1707 3810 1758 δέ

547 1796 942 1850 Alexandrinus
985 1813 1115 1852 vero
1144 1801 1606 1870 archiepiscopus,
1637 1812 1692 1855 et
1721 1812 1944 1856 sanctus
1977 1816 2122 1853 mar-

550 1893 634 1954 tyr
664 1884 876 1948 Petrus,
938 1889 1101 1940 multa
1156 1891 1496 1957 discrimina,
1545 1892 1598 1944 in
1637 1893 1751 1946 suis
1799 1893 2121 1954 canonibns,

549 1991 733 2028 eorum
794 1977 884 2043 qui
946 1977 1102 2031 ﬁdem
1157 1995 1444 2048 ncgavcrc,
1502 1984 1804 2044 constituit,
1858 1997 1920 2034 ac
1970 1981 2122 2034 varia

550 2074 790 2134 tempora
815 2067 1128 2121 luendarnm
1160 2071 1226 2123 ab
1264 2073 1391 2138 ipsis
1414 2087 1689 2136 paanarnm
1714 2072 1947 2126 decernit
1971 2087 1985 2136 ;
2011 2080 2123 2124 toto

546 2167 723 2210 autent
751 2160 870 2210 vitae
896 2170 1157 2227 tempore,
1187 2163 1453 2214 neminem
1482 2177 1510 2214 a
1536 2166 1915 2216 communione
1952 2171 2117 2219 arcet.

550 2247 686 2299 Tum
732 2249 1020 2318 Ancyrana
1065 2265 1282 2319 quoque
1318 2257 1578 2321 synodus,
1612 2269 1732 2321 qua:
1764 2255 1877 2320 ipso
1907 2265 2121 2321 quoque

551 2349 738 2390 sancto
781 2350 1013 2408 martyre
1044 2342 1206 2394 Petro
1249 2344 1521 2410 antiquior
1568 2355 1671 2408 est,
1705 2347 1899 2396 multas
1935 2358 2120 2396 eorum

550 2427 641 2496 qui
694 2430 1106 2484 immolaverunt
1157 2432 1448 2486 divisiones
1495 2435 1702 2497 statuit,
1740 2436 1952 2501 aliaque
2002 2435 2121 2487 :iliis

550 2531 791 2588 tempora
841 2523 1124 2574 multarum
1163 2527 1463 2589 praescribit
1495 2543 1511 2589 ;
1549 2536 1800 2578 caeterum
1840 2527 1904 2577 ad
1952 2540 2120 2592 usque

553 2612 675 2665 vitae
706 2613 933 2675 exitum,
967 2615 1232 2666 neminem
1266 2629 1295 2667 a
1325 2616 1700 2669 communione
1729 2615 2118 2684 prohibendum

552 2720 674 2759 esse
716 2707 978 2761 deﬁnivit.
1024 2708 1232 2761 Dixerit
1267 2723 1393 2761 vero
1424 2709 1687 2778 quispiam
1734 2709 1926 2761 multas
1955 2724 1983 2759 a
2019 2707 2117 2760 Pa-

555 2798 728 2850 tribus
769 2811 865 2863 pro
914 2808 1214 2866 temporum
1265 2813 1487 2852 suorum
1522 2801 1728 2852 ratione
1776 2801 1942 2850 luisse
1992 2812 2119 2850 con-

554 2890 783 2940 stitutus.
829 2885 962 2940 Nam
996 2891 1083 2940 alii
1113 2891 1327 2957 quidem
1360 2891 1693 2959 temporibus
1722 2889 2116 2941 vehementiam

553 2980 986 3045 persecutionum
1034 2982 1304 3043 vixerunt,
1359 2997 1480 3034 cum
1534 2982 1709 3033 adhuc
1762 2980 1894 3031 ﬁdes
1939 2980 2118 3032 minus

556 3069 736 3120 lirmas
768 3069 925 3137 126
957 3071 1162 3122 radices
1186 3069 1405 3137 egisset,
1436 3083 1498 3121 ac
1527 3070 1750 3137 proinde
1776 3083 1896 3120 cum
1929 3068 1993 3120 iis
2031 3068 2119 3134 qui

556 3156 687 3222 lapsi
731 3158 960 3220 fuerant,
989 3158 1169 3210 mitius
1201 3161 1448 3223 agebant,
1485 3169 1588 3207 una
1622 3155 2031 3213 descendentes,
2057 3155 2124 3205 ob

558 3248 933 3299 necessitatem
967 3249 1423 3315 perseuniouum.
1455 3247 1675 3315 Magnus
1719 3260 1844 3297 vero
1872 3245 2120 3306 Basilius,

558 3353 679 3389 rum
726 3353 821 3406 per
853 3353 915 3390 ea
964 3351 1201 3404 tempora
1236 3339 1459 3401 viveret,
1503 3338 1696 3406 quibus
1731 3336 1832 3388 late
1865 3335 1975 3387 iusa
2006 3344 2123 3387 erat

557 3430 709 3494 ﬁdes,
749 3444 809 3480 ac
844 3431 1047 3482 iirtniot‘
1078 3430 1242 3488 facta,
1278 3444 1364 3480 res
1398 3441 1576 3480 autem
1606 3427 1911 3480 Gt"lfCOIUIII
1942 3427 1994 3477 in
2023 3440 2120 3477 an-

559 3531 770 3585 gustum
796 3521 952 3570 valde
981 3530 1293 3579 contractae,
1322 3519 1374 3570 in
1403 3533 1492 3571 eos
1537 3521 1623 3584 qui
1655 3517 1809 3569 tidem
1836 3525 2122 3583 negassent

558 3611 881 3661 severiorem
917 3624 972 3661 se
1003 3609 1250 3675 prmbuit,
1278 3609 1415 3674 quod
1447 3615 1655 3676 sponte,
1689 3619 1741 3661 et
1776 3609 1891 3660 sine
1916 3609 1961 3658 vi
1989 3606 2119 3674 lapsi

557 3709 704 3760 sunt,
741 3714 802 3752 ac
829 3711 1108 3766 propterea
1143 3710 1252 3752 toto
1286 3700 1406 3750 vitae
1438 3707 1696 3766 tempore,
1730 3697 2121 3750 coimnuuiouis

559 3800 809 3852 expertes
859 3790 1001 3854 ipsos
1047 3789 1479 3856 manercjussit.

557 3876 785 3939 MiiST.
821 3877 921 3942 Qui
956 3877 1232 3930 Christum
1272 3877 1504 3946 negavit,
1542 3886 1703 3929 totam
1752 3878 1910 3929 vitam
1946 3877 2119 3946 patui-

1141 3970 1358 4022 tentiam
1391 3978 1529 4038 aget.

629 4058 730 4122 Qui
775 4057 1051 4112 Christum
1089 4061 1322 4125 negavit,
1372 4070 1538 4111 totum
1586 4057 1705 4111 vita:
1754 4073 1863 4111 sua:
1915 4068 2121 4124 tempus

559 4148 756 4199 deﬂere
798 4150 973 4211 debet,
1008 4157 1058 4202 et
1085 4152 1137 4198 in
1173 4147 1290 4199 vita:
1333 4149 1476 4198 t-xiltt
1524 4149 1896 4200 communione
1930 4148 2120 4214 dignus

555 4237 847 4302 jiidiCL‘iUi‘.

1157 4323 1380 4378 CANON
1418 4323 1648 4384 LXXIV.

564 4416 621 4469 Si
652 4424 835 4468 autem
869 4411 1241 4482 unusquisque
1276 4427 1459 4464 eorum
1493 4413 1580 4481 qui
1616 4415 1665 4465 in
1703 4413 1965 4481 prmiictis
1993 4429 2090 4480 pec

633 4506 769 4560 catis
801 4502 975 4566 fuere,
1008 4503 1287 4557 confessus
1355 4505 1527 4556 bonus
1573 4507 1823 4566 evaserit,
1875 4514 1926 4557 ct
1957 4506 2002 4556 is
2037 4505 2120 4557 eui

637 4611 666 4647 a
715 4593 804 4647 Dei
871 4594 1201 4660 benignitate
1259 4591 1458 4660 ligandi
1514 4601 1567 4645 et
1624 4592 1864 4646 solvendi
1917 4593 2122 4647 credita

633 4696 715 4741 est
750 4693 1004 4753 potestas,
1042 4686 1084 4738 si
1118 4687 1212 4737 ﬂat
1253 4684 1586 4747 clementior,
1628 4684 1815 4738 videns
1859 4699 2118 4737 summam

633 4777 770 4843 elus,
819 4777 910 4845 qui
958 4773 1192 4842 peccavit
1232 4772 1648 4838 confessionem,
1694 4774 1758 4827 ad
1815 4775 2119 4827 diminuen-

633 4870 759 4922 dum
793 4879 1072 4934 pinnarum
1109 4874 1341 4933 tempus,
1380 4879 1485 4917 non
1534 4864 1639 4918 erit
1668 4868 1860 4936 dignus
1896 4868 2115 4919 damna-

639 4961 805 5021 tione,
841 4970 964 5011 cum
995 4968 1112 5023 qua:
1150 4961 1234 5009 est
1266 4955 1318 5006 in
1350 4953 1665 5022 beriptnris,
1702 4959 1858 5011 nobis
1898 4958 2119 5010 historia

636 5048 921 5116 :ignilicet,
959 5045 1096 5111 quod
1135 5044 1226 5112 qui
1261 5059 1381 5097 cum
1419 5043 1607 5112 majori
1648 5047 1829 5100 labore
1859 5045 2120 5101 confiten-

634 5147 740 5200 tur,
787 5137 877 5189 Dei
913 5136 1331 5188 nilscrieordiam
1366 5135 1597 5188 celerius
1629 5137 2049 5203 apprehendant.

637 5312 827 5364 BALS.
879 5310 954 5365 Ne
995 5311 1116 5378 quis
1165 5320 1381 5378 propter
1422 5322 1792 5380 temporalium
1839 5330 2116 5383 pinnarum

572 5399 949 5467 iungitndinem
990 5399 1208 5451 tristitia
1241 5398 1526 5457 aﬂiciatur.
1554 5403 1683 5454 dicit
1714 5414 1933 5457 sanctus
1981 5406 2119 5473 quod

566 5493 797 5559 regionis
831 5488 1090 5558 pontifex,
1121 5492 1212 5557 qui
1242 5493 1686 5558 quemadmodum
1720 5509 1929 5548 summo
1981 5497 2122 5551 inter

565 5583 828 5646 3p051t1i05
859 5579 1016 5634 Petro
1069 5583 1216 5651 regni
1268 5585 1524 5636 ('(l'iOl‘lllll
1557 5601 1582 5637 a
1619 5586 1723 5639 Deo
1773 5589 1950 5642 claves
2001 5607 2120 5645 cre-

562 5669 683 5724 dita:
710 5671 939 5738 fuerunt,
987 5674 1291 5742 liganaliqne
1322 5683 1373 5726 ct
1411 5676 1649 5729 solvendi
1684 5689 1994 5743 potestatein
2029 5699 2115 5736 ac-

2242 1792 2648 1861 Ἀλεξανδρείας
2701 1793 3133 1860 ἀρχιεπίσκοπος
3188 1796 3284 1846 καὶ
3327 1796 3670 1863 ίερομάρτυς
3710 1796 3809 1847 Πέ-

2227 1902 2352 1955 τρος
2405 1884 2606 1946 πολλὰς
2659 1883 2947 1946 δεαστίξεις
2979 1884 3089 1936 τῶν
3135 1885 3543 1953 ἀρνησαμένων
3575 1888 3677 1952 τὴν
3713 1885 3808 1937 πί-

2227 1992 2343 2028 στιν
2373 1979 2606 2028 ποιείται
2651 1978 2709 2029 ἐν
2754 1977 2868 2038 τοῖς
2914 1975 3077 2028 αὑτοῦ
3107 1977 3319 2039 κανόσι,
3367 1979 3463 2028 καὶ
3512 1978 3808 2046 διαφόρους

2223 2069 2348 2130 τοὺς
2386 2068 2495 2119 τῶν
2527 2069 2819 2135 ἐπιτιμίων
2869 2069 3098 2136 χρόνους
3129 2067 3216 2119 ἐπ’
3258 2070 3445 2128 αὐτοῖς
3476 2070 3656 2137 ὁρίζει
3677 2087 3691 2099 ·
3722 2070 3809 2122 διά

2225 2161 2341 2231 βίου
2365 2159 2421 2212 δὲ
2448 2160 2633 2213 οὐδένα
2665 2163 2810 2212 ποιεῖ
2841 2161 3223 2228 ἀκο.νώνητον.
3264 2162 3372 2212 Καὶ
3407 2163 3439 2229 ἡ
3469 2164 3528 2211 ἐν
3559 2161 3809 2232 Ἀγκύρα

2255 2248 2518 2309 ὲσύνοδος
2571 2249 2905 2317 ἀρχαιοτέρα
2960 2244 3096 2300 οὖτα
3139 2249 3232 2300 καὶ
3267 2249 3362 2300 τοῦ
3399 2250 3807 2318 ίερομάρτυρος

2225 2341 2379 2407 ἁγίου
2430 2340 2635 2408 Πέτρου
2670 2341 2968 2409 διαιρέσεις
3018 2341 3220 2403 πολλὰς
3261 2342 3373 2392 τῶν
3421 2342 3808 2394 ἐπιθύσαντων

2225 2435 2483 2496 ποιεῖται,
2516 2433 2609 2482 καὶ
2638 2433 2865 2499 καιροὺς
2917 2434 3208 2500 ἐπιτιμίων
3240 2433 3438 2494 ἄλλους
3472 2434 3658 2495 ἄλλοις
3691 2435 3808 2502 ὀρί-

2225 2521 2306 2584 ζει
2326 2537 2340 2550 ο
2377 2521 2543 2587 μέχρι
2568 2521 2623 2572 δέ
2652 2523 2905 2588 τελευτῆς
2933 2524 3124 2576 οὐδένα
3151 2523 3352 2590 ὥρισεν
3404 2521 3548 2578 εἶναι
3579 2526 3808 2578 ἀκοινώ-

2224 2627 2399 2680 νητον.
2433 2612 2591 2663 Εἴποι
2615 2613 2670 2663 δέ
2712 2628 2793 2672 τις
2829 2612 2910 2664 ὅτι
2935 2614 3175 2680 ἀνάλογα
3225 2615 3290 2666 τὰ
3321 2615 3583 2682 ἐπιτίμια
3624 2619 3806 2669 ἔθεντο

2223 2704 2272 2754 oi
2299 2703 2539 2772 Πατέρες
2570 2705 2707 2772 πρὸς
2733 2705 2858 2768 τοὺς
2918 2707 3083 2766 ίδίους
3133 2708 3383 2776 καιρούς.
3443 2710 3508 2760 Οἱ
3549 2710 3651 2774 μὲν
3697 2712 3805 2778 γὰρ

2223 2788 2360 2860 ἦσαν
2393 2795 2449 2845 ἐν
2483 2800 2693 2864 καιροίς
2719 2797 2961 2866 σφοδρῶν
2986 2797 3266 2864 διωγμῶν,
3301 2800 3390 2850 ὅτε
3426 2800 3506 2851 ἔτι
3531 2802 3682 2869 καὶὴ
3719 2801 3806 2851 πί-

2226 2900 2338 2945 στις
2363 2886 2686 2954 ἀστήρικτος
2711 2883 2806 2955 ἦν·
2837 2887 2931 2938 καὶ
2953 2889 3040 2940 διὰ
3063 2890 3219 2939 τοῦτο
3241 2892 3350 2950 τοῖς
3381 2892 3805 2958 παραπίπτουσι

2229 2974 2590 3042 μετριώτερον
2641 2980 3042 3044 προσεφέροντο
3072 3017 3088 3041 ,
3137 2980 3674 3044 συγκαταϐαίνοντες
3715 2982 3806 3033 δ.ἁ

2224 3065 2322 3130 τὴν
2355 3066 2600 3132 ἀνάγκην
2634 3067 2741 3116 τῶν
2763 3066 3017 3134 διωγμῶν
3037 3085 3050 3097 ·
3080 3071 3107 3119 ὁ
3137 3069 3191 3120 δὲ
3227 3071 3402 3137 μέγας
3432 3070 3712 3133 Βασίλειος
3750 3076 3805 3124 ἐν

2225 3157 2400 3227 καιρῷ
2443 3161 2742 3226 τυγχάνων,
2776 3161 2864 3210 ὅτε
2907 3162 2934 3228 ἡ
2988 3161 3169 3224 πίστις
3204 3162 3546 3231 ἐπλατύνοη,
3587 3166 3678 3215 καὶ
3709 3166 3802 3230 βε-

2224 3244 2479 3315 ϐαιοτέρα
2505 3250 2739 3312 ἐγένετο,
2777 3251 2842 3300 τὰ
2873 3250 2929 3301 δὲ
2965 3251 3059 3301 τοῦ
3109 3251 3470 3320 Ἑλληνισμοῦ
3501 3256 3581 3314 εἰς
3621 3256 3806 3308 στενὶν

2227 3339 2567 3406 κατήντησαν
2621 3339 2837 3408 κομιδῆ,
2876 3344 2985 3402 τοῖς
3047 3343 3406 3410 ἀρνουμένοις
3465 3347 3568 3414 τὴν
3617 3349 3805 3399 πίστιν

2225 3429 2577 3497 σφοδρότερον
2606 3433 2997 3499 προσεφέρετο,
3024 3419 3098 3494 ὦς
3125 3435 3388 3496 ἑκουσίως
3416 3439 3514 3488 καὶ
3544 3437 3666 3504 βίας
3696 3457 3806 3506 χω-

2223 3518 2306 3584 ρὶς
2337 3521 2766 3588 παραπίπτουσι,
2819 3526 2913 3574 καὶ
2941 3524 3027 3576 διὰ
3074 3525 3232 3576 τοῦτο
3258 3528 3666 3595 ἁκοινωνῄτους
3699 3529 3800 3578 αύ-

2222 3609 2345 3671 τοὺς
2373 3609 2460 3662 διὰ
2503 3611 2618 3678 βίου
2645 3615 2827 3680 μένειν
2861 3615 3121 3680 ὡρίσατο.

2296 3874 2515 3926 ΑΡΙΣΤ.
2567 3874 2628 3926 Ὀ
2694 3877 3110 3945 ἀρνησίχριστος
3151 3878 3238 3931 διά
3297 3879 3416 3948 βίου
3491 3882 3796 3951 μεταμέλε-

2937 3969 3084 4021 σοαμ

2323 4060 2362 4108 Ο
2397 4057 2487 4108 τδν
2521 4058 2753 4126 Χριστὸν
2787 4059 3162 4126 ἀρνησάμενος
3200 4062 3378 4112 πάντα
3405 4061 3496 4114 τὸν
3522 4061 3620 4130 τῆς
3648 4063 3798 4132 ζωῆς

2222 4147 2385 4198 αὐτοῦ
2416 4149 2605 4216 χρόνον
2635 4149 2838 4214 ὀφείλει
2891 4151 3245 4216 προσκλαίειν
3269 4167 3282 4181 ·
3333 4155 3391 4203 ἐν
3423 4153 3480 4205 δὲ
3538 4158 3602 4224 τῇ
3637 4155 3802 4224 ἐξόδῳ

2222 4237 2314 4288 τοῦ
2344 4238 2456 4305 βίου
2490 4238 2760 4301 ἁξιούσθω
2790 4241 2890 4307 τῆς
2916 4242 3222 4302 κοινωνίας.

2801 4329 3039 4382 ΚᾹΝΩΝ
3087 4329 3208 4385 ΟΔ”.

2257 4413 2364 4469 Εάν
2398 4418 2581 4484 μέντοι
2607 4417 2833 4480 ἕκαστος
2861 4420 2969 4472 τῶν
3013 4423 3071 4473 ἐν
3117 4424 3231 4485 τοῖς
3273 4433 3801 4496 προγεγραμμένοις

2296 4506 2658 4577 ἁμαρτήμασι
2729 4510 3040 4578 γενομένων
3091 4513 3374 4576 σπουδαῖος
3421 4518 3648 4585 γένηται
3684 4518 3802 4583 ἐξο-

2298 4597 2711 4668 μολογούμενος,
2753 4599 2782 4652 δ
2811 4601 3126 4666 πιστευθεὶς
3178 4603 3276 4671 τῆς
3304 4604 3400 4657 τοῦ
3435 4606 3575 4660 Θεοῦ
3619 4589 3802 4677 φιλαν-

2295 4687 2541 4756 θρωπίας
2571 4689 2740 4754 λύειν,
2765 4691 2859 4743 καὶ
2886 4692 3108 4759 δεσμεῖν
3131 4733 3147 4758 ,
3177 4695 3228 4745 εί
3285 4694 3798 4769 φιλανθρωπότερος

2294 4778 2527 4843 γένοιτο,
2559 4779 2618 4829 τὸ
2643 4779 2981 4849 ὑπερϐάλλον
3035 4782 3132 4848 τῆς
3159 4782 3611 4854 ἑξομολογήσεως
3661 4789 3801 4856 ὀρῶν

2295 4865 2389 4919 τοῦ
2423 4868 2824 4936 ἡμαρτηκότος,
2883 4869 2962 4931 είς
3013 4869 3074 4921 τὸ
3113 4870 3418 4925 ἐλαττῶσαι
3461 4874 3558 4926 τὸν
3613 4879 3800 4946 χρόνον

2293 4956 2402 5007 τῶν
2426 4957 2739 5024 ἐπιτιμίων,
2783 4959 2882 5010 οὐκ
2911 4960 3024 5010 ἐστι
3060 4959 3471 5026 καταγνώσεως
3501 4965 3675 5027 ἄξιος,
3701 4965 3800 5034 τῆς

2296 5047 2354 5095 ἐν
2378 5047 2498 5106 ταῖς
2547 5046 2788 5114 Γραφαῖς
2826 5047 3068 5114 ἱστορίας
3110 5049 3489 5117 γνωριζούσης
3515 5053 3651 5118 ἡμῖν
3679 5052 3796 5113 τοὺς

2301 5135 2436 5204 μετά
2483 5137 2729 5203 μείζονος
2781 5137 2945 5188 πόνου
2991 5138 3533 5207 ἐξομολογουμένους
3592 5141 3794 5210 ταχέως

2290 5227 2388 5295 τὴν
2428 5227 2523 5278 τοῦ
2545 5227 2679 5278 Θτου
2711 5225 3122 5297 φιλανθρωπίαν
3155 5229 3632 5298 καταλαμϐάνειν.

2296 5319 2492 5372 ΒΑΛΣ.
2537 5318 2650 5370 Ἵνα
2678 5322 2856 5389 μήτις
2891 5320 3165 5390 ἀκηδιάσῃ
3185 5320 3271 5371 διὰ
3305 5322 3366 5373 τὸ
3398 5323 3794 5393 ἐπιτεταμένον

2224 5407 2332 5458 τῶν
2357 5408 2625 5475 χρονικῶν
2675 5407 2987 5476 ἐπιτιμίων,
3037 5414 3200 5475 φησὶν
3241 5409 3268 5458 ὁ
3301 5409 3459 5477 ἆγιος
3495 5412 3572 5475 ὠς
3598 5417 3624 5467 ό
3655 5414 3791 5467 κατά

2225 5498 2406 5567 χώραν
2437 5499 2724 5566 ἀρχιερεὺς
2761 5501 2786 5549 ὁ
2839 5499 2975 5550 κατὰ
3008 5501 3097 5550 τὸν
3140 5502 3196 5551 ἐν
3249 5502 3576 5567 ἀποστόλοις
3637 5523 3794 5574 κορυο

2229 5593 2514 5657 φαιότατον
2542 5592 2742 5660 Πέτρον
2789 5591 2882 5651 τὰς
2907 5591 3052 5652 κλεῖς
3080 5592 3177 5659 τῆς
3223 5593 3506 5661 βασιλείας
3541 5598 3649 5648 τῶν
3699 5597 3790 5648 οὐ·

2235 5683 2406 5745 ρανιίν
2428 5683 2531 5733 ἀπὸ
2576 5683 2666 5734 τοῦ
2699 5682 2830 5733 Θεοῦ
2859 5683 3267 5747 ἐμπιστευοεὶς,
3310 5691 3402 5739 καὶ
3431 5690 3678 5753 ἐξουσίαν
3701 5687 3791 5739 λα-
