4006 6470
165 344 264 406 781

1086 339 1169 401 IN
1209 340 1450 400 EPIST.
1482 340 1543 399 S.
1582 339 1868 402 BASILII
1912 342 2355 404 CANONICAM
2395 342 2508 405 Ιῐῐ.

3306 336 3414 398 782

165 454 278 508 ϐὼν
303 453 526 522 δεσμεῖν
559 452 653 506 καὶ
683 450 853 514 λύειν,
880 449 975 504 ἐὰν
1001 450 1086 521 ἴδῃ
1115 452 1206 503 τὸν
1240 451 1327 505 διά
1350 469 1403 503 τι
1443 451 1741 521 ἁμάρτημα

1850 455 2012 521 cepit,
2061 454 2104 506 si
2134 453 2330 507 viderit
2358 467 2480 506 eum
2513 449 2603 520 qui
2636 457 2855 519 prepter
2895 446 3109 516 aliquod
3139 457 3414 516 peccatum

166 545 568 615 ἐπιτιμηθέντα
628 543 745 611 μετ’
777 541 1129 610 εὐχαριστίας
1177 542 1288 594 τῶν
1324 542 1614 610 ἐπιτιμίων
1647 542 1746 608 τὴν

166 636 468 707 Θεραπείαν
498 636 812 703 δεξάμενον,
874 635 969 686 καὶ
1008 634 1153 703 μετὰ
1205 634 1543 704 θερμοτέρας
1578 650 1746 686 σπου·

165 723 257 791 δῆς
289 723 390 788 τὴν
441 721 728 790 μετάνοιαν
757 720 1203 790 ἐπιδεικνύμενον
1227 761 1242 786 ,
1273 723 1572 776 ἐλαττώσει
1618 727 1745 785 τοὺς

165 812 395 880 χρόνους
422 811 529 863 τῶν
559 812 875 879 ἐπιτιμίων,
911 814 989 879 μὴ
1021 811 1354 880 πτοούμενος
1378 819 1743 881 κατάγνωσιν,

166 903 238 964 ὡς
267 903 433 971 δῆθεν
455 903 806 972 παραϐαίνων
833 909 931 969 τὴν
964 904 1219 970 περὶτῶν
1248 907 1458 973 χρόνων
1488 906 1596 957 τῶν
1625 908 1747 958 ἐπιο

164 994 367 1061 τιμὶων
408 994 702 1062 κανονικὴν
740 994 1051 1060 ἀκρίϐειαν.
1088 995 1346 1048 Διδάσκει
1379 997 1488 1064 γὰρ
1526 997 1676 1064 ἡμᾶς
1713 996 1746 1064 ἡ

165 1081 360 1150 Γραφὴ
393 1083 478 1135 ὃτι
511 1085 592 1145 εἰς
630 1084 756 1144 τοὺς
807 1081 945 1152 μετὰ
994 1083 1238 1152 μείζονος
1291 1086 1457 1137 πόνου
1492 1085 1746 1153 ἐξομολο-

165 1174 468 1240 γουμένους
531 1173 744 1240 ταχέως
797 1174 829 1242 ἡ
895 1173 1281 1242 φιλανθρωπία
1329 1175 1747 1242 καταλαμϐάνει

163 1260 258 1312 τοῦ
285 1262 444 1313 Θεοῦ.
486 1263 593 1312 Καὶ
619 1263 646 1312 ό
677 1262 778 1330 μὲν
830 1261 1010 1313 κανὼν
1069 1263 1126 1312 ἐν
1153 1261 1386 1323 τούτοις.
1427 1264 1498 1315 Συ
1532 1264 1587 1315 δὲ
1618 1265 1749 1316 ἁ.νά-

165 1352 336 1418 γνωῧι
371 1353 432 1404 τὸ
484 1351 561 1405 λθ¹
603 1371 724 1419 κερ.
755 1353 850 1406 τοῦ
882 1352 926 1404 θ’
960 1353 1142 1406 τίτλον
1174 1352 1266 1405 τοῦ
1320 1355 1588 1422 παρόντος
1624 1372 1748 1406 συν-

164 1447 469 1512 τάγματος,
525 1447 622 1498 καὶ
669 1447 795 1506 τοὺς
848 1447 905 1496 ἐν
934 1445 1082 1514 αὖτῷ
1118 1445 1611 1516 καταστρωθέντας
1661 1448 1748 1500 νό⁸

169 1552 326 1603 μους,
354 1541 449 1588 καὶ
485 1537 665 1608 μάθῃς
702 1538 783 1589 ὅτι
813 1536 1048 1605 διαιρορὰ
1078 1538 1194 1588 ἐστι
1236 1537 1345 1587 τῶν
1373 1537 1747 1604 ἀποφαινομέ-

165 1644 273 1679 νων
325 1627 600 1679 δικαστῶν
654 1629 902 1690 κολάσεις
956 1628 1276 1696 σωματικὰς
1325 1629 1466 1680 κατὰ
1521 1629 1588 1680 τὰ
1638 1628 1748 1681 τῶν

167 1719 472 1786 γεγονότων
529 1719 847 1771 ὑπευθύνων
899 1719 1242 1786 ἐγκλήματα,
1273 1719 1367 1772 καὶ
1401 1721 1507 1771 τῶν
1539 1721 1748 1788 ὁριζόμ-

165 1827 274 1862 ⁴των
306 1812 626 1863 ἐπισκόπων
674 1811 924 1878 ἐπιτίμια
979 1811 1413 1879 ἐκκλησιαστικὰ
1459 1813 1601 1865 κατὰ
1638 1813 1744 1865 τῶν

167 1901 683 1970 ἐξομολογουμένων
733 1903 1108 1971 ἁμαρτήματα
1155 1903 1381 1973 ψυχικὰ.
1417 1905 1478 1956 0E
1514 1904 1612 1972 μὲν
1637 1905 1746 1973 γὰρ

165 1996 262 2056 τὰς
295 1995 613 2064 ὁρισθείσας
647 1997 753 2046 ἀπὸ
788 1994 880 2047 τοῦ
939 1997 1106 2063 νόμου
1140 1995 1333 2058 ποινὰς
1387 1994 1509 2048 οὔτε
1562 1995 1747 2059 αὔξειν

165 2085 288 2139 οὗτε
324 2087 514 2155 μειοῦν
564 2087 818 2139 δύνανται
852 2087 1018 2154 χωρὶς
1055 2086 1341 2154 βασιλικῆς
1401 2087 1703 2151 κελεύσεως
1729 2103 1742 2117 ⁸

166 2181 212 2231 οἱ
243 2179 300 2229 δέ
330 2181 398 2229 τὰ
430 2181 628 2246 φορτία
655 2178 765 2230 τῶν
788 2178 1074 2246 ἡμετέρων
1097 2177 1383 2249 ἁμαρτιῶν
1408 2180 1742 2248 ἀναδεχόμε-

165 2285 268 2331 νοι,
301 2267 376 2326 ὼς
408 2269 504 2318 καὶ
553 2267 746 2333 λόγους
785 2267 923 2335 ὑπὲρ
958 2266 1112 2334 ἡμῶν
1153 2267 1232 2332 τῷ
1284 2267 1402 2336 Θεῴ
1458 2269 1745 2336 μέλλοντες

165 2359 378 2417 δώσειν,
409 2360 551 2411 κατὰ
576 2359 640 2410 τὸ
656 2359 847 2411 δοκοῦν
869 2361 1052 2420 αὐτοῖς
1075 2362 1165 2411 καὶ
1190 2360 1414 2424 αὔξουσι
1443 2361 1537 2411 καὶ
1569 2359 1748 2428 μειοῦο

167 2469 218 2502 σι
252 2451 320 2500 τὰ
351 2451 625 2517 ἐπιτίμια,
674 2449 761 2502 διά
798 2466 878 2500 τοι
933 2449 1094 2502 τοῦτο
1140 2453 1234 2504 καί⁹
1272 2452 1523 2516 ἐξουσίαν
1559 2454 1744 2521 ἔχουσι

171 2542 246 2610 μὴ
296 2543 493 2609 μόνους
533 2544 662 2601 τοὺς
691 2545 913 2609 χρόνους
961 2545 1069 2594 τῶν
1120 2546 1418 2610 ἐπιτιμίων
1462 2546 1741 2610 ἐλαττοῦν,

169 2631 304 2680 αλλὰ
363 2630 459 2681 καὶ
493 2630 562 2679 τὰ
632 2629 882 2697 ἐπιτίμια
919 2631 1293 2698 μεταμείὸειν.
1331 2631 1449 2682 Κᾶν
1492 2633 1746 2700 γὰρ’ἐπὶ

166 2719 415 2785 τριετίαν
453 2718 618 2785 τυλὸν
657 2719 850 2787 ὁρισθῇ
898 2719 990 2770 τὸν
1030 2721 1392 2804 ἡμαρτηκότα
1440 2721 1558 2772 τόδε
1590 2739 1640 2772 τι
1672 2723 1744 2792 μὴ

167 2814 592 2882 κρεωφαγῆσαι,
619 2810 754 2878 μηδὲ
777 2809 1037 2875 συστῆναι
1059 2814 1172 2870 τοῖς
1210 2812 1447 2872 πιστοῖς,
1480 2811 1744 2873 ὡσαύτως

172 2904 306 2972 μηδὲ
371 2902 697 2970 μεταὶαόεἰν
751 2901 860 2952 τῶν
897 2900 1056 2953 θείων
1096 2902 1463 2970 ἁγιασμάτων
1490 2917 1505 2933 ο
1567 2903 1683 2955 ἀλλ’
1717 2907 1744 2956 ό

168 2996 266 3064 τὴν
303 2994 696 3063 ἐξομολόγησιν
739 2994 1034 3061 δεξάμενος
1061 2996 1197 3062 πρὸς
1227 2997 1326 3062 τὴν
1357 2997 1620 3064 ποιότητα
1648 2998 1742 3047 τοῦ

1851 557 2008 610 ptnua
2061 537 2283 596 allectus
2319 550 2424 606 cst,
2473 553 2598 592 cum
2635 539 2933 607 gratiarum
2980 535 3191 588 actione
3231 547 3418 602 poena-

1851 649 1967 687 rum
2005 635 2264 688 medelam
2297 631 2619 700 suscepisse,
2655 641 2711 684 et
2758 629 3063 683 ardentiore
3097 629 3273 681 studio
3303 639 3418 695 pm-

1849 725 2130 778 nitentiam
2167 724 2472 788 ostendero,
2507 731 2717 790 tempus
2759 735 2928 788 parum
2975 720 3258 778 diminuet.
3311 732 3416 771 non

1852 816 2052 869 timens
2094 815 2599 870 condemnationem
2631 821 2888 878 tanquam
2921 813 3010 878 qui
3044 814 3229 878 utique
3256 825 3419 862 eano-

1851 908 2028 960 nicam
2059 908 2314 975 temporis
2342 920 2622 974 ptenarum
2651 904 3015 956 deﬁnitionem
3060 901 3424 966 transgredio-

1853 1005 1958 1050 tur.
1993 996 2158 1051 Docet
2182 1001 2325 1051 enim
2355 1012 2453 1050 nos
2481 994 2780 1061 Scriptura,
2810 993 2948 1060 quod
2979 995 3068 1061 qui
3093 993 3204 1062 jam
3233 991 3420 1057 majori

1850 1087 2038 1142 labore
2082 1087 2427 1149 confitentur,
2475 1100 2569 1139 eos
2620 1083 2710 1137 Dei
2763 1083 3135 1137 misericordia
3192 1082 3421 1135 celerius

1851 1181 2222 1250 apprehendit.
2274 1178 2338 1231 Et
2393 1179 2444 1231 in
2503 1179 2585 1230 his
2633 1177 2847 1245 quidem
2885 1191 3081 1229 canon.
3129 1164 3205 1226 Tu
3239 1184 3417 1228 autem

1850 1273 1966 1339 lege
1995 1286 2113 1340 cap.
2157 1271 2225 1324 '59
2281 1270 2362 1322 tit.
2398 1270 2451 1330 9,
2501 1269 2784 1337 przrsentis
2811 1267 3007 1335 operis,
3056 1276 3107 1318 ct
3137 1268 3276 1331 leges
3302 1281 3420 1333 quae

1851 1365 1903 1415 in
1935 1376 1996 1415 ea
2028 1363 2143 1414 sitm
2187 1370 2332 1425 sunt,
2363 1369 2417 1412 et
2449 1375 2514 1412 ex
2547 1360 2628 1412 his
2657 1360 2798 1413 scies
2825 1359 2965 1425 quod
3006 1368 3089 1410 est
3118 1357 3418 1411 diﬂ‘creutia

1852 1453 1992 1506 inter
2012 1452 2240 1520 judices,
2270 1453 2359 1519 qui
2392 1452 2741 1520 pronuntiant
2773 1451 3081 1518 corporales
3109 1452 3420 1517 punitiones

1850 1545 2107 1596 adversus
2137 1558 2229 1596 eos
2256 1544 2343 1611 qtti
2369 1553 2494 1596 sunt
2523 1543 2839 1596 criminibus
2867 1543 3167 1605 obnoxii,et
3208 1543 3411 1610 episco-

1851 1648 1947 1701 pos
1971 1634 2058 1700 qui
2085 1633 2380 1687 decernunt
2405 1648 2594 1703 ptenas
2621 1633 3017 1688 ecclesiasticas
3047 1635 3304 1686 adversus
3329 1647 3423 1686 eos

1851 1727 1942 1793 qui
1979 1729 2172 1778 animm
2221 1738 2442 1795 peccata
2490 1725 2834 1778 confitentur.
2870 1724 2946 1778 llli
2995 1725 3136 1776 enim
3172 1737 3362 1792 ptenas
3389 1739 3419 1779 a

1851 1819 1966 1888 lege
1997 1820 2322 1874 constitutas
2361 1834 2460 1872 nec
2509 1827 2732 1888 possunt
2776 1831 2991 1886 angore,
3040 1832 3138 1870 nec
3181 1820 3421 1871 minuere

1849 1912 1971 1965 sine
2001 1912 2155 1978 jussu
2203 1912 2566 1978 impcratm-is.
2616 1910 2676 1964 lli
2709 1925 2834 1965 vero
2877 1921 3182 1963 nostrorum
3227 1925 3420 1978 pecca-

1851 2007 2028 2053 torum
2075 2015 2238 2055 onera
2285 2001 2660 2068 suscipientes,
2705 2011 2956 2067 tauquam
2996 2003 3104 2054 Deo
3137 2016 3229 2068 pro
3267 2001 3422 2054 nobis

1849 2091 2090 2144 rationes
2140 2090 2427 2151 reddituri,
2472 2100 2527 2144 et
2555 2107 2651 2159 pro
2711 2107 2809 2143 suo
2840 2092 3100 2146 arbitratu
3142 2107 3329 2160 ρωπίας
3367 2102 3421 2145 et

1851 2192 2070 2250 augent.
2105 2192 2158 2234 et
2191 2182 2462 2248 tuinuunt,
2495 2193 2550 2236 et
2581 2182 2703 2236 ideo
2742 2182 2792 2235 in
2825 2198 3009 2237 eorum
3042 2195 3125 2237 est
3156 2193 3420 2250 patcstate

1848 2287 1957 2326 non
1987 2272 2160 2326 solum
2201 2285 2480 2338 pmuarum
2513 2283 2751 2338 tempora
2800 2272 3097 2331 minuendi.
3132 2274 3225 2326 sed
3255 2274 3417 2326 etiam

1848 2376 2037 2430 pinnas
2079 2363 2468 2416 enimnutandi.
2515 2362 2626 2414 Etsi
2679 2363 2822 2415 enim
2856 2363 3002 2415 verbi
3061 2363 3232 2430 gratia
3288 2378 3418 2417 con-

1848 2455 2093 2507 Stitutnm
2147 2461 2250 2516 est,
2301 2462 2355 2504 nt
2394 2452 2486 2520 qui
2536 2454 2636 2507 hoc
2681 2453 2760 2505 vel
2798 2453 2922 2506 illud
2957 2465 3232 2520 peccatum
3270 2469 3420 2507 com-

1850 2547 1995 2598 misit
2029 2561 2246 2599 c:irnem
2280 2563 2385 2601 non
2415 2548 2682 2606 comedat,
2720 2559 2821 2598 nec
2857 2560 2977 2598 cum
3013 2546 3262 2597 ﬁdelibus
3292 2562 3421 2599 eon-

1845 2636 2024 2698 sistat,
2065 2637 2316 2689 similiter
2348 2652 2448 2689 nec
2492 2637 2562 2688 sit
2607 2636 2908 2687 divinorum
2954 2646 3416 2689 sacramentorum

1852 2741 1948 2792 per
1985 2727 2277 2780 triennium
2315 2729 2579 2793 particeps
2613 2744 2627 2780 :
2670 2727 2759 2794 qui
2812 2737 2986 2779 tamen
3019 2729 3416 2783 confessiOncm

1853 2817 2087 2882 suscepit
2115 2831 2210 2882 pro
2237 2830 2484 2884 persona:
2508 2817 2594 2868 cui
2626 2831 2780 2883 parua
2811 2817 3108 2883 imponitur
3133 2819 3414 2884 qualitate,

1846 2917 1898 2959 et
1927 2907 2044 2976 ejus
2073 2905 2428 2959 confessionis
2455 2907 2813 2967 vehementia.
2848 2919 2900 2961 et
2942 2911 3273 2976 pmnitentiae
3304 2919 3418 2964 stu-

1851 2998 1957 3058 dio,
2025 2998 2121 3050 ltas
2171 2998 2387 3064 quidem
2451 3010 2638 3064 pwuas
2696 2998 3086 3063 moderabitur,
3139 2999 3256 3050 illas
3293 3015 3419 3052 vero

167 3086 578 3154 ἐπιτιμωμένου
622 3084 936 3155 προσώπου,
977 3084 1074 3137 καὶ
1117 3091 1217 3153 τὴν
1276 3085 1586 3156 θερμότητα
1647 3088 1741 3156 τῆς

1853 3087 2250 3155 multiplicabit.
2284 3088 2460 3152 Quare
2492 3104 2594 3140 non
2621 3098 2706 3140 est
2737 3089 3076 3154 accipiemlus
3109 3089 3194 3142 hic
3224 3105 3417 3152 canon,

168 3176 614 3243 ἐξομολογήσεως
668 3176 854 3240 αὐτοῦ,
889 3178 982 3228 καὶ
1015 3175 1114 3243 τὴν
1153 3177 1391 3247 σπουδὴν
1442 3180 1538 3248 τῆς
1569 3197 1744 3247 μετα-

164 3267 348 3327 νοίας,
386 3267 514 3318 τάδε
561 3268 660 3336 μὲν
687 3269 796 3320 τῶν
827 3267 1123 3334 ἐπιτιμίων
1157 3270 1459 3338 μετριάσει,
1495 3273 1656 3342 ἐτερα
1688 3273 1743 3325 δὲ

165 3359 666 3411 πολλαπλασιόισει.
731 3359 894 3413 Ὥστε
950 3361 1025 3429 μὴ
1059 3359 1355 3428 ἐκλητττέον
1387 3361 1478 3415 τὸν
1519 3363 1742 3424 κανόνα,

167 3449 347 3512 καθώς
375 3468 520 3513 τινες
543 3448 718 3510 εἷπον,
748 3453 827 3512 εἰς
873 3451 1041 3520 μόνην
1066 3453 1362 3503 ἐλάττωσιν
1401 3453 1496 3502 τοῦ
1548 3453 1739 3521 χρόνον

167 3543 271 3592 τῶν
302 3544 621 3602 ἐπιτιμίων.
657 3541 793 3594 ἀλλὰ
823 3543 917 3593 καὶ
941 3544 1021 3601 el;
1073 3543 1219 3594 ἆπαν
1245 3535 1383 3602 εἶδος
1420 3541 1738 3610 ἐπιτιμίων.

165 3629 318 3690 Τινδς
346 3630 402 3681 δὲ
446 3630 780 3699 στρατιώτου
827 3631 1216 3700 περιπεσόντος
1258 3629 1514 3682 ἑκουσίου
1573 3634 1736 3698 φόνου

164 3718 521 3786 ἐγκλήματι,
573 3721 725 3788 παρὰ
784 3720 1087 3790 ἀρχιερέως
1136 3721 1282 3781 τινος
1337 3723 1476 3787 μετὰ
1516 3721 1738 3792 μέτριον

167 3810 305 3862 πάνυ
341 3811 536 3877 καιρὸν
559 3811 852 3879 ἐγγράφως
879 3810 1251 3874 αοωωοέντος,
1299 3810 1327 3862 ὁ
1353 3814 1616 3882 κραταιὸς
1646 3815 1738 3865 καὶ

160 3901 315 3968 ἅγιος
337 3902 496 3969 ἡμῶν
526 3900 788 3970 βασιλεὺς
812 3902 1154 3972 δυσχεράνας
1197 3904 1289 3955 ἐπὶ
1323 3902 1400 3972 τῷ
1442 3906 1741 3975 γενομένῳ,

161 3995 456 4064 διωρίσατο
484 3994 578 4045 ἐπὶ
625 3993 736 4045 τῶν
775 3993 1000 4063 ἡμερῶν
1029 3992 1121 4046 τοῦ
1164 3993 1472 4062 ἁγιωτάτου
1531 3996 1740 4048 ἐκείνου

162 4086 506 4154 πατριάρχου
530 4085 722 4153 κυρίου
743 4085 928 4137 Λουκᾶ
959 4085 1304 4154 σκοπηθῆναι
1339 4085 1658 4148 συνοδικῶς,
1693 4088 1741 4138 εἰ

162 4174 345 4234 καλῶς
373 4173 453 4239 τῷ
497 4171 804 4240 στρατιώτῃ
844 4170 1278 4241 ἐπεφιλοτιμήθη
1335 4173 1368 4239 ἡ
1419 4171 1529 4224 τῶν
1561 4174 1744 4225 ἐπιτιο

165 4263 302 4332 μίων
331 4262 607 4325 ἁθὼωσις,
644 4261 1212 4330 κατεσπουδασμένως
1240 4262 1384 4314 οὕτω
1407 4265 1500 4316 καὶ
1523 4257 1636 4316 οἷον
1662 4265 1741 4315 ει.

164 4359 283 4406 πεῖν
313 4354 378 4404 οὐ
406 4351 734 4421 συμπαθῶς,
787 4351 925 4402 ἀλλὰ
959 4351 1311 4421 προσπαθώς.
1338 4351 1443 4405 Τοῦ
1469 4353 1525 4405 δὲ
1554 4356 1740 4424 ἀρχιε-

1851 3189 1909 3230 υι
1945 3178 2185 3230 nonnulli
2232 3179 2501 3240 dicebant,
2561 3181 2624 3230 ad
2657 3177 2823 3230 solum
2855 3178 3109 3246 temporis
3138 3193 3416 3247 pmnarum

1847 3268 2279 3328 diminutionem.
2300 3268 2392 3322 sed
2416 3276 2481 3320 ad
2503 3283 2659 3321 omne
2683 3283 2854 3334 pu'naa
2874 3283 3064 3338 genus.
3091 3269 3223 3323 Cum
3243 3285 3416 3324 autem

1847 3358 2066 3425 quidam
2107 3357 2260 3410 miles
2306 3359 2356 3410 in
2395 3356 2709 3410 voluntaria:
2741 3359 2904 3412 cmdis
2933 3361 3140 3412 crimen
3181 3362 3413 3418 incidis-

1847 3456 1951 3511 set,
1986 3457 2041 3502 et
2094 3463 2124 3501 a
2177 3450 2407 3517 quodam
2461 3450 2718 3513 antistite,
2775 3459 2896 3518 post
2943 3451 3097 3503 valde
3148 3454 3414 3516 modicum

1850 3547 2082 3605 tempus,
2139 3542 2279 3593 datis
2309 3542 2550 3608 scriptis,
2598 3531 2874 3594 absolutus
2917 3550 3078 3606 esset,
3129 3555 3318 3612 potens
3363 3557 3420 3599 et

1848 3639 2070 3682 sanctus
2119 3620 2303 3682 noster
2347 3629 2660 3697 imperator,
2692 3641 2753 3685 et.
2799 3634 3068 3695 dominus,
3116 3636 3166 3686 id
3216 3633 3414 3689 factum

1847 3730 1994 3788 aegre
2041 3720 2240 3783 ferens,
2272 3724 2461 3772 statuit
2490 3731 2728 3786 tempore
2769 3723 3094 3792 sanctissimi
3133 3725 3276 3780 illius
3321 3742 3415 3794 pa-

1849 3811 2322 3862 triarclrcdomiui
2369 3809 2992 3882 Lttc:c,utsynodaliter
3044 3819 3417 3872 considerare-

1849 3904 1958 3959 tur,
1985 3897 2144 3968 127
2170 3916 2235 3950 an
2264 3910 2409 3953 recte
2449 3901 2520 3953 illi
2553 3903 2706 3955 militi
2733 3917 2985 3958 concessa
3011 3916 3154 3958 esset
3178 3923 3206 3964 a
3241 3911 3415 3975 pinnis

1850 3990 2142 4049 absolutio,
2195 3999 2340 4042 tanto
2390 3990 2444 4044 in
2492 4006 2617 4045 eum
2667 3995 2845 4046 studio
2878 4005 2932 4047 et
2985 4011 3080 4062 per
3120 4002 3412 4067 quamdam

1849 4096 1954 4134 non
1993 4081 2449 4145 misericordiam,
2489 4085 2583 4138 sed
2628 4085 2806 4153 potius
2847 4088 3012 4140 animi
3046 4088 3410 4146 aﬂ'ectiouem.

1847 4171 1982 4224 Cum
2017 4183 2196 4225 autem
2235 4174 2458 4228 antistes
2488 4187 2807 4240 praesentem
2836 4191 3103 4232 canouem
3149 4196 3412 4249 propone.

1846 4271 1949 4323 rel,
1985 4271 2038 4313 et
2065 4261 2199 4314 alios
2243 4263 2585 4316 moderantes
2622 4265 2806 4332 utique
2854 4281 2972 4319 eam
3007 4284 3125 4336 qua:
3155 4271 3230 4325 illi
3279 4275 3412 4342 obji-

1844 4349 2085 4402 ciebatur
2117 4351 2336 4404 nimiam
2367 4365 2539 4419 ptenze
2571 4353 2862 4418 levitatem,
2926 4367 3110 4412 sancta
3146 4362 3409 4429 synodus.

161 4447 299 4516 ρέως
325 4445 418 4497 τὸν
450 4431 692 4514 παρόντα
721 4443 920 4496 κανόνα
939 4443 1376 4513 προϐαλλομένου
1408 4446 1502 4498 καὶ
1523 4445 1741 4514 ἐτέρους

1848 4453 2083 4493 canones
2113 4440 2374 4494 limitibus
2408 4443 2885 4510 circumscribens,
2937 4453 3234 4503 secundum
3276 4454 3411 4506 divi-

166 4534 600 4605 μετεωρίζοντας
628 4533 768 4602 τάχα
811 4533 909 4602 τὴν
948 4533 1441 4605 ἐπιφορτιζομένην
1469 4535 1620 4604 αὑτῴ
1644 4535 1739 4605 βα-

167 4630 319 4694 ρεῖαν
379 4625 719 4694 κουφότητα,
763 4625 797 4693 ὴ
846 4623 978 4690 ἁγία
1020 4622 1279 4685 σύνοδος.
1329 4625 1457 4687 τοὺς
1507 4625 1740 4689 κανόνας

162 4715 582 4784 ὀρθοτομήσασα
609 4711 752 4764 κατὰ
779 4710 878 4782 τὴν
911 4711 1138 4764 ἐνοῦσαν
1162 4711 1351 4773 αὐτοῖς
1381 4715 1444 4765 ἐκ
1476 4713 1571 4766 τοῦ
1600 4731 1739 4766 παν·

161 4807 319 4872 αγίου
383 4805 697 4872 Πνεύματος
755 4802 1036 4872 θειοτάτην
1103 4802 1373 4874 ἐλλαμψιν
1406 4841 1422 4867 ,
1483 4803 1577 4855 τὸν
1636 4806 1736 4874 μὲν

165 4895 511 4967 στρατιώτην
543 4895 640 4947 καὶ
687 4890 841 4955 αὖθις
875 4872 1268 4956 ἀλυκτοπέδαις
1304 4893 1595 4959 ἐπιτιμίων
1637 4872 1737 4947 ita:

163 4987 392 5040 νυνικῶν
431 4983 776 5038 καθυπέὃαλε
799 4999 813 5013 ·
845 4984 937 5036 τὸν
963 4983 1020 5034 δὲ
1061 4986 1324 5054 ἀρχιερέα
1365 4989 1572 5056 μεῖνα-ίῳ
1611 4987 1741 5052 ἀφο-

167 5077 347 5144 ρισμῴ
383 5073 835 5145 ἀλειτουργησίας
877 5075 1338 5142 ἐστενοχιίιρησεν,
1404 5074 1633 5127 εἰποῦσα
1664 5073 1738 5136 ὡς

164 5171 270 5230 τοῖς
303 5167 627 5236 ἀρχιερεῦσι
690 5169 787 5234 μὲν
810 5166 1020 5230 ἐφεῖται
1059 5161 1245 5225 αὔξειν
1287 5165 1383 5215 καὶ
1452 5165 1642 5232 μειοῦν
1671 5164 1738 5217 τὰ

168 5262 428 5312 κανονικὰ
461 5259 749 5326 ἐπιτίμιαο
809 5255 1152 5325 ἀραχνιαίοις
1203 5255 1258 5306 δὲ
1296 5255 1472 5322 μίτοις
1519 5256 1736 5324 δεσμεῖν

167 5351 233 5400 τὰ
262 5347 548 5407 καλωίίοις
609 5342 875 5412 ὲντρίτοις
921 5343 1388 5410 καταδεσμεῖσοαι
1454 5343 1740 5409 ὀφείλοντα

167 5438 262 5491 οὐκ
299 5437 539 5504 ἐνεδόθη.
581 5435 814 5502 Λέγεται
861 5431 918 5482 δέ
947 5433 1030 5484 ὅτι
1056 5435 1152 5484 καὶ
1177 5431 1264 5484 διὰ
1303 5433 1403 5501 τὴν
1432 5433 1528 5484 τοῦ
1559 5431 1738 5484 τοιού-

168 5546 255 5582 του
287 5527 623 5597 στρατιώτου
683 5525 939 5578 ὑπόθεσιν
1006 5522 1220 5585 ἐξέθετο
1257 5526 1286 5577 ό
1335 5525 1598 5592 κραταιὸς
1646 5527 1737 5575 καί

170 5605 318 5681 ἆγιος
345 5613 502 5683 ἡμῶν
530 5613 784 5682 βασιλεὺς
815 5618 913 5686 τὴν
945 5617 1069 5685 περὶ
1101 5613 1210 5665 τῶν
1242 5613 1505 5664 ἑκουσίων
1531 5611 1738 5678 φονέων

169 5705 384 5776 Νεαρὰν
405 5723 420 5736 ’
450 5709 515 5776 ἦν
552 5711 645 5758 καὶ
674 5707 948 5775 ἀνάγνωθι
977 5705 1202 5760 ὄπισθεν
1227 5704 1732 5773 καταστρωοείσαν,

174 5798 260 5849 ναὶ
293 5797 772 5866 ὀ.α>.αμ6ανυυσαν
819 5799 957 5867 μετὰ
1002 5798 1106 5851 τῶν
1137 5799 1314 5850 ἄλλων
1363 5799 1457 5849 και)⁵
1513 5795 1721 5848 ταῦια·

1847 4529 2124 4582 nissimam
2154 4529 2585 4597 inspirationetn,
2615 4547 2734 4601 qua:
2759 4549 2826 4588 ex
2856 4548 3047 4592 sancto
3078 4539 3183 4593 illis
3207 4539 3409 4610 Spiritu

1844 4614 2048 4681 inerat,
2115 4617 2340 4671 militent
2401 4619 2619 4686 quidem
2677 4624 3062 4678 cauonicarum
3127 4642 3407 4694 positarum

1845 4721 2036 4760 rursus
2069 4708 2419 4773 compedibus
2456 4708 2728 4776 subjecit:
2759 4712 3056 4766 antistitem
3103 4726 3282 4768 autem
3340 4721 3405 4769 ad

1842 4795 2177 4863 aliquantum
2208 4797 2472 4866 temporis
2499 4800 2566 4853 ab
2591 4799 2766 4853 oﬂlcio
2790 4804 3147 4870 suspensione
3175 4808 3406 4873 punivit,

1841 4887 2025 4939 dicens
2054 4887 2195 4954 quod
2226 4888 2562 4942 antistitibus
2605 4890 2819 4958 quidem
2866 4893 2992 4946 licet
3027 4909 3213 4961 pinnas
3243 4911 3408 4952 cano-

1843 4973 1994 5027 nicas
2049 4990 2266 5042 augere,
2326 4987 2381 5029 et
2433 4977 2738 5032 diu-iuuere
2809 4996 3171 5038 :aranearum
3226 4999 3406 5044 autem

1844 5064 1946 5118 ﬁlis
1991 5066 2160 5135 ligate
2229 5082 2349 5135 quae
2382 5069 2580 5121 debent
2621 5073 2790 5124 tribus
2832 5076 3148 5150 rudentibus
3176 5077 3406 5148 alligari,

1838 5171 1947 5208 non
1977 5171 2289 5210 concessum
2331 5167 2434 5210 est.
2465 5157 2671 5212 Dieitur
2694 5173 2895 5224 autem,
2919 5167 3059 5230 quod
3087 5167 3249 5220 etiam
3277 5185 3406 5238 pro-

1839 5243 1959 5316 pter
2004 5247 2150 5301 illius
2184 5247 2372 5303 militis
2407 5263 2625 5302 causam
2662 5255 2826 5305 edidit
2873 5265 3064 5323 potens
3104 5268 3157 5310 et
3187 5274 3408 5316 sanctus

1842 5349 2024 5393 noster
2052 5341 2345 5408 imperator
2371 5341 2436 5395 de
2461 5345 2780 5398 voluntariis
2798 5346 3099 5402 boinlcidiis
3121 5353 3406 5417 novellam,

1837 5445 1998 5499 quam
2047 5434 2210 5485 etiam
2244 5431 2362 5502 lege
2391 5445 2535 5487 retro
2583 5434 2764 5498 sitam,
2793 5448 2847 5490 et
2895 5437 3007 5492 lure
3036 5455 3252 5508 quoque
3285 5425 3404 5499 cum

1838 5525 1957 5579 aliis
2011 5533 2329 5579 tractantem
2358 5547 2372 5581 :
2400 5525 2475 5581 De
2500 5528 2562 5582 iis
2597 5541 2774 5582 autem
2825 5547 2943 5600 qua
2992 5539 3059 5588 ab
3091 5537 3194 5590 illis
3245 5539 3394 5604 llunt,

1838 5625 2120 5685 postquam
2155 5618 2219 5669 ad
2269 5619 2664 5672 sanctissimam
2709 5620 2798 5674 Dei
2828 5638 3075 5693 magnam
3106 5617 3403 5683 Edclesiam

1838 5705 2197 5775 cenl‘ugeriut,
2240 5708 2538 5775 imperialis
2576 5724 2691 5764 mea
2730 5715 2986 5780 majestas
3017 5731 3122 5772 non
3150 5720 3250 5776 scit
3279 5734 3404 5787 per.

1841 5796 2004 5862 l‘cctc,
2043 5797 2195 5851 audit
2229 5807 2404 5851 tamen
2435 5813 2554 5868 quae
2585 5816 2690 5854 non
2722 5806 2859 5857 bona
2887 5818 3030 5858 sunt.
