4006 6476
156 419 262 485 785

1071 417 1156 480 IN
1200 413 1444 480 EPIST.
1479 415 1536 480 S.
1581 412 1868 475 BASILII
1907 414 2341 478 CANONICAM
2375 414 2491 480 ΙῐῙ.

3307 414 3418 478 786

157 533 263 588 xiv
315 532 391 603 μὴ
457 532 517 597 ιξ
575 532 902 602 ἀμφοτέρων
959 532 1066 587 τῶν
1135 532 1341 600 γονέων
1394 529 1736 596 συνάπτηται

1876 528 2053 585 tiamsi
2085 543 2190 582 non
2215 543 2280 582 ex
2312 528 2574 582 ambobus
2605 527 2651 582 ei
2675 527 2990 596 parentibus
3020 526 3304 598 conjuncta
3324 530 3418 586 sit.

157 623 324 689 αὐτῇ,
358 620 496 674 ἀλλά
518 621 577 686 ἐξ
611 621 729 683 ἐνὸς
763 621 908 690 (ἥτις
961 620 1186 688 λέγεται
1238 617 1334 671 καὶ
1387 613 1736 686 ἕτεροθαλὴς)

159 713 431 774 κα“ιόπως
460 713 780 780 ἐπιτιμᾶται
824 711 852 764 ὁ
902 711 1156 782 μιανθεὶς
1193 709 1332 780 μετά
1371 707 1473 777 τῆς
1519 705 1739 776 νύμφης

156 800 347 855 αὑτοῦ.
393 802 504 855 Καὶ
528 803 663 870 φασὶ
699 799 1276 869 τούτουςιὲξωθεῖσοαι
1340 801 1439 868 μὲν
1478 797 1588 851 ἀπὸ
1637 796 1740 865 τῆς

161 892 464 960 ικκλησίας
513 895 708 962 μέχρις
761 893 828 946 ἂν
864 893 962 962 τῆς
1000 892 1281 962 ἀμαρτίας
1339 891 1688 959 ἀπόσχωνται
1721 901 1737 918 ο

167 984 316 1054 μετά
370 984 425 1038 δὲ
476 985 538 1038 τὸ
585 985 894 1050 ἀποστῆναι
949 983 1352 1049 οἰκονομεῖσθαι
1404 984 1481 1044 είς
1538 982 1665 1042 τοὺς
1698 980 1739 1034 δ’

156 1079 360 1130 τόπους
381 1078 833 1144 τῶνὲπιτιμίων,
884 1077 978 1130 καὶ
1040 1075 1218 1137 οὕτως
1273 1074 1564 1140 ἀξιοῦσθαι
1636 1074 1737 1142 τῆς

161 1171 326 1236 ἀγίας
385 1170 766 1239 μσταλὴψεως.
826 1171 890 1223 OI
930 1170 986 1221 δὲ
1058 1169 1100 1222 δ’
1133 1171 1292 1222 τόποι
1343 1168 1599 1221 ἀνύονται
1647 1166 1735 1220 διὰ

158 1263 371 1332 κρόκων
401 1263 631 1318 δώδεκα.
681 1263 987 1328 Ἀνάγνωθι
1027 1263 1124 1316 καὶ
1163 1262 1223 1314 τὸ
1289 1261 1541 1330 δεύτερον
1606 1276 1734 1328 κεφ.

157 1357 253 1410 τοῦ
289 1355 358 1425 ιγ’
381 1358 566 1410 τίτλου
592 1357 687 1410 τοῦ
707 1357 980 1425 παρόντος
1020 1356 1406 1424 συντάγματος
1426 1372 1440 1387 ο
1491 1354 1586 1407 καὶ
1635 1371 1736 1422 ση-

157 1449 392 1519 μείωααι
420 1450 504 1501 ὅτι
551 1451 664 1509 τοῖς
707 1447 1106 1516 ἀφισταμένοις
1139 1448 1263 1515 οὐχὶ
1319 1449 1433 1508 τοῖς
1483 1445 1566 1498 ἔτι
1626 1446 1729 1515 ιμ-

161 1541 389 1610 μένουσι
423 1541 492 1609 τῇ
576 1539 826 1608 ἀμαρτίᾳ
873 1539 1104 1592 δίδονται
1160 1541 1228 1592 τά
1267 1538 1538 1606 ἐπιτίμια.
1602 1535 1738 1590 Τού-

157 1646 278 1693 τοις
340 1630 450 1699 γάρ
507 1629 855 1699 ἀκοινώνητα
908 1629 1192 1692 παντελῶς
1239 1630 1348 1682 εἰσι
1386 1627 1453 1682 τά
1501 1627 1611 1682 τῶν
1650 1645 1740 1680 me

159 1719 327 1774 στῶν.

232 1815 487 1870 ΖΩΝΑΡ.
536 1814 596 1869 Ὅ
630 1815 838 1886 ἀδελφῇ
879 1815 1227 1886 συμφθαρείς
1263 1816 1485 1882 ἑαυτοῦ,
1522 1816 1626 1871 κᾶν
1661 1816 1738 1888 μὴ

1843 621 1936 676 sed
1967 637 2032 675 ex
2069 636 2176 674 uno
2211 621 2352 690 (quae
2382 619 2545 675 etiam
2575 619 2899 689 ἑτεροταλὴς
2928 620 3171 692 dicitur),
3197 629 3253 677 et
3283 635 3417 690 quo-

1844 714 2003 768 modo
2033 715 2254 780 punitur
2283 714 2372 780 qui
2405 730 2525 769 cum
2561 729 2656 768 sua
2692 729 2830 767 nuru
2865 712 3143 781 polluitur,
3188 721 3244 768 et
3289 712 3421 769 dicit

1843 819 1936 860 eos
1973 803 2191 873 quidem
2225 803 2424 859 debere
2476 805 2688 860 extrudi
2732 806 2799 859 ab
2865 805 3106 860 Ecclesia
3163 805 3336 860 donec
3388 819 3418 859 a

1843 905 2068 969 peccato
2095 898 2456 953 abstinuerint
2489 917 2503 953 :
2537 909 2821 966 postquam
2871 906 3050 952 autem
3079 897 3418 964 “destiterint,

1843 989 2100 1045 distribui
2142 990 2193 1044 in
2227 1001 2462 1058 quatuor
2492 991 2630 1054 loca,
2663 1005 2848 1046 eorum
2887 991 2978 1059 qui
3019 998 3186 1060 agunt
3240 987 3421 1056 paeni-

1847 1084 2072 1136 tentiam
2111 1099 2127 1137 :
2168 1090 2223 1137 et
2253 1084 2331 1137 sic
2363 1093 2550 1136 Sancta
2578 1084 2959 1136 communione
2991 1081 3184 1149 dignos
3205 1079 3420 1134 haberi.

1844 1175 2085 1240 Quatuor
2124 1185 2305 1230 autem
2346 1176 2463 1230 loca
2513 1173 2798 1229 duodecim
2831 1177 2986 1230 anuis
3039 1174 3419 1244 perﬁciuntur.

1850 1267 1997 1336 Lege
2029 1277 2080 1323 et
2117 1279 2279 1336 caput
2305 1270 2340 1322 2
2371 1271 2454 1323 tit.
2508 1272 2595 1338 I3,
2629 1270 2912 1340 praesentis
2966 1268 3166 1336 operis,
3209 1274 3262 1320 et
3296 1273 3424 1319 nota

1844 1359 1987 1427 quod
2010 1360 2077 1414 iis
2103 1361 2194 1430 qui
2230 1361 2518 1424 desistunt,
2555 1377 2659 1414 non
2691 1362 2756 1415 iis
2794 1360 2886 1430 qui
2956 1366 3310 1426 perseverant
3366 1355 3423 1410 in

1844 1461 2093 1519 peccato,
2127 1452 2328 1506 dantur
2381 1469 2574 1523 pmnm.
2612 1452 2706 1508 His
2733 1453 2879 1508 enim
2916 1450 3052 1508 nihil
3075 1448 3220 1520 quod
3250 1449 3321 1504 sit
3362 1447 3425 1501 ti-

1842 1541 2064 1607 delium,
2096 1544 2313 1613 penitus
2347 1547 2805 1601 communicatur.

1921 1812 2170 1869 ΖυΝΑῐὶ.
2213 1813 2314 1879 Qui
2348 1827 2467 1865 cum
2504 1822 2693 1867 sorore
2719 1819 3006 1879 corruptus
3029 1817 3134 1875 est,
3174 1810 3425 1879 quamvis

160 1904 218 1970 ἐξ
248 1905 587 1977 ἀμφοτέρων
615 1907 724 1960 τῶν
749 1908 956 1974 γονέων
986 1911 1018 1977 η
1067 1908 1381 1987 ¹ἀδελφότης
1412 1910 1582 1973 ἐστὶν,
1624 1908 1739 1961 ἀλλ’

1872 1924 1958 1963 ton
1983 1923 2049 1963 ex
2083 1918 2314 1978 utroque
2353 1915 2595 1974 parente,
2643 1904 2738 1959 sed
2774 1919 2840 1959 ex
2899 1903 3162 1958 alterutro
3215 1912 3424 1956 tantum

159 1995 218 2060 ἐξ
255 1997 399 2060 ἐνὸς.
443 2000 617 2067 πάντη
650 2000 933 2064 ἐξωθεῖται
969 2002 1070 2068 τῆς
1099 2000 1455 2070 Ἐκκλησίας,
1497 2001 1604 2064 ἕως
1647 2003 1744 2065 τῆς

161 2089 428 2159 τοιαύτης
479 2092 762 2161 ἁμαρτίας
827 2095 1161 2163 ἀπόσχηται.
1239 2094 1641 2165 Ἀποσχόμενος
1687 2094 1745 2147 δὲ

157 2183 537 2249 οἰκονομεῖται
559 2184 636 2246 ὡς
685 2186 712 2236 ό
741 2184 923 2238 κανὼν
952 2187 1326 2249 διατάττεται,
1361 2186 1740 2257 προακλαίων,

156 2273 532 2343 ἀκροώμενος,
611 2276 963 2339 ὑποπίπτων,
1033 2277 1328 2341 συνεστῶς’
1417 2278 1511 2331 καὶ
1572 2275 1746 2340 οὔτως

160 2365 409 2430 ἀξιοῦται
446 2367 550 2436 τῆς
579 2367 674 2421 τοῦ
700 2367 908 2437 ἀγαθοῦ
942 2369 1247 2429 κοινωνίας.

239 2635 463 2691 ΔΡΙΣΤ.
487 2654 613 2691 καν.
641 2643 734 2691 οεθ.
773 2637 832 2691 Ὀ
863 2636 1067 2709 ἀδελφῇ
1108 2637 1382 2708 πατρόθεν
1413 2637 1444 2707 ἢ
1470 2636 1747 2707 μητρόθεν

166 2731 538 2800 συμμιανθεὶς
578 2731 652 2799 μὴ
707 2731 896 2784 εἰσίτω
958 2734 1040 2794 εἰς
1089 2728 1240 2783 οἷκον
1284 2731 1598 2800 προσευχῆς
1645 2730 1749 2792 ἕως

166 2826 421 2890 ἀποστῇ·
496 2818 599 2874 εἶτ’
672 2823 977 2892 ἀνανήψας,
1033 2823 1278 2890 τριετίαν
1345 2813 1746 2889 προσκλαιέτω,

166 2913 414 2983 τριετίαν
481 2912 800 2982 ἀκροάσθω,
866 2913 1118 2981 τριετίαν
1193 2911 1572 2972 ὑποπιπτέτω,
1656 2910 1751 2961 καὶ

167 3004 243 3071 τῷ
294 3003 514 3072 δεκάτῳ
578 3003 838 3073 δεχέσθω
888 3005 1058 3073 γωρίς
1102 2985 1454 3069 προσφορᾶς,
1517 3002 1610 3053 καὶ
1659 3001 1752 3053 δύο

166 3096 256 3164 [τη
317 3096 535 3157 συστὰς
584 3097 666 3158 εἰς
706 3095 894 3166 εὐχὴν,
926 3095 1119 3149 λοιπὸν
1177 3094 1453 3154 ἀξιούσθω
1495 3093 1597 3161 τῆς
1645 3111 1752 3148 κοι-

166 3206 268 3240 νων
295 3205 382 3251 ας.

220 3276 433 3341 οὗτοςό
464 3279 650 3334 κανὼν
669 3279 1096 3352 συνηρμηνεύθη
1120 3279 1196 3350 τῷ
1223 3278 1505 3348 ἑξηκοστῷ
1534 3279 1748 3349 ἑϐδόμῳ
1775 3254 1817 3311 C

168 3374 374 3427 κανόνι.

233 3463 458 3518 ΑΡΙΣΤ.
496 3460 749 3527 καν.ος’.
779 3462 862 3514 Τά
892 3462 1030 3516 αὺτά
1070 3461 1164 3516 καὶ
1194 3462 1327 3534 περὶ
1354 3462 1467 3516 τῶν
1491 3461 1591 3528 τάς
1610 3461 1750 3533 νύμ-

173 3573 275 3627 φας
299 3557 366 3608 λα
377 3555 718 3626 μ6ανόντων.
753 3555 961 3621 Σαφής.

739 3647 974 3701 ΚΑΝΩΝ
989 3646 1109 3702 οΖ’.

187 3740 247 3794 '0
286 3740 474 3809 μέντοι
505 3737 938 3805 γαταλιμπάνων
967 3737 1068 3802 τὴν
1091 3738 1343 3806 νομίμως
1378 3742 1751 3809 συναφθείσαν

247 3831 399 3896 αὐτῷ
445 3831 710 3895 γυναῖκα.
746 3826 839 3878 καὶ
884 3825 1079 3894 ἑτέραν
1131 3826 1403 3894 ἀγόμενος
1462 3829 1600 3882 κατᾶ
1653 3830 1752 3902 τὴν

243 3923 337 3978 τοῦ
365 3922 578 3989 Κυρίου
618 3920 898 3983 ἀπόφασιν
947 3917 1024 3986 τῷ
1052 3917 1153 3983 τῆς
1183 3920 1428 3987 μοιχείας
1461 3921 1750 3976 ὑπόκειται

233 4018 488 4087 κρίματι.
547 4010 943 4063 Κεκανόνισται
1014 4010 1069 4061 δὲ
1120 4011 1269 4076 παρά
1320 4011 1428 4062 τῶν
1481 4013 1752 4080 Πατέρων

252 4111 409 4180 ἡμῶν
443 4109 571 4168 τοὺς
622 4105 899 4165 τοιούτους
933 4105 1182 4171 ἐνιαυτρν
1217 4105 1596 4172 προσκλαίειν,
1642 4106 1751 4158 διε-

243 4207 364 4258 τίαν
403 4197 810 4266 ὲ-ακροᾶσθαι,
858 4198 1102 4263 τριετίαν
1128 4197 1492 4258 ὑποπίπτειν,
1520 4199 1598 4267 τῷ
1657 4199 1751 4251 ἑὸ-

241 4294 393 4364 δόμῳ
451 4291 814 4343 συνίστασθαι
869 4292 979 4352 τοῖς
1030 4292 1265 4354 πιστοῖς,
1321 4290 1416 4340 καὶ
1460 4286 1602 4341 οὕτω
1652 4287 1752 4356 τῆς

244 4386 568 4455 προσφορᾶς
630 4379 1051 4445 καταδιοῦσθαι,
1113 4384 1210 4435 ὲάν
1281 4381 1418 4450 μετά
1501 4379 1752 4451 δακρύων

250 4477 687 4548 μετανοήσωσιν.

754 4565 996 4618 ΚΛΝΩΝ
1053 4563 1181 4618 011’.

192 4662 253 4715 Ὀ
283 4660 448 4719 αὐτος
481 4656 753 4729 κρατείτω
780 4656 950 4717 τύπος
985 4657 1076 4707 καί
1107 4656 1201 4707 ἐπὶ
1233 4657 1340 4707 τῶν
1367 4654 1460 4707 δύο
1515 4655 1753 4722 ἀδελφὰς

240 4752 636 4819 λαμσανόντων
659 4751 741 4811 εἱς
779 4747 1139 4810 συνοικέσιον,
1175 4748 1225 4798 εἰ
1250 4748 1344 4798 καὶ
1371 4746 1514 4799 κατά
1567 4745 1756 4817 διαφό-

260 4862 385 4916 ρους
410 4843 660 4914 χρόνους.

750 4930 987 4984 ΚΑΝΩΝ
1014 4929 1134 4983 ΟΘ’.

186 5029 244 5080 Ol
269 5026 323 5078 δὲ
341 5027 464 5088 ταῖς
496 5025 794 5091 μητρυιαῖς
818 5021 1028 5073 ἑαυτῶν
1061 5020 1320 5089 ἐπιμαινὸ
1335 5037 1486 5087 μενοι
1515 5019 1593 5086 τῷ
1611 5019 1759 5089 αὐτῷ

249 5119 576 5171 ὑπόκεινται
609 5114 796 5166 κανόνι
824 5107 866 5180 ᾧ
905 5115 1001 5165 καὶ
1033 5116 1082 5164 oi
1116 5118 1236 5175 ταῖς
1264 5113 1475 5165 ἑαυτῶν
1502 5113 1758 5181 ἀδελφαῖς

251 5209 695 5272 ἑπιμαινόμενοι.

257 5305 455 5357 ΒΑΛΣ.
492 5304 598 5353 Τἣν
660 5304 740 5362 είς
805 5301 1105 5368 ἐτεροΟαῚῆ
1173 5300 1409 5372 ἀδελφὴν
1460 5301 1491 5368 ἦ
1541 5301 1760 5370 νύμφην

189 5397 396 5448 οἰκείαν
459 5393 759 5462 μιανοέντα
830 5393 923 5444 ἐπὶ
975 5391 1339 5443 δωδεκαετίαν
1403 5394 1759 5460 ἐπιτιμᾶσθαι

190 5484 480 5551 διωρίσατο
504 5485 529 5534 ὁ
554 5483 707 5548 ἅγιος
745 5483 798 5531 ὲν
831 5480 908 5547 τῷ
932 5477 1003 5532 σε’
1039 5482 1128 5532 καὶ
1160 5479 1245 5545 ος¹
1280 5482 1495 5534 κανόνι.
1529 5482 1761 5549 Ἀρτίως

193 5577 267 5640 δὲ,
300 5576 469 5644 ἡγουν
502 5576 560 5624 ἐν
627 5572 704 5641 τῷ
731 5573 828 5636 οἷ’,
861 5575 916 5623 ὲν
938 5572 1014 5639 τῷ
1045 5590 1106 5641 οη
1149 5573 1242 5623 καὶ
1269 5577 1325 5624 ιν
1366 5572 1441 5640 τῷ
1467 5570 1541 5624 00'
1573 5574 1761 5624 κανόνι

194 5684 304 5733 παρ
344 5666 630 5718 κελεύεται
676 5665 800 5726 τοὺς
859 5666 1374 5732 καταλιμπάνοντας
1418 5666 1514 5725 τὰς
1548 5665 1761 5717 ἑαυτῶν

196 5752 480 5822 σνμδίους,
517 5756 611 5805 καί
635 5753 831 5818 ἑτέρας
862 5756 1001 5822 πρὸς
1030 5754 1212 5823 γάμον
1258 5755 1584 5822 ἀγομένουε,
1619 5753 1758 5806 ἀλλά

200 5847 305 5913 μὴν
335 5845 580 5908 καὶτοὺς
615 5845 680 5897 λα
692 5845 999 5915 μσάνοντας
1023 5848 1102 5909 εἰς
1137 5845 1471 5915 συνοικίσιον
1500 5841 1594 5896 δύο
1610 5841 1762 5896 ἀδελ-

1781 4586 1834 4646 D

1847 2001 2158 2058 fraternitas
2191 2001 2284 2064 sit,
2307 2015 2369 2053 ex
2402 1998 2640 2054 Ecclesia
2677 2013 2896 2068 prorsus
2915 1997 3224 2067 expellitur,
3253 1995 3429 2050 donec

1848 2095 1916 2150 ab
1949 2094 2216 2160 ejusmodi
2259 2102 2484 2161 peccato
2523 2092 2774 2146 absistat.
2834 2089 3126 2159 Postquam
3159 2102 3286 2142 vero
3333 2085 3431 2140 ab-

1847 2187 2121 2249 stinuerit,
2156 2201 2218 2239 ex
2258 2182 2576 2253 praescripta
2609 2183 2664 2236 in
2708 2181 2812 2236 hoc
2847 2195 3054 2235 canone
3088 2178 3259 2231 forma
3291 2175 3428 2229 mul-

1851 2287 2019 2340 tatur,
2051 2278 2122 2330 ita
2149 2286 2206 2329 ut
2239 2275 2378 2328 inter
2401 2274 2593 2328 ﬂentes
2621 2273 2801 2341 degat,
2835 2281 2946 2324 tum
3001 2270 3146 2323 inter
3203 2267 3430 2321 audien-

1849 2377 1953 2429 tes,
1991 2367 2114 2420 inde
2153 2366 2206 2420 in
2240 2365 2627 2428 substratione,
2666 2378 2790 2416 mox
2816 2376 2938 2414 cum
2973 2360 3222 2414 ﬁdelibus
3249 2358 3428 2412 consi-
3507 2425 3512 2431 δ

1851 2466 1961 2514 stat
2008 2465 2222 2524 :atque
2273 2457 2343 2510 ita
2401 2456 2621 2510 demum
2679 2455 2746 2509 ad
2801 2451 2929 2508 boui
2991 2449 3427 2507 communionem

1849 2550 2191 2604 admittatur.

1919 2639 2148 2694 ARIST.
2181 2637 2316 2694 Can.
2352 2637 2440 2693 75.
2479 2637 2581 2703 Qui
2613 2650 2736 2691 cum
2785 2649 2975 2691 sorore
3027 2649 3094 2690 ex
3146 2644 3298 2704 patre
3346 2632 3430 2687 vel

1851 2743 2025 2790 matre
2056 2732 2462 2800 coinquinatur,
2497 2731 2712 2784 domum
2745 2729 3010 2784 orati0uis
3039 2741 3107 2783 ne
3156 2727 3428 2796 ingredia-

1852 2837 1958 2886 tur.
1985 2829 2155 2880 donec
2180 2824 2429 2879 desistat.
2467 2820 2657 2876 Postea
2687 2837 2809 2874 cum
2839 2821 3154 2889 resipuerit,
3189 2819 3428 2874 triennio

1853 2918 2066 2982 deﬂeat,
2131 2917 2367 2969 triennio
2411 2914 2618 2977 audiat,
2651 2913 2889 2967 triennio
2939 2913 3342 2976 substernatur,
3373 2918 3431 2968 et

1853 3026 1995 3064 anno
2026 3009 2236 3062 decimo
2273 3006 2568 3072 recipiatur
2597 3005 2715 3059 sine
2747 3003 3046 3068 oblatione,
3109 3013 3163 3057 et
3211 3003 3430 3059 biennio

1853 3103 1919 3156 ad
1959 3099 2264 3154 orationem
2292 3113 2416 3152 cum
2446 3096 2780 3160 consisterit,
2825 3094 3206 3150 communione
3236 3095 3430 3164 dignus

1854 3193 2142 3247 habeatur.

1925 3285 2022 3338 llic
2051 3297 2227 3338 canon
2251 3296 2360 3336 una
2390 3297 2512 3337 cum
2555 3283 2894 3351 sexagesimo
2948 3280 3178 3350 septimo
3221 3293 3430 3335 canone

1853 3375 2244 3444 interpretatus
2273 3381 2380 3428 est.

1922 3465 2152 3522 ARIST.
2185 3465 2319 3520 Can.
2356 3464 2442 3519 76.
2472 3463 2674 3518 Eadem
2703 3474 2757 3518 et
2788 3463 2856 3518 de
2883 3463 2950 3518 iis
2981 3462 3071 3533 qui
3108 3477 3278 3518 nurus
3306 3477 3430 3518 suas

1855 3560 2146 3629 accipiunt,
2181 3561 2564 3614 decernuntur.
2593 3555 2932 3619 Perspicuum

2378 3647 2606 3703 CANON
2641 3646 2897 3701 LXXVII.

1855 3744 1956 3811 Qui
1992 3742 2272 3797 mulierem
2301 3742 2517 3811 quidem
2559 3740 2661 3794 sibi
2704 3739 2942 3808 legitime
2984 3739 3290 3811 copulatam
3345 3738 3431 3792 di-

1926 3833 2113 3894 mittit,
2154 3843 2205 3884 et
2238 3831 2395 3882 aliam
2425 3829 2593 3892 ducit,
2629 3829 2922 3882 secundum
2965 3809 3176 3881 Domini
3215 3836 3433 3880 senten-

1934 3923 2088 3983 lium,
2119 3921 2368 3975 adulterii
2397 3919 2602 3987 judicio
2649 3917 2935 3984 subjicitur
2972 3935 2984 3972 :
3021 3929 3075 3972 et
3108 3932 3135 3970 a
3181 3916 3434 3971 Patribus

1929 4013 2130 4066 nostris
2176 4013 2438 4066 canonice
2494 4019 2757 4064 statutum
2805 4019 2887 4062 est
2916 4049 2930 4073 ,
2980 4018 3040 4062 ut
3090 4008 3126 4062 ii
3174 4023 3314 4060 anno
3338 4007 3434 4061 de-

1927 4104 2132 4167 ﬂeant,
2192 4101 2410 4155 biennio
2466 4101 2724 4160 audiant,
2788 4099 3023 4153 triennio
3079 4101 3432 4152 substcruan-

1926 4205 2016 4251 tur
2052 4213 2065 4250 :
2103 4195 2334 4262 septimo
2391 4209 2510 4247 cum
2569 4193 2816 4246 ﬁdelibus
2870 4193 3167 4245 consistant
3203 4205 3218 4244 :
3265 4199 3317 4244 et
3359 4191 3432 4243 ita

1927 4287 2203 4342 Oblulitttte
2228 4287 2371 4355 digni
2425 4284 2751 4350 babeautvr,
2788 4285 2829 4340 si
2865 4299 2986 4340 cum
3040 4284 3291 4354 lacr’ymis
3319 4297 3432 4352 poe-

1928 4379 2212 4435 nitentiam
2252 4377 2482 4448 egerint.

2371 4549 2600 4607 CANON
2637 4551 2922 4607 LXXVIII.

1838 4623 2060 4702 'Eadem
2107 4655 2284 4699 autem
2316 4643 2489 4697 forma
2531 4645 2868 4706 observetur,
2902 4650 2956 4694 et
2991 4656 3039 4694 .n
3095 4641 3157 4695 iis
3191 4640 3279 4706 qui
3304 4642 3433 4695 duas

1930 4754 2149 4795 sorores
2207 4741 2259 4792 in
2297 4739 2643 4793 matrimonio
2690 4737 3005 4803 accipiunt,
3051 4735 3152 4789 etsi
3209 4735 3435 4790 diversis

1930 4832 2282 4900 temporibus.

2387 4920 2620 4976 CANON
2677 4918 2914 4974 LXXIX.

1863 5014 1900 5069 li
1926 5026 2102 5070 autem
2127 5016 2215 5085 qui
2253 5015 2303 5068 itt
2335 5029 2463 5067 snas
2483 5027 2745 5066 novercas
2769 5009 3067 5074 insaniunt,
3105 5019 3227 5064 sunt
3259 5007 3434 5063 eidem

1934 5109 2127 5162 canoui
2168 5107 2409 5172 obnoxii,
2447 5107 2530 5161 cui
2561 5116 2614 5161 et
2652 5105 2685 5158 ii
2726 5105 2814 5174 qui
2853 5104 2904 5158 in
2935 5118 3061 5157 suas
3105 5117 3322 5157 sorores
3353 5101 3438 5154 in-

1933 5201 2173 5253 sattittttl.

1945 5288 2140 5343 BALS.
2178 5289 2308 5342 Eum
2338 5287 2428 5357 qui
2458 5287 2509 5340 in
2543 5301 2696 5340 suam
2723 5300 2787 5339 ex
2812 5284 2984 5338 altero
3014 5285 3435 5355 germine'soro-

1867 5397 1979 5436 rem
2013 5383 2093 5435 vel
2127 5396 2278 5433 suam
2313 5396 2504 5432 nurum
2547 5379 2778 5447 pollutus
2820 5387 2923 5440 est,
2958 5376 3240 5429 duodecim
3279 5375 3436 5429 annis

1867 5473 2196 5543 puniendum
2259 5473 2447 5526 statttit
2508 5485 2622 5524 satu
2643 5481 2726 5524 tus
2783 5470 2832 5521 in
2880 5483 3073 5529 canon.
3130 5467 3199 5521 75
3240 5476 3296 5520 et
3345 5465 3432 5519 76.

1869 5566 2022 5620 Nune
2048 5577 2228 5616 autem
2258 5562 2464 5616 scilicet
2492 5563 2542 5613 in
2570 5577 2690 5614 can.
2732 5559 2818 5620 77,
2852 5558 2920 5612 78
2963 5568 3015 5610 et
3040 5557 3105 5612 79
3149 5558 3321 5626 jubet,
3377 5567 3435 5611 ut

1867 5661 1955 5726 qtti
1987 5673 2114 5710 suas
2150 5664 2433 5710 censortes
2464 5655 2762 5715 dimittunt,
2817 5660 2867 5705 et
2932 5649 3064 5703 alias
3121 5652 3325 5704 ducunt
3378 5648 3432 5702 in

1867 5750 2294 5813 matrimonium,
2317 5747 2626 5817 quinetiam
2657 5745 2691 5798 ii
2711 5745 2800 5814 qui
2829 5743 2963 5798 duas
2984 5757 3198 5797 sorores
3235 5742 3286 5796 in
3319 5756 3434 5795 ma-

1871 5841 2186 5896 trimonium
2220 5839 2513 5910 accipiunt,
2555 5837 2760 5895 scilicet
2784 5844 2904 5906 post
2927 5835 3086 5889 unius
3105 5844 3353 5896 mortem,
3383 5842 3436 5887 rt
