4006 6460
269 376 380 439 809

1195 373 1268 431 ΙΝ
1318 371 1555 432 El’lST.
1602 374 1661 429 S.
1706 365 1992 428 BA'SILII
2027 366 2128 425 AD
2170 363 2594 427 DlODORUM.

3401 367 3504 430 810

341 485 538 537 ΒΑΛΣ.
569 483 629 535 Ol
672 482 1044 551 Ἐγκρατῖται,
1094 482 1166 543 ὡς
1200 482 1337 552 τάχα
1411 482 1687 551 μετιόντες
1750 482 1821 545 ἐγ-

2012 496 2207 552 BALS.
2249 499 2560 564 Encratine,
2596 500 2683 566 qui
2714 498 3099 553 continentiam
3145 497 3279 553 forte
3319 514 3504 567 perse-

268 575 546 642 κράτειαν,
580 572 961 624 ἐδδελύσσοντο
1003 573 1064 625 τὸ
1116 574 1517 642 σαρκοφαγεῖν,
1554 572 1646 624 καὶ
1673 571 1838 623 ἀκού-

264 682 418 728 οντες
449 665 523 733 μὴ
556 663 736 725 καλῶς
768 663 963 725 ποιεῖν,
995 664 1298 733 ἀντεπῆγον
1324 666 1435 726 τοῖς
1491 661 1795 733 ὀρθοδόξοις
1818 678 1831 693 ο

268 754 510 804 Ἐτικαὶ
549 752 708 820 ὑμεῖς
770 752 890 806 ἑνια
942 749 1050 805 τῶν
1111 749 1418 821 βρωμάτων
1458 747 1833 820 βδελύττεσθε,

260 844 344 896 διὸ
378 844 472 896 καὶ
499 842 775 912 ἀπέχεσθε
805 841 1006 896 αὐτῶν.
1052 841 1195 912 Πρὸς
1250 841 1408 895 τοῦτο
1457 837 1550 894 οὖν
1605 841 1633 892 ό
1679 838 1834 905 ἅγιος

259 933 413 1001 λέγει
441 935 522 986 ὅτι
551 934 611 985 οὐ
645 933 956 1003 Θαυμαστὸν
987 931 1040 984 εί
1083 949 1248 984 τινων
1305 931 1628 1002 ἀπειχόμεθα
1649 931 1684 1003 ἢ
1713 930 1833 1000 βδε-

258 1022 574 1092 λυσσόμεθα
605 1023 745 1077 αὐτά
773 1037 787 1053 ⁶
837 1022 921 1074 ὅτι
966 1019 1063 1074 καὶ
1107 1021 1177 1073 τὰ
1235 1019 1624 1090 περιττώματα
1675 1019 1834 1089 ἡμῶν

262 1113 688 1184 βδελυττόμεθα,
725 1115 902 1167 καίτοι
933 1114 997 1164 ἐκ
1031 1112 1132 1178 τῆς
1163 1111 1351 1174 οὐσίας
1399 1111 1528 1165 ὅντα
1563 1112 1664 1180 τῆς
1694 1113 1832 1181 ἠμε-

255 1206 426 1275 τὲρας
458 1206 678 1276 σαρκός.
723 1203 1124 1275 Περιττώματα
1158 1204 1216 1255 δέ
1269 1198 1380 1255 είσι
1430 1204 1499 1256 τά
1553 1202 1708 1272 οὖρα,
1766 1203 1832 1255 τά

256 1295 532 1360 σκύϐαλα,
569 1297 618 1349 οί
652 1296 840 1366 χυμοὶ,
873 1295 940 1348 τά
975 1295 1064 1347 διὰ
1114 1295 1382 1363 στόματος
1423 1294 1514 1346 καὶ
1546 1293 1708 1362 ῥινῶν
1743 1311 1832 1345 κε-

253 1385 492 1456 νούμενα
515 1385 678 1454 ὑγρὰ,
711 1387 805 1438 καὶ
831 1386 929 1438 ὅσα
952 1385 1197 1437 τοιαῦτα.
1242 1383 1329 1445 Ὠς
1353 1380 1447 1435 οῧν
1498 1383 1680 1433 ἐκεῖνα
1735 1384 1831 1433 ὲκ-

250 1475 587 1545 τρεπόμεθα,
621 1474 764 1527 οὔτω
797 1475 890 1527 καί
927 1491 1048 1526 τινα
1081 1473 1188 1525 τῶν
1223 1472 1530 1541 βρισιμᾶιτων
1553 1471 1633 1522 03‘
1664 1486 1833 1538 προσ-

256 1566 473 1636 ιέμεθα.
514 1566 695 1619 Πάντα
738 1566 839 1636 μὲν
878 1567 986 1636 γάρ
1041 1565 1249 1633 λάχανα
1307 1564 1500 1631 χόρτου
1571 1563 1641 1612 τὰ
1691 1561 1829 1627 κρέα

249 1659 382 1725 ἡμῖν
415 1657 741 1725 λογίζονται,
786 1657 927 1708 κατὰ
969 1656 1031 1707 τὸ
1093 1655 1366 1725 φάγεσθαι
1419 1653 1600 1707 πάντα
1640 1655 1714 1715 ὼς
1739 1653 1832 1704 λά-

1941 587 2264 657 quebantur,
2334 590 2478 642 vesci
2537 589 2790 642 carniims
2840 587 3224 649 abhorrebant,
3294 597 3503 643 etcum

1939 675 2018 730 eis
2062 675 2335 730 diceretur
2361 677 2414 730 id
2453 691 2559 730 non
2610 687 2754 730 recte
2789 692 2816 727 a
2869 693 2926 730 si:
2983 676 3120 739 fieri.
3165 679 3510 745 opponebant

1939 766 2298 823 orthodoxis:
2340 767 2447 821 Vos
2476 781 2689 837 quoque
2733 767 3021 821 nonnullos
3059 768 3209 823 cibos
3240 766 3500 822 abhorre-

1942 857 2030 922 tis,
2066 867 2118 913 et
2146 858 2266 913 ideo
2293 858 2360 912 ab
2389 857 2470 913 eis
2499 858 2804 912 abstinetis.
2833 858 2912 912 Ad
2942 858 3044 913 hoc
3085 857 3213 912 dicit
3242 866 3500 912 sanctus:

1937 948 2056 1003 Non
2100 959 2185 1004 est
2230 950 2424 1003 mirum
2479 949 2521 1003 si
2593 950 2658 1003 ab
2707 947 2975 1016 aliquibus
3012 949 3367 1013 abstinemus,
3419 946 3505 1003 vel

1936 1039 2121 1094 eadem
2158 1039 2570 1103 abominamur;
2630 1053 2750 1091 nam
2813 1048 2866 1090 et
2919 1047 3102 1092 nostra
3159 1046 3506 1093 excrementa

1936 1131 2314 1192 abhnrrcmus,
2347 1131 2450 1184 etsi
2479 1130 2589 1183 sint
2636 1144 2702 1182 ex
2761 1139 2963 1184 nostrae
3012 1128 3195 1184 carnis
3252 1129 3506 1184 substan-

1937 1221 2044 1274 tia:
2077 1229 2205 1273 sunt
2233 1230 2409 1275 autem
2435 1229 2811 1284 excrementa,
2867 1220 3062 1284 urinae,
3086 1229 3350 1286 stercora,
3401 1221 3503 1274 hu-

1935 1324 2114 1363 mores
2168 1311 2257 1378 qui
2302 1325 2397 1378 per
2436 1325 2496 1364 os
2549 1320 2603 1363 et
2665 1323 2827 1364 nares
2883 1310 3227 1374 emittuntur,
3260 1316 3314 1365 et
3352 1324 3500 1378 qum--

1935 1412 2151 1467 cunque
2204 1399 2494 1467 ejusmodi.
2539 1399 3002 1465 Quemadmodum
3047 1415 3178 1469 ergo
3230 1399 3317 1452 illa
3351 1413 3508 1454 aver-

1935 1501 2136 1550 sau-nr,
2175 1487 2248 1540 ita
2292 1489 2440 1543 cibos
2471 1503 2688 1558 quoque
2741 1489 2951 1558 aliquos
2976 1504 3082 1542 non
3142 1489 3506 1544 admittimus.

1935 1576 2125 1631 Omnia
2161 1579 2302 1632 enim
2366 1579 2512 1635 olera
2580 1596 2833 1635 carnesa
2898 1580 3052 1635 nobis
3101 1580 3505 1644 existimantur,

1932 1668 2075 1736 quod
2121 1671 2302 1723 omnia
2357 1672 2707 1725 comedamtts
2763 1683 2820 1725 ut
2889 1672 3058 1726 olera.
3124 1672 3505 1726 Discernentes

247 1764 391 1816 χανα
425 1749 623 1817 χόρτου
657 1764 670 1778 ·
698 1747 1080 1818 διακρίνοντες
1139 1747 1197 1799 δὲ
1247 1746 1342 1800 καὶ
1402 1744 1821 1821 χωρίζοντεςτὶ

1953 1769 2136 1824 intem,
2171 1771 2564 1830 etseparanles
2600 1763 2651 1816 id
2693 1764 2830 1831 quod
2864 1772 2950 1817 est
2994 1763 3240 1829 noxium,
3275 1778 3339 1817 eo
3363 1765 3506 1832 quod

247 1839 413 1905 βλαϐε
428 1839 520 1908 ρδν
553 1837 812 1908 χρώμεθα
850 1837 925 1907 τῷ
970 1837 1044 1906 μὴ
1077 1837 1388 1907 βλάπτοντι,
1425 1836 1522 1888 καὶ
1551 1834 1738 1907 ὥσπερ
1771 1834 1821 1888 ἐν

1953 1865 2040 1904 ιοιι
2084 1852 2221 1904 hedil
2271 1853 2519 1919 utimur;
2554 1864 2611 1909 et
2658 1856 3111 1923 quemadmodum
3170 1857 3223 1911 in
3268 1857 3507 1912 oleribus

243 1935 359 1992 τοῖς
393 1932 649 2000 λαχάνοις
679 1930 914 2001 λάχανόν
948 1931 1064 1982 ἐστι
1095 1930 1190 1982 καὶ
1243 1928 1306 1981 τὸ
1363 1929 1610 1989 κώνειον,
1647 1929 1740 1980 καὶ
1769 1925 1821 1980 ’ό

1953 1952 2013 1996 :st
2051 1944 2253 2005 cicuta,
2299 1953 2353 1999 et
2387 1947 2769 2016 hyoscyamus,
2806 1957 3007 2013 tamen,
3043 1950 3170 2018 quia
3223 1957 3350 2004 sunt
3404 1965 3503 2003 no-

248 2023 585 2092 ὑοσκύαμος,
615 2024 752 2075 ἀλλὰ
770 2023 1010 2093 βλαϐερὰ
1033 2022 1165 2074 ὅντα
1189 2021 1462 2090 φεύγομεν
1484 2021 1625 2074 αὑτά
1645 2036 1657 2050 ·
1684 2019 1821 2072 οὕτω

1953 2031 2040 2095 .ia,
2089 2049 2150 2087 ea
2184 2033 2458 2104 fugimus:
2496 2037 2566 2091 ita
2601 2049 2653 2091 et
2687 2040 2738 2090 in
2781 2039 3060 2103 carnibus,
3094 2054 3223 2094 caro
3267 2049 3351 2095 est
3380 2054 3507 2094 caro

243 2112 338 2163 καὶ
373 2114 431 2164 ἐν
461 2115 572 2174 τοῖς
606 2114 807 2183 κρέασι
837 2113 1008 2183 κρέας
1029 2113 1145 2165 ἐστὶ
1168 2110 1262 2162 καὶ
1290 2110 1348 2162 τὸ
1377 2110 1608 2174 γύπειον
1644 2110 1739 2161 καὶ
1770 2109 1821 2161 τὶ

1953 2124 2226 2192 νυιιυιίιιιι,
2257 2137 2311 2182 et
2338 2143 2463 2182 caro
2497 2131 2683 2183 canis:
2720 2133 2813 2184 sed
2873 2142 3056 2185 tamen
3103 2146 3263 2187 nemo
3316 2141 3506 2202 gusta-

243 2204 336 2256 τοῦ
356 2204 537 2268 κυνός·
558 2206 676 2260 ἀλλ’
691 2202 789 2258 οὐκ
805 2207 868 2259 ἄν
883 2220 965 2266 τις
985 2203 1238 2270 γεύσαιτο
1258 2200 1442 2266 κυνὸς,
1463 2201 1508 2253 εί
1525 2200 1601 2272 μὴ
1621 2199 1821 2270 σφόδρα

1953 2218 2087 2281 'erit,
2117 2216 2221 2271 nisi
2253 2218 2405 2274 valde
2440 2220 2665 2274 esuriat.
2693 2221 2791 2287 Qui
2824 2230 3008 2278 autem
3041 2237 3136 2291 per
3170 2221 3275 2276 vim
3323 2199 3509 2293 gusta-

241 2299 526 2370 Αιμώττει.
564 2300 622 2351 'U
671 2297 727 2349 δὲ
761 2296 1102 2366 γευσάμενος
1132 2294 1197 2345 ἐκ
1224 2292 1347 2362 βίας
1393 2292 1490 2345 οὐκ
1525 2293 1820 2365 ὴνόμησεν.

1953 2308 2031 2370 νίι,
2082 2324 2192 2363 ιιοιι
2221 2312 2330 2379 egit
2363 2309 2565 2379 inique.

241 2416 383 2469 ΤΟΥ
410 2416 645 2470 ΑΥΤΟΥ
691 2413 872 2468 ΠΡΟΣ
919 2408 1254 2467 ΔΙΟΔΩΡΟΝ
1299 2409 1701 2465 ΕΠΙΣΚΟΠΟΝ
2057 2424 2216 2478 ΠΕΡΙ
2266 2426 2404 2478 ΤΟΥ
2443 2426 2574 2479 ΔΥΟ
2616 2427 2925 2481 ΔΔΕΛΦΑΣ
2979 2429 3358 2484 ΑΓΟΜΕΝΟΥ
3400 2427 3505 2484 ΕΙΣ

432 2575 593 2646 139
630 2575 988 2636 EIUSDEM
1021 2570 2089 2665 Αιξηρξρηῡρβηυξιτᾼμξιξιίδιειι
2137 2591 2601 2664 EPISCOPUM,
2649 2594 2746 2653 n13
2788 2593 2892 2654 EO
2929 2592 3068 2665 QUI
3111 2595 3317 2657 DUAS

1122 2650 1489 2711 sononss
1535 2651 1617 2711 IN
1671 2650 2588 2731 MATRtlnonﬁmibUki't‘.

310 2755 512 2812 ΒΛΛΣ.
555 2755 666 2826 Τῆς
697 2753 988 2822 ἐπιστολῆς
1015 2751 1222 2821 ταύτης
1258 2750 1509 2822 ἐμνήσθη
1565 2753 1594 2804 ὁ
1665 2754 1820 2823 ἅγιος

2001 2764 2194 2823 BALS.
2235 2766 2401 2836 llujus
2431 2769 2673 2838 epistolae
2702 2773 2946 2827 meminit
2977 2782 3198 2829 sanctus
3224 2774 3274 2827 in
3306 2774 3376 2829 25
3408 2791 3504 2830 suo

238 2847 298 2901 ἐν
319 2846 401 2918 τῷ
427 2843 515 2913 κγ’
548 2844 736 2898 κανόνι
773 2842 968 2898 αὐτοῦ.
1008 2841 1316 2913 Ἀπεστάλη
1356 2840 1413 2895 δέ
1457 2843 1592 2910 πρὸς
1627 2846 1821 2899 Atriden-

1953 2871 2156 2913 :anone.
2205 2857 2364 2914 Missa
2414 2867 2498 2916 est
2543 2871 2722 2917 autem
2757 2865 2822 2917 ad
2863 2863 3149 2920 Diodorum
3181 2865 3502 2920 Tarsensem

244 2957 338 3010 ρον
380 2935 599 3009 Ταρσοῦ
624 2937 951 3002 ἐπίσκοπον,
985 2935 1066 3000 ὃς,
1126 2934 1430 3006 ἐρωτηθεὶς
1487 2937 1625 3004 πρός
1672 2954 1818 3000 τινος

1953 2946 2259 3016 ιρῑεοορυιιι,
2295 2949 2387 3018 qui
2438 2965 2467 3003 a
2515 2954 2749 3019 quodam
2799 2953 3181 3024 interrogatus,
3214 2969 3281 3009 an
3331 2971 3504 3011 uxore

237 3032 286 3080 εί
319 3024 544 3080 δύναιτο
570 3024 668 3094 τῆς
692 3023 954 3092 γυναικὸς
980 3021 1148 3075 αὐτοῦ
1180 3021 1448 3091 θανούσης
1476 3022 1576 3092 τὴν
1604 3023 1819 3094 ἐκείνης

1957 3051 2024 3091 ua
2054 3047 2263 3092 mortua
2298 3055 2537 3094 sororem
2573 3041 2711 3096 illius
2744 3043 2796 3097 in
2850 3042 3258 3099 matrimonium
3304 3046 3502 3102 ducere

242 3117 486 3188 ἀδελφὴν
505 3115 814 3184 ἀγαγέσθαι
843 3114 983 3184 πρὸς
1019 3113 1218 3182 γάμον,
1271 3112 1599 3184 ἀπεκρίνετο
1623 3116 1797 3186 ἐγγρά

1953 3139 2145 3194 ιοεεεις
2180 3130 2230 3184 in
2273 3131 2489 3201 scriptis
2541 3135 2848 3202 respondit,
2899 3149 3019 3189 eum
3053 3149 3159 3189 non
3201 3136 3500 3205 prohiberi.

238 3227 358 3278 φως
396 3210 472 3278 μὴ
493 3205 821 3260 κωλύεσθαι.
839 3203 948 3257 Τοῦ
972 3203 1029 3257 δέ
1066 3203 1306 3274 μεγάλου
1361 3203 1647 3258 Βασιλείου
1675 3207 1820 3260 ἀπαο

237 3299 573 3370 γορεύοντος
625 3298 718 3350 τὸν
746 3294 988 3349 τοιοῦτον
1008 3295 1207 3362 γάμον,
1233 3295 1267 3362 ἡ
1292 3292 1383 3345 τοῦ
1410 3294 1676 3363 Διοδώρου
1727 3296 1817 3365 ἔγ-

237 3408 454 3462 γραψος
483 3389 778 3460 ἀπόκρισις
804 3385 1136 3456 ἐνεφανίσθη
1170 3383 1344 3453 αὐτῷ,
1380 3384 1473 3438 τὸν
1527 3387 1820 3455 εἰρημένον

235 3481 621 3550 ἐπιτρέπουσα
654 3477 857 3547 γάμον.
901 3472 1070 3528 Ὅθεν
1094 3472 1418 3526 ἀπέστειλεν
1443 3472 1592 3541 αύτῷ
1624 3473 1817 3527 ταῦτα.

247 3572 510 3642 Ἀφίκιτο
546 3571 686 3641 πρὸς
747 3567 897 3638 ἡμᾶς
972 3566 1284 3636 γράμματα
1344 3565 1444 3633 τὴν
1496 3563 1820 3634 ὑπογραφὴν

312 3666 510 3735 ἔχοντα
543 3660 812 3730 Διοδώρου
842 3673 858 3690 ⁸
915 3657 982 3711 τὰ
1032 3656 1092 3709 δὲ
1159 3654 1360 3724 ἐφεξῆς
1430 3653 1591 3706 ἄλλου
1673 3653 1819 3717 τινὸς

309 3757 592 3829 πρέποντα
626 3749 768 3806 εἶναι
809 3750 842 3820 ἢ
879 3747 1168 3820 Διοδώρου.
1201 3748 1359 3798 Δοκεῖ
1406 3762 1496 3816 μοι
1553 3744 1661 3812 γάρ
1737 3761 1819 3806 τις

308 3847 422 3902 τῶν
449 3843 716 3915 τεχνικῶν
781 3840 842 3894 τὸ
885 3839 980 3893 σοῦ
1028 3838 1323 3908 πρόσωπον
1374 3835 1594 3901 ὑποδὺς,
1643 3833 1817 3896 οὕτως

307 3937 505 3993 ἐαυτὸν
537 3934 861 4001 ἀξιόπιστον
886 3930 1148 4001 ἐθελῆσαι
1180 3929 1408 3999 ποιῆσαι
1438 3929 1552 3990 τοῖς
1578 3928 1813 3998 ἀκροου-

317 4032 507 4101 μένοις
541 4044 555 4059 ⁸
584 4028 642 4090 ὃς
674 4041 738 4094 γε
761 4023 1058 4096 ἐρωτηθεὶς
1083 4022 1188 4074 ὑπό
1236 4039 1419 4084 τινων,
1479 4021 1531 4071 εί
1590 4018 1816 4089 θεμιτὸν

307 4122 478 4177 αὑτὸν
507 4119 645 4190 πρὸς
676 4118 857 4188 γάμον
887 4116 988 4184 τῆς
1012 4113 1348 4182 τελευτήσης
1373 4110 1521 4180 αύτῴ
1554 4109 1812 4179 γυναικὸς

308 4214 410 4283 τὴν
439 4212 677 4280 ἀδελφὴν
702 4206 1032 4276 ἀγαγέσθαι,
1063 4203 1165 4257 οὐκ
1193 4200 1381 4273 ἔφριξε
1409 4200 1510 4270 τὴν
1523 4199 1807 4271 ἐρώτησιν·

307 4305 448 4360 άλλά
479 4303 573 4355 καὶ
607 4300 799 4371 πράως
827 4297 1024 4366 ἡνεγκε
1059 4295 1158 4367 τὴν
1182 4293 1372 4364 ἀκοὴν,
1416 4293 1512 4346 καὶ
1565 4291 1627 4345 τὸ
1650 4289 1811 4344 ἀσελ-

311 4397 406 4466 γές
439 4393 772 4463 ἐπιθύμημα
800 4389 941 4445 πάνυ
972 4388 1234 4457 γενναίως
1287 4384 1437 4454 αὐτῷ
1471 4384 1565 4438 καὶ
1610 4384 1810 4451 ἀγωνι-

310 4487 519 4549 στικῶς
563 4482 1038 4552 συγκατέπραξεν.
1065 4481 1130 4532 El
1157 4479 1260 4550 μὲν
1293 4477 1387 4532 οὖν
1409 4477 1599 4548 παρῆν
1629 4492 1718 4546 μοι
1747 4478 1810 4532 τὸ
1841 4477 1886 4533 D

302 4579 566 4650 γράμμα,
613 4574 748 4626 αὐτο
800 4572 866 4627 ἂν
893 4570 1211 4631 ἀπέστειλα,
1249 4569 1342 4620 καὶ
1366 4565 1597 4639 ἐξῆρχες
1627 4567 1811 4637 σαυτῷ

307 4683 366 4720 τε
420 4665 630 4735 ἀμῦναι
664 4666 760 4717 καὶ
804 4665 873 4732 τῇ
903 4660 1153 4732 ἀληθείᾳ.
1174 4658 1329 4713 Ἐπεὶ
1363 4657 1422 4713 δέ
1445 4663 1474 4714 ό
1498 4661 1677 4725 δείξας
1703 4659 1812 4714 πάι

308 4761 391 4814 λιν
414 4757 691 4827 ἀφείλετο,
738 4755 832 4807 καὶ
857 4752 1049 4824 ὥσπερ
1074 4771 1126 4806 τι
1178 4753 1441 4824 τρόπαιον
1502 4752 1623 4806 καθ’
1653 4751 1812 4822 ἡμῶν

312 4852 636 4923 περιέφερε,
675 4847 1070 4900 κεκωλυκότων
1099 4846 1160 4900 τὸ
1205 4848 1266 4912 ἐξ
1295 4847 1490 4916 ἀρχῆς,
1532 4845 1810 4914 ἔγγραφον

305 4948 488 5013 λέγειν
519 4942 656 5013 ἔχων
683 4945 783 5011 τὴν
814 4939 1089 5006 ἐξουσίαν,
1153 4940 1454 4992 ἀπέστειλα
1521 4937 1617 4990 νῦν
1703 4954 1808 5002 σοι,

306 5038 452 5093 ὥστε
473 5036 638 5104 διπλῇ
661 5036 727 5103 τῇ
760 5033 906 5103 χειρὶ
937 5033 1080 5102 ημᾶς
1135 5031 1310 5084 ἐλθεῖν
1368 5031 1463 5082 ἐπὶ
1520 5029 1613 5081 τὸν
1657 5029 1810 5081 νόθον

307 5128 519 5182 ἐκεῖνον
535 5124 718 5191 λόγον,
731 5122 825 5175 καὶ
842 5119 1114 5192 μηδεμίαν
1131 5120 1278 5190 αύτῴ
1299 5121 1452 5189 ίσχὶιν
1469 5117 1805 5173 καταλιπεῖν·

305 5221 396 5272 ῖνα
423 5218 503 5288 μὴ
527 5216 628 5286 ἔχῃ
659 5214 916 5285 βλάπτειν
949 5213 1146 5284 ῥᾳδίως
1187 5212 1313 5274 τοὺς
1353 5212 1805 5280 ἐντυγχάνοντας.

304 5310 506 5364 ΒΔΛΣ.
543 5305 868 5376 Ἀνατρέψαι
907 5304 974 5356 τὰ
1010 5304 1162 5373 παρὰ
1191 5303 1284 5356 τοῦ
1305 5302 1569 5372 Διοδώρου
1597 5301 1807 5372 μέλλων

233 5408 262 5457 6
289 5402 467 5467 ἀγιος,
496 5397 760 5470 τεχνικῶς
791 5396 1004 5466 μέτεισι
1037 5398 1137 5463 τὴν
1162 5394 1500 5466 ἀνατροπὴν,
1550 5398 1642 5447 καὶ
1671 5411 1807 5464 προ-

236 5492 472 5559 καθιστᾷ
503 5491 594 5542 τὸν
615 5490 814 5540 οἰκεῖον
841 5487 1021 5553 λόγον,
1059 5486 1144 5538 ba
1200 5487 1273 5556 μὴ
1330 5486 1460 5554 δοκῇ
1521 5485 1806 5554 ἐντρέπειν

235 5585 419 5646 αὑτὸν,
435 5582 531 5635 καὶ
547 5578 721 5641 οὕτως
735 5579 1095 5632 ἐνστατικώτε
1105 5594 1196 5647 ρον
1218 5577 1378 5630 αὐτον
1397 5577 1802 5645 ἀπεργάσηται,

237 5676 327 5728 καί
352 5691 519 5744 φησιν
537 5672 707 5724 ἔτιτὸ
725 5670 964 5740 γράμμα
982 5673 1059 5731 εἰς
1077 5667 1247 5737 ὅνομα
1272 5668 1373 5737 μέν
1391 5669 1481 5720 σὺν
1498 5669 1803 5736 ἐπεγέγρα-

239 5783 356 5819 πτο·
388 5765 534 5818 δοκεῖ
565 5761 621 5814 δέ
656 5778 745 5830 μοι
771 5763 852 5814 ὅτι
884 5759 1039 5820 ἄλλος
1067 5761 1174 5810 τῶν
1204 5761 1270 5810 τά
1295 5757 1519 5811 τοιαῦτα
1551 5759 1803 5827 τεχνάζε-

529 5856 793 5912 Ι³Αἰιιυιη
824 5855 935 5908 tiu.
986 5852 1086 5910 CK
1103 5854 1150 5908 Χ
1166 5850 1378 5909 ΧῊΗ.

1923 3216 2056 3271 Cum
2082 3227 2260 3273 autem
2293 3235 2520 3290 magnus
2539 3222 2767 3276 Basilius
2796 3224 3062 3294 ejusmodi
3095 3226 3501 3280 matrimonium

1923 3308 2256 3377 prohiberet,
2293 3314 2510 3380 scriptis
2551 3315 2801 3369 mandata
2836 3315 3050 3371 Diodori
3104 3320 3391 3386 responsio
3421 3317 3502 3371 illi

1923 3408 2138 3455 ostensa
2177 3409 2281 3467 est,
2311 3417 2430 3472 quae
2470 3405 2783 3473 praedictum
2832 3407 3237 3464 matrimonium
3271 3409 3499 3478 permit-

1924 3489 2095 3546 lebat.
2134 3490 2284 3546 Unde
2313 3492 2385 3546 illi
2421 3494 2533 3548 haec
2561 3495 2730 3550 misit.

1925 3581 2199 3636 Venerunt
2234 3585 2296 3637 ad
2327 3599 2425 3639 nos
2456 3585 2658 3641 littera:
2713 3587 2926 3643 Diodori
2965 3589 3366 3660 inscriptionem
3392 3591 3492 3644 ha-

1991 3671 2183 3726 bentes
2218 3688 2233 3725 :
2269 3689 2389 3742 qua:
2422 3684 2602 3730 autem
2636 3676 2892 3747 deinceps
2920 3689 3239 3748 sequuntur,
3272 3694 3332 3733 ea
3363 3679 3497 3737 aliul

1991 3765 2169 3833 potius
2201 3781 2361 3835 quam
2390 3765 2607 3822 Diodori
2637 3783 2758 3825 esse
2784 3772 3054 3825 convenit.
3092 3771 3318 3827 Videtur
3346 3773 3495 3827 enim

1991 3853 2143 3908 vafer
2173 3854 2440 3926 quispiam
2476 3866 2617 3912 tuam
2649 3873 2938 3929 personam
2967 3861 3221 3928 subiisse,
3242 3871 3302 3917 ut
3333 3877 3390 3917 se
3414 3864 3496 3919 sic

1992 3945 2328 4003 auditoribus
2369 3948 2473 4004 fide
2506 3950 2726 4021 dignum
2756 3951 3022 4018 ediceret;
3069 3953 3161 4022 qui
3207 3954 3273 4008 ab
3300 3954 3495 4025 aliquid

1991 4037 2093 4090 bus
2129 4037 2513 4108 interrogatus,
2538 4057 2604 4093 an
2633 4041 2713 4096 fas
2735 4045 2804 4097 sit
2834 4043 3132 4098 demortuae
3159 4044 3279 4114 ejus
3310 4046 3496 4102 uxoris

1988 4140 2229 4183 sororem
2263 4132 2316 4183 in
2346 4132 2751 4187 matrimonium
2776 4135 2991 4203 ducere,
3013 4137 3490 4207 interrogationem

1991 4229 2094 4270 non
2128 4216 2409 4273 abhorruit
2443 4235 2455 4269 :
2494 4220 2590 4274 sed
2621 4221 2953 4277 auditionem
2997 4239 3152 4294 aequo
3193 4227 3374 4283 animo
3408 4237 3493 4281 tu-

1986 4305 2070 4369 lit,
2093 4315 2147 4361 et
2177 4307 2244 4362 ad
2281 4306 2511 4364 salacem
2544 4311 2662 4380 ejus
2690 4311 3037 4381 cupiditatem
3069 4313 3222 4369 valde
3247 4315 3320 4369 illi
3353 4324 3495 4369 stre.

1987 4415 2092 4455 uue
2115 4408 2418 4472 magnaque
2449 4405 2795 4460 contentione
2830 4405 3085 4460 auxilium
3119 4406 3260 4460 tulit.
3289 4406 3344 4459 Si
3371 4407 3492 4477 ipse

1987 4490 2170 4559 itaque
2193 4489 2397 4545 litteras
2429 4491 2704 4558 haberem,
2726 4507 2819 4546 eas
2849 4492 2916 4546 ad
2946 4502 2996 4547 te
3025 4495 3316 4561 misissem,
3349 4495 3493 4564 ἱροε-

1988 4597 2095 4651 que
2135 4585 2200 4635 ad
2237 4591 2287 4636 te
2316 4591 2371 4637 et
2412 4581 2693 4636 veritatem
2740 4582 3130 4640 defendendam
3165 4586 3491 4644 sull'ccisses.

1988 4673 2122 4740 Quia
2153 4683 2332 4726 autem
2363 4673 2408 4726 is
2433 4674 2522 4742 qui
2552 4674 2792 4729 ostendit
2819 4688 3007 4730 rursus
3035 4676 3277 4746 abstulit,
3310 4687 3365 4732 et
3394 4680 3490 4733 ad-

1985 4774 2176 4814 versus
2215 4774 2333 4824 nos,
2365 4759 2456 4827 qui
2507 4758 2574 4812 ab
2614 4759 2766 4815 initio
2818 4761 3288 4830 prohibueramus,
3329 4765 3489 4818 veluti

1985 4852 2280 4921 trophaenm
2312 4851 2659 4917 circumtulit,
2694 4852 2919 4909 dicendo
2943 4868 3000 4909 se
3025 4856 3245 4924 scriptis
3271 4855 3491 4909 manda-

1988 4956 2094 4998 tam
2143 4944 2344 4997 habere
2395 4952 2712 5010 potestatem
2753 4957 2768 4998 :
2815 4960 2957 5000 nunc
2991 4945 3056 5000 ad
3089 4954 3138 5000 te
3174 4947 3398 5016 scripti,
3431 4958 3490 5002 nt

1985 5047 2143 5090 manu
2171 5034 2368 5104 duplici
2399 5035 2465 5088 ad
2506 5035 2650 5089 illam
2681 5035 3038 5091 adulterinam
3064 5037 3362 5094 orationem
3391 5054 3484 5095 ve-

1985 5127 2218 5190 niamus,
2251 5133 2304 5178 et
2339 5124 2513 5178 nullas
2542 5126 2588 5179 ei
2616 5125 2755 5180 vires
2791 5125 3187 5195 relinquamus;
3221 5142 3291 5184 ne
3317 5129 3492 5199 possit

1982 5231 2075 5269 eos
2112 5215 2266 5267 facile
2300 5214 2513 5280 laedere,
2553 5216 2606 5270 in
2644 5231 2780 5284 quos
2811 5216 3022 5272 incidit.

1981 5305 2175 5362 BALS.
2212 5305 2342 5372 Qua:
2382 5321 2412 5358 a
2445 5305 2680 5362 Diodoro
2711 5310 2912 5377 scripta
2947 5318 3075 5365 sunt
3108 5310 3483 5367 confutaturus

1908 5409 2150 5463 sanctus,
2212 5397 2632 5454 confutationem
2695 5400 2987 5456 artificiose
3039 5403 3368 5474 aggreditur,
3425 5411 3479 5458 et

1907 5491 2026 5560 ejus
2064 5490 2263 5544 dictum
2308 5490 2378 5542 ita
2415 5492 2699 5560 proponit,
2739 5501 2797 5546 ut
2844 5507 2977 5548 non'
3007 5495 3252 5550 videatur
3307 5496 3482 5564 ipsum

1907 5581 2112 5653 pudore
2145 5579 2476 5646 suil‘undere,
2494 5591 2548 5635 et
2577 5581 2650 5634 ita
2672 5597 2793 5636 eum
2819 5585 2887 5638 ad
2918 5583 3270 5640 insistendum
3303 5586 3481 5639 aerio-

1909 5687 2020 5726 rem
2053 5671 2268 5732 eﬂieiat.
2287 5679 2342 5725 et
2365 5670 2504 5726 dicet
2531 5669 2779 5728 :Litterte
2798 5673 3013 5745 quidem
3037 5675 3136 5730 sub
3161 5685 3247 5728 tuo
3264 5675 3481 5730 nomine

1905 5767 2120 5833 scripta:
2151 5763 2361 5821 fuerant
2393 5777 2408 5818 :
2438 5764 2568 5822 mihi
2601 5774 2780 5822 autem
2814 5767 3024 5823 videtur
3047 5767 3241 5833 aliquis
3269 5777 3477 5833 eorum,

3089 5856 3164 5918 26
