4006 6454
479 347 575 419 8U

1731 330 2010 392 TIIEOD.
2047 329 2138 389 BA
2150 325 2447 390 LSAMON

3654 315 3768 383 8I2

476 463 568 536 qui
601 459 669 516 ad
706 459 820 514 hmc
869 450 1228 511 machinanda
1254 457 1307 505 et
1337 446 1847 536 excogitandaiapti
1883 454 2052 507 sunt,

2168 441 2285 496 σθαι
2307 443 2401 494 καὶ
2461 421 2809 510 μηχανᾶσθαι
2839 434 3196 504 ἐπιτηδείων,
3221 434 3401 488 θέλων
3435 430 3766 499 ἀξιόπιστον

479 535 921 610 volens‘ellicere,
958 554 1016 600 ut
1045 545 1187 613 quod
1221 557 1250 596 a
1277 556 1337 596 se
1363 539 1665 595 disceretur
1697 535 1800 590 ilde
1831 536 2052 604 dignum

476 654 639 708 esset,
662 639 855 697 litteris
874 649 1020 692 tuum
1043 649 1236 690 nomen
1252 631 1657 699 subscripsisse.
1687 626 1789 693 Qui
1820 627 2056 681 interro-

481 743 657 805 gatus,
684 747 751 784 an
782 730 861 783 fas
889 735 1055 791 esset,
1084 740 1175 780 seu
1208 722 1506 792 legitimum
1540 729 1633 773 aut
1661 717 1866 797 justum
1898 730 2056 770 soro-

483 839 594 878 rem
623 821 807 876 uxoris
850 834 962 873 sua:
999 823 1226 870 mortua:
1271 811 1326 866 in
1381 809 1787 863 matrimonium
1824 806 2057 869 ducere;

483 913 554 978 ei,
591 913 680 981 qui
727 905 1075 974 interrogavit
1099 943 1112 969 ,
1143 903 1197 955 in
1234 901 1397 968 impia
1432 897 1853 966 interrogatione
1906 895 2061 948 auxi-

480 1003 611 1055 lium
645 1001 786 1061 tulit,
820 997 870 1050 id
903 1004 1005 1059 est,
1044 993 1517 1061 intemperantiam
1549 1000 1602 1043 et
1633 989 1910 1044 libidinem
1945 1001 2060 1057 per-

482 1089 742 1143 mittendo
765 1126 781 1152 ,
818 1087 930 1154 ipse
961 1099 1172 1153 quoque
1204 1082 1417 1136 videtur
1451 1079 1619 1134 fuisse
1671 1079 1898 1133 actionis
1937 1091 2058 1147 paro

483 1182 672 1247 ticeps.
711 1177 768 1232 Si
799 1178 1000 1246 itaque,
1033 1175 1226 1244 inquit,
1257 1173 1463 1227 litteras
1491 1171 1839 1236 habuissem,
1870 1186 1962 1227 eas
1992 1171 2059 1224 ad

483 1280 534 1327 te
583 1271 873 1335 misissem,
909 1282 1068 1338 teque
1117 1277 1171 1322 et
1217 1267 1496 1321 veritatem
1549 1263 1910 1330 defendisses,
1959 1277 2052 1317 seu

483 1365 580 1417 tibi
617 1363 876 1417 auxilium
931 1363 1170 1424 tulisses,
1202 1369 1259 1413 ut
1306 1357 1441 1413 I'aIso
1485 1365 1800 1422 accusatus,
1853 1355 2058 1409 nefaria

484 1457 663 1511 dicere
691 1466 744 1510 et
773 1455 1032 1516 scribere,
1062 1453 1203 1522 quod
1240 1461 1291 1506 te
1321 1461 1375 1506 et
1420 1451 1704 1505 veritatem
1738 1448 1930 1518 tangit.
1962 1448 2066 1503 Ve-

484 1549 695 1602 ritatem
733 1546 991 1616 quidem,
1022 1559 1143 1600 cum
1175 1543 1367 1599 falsum
1416 1541 1489 1596 illi
1533 1541 1811 1610 praelatum
1848 1540 2010 1596 fuerit
2045 1559 2058 1595 :

486 1650 537 1692 te
571 1647 773 1702 autem,
811 1646 867 1690 ut
910 1637 1000 1706 qui
1037 1650 1124 1699 ea,
1174 1650 1293 1705 qua:
1347 1649 1451 1688 non
1503 1635 1678 1700 decet,
1727 1633 2060 1702 permiseris.

483 1731 616 1797 Quia
643 1741 820 1785 autem
853 1729 920 1794 is,
954 1729 1042 1799 qui
1071 1729 1327 1791 ostendit,
1363 1741 1555 1782 rursus
1583 1725 1826 1789 abstulit,
1855 1736 1908 1779 et
1942 1733 2061 1778 tau-

2159 536 2382 604 ποιῆσαι
2401 533 2509 602 gem
2552 534 2751 584 οἰκεῖον
2794 531 2973 600 λόγον,
3009 529 3293 598 ἐπέγραψε
3335 527 3417 594 τῷ
3463 525 3763 596 γράμματι

2157 628 2218 680 τὸ
2248 626 2338 678 σὺν
2360 624 2552 693 ὄνομα.
2583 625 2796 688 Ὅστις,
2831 622 3132 693 ἐρωτηθεὶς
3179 623 3228 673 εἰ
3257 620 3518 689 θέμιτον,
3541 619 3684 688 ἦγον
3717 617 3765 666 εἰ

2159 719 2393 787 νόμιμον
2427 718 2458 787 ἦ
2487 718 2698 769 δίκαιόν
2729 716 2848 768 ἐστι
2877 716 2975 784 τὴν
3001 713 3243 782 ἀδελφὴν
3282 714 3384 781 τῆς
3416 710 3767 777 τελευτησάο

2163 826 2265 881 σης
2303 809 2440 872 ίδέας
2463 811 2725 876 γυναικὸς
2767 809 3079 877 ἀγαγέσθαι
3126 807 3268 875 πρὸς
3309 807 3521 875 γάμον.
3553 804 3618 856 τὸ
3640 806 3771 856 ἀσε-

2161 899 2260 963 ϐὲς
2303 899 2569 969 ἐρώτημα
2592 899 2669 968 τῷ
2706 901 3049 970 ἐρωτήσαντι
3105 895 3600 966 συγκατέπραξεν,
3643 894 3771 947 ἀντὶ

2159 991 2279 1058 τοῦ,
2316 993 2406 1046 διὰ
2443 993 2503 1044 τδ
2547 992 2843 1062 ἐπιτρέψαι
2877 991 2977 1062 τὴν
3031 991 3354 1057 ἀσέλγειαν,
3389 991 3653 1048 κάκεῖνος
3686 987 3773 1037 δο-

2164 1087 2252 1138 κεῖ
2291 1084 2624 1152 κοινωνῆσαι
2655 1085 2751 1153 τῆς
2783 1083 3060 1153 πράξεως.
3104 1082 3170 1136 ΕΞ
3259 1082 3362 1151 μὲν
3434 1077 3536 1134 οἷν
3595 1076 3770 1150 εἶχον,

2163 1177 2322 1246 φησὶ,
2352 1175 2412 1226 τὸ
2443 1176 2702 1244 γράμμα,
2739 1173 2968 1242 ἔπεμψα
2993 1174 3058 1227 ἄν
3094 1191 3178 1225 σοι
3211 1173 3370 1239 αὐτὸ,
3409 1174 3500 1225 κα.λ
3547 1173 3773 1241 ἤμυνας

2165 1264 2232 1320 ἂν
2267 1264 2445 1334 ἑαυτῷ
2477 1267 2574 1318 καὶ
2612 1267 2677 1334 τῇ
2704 1264 2958 1335 ἀληθείᾳ,
2993 1265 3116 1334 ἦτοι
3166 1263 3485 1333 ἐϐοήθησας
3551 1265 3642 1326 ἂν,
3696 1261 3776 1323 ὡς

2165 1357 2380 1426 ψευδῶς
2398 1358 2538 1426 τάχα
2557 1357 2966 1426 κατηγορηθεὶς
3010 1359 3189 1409 εἰπεῖν
3231 1356 3329 1409 καὶ
3383 1355 3606 1424 γράψαι
3639 1356 3776 1407 ἀθέ-

2172 1467 2325 1518 μιτα,
2367 1451 2505 1520 ὅπερ
2539 1451 2630 1502 καὶ
2654 1449 2746 1501 σου
2785 1448 3127 1501 καθάπτεται
3161 1450 3256 1500 καὶ
3305 1448 3406 1515 τῆς
3453 1448 3731 1516 ἀληθείας
3758 1462 3773 1476 ⁸

2169 1541 2267 1610 τῆς
2301 1541 2403 1610 μὲν
2431 1541 2715 1611 ἀληθείας,
2746 1541 2822 1603 ὡς
2842 1539 2937 1592 τοῦ
2966 1539 3200 1607 ψεύδους
3232 1539 3456 1610 ἐκείνης
3491 1557 3780 1611 προτιμη-

2171 1631 2382 1695 θέντος,
2417 1631 2511 1684 σοῦ
2543 1633 2625 1696 δὲ,
2679 1633 2752 1693 ὡς
2815 1631 3219 1700 ὲπιτρὲξαντσς
3307 1629 3344 1684 ἃ
3411 1631 3490 1701 μὴ
3573 1633 3775 1702 ἐχρῆν.

2181 1723 2405 1793 Ἐπειδὴ
2431 1724 2490 1776 δὲ
2523 1723 2748 1786 ὁδεῐξας
2773 1725 2933 1776 πάλιν
2962 1725 3242 1791 ἀφείλετο,
3292 1725 3390 1777 καὶ
3445 1725 3644 1794 ὥσπερ
3718 1728 3776 1777 δὲ

483 1839 645 1891 quam
681 1823 896 1892 aliquod
930 1821 1228 1891 trophaeth
1259 1820 1518 1875 adversus
1564 1834 1664 1875 nos
1709 1818 2056 1873 circumtulit.

2168 1818 2433 1886 τρόπαιον
2472 1815 2594 1869 καθ’
2626 1815 2783 1884 ἡμῶν
2810 1817 3132 1884 περιέφερε.
3184 1817 3467 1885 Τρόπαιον
3522 1817 3583 1870 δέ
3651 1823 3775 1870 ἐστι

484 1911 578 1966 Est
615 1921 790 1966 autem
815 1913 1112 1978 trophzeum
1150 1912 1366 1981 signum
1397 1911 1632 1980 aliquod,
1660 1911 1800 1980 quod
1833 1911 1884 1964 in
1916 1911 2057 1966 bello

483 2001 722 2056 vincenti
752 2000 934 2066 datur,
972 2012 1028 2056 ut
1059 2017 1122 2056 ex
1157 2017 1220 2056 eo
1263 2003 1332 2057 sit
1365 2003 1708 2057 manilestum
1732 2042 1747 2069 ,
1783 2018 1902 2072 qua:
1937 2019 2063 2072 pars

487 2093 800 2147 adversario
830 2091 1040 2146 vicerit.
1074 2093 1227 2146 Unde
1255 2109 1284 2146 τι
1319 2093 1488 2147 versis
1518 2095 1789 2158 hostibus,
1815 2097 1944 2150 dum
1969 2096 2064 2149 ad-

489 2186 755 2240 versariis-
780 2195 926 2255 terga
955 2184 1086 2239 dant
1129 2199 1222 2240 seu
1272 2195 1510 2250 vertunt,
1554 2187 1850 2256 tropbteum
1886 2190 2062 2242 norni-

489 2288 672 2330 natum
699 2287 782 2330 est
812 2275 864 2347 (a
898 2275 1061 2330 verbo
1089 2275 1278 2336 Graeco
1304 2278 1512 2346 τρέπω,
1541 2279 1682 2346 quod
1713 2288 1866 2333 verto
1895 2280 2064 2348 signi-

488 2368 659 2436 tlcat.)
691 2367 826 2434 Quia
877 2381 1009 2436 ergo
1051 2384 1155 2423 non
1206 2369 1377 2422 habeo
1426 2369 1659 2435 litteras,
1696 2384 1840 2424 nunc
1892 2371 1957 2422 ad
2009 2381 2061 2424 te

491 2459 706 2528 scripsi,
739 2469 798 2514 ut
827 2460 1224 2528 adgrediamur,
1259 2471 1318 2514 ut
1347 2461 1544 2529 duplici
1569 2476 1752 2525 manu,
1791 2472 1878 2517 tua
1913 2463 2064 2517 scili-

488 2561 572 2606 cet
596 2559 649 2605 et
673 2565 812 2616 mea,
832 2548 1227 2606 contendamus
1249 2549 1508 2604 adversus
1531 2551 1892 2605 adulterinam
1915 2553 2059 2605 illam

492 2640 792 2698 oratione'nt
821 2641 1053 2697 alienam
1084 2650 1140 2697 et
1164 2641 1473 2708 conﬁctam,
1505 2651 1560 2696 et
1589 2642 1731 2698 vires
1760 2643 1808 2697 ei
1837 2660 1939 2698 non
1983 2662 2063 2697 re-

490 2732 832 2801 linquamus;
866 2741 925 2788 ut
974 2747 1081 2788 non
1129 2733 1290 2788 facile
1331 2749 1422 2790 eos
1458 2735 1635 2803 laedat,
1666 2735 1756 2806 qui
1806 2737 1858 2790 in
1915 2737 2059 2790 illam

494 2827 732 2882 incidunt
749 2839 799 2880 et
824 2829 1022 2897 legunt.

885 2963 1039 3037 140
1067 2963 1294 3019 CANON
1344 2963 1675 3021 LXXXVIII.

695 3059 934 3112 Primum
985 3060 1205 3126 itaque,
1255 3057 1398 3128 quod
1474 3059 1528 3111 in
1579 3058 1847 3125 ejusmodi
1906 3057 2066 3111 rebus

2170 1909 2401 1978 σημεῖόν
2419 1925 2474 1961 τι
2512 1907 2591 1978 τῷ
2631 1911 2923 1978 νικήσαντι
2954 1911 3012 1961 ἐν
3060 1908 3286 1978 πολέμῳ
3327 1909 3639 1978 διδόμενον,
3707 1914 3776 1964 ἵν’

2170 2004 2256 2072 εἴη
2281 2002 2417 2073 δήλη
2448 2005 2512 2055 ἐκ
2524 2004 2717 2056 τούτου
2744 2006 2777 2073 ὴ
2797 2003 3046 2072 τρέψασα
3067 2006 3234 2073 μοῖρα
3265 2008 3395 2068 τοὺς
3419 2007 3727 2076 πολεμίους
3756 2025 3773 2042 ·

2170 2096 2296 2150 ὅθεν
2317 2097 2607 2166 ὼνόμασαι
2636 2098 2925 2166 τρόπαιον,
2956 2101 3021 2150 ἐκ
3059 2098 3154 2152 τοῦ
3213 2102 3427 2171 τροπὴν
3460 2102 3574 2154 τῶν
3613 2108 3775 2156 πολε-

2174 2188 2316 2262 μῑων
2333 2188 2620 2256 γενέσθαι,
2649 2189 2973 2259 τρεψάντων
2997 2191 3068 2243 τὰ
3120 2191 3267 2247 νῶτα
3314 2196 3431 2253 τοῖς
3472 2198 3769 2260 ἐναντίοις.

2185 2277 2341 2331 Ἐπεὶ
2370 2275 2466 2330 οὖν
2489 2280 2728 2350 γράμμα
2745 2280 2844 2332 οὐκ
2870 2280 3001 2350 ιχω,
3044 2281 3346 2338 ἐπέστειλα
3371 2284 3472 2339 νῦν
3528 2303 3642 2348 σοι,
3683 2290 3771 2344 ἵνα

2171 2372 2518 2442 ἐπέλθωμεν,
2553 2374 2641 2424 ἵνα
2671 2373 3184 2444 ἀνταγωνισῶμεθα
3244 2377 3415 2449 διπλῇ
3483 2383 3552 2451 τῇ
3595 2386 3770 2451 χειρὶ,

2172 2468 2241 2534 τῇ
2267 2467 2377 2535 ἐμῇ
2403 2465 2610 2534 δηλαδὴ
2665 2465 2762 2518 καὶ
2793 2469 2860 2536 τῇ
2895 2469 2987 2538 σῇ,
3055 2468 3198 2521 κατὰ
3225 2469 3322 2522 τοῦ
3355 2471 3515 2525 νόθου
3548 2477 3769 2530 ἐκείνου

2171 2557 2333 2624 λόγου
2370 2557 2462 2608 τοῦ
2493 2557 2644 2623 ξένου
2677 2559 2773 2612 καὶ
2809 2558 2908 2613 τοῦ
2942 2560 3357 2647 πεπλασμένου,
3411 2568 3510 2619 καὶ
3540 2568 3619 2638 μὴ
3669 2571 3770 2625 ἐά-

2175 2667 2359 2720 σωμεν
2393 2651 2547 2719 αὑτῷ
2578 2651 2829 2718 δύναμιν,
2868 2654 2956 2706 ἵνα
2983 2655 3056 2723 μὴ
3082 2655 3321 2718 εὐκόλως
3378 2659 3600 2734 βλάπτῃ
3637 2668 3773 2731 τοὺς

2174 2741 2604 2809 ἐντυγχάνοντας
2633 2741 2780 2811 αὐτῷ
2812 2742 2907 2794 καὶ
2948 2744 3450 2810 ἀναγινώσκοντας.

2762 2968 3000 3023 ΚΑΝΩΝ
3035 2971 3168 3022 IlIl'.

2324 3055 2546 3125 Πρῶτον
2589 3057 2686 3125 μὲν
2720 3052 2833 3120 οὖν,
2871 3058 2898 3109 ὃ
2936 3057 3190 3126 μέγιστον
3216 3057 3309 3109 ἐπὶ
3338 3057 3450 3108 τῶν
3486 3057 3756 3111 τοιούτων

515 3149 808 3204 maximum
858 3155 978 3210 est,
1025 3162 1230 3200 morem
1285 3155 1531 3200 nostrum
1587 3147 1825 3214 objicere
1871 3161 2063 3214 possu-

2168 3146 2301 3207 ἐστι,
2325 3146 2385 3196 τὸ
2410 3147 2535 3214 παρ’
2563 3148 2690 3215 ἡμῖν
2725 3146 2863 3208 ἔθος,
2894 3147 2920 3198 ὃ
2965 3147 3159 3214 ἔχομεν
3209 3146 3556 3216 προϐάλλειν,
3585 3149 3760 3218 νόμου

513 3256 669 3302 mus,
724 3247 783 3292 ut
817 3239 925 3290 vim
973 3238 1106 3306 legis
1153 3237 1439 3290 habentem
1468 3274 1482 3299 ,
1524 3251 1588 3288 eo
1635 3234 1776 3304 quod
1843 3235 1999 3288 nobis
2038 3249 2065 3285 a

512 3333 642 3384 viris
681 3329 884 3384 sanctis
923 3327 1132 3381 traditre
1174 3328 1284 3380 sint
1318 3328 1535 3396 regula).
1589 3325 1704 3379 Mos
1742 3332 1920 3379 autem
1978 3326 2068 3377 ille

511 3429 593 3476 est
651 3419 944 3488 ejusmodi,
989 3426 1044 3470 ut
1103 3417 1146 3471 si
1209 3419 1332 3486 quis
1389 3417 1718 3485 impuritatis
1777 3416 1912 3469 vitio
1965 3417 2066 3468 ali-

512 3511 726 3581 quando
779 3511 951 3564 victus
984 3509 1035 3561 in
1084 3509 1322 3561 illicitam
1381 3507 1610 3559 duarum
1637 3521 1887 3560 sororum
1936 3520 2068 3558 con-

510 3602 838 3669 iunctionem
871 3598 1145 3664 inciderit,
1209 3613 1384 3666 neque
1435 3598 1488 3650 id
1520 3597 1923 3650 matrimonium
1959 3596 2070 3649 exi-

513 3693 760 3745 stimetur
793 3730 807 3754 ,
852 3705 1027 3758 neque
1076 3690 1297 3744 omnino
1348 3690 1402 3742 in
1445 3688 1700 3741 Ecclesia:
1745 3698 1940 3751 coetum
1975 3687 2066 3739 ad-

513 3779 799 3831 tnittantur
827 3819 841 3841 ,
898 3777 1213 3846 priusquam
1263 3789 1292 3827 a
1329 3791 1390 3829 se
1437 3775 1666 3829 invicem
1721 3758 2063 3828 dirimantur.

515 3869 694 3932 Quare
725 3867 938 3922 etiamsi
990 3867 1128 3920 nihil
1172 3866 1315 3919 aliud
1356 3865 1461 3918 dici
1495 3874 1712 3934 posset,
1763 3866 1895 3920 satis
1928 3872 2069 3918 esset

515 3961 633 4029 ipsa
708 3959 1044 4013 consuetudo
1101 3957 1167 4010 ad
1208 3958 1332 4011 boni
1385 3956 1714 4011 custodiam.
1771 3955 1874 4008 Sed
1944 3955 2068 4022 quia

515 4051 606 4121 qui
637 4050 776 4102 hanc
815 4048 1034 4118 scripsit
1074 4048 1378 4116 epistolam,
1413 4045 1716 4099 adulterino
1753 4053 2068 4113 argumento

515 4140 714 4193 malum
787 4147 990 4190 tantum
1033 4146 1259 4191 conatus
1315 4146 1396 4191 est
1457 4137 1510 4190 in
1563 4151 1741 4190 mores
1790 4136 2066 4188 hominum

517 4231 792 4293 inducere,
857 4244 1074 4284 necesse
1125 4236 1244 4288 est,
1305 4237 1362 4281 ut
1428 4242 1526 4280 nec
1595 4226 2068 4278 ratiocinationum

518 4319 816 4374 subsidium
851 4319 1184 4380 omittamus,
1226 4331 1534 4385 quanquam
1566 4354 1580 4379 ,
1612 4315 1666 4368 in
1723 4315 1885 4368 rebus
1918 4316 2069 4369 valde

518 4409 846 4478 conspicuis,
885 4407 1351 4475 argumentatione
1385 4405 1558 4474 potior
1585 4413 1667 4458 est
1711 4405 2062 4472 uniuscujus-

518 4519 620 4572 que
646 4502 922 4570 praenotio.

701 4591 973 4659 Scriptum
1021 4597 1121 4648 est,
1185 4587 1379 4655 inquit,
1433 4588 1486 4639 in
1516 4585 1754 4640 Levitico
1787 4605 1798 4639 :
1837 4584 2064 4640 Uxorem
2095 4589 2133 4640 D

517 4698 667 4748 super
707 4696 884 4732 sorore
943 4679 1054 4745 ejus
1104 4693 1208 4729 non
1258 4678 1475 4745 accipies
1522 4675 1764 4728 aemulam
1796 4716 1809 4738 ,
1857 4676 1923 4728 ad
1980 4694 2063 4730 re-

518 4771 786 4825 velandam
848 4767 1218 4836 turpitudinem
1275 4767 1385 4835 ejus
1461 4781 1613 4833 super
1671 4782 1784 4818 eam
1818 4806 1830 4830 ,
1899 4767 2066 4820 adhuc

521 4864 709 4915 vivente
758 4877 816 4912 ca
870 4859 907 4909 ¹.
971 4857 1097 4911 Inde
1141 4858 1306 4926 igitur
1375 4855 1721 4910 manifestum
1765 4870 1883 4910 esse
1937 4856 2067 4909 dicit

522 4958 746 5005 mortuae
780 4963 1020 5004 sororem
1062 4949 1301 5016 accipere
1352 4947 1533 5000 licere.
1584 4945 1661 4999 Ad
1694 4947 1795 4998 hoc
1834 4945 2064 5014 primum

520 5041 736 5109 quidem
787 5040 983 5102 dicam,
1025 5052 1362 5106 quaecunque
1414 5036 1498 5088 lex
1532 5034 1686 5097 dicit,
1751 5035 1815 5087 iis
1870 5037 1963 5104 qui
2013 5037 2066 5087 in

521 5134 632 5200 lege
668 5138 792 5184 sunt
840 5130 1019 5183 dicere
1052 5146 1064 5192 ;
1109 5128 1309 5195 alioqui
1360 5127 1438 5182 sic
1473 5133 1526 5179 et
1574 5125 1977 5178 circumcisioni
2015 5133 2067 5179 et

521 5218 754 5272 Sabbato
788 5226 840 5272 et
897 5217 1235 5272 abstinentia:
1270 5216 1512 5270 ciborum
1547 5213 1912 5280 subjiciemur.
1963 5213 2068 5267 Nc-

522 5324 621 5378 que
653 5311 792 5363 enim
841 5308 884 5361 si
924 5308 1054 5376 quid
1112 5308 1450 5362 inveniamus
1504 5305 1810 5374 appositum
1864 5307 2067 5360 nostris

523 5398 901 5465 voluptatibus,
949 5398 1080 5466 jugo
1126 5397 1398 5452 servitutis
1434 5395 1566 5464 legis
1596 5409 1694 5448 nos
1749 5395 1851 5462 ipsi
1900 5395 2068 5462 subji-

523 5487 764 5538 ciemus:
796 5489 838 5538 si
885 5487 1013 5554 quid
1067 5493 1244 5539 autem
1285 5485 1459 5538 visum
1494 5483 1656 5538 fuerit
1695 5499 1854 5553 grave
1889 5485 1942 5538 in
1996 5486 2067 5537 le—

523 5576 748 5644 galibus,
786 5581 913 5628 tunc
941 5575 1008 5628 ad
1040 5575 1341 5630 libertatem
1364 5614 1379 5640 ,
1608 5589 1728 5642 qua:
1759 5575 1816 5626 in
1845 5573 2065 5626 Christo

521 5674 621 5728 est,
653 5663 1046 5734 confugiemus.
1089 5661 1408 5733 Interrogati
1459 5677 1646 5716 sumus
1687 5677 1752 5714 an
1807 5661 2064 5727 scriptmn

519 5757 606 5820 sit,
662 5764 717 5808 ut
770 5755 1070 5824 accipiatur
1120 5768 1258 5807 uxor
1307 5761 1426 5822 post
1472 5752 1642 5821 ipsius
1676 5766 1937 5806 sororem.
1979 5749 2066 5803 Di-

623 5869 636 5899 ι
671 5864 843 5920 Levit.
881 5876 1034 5923 xvrtt,
1076 5856 1156 5912 I8.

2167 3234 2388 3304 δύναμιν
2417 3235 2558 3304 ἕχον,
2593 3236 2679 3286 διὰ
2716 3237 2777 3288 τὸ
2801 3236 2888 3303 ὑφ’
2924 3237 3093 3302 ἀγὶων
3121 3235 3331 3305 ἀνδρῶν
3367 3238 3495 3298 τοὺς
3517 3237 3762 3306 θεσμοὺς

2169 3326 2296 3393 ἡμῖν
2363 3325 2747 3394 παραδοθῆναι.
2807 3325 2974 3376 Τοῦτο
3017 3326 3072 3377 δὲ
3124 3325 3367 3377 τοιοῦτόν
3427 3327 3613 3378 ἐστιν·
3662 3330 3762 3381 ἐάν

2167 3432 2267 3477 τις,
2300 3415 2459 3467 πάθει
2494 3416 2830 3486 ἀκαθαρσίας
2861 3417 2989 3468 ποτὲ
3021 3416 3333 3486 κρατηθεὶς,
3367 3418 3582 3487 ἐκπέσῃ
3617 3420 3763 3488 πρὸς

2166 3505 2306 3557 δυεῖν
2335 3504 2576 3571 ἀδελφῶν
2599 3504 2833 3574 ἄθεσμον
2858 3506 3169 3566 ,κοινωνέαν,
3209 3508 3348 3575 μήτε
3395 3510 3581 3576 γάμον
3609 3510 3765 3579 ἠγεῖ-

2170 3593 2290 3644 σθαι
2316 3593 2500 3644 τοῦτον
2533 3633 2549 3657 ,
2671 3591 2796 3662 μηθ’
2819 3593 2953 3654 ὅλως
2993 3594 3071 3655 εἰς
3115 3592 3445 3662 Ἐκκλησίας
3479 3593 3766 3664 πλήρωμα

2169 3681 2566 3751 παραδέχεσθαι
2619 3683 2899 3752 πρότερον,
2937 3683 2967 3752 ἢ
3005 3683 3254 3735 διαλῦσαι
3293 3685 3495 3746 αὐτοὺς
3530 3687 3628 3738 ἀπ’
3662 3686 3763 3740 ἁλ-

2168 3770 2361 3840 λήλων.
2396 3773 2558 3824 Ὥστε
2582 3775 2629 3823 εἰ
2655 3773 2747 3824 καὶ
2785 3772 2949 3841 μηδὲν
2982 3772 3168 3842 ἕτερον
3199 3773 3372 3825 εἰπεῖν
3405 3771 3497 3844 ἦν,
3529 3776 3763 3845 ἐξήρκει

2167 3863 2226 3913 τὸ
2257 3862 2374 3924 ἐθος
2418 3863 2551 3932 πρὸς
2583 3864 2680 3932 τὴν
2719 3863 2809 3914 τοῦ
2843 3863 3006 3914 καλοῦ
3142 3864 3412 3934 φυλακήν.
3453 3867 3675 3936 Ἐπειδὴ
3703 3868 3763 3918 δὲ

2169 3953 2197 4002 ὁ
2258 3952 2355 4020 τὴν
2406 3952 2692 4021 ἐπιστολὴν
2755 3952 2991 4021 γράψας,
3055 3954 3444 4022 ἐπιχειρήματι
3513 3955 3764 4025 κιϐδήλῳ

2171 4045 2334 4096 κακὸν
2365 4045 2611 4096 τοσοῦτον
2647 4045 2908 4113 ἐπειράθη
2931 4044 3009 4112 τῷ
3042 4043 3139 4113 βίῳ
3171 4047 3499 4111 ἐπαγαγεῖν,
3529 4045 3758 4112 ἀνάγκη

2172 4136 2304 4203 μηδὲ
2331 4138 2478 4204 ἡμᾶς
2510 4135 2608 4204 τῆς
2646 4137 2707 4187 ἐκ
2739 4135 2843 4187 τῶν
2885 4135 3157 4204 λογισμῶν
3189 4135 3445 4205 βοηθείας
3478 4136 3720 4202 ὑφέσθαι
3747 4157 3759 4167 ·

2170 4223 2340 4274 καίτοι
2371 4240 2433 4290 γε
2465 4225 2556 4274 ἐςτί
2603 4224 2710 4274 τῶν
2759 4223 2962 4291 σφόδρα
2990 4224 3234 4290 ἐναργῶν
3267 4223 3472 4292 μείζων
3509 4227 3629 4276 ἐστὶ
3658 4225 3759 4278 τοῦ

2169 4311 2321 4378 λόγου
2353 4315 2383 4380 ἡ
2418 4315 2542 4382 παρ’
2583 4313 2810 4364 ἑκάστου
2955 4313 3245 4383 πρόληέκις.

2315 4582 2644 4652 Γέγραπται,
2702 4582 2883 4652 φησιν,
2928 4584 2984 4635 ἐν
3025 4583 3103 4654 τῷ
3149 4586 3442 4656 Λευῖτικῷ·
3471 4588 3752 4643 Γυναῖκα

2164 4671 2254 4724 ἐπ’
2312 4671 2544 4740 ἀδελφῇ
2587 4671 2773 4739 αὐτῆς
2817 4675 2887 4724 οὺ
2913 4673 3086 4740 ,λήψῃ
3128 4673 3453 4741 ἁντίζηλον
3481 4718 3494 4742 ,
3526 4679 3751 4736 datam.

2165 4762 2352 4828 λύψαι
2368 4760 2476 4826 τὴν
2492 4762 2924 4829 ἀσχημοσύνην
2938 4762 3128 4827 αὐτῆς
3143 4763 3232 4814 ἐπ’
3249 4767 3362 4816 αὐτ
3372 4765 3425 4832 ᾖ,
3447 4767 3535 4819 ἔτι
3554 4767 3751 4836 ζώσης

2167 4849 2368 4915 αὐτῆς.
2403 4850 2566 4920 Δῆλον
2593 4851 2655 4918 δὴ
2689 4848 2779 4903 οὖν
2798 4853 2860 4904 ἐκ
2882 4841 3070 4903 τούτου
3105 4847 3244 4906 εἶναι
3275 4872 3463 4923 φησιν,
3499 4862 3582 4909 ὃτι
3616 4876 3753 4927 συγ-

2168 4941 2421 5008 χωρεῖται
2463 4939 2756 5006 λαμϐάνειν
2810 4941 3229 5010 τελευτησάσης.
3287 4944 3434 5013 Πρὸς
3479 4946 3546 5016 δὴ
3585 4948 3754 5002 τοῦτο

2171 5029 2378 5096 πρῶτον
2419 5031 2513 5097 μὲν
2554 5032 2726 5081 ἐκεῖνο
2787 5030 2927 5099 ἐρᾶν
2981 5033 3086 5093 ὅτι,
3139 5034 3237 5084 ὅσα
3286 5035 3315 5083 ὁ
3352 5035 3520 5102 νόμος
3568 5037 3748 5104 λέγει,

2167 5120 2277 5178 τοῖς
2293 5120 2348 5169 ἐν
2367 5118 2442 5186 τῷ
2467 5119 2613 5187 νόμῳ
2641 5119 2791 5170 λαλεί
2824 5131 2840 5148 ⁹
2947 5121 3066 5172 ἐπεὶ
3087 5121 3228 5173 οὕτω
3249 5139 3312 5188 γε
3328 5123 3425 5174 καὶ
3442 5131 3748 5197 περιτομῇ,

2170 5209 2259 5258 καὶ
2307 5208 2582 5277 Σαϐϐάτῳ,
2636 5209 2726 5260 καὶ
2760 5212 2936 5279 ἀποχῇ
2983 5210 3284 5280 βρωμάτων
3312 5212 3746 5284 ὑποκεισόμεθα.

2168 5300 2242 5351 Οὐ
2267 5300 2371 5367 γὰρ
2395 5299 2476 5369 δὴ,
2504 5299 2596 5351 ἐὰν
2632 5300 2728 5369 μέν
2752 5317 2801 5351 τι
2836 5300 3081 5370 εὕρωμεν
3117 5303 3408 5372 συντρέχον
3433 5307 3598 5374 ἡμῶν
3622 5311 3748 5370 ταῖς

2166 5388 2399 5457 ἡδοναῖς,
2460 5389 2536 5457 τῷ
2569 5389 2716 5456 ζυγῷ
2746 5390 2841 5456 τῆς
2883 5389 3122 5452 δουλείας
3157 5391 3250 5442 τοῦ
3303 5392 3473 5460 νόμου
3510 5395 3747 5458 ἑαυτοὺς

2169 5477 2534 5548 ὑποθήσομεν·
2591 5479 2686 5530 ἐὰν
2728 5479 2783 5530 δέ
2837 5496 2888 5530 τι
2939 5483 3079 5548 φανῇ
3126 5480 3263 5549 βαρὺ
3306 5480 3419 5534 τῶν
3464 5484 3742 5553 νομίμων,

2167 5571 2284 5620 τότε
2345 5571 2476 5638 πρὸς
2528 5569 2624 5638 τὴν
2669 5571 2724 5620 ἐν
2785 5568 3004 5639 Χριστῷ
3046 5571 3360 5639 ἐλευθερίαν
3398 5574 3746 5643 ἁποδραμούο

2174 5657 2330 5726 μεθα.
2404 5659 2789 5728 Ἥρωτήθημεν
2970 5663 3017 5711 ει
3071 5661 3384 5729 γέγραπται
3437 5663 3743 5733 λαμϐάνειν

2170 5753 2399 5818 γυναῖκα
2455 5753 2536 5802 ἐπ’
2587 5751 2805 5822 ἀδελφῇ.
2841 5753 3102 5823 Εἴπομεν,
3143 5753 3279 5822 ὅπερ
3329 5753 3568 5823 ἀσφαλὲς
3604 5758 3738 5824 ἡμῐν
