4006 6474
205 329 313 397 813

1087 334 1172 401 ΙΝ
1210 339 1452 402 EPIST.
1489 340 1531 399 S
1595 338 1881 399 BASlLll
1923 339 2024 399 AD
2060 332 2493 401 DIODORUM.

3309 323 3417 396 814

202 452 302 506 καὶ
322 451 541 524 ἀληθὲς,
568 453 649 509 δτι
680 454 739 507 ού
762 454 1086 526 γέγραπται.
1113 459 1188 511 Τδ
1212 458 1255 512 δ’
1278 461 1341 512 ὲκ
1370 461 1467 529 τῆς
1509 457 1602 511 τοῦ
1629 460 1750 511 ἀκο-

1860 456 2060 515 cimns.
2093 453 2237 523 quod
2273 463 2445 507 tutum
2479 451 2632 505 nobis
2666 459 2749 506 est
2778 457 2834 503 et
2875 463 3083 515 verum,
3131 448 3233 503 hoc
3279 453 3417 503 scri-

204 539 395 595 λούθου
441 543 723 613 ἐπιφορᾶς,
772 544 831 596 τὸ
869 546 1141 616 σιωπηθὲν
1184 547 1584 615 συλλογίζεσθαι
1610 564 1757 616 νομο-

203 631 485 696 θετοῦντός
511 634 679 698 ἐστιν,
700 635 760 686 οὐ
780 635 848 687 τὰ
866 634 959 688 τοῦ
984 636 1146 707 νόμου
1170 637 1415 705 λέγοντος
1438 653 1451 667 ⁸
1480 638 1600 690 ἐπεὶ
1619 636 1759 689 οὕτω

205 735 267 787 γε
324 720 537 787 ἐξέσται
587 722 1011 794 τῷ,βουλομένῳ
1065 726 1470 796 κατατολμῆσαι
1522 727 1613 779 καὶ
1678 725 1758 779 ἔτι

204 808 386 879 ζώσης
405 811 503 880 τῆς
529 812 780 879 γυναικὸς
807 812 1099 882 λαμϐάνειν
1131 815 1228 886 τὴν
1262 815 1511 884 ἀδελφήν.
1546 815 1619 867 Τὸ
1651 813 1761 885 γὰρ

204 898 339 950 αὐτὸ
373 901 529 952 τοῦτο
582 902 817 970 σόφισμα
876 903 970 955 καὶ
1010 904 1097 956 ἐπ’
1134 904 1341 957 ἐκείνου
1391 905 1639 975 ἁρμόζει.
1667 904 1761 957 Γέ-

205 990 605 1061 γραπται-γάρ,
642 992 822 1060 φησὶν,
862 995 942 1046 οὐ
991 991 1159 1061 λήψῃ
1202 992 1537 1060 ἀντίζηαον,
1564 989 1637 1055 ὡς
1662 994 1761 1063 τήν

204 1090 270 1145 γε
294 1076 400 1141 ἔξω
450 1078 545 1130 τοῦ
578 1079 738 1147 ζῆλον
774 1080 955 1133 λαϐεῖν
982 1084 1081 1135 οὐκ
1126 1082 1414 1137 ἐκώλυσεν.
1460 1084 1516 1135 ’0
1544 1084 1608 1154 δὴ
1638 1100 1761 1137 συν-

203 1168 421 1237 ηγορῶν
477 1168 554 1238 τῷ
611 1169 769 1223 πάθει
822 1171 1157 1240 ἀζηλότυπον
1204 1169 1343 1224 εἶναι
1391 1172 1667 1243 διοριεῖται
1701 1173 1762 1226 τὸ

201 1252 333 1333 ἦθος
384 1258 493 1311 τῶν
539 1260 801 1328 ἀδελφῶν.
857 1254 1225 1333 Ἀνῃρημένης
1279 1258 1370 1315 οὖν
1410 1262 1510 1331 τῆς
1560 1263 1761 1325 αἰτίας,

200 1327 268 1398 δι’
302 1348 368 1418 ἢν
394 1327 739 1418 ἀπηγόρευσε
770 1350 868 1420 τὴν
1263 1327 1591 1422 συνοίκησιν,
1623 1351 1676 1404 τί
1702 1351 1763 1404 τὸ

203 1435 410 1489 κωλύον
443 1437 593 1491 ἔσται
733 1437 1028 1509 λαμϐάνειν
1075 1439 1175 1502 τὰς
1218 1436 1479 1508 άδελφάςς
1518 1439 1657 1493 Ἀλλ’
1700 1439 1762 1492 οὐ

202 1526 508 1596 γέγραπται
554 1527 742 1592 ταῦτα,
774 1531 1036 1599 φήσομεν.
1095 1528 1231 1581 Ἀλλ’
1277 1529 1397 1581 οὐδὲ
1424 1527 1607 1582 ἐκεῖνα
1630 1528 1763 1599 ὥρι-

205 1617 344 1668 σται.
400 1616 463 1669 Ἠ
495 1616 551 1668 δὲ
606 1616 780 1670 ἔννοια
836 1618 932 1671 τοῦ
975 1616 1264 1671 ἀκολούθου
1301 1617 1500 1687 ὁμοίως
1524 1616 1763 1687 ἀμφοτὲ-

456 1704 555 1775 τὴν
580 1704 763 1758 ἄδειαν
782 1705 1013 1761 δίδωσιν.
1037 1705 1181 1758 Ἔδει
1213 1704 1291 1769 δὲ,
1324 1705 1419 1758 καὶ
1601 1702 1762 1775 pube

205 1718 328 1775 ραις

1858 551 2008 613 ptum
2044 558 2151 597 non
2183 558 2325 597 esse.
2373 541 2529 608 Quod
2579 548 2756 596 autem
2809 542 3024 595 silentio
3079 538 3407 609 praetermis-

1857 646 1977 686 sum
2014 639 2119 696 est,
2169 632 2221 685 id
2255 630 2777 701 per'consccutionis
2804 630 3098 684 illationem
3137 628 3414 697 colligere,

1857 721 2184 789 legislatoris
2211 728 2315 783 est,
2348 737 2456 775 non
2482 722 2645 790 legem
2678 720 2978 785 recitantis;
3015 716 3282 786 siquidem
3314 717 3416 771 hoc

1858 816 2016 879 pacto
2046 804 2233 864 licebit
2278 808 2478 863 volenti
2522 808 2732 863 facinus
2768 807 3008 877 aggredi,
3043 808 3205 860 etiam
3238 805 3417 859 adhuc

1859 900 2089 953 viventis
2141 900 2330 954 uxoris
2396 897 2645 969 accipere
2698 912 2962 953 sororem.
3043 896 3177 951 Nam
3240 897 3417 966 ipsum

1861 986 1989 1042 .llnd
2028 988 2307 1056 scphisma
2340 987 2507 1042 etiam
2554 986 2619 1041 ad
2652 997 2772 1042 eam
2813 1003 2926 1043 rem
2963 988 3269 1057 appositum
3304 994 3410 1040 est.

1861 1076 2136 1146 Scriptum
2180 1085 2265 1132 est
2297 1115 2314 1140 ,
2377 1077 2554 1148 inquit
2589 1117 2603 1140 ,
2671 1076 2796 1131 Non
2840 1077 3060 1146 accipies
3122 1078 3367 1131 mundam
3395 1090 3416 1131 .'

1861 1166 2088 1235 proinde
2134 1164 2308 1234 accipi
2354 1180 2472 1219 eam
2519 1176 2671 1220 extra
2713 1166 3114 1221 aemulationem
3144 1181 3251 1220 non
3286 1179 3417 1234 pro-

1859 1253 2056 1307 hibuit.
2105 1251 2207 1318 Qui
2247 1252 2425 1309 autem
2481 1253 2687 1308 libidini
2730 1254 3183 1325 patrocinabitur,
3248 1270 3418 1309 remu-

1861 1341 2085 1396 lationis
2118 1351 2393 1412 expertem
2433 1358 2556 1399 esse
2604 1343 2891 1397 albrmabit
2944 1343 3183 1398 indolem
3253 1358 3413 1399 soro-

1859 1445 2003 1486 rum.
2053 1430 2231 1498 Qnarc
2273 1433 2484 1487 sublata
2534 1448 2739 1497 causa,
2787 1433 2856 1489 ob
2915 1449 3078 1503 quam
3135 1433 3421 1488 ambarum

1861 1522 2194 1575 connubium
2252 1523 2573 1592 prohibuit,
2631 1525 2762 1594 quid
2816 1525 3073 1594 impediet
3128 1525 3420 1593 quominus

1863 1624 2081 1667 sorores
2130 1613 2512 1681 accipiantur?
2574 1613 2680 1668 Sed
2709 1614 2823 1669 lucc
2850 1614 3054 1683 scripta
3088 1629 3194 1668 non
3242 1628 3371 1669 sunt
3402 1658 3418 1681 ,

1863 1700 2092 1755 aiemus.
2164 1699 2268 1755 Sed
2322 1715 2497 1771 neque
2552 1700 2642 1756 illa
2698 1710 2901 1758 statuta
2955 1711 3103 1757 sunt.
3138 1702 3423 1759 Consecu-

200 1792 295 1846 ἐπὶ
348 1792 416 1844 τὰ
467 1793 696 1846 κατόπιν
752 1795 851 1863 τῆς
905 1793 1223 1865 νομοθεσίας
1275 1793 1750 1865 ὲπαναδραμόντα,

1860 1787 2027 1843 tionis
2056 1796 2236 1842 autem
2297 1788 2650 1860 intelligentia
2681 1791 2885 1860 pariter
2940 1792 3207 1847 ambabus
3255 1790 3425 1848 liceno

201 1882 546 1951 ἀπηλλάχθαι
596 1883 952 1953 πραγμάτων.
1018 1884 1201 1937 Ἔοικε
1254 1882 1364 1953 γάρ
1402 1882 1461 1935 οὗ
1491 1884 1596 1936 πᾶν
1622 1878 1759 1945 εἶδος

196 1970 611 2041 ἁμαρτημάτων
675 1972 1095 2043 περιλαμϐάνειν
1165 1972 1195 2023 δ
1267 1971 1591 2042 νομοθέτης·
1646 1971 1759 2024 ἀλλ’

201 2058 348 2122 ἰδίως
381 2058 741 2130 ἀπαγορεύειν
768 2060 837 2113 τὰ
886 2060 994 2113 τῶν
1037 2059 1371 2129 Αἰγυπτίων,
1401 2060 1523 2114 ὅθεν
1550 2060 1759 2130 ἀπῆρεν

199 2149 230 2199 ό
274 2148 513 2217 Ἰσραὴλ,
545 2149 739 2202 καὶτὰ
782 2148 890 2202 τῶν
926 2148 1267 2214 Χαναναίων,
1300 2148 1434 2217 πρὸς
1486 2146 1579 2209 οὓς
1629 2146 1760 2216 μεθ-

199 2237 436 2292 ίσταται.
468 2241 620 2309 Ἔχει
671 2240 780 2310 γάρ
810 2240 981 2304 οὕτως
1009 2242 1042 2310 ἠ
1066 2240 1209 2303 λέξις
1232 2255 1247 2272 ⁸
1279 2240 1438 2296 Κατὰ
1466 2238 1538 2291 τὰ
1563 2238 1761 2303 ἐπιτη-

198 2325 459 2396 δεύματα
504 2327 611 2394 τῆς
636 2330 960 2399 Αίγύπτιον,
1019 2330 1089 2383 ἐν
1133 2328 1174 2397 ᾗ
1236 2326 1628 2395 παρῳαήσατε
1664 2325 1758 2379 ἐπ’

196 2415 409 2481 αὐτῆς.
432 2419 502 2469 οὺ
547 2417 857 2483 ποιήσετε⁸
905 2418 1004 2471 καί
1046 2418 1196 2471 κατὰ
1234 2416 1306 2470 τὰ
1330 2414 1760 2482 ἐπιτηδεύματα

198 2503 312 2573 τῆς
360 2507 621 2569 Χαναὰν,
654 2509 744 2572 είς
786 2505 865 2573 ἣν
905 2506 1019 2574 ἐγὼ
1057 2504 1276 2568 είσάξω
1319 2502 1474 2572 ὑμᾶς
1512 2503 1653 2568 ἐκεῖ,
1686 2503 1758 2555 οὑ

197 2594 498 2657 ποιήσετε,
558 2594 653 2647 καὶ
685 2596 754 2648 ἐν
796 2595 921 2659 τοῖς
972 2595 1244 2663 νομίμοις
1443 2591 1639 2645 αὐτῶν
1685 2592 1757 2644 οὐ

197 2683 589 2748 πορεύσεσθε.
625 2681 788 2733 Ὥστε
845 2680 1003 2734 τοῦτο
1058 2681 1203 2745 είκός
1245 2696 1348 2733 που
1530 2679 1592 2732 τὸ
1621 2675 1759 2741 εἶδος

194 2773 295 2841 τῆς
350 2772 621 2842 ἁμαρτίας
676 2772 749 2840 μὴ
805 2771 1250 2841 ἐμπολιτεύεσθαι
1305 2770 1423 2823 τότε
1460 2768 1607 2840 παρά
1646 2771 1758 2832 τοῖς

194 2862 406 2914 ἔθνεσι·
437 2862 517 2913 διδ
552 2862 685 2932 μηδὲ
737 2862 835 2931 τῆς
887 2864 972 2914 ἐπ’
1006 2861 1152 2931 αὑτῷ
1201 2859 1441 2929 φυλακῆς
1483 2858 1759 2928 προσδεη-

191 2948 352 3019 θῆναι
397 2949 488 3002 τδν
532 2950 843 3021 νομοθέτην,
874 2950 986 3002 ἀλλ’
1023 2949 1355 3019 άρκεσθῆναι
1384 2949 1458 3018 τῷ
1492 2948 1756 3017 ἁδιδάκτῳ

191 3036 304 3089 εθει
355 3040 489 3108 πρὸς
546 3039 644 3108 τὴν
689 3038 780 3091 τοῦ
820 3038 1020 3109 μύσους
1063 3037 1334 3108 διαϐολήν.
1394 3037 1519 3101 Πῶς
1558 3032 1753 3103 οὗν,τδ

194 3127 383 3195 μεῖζον
443 3128 844 3197 ἀπαγορεύσας,
877 3128 937 3181 τὸ
991 3126 1206 3181 ἔλαττον
1254 3125 1584 3194 ὲσιώπησενς
1631 3126 1748 3179 ’Ότι

191 3214 369 3269 ἐδόκει
399 3216 627 3280 πολλοὺς
656 3218 765 3271 τῶν
798 3217 1161 3288 φιλοσάρκων,
1194 3219 1329 3287 πρὸς
1360 3218 1420 3269 τὸ
1445 3217 1525 3269 ἔτι
1551 3216 1750 3281 ζώσαις

187 3305 447 3373 ἀδελφαῖς
508 3311 769 3361 συνοικεῖν
794 3346 809 3369 ,
878 3308 939 3360 τὸ
992 3308 1292 3376 ὑπόδειγμα
1355 3307 1608 3376 βλάπτειν
1656 3306 1747 3361 τοῦ

192 3396 551 3464 πατριάρχου.
595 3397 769 3466 Ἦμᾶς
821 3397 876 3449 δὲ
924 3396 976 3449 τί
1018 3398 1122 3469 χρὴ
1160 3400 1367 3462 ποιεῖν;
1404 3397 1481 3450 Τά
1508 3414 1751 3468 γεγραμ-

194 3485 333 3553 μένα
378 3486 634 3558 λέγειν,ἢ
673 3487 739 3540 τὰ
790 3488 1128 3557 σιωπηθέντα
1185 3487 1746 3558 προσεξεργάζεσθαις

191 3574 401 3626 Αὐτίκα
425 3574 484 3626 τὸ
518 3577 591 3644 μὴ
635 3577 743 3629 δεῖν
792 3579 891 3646 μιᾶ
937 3578 1126 3647 ἑταίρᾳ
1177 3578 1474 3648 κεχρῆσθαι
1539 3579 1749 3649 πατέρα

193 3663 287 3715 καὶ
352 3665 466 3716 υἱὸν
516 3667 573 3717 ἐν
604 3665 703 3729 μὲν
729 3669 839 3729 τοῖς
861 3666 1045 3737 νόμοις
1071 3666 1281 3730 τούτοις
1323 3667 1383 3719 οὐ
1421 3668 1744 3746 γέγραπται,

194 3752 347 3821 παρὰ
372 3752 429 3805 δὲ
454 3752 529 3822 τῷ
560 3755 820 3824 Προφήτῃ
854 3757 1115 3827 μεγίστης
1148 3757 1477 3826 κατηγορίας
1504 3757 1744 3826 ἠξίωται.

199 3841 335 3904 Υἱὸς
360 3842 491 3910 τὰρ,
540 3843 691 3911 φησὶ.
736 3843 833 3896 καὶ
869 3844 1062 3911 πατὴρ
1085 3844 1234 3912 πρὸς
1264 3845 1378 3912 τὴν
1404 3846 1596 3912 αὐτὴν
1622 3859 1748 3900 παι-

192 3931 417 3996 δίσκην
442 3934 910 4001 εἰσεπορεύοντο.
930 3934 1076 3989 Πόσα
1092 3935 1149 3988 δὲ
1168 3936 1281 4005 είδη
1311 3936 1443 3990 ἄλλα
1477 3936 1586 3989 τῶν
1613 3937 1748 3989 ἀκα-

190 4019 407 4091 θάρτων
475 4022 658 4075 παθῶν
708 4024 767 4075 τὺ
821 4025 917 4094 μὲν
948 4025 1052 4078 τῶν
1081 4025 1345 4096 δαιμόνων
1386 4026 1746 4079 διδασκαλεῖον

192 4110 435 4178 ἐξεῦρεν,
467 4113 498 4180 ἠ
539 4112 621 4182 δὲ,
648 4112 767 4166 θεία
804 4114 991 4185 Γραφὴ
1048 4114 1416 4185 ἀπεσιώπησε,
1453 4116 1513 4169 τὸ
1554 4116 1746 4185 σεμνὸν

192 4200 392 4268 ἑαυτῆς
412 4203 530 4263 ταῖς
562 4202 669 4253 τῶν
696 4202 933 4272 αἰσχρῶν
959 4205 1271 4274 ὀνομασίαις
1296 4206 1746 4275 καταρρυπαίνειν

188 4290 291 4358 οὐχ
329 4290 644 4359 αἱρουμένη,
693 4290 824 4344 άλλὰ
855 4297 1086 4361 γενικοῖς
1122 4295 1343 4363 ὀνόμασι
1375 4295 1472 4358 τάς
1499 4296 1742 4369 ἀκαθαρ-

1861 1877 1989 1931 tiam
2055 1872 2266 1933 tribuit.
2318 1872 2518 1932 Verum
2580 1882 2866 1950 oportebat
2914 1883 3190 1952 paulisper
3250 1882 3319 1937 ad
3357 1898 3423 1937 ea

1859 1982 1980 2037 qua:
2044 1968 2214 2039 legem
2276 1971 2589 2037 prmcedunt
2649 1972 2984 2026 recurrendo
3012 2010 3027 2037 ,
3109 1971 3422 2029 diliicultate

1860 2056 2098 2110 liberari.
2156 2056 2380 2112 Videtur
2408 2061 2551 2112 enim
2587 2074 2694 2113 non
2743 2075 2905 2116 omne
2931 2074 3279 2132 peccatorum
3327 2078 3420 2133 ge-

1858 2160 1964 2199 nus
2034 2148 2495 2215 comprehendere
2554 2148 2833 2219 legislator
2873 2166 2889 2203 :
2924 2152 3021 2208 sed
3078 2154 3422 2224 peculiariter

1858 2233 2235 2306 Egyptiorum
2294 2239 2436 2293 unde
2500 2236 2664 2295 Israel
2715 2243 2943 2306 exierat,
2998 2252 3054 2298 et
3082 2245 3420 2301 Chananteo-

1858 2336 1978 2375 rum
2009 2323 2075 2377 ad
2119 2338 2257 2393 quos
2307 2326 2771 2395 transferebatur,
2842 2347 3022 2388 mores
3067 2334 3416 2391 interdicere.

1860 2411 1952 2467 Sic
1983 2413 2127 2469 enim
2175 2416 2338 2471 habet
2379 2417 2445 2470 ad
2504 2419 2730 2472 verbum
2769 2439 2784 2474 :
2844 2421 3142 2476 Secundum
3171 2426 3421 2479 instituta

1859 2513 2010 2557 terra:
2061 2503 2280 2574 Afgypli
2306 2545 2321 2571 ,
2365 2508 2417 2559 in
2472 2526 2575 2576 qua
2623 2509 2902 2566 habitastis
2953 2513 3007 2565 in
3035 2529 3099 2566 ea
3133 2553 3147 2577 ,
3181 2531 3283 2567 non
3334 2515 3422 2583 [u-

1858 2594 2005 2647 cietis
2050 2609 2069 2647 :
2123 2605 2175 2647 et
2227 2597 2509 2651 secundum
2554 2600 2797 2654 instituta
2833 2611 2985 2656 terrm
3017 2601 3304 2669 Chanaan,
3360 2605 3419 2657 in

1855 2698 2012 2751 quam
2043 2699 2135 2750 ego
2172 2683 2415 2737 inducam
2452 2702 2537 2739 cos
2587 2686 2714 2740 illnc
2741 2728 2755 2751 ,
2813 2706 2916 2743 non
2965 2690 3173 2758 {arietis
3200 2730 3215 2755 ,
3259 2707 3422 2761 neque

1856 2772 1910 2825 in
1955 2772 2198 2843 legitimis
2260 2791 2439 2828 eorum
2503 2776 2843 2832 ambulabitis
2894 2776 2933 2832 ³.
2974 2779 3280 2835 Verisimile
3331 2788 3417 2835 est

1857 2858 1958 2912 hoc
1990 2862 2196 2929 peccati
2234 2878 2405 2931 genus
2444 2871 2573 2918 tunc
2601 2866 2743 2919 inter
2769 2876 2958 2937 gentes
2992 2884 3100 2922 non
3150 2868 3413 2938 viguisse.

1856 2948 2193 3020 Quapropter
2227 2967 2364 3019 opus
2399 2968 2506 3006 non
2566 2954 2667 3007 fuit
2697 2956 3015 3024 legislatori,
3060 2966 3118 3011 ut.
3152 2958 3284 3011 illud
3324 2974 3416 3014 cs.-

1853 3039 2089 3094 vendum
2113 3050 2329 3095 curaret
2364 3059 2377 3094 :
2406 3044 2498 3097 sed
2535 3044 2668 3099 satis
2698 3046 2746 3099 ei
2792 3046 2892 3101 fuit
2921 3064 3038 3103 mos
3075 3064 3185 3101 non
3213 3048 3412 3105 doctus

1852 3125 1919 3179 ad
1971 3127 2193 3182 sceleris
2249 3131 2742 3197 reprehensionem.
2796 3134 3079 3200 Quomodo
3108 3137 3272 3206 igitur
3297 3153 3415 3193 ma-

1845 3214 1967 3283 jore
2018 3218 2222 3279 vetito,
2262 3219 2443 3270 minus
2497 3223 2895 3288 prmtcrmisit?
2931 3224 3067 3289 Quia
3124 3228 3414 3283 videbatur

1850 3308 2034 3361 multis
2082 3310 2232 3361 carni
2293 3309 2719 3379 indulgentibus,
2753 3321 2956 3368 utcum
2982 3318 3268 3373 sororibus
3314 3319 3411 3371 ad-

1852 3395 1957 3449 huc
2017 3397 2325 3453 viventibus
2388 3402 2735 3467 habitarent,
2790 3406 3012 3459 noxium
3061 3422 3182 3461 esse
3228 3424 3411 3463 exem-

1848 3483 1995 3551 plum
2033 3487 2372 3552 patriarchae.
2406 3487 2516 3541 Nos
2547 3498 2724 3546 autem
2776 3494 2904 3561 quid
2940 3494 3117 3551 facere
3152 3502 3410 3567 oportet?

1850 3572 1978 3636 Quae
2019 3574 2219 3643 scripta
2251 3583 2378 3630 sunt
2413 3577 2613 3642 dicere,
2666 3596 2733 3633 an
2767 3585 3133 3650 praetermissa
3184 3602 3411 3643 aecum-

1849 3662 1956 3716 tius
2012 3665 2300 3718 scrutari?
2344 3665 2642 3731 Protinus,
2689 3686 2797 3726 non
2849 3683 3096 3742 Oportere
3158 3677 3235 3730 uti
3300 3694 3407 3733 una

1849 3752 2038 3820 pellice
2070 3761 2274 3821 patrem
2306 3765 2359 3810 et
2405 3758 2607 3821 lilium,
2658 3759 2712 3812 in
2766 3761 2853 3816 his
2904 3764 3112 3832 legibus
3144 3766 3406 3830 scriptum

1846 3856 1957 3895 non
1990 3852 2117 3906 est,
2172 3845 2266 3899 sed
2328 3847 2468 3915 apud
2512 3846 2835 3919 PrOphetam
2890 3854 3101 3908 crimini
3168 3860 3406 3913 maximo

1846 3931 2023 3986 datur.
2056 3931 2242 3991 .Filius
2286 3937 2455 4001 enim,
2499 3938 2708 4009 inquit,
2755 3950 2806 3995 et
2858 3954 3007 4010 pater
3056 3946 3124 3997 ad
3168 3949 3403 4002 eamdem

1846 4021 2073 4108 puellam
2105 4024 2528 4093 ingrediebantur
2584 4032 2623 4083 '.
2678 4032 2821 4096 Quot
2863 4044 3040 4089 autem
3087 4037 3191 4091 alia
3245 4040 3401 4108 cupi-

1846 4107 2072 4163 ditatum
2147 4111 2481 4181 impurarum
2561 4132 2756 4187 genera
2820 4120 3123 4177 daemonum
3182 4107 3403 4195 quidem

1847 4199 2094 4253 doctrina
2129 4203 2475 4273 excogitavit,
2510 4208 2680 4261 tacuit
2713 4226 2842 4264 vero
2870 4211 3051 4266 divina
3091 4212 3396 4284 Scriptura,

1848 4290 2184 4346 honestatem
2231 4308 2383 4348 suam
2434 4311 2614 4351 rerum
2667 4301 2901 4369 turpium
2944 4306 3398 4373 appellationibus

194 4376 315 4437 οἵας
367 4375 629 4430 διέϐαλενῐ
675 4379 759 4441 Ὠς
790 4380 883 4432 καὶ¹
922 4381 949 4432 ὁ
994 4379 1282 4444 ἀπόστολος
1325 4382 1533 4445 names;
1570 4401 1737 4455 φησιν’

1850 4380 2051 4435 foedare
2087 4382 2280 4438 nolens
2300 4422 2315 4447 ,
2349 4384 2441 4439 sed
2471 4388 2765 4454 generatim
2793 4390 3132 4459 impuritates
3185 4397 3396 4465 vitupe-

191 4466 445 4530 Πορνεία
463 4465 529 4517 δὲ
555 4466 648 4519 καὶ
678 4468 1010 4535 ἀκαθαρσία
1021 4469 1187 4525 πᾶσα
1208 4471 1360 4540 μηδὲ
1376 4472 1740 4541 ὀνομαζέσθω

191 4552 262 4602 ἐν
294 4551 455 4618 ὑμῖν,
477 4551 664 4618 καθὼς
697 4553 897 4620 πρέπει
938 4556 1125 4624 ἁγίοις
1145 4572 1159 4587 ⁸
1192 4557 1269 4627 τῷ
1290 4560 1385 4627 τῆς
1411 4559 1741 4630 ἀκαθαρσίας

191 4638 410 4707 ὀνόματι
468 4641 564 4702 τάς
613 4658 669 4692 τε
698 4643 1071 4713 τῶν-ἀρρένων
1103 4646 1487 4716 ἀρρητοποιίας
1515 4650 1607 4700 καὶ
1642 4649 1741 4712 τὰς

187 4730 297 4783 τῶν
318 4728 541 4798 θηλειῶν
562 4730 1157 4800 περιλαμϐάνιι›ν.”Ωστε
1183 4736 1241 4788 οὐ
1273 4737 1482 4800 πάντως
1505 4739 1537 4808 ἡ
1564 4742 1738 4810 σιωπὴ

188 4819 372 4875 ἄδειαν
400 4821 552 4891 φέρει
584 4824 693 4885 τοῖς
731 4823 1046 4893 φιληδόνοις.

338 4987 482 5055 Ἐγὼ
502 4986 690 5042 δὲοὺδὶ
717 4986 1081 5060 πσιωτῆσθαι
1105 4990 1166 5044 τὺ
1205 4992 1367 5063 μέρος
1396 4994 1549 5048 τοῦτό
1576 5013 1736 5068 φημι,

188 5078 323 5131 ἀλλὰ
356 5078 449 5131 καὶ
496 5078 634 5131 πάνυ
665 5078 904 5149 σφοδρῶς
937 5080 1361 5150 άπηγορευκέναι
1397 5085 1488 5138 τὸν
1514 5089 1736 5157 νομοθέ-

188 5184 300 5237 την.
328 5166 401 5218 Τδ
430 5166 555 5235 γὰρ,
606 5168 725 5219 Οὐκ
774 5168 1088 5236 εἰσελεύσῃ
1131 5170 1279 5237 πρὸς
1301 5173 1493 5227 πάντα
1523 5175 1737 5232 οικεῒον

187 5258 411 5321 σαρκός
437 5267 574 5318 σου,
621 5256 1004 5323 ἀποκαλύψαι
1050 5259 1489 5331 ἀσχημοσύνην
1520 5265 1716 5322 αὐτῶν

188 5344 601 5413 ἐμπεριεκτικόν
630 5346 744 5398 ἐστι
771 5347 862 5397 καὶ
884 5345 1070 5399 τούτου
1097 5348 1187 5401 τοῦ
1218 5351 1385 5415 εἴδους
1412 5354 1512 5422 τῆς
1542 5356 1734 5411 οἰκειό-

1843 4471 2023 4525 ravitl
2078 4469 2170 4524 Sic
2200 4481 2259 4526 ut
2288 4481 2343 4527 et
2370 4472 2661 4544 Apostolus
2696 4476 2896 4536 Paulus
2934 4483 3008 4536 ait
3038 4503 3050 4537 :
3088 4483 3395 4541 Fornicatio

1845 4569 2014 4614 autem
2066 4570 2115 4614 et
2156 4565 2325 4618 omnis
2367 4566 2697 4621 immnnditia
2750 4587 2811 4624 ne
2859 4575 3152 4627 nominetur
3188 4577 3392 4646 quidem

1844 4651 1896 4702 in
1931 4652 2093 4714 vobis,
2136 4654 2272 4705 sicut
2323 4653 2461 4707 decet
2523 4659 2774 4711 sanctos'
2834 4678 2847 4712 :
2890 4662 3243 4720 immunditim
3289 4682 3391 4721 n0-

1843 4737 1988 4792 mine
2023 4747 2133 4792 tum
2166 4741 2401 4795 virorum
2429 4752 2541 4797 tum
2568 4746 2855 4802 mulierum
2884 4751 3119 4807 obscena
3148 4754 3389 4810 facinora

1841 4828 2328 4895 comprehenderis.
2357 4832 2534 4897 Quare
2556 4844 2665 4889 non
2690 4838 2913 4894 omnino
2940 4841 3389 4899 silentiumlicen-

1840 4912 1970 4966 tiam
1992 4913 2085 4968 dat
2111 4916 2451 4988 voluptariis.

1871 5002 2024 5075 14],
2038 5002 2147 5074 Ego
2161 5014 2340 5060 autem
2353 5022 2527 5078 neque
2557 5013 2776 5066 tacitam
2808 5015 2953 5070 illam
2978 5027 3183 5087 partem
3218 5021 3387 5079 fuisse

1826 5091 1952 5147 dico
1988 5111 2003 5148 :
2051 5092 2160 5149 imo
2206 5094 2368 5149 etiam
2409 5112 2439 5151 a
2473 5098 2782 5170 legislatore
2822 5106 3169 5164 vehementer
3202 5113 3387 5166 admo-

1825 5182 1952 5237 dum
1979 5182 2147 5239 fuisse
2171 5184 2521 5255 prohibitam.
2564 5188 2700 5247 illud
2728 5194 2894 5261 enim,
2924 5193 3047 5249 Non
3080 5198 3384 5268 ingredieris

1824 5273 1894 5325 ad
1957 5290 2159 5328 omnem
2224 5278 2399 5331 carnis
2466 5287 2569 5334 tua:
2642 5283 2856 5351 afﬁnem
2920 5286 2987 5340 ad
3052 5290 3381 5344 revelandam

1821 5380 2001 5419 eorum
2035 5368 2408 5435 turpitudinem
2443 5370 2485 5434 ’⁸,
2556 5372 2698 5429 hanc
2732 5377 2894 5431 etiam
2948 5380 3224 5436 aﬂinitatis
3258 5398 3379 5451 spe-

1822 5454 1957 5507 ciem
2008 5457 2409 5526 complectitur.
2459 5460 2669 5517 Etenim
2708 5466 2838 5535 quid
3058 5470 3174 5523 viro
3222 5472 3378 5527 aliine

1821 5542 1992 5611 magis
2030 5553 2113 5598 e5t
2141 5559 2302 5613 quam
2347 5561 2445 5601 sua
2490 5550 2664 5620 ipsius
2695 5570 2866 5621 uxor,
2917 5557 3022 5611 imo
3071 5574 3232 5627 quam
3278 5577 3373 5614 sua

1819 5629 1991 5699 ipsius
2040 5636 2210 5689 caro?
2264 5634 2382 5693 Non
2434 5643 2579 5697 enim
2627 5646 2861 5715 amplius
2891 5648 3009 5702 dum
3058 5657 3226 5712 sunt.
3278 5653 3371 5707 sed

187 5450 343 5501 τητος
394 5432 458 5483 Τί
483 5435 591 5502 γάρ
612 5434 676 5485 ἂν
721 5434 925 5501 γένοιτο
957 5436 1277 5507 οἰκειότερον
1302 5442 1452 5509 ἀνδρὶ
1480 5445 1576 5511 τῆς
1606 5446 1731 5498 ἑαυ-

185 5520 273 5571 τοῦ
301 5520 579 5586 γυναικὸς,
610 5520 806 5587 μᾶλλον
841 5521 895 5573 δὲ
918 5521 1015 5590 τῆς
1045 5525 1235 5577 ἑαυτοῦ
1268 5529 1493 5597 σαρκός;
1526 5532 1600 5583 Οὐ
1627 5534 1733 5603 γὰρ

185 5611 258 5661 ἔτι
291 5610 396 5661 εἰσὶ
421 5609 531 5671 δύο,
575 5609 706 5662 ἀλλά
740 5609 877 5681 σὰρξ
926 5612 1040 5679 μία.
1072 5614 1227 5665 Ὥστε
1250 5616 1336 5667 διὰ
1356 5618 1453 5685 τῆς
1481 5622 1731 5685 γυναικὸς

241 5764 256 5794 ¹
284 5758 465 5819 chit.
502 5780 658 5834 srin,
682 5767 735 5821 3.
816 5771 836 5801 ³
879 5768 1043 5828 Amos
1075 5789 1132 5841 ιι,
1177 5774 1227 5827 7.
1306 5776 1325 5807 ³
1354 5775 1554 5845 Ephes.
1589 5795 1641 5848 ν,
1679 5783 1735 5838 5.

1850 5784 1856 5801 ⁵
1888 5771 2061 5836 Levit.
2082 5796 2238 5852 xvm,
2278 5786 2331 5841 6.
