4006 6448
537 304 644 367 815

1781 309 2053 374 ΤΗΕΟΙ).
2099 311 2498 375 BALSAMON

3669 310 3780 372 816

545 451 647 488 una
681 451 826 491 caro.
881 437 1067 509 Itaque
1106 454 1200 508 per
1230 454 1452 494 uxorem
1510 454 1666 494 soror
1725 439 1790 494 ad
1843 441 1944 494 viri
1984 442 2048 494 an

2157 475 2165 491 ι
2196 438 2226 505 ἠ
2249 435 2450 506 ἀδελφὴ
2478 434 2613 504 πρὸς
2635 433 2731 506 τὴν
2762 431 2854 488 τοῦ
2880 433 3066 504 ἀνδρὸς
3090 434 3404 506 οἰκειότητα
3437 439 3774 505 μεταεαίνει.

539 526 760 579 nitatem
823 530 1045 582 transit.
1108 528 1572 594 Quemadmodum
1645 531 1789 584 enim
1867 539 2092 584 matrem

540 617 724 669 uxoris
768 633 872 669 non
939 627 1198 684 assumet,
1252 635 1425 688 neque
1472 620 1633 687 ﬁliam
1687 620 1917 683 uxoris,
1969 635 2091 688 pro-

537 712 717 772 pterea
748 706 889 773 quod
930 723 1101 774 neque
1159 723 1312 762 suam
1373 709 1543 777 ipsius
1609 717 1866 772 matrem,
1916 724 2092 777 neque

535 807 687 846 Suam
722 794 892 861 ipsius
929 795 1126 860 ﬁliam;
1180 798 1252 850 ita
1305 813 1403 850 nec
1457 800 1643 851 uxoris
1677 813 1943 860 sororem,
1971 813 2091 865 pro-

533 891 714 950 pterea
746 885 887 952 quod
931 901 1103 952 neque
1160 902 1311 940 suam
1343 887 1510 954 ipsius
1554 902 1812 940 sororem.
1869 886 1933 939 Et
1971 888 2088 940 vice

532 986 708 1036 versa,
744 988 918 1041 neque
965 976 1120 1027 uxori
1155 975 1336 1028 licebit
1375 989 1495 1027 sese
1525 974 1622 1026 viri
1680 973 1925 1028 aﬁinibus
1957 989 2086 1028 con-

526 1061 771 1130 jungere.
833 1062 967 1115 Sunt
1005 1065 1146 1116 enim
1193 1065 1444 1132 utrinque
1483 1064 1786 1116 communia
1815 1063 2082 1118 aﬁinitatis

525 1152 667 1218 jura.
736 1150 845 1220 Ego
894 1167 1054 1219 porro
1101 1155 1320 1205 cuilibet
1387 1152 1452 1205 de
1527 1152 1731 1218 nuptiis
1777 1155 2083 1206 consulenti

530 1239 811 1304 testiﬁcor,
845 1242 1123 1309 przuterire
1169 1244 1394 1310 ﬁguram
1427 1242 1588 1310 hujus
1612 1242 1818 1304 mundi,
1869 1252 1921 1296 ct
1948 1251 2084 1296 tem-

528 1343 628 1396 pus
652 1329 811 1383 breve
838 1345 979 1392 esse,
1034 1329 1098 1382 Ut
1125 1333 1211 1399 qui
1245 1331 1431 1382 habent
1477 1347 1662 1382 uxores
1695 1340 1942 1398 tum/uani
1981 1349 2080 1383 non

529 1419 767 1471 habentes
790 1420 893 1472 sint
947 1418 986 1472 ¹.
1019 1420 1169 1483 Quod
1199 1421 1243 1472 si
1275 1421 1406 1473 mihi
1434 1436 1711 1488 perperam
1738 1422 1876 1488 legat
1913 1421 2076 1473 illud:

527 1505 755 1559 Crescite
778 1517 822 1559 et
859 1509 1278 1574 multiplicamini
1332 1509 1350 1536 ²
1393 1530 1402 1562 :
1444 1510 1591 1561 rideo
1631 1510 1802 1576 legum
1837 1518 2077 1578 tempora

527 1610 636 1649 non
668 1596 1084 1651 discernentem.
1117 1597 1512 1651 Fornicationis
1549 1599 1843 1651 remedium
1879 1603 2078 1668 nuptiae

526 1682 793 1745 secundm,
830 1698 938 1735 non
977 1685 1195 1738 occasio
1249 1685 1497 1738 lasciviaa.
1552 1684 1607 1736 Si
1658 1698 1715 1736 se
1762 1701 1870 1738 non
1903 1689 2077 1740 conti-

525 1778 673 1833 nent,
705 1772 928 1838 nubant,
952 1773 1125 1844 inquit
1172 1777 1213 1840 ³,
1249 1789 1356 1828 non
1387 1790 1514 1830 vero
1535 1784 1586 1829 et
1616 1774 1879 1831 nubentes
1905 1776 2074 1847 legem

523 1862 740 1916 violent.

679 1951 771 2006 lsti
803 1961 1000 2018 autem,
1039 1971 1267 2024 quorum
1302 1960 1515 2016 animus
1554 1964 1680 2019 vitio
1717 1965 2072 2036 turpitudinis

523 2043 702 2111 lippus
728 2051 829 2107 est,
869 2060 936 2098 ne
968 2047 1033 2098 ad
1071 2055 1318 2102 naturam
1350 2052 1563 2119 quidem
1595 2059 1914 2126 respiciunt,
1953 2072 2073 2126 qum

517 2132 629 2199 jam
676 2134 803 2187 olim
842 2137 1057 2203 generis
1106 2139 1324 2190 nomina
1365 2141 1644 2196 discrevit.
1679 2147 1754 2199 Ex
1786 2163 1891 2216 qua
1926 2147 2069 2200 enim

520 2224 841 2295 cognatione
870 2231 1027 2278 natos
1065 2227 1451 2294 appellabunt?
1485 2230 1800 2301 Fratresne,
1829 2252 1897 2290 an
1939 2251 2070 2290 con-

517 2307 768 2362 sobrinos
833 2313 1148 2366 vocabunt?
1203 2315 1468 2382 siquidem
1530 2335 1722 2374 nomen
1783 2331 2069 2394 utrumque

515 2396 597 2451 eis
647 2397 718 2450 ob
767 2399 1139 2455 confusionem
1200 2407 1468 2472 congruit.
1523 2407 1599 2460 Ne
1638 2409 1841 2479 facias,
1883 2429 1914 2467 ο
1965 2415 2063 2467 ho-

515 2500 634 2551 mo,
691 2487 905 2541 amitam
960 2505 1243 2545 novercam
1310 2494 1632 2562 infantium;
1688 2515 1786 2554 nec
1837 2519 1955 2571 qua:
2009 2505 2062 2556 in

513 2572 703 2626 matris
747 2574 866 2627 loco
911 2574 1090 2630 fovere
1128 2578 1304 2641 debet,
1337 2595 1454 2632 eam
1497 2584 1840 2641 aemulatione
1873 2589 2062 2656 impla-

514 2660 674 2713 cabili
729 2665 1044 2719 arrnavcris.
1081 2663 1212 2718 Nam
1267 2669 1439 2720 solum
1491 2685 1843 2727 novercarum
1893 2692 2060 2745 genus

512 2749 672 2802 etiam
705 2760 828 2818 post
859 2761 1088 2806 mortem
1120 2755 1301 2808 odium
1335 2772 1396 2810 ac
1427 2759 1762 2814 inimicitiam
1796 2767 2057 2820 extendit.

513 2837 647 2901 lmo,
683 2840 774 2892 alii
829 2841 1034 2896 inimici
1078 2846 1304 2899 mortuis
1336 2849 1786 2916 reconciliantur;
1818 2869 2060 2911 noverca:

511 2929 692 2983 odisse
734 2939 856 2999 post
900 2940 1124 2985 mortem
1174 2933 1458 3001 incipiunt.
1511 2935 1732 2990 Summa
1786 2941 2055 2998 dictorum

509 3031 621 3070 meo
651 3026 733 3072 est
770 3039 781 3072 :
822 3019 877 3071 Si
927 3021 1049 3089 quis
1100 3023 1333 3090 legitime
1379 3026 1597 3092 nuptias
1631 3032 1865 3097 appetit,
1913 3040 2055 3087 totus

507 3105 657 3158 orbis
698 3112 966 3161 terrarum
1017 3118 1205 3177 patet:
1250 3112 1332 3164 sin
1379 3113 1600 3169 libidine
1637 3117 1952 3186 impellitur,
1987 3123 2054 3176 ob

505 3191 558 3244 id
589 3195 758 3261 magis
785 3196 944 3248 etiam
975 3198 1315 3262 excludatur,
1352 3198 1416 3253 Ut
1453 3201 1620 3254 discat
1652 3222 1738 3258 vas
1765 3224 1915 3260 suum
1941 3228 2054 3278 pos-

503 3281 671 3334 sidere
699 3284 753 3334 in
797 3286 1210 3351 sanctiﬁcatione
1242 3299 1288 3340 et
1324 3290 1516 3343 honore
1537 3330 1552 3352 ,
1579 3309 1678 3346 non
1719 3297 1771 3347 in
1811 3301 2051 3364 passione

502 3371 748 3424 desiderii
779 3373 799 3404 ⁸
830 3412 843 3424 .
875 3373 954 3428 Me
981 3377 1132 3442 plura
1173 3378 1354 3433 dicere
1385 3391 1666 3448 parantem
1699 3388 1891 3442 modus
1935 3393 2044 3458 epi-

501 3462 656 3514 stolae
683 3462 921 3519 cohibet.
959 3464 1160 3520 Precor
1194 3477 1393 3533 autem,
1431 3479 1487 3523 ut
1517 3473 1598 3526 vel
1632 3484 1816 3528 nostra
1861 3479 2047 3534 admo-

500 3551 634 3604 nitio
666 3552 856 3606 vitium
904 3564 1161 3623 superet,
1215 3558 1295 3611 vel
1327 3575 1432 3613 non
1481 3573 1663 3631 serpat
1717 3565 1770 3618 in
1804 3578 2042 3624 nostram

497 3640 770 3707 regionem
812 3643 913 3697 hoc
954 3644 1257 3712 piaculum;
1295 3647 1388 3702 sed
1422 3649 1475 3703 in
1505 3651 1704 3720 quibus
1747 3653 2041 3710 admissum

495 3736 577 3784 est
602 3727 756 3794 locis,
791 3732 842 3786 in
872 3732 958 3789 his
992 3745 1320 3803 permaneat.

550 4185 741 4241 BALS.
811 4188 982 4260 Magni
1044 4190 1218 4250 Patris
1282 4198 1346 4251 ad
1405 4200 1693 4256 Diodorum
1758 4207 2019 4273 epistola,

472 4277 678 4330 etiamsi
707 4279 852 4331 omni
889 4281 1149 4348 sapientia
1179 4293 1230 4337 et
1257 4300 1382 4338 vera
1411 4287 1710 4355 eloquentia
1745 4295 1899 4360 plena
1928 4297 2022 4357 sit,

471 4376 519 4417 et
569 4365 796 4432 Spiritus
845 4371 1014 4421 sancti
1054 4386 1235 4425 vocem
1267 4374 1414 4441 edit;
1444 4385 1619 4430 tamen
1657 4395 1760 4433 non
1807 4391 1888 4434 cst
1921 4381 2022 4435 hoc

472 4466 703 4520 tempore
724 4460 1026 4523 quaerenda.
1059 4459 1306 4514 Decernit
1338 4464 1479 4517 enim
1513 4482 1580 4519 ne
1611 4467 1659 4519 in
1691 4470 2018 4524 matrimonii

469 4544 778 4598 societatem
830 4545 948 4598 dua:
1005 4562 1217 4602 sorores
1258 4565 1285 4602 a
1335 4555 1582 4622 quopiam
1648 4559 2014 4626 accipiantur,

468 4635 606 4700 quod
649 4631 738 4687 Dei
771 4637 939 4703 gratia
970 4637 1125 4690 hodie
1161 4653 1228 4690 ne
1259 4639 1308 4690 in
1342 4653 1568 4696 mentem
1602 4648 1814 4712 quidem
1842 4649 1985 4701 homi
2012 4680 2019 4690 ο

468 4726 549 4777 nis
579 4724 870 4779 Christiani
901 4727 1043 4778 venit
1069 4764 1084 4787 ,
1113 4737 1165 4780 et
1197 4738 1476 4795 propterea
1507 4747 1604 4787 nec
1635 4735 1895 4803 ampliore
1931 4737 2013 4789 in-

467 4815 844 4880 terpretatione
875 4829 1008 4882 opus
1054 4815 1257 4870 habuit.
1293 4817 1438 4873 llahe
1468 4831 1644 4876 autem
1693 4824 1833 4878 hanc
1875 4825 2012 4879 divi-

468 4919 586 4954 nam
619 4903 895 4971 epistolam
925 4904 1133 4958 assidue
1175 4906 1225 4958 in
1266 4911 1544 4963 memoria.
1579 4911 1689 4967 Etsi
1725 4914 1865 4967 enim
1916 4915 1965 4968 id
1993 4955 2007 4976 ,

467 4994 606 5062 quod
635 4994 688 5047 in
723 5009 784 5048 ea
811 4993 1083 5048 deﬁnitum
1116 5003 1217 5060 est,
1247 5013 1349 5050 non
1378 5008 1664 5068 tractatur;
1692 5017 1808 5071 qua:
1835 5013 2012 5057 tamen

467 5085 612 5137 inea
671 5083 1210 5152 comprehenduntur,
1262 5088 1677 5154 epicheremata,
1731 5095 2014 5158 enthyme-

464 5182 625 5236 mata,
662 5184 714 5227 et
748 5173 1228 5243 epenthymemata,
1259 5175 1338 5227 vel
1374 5178 1548 5243 potius
1579 5193 1908 5250 quaecunque
1945 5198 2010 5237 ex

467 5261 640 5316 Veteri
675 5262 1065 5332 (Testamento)
1099 5273 1149 5316 et
1185 5278 1247 5316 ex
1278 5280 1470 5334 magno
1497 5269 1737 5335 apostolo
1773 5269 1933 5324 Paulo
1958 5283 2010 5326 et

463 5353 753 5422 composita
784 5361 836 5407 et
863 5354 1108 5426 opposita
1138 5352 1388 5418 fuerunt,
1429 5357 1481 5407 in
1521 5357 1636 5409 aliis
1664 5359 1840 5414 causis
1871 5363 2007 5414 mul-

2206 526 2290 586 Ὠς
2319 526 2426 595 γὰρ
2462 526 2669 594 μητέρα
2694 525 2947 591 γυναικὸς
2981 525 3041 576 ού
3068 524 3319 593 λήψεται,
3347 526 3473 578 οὐδὲ
3503 525 3778 598 θυγατέρα

2191 616 2288 683 τῆς
2318 616 2594 681 γυναικὸς,
2644 615 2774 666 διότι
2808 615 2939 684 μηδὲ⁹
2985 614 3083 684 τὴν
3120 615 3316 666 ἑαυτοῦ
3351 617 3590 685 μητέρα,
3643 619 3778 686 μηδὲ

2191 704 2285 771 τὴν
2316 703 2506 755 ἑαυτοῦ
2539 702 2809 773 θυγατέρα
2837 719 2850 732 °
2878 702 3047 764 οὕτως
3080 703 3462 772 caenosa).th
3495 705 3774 772 γυναικὸς,

2189 791 2318 843 διότι
2343 793 2473 862 μηδὲ
2513 792 2744 861 ἀδελφὴν
2772 791 2982 846 ἑαυτοῦ.
3004 794 3112 844 Καὶ
3142 792 3201 844 τὸ
3231 794 3528 854 ἀνάπαλιν,
3559 794 3682 846 οὐδὲ
3708 799 3776 864 τῇ

2190 883 2408 947 γυναικὶ
2455 882 2667 945 ἐξέσται
2714 885 2824 944 τοῖς
2869 882 3088 942 οἰκείοις
3116 881 3210 932 τοῦ
3246 882 3446 952 ἀνδρὸς
3476 887 3773 936 συνοικεῖν,

2191 972 2354 1022 Κοινὰ
2403 972 2510 1040 γάρ
2563 975 2645 1023 ἐπ’
2684 973 3007 1041 ἀμφοτέρων
3060 971 3161 1040 τῆς
3216 974 3546 1038 συγγενείας
3596 973 3672 1025 τά
3699 974 3777 1026 δί-

2189 1077 2334 1111 καια.
2385 1059 2526 1126 Ἐγὼ
2550 1061 2603 1112 δὲ
2662 1061 2820 1112 παντὶ
2856 1061 2932 1129 τῷ
2985 1061 3116 1129 περὶ
3167 1061 3347 1130 γάμου
3390 1061 3776 1134 βουλευομένῳ

2184 1148 2639 1220 διαμαρτύρομαι,
2693 1153 2772 1202 ὅτι
2822 1151 3056 1219 παράγει
3082 1151 3143 1203 τὸ
3200 1151 3393 1219 σχῆμα
3424 1153 3519 1204 τοῦ
3560 1155 3774 1222 κόσμου

2182 1238 2390 1301 τούτου,
2429 1241 2522 1291 καὶ
2565 1241 2592 1291 ὁ
2641 1240 2828 1309 καιρὸς
2858 1241 3284 1309 συνεσταλμένος
3310 1242 3483 1302 ἐστὶν,
3507 1243 3647 1295 Ἵνα
3676 1241 3777 1293 καὶ

2182 1331 2234 1379 οἱ
2266 1328 2506 1394 ἔχοντες
2526 1328 2809 1395 γυναῖκας
2845 1329 2922 1392 ὡς
2946 1331 3030 1396 μὴ
3068 1329 3312 1396 ἔχοντες
3332 1325 3511 1382 ὦσιν.
3563 1331 3696 1382 Ἐὰν
3716 1331 3776 1383 δέ

2183 1432 2270 1482 μοι
2330 1416 2785 1485 παραναγινώσκῃ
2836 1417 2914 1479 τὸ,
2964 1417 3312 1478 Αὐξάνεσθε
3372 1420 3470 1471 καὶ
3533 1423 3774 1484 πληθύ-

2178 1507 2385 1556 νεσθεο
2415 1505 2692 1570 καταγελῶ
2719 1504 2810 1555 τοῦ
2846 1505 2952 1556 τῶν
2980 1505 3311 1574 νομοθεσιῶν
3355 1510 3487 1566 τοὺς
3530 1511 3777 1578 καιροὺς

2179 1591 2253 1660 μὴ
2318 1592 2696 1662 διακρίνοντος.
2755 1594 3010 1662 Πορνείας
3056 1596 3380 1665 παραμυθία
3427 1600 3454 1649 ό
3506 1599 3776 1667 δεύτερος

2175 1682 2371 1750 γάμος,
2426 1684 2525 1735 ούκ
2575 1685 2781 1750 ἐφόδιον
2809 1687 2889 1747 είς
2919 1687 3226 1754 ἀσέλγειαν.
3257 1689 3319 1740 Et
3349 1689 3450 1740 οὑκ
3486 1691 3775 1759 ἐγκαρτε-

2177 1768 2442 1838 ρεύονται,
2497 1772 2925 1840 γαμησάτωσαν,
2980 1774 3184 1842 φησίν·
3247 1776 3369 1844 οὐχὶ
3414 1775 3472 1827 δὲ
3519 1778 3620 1830 καὶ
3665 1795 3775 1844 γα⁴

2175 1859 2398 1927 μοῦντες
2425 1864 2927 1932 παρανομείτωσαν.

2324 1951 2386 2002 ΟΞ
2413 1950 2467 2001 δὲ
2495 1953 2613 2003 οὐδὲ
2641 1952 2774 2022 πρὸς
2797 1955 2894 2022 τὴν
2918 1955 3076 2022 φύσιν
3106 1955 3536 2020 ἀποϐλέπουσιν,
3579 1959 3634 2010 οἱ
3663 1960 3773 2028 τὴν

2169 2038 2340 2107 ψυχὴν
2372 2037 2651 2106 λημῶντες
2700 2039 2776 2109 τῷ
2813 2042 2972 2093 πάθει
2997 2043 3094 2112 τῆς
3125 2043 3370 2112 ἀτιμίας,
3425 2047 3598 2098 πάλαι
3648 2051 3770 2100 δια-

2171 2126 2429 2193 κρίνασαν
2477 2126 2575 2188 τὰς
2623 2126 2715 2178 τοῦ
2769 2128 2958 2194 γένους
3012 2133 3408 2200 προσηγορίας.
3453 2135 3549 2186 Ἐκ
3592 2137 3768 2198 ποίας

2168 2212 2276 2282 γὰρ
2301 2215 2612 2280 συγγενείας
2639 2216 2763 2277 τοὺς
2788 2217 3144 2285 γεννηθέντας
3167 2223 3719 2291 προσαγορεύσουσιν
3745 2243 3764 2291 ;

2181 2303 2462 2370 Ἀδελφοὺς
2491 2305 2682 2366 αὐτοὺς
2720 2305 2960 2375 ἀλλήλων
2991 2308 3023 2376 ἢ
3053 2309 3308 2377 ἀνεψιοὺς
3337 2315 3715 2384 προσεροῦσιν
3743 2333 3760 2380 ;

2171 2394 2452 2464 ἀμφότερα
2483 2394 2591 2463 γὰρ
2635 2395 2814 2457 αὐτοῖς
2855 2401 3225 2469 προσαρμόσει
3265 2403 3352 2454 διὰ
3398 2405 3497 2472 τὴν
3540 2406 3762 2476 σύγχυ-

2169 2499 2265 2536 σιν.
2304 2484 2392 2552 Μὴ
2441 2485 2687 2553 ποιήσῃς,
2727 2477 2771 2536 ὦ
2812 2487 3082 2556 ἄνθρωπε.
3128 2492 3225 2559 τὴν
3261 2491 3416 2544 Θείαν
3471 2497 3760 2564 μητρυιὰν

2163 2572 2269 2625 τῶν
2312 2573 2545 2642 νηπίων⁹
2597 2576 2727 2644 μηδὲ
2781 2577 2877 2645 τὴν
2927 2578 2983 2628 ὲν
3033 2580 3237 2648 μητρὸς
3301 2581 3453 2644 τάξει
3517 2583 3758 2638 θάλπειν

2161 2660 2490 2728 ὀφείλουσαν,
2527 2663 2726 2733 ταύτην
2760 2665 3054 2735 ὲφοπλίσῃς
3091 2670 3209 2730 ταῖς
3254 2670 3600 2737 ἀμειλίκτως
3646 2673 3753 2744 ζη-

2161 2749 2452 2813 λοτυπίαις.
2489 2753 2661 2806 Μόνον
2699 2753 2805 2823 γὰρ
2848 2755 2908 2806 τὸ
2948 2755 3102 2822 γένος
3294 2759 3407 2814 τῶν
3455 2763 3753 2831 μητρυιῶν

2161 2838 2251 2888 καὶ
2283 2839 2416 2906 μετά
2451 2839 2676 2893 θάνατον
2717 2841 2927 2895 ὲλαύνει
2971 2845 3068 2914 τὴν
3097 2846 3298 2917 ἔχθραν
3321 2865 3334 2878 ’
3369 2851 3572 2919 μᾶλλον
3601 2853 3660 2905 δὲ
3694 2857 3752 2906 οι

2161 2927 2256 2994 μὲν
2291 2927 2463 2990 ἄλλως
2511 2931 2752 3000 πολέμιοι
2798 2935 2909 2995 τοῖς
2959 2935 3241 3004 τεθνηκόσι
3288 2941 3646 2995 σπένδονται·
3686 2948 3749 2997 αι

2155 3015 2208 3067 δὲ
2251 3019 2508 3086 μητρυιαὶ
2537 3017 2627 3069 τοῦ
2666 3019 2853 3088 μίσους
2888 3023 3022 3090 μετά
3064 3023 3154 3075 τὸν
3183 3023 3415 3080 θάνατον
3451 3029 3746 3099 ἄρχονται.

2155 3106 2454 3173 Κεφάλαιον
2479 3107 2533 3158 δὲ
2559 3108 2663 3160 τῶν
2695 3109 3019 3179 εἰρημένων,
3041 3113 3102 3165 Εἰ
3138 3114 3236 3183 μὲν
3267 3117 3419 3186 νόμῳ
3441 3136 3527 3182 τις
3558 3123 3746 3192 ὁρμᾶ-

2152 3212 2237 3246 ται
2268 3196 2398 3265 πρὸς
2441 3197 2528 3249 τὸν
2565 3197 2760 3267 γάμον,
2789 3201 3028 3268 ἠνοικται
3073 3207 3220 3257 πᾶσα
3249 3207 3281 3275 ὴ
3314 3209 3614 3279 οἰκουμένη
3637 3228 3652 3242 ο
3690 3216 3748 3266 ει

2150 3283 2204 3334 δὲ
2244 3285 2491 3356 ἐμπαθὴς
2534 3287 2677 3356 αύτῷ
2721 3291 2750 3358 ὴ
2813 3291 3036 3360 σπουδὴ,
3083 3293 3169 3345 διὰ
3213 3294 3376 3348 τοῦτο
3424 3300 3518 3350 καὶ
3565 3301 3744 3356 πλέοι

2149 3371 2575 3442 ἀποκλεισθήτω,
2607 3376 2728 3428 Ἵνα
2759 3377 2917 3445 μάθῃ
2959 3381 3024 3432 τὸ
3067 3381 3284 3435 ἑαυτοῦ
3318 3387 3548 3452 σκεῦος
3587 3389 3742 3444 κτᾶ-

2146 3465 2285 3514 σθαι
2332 3462 2400 3513 ἐν
2444 3462 2712 3529 ἁγιασμῷ
2759 3465 2854 3516 καὶ
2905 3467 3060 3534 τιμῇ,
3084 3470 3169 3536 μὴ
3206 3471 3278 3524 ἐν
3312 3475 3487 3528 πάθει
3520 3477 3741 3533 ἐπιθυ-

2141 3550 2299 3617 μίας.
2333 3551 2556 3604 Πλείονά
2588 3565 2653 3620 με
2687 3553 2864 3619 λέγειν
2893 3555 3218 3627 ὡρμημένον
3264 3563 3327 3614 τὸ
3378 3567 3578 3636 μέτρον
3632 3570 3740 3621 ἐπα

2146 3638 2256 3705 έχει
2421 3639 2518 3706 τῆς
2545 3640 2846 3709 ἐπιστολῆς.
2887 3643 3126 3714 Εὖχομαι
3158 3649 3212 3699 δὲ
3243 3649 3276 3718 ἢ
3314 3651 3414 3719 τὴν
3459 3655 3736 3724 παραίνε-

2148 3743 2231 3777 σιν
2265 3728 2415 3794 ήμῶν
2457 3729 2801 3799 ἰσχυροτέραν
2840 3733 2933 3785 τοῦ
2975 3736 3180 3798 πάθους
3218 3738 3645 3812 ἀποδειχθῆναι,
3691 3748 3732 3818 ἢ

2151 3815 2222 3882 μὴ
2256 3816 2584 3884 ἐπιδημῆσαι
2612 3822 2674 3888 τῇ
2711 3821 2948 3891 ἡμετέρᾳ
3119 3825 3178 3876 τὸ
3213 3825 3347 3893 ἄγος
3376 3828 3536 3883 τοῦτο
3555 3848 3568 3861 ο
3599 3815 3726 3886 an‘

2145 3904 2201 3955 ιν
2226 3898 2303 3966 οἷς
2330 3905 2394 3957 ἂν
2429 3906 2690 3977 ἐτολμήθη
2719 3910 2897 3973 τόποις
2931 3913 3302 3983 ἑναπομείναι.

2197 4210 2394 4266 ΒΔΛΣ.
2439 4211 2504 4265 Ἥ
2538 4211 2672 4282 πρὸς
2703 4210 2969 4285 Διόδωρον
3027 4215 3288 4288 ἐπιστολὴ
3325 4219 3428 4274 τοῦ
3465 4225 3722 4292 μεγάλου

2132 4300 2376 4370 Πατέρος
2404 4302 2506 4354 κᾶν
2527 4304 2707 4374 πάσης
2737 4307 2932 4374 σοφίας
2959 4307 3058 4360 καὶ
3103 4308 3347 4378 ἀληθοῦς
3413 4314 3721 4384 ῥητορείας

2126 4392 2482 4462 πεπλησμένη
2510 4395 2646 4458 ἐστὶ,
2678 4399 2774 4448 καὶ
2806 4398 2905 4466 τὴν
2934 4400 3196 4469 κιννύραν
3251 4402 3350 4455 τοῦ
3429 4412 3714 4476 παναγίου

2125 4479 2440 4546 Πνεύματος
2497 4482 3012 4556 ὑποφθεγγίζηται,
3069 4490 3185 4541 ἀλλ’
3246 4494 3349 4544 οὐκ
3411 4493 3529 4547 ἔστι
3607 4498 3717 4567 ζηο

2120 4573 2289 4639 τητέα
2347 4575 2404 4625 ὲν
2426 4575 2546 4636 ταῖς
2569 4578 2878 4645 παρούσαις
2931 4582 3186 4651 ἡμέραις.
3259 4586 3542 4656 Ὀροθετεί
3596 4594 3715 4660 γὰρ

2123 4657 2322 4725 μηδένα
2372 4660 2670 4729 λαμϐάνειν
2732 4667 2871 4734 πρὸς
2941 4670 3230 4723 κοινωνίαν
3292 4673 3480 4742 γάμου
3541 4657 3709 4730 assa;

2121 4748 2224 4814 φὰς
2250 4747 2360 4814 δύο,
2413 4751 2546 4820 ὅπερ
2579 4754 2712 4806 Θεοῦ
2768 4757 2948 4826 χάριτι
3014 4761 3252 4830 σήμερον
3320 4764 3444 4818 οὐδὲ
3493 4769 3575 4829 si;
3611 4771 3703 4820 ιν-

2120 4836 2354 4922 θύμησιν
2425 4840 2560 4903 ὅλως
2621 4841 2839 4911 ἔρχεται
2885 4847 3176 4914 ἀνθρώπου
3213 4852 3577 4922 Χριστιανοῦ,
3605 4863 3705 4913 καὶ

2117 4921 2201 4973 διὰ
2232 4923 2389 4976 τοῦτο
2412 4927 2532 4978 οὐδὲ
2573 4930 2818 4993 πλείονος
2860 4934 3154 5002 ἑρμηνείας
3217 4939 3435 5010 ὶδεήθη.
3472 4921 3612 5012 Ἔχε
3650 4947 3708 5000 δὲ

2099 5009 2318 5080 ,ταύτην
2348 5012 2445 5082 τὴν
2477 5015 2628 5067 θείαν
2653 5019 2948 5088 ἐπιστολὴν
2977 5021 3248 5092 διηνεκῶς
3304 5009 3410 5079 int
3445 5009 3702 5100 μνήμης.

2117 5100 2234 5151 Κᾶν
2261 5101 2370 5170 γὰρ
2399 5102 2458 5154 τὸ
2497 5105 2812 5179 ὀροθέτημα
2854 5110 3061 5181 ταύτης
3124 5117 3187 5167 οὐ
3265 5122 3702 5188 τρακταῖζεται,

2114 5187 2247 5239 ἀλλά
2277 5190 2344 5241 τά
2371 5192 2427 5243 ὲν
2457 5192 2629 5263 ταύτῃ
2668 5197 3057 5266 περιεχόμενα,
3126 5203 3568 5275 ἐπιχειρήματα,
3610 5215 3701 5262 ἐν·

2114 5275 2410 5347 θυμήματά
2443 5298 2500 5333 τε
2536 5284 2627 5336 καὶ
2687 5287 3123 5357 ὲπενθυμήματα
3183 5294 3277 5344 καὶ
3328 5298 3534 5364 μᾶλλον
3597 5303 3704 5354 ὃσα

2113 5367 2219 5419 ἀπό
2242 5385 2299 5420 τε
2334 5370 2434 5438 τῆς
2474 5373 2716 5437 Παλαιᾶς
2744 5379 2838 5429 καὶ
2906 5381 2999 5432 τοῦ
3059 5382 3303 5450 μεγάλου
3384 5388 3702 5446 ἀποστόλου

553 5631 568 5661 ¹
600 5635 617 5688 l
648 5635 772 5690 Cor.
805 5651 900 5698 vn,
936 5634 1022 5688 29.
1107 5625 1126 5654 ’
1162 5634 1297 5689 Gen.
1327 5647 1363 5696 ι,
1390 5632 1490 5698 ‘28;
1533 5649 1607 5701 Ix,
1650 5641 1698 5692 t.
1779 5635 1796 5664 ³
1829 5641 1843 5692 ι
1877 5642 1999 5696 Cor.
2031 5660 2130 5711 vn,
2167 5647 2217 5701 9.
2294 5646 2310 5676 ⁸
2355 5650 2373 5705 l
2412 5650 2600 5712 Thess.
2643 5670 2719 5723 tv,
2745 5660 2798 5713 4.
