4006 6500
186 407 289 473 817

1123 409 1209 474 IN
1238 408 1482 474 EPIST.
1517 413 1580 474 S.
1617 411 1910 474 BASILII
1953 411 2057 473 AD
2095 411 2529 478 DIODORUM.

3336 412 3444 476 818

189 524 403 580 Παύλου
444 522 812 596 συνετέθησάν
837 539 899 579 τε
929 523 1026 579 καὶ
1098 524 1455 598 ἀνετέθησαν,
1508 524 1764 596 μεγάλως
1794 578 1796 585 λ

1902 541 1991 580 um
2025 524 2334 582 conferunt.
2363 524 2500 582 Nota
2533 533 2711 580 autem
2734 537 2798 580 ex
2827 538 2911 589 ea,
2930 522 3072 593 quod
3099 521 3450 580 ecclesiastici

191 617 540 673 συντελοῦσιν
568 618 664 672 επὶ
709 617 928 689 ἑτέραις
963 615 1280 673 ὑποθέσεσι.
1331 618 1651 690 Σημείωσαι
1699 617 1766 690 δὴ

185 711 296 766 ἀπὸ
349 709 557 780 ταύτης
576 711 662 764 δτι
689 709 784 764 καὶ
824 709 895 765 τά
924 706 1150 780 ἄγραφα
1181 707 1616 778 ἐκκλησιαστικά
1647 706 1769 778 έθη,

191 801 270 866 ὡς
297 801 349 855 οῖ
374 799 648 873 ιγγραφοι
678 800 927 865 κανόνες.
955 797 1027 854 τὸ,
1049 797 1528 871 ἀπαρεγχείρητον
1560 797 1768 870 ἔχουσι’

187 891 283 946 καὶ
322 892 407 947 δτι
447 892 568 955 ταῖς
601 890 924 952 Μωσαῖκαῖς
955 887 1302 958 νομοθεσίαις
1337 887 1626 960 προσέχειν
1673 889 1775 944 οὐκ

1874 618 2040 674 etiam
2071 633 2177 672 non
2213 617 2399 686 scripti
2434 630 2636 682 mores,
2674 616 2817 672 sicut
2847 616 3029 687 scripti
3059 629 3331 680 canones,
3367 629 3456 669 re-

1881 707 2046 764 futari
2079 723 2184 764 non
2214 717 2438 779 possunt
2462 725 2477 774 ;
2498 716 2553 764 et
2577 709 2720 780 quod
2747 709 2890 778 leges
2917 707 3169 763 mosaicte
3201 721 3307 762 non
3331 714 3458 761 sunt

1883 799 2242 855 attendenda.
2277 798 2416 855 Nota
2446 799 2610 855 etiam
2642 797 2810 854 multa
2833 796 2936 852 alia
2962 813 3029 852 ex
3061 798 3165 852 hac
3208 794 3455 865 epistola,

1887 903 2006 960 quae
2033 899 2159 947 sunt
2193 892 2462 963 imprimis
2494 893 2800 949 necessaria
2837 900 2893 946 et
2920 892 3151 948 maxime
3178 890 3351 947 utilia.

191 986 512 1057 ὀφείλομεν.
529 984 643 1038 Καὶ
658 983 823 1055 ἕτερα
848 983 907 1038 δι
928 983 1097 1037 πολλά
1127 983 1588 1055 παρασημείωσαι
1609 985 1674 1038 ὲκ
1701 981 1904 1057 ταύτης
1942 988 2039 1056 τῆς
2068 987 2382 1057 ἐπιπολῆς,
2399 985 2807 1058 ἀναγκαιότατά
2827 1003 2886 1040 τε
2907 984 3001 1039 καὶ
3029 983 3446 1056 χρησιμώτατα.

273 1076 521 1131 ΖΩΝΑΡ.
559 1075 1034 1145 Προκαταστήσας
1061 1073 1138 1146 (a)
1178 1074 1445 1144 τὸνλόγον
1502 1076 1533 1129 6
1589 1075 1772 1144 ἀγιος,

194 1166 294 1221 καὶ
323 1165 397 1230 ὡς
425 1168 484 1220 ὲν
506 1164 662 1238 ἄλλῳ.
717 1164 996 1237 προσώπῳ
1045 1165 1254 1239 τρέψας
1301 1166 1395 1221 τδν
1461 1165 1774 1238 γράψαντα,

193 1259 291 1313 νῦν
331 1260 427 1312 καὶ
453 1258 592 1329 πρὸς
621 1257 936 1331 ἀνατροπὴν
960 1257 1054 1312 τοῦ
1085 1258 1414 1331 γράμματος
1441 1259 1642 1330 χωρεῖ’
1674 1257 1773 1312 καὶ

198 1349 421 1420 πρῶτον
448 1348 555 1420 μὲν
597 1347 662 1402 τὸ
681 1348 802 1413 ιθος
832 1348 1198 1420 προϐάλλεται
1254 1350 1352 1403 καὶ
1399 1349 1569 1419 νόμου
1602 1348 1777 1403 δύνα-

204 1457 301 1512 μιν
337 1439 488 1508 εχειν
519 1439 709 1512 φησὶν,
741 1439 820 1505 ὡς
843 1439 957 1494 τῶν
979 1439 1204 1512 θεσμῶν
1231 1441 1353 1512 ἦτοι
1408 1441 1522 1495 τῶν
1563 1457 1780 1512 νενομι-

205 1533 448 1603 σμένων.
480 1531 592 1587 τῶν
625 1531 968 1603 δεδογμένων
992 1532 1099 1587 ῦπδ
1120 1532 1296 1602 ἀγίων
1330 1533 1565 1604 ἀνδρῶν,
1604 1549 1782 1603 παρα-

199 1623 529 1691 δεδομένων.
583 1623 699 1678 Καὶ
732 1623 761 1676 6
784 1623 1068 1688 πολιτικὸς
1096 1622 1156 1678 δὲ
1182 1623 1350 1694 νόμος
1375 1623 1437 1678 τὸ
1496 1623 1785 1694 κρατῆσαν

206 1713 332 1778 ῖθος
364 1714 532 1785 νόμου
569 1713 803 1785 δύναμιν
833 1713 980 1785 ἐχειν
1025 1714 1447 1771 διακελεύεται·
1537 1715 1643 1770 κᾶν
1707 1714 1784 1786 μὴ

203 1807 312 1861 ὑπὸ
346 1807 519 1875 ἁγίων
541 1805 756 1878 ἀνδρῶν
809 1807 880 1862 τά
944 1807 1314 1878 νενομισμένα
1372 1808 1488 1871 τοῖς
1538 1805 1784 1871 πολίταις

205 1897 711 1969 ιδοιγματίσθησαν.
744 1897 888 1969 Φησὶ
907 1898 1018 1970 γάρ
1068 1897 1276 1970 βιϐλίον
1316 1895 1361 1970 β’
1396 1898 1509 1952 τῶν
1555 1898 1783 1953 Βασιλι-

201 1988 339 2053 κῶν,
365 1987 532 2060 τίτλφ
559 1995 634 2056 α’,
653 2005 784 2059 κεφ.
817 1988 922 2059 λβθ,
949 1989 1079 2061 περὶ
1101 1982 1178 2044 ὧν
1202 1989 1476 2062 ιγγραφος
1511 1988 1574 2043 ού
1607 1990 1786 2044 κεῖται

206 2078 378 2148 νόμος
411 2078 866 2149 παραφυλάττειν
895 2081 1062 2136 δεῖτὸ
1093 2080 1218 2146 ιθος
1283 2083 1378 2136 καὶ
1434 2081 1538 2154 τὴν
1619 2081 1786 2152 συνή-

204 2169 382 2236 θειαν,
411 2172 506 2225 καὶ
547 2171 622 2227 τὰ
648 2167 795 2242 ἑξῆς.
847 2172 959 2228 Καὶ
1011 2168 1204 2238 αὖθις⁸
1250 2173 1463 2229 Παλαιὰ
1525 2173 1786 2245 συνήθεια

202 2263 323 2316 ἀντὶ
349 2262 517 2333 νόμου
541 2264 890 2330 φυλάττεται.
917 2265 1026 2319 Καὶ
1059 2265 1222 2320 πάλιν
1239 2259 1262 2298 θ’
1295 2265 1363 2321 Ἦ
1397 2268 1586 2336 μακρά
1625 2267 1790 2336 συνή-

204 2353 324 2409 θεια
382 2353 505 2411 ἀντὶ
530 2354 696 2424 νόμου
747 2355 962 2425 κρατεῖ,
1000 2357 1059 2409 ὲν
1093 2350 1176 2419 οἷς
1216 2356 1317 2409 οὐκ
1375 2355 1524 2409 ἐστιν
1582 2354 1786 2426 ἔγγρα-

206 2462 323 2514 φος.
410 2445 573 2509 Ἒθος
632 2446 691 2500 δὲ
740 2445 890 2514 λέγει
942 2448 970 2500 6
1006 2446 1164 2514 ἅγιος
1202 2439 1361 2509 οὗτος
1387 2446 1450 2500 τὸ
1481 2447 1540 2499 ἐν
1556 2449 1622 2517 τῇ
1663 2446 1791 2500 Ἐκ-

210 2535 414 2606 κλησίᾳ
435 2537 856 2606 ὲνεργούμενον.
905 2536 1034 2592 Ἐάν
1090 2537 1202 2607 γάρ
1235 2554 1320 2600 τις
1342 2535 1498 2591 δυσὶν
1528 2537 1790 2607 ἀδελφαῖς

211 2623 475 2694 ἀθέσμως
506 2625 703 2698 μιχθῇ,
728 2626 918 2696 φησιν,
981 2625 1041 2680 οὐ
1104 2625 1373 2696 πρότερον
1423 2625 1791 2697 παραδέχεται

210 2717 291 2780 εἰς
341 2715 703 2788 Ἐκκλησίαν,
727 2717 776 2769 εί
799 2715 874 2787 μὴ
902 2715 1228 2788 χωρισθεῖεν
1279 2715 1377 2770 ἀπ’
1432 2713 1686 2787 ἀλλήλων
1739 2717 1791 2770 οῖ

209 2802 357 2857 οῦτω
382 2804 720 2875 μιανθέντες,
744 2803 822 2868 ὡς
851 2805 986 2875 μηδὲ
1010 2803 1194 2873 γάμου
1255 2802 1350 2857 τοῦ
1407 2803 1653 2859 τοιούτου
1690 2803 1794 2876 μύ-

213 2912 344 2960 σους
376 2893 758 2964 λογιζομένου.
789 2897 911 2951 Κάν
941 2890 1035 2949 οῦν
1058 2895 1188 2950 ἀλλο
1220 2913 1273 2950 τι
1301 2894 1404 2950 οὐκ
1436 2895 1658 2967 εῖχομεν
1715 2897 1794 2951 εί·

215 2988 364 3049 πεῖν,
383 2985 544 3039 τοῦτο
566 2985 629 3038 τὸ
655 2984 776 3048 ιθος
791 2985 956 3057 ἤρκει
988 2985 1070 3048 είς
1089 2985 1411 3057 ἀποτροπὴν
1454 2985 1551 3039 τοῦ
1588 2985 1786 3042 κακοῦ.

225 3075 384 3129 Ἐπεὶ
411 3075 492 3144 δὲ,
520 3078 712 3144 φησιν,
749 3077 777 3130 6
807 3076 1187 3146 συνηγορήσας
1210 3075 1300 3129 διὰ
1359 3077 1461 3147 τῆς
1504 3077 1795 3150 ἐπιπολῆς

213 3167 489 3237 τῷκαηῷ,
520 3166 600 3237 τῷ
644 3165 862 3236 παλαιῷ
898 3167 1179 3236 ἐχρήσατο
1199 3167 1374 3237 νόμῳ,
1429 3165 1508 3238 τῷ
1557 3166 1793 3236 λέγοντι,

216 3259 494 3314 Γυναῖκα
521 3257 615 3312 ἐπ’
653 3256 894 3328 ἀδελφῇ
923 3258 1115 3324 αὐτῆς
1155 3259 1227 3313 οὐ
1254 3257 1429 3328 λήψῃ
1479 3259 1798 3328 ἀντίζηλον

212 3351 614 3420 ἀποκαλύψαι
641 3350 1087 3419 ἀσχημοσύνην
1113 3349 1331 3418 αὐτῆς,
1355 3349 1446 3403 ἔτι
1475 3349 1668 3421 ζώσης
1693 3354 1800 3406 ai)-

213 3441 329 3508 τῆς
363 3454 378 3470 ⁸
426 3439 730 3495 κάντεῦθεν
771 3440 1101 3510 συνήγαγεν,
1137 3440 1221 3494 ὅτι
1249 3443 1622 3510 συγχωρεῖται
1648 3442 1795 3513 λαμυ

214 3535 407 3587 ϐάνειν
437 3531 854 3602 τελευτησάσης
881 3532 983 3602 τὴν
1014 3532 1254 3603 ἀδελφὴν
1287 3533 1462 3602 αὐτῆς
1487 3551 1500 3565 ·
1583 3534 1798 3604 πρῶτον

218 3627 322 3693 μὶν
353 3626 382 3678 6
421 3625 579 3693 ἀγιος
601 3625 781 3692 λέγει,
807 3626 889 3678 ὅτι
917 3623 1017 3676 ὅσα
1046 3625 1074 3677 6
1093 3621 1262 3693 νόμος
1342 3623 1516 3692 λέγει,
1593 3629 1706 3688 τοῖς
1743 3628 1800 3679 ὲν

213 3715 294 3784 τῷ
322 3715 473 3785 νόμῳ
499 3715 670 3769 λαλεῖ.
704 3714 768 3768 Ei
808 3713 917 3784 γάρ
962 3712 1038 3784 μὴ
1067 3712 1224 3771 τοῦτο
1252 3712 1349 3766 καὶ
1381 3715 1798 3786 περιτμηθησὸ-

227 3805 395 3876 μεθα,
439 3806 533 3860 καὶ
573 3807 640 3859 τά
712 3804 971 3859 Σάϐϐατα
1031 3802 1364 3874 φυλάξομεν,
1421 3807 1518 3860 καὶ
1582 3805 1801 3878 βρωμάι.

222 3918 336 3953 των
373 3899 651 3971 διαφόρων
690 3897 1038 3968 ἀφεξόμεθα·
1076 3899 1134 3951 ού
1160 3898 1270 3967 γάρ
1293 3897 1401 3952 τῶν
1450 3898 1804 3969 περιποιούν-

220 4009 334 4046 των
358 3993 493 4061 ἡμῖν
533 3990 726 4060 ἡδονὰς
769 3988 1109 4058 ἀνθεξόμεθα
1158 3989 1222 4042 ἔκ
1246 3987 1340 4042 τοῦ
1393 3988 1657 4044 παλαιοῦ·
1697 3989 1806 4042 τῶν

219 4081 278 4133 δὲ
319 4079 458 4150 βαρύ
490 4097 545 4133 τι
572 4080 804 4148 ἑχόντων
824 4077 1155 4149 ἀφεξόμεθα,
1191 4079 1288 4131 καὶ
1315 4080 1382 4150 τῇ
1422 4079 1511 4133 διὰ
1535 4078 1630 4133 τοῦ
1675 4080 1810 4147 Χρι-

224 4172 354 4224 στοῦ
387 4173 521 4241 ἡμῖν
554 4170 770 4241 δοθείσῃ
825 4169 1111 4239 ἐλευθερίᾳ
1131 4169 1254 4223 τότε
1283 4169 1806 4240 προσδραμούμεθα.

233 4262 298 4316 '0
322 4265 435 4331 γάρ
486 4261 581 4314 τοῦ
623 4259 863 4330 Χριστοῦ
902 4262 1067 4328 νόμος
1099 4258 1472 4328 ἠλευθέρωσεν
1507 4260 1654 4328 ἡμᾶς
1701 4259 1812 4313 τῶν

223 4354 444 4425 βαρέων
474 4351 569 4405 τοῦ
598 4352 790 4420 νόμου,
844 4351 952 4403 τῶν
979 4349 1076 4419 τῆς
1107 4349 1412 4420 περιτομῆς
1445 4349 1672 4422 δηλαδὴ,
1719 4354 1814 4406 κοιλ⁸

217 4445 322 4514 τῆς
361 4445 472 4498 τῶν
497 4441 896 4512 κεκωλυμένων
949 4439 1255 4517 βρωμάτιον
1301 4443 1533 4513 ἀποχῆς,
1582 4442 1674 4496 τοῦ
1722 4443 1812 4496 τὸν

1947 1076 2202 1134 ZONAR.
2233 1078 2369 1135 Cum
2403 1085 2628 1135 sanctus
2652 1091 2956 1135 sermonem
2988 1083 3364 1145 praeparasset,
3397 1083 3453 1129 ct

1875 1166 2123 1236 epistolae
2175 1169 2498 1239 scriptorem
2551 1175 2809 1239 tanquam
2854 1167 2907 1222 in
2955 1165 3116 1221 aliam
3164 1178 3453 1234 personam

1878 1257 2154 1325 vertisset,
2181 1274 2330 1315 nunc
2351 1267 2406 1316 et
2429 1259 2498 1315 ad
2522 1258 2711 1330 scripti
2727 1256 3152 1314 Confutationem
3182 1254 3451 1323 procedit.

1883 1345 1950 1401 Et
1999 1347 2180 1416 primo
2221 1348 2441 1418 quidem
2484 1347 2926 1405 consuetudinem
2972 1342 3179 1412 objicit,
3224 1356 3454 1411 eamque

1880 1431 2014 1503 legis
2044 1433 2152 1490 vim
2180 1434 2383 1492 habere
2407 1436 2625 1502 asserit,
2650 1435 2903 1506 quoniam
2928 1433 3070 1489 ritus
3095 1431 3208 1488 sive
3226 1438 3450 1494 statuta,

1881 1539 1912 1579 a
1945 1525 2147 1582 sanctis
2169 1525 2428 1584 Patribus
2460 1527 2681 1583 decreta
2703 1566 2719 1594 ,
2751 1524 2945 1582 tradita
2973 1530 3119 1580 sunt.
3140 1522 3280 1589 Quin
3315 1521 3454 1577 civi-

1880 1618 1949 1674 lis
2009 1621 2172 1676 etiam
2233 1620 2319 1676 lex
2375 1620 2754 1694 pravalentem
2820 1616 3267 1674 consuetudinem
3319 1613 3454 1684 legis

1881 1709 2029 1767 vires
2052 1711 2254 1768 habere
2276 1711 2433 1782 jubet
2462 1727 2479 1766 :
2514 1710 2642 1767 licet
2671 1724 2802 1782 quas
2815 1707 3028 1766 civibus
3061 1705 3300 1760 instituta
3328 1714 3456 1760 sunt

1884 1817 1990 1859 non
2020 1816 2050 1857 a
2081 1801 2286 1859 sanctis
2312 1800 2446 1858 viris
2475 1801 2690 1857 decreta
2719 1799 2938 1855 fuerint;
2980 1796 3126 1853 Dicit
3153 1796 3296 1852 enim
3322 1793 3462 1849 liber

1887 1908 1950 1958 ιι,
1977 1894 2061 1949 tlt.
2086 1893 2141 1958 Ι.
2157 1907 2283 1965 cap.
2309 1891 2380 1949 32
2409 1889 2628 1949 Basilio.
2655 1907 2670 1947 :
2700 1889 2776 1947 De
2794 1889 2992 1961 quibus
3015 1888 3213 1957 scripta
3242 1885 3324 1943 lex
3353 1897 3461 1939 non

1887 1994 2086 2051 exstat,
2125 1986 2184 2042 in
2230 1984 2316 2042 bis
2355 1997 2563 2042 morem
2596 1991 2653 2040 et
2696 1981 3142 2041 consuetudinem
3183 1977 3464 2036 custodire

1887 2083 2122 2146 oportet,
2140 2083 2196 2131 et
2213 2088 2335 2146 qua
2358 2081 2678 2145 sequuntur.
2716 2070 2874 2145 142
2918 2071 2984 2128 Et
3014 2085 3229 2127 rursum
3262 2085 3278 2125 :
3306 2069 3464 2124 Anti-

1890 2179 1996 2236 qua
2018 2170 2352 2222 consuetudo
2379 2177 2480 2235 pro
2501 2162 2620 2236 lege
2646 2162 2965 2220 custoditur.
2987 2159 3122 2216 ltem
3148 2177 3162 2215 :
3194 2157 3461 2214 Diuturna

1889 2256 2229 2315 consuetudo
2255 2269 2355 2328 pro
2380 2256 2502 2327 lege
2532 2254 2783 2322 obtinet,
2824 2254 2880 2310 in
2914 2251 3110 2324 quibus
3148 2249 3233 2307 lex
3264 2249 3466 2319 scripta

1890 2349 2093 2406 dellclt.
2125 2348 2229 2406 Hic
2253 2355 2433 2405 autem
2460 2355 2679 2405 sanctus
2705 2347 2871 2403 Pater
2897 2339 3336 2401 consuetudinem
3364 2353 3466 2394 vo-

1889 2445 2000 2504 cat,
2029 2437 2173 2508 quod
2208 2437 2262 2492 in
2293 2437 2535 2496 Ecclesia
2571 2437 2714 2494 valet
2743 2453 2760 2492 :
2789 2434 2846 2493 Si
2897 2435 3018 2504 quis
3045 2432 3192 2488 enim
3233 2431 3464 2494 duabus.

1891 2526 2067 2598 inquit
2100 2565 2116 2593 ,
2171 2527 2453 2584 sororibus
2519 2527 2798 2598 illegitime
2860 2523 3300 2588 commisceatur,
3361 2536 3468 2577 non

1891 2617 2045 2688 prius
2070 2616 2122 2672 in
2154 2615 2454 2674 Ecclesiam
2498 2617 2799 2688 recipitur,
2848 2617 2956 2674 nisi
3002 2618 3093 2686 qui
3147 2616 3254 2672 hoc
3309 2612 3473 2669 modo

1895 2708 2352 2777 contaminantur,
2397 2724 2429 2765 a
2478 2724 2538 2767 se
2593 2710 2828 2767 invicem
2880 2716 3240 2782 separentur,
3287 2714 3474 2774 utpote

1893 2802 2036 2872 quod
2074 2816 2249 2873 neque
2288 2802 2696 2858 matrimonium
2722 2810 2935 2858 tantum
2961 2799 3138 2857 scelus
3167 2806 3471 2868 reputetur.

1894 2895 2152 2961 Quamvis
2192 2895 2371 2963 itaque
2400 2894 2536 2950 nihil
2561 2892 2705 2950 aliud
2739 2894 2918 2950 dicere
2962 2891 3312 2953 haberemus.
3360 2889 3474 2946 hac

1895 2985 2232 3042 consuetudo
2254 2985 2396 3040 malo
2427 2985 2516 3043 istl
2550 2985 2843 3044 evertendo
2871 2983 3090 3042 sumcit.
3120 2981 3476 3051 Quandoqui-

1895 3074 2018 3130 dem
2049 3084 2229 3131 autem
2262 3076 2352 3144 qui
2396 3076 2496 3131 hoc
2544 3077 2768 3143 malum,
2828 3075 3022 3146 inquit,
3068 3087 3164 3143 per
3192 3070 3476 3142 epistolam

1900 3167 2164 3233 defendit,
2193 3167 2363 3224 veteri
2392 3165 2508 3237 lege
2535 3169 2709 3225 utitur
2749 3167 3001 3224 dicente:
3028 3165 3305 3221 Mulierem
3334 3164 3478 3218 zelo-

1901 3270 2079 3331 typum
2109 3276 2267 3330 super
2288 3276 2520 3318 sororem
2542 3259 2657 3331 ejus
2684 3274 2788 3316 non
2814 3258 3035 3331 accipies
3053 3261 3122 3315 ad
3145 3258 3479 3314 revelandsm

1901 3343 2281 3422 turpitudinem
2315 3354 2451 3424 ejus,
2483 3357 2601 3424 ipsa
2650 3354 2824 3408 adhuc
2863 3355 3054 3408 vivente
3076 3353 3093 3385 ⁸
3123 3368 3138 3419 ;
3187 3358 3242 3404 et
3284 3349 3482 3405 exinde

1901 3444 2126 3515 colligit,
2158 3447 2300 3514 quod
2322 3447 2439 3517 eius
2470 3446 2766 3502 demortua:
2797 3458 3042 3501 sororem
3078 3444 3324 3512 accipere
3350 3453 3479 3494 con-

1903 3533 2135 3590 ceditur.
2173 3535 2358 3590 Primo
2388 3534 2602 3603 quidem
2654 3542 2878 3589 sanctus
2915 3535 3012 3599 ait,
3054 3531 3197 3603 quod
3219 3543 3481 3601 quaecun-

1903 3639 2010 3694 que
2042 3626 2125 3679 lex
2161 3626 2313 3690 dicit,
2350 3626 2415 3682 iis
2445 3640 2564 3696 quae
2598 3634 2729 3683 sunt
2760 3625 2813 3682 in
2860 3625 2978 3696 lege
3026 3625 3191 3687 dicit:
3241 3620 3479 3691 aiioquia

1905 3719 2046 3774 enim
2084 3727 2137 3772 et
2166 3718 2648 3783 circumcidemur,
2687 3728 2744 3774 et
2771 3718 3008 3775 Sabbata
3042 3717 3478 3781 observabimus,

1907 3820 1959 3865 et
2002 3826 2029 3862 a
2064 3810 2228 3865 variis
2253 3809 2388 3868 cibis
2430 3811 2846 3868 abstinebimus.
2888 3811 3074 3882 Neque
3113 3809 3257 3864 enim
3287 3824 3354 3863 ex
3386 3823 3484 3862 ve.

1910 3902 2008 3957 teri
2057 3917 2156 3957 nos
2201 3903 2318 3974 lege
2365 3904 2770 3961 continebimus
2803 3904 2870 3958 ab
2921 3903 2988 3959 iis
3023 3917 3142 3972 quae
3183 3902 3490 3970 voluptates

1911 3993 2068 4051 nobis
2093 3996 2398 4052 conferunt.
2427 3993 2508 4049 Ab
2538 3995 2603 4050 iis
2624 4003 2832 4062 autem,
2863 4009 2982 4065 qua:
3009 4006 3171 4065 grave
3203 3992 3404 4062 aliquid
3433 3993 3487 4046 in

1913 4101 1971 4143 se
1995 4087 2298 4153 continent,
2327 4085 2748 4152 abstinebimus;
2781 4095 2836 4140 et
2877 4085 2942 4140 ad
2977 4085 3282 4140 libertatem
3335 4085 3491 4139 nobis

1914 4195 2011 4250 per
2049 4179 2328 4235 Christum
2375 4191 2690 4236 concessam
2733 4187 2861 4234 tunc
2888 4177 3286 4247 confugiemus.
3329 4175 3494 4230 Nam-

1915 4287 2022 4340 que
2051 4271 2133 4325 lex
2170 4269 2368 4325 Christl
2399 4270 2466 4326 ab
2497 4271 2585 4337 iis,
2621 4285 2741 4339 qua:
2768 4270 2821 4324 in
2852 4269 2968 4339 lege
2997 4270 3179 4339 gravia
3212 4277 3360 4330 sunt,
3393 4282 3492 4321 nos

1915 4362 2197 4426 liberavit;
2229 4377 2256 4415 a
2294 4363 2712 4417 circumcisione
2747 4362 2974 4425 scilicet,
3004 4359 3072 4414 ab
3097 4359 3422 4414 abstinentia
3456 4373 3488 4412 a

1919 4453 2204 4522 prohibitis
2229 4453 2390 4519 cibis,
2424 4455 2488 4507 ab
2518 4468 2584 4508 eo
2614 4452 2891 4506 immundo
2911 4450 3230 4522 iudicando,
3262 4451 3354 4520 qui
3397 4448 3494 4502 llu-

221 4532 498 4603 γονοῤῥυῆ
543 4529 855 4598 ἀκάθαρτον
909 4528 1214 4600 κρίνεσθαι,
1255 4530 1353 4582 καὶ
1402 4530 1495 4584 τὸν
1531 4531 1796 4600 ἁψάμενοι

1918 4560 2041 4597 xum
2083 4544 2309 4600 seminis
2341 4558 2534 4614 passus
2565 4553 2682 4605 est,
2709 4537 2802 4612 qui
2838 4551 3106 4597 mortuum
3143 4541 3356 4611 tetigit,
3400 4542 3493 4610 qui

221 4620 446 4693 νεκροῦ,
505 4624 600 4674 καὶ
652 4619 743 4673 τὸν
790 4618 1163 4689 λεπρωθέντα,
1213 4620 1309 4674 καὶ
1355 4621 1533 4676 ἄλλων
1580 4622 1813 4678 πολλῶν.

233 4713 587 4786 Ἦρωτήθην,
622 4713 809 4783 φησιν,
829 4714 877 4765 εἰ
909 4712 1220 4782 γέγραπται
1253 4713 1555 4784 λαμϐάνειν
1582 4715 1817 4782 γυναῖκα

226 4809 314 4861 ἐπ’
349 4807 578 4876 ἀδελφῇ,
599 4807 767 4877 ἧγουν
797 4805 844 4856 εί
877 4804 977 4874 τῆς
1007 4805 1269 4873 γυναικὸς
1293 4807 1493 4870 αὐτοὺς
1527 4804 1624 4876 τὴν
1658 4806 1808 4861 ἁδελ-

229 4904 338 4972 φὴν
391 4901 569 4965 ἔξεστι
630 4899 931 4969 λαμϐάνειν
984 4900 1093 4955 τινί
1118 4917 1133 4933 ο
1171 4904 1266 4956 καὶ
1305 4899 1460 4955 εἶπον
1489 4902 1572 4955 ὅτι
1629 4903 1689 4954 ού
1721 4903 1814 4970 γέ-

228 5009 499 5062 γραπται.
529 4993 708 5060 Ὅπερ
748 4990 843 5043 καὶ
891 4990 1091 5061 ἀληθές
1123 4993 1292 5056 ἐστιν,
1340 4990 1476 5045 ἀλλά
1519 4991 1616 5044 καὶ
1640 4993 1819 5059 ἀσφα-

228 5085 341 5147 λές.
383 5084 458 5136 Τὸ
493 5083 551 5137 δὲ
586 5083 994 5151 συλλογίζεσθαι
1022 5085 1084 5136 τὸ
1125 5083 1421 5152 σιωπηθὲν,
1471 5083 1638 5153 ἤγουν
1693 5082 1817 5136 επεὶ

231 5176 260 5228 6
290 5174 456 5243 νόμος
484 5167 662 5239 εἶπεν,
696 5174 802 5238 ὅτι,
839 5175 923 5227 Οὐ
948 5173 1124 5241 λήψῃ
1159 5172 1420 5243 γυναῖκα
1448 5173 1542 5224 ἐπ’
1574 5170 1811 5240 ἀδελφῇ

235 5261 427 5331 αὐτῆς
458 5261 800 5334 ἀνττζηλον,
828 5264 927 5318 καὶ
962 5266 1050 5318 ἔτι
1081 5262 1275 5329 ζώσης
1311 5261 1525 5331 αὐτῆς.
1580 5263 1811 5317 ἀκόλου-

235 5355 330 5408 θόν
357 5357 528 5420 ἐστιν,
561 5355 643 5408 ὅτι
681 5358 817 5425 μετά
844 5358 1073 5410 θάνατον
1108 5355 1168 5408 ού
1195 5356 1465 5409 κωλύεται
1516 5355 1617 5425 τὴν
1654 5355 1810 5408 ἀδελ-

239 5446 345 5516 φὴν
378 5448 477 5516 τῆς
506 5448 767 5514 γυναικὸς
796 5447 1124 5515 λαμϐάνειν,
1155 5449 1229 5510 ὡς
1266 5449 1465 5518 μηκέτι
1527 5446 1627 5515 τῆς
1656 5446 1816 5516 ζηλο-

241 5539 443 5601 τυπίας
485 5539 752 5608 ὲσομᾶνης
782 5555 798 5569 ·
827 5539 986 5593 τοῦτο
1009 5579 1024 5600 .
1054 5542 1211 5609 φησι,
1243 5541 1303 5592 τὸ
1357 5537 1584 5591 τοιαῦτα
1632 5539 1812 5605 λέγειν

243 5629 562 5696 νομοθετεῖν
589 5629 708 5682 ἔστι
739 5633 832 5682 καὶ
868 5630 1101 5692 οἰκείους
1125 5629 1470 5696 συνεισάγειν
1505 5629 1726 5698 νόμους,
1755 5631 1812 5682 ού

244 5719 313 5773 τά
346 5719 441 5772 τοῦ
473 5721 640 5789 νόμου
696 5721 879 5787 λέγειν
913 5737 928 5752 ·
965 5723 1011 5773 sl
1045 5721 1152 5790 γὰρ
1182 5720 1368 5791 δῶμεν
1417 5722 1552 5788 μετᾶ
1587 5721 1817 5774 θάνατον

355 5820 368 5847 ¹
415 5815 590 5870 Leuit.
630 5832 790 5880 xvztl,
838 5820 922 5872 18.

1917 4634 2062 4703 lepra
2100 4633 2331 4690 infectus
2358 4647 2443 4690 est
2472 4675 2486 4700 ,
2518 4643 2572 4690 et
2605 4635 2726 4690 aliis
2756 4649 2920 4705 quam
2952 4633 3222 4703 plurimis.
3255 4631 3492 4688 Interro-

1917 4736 2072 4794 gatus
2099 4740 2239 4790 sum,
2271 4726 2464 4795 inquit,
2499 4741 2565 4780 an
2605 4725 2866 4795 scriptum
2894 4724 2966 4780 sit
3003 4725 3249 4793 accipere
3271 4737 3490 4778 uxorem

1918 4816 1984 4868 ad
2033 4829 2314 4882 sororem;
2350 4816 2603 4870 nimirum
2654 4831 2720 4869 an
2773 4815 2934 4869 liceat
2968 4815 3200 4884 cuipiam
3251 4828 3493 4868 sororem

1919 4903 2106 4958 uxoris
2136 4919 2248 4958 sua:
2278 4905 2508 4970 ducere;
2537 4913 2592 4957 et
2619 4905 2727 4959 dixi
2757 4919 2860 4958 non
2895 4903 3155 4972 scriptum
3186 4916 3325 4969 esse;
3353 4904 3497 4972 quod

1924 5011 2113 5050 verum
2148 5005 2253 5061 est,
2290 5006 2453 5065 atque
2482 4997 2644 5050 etiam
2679 5005 2874 5050 tutum.
2907 4995 2982 5050 Ex
3014 5011 3078 5051 eo
3108 5006 3288 5050 autem
3310 5036 3323 5059 ,
3351 4994 3497 5063 quod

1926 5103 2031 5140 non
2066 5088 2272 5141 dictum
2303 5096 2407 5152 est,
2439 5087 2729 5143 illationetn
2774 5087 2974 5151 facere,
3019 5101 3210 5155 nempe
3239 5084 3495 5154 quoniam

1923 5177 2003 5232 lex
2037 5179 2200 5242 dicit,
2228 5180 2372 5249 quod
2409 5178 2532 5233 Non
2577 5180 2800 5248 accipies
2836 5196 3050 5233 uxorem
3085 5179 3380 5248 zelotypum
3427 5177 3497 5231 ad

1921 5285 2152 5323 sororem
2179 5273 2365 5338 ipsius,
2399 5272 2512 5337 ipsa
2540 5274 2696 5326 etiam
2718 5272 2889 5326 adhuc
2917 5273 3136 5338 vivente,
3160 5285 3498 5341 consequens

1922 5371 2003 5414 est
2035 5363 2177 5429 quod
2210 5373 2329 5431 post
2373 5371 2599 5418 mortem
2643 5378 2888 5419 sororem
2923 5363 3109 5420 uxoris
3142 5365 3339 5418 ducere
3387 5376 3497 5416 non

1923 5452 2261 5519 prohibetur.
2299 5462 2357 5507 ut
2406 5454 2672 5523 zelotypia
2708 5454 2940 5523 amplius
2994 5469 3098 5510 non
3147 5453 3349 5520 futura,
3392 5454 3496 5507 hoc

1926 5543 2120 5610 inquit,
2156 5543 2301 5606 talia,
2332 5544 2536 5598 scilicet
2566 5544 2748 5599 dicere
2775 5555 2857 5601 est
2889 5545 3057 5614 legem
3091 5545 3255 5610 l'crre,
3282 5555 3337 5598 et
3366 5559 3495 5614 pro-

1927 5634 2074 5702 prias
2103 5631 2247 5700 leges
2275 5633 2640 5699 introducere,
2672 5650 2777 5690 non
2805 5651 2866 5693 ea
2895 5650 3014 5707 qut!
3044 5644 3168 5692 sunt
3210 5635 3344 5704 legis
3374 5650 3497 5704 pro-

1932 5725 2092 5778 ferre.
2133 5723 2199 5778 Si.
2223 5725 2417 5782 demus
2435 5727 2606 5792 enim,
2629 5735 2751 5796 post
2785 5739 3013 5785 mortem
3040 5729 3228 5784 uxoris
3256 5745 3495 5785 summu

315 5913 385 5976 ζα)
414 5911 544 5963 Hanc
568 5912 1030 5976 interpretationem
1052 5913 1188 5965 dedit
1219 5911 1520 5976 Bevercgius
1551 5914 1600 5963 in
1627 5912 1757 5963 notis
1783 5926 1845 5963 ex
1874 5913 2042 5965 codice
2065 5913 2473 5966 Amerbachiauo.
2501 5913 2640 5965 Enn.
