4006 6458
542 353 646 414 819

1783 350 2062 410 THEOD.
2103 346 2503 409 BALSAMON

3676 338 3789 403 820

541 461 705 528 ipsius
733 460 782 511 cl
822 459 1071 527 accipere
1101 457 1282 522 licere,
1321 457 1410 525 qui
1448 466 1674 512 mortua:
1718 459 1944 512 maritus
1973 457 2093 522 fuit,

2203 458 2301 526 τῆς
2326 455 2591 524 γυναικὸς
2621 452 2720 524 τὴν
2742 452 2981 523 ἀδελφὴν
3003 452 3174 520 αὐτῆς
3219 451 3533 521 λαμϐάνειν
3561 449 3658 504 τὸν
3686 455 3792 520 τῆς

534 552 786 616 quoniam
821 550 1096 619 zelmypiae
1126 550 1305 618 passio
1347 549 1521 604 locum
1561 550 1788 619 amplius
1835 563 1942 602 non
1992 549 2088 602 ha-

534 644 696 702 heat,
729 655 846 694 eam
897 639 1122 709 accipiet
1157 641 1317 694 etiam
1360 641 1472 709 ipsa
1507 640 1735 703 vivente,
1793 641 1837 693 si
1877 653 2090 693 sorores

537 733 814 801 zelatypire
863 732 1161 800 passionem
1195 747 1320 801 erga
1376 746 1433 785 se
1480 731 1706 785 invicem
1741 745 1845 784 non
1887 731 2089 782 habue-

537 827 664 876 rint.
699 824 800 876 Sed
825 823 966 876 dicet
998 822 1190 892 aliquis
1225 823 1324 877 hoc
1352 839 1455 878 non
1485 823 1740 891 scriptum
1776 835 1894 876 esse
1936 837 1950 872 :
2000 835 2090 872 vc-

535 930 653 966 rum
697 929 794 968 nec
820 915 948 967 illud
974 915 1232 981 scriptum
1260 924 1361 978 est,
1389 923 1446 967 nt
1478 923 1598 984 post
1624 923 1853 966 mortem
1886 912 2092 966 scilicet

537 1003 779 1058 mulieris
813 1005 1038 1058 maritus
1072 1005 1186 1073 ejus
1228 1013 1453 1058 mortua:
1484 1018 1725 1060 sororem
1775 1004 1825 1056 in
1868 1015 2088 1058 ux0rcm

536 1098 774 1148 duceret.
813 1094 1013 1150 Deinde
1049 1094 1217 1161 addit,
1248 1096 1390 1164 quod
1420 1096 1462 1149 si
1494 1109 1556 1149 ea
1587 1110 1707 1162 qua:
1736 1103 1897 1158 retro,
1931 1091 2091 1162 paulo

533 1186 741 1239 stilicet
768 1194 914 1250 ante,
947 1187 996 1238 in
1023 1185 1140 1254 lege
1168 1186 1307 1239 dicta
1335 1193 1482 1250 sunt,
1517 1182 1966 1245 consideraveris,
2008 1180 2090 1234 ul-

534 1276 715 1328 tcriori
745 1276 983 1330 molestia
1018 1275 1276 1329 liberatus
1322 1275 1450 1330 eris.
1495 1273 1612 1329 Non
1657 1288 1868 1329 omnem
1905 1273 2048 1327 enim
2074 1314 2087 1337 ,

534 1364 745 1430 inquit,
770 1373 1110 1431 peccatorum
1146 1364 1378 1433 speciem
1411 1363 1681 1432 legislator
1722 1363 1791 1416 ibi
1843 1376 2090 1428 compre-

534 1455 766 1508 hendere
793 1456 891 1509 sibi
922 1456 1201 1524 proposuit
1236 1472 1250 1509 :
1277 1455 1370 1510 sed
1421 1463 1634 1524 peccata
1668 1454 2045 1524 Egyptiorum
2076 1494 2090 1518 ,

535 1547 672 1600 inter
713 1560 846 1614 quos
873 1545 1219 1601 Hebraeorum
1262 1545 1489 1616 populus
1530 1554 1782 1614 tanquam
1825 1545 2091 1613 peregrini

544 1649 699 1691 antea
732 1637 1066 1701 hahitarant;
1104 1645 1157 1690 et
1185 1637 1644 1702 Chananzeorum,
1673 1636 1738 1689 ad
1769 1650 1901 1703 quos
1933 1643 2084 1688 trau-

536 1729 739 1782 sierunt
772 1736 823 1783 et
855 1728 1338 1797 transmigrarunt;
1370 1727 1509 1796 quod
1554 1725 1847 1781 verisimile
1872 1734 1989 1788 est;
2042 1733 2094 1776 et

2202 548 2612 619 τελευτησάσης
2636 546 2841 618 ἀνδρα,
2872 545 2962 600 διὰ
2987 546 3049 600 τὸ
3095 544 3299 615 μηκέτι
3361 545 3426 598 τδ
3460 543 3564 612 τῆς
3622 542 3794 612 ζηλοο

2203 640 2402 704 τυπίας
2446 641 2617 704 πάθος
2657 643 2840 711 χώραν
2890 638 3061 708 ἐχειν,
3119 635 3361 705 λήψεται
3421 634 3638 702 ταύτην
3694 635 3798 685 καὶ

2203 729 2380 795 ζώσης
2412 727 2650 799 ἐκείνης,
2679 729 2729 781 εί
2757 727 3103 798 ἀζηλότυπον
3139 725 3286 795 πρὸς
3315 723 3566 794 ἀλλήλας
3622 723 3800 784 πάθος

2193 820 2366 888 ἔχοιεν
2399 822 2452 871 αί
2479 819 2728 885 ἀδελφαί.
2771 817 2918 870 Ἀλλ’
2955 818 3076 887 ἐρεῖ
3104 833 3189 878 τις
3249 816 3336 869 ὅτι
3371 816 3540 868 τοῦτο
3603 815 3666 867 οὖ
3696 815 3799 880 γέ-

2198 925 2439 977 γραπται
2467 925 2478 938 ·
2508 908 2624 961 ἀλλ’
2646 909 2765 962 οὐδὲ
2789 909 2964 960 ἐκεῖνο
2988 907 3322 974 γέγραπται,
3358 904 3421 957 τὸ
3449 906 3594 973 μετὰ
3620 904 3796 957 θανα-

2195 1016 2284 1050 τον
2313 996 2514 1065 δηλαδὴ
2533 997 2631 1066 τῆς
2657 995 2913 1063 γυναικὸς
2935 994 3027 1048 τὸν
3054 994 3272 1062 ἐκείνης
3305 991 3482 1061 ἀνδρα
3512 989 3616 1059 τὴν
3636 988 3797 1042 ἀδελ-

2196 1090 2301 1158 φὴν
2324 1089 2420 1154 τῆς
2455 1088 2851 1156 τελευτησάσης
2886 1087 2968 1148 εἰς
3001 1087 3241 1152 γυναῖκα
3287 1081 3623 1151 λαμϐάνειν.
3659 1075 3798 1130 Εἶτα

2195 1181 2415 1248 ἐπάγει,
2434 1184 2516 1237 ὅτι
2548 1183 2595 1232 εἰ
2621 1179 2690 1231 τὰ
2717 1178 2946 1232 κατόπιν
2971 1177 3068 1244 τῆς
3091 1173 3425 1243 νομοθεσίας
3455 1171 3797 1239 σκοπήσεις,

2198 1271 2264 1324 τὰ
2292 1271 2517 1324 ὄπισθεν
2541 1269 2764 1340 δηλαδὴ,
2819 1266 3216 1335 ἀπαλλαγήσῃ,
3245 1262 3630 1334 πραγμάτων.
3720 1259 3803 1312 Οὐ

2199 1363 2306 1429 γάρ
2339 1362 2446 1413 πᾶν
2476 1353 2616 1419 εἶδος
2647 1359 2673 1409 6
2701 1356 3001 1426 νομοθέτης
3031 1352 3296 1416 ἐνταῦθα,
3351 1351 3512 1420 φησι,
3553 1349 3810 1418 περιλα-

2199 1451 2313 1502 δεῖν
2346 1447 2762 1519 ἁμαρτημάτων
2793 1444 3055 1514 προέθετο
3077 1458 3093 1473 ·
3119 1443 3258 1494 ἀλλά
3287 1441 3361 1494 τὰ
3415 1441 3529 1492 τῶν
3605 1439 3762 1506 Αίγυ
3783 1467 3805 1478 ο

2199 1542 2387 1600 mium,
2419 1536 2500 1602 οἷς
2551 1536 2799 1606 παρῴκει
2850 1536 3044 1603 πρώην
3077 1534 3106 1586 6
3149 1532 3427 1602 Ἐϐραίων
3475 1532 3639 1595 λαὸς,
3698 1533 3805 1583 καῖ⁵

2198 1632 2264 1684 τὰ
2299 1630 2404 1682 τῶν
2433 1628 2776 1689 Χαναναίων,
2810 1626 2946 1695 πρὸς
2965 1623 3060 1686 οὓς
3088 1622 3417 1692 μετετίθετο
3471 1624 3571 1676 καὶ
3606 1621 3813 1692 μετῴο

2202 1740 2380 1782 κιστο,
2405 1722 2497 1772 καὶ
2523 1720 2669 1780 είκός
2698 1722 2836 1772 ἐστι.
2873 1718 2985 1772 Καὶ
3014 1719 3098 1770 ὅτι
3146 1715 3307 1770 τοῦτο
3377 1713 3440 1771 τὸ
3488 1709 3638 1774 εἶδος
3701 1709 3814 1764 τοῦ

537 1819 676 1883 quod
723 1817 880 1870 istam
931 1825 1268 1884 peccatorum
1318 1817 1593 1885 speciem,
1652 1831 1755 1884 qua
1807 1816 1927 1883 quis
1978 1822 2093 1882 post

2199 1815 2613 1890 ἁμαρτήματος,
2649 1811 2708 1863 τὸ
2743 1811 2880 1879 μετά
2908 1810 3138 1862 θάνατον
3182 1806 3284 1874 τῆς
3328 1802 3598 1872 γυναικὸς
3621 1799 3815 1854 αὑτοῦ

538 1914 758 1959 mortem
811 1906 993 1959 uxoris
1049 1919 1156 1959 sua:
1213 1919 1453 1961 sororem
1513 1905 1631 1974 ejus
1678 1905 1823 1959 ducit
1876 1903 2093 1976 [Moses]

537 2002 816 2058 propterea
870 1993 1164 2061 prohibuit,
1215 1993 1358 2060 quod
1404 1993 1508 2048 viri
1555 1992 1814 2047 luxuriosi
1864 1993 2096 2061 patriar-

538 2085 691 2135 cham
725 2082 982 2136 Iacobum
1023 2099 1119 2150 pro
1155 2083 1398 2152 exemplo
1446 2084 1715 2139 habebant
1739 2123 1753 2148 ,
1790 2086 1880 2151 qui
1909 2085 2092 2139 eodem

539 2184 778 2240 tempore
810 2174 1020 2227 duabus
1045 2175 1343 2238 sororibus,
1386 2176 1527 2229 Leia:
1563 2187 1610 2228 et
1662 2176 1900 2239 Racheli,
1933 2177 2096 2230 coha-

540 2264 745 2316 hilavit.
780 2263 940 2316 lllnlta
989 2273 1167 2317 autem
1202 2265 1348 2328 dicit,
1381 2280 1411 2317 a
1450 2265 1566 2333 lege
1599 2267 1816 2335 quidem
1871 2267 2091 2320 silentio

540 2355 919 2417 prtclermissa,
951 2365 997 2408 el
1054 2364 1228 2408 tamen
1281 2355 1542 2423 prohibita
1577 2370 1696 2409 esse
1739 2373 1750 2410 :
1784 2357 1941 2422 quale
1970 2366 2049 2410 est
2077 2397 2090 2422 ,

540 2450 744 2509 patrcm
770 2449 821 2492 et
851 2441 1015 2494 lilium
1052 2443 1234 2496 eadem
1294 2442 1480 2511 pellice
1511 2458 1614 2497 non
1650 2444 1745 2496 uti.
1777 2443 1944 2511 Hujus
1976 2443 2091 2509 qui-

539 2532 656 2584 dem
687 2529 770 2583 lex
799 2543 900 2582 non
935 2528 1215 2582 meminit:
1247 2530 1508 2597 propheta
1534 2545 1663 2584 vero
1700 2539 1953 2596 tanquam
1986 2530 2097 2582 ille-

539 2623 778 2689 gitimam
812 2620 1074 2672 actionem
1110 2622 1402 2681 accusavit,
1436 2620 1643 2682 dicens,
1683 2621 1829 2686 ﬁlius
1859 2632 1905 2673 et
1945 2630 2096 2687 pater

539 2712 606 2761 ad
661 2713 890 2762 eamdem
943 2709 1169 2776 puellam
1218 2708 1645 2778 ingrediebantur
1716 2746 1728 2760 .
1762 2709 1826 2761 Et
1879 2709 2091 2774 quidem

541 2799 840 2864 Darmones,
883 2799 1076 2877 inquit,
1115 2800 1279 2854 multa
1334 2800 1728 2853 immundarum
1782 2801 2089 2867 passionum

541 2903 736 2958 genera
769 2891 1102 2944 docuerunt:
1137 2891 1311 2944 divina
1345 2901 1520 2944 autem
1552 2891 1830 2960 Scriptura
1881 2894 1992 2948 haec
2023 2893 2095 2947 si-

543 2977 712 3032 lentio
743 2978 1100 3047 praetermisit,
1132 2987 1185 3031 et
1215 2981 1313 3032 sub
1345 2980 1579 3045 generali
1613 2980 1966 3034 immunditiei
1999 2995 2094 3032 no-

541 3067 686 3121 mine
724 3066 1145 3132 comprehendit,
1177 3081 1242 3119 ne
1272 3069 1627 3126 sanctimonia
1655 3069 1821 3138 ipsius
1850 3071 2081 3138 turpium

2197 1923 2315 1956 τινα
2354 1904 2655 1971 λαμϐάνειν
2683 1901 2782 1969 τὴν
2843 1900 3082 1970 ἀδελφὴν
3165 1897 3409 1967 ἐκείνης,
3471 1894 3560 1948 διὰ
3629 1893 3819 1945 τοῦτο

2198 1993 2494 2050 ἐκώλυσεν,
2519 1991 2601 2042 ὅτι
2631 1990 2712 2049 εἰς
2740 1988 3053 2056 ὑπόδειγμα
3077 1983 3225 2054 εἶχον
3275 1987 3327 2038 οἱ
3359 1985 3667 2039 ἀκόλαστοι
3700 1983 3814 2037 τὸν

2197 2082 2539 2149 πατριάρχην
2577 2078 2773 2132 Ἰακὼϐ
2805 2080 3206 2147 συνοικήσαντα
3228 2076 3373 2130 κατά
3395 2076 3600 2129 ταύτὸν
3634 2074 3817 2128 δυσὶν

2196 2173 2474 2238 ἀδελφαῖς,
2507 2172 2572 2239 τῇ
2595 2186 2650 2221 τε
2684 2168 2818 2240 Λείᾳ
2844 2170 2934 2221 καὶ
2965 2173 3029 2236 τῇ
3091 2169 3313 2237 Ῥαχὴλ.
3350 2167 3536 2220 Πολλά
3591 2167 3655 2218 δὲ
3698 2166 3813 2216 λέ-

2197 2279 2280 2329 γει
2311 2262 2386 2329 τῷ
2413 2263 2560 2330 νόμῳ
2594 2261 2690 2327 μὲν
2748 2259 3111 2328 σιωπηθῆναι,
3135 2258 3481 2312 κεκωλῦσθαι
3507 2259 3566 2309 δὲ
3598 2258 3768 2324 ὅμως
3794 2275 3810 2287 ·

2195 2349 2307 2403 οἶόν
2337 2352 2450 2402 ἐστι
2481 2350 2538 2402 τὸ
2573 2351 2644 2419 μὴ
2673 2351 2774 2419 μιᾷ
2808 2349 3059 2418 παλλακῇ
3087 2348 3392 2418 κεχρῆσθαι
3441 2346 3670 2416 πατέρα
3704 2349 3816 2399 καὶ

2197 2443 2332 2494 υίόν.
2360 2439 2561 2492 Τούτου
2594 2441 2690 2507 μὲν
2727 2441 2755 2492 6
2785 2441 2948 2509 νόμος
2977 2440 3078 2493 οὐκ
3139 2439 3553 2508 ἐμνημόνευσεν
3591 2454 3608 2469 ⁸
3651 2441 3680 2490 6
3745 2439 3814 2491 δὲ

2196 2534 2480 2601 προφήτης
2526 2531 2600 2592 ὼς
2632 2530 2874 2598 ἀθέσμου
2928 2529 3027 2597 τῆς
3075 2530 3331 2598 πράξεως
3367 2529 3812 2598 κατηγόρησεν,

2196 2623 2363 2676 εἰπών
2395 2637 2408 2652 ·
2455 2622 2508 2672 '0
2565 2619 2696 2685 υἱὸς
2763 2619 2860 2671 καί
2897 2621 2929 2672 ό
2976 2619 3173 2686 πατὴρ
3224 2619 3376 2685 πρὸς
3425 2618 3544 2684 τὴν
3589 2619 3818 2685 αὐτὴν

2195 2711 2523 2775 παιδίσκην
2560 2710 3039 2775 εἰσεπορεύοντο.
3073 2709 3182 2762 Καὶ
3238 2710 3285 2761 0!
3356 2707 3456 2776 μὲν
3506 2707 3812 2775 δαίμονες,

2195 2803 2353 2870 φησι,
2394 2799 2564 2851 πολλά
2599 2798 2720 2867 εἴδη
2748 2798 2856 2850 τῶν
2892 2796 3218 2865 ἀκαθάρτων
3248 2795 3444 2848 παθῶν
3477 2795 3747 2858 ἐδίδαξαν
3791 2812 3808 2826 ⁸

2196 2894 2228 2960 ἠ
2259 2891 2314 2943 δὲ
2344 2889 2462 2943 Θεία
2494 2888 2687 2958 Γραφὴ
2742 2888 2914 2940 ταῦτα
2962 2887 3385 2957 παρεσιὼπησε,
3430 2887 3527 2940 καὶ
3579 2889 3813 2956 γενικῷ

2194 2980 2535 3049 ὀνόματιτῆς
2577 2978 2918 3047 ἀκαθαρσίας
2953 2978 3217 3043 διέλαϐεν,
3251 2979 3339 3031 ἴνα
3399 2978 3474 3047 μὴ
3512 2981 3546 3049 ἡ
3593 2980 3818 3048 σεμνό-

2192 3086 2290 3138 της
2328 3069 2495 3137 αὐτῆς
2553 3069 2674 3131 ταῖς
2741 3068 2851 3120 τῶν
2886 3069 3129 3137 αἰσχρῶν
3192 3069 3516 3138 ὀνομασίαις
3571 3073 3810 3140 καταῤ-

544 3157 989 3228 appellationibus
1018 3158 1498 3213 contaminaretur.
1535 3159 1596 3212 Et
1627 3161 1937 3229 Apostolus,
1967 3161 2091 3215 0m-

2199 3159 2521 3228 ρυπαίνοιτο.
2549 3157 2658 3211 Καὶ
2691 3157 2718 3210 6
2740 3159 3079 3220 Ἀπόστολος,
3112 3161 3369 3226 Πορνεία
3402 3160 3473 3212 δὲ
3497 3161 3600 3212 καί
3633 3162 3804 3214 ἀκα-

541 3249 646 3312 riis,
682 3248 890 3315 inquit,
929 3248 1205 3314 fornicatio
1241 3259 1291 3302 et
1334 3250 1685 3302 immundilies
1736 3251 1872 3303 inter
1905 3268 1987 3304 ros
2031 3269 2093 3305 ne

544 3339 836 3390 nominetur
870 3339 908 3403 ¹,
941 3341 1038 3392 sub
1088 3338 1439 3396 immunditiei
1499 3340 1712 3394 nomine
1744 3356 1955 3395 omnem
1998 3342 2092 3395 ob-

543 3430 861 3484 scenitatem
919 3431 1412 3498 comprehenderis;
1445 3433 1580 3486 adeo
1607 3441 1663 3486 ut
1696 3433 1839 3486 nulla
1876 3448 2093 3502 prorsus

543 3519 843 3574 libidinosis
871 3529 1086 3587 propter
1117 3519 1387 3574 silentium
1420 3523 1644 3592 turpiter
1664 3522 1851 3591 agendi
1877 3524 2092 3576 licentia

545 3610 722 3671 detur.
763 3609 962 3663 Deinde
988 3618 1039 3662 et
1075 3611 1280 3665 fortiori
1321 3623 1536 3666 sanctus
1567 3623 1877 3682 argumento
1904 3615 2090 3679 utitur,

544 3697 748 3759 dicens,
783 3711 953 3766 neque
987 3699 1122 3753 hanc
1146 3711 1346 3768 partem
1380 3702 1491 3755 sive
1524 3704 1756 3770 speciem
1791 3705 1946 3772 hujus
1974 3721 2095 3774 pec-

545 3787 650 3840 rati
677 3787 889 3841 silentio
925 3802 952 3840 a
979 3788 1092 3856 lege
1122 3791 1536 3858 praetermissam
1569 3805 1708 3846 esse.
1741 3792 2094 3863 Quandoqui-

546 3880 664 3931 dem
700 3880 838 3931 enim
885 3878 937 3931 in
972 3893 1032 3933 ea
1072 3879 1327 3944 scriptum
1365 3889 1447 3934 est
1470 3921 1484 3946 ,
1525 3878 1647 3932 Non
1683 3881 1988 3949 ingredieris
2028 3885 2094 3934 ad

543 3970 769 4036 quemvis
805 3971 1242 4038 consanguineum
1293 3971 1466 4023 carnis
1510 3981 1612 4023 tute
1663 3971 1729 4023 ad
1765 3973 2096 4025 revelandam

545 4059 657 4124 ejus
703 4061 1074 4127 turpitudinem
1110 4060 1152 4122 ',
1196 4061 1296 4114 hoc
1345 4061 1505 4113 etiam
1548 4076 1715 4128 genus
1763 4062 2093 4130 prohibetur.

548 4150 604 4202 Si
641 4150 781 4203 enim
817 4151 1004 4204 mulier
1033 4159 1085 4204 et
1114 4151 1194 4204 vir
1230 4166 1332 4204 una
1371 4152 1474 4205 sint
1501 4166 1648 4217 caro,
1677 4152 1828 4220 juxta
1854 4153 2095 4220 Scriptu-

547 4256 686 4304 rznu,
718 4241 854 4295 inter
882 4243 1049 4295 virum
1079 4250 1129 4294 et
1162 4242 1342 4294 uxoris
1373 4243 1539 4311 ipsius
1579 4258 1814 4298 sororem
1849 4259 2095 4313 magnam

545 4330 764 4382 mnuino
810 4330 1328 4398 consanguinitatem
1359 4347 1481 4386 csse
1509 4333 1770 4400 quispiam
1803 4334 2095 4388 existimet.

549 4415 612 4467 lit
642 4415 1092 4482 quemadmodum
1146 4431 1302 4470 nemo
1340 4431 1564 4473 matrem
1603 4421 1785 4474 uxoris
1819 4436 1927 4474 suae
1955 4462 1968 4483 ,
2011 4421 2097 4474 vel

549 4501 712 4554 ﬁliam
741 4518 804 4555 ex
831 4502 933 4555 alio
965 4502 1011 4554 ei
1045 4501 1159 4555 viro
1190 4505 1443 4570 genitam,
1474 4519 1688 4574 propter
1718 4510 2097 4575 consanguini-

549 4601 714 4646 tatem
740 4593 998 4660 accipiet;
1023 4607 1195 4660 neque
1223 4594 1380 4646 etiam
1408 4605 1630 4648 matrem
1666 4612 1816 4650 suam
1845 4599 2093 4652 filiamve:

549 4685 630 4737 sic
679 4697 850 4751 neque
883 4683 1064 4735 uxoris
1111 4684 1278 4736 sorori
1330 4683 1945 4755 conjungetur;quippe
1997 4703 2095 4743 nec

549 4773 719 4827 sorori
752 4787 880 4824 sum.
925 4771 1066 4824 ldem
1101 4780 1273 4824 autem
1312 4772 1480 4841 inquit
1509 4784 1562 4826 et
1598 4777 1662 4828 de
1700 4776 1922 4830 muliere
1953 4793 1967 4828 :
2004 4792 2096 4831 ne—

549 4879 652 4929 quc
689 4864 830 4916 enim
872 4863 1062 4916 mulier
1090 4864 1264 4917 mariti
1299 4864 1377 4917 sui
1419 4864 1652 4918 defuncti
1690 4866 1844 4919 fratri
1872 4869 2096 4935 conjun-

551 4965 739 5022 gctur;
787 4969 959 5021 neque
1006 4956 1124 5009 aliis
1162 4955 1208 5008 ei
1260 4971 1354 5024 per
1407 4957 1774 5025 cognationem
1831 4958 2097 5013 affinibus.

553 5044 741 5099 Postea
775 5045 1075 5111 Apostolica
1103 5048 1352 5113 producit
1378 5048 1562 5110 verba,
1587 5059 1636 5100 et
1665 5047 1728 5100 ad
1761 5048 1986 5117 aliquos,
2013 5050 2102 5117 qui

551 5134 932 5200 iliud,Crescite
955 5145 1000 5187 et
1025 5136 1445 5204 multiplicamini
1467 5140 1507 5202 ³,
1532 5139 1810 5205 objiciunt,
1829 5140 1976 5204 dicit,
1998 5139 2099 5193 Eus

551 5227 785 5290 derideo,
826 5226 915 5290 qui
947 5225 1333 5294 legislatiouum
1367 5237 1605 5295 tempora
1638 5244 1739 5280 non
1771 5231 2102 5285 discernunt.

550 5314 663 5372 lloc
684 5316 882 5375 dicens,
906 5317 1157 5382 quoniam
1180 5315 1324 5382 illud,
1346 5317 1572 5371 Crescite
1586 5329 1632 5371 et
1658 5320 2098 5386 multiplicamini,

548 5405 690 5458 Deus
718 5406 783 5456 ad
821 5404 1061 5458 homines
1098 5405 1274 5473 primo
1307 5414 1516 5462 creatos
1546 5413 1913 5476 pronuntiavit
1974 5429 2091 5475 cum

552 5495 783 5548 nandum
817 5494 1099 5548 multitudo
1128 5495 1398 5549 hominum
1433 5507 1613 5562 esset,
1647 5507 1700 5552 et
1732 5513 1956 5555 necesse
1982 5517 2098 5554 om-

551 5570 681 5670 pido
707 5593 869 5650 esset,
903 5593 958 5637 ut
984 5585 1170 5638 Adami
1203 5584 1353 5639 liberi
1378 5587 1491 5642 sibi
1515 5587 1739 5643 invicem
1781 5590 2098 5658 copularen-

1131 5707 1150 5737 ’
1176 5703 1348 5764 chil.
1380 5725 1530 5773 xvtn,
1578 5708 1662 5763 18.
1738 5708 1757 5740 ³
1787 5707 1919 5763 Gen.
1963 5709 2120 5771 1.9.8.

625 5707 637 5758 ἓ
672 5703 870 5773 pres.
913 5723 965 5774 ι’,
1001 5703 1050 5758 ’5.

2196 3252 2410 3319 θαρσιά
2443 3251 2608 3306 πᾶσα
2637 3250 2791 3319 μηδὲ
2822 3250 3224 3318 ὀνομαζέσθω,
3257 3253 3450 3321 φησὶν,
3497 3251 3569 3304 ἐν
3620 3252 3807 3320 ὑμῖν,

2194 3342 2271 3409 τῷ
2304 3342 2400 3410 τῆς
2464 3341 2752 3401 ἀκολασίας
2824 3341 3045 3409 ὀνόματι
3112 3341 3297 3392 πᾶσαν
3374 3341 3810 3411 ἀρρητοποιίαν

2197 3448 2262 3483 πε
2275 3430 2528 3500 ριλασών.
2559 3432 2719 3483 Ὥστε
2747 3430 2808 3483 οὗ
2839 3433 3056 3492 πάντως
3087 3429 3240 3482 ἄδεια
3265 3429 3480 3484 δέδοται
3545 3435 3664 3497 τοῖς
3701 3451 3809 3501 cpi-

2197 3522 2433 3591 ληδόνοις
2471 3521 2556 3572 διὰ
2585 3521 2684 3588 τῆς
2717 3521 2929 3589 σιωπῆς
3001 3522 3416 3591 αίηρουργεῖν.
3474 3522 3615 3576 Εἶτα
3704 3526 3814 3576 καὶ

2200 3610 2499 3679 βιαιότερον
2530 3611 2798 3679 ἐπιχειρεῖ
2825 3612 2852 3662 6
2879 3609 3057 3675 ἅγιος,
3093 3609 3270 3677 λέγων
3301 3611 3386 3663 ὅτι
3437 3611 3562 3663 οὐδέ
3591 3614 3814 3664 σεσιώ-

2199 3717 2366 3769 πηται
2425 3701 2501 3769 τῷ
2552 3702 2700 3769 νόμῳ
2753 3699 2815 3752 τὸ
2852 3700 3015 3770 μέρος
3075 3699 3255 3766 τοῦτο,
3305 3702 3479 3770 ἤγουν
3531 3704 3593 3754 τό
3653 3699 3816 3768 εἶδος

2197 3791 2384 3843 τούτου
2439 3789 2529 3842 τοῦ
2583 3790 2978 3859 ἁμαρτήματος
3011 3806 3024 3820 ·
3087 3791 3214 3843 ἐπεὶ
3280 3789 3390 3858 γὰρ
3471 3791 3813 3858 γέγραπται

2199 3881 2255 3933 ἐν
2312 3878 2479 3946 αὐτῷ,
2535 3879 2656 3930 Οὐκ
2724 3880 3049 3946 εισελεύσῃ
3115 3879 3267 3947 πρὸς
3322 3880 3526 3932 πάντα
3559 3882 3818 3935 οἰκεῖον

2198 3973 2424 4037 σαρκός
2515 3983 2632 4021 σου
2706 3967 3098 4036 ἀποκαλύψαι
3170 3968 3631 4038 ἀσχημοσύνην
3695 3976 3819 4027 αὑ-

2199 4059 2330 4125 τοῦ,
2378 4060 2473 4112 καὶ
2527 4059 2682 4112 τοῦτο
2705 4061 2764 4111 τὸ
2816 4054 2957 4120 εἶδος
3002 4059 3406 4128 ἀπηγόρευται.
3473 4062 3539 4113 El
3615 4064 3732 4132 γὰρ
3775 4068 3812 4136 ἡ

2199 4150 2335 4219 γυνὴ
2366 4150 2460 4203 καὶ
2508 4152 2535 4203 6
2565 4150 2704 4219 ἀνὴρ
2727 4149 2863 4219 σάρξ
2894 4149 3001 4201 είσι
3048 4149 3170 4219 μία,
3202 4150 3346 4203 κατά
3392 4152 3494 4220 τὴν
3535 4152 3814 4224 Γραφὴν,

2201 4240 2415 4302 πάντως
2447 4239 2688 4311 μεγάλην
2736 4239 2802 4293 ἀν
2834 4254 2918 4301 τις
2973 4239 3249 4291 οἱκείωσιν
3307 4235 3450 4292 εῖναι
3508 4242 3817 4309 λογίσαιτο

2203 4330 2336 4400 πρὸς
2366 4333 2454 4382 τὸν
2485 4330 2652 4400 ἀνδρα
2672 4334 2737 4399 τῇ
2765 4333 2863 4400 τῆς
2896 4330 3156 4396 γυναικὸς
3182 4329 3355 4383 αὑτοῦ
3390 4331 3632 4401 ἀδελφῇ.
3677 4336 3808 4388 Καὶ

2207 4421 2394 4488 ὥσπερ
2423 4419 2631 4489 μητέρα
2660 4437 2744 4481 τις
2777 4419 2982 4481 οἰκείας
3035 4419 3317 4486 γυναικὸς,
3395 4423 3687 4492 θυγατέρα
3743 4428 3814 4492 ἐξ

2206 4514 2392 4583 ἐτέρου
2418 4513 2608 4581 ἀνδρὸς
2634 4511 2914 4580 τεχθεῐσαν
2945 4512 3104 4581 αὐτῇ,
3140 4513 3202 4564 οὐ
3243 4513 3506 4582 λήψεται,
3567 4515 3670 4567 διὰ
3696 4516 3813 4587 τὴν

2205 4604 2495 4666 οἱκείωσιν,
2526 4602 2645 4655 οὑδέ
2676 4602 2772 4670 μέν
2800 4619 2880 4654 τοι
2911 4602 3010 4672 τὴν
3033 4603 3242 4656 οἰκείαν
3275 4605 3529 4675 μητέραν
3555 4605 3588 4674 ἢ
3625 4606 3818 4676 θυγα-

2205 4692 2337 4762 τέρα
2356 4693 2525 4754 οὖτως
2541 4693 2658 4744 οὐδὲ
2683 4692 2780 4760 τῆς
2799 4693 3074 4758 γυναικόςο
3094 4693 3214 4745 οὐδὲ
3232 4693 3372 4764 γυνη
3391 4696 3500 4765 γὰρ
3529 4697 3609 4766 τῷ
3637 4699 3818 4753 ἀδελ-

2206 4782 2291 4852 φῷ
2348 4782 2442 4833 τοῦ
2476 4781 2664 4850 ἀνδρὸς
2695 4781 2863 4848 αὐτῆς
2897 4780 3146 4844 θανόντος
3182 4785 3619 4854 συναφθήσεται,
3675 4789 3815 4842 οὐδὲ

2203 4874 2316 4935 τοῖς
2353 4872 2534 4933 ἀλλοις
2564 4870 2756 4938 ἐκείνῳ
2781 4871 3002 4934 οἰκείοις
3050 4871 3540 4942 κατὰσυγγένειαν.
3561 4872 3705 4931 Εἶτα
3735 4881 3816 4935 τὰ

2201 4965 2530 5018 ἀποστολικᾶ
2565 4965 2763 5031 ἐπάγει
2792 4965 3056 5033 ῥήματα·
3125 4967 3222 5018 καὶ
3284 4969 3427 5036 πρός
3481 4987 3646 5034 τινας
3711 4976 3809 5036 τὸ,

2200 5055 2551 5118 Αὑξάνεσθε
2572 5054 2668 5107 καὶ
2695 5056 3081 5118 πληθύνεσθε
3141 5057 3626 5129 προϐαλλομένους
3658 5065 3812 5133 φησι

2203 5145 2506 5211 καταγελῶ,
2537 5145 2645 5198 τῶν
2677 5148 2748 5214 μὴ
2771 5145 3158 5214 διακρινόντων
3189 5150 3320 5209 τοὺς
3369 5153 3604 5220 καιροὺς
3681 5155 3806 5207 τῶν

2208 5234 2562 5304 νομοθεσιῶν,
2594 5234 2749 5286 τοῦτο
2774 5234 2968 5300 λέγων,
3024 5235 3192 5288 ὅτιτὸ
3251 5237 3610 5299 Αὺξάνεσθε
3697 5244 3810 5296 καὶ

2210 5328 2593 5393 πληθύνεσθε
2623 5326 2756 5395 πρὸς
2785 5327 2912 5388 τοὺς
2968 5329 3438 5394 πρωτοπλάστους
3493 5331 3727 5402 εἴρηκεν
3775 5337 3810 5388 ὁ

2210 5419 2364 5480 Θεὸς,
2418 5419 2506 5471 ὅτε
2567 5416 2718 5470 οὔπω
2776 5417 2978 5487 πλῆθος
3029 5419 3363 5487 ἀνθρώπων,
3422 5423 3518 5474 καὶ
3566 5424 3809 5497 ἀνάγκη

2209 5509 2424 5568 πάντως
2456 5511 2577 5570 τοὺς
2600 5507 2692 5559 τοῦ
2740 5507 2911 5578 ’Λδὶμ
2937 5510 3132 5571 παῖδας
3187 5510 3442 5578 ἀλλήλοις
3506 5515 3803 5567 συνάπτε-

2209 5601 2352 5650 σθαι.
2379 5596 2532 5650 Κατά
2562 5597 2749 5649 τοῦτον
2778 5593 2871 5650 οὖν
2896 5598 2985 5650 τὸν
3011 5597 3169 5664 λόγον
3223 5599 3318 5651 καὶ
3388 5599 3486 5654 νῦν
3535 5600 3807 5672 ἀλλήλοις
