4006 6498
280 356 380 422 821

867 360 951 421 ΙΝ
989 360 1228 422 EPIST.
1278 361 1337 422 S.
1375 358 1662 421 BASILII
1694 357 1796 417 AD
1833 355 2295 421 GREGORIUM
2327 356 2911 419 PRESBYTERUM.

3414 354 3521 418 822

275 477 720 548 συναψθὴσονται
754 477 974 545 ἀδελφοί
1010 493 1024 508 ο
1049 477 1143 529 καὶ
1173 477 1267 530 ἐπὶ
1291 479 1524 543 τούτοις,
1556 480 1743 550 φησιν,
1772 480 1843 533 ὅτι

1959 484 2066 529 tur.
2094 474 2257 530 Juxta
2286 474 2443 530 istam
2471 476 2654 545 itaque
2685 474 2953 530 rationem
2994 473 3187 529 fratres
3220 472 3519 528 etiamnum

272 574 303 624 ὁ
341 571 595 638 δεύτερος
623 567 797 637 γάμος
824 569 1080 637 πορνείας
1111 571 1437 639 παραμυθία
1485 574 1626 636 ἐστὶ,
1684 591 1846 627 τουτ-

273 663 450 722 έστιν,
471 660 558 712 ἴνα
589 660 664 728 μὴ
696 662 771 721 εἰς
803 660 1059 730 πορνείαν
1091 660 1453 717 ἐκκυλίωνται
1473 664 1523 716 οἱ
1550 664 1848 733 ἄνθρωποι.

276 752 375 802 Διὰ
400 749 561 800 τοῦτο
588 753 935 820 συνεχωρήθη
971 754 1003 823 ἡ
1033 754 1283 824 διγαμία,
1320 753 1435 807 ἀλλ’
1462 754 1557 822 οὐχ
1594 754 1681 807 ἵνα
1716 754 1851 821 πρό-

279 858 446 905 φασις
484 842 699 909 γίνηται
735 844 1047 909 ἀσελγείας.
1072 847 1182 899 Καὶ
1204 846 1295 898 τὸν
1324 846 1499 914 μέγαν
1530 834 1762 909 Παῦλον,
1791 846 1850 908 ὃς

276 934 369 981 τὴν
398 931 649 1001 δεύτερυν
679 938 953 1003 συγχωρεῖ
982 938 1181 1004 γάμον,
1214 937 1456 1006 παράγει
1493 937 1741 1004 λέγοντα,
1778 936 1850 991 El

276 1026 391 1074 οὐκ
426 1024 889 1092 ἐγκρατεύονται
908 1026 1380 1094 γαμησάτωσαν,
1400 1028 1493 1081 καὶ
1525 1028 1588 1079 οὐ
1647 1028 1850 1096 προσέ-

281 1113 425 1175 θετο,
459 1117 746 1182 φησ“ιν,ὃτι
776 1117 1087 1185 γαμοῦντες
1121 1119 1633 1187 παρανομείτωσαν.
1714 1115 1850 1173 Εἶτα

282 1209 375 1256 καὶ
407 1206 644 1258 ἀλλωθεν
673 1208 1074 1270 κατασκευάζει
1107 1208 1203 1279 τὴν
1255 1210 1486 1264 ἀτοπίαν
1540 1210 1644 1279 τῆς
1703 1212 1848 1281 πρά-

281 1292 440 1356 ξεως,
461 1294 657 1360 λέγων,
697 1295 756 1351 Ὀ
779 1296 880 1365 τὴν
909 1296 1007 1365 τῆς
1022 1297 1362 1368 ἀπελθούσης
1388 1300 1649 1367 γυναικὸς
1680 1301 1845 1355 αὑτοῦ

280 1380 464 1434 λαϐὼν
494 1384 754 1453 ἀδελφὴν,
786 1387 880 1438 καὶ
943 1389 1475 1459 παιδοποιησάμενος
1529 1391 1589 1456 ἐξ
1621 1391 1848 1462 ἀμφοῖν,

281 1471 446 1524 ποίαν
528 1476 640 1535 τοῖς
693 1476 900 1539 τεκνοις
952 1482 1327 1548 προσηγορίαν
1389 1482 1846 1550 περιποιήσεταις

280 1564 377 1615 καὶ
432 1563 549 1625 πῶς
570 1564 829 1635 ἀλλήλους
857 1569 906 1621 oi
928 1569 1113 1632 παῖδες
1133 1569 1457 1625 καλέσουσιν
1482 1589 1498 1639 ;
1540 1574 1849 1642 Ἀδελφοὺς,

278 1653 355 1715 ὡς
383 1654 440 1720 ἐξ
471 1656 589 1720 ἐνὸς
616 1659 1002 1727 προσελθόντες
1030 1662 1260 1730 πατρὸς,
1295 1663 1326 1733 ἢ
1391 1665 1651 1735 ἀνεψιοὺς
1681 1669 1851 1738 ἦγουν

278 1745 627 1813 ἔξαδέλφους,
657 1748 731 1810 ὡς
753 1750 817 1801 ὲκ
839 1750 932 1802 δύο
953 1752 1237 1820 γενόμενοι
1313 1756 1593 1826 acetum;
1636 1761 1848 1817 Πολλα-

275 1836 373 1904 χοῦ
405 1837 461 1889 δὲ
493 1836 753 1907 εὕρηνται
804 1840 955 1910 παρὰ
984 1845 1097 1906 τοῖς
1118 1844 1373 1911 παλαιοῖς
1404 1848 1484 1919 τῷ
1534 1850 1646 1905 τῶν
1715 1852 1843 1908 ἁνε-

274 1928 416 1995 ψιῶν
442 1930 764 2000 καλούμενοι
790 1933 1013 2000 ὀνόματι
1061 1938 1111 1988 oi
1163 1938 1464 2008 ὲξάδελφοιο
1506 1941 1842 2014 ’Δμφὰτεραι

275 2020 409 2089 γὰρ,
434 2023 590 2089 φησὶ,
629 2023 688 2075 ai
718 2023 959 2092 κλήσεις,
991 2028 1024 2095 ἡ
1055 2026 1165 2080 τῶν
1191 2028 1435 2096 ἀδέλφων
1466 2030 1709 2101 δηλονότι
1749 2035 1844 2087 καὶ

271 2112 385 2163 τῶν
423 2112 682 2181 ἀνεψιῶν,
710 2116 894 2179 αὐτοῖς
917 2119 1363 2188 προσαρμόζουσι
1388 2122 1477 2175 διὰ
1505 2122 1606 2191 τὴν
1640 2123 1844 2194 σύγχυ-

275 2215 361 2251 σιν
384 2201 484 2269 τῆς
512 2205 850 2269 συγγενείας.
894 2207 1001 2258 Καὶ
1023 2206 1102 2259 ἔτι
1149 2210 1545 2276 ἐπαγωνίζεται
1574 2212 1738 2283 λόγῳ,
1762 2215 1849 2269 λέ-

274 2306 412 2354 γων,
447 2292 593 2343 arto
619 2292 801 2345 λαϐὼν
844 2296 943 2365 τὴν
975 2297 1208 2368 ἀδελφὴν
1251 2300 1354 2369 τῆς
1403 2302 1671 2371 προτέρας
1702 2321 1844 2375 συμ-

275 2377 414 2443 ϐΞου,
448 2380 548 2449 τὴν
579 2381 730 2434 θείαν
764 2383 870 2437 τῶν
896 2385 1087 2438 ἑαυτοῦ
1120 2387 1345 2455 τέκνων,
1374 2390 1484 2443 τῶν
1525 2392 1589 2443 ἐκ
1626 2394 1841 2461 πρώτου

276 2471 485 2540 γάμον,
516 2473 835 2543 καθίστησιν
863 2476 1043 2529 αὐτῶν
1080 2479 1373 2547 μητρυιὰν,
1405 2480 1500 2535 καὶ
1522 2482 1844 2551 ὀφείλουσαν

277 2562 534 2631 στέργειν
557 2562 754 2626 αὐτοὺς
775 2564 850 2626 ὡς
874 2566 1291 2634 ἁδελφόπαιδαςο
1324 2570 1445 2624 κατ’
1479 2573 1659 2625 αὐτῶν
1690 2574 1844 2627 ὁπλί-

274 2652 355 2714 ζει
382 2653 551 2723 αὐτὴν
574 2653 1005 2720 ζηλοτυποῦσαν.
1036 2659 1248 2731 Ὠσπερ
1271 2663 1380 2729 γὰρ
1409 2664 1637 2730 φυσικόν
1659 2683 1712 2717 τι
1735 2666 1841 2720 πά-

273 2740 367 2802 θος
392 2743 512 2802 ταῖς
544 2745 831 2812 μητρυιαῖς
852 2746 988 2816 πρὸς
1014 2749 1139 2810 τοὺς
1169 2748 1228 2814 ἐξ
1260 2750 1419 2804 ἄλλου
1447 2753 1629 2821 γάμου
1648 2755 1843 2820 παῖδας

266 2829 383 2881 τῶν
410 2832 628 2885 οἰκείων
649 2835 859 2904 ἀνδρῶν
886 2837 918 2905 ή
953 2836 1249 2907 ζηλοτυπία
1283 2841 1573 2911 ἐμφύεται,
1594 2845 1687 2896 καὶ
1732 2848 1843 2908 τοῖς

275 2921 377 2989 μὲν
404 2922 643 2992 ἐχθροῖς,
674 2925 942 2981 θανόντων
965 2929 1074 2981 τῶν
1097 2931 1357 2987 ἐναντίων
1376 2933 1581 2997 αὐτοῖς,
1606 2936 1667 2988 τὸ
1688 2939 1843 3005 μῖσος

268 3011 607 3081 ἀμϐλύνεται
629 3031 644 3047 ’
671 3019 726 3070 αἱ
751 3018 807 3071 δὲ
828 3020 1093 3089 μητρυιαὶ
1116 3022 1212 3093 τῆς
1236 3021 1438 3094 ἔχθρας
1460 3027 1596 3096 πρὸς
1624 3028 1723 3090 τὰς
1745 3028 1843 3082 ἁν-

1950 569 2050 625 sibi
2068 570 2296 625 invicem
2313 570 2736 641 conjungentur?
2759 568 2915 640 1&3
2929 566 3150 634 Adbtec,
3163 567 3259 629 ait.
3272 557 3412 637 quod
3431 582 3520 623 se-

1949 661 2185 714 cundum
2230 661 2630 715 matrimonium
2668 658 3046 714 fornicationis
3077 658 3373 712 remedium
3397 666 3514 723 est;

1950 752 2055 808 hoc
2083 761 2187 817 est,
2216 767 2286 807 ne
2310 753 2558 808 homines
2584 752 2652 807 ad
2681 750 3091 807 fornicationem
3117 750 3511 816 evolverentur;

1951 851 2235 912 propterea
2278 856 2533 898 concessa
2561 850 2643 897 est
2681 842 2936 912 digamia,
2986 839 3081 896 sed
3118 854 3224 895 non
3253 848 3311 895 ut
3338 839 3518 894 libidi-

1951 933 2037 986 nis
2067 933 2344 988 excusatio
2389 942 2555 989 esset.
2588 932 2653 987 Et
2699 946 2954 1002 magnum
2998 931 3264 997 Paulum,
3293 929 3382 999 qui
3432 942 3519 983 se-

1952 1024 2185 1078 cundum
2224 1023 2624 1079 matrimonium
2672 1023 2961 1089 concedit,
3011 1022 3163 1087 citat,
3203 1021 3469 1076 dicentem
3498 1056 3513 1081 ,

1954 1114 2013 1170 Si
2069 1131 2123 1169 se
2173 1132 2274 1169 non
2312 1117 2631 1182 contineant,
2668 1115 3064 1169 matrimonium
3109 1111 3461 1166 contrahant‘
3497 1126 3513 1163 :

1950 1214 2006 1261 et
2038 1221 2147 1261 non
2195 1207 2412 1276 adjecit,
2441 1206 2591 1271 dicit,
2625 1206 2769 1276 quod
2802 1219 3003 1260 uxores
3037 1204 3297 1257 ducentes
3327 1210 3514 1254 contra

1949 1298 2123 1368 legem
2180 1297 2400 1353 faciunt.
2434 1299 2630 1354 Postea
2678 1295 2897 1352 aliunde
2929 1296 3091 1350 etiam
3141 1292 3372 1349 actionis
3421 1291 3515 1345 ab-

1949 1388 2265 1443 surditatem
2289 1389 2545 1454 ostendit,
2571 1388 2774 1455 dicens,
2809 1388 2902 1459 qui
2939 1395 3161 1442 mortua
3191 1383 3372 1437 uxoris
3402 1396 3510 1436 sua:

1950 1493 2190 1536 sororem
2222 1480 2391 1546 ducit,
2419 1488 2474 1536 et
2505 1479 2643 1536 filios
2668 1492 2733 1534 ex
2784 1478 3042 1534 ambabus
3083 1475 3272 1547 gignit,
3302 1472 3511 1542 qualem

1950 1569 2134 1625 liberis
2167 1570 2577 1640 appellationem
2625 1569 2904 1638 imponet?
2931 1576 2987 1622 et
3016 1567 3283 1637 quomodo
3328 1578 3387 1619 se
3431 1565 3514 1617 in-

1951 1660 2126 1716 vicem
2167 1661 2319 1731 pueri
2366 1660 2685 1716 vocabunt?
2733 1659 2951 1715 Fratres
2972 1698 2988 1724 ,
3019 1665 3077 1711 ut
3104 1657 3192 1725 qui
3226 1668 3333 1710 uno
3365 1663 3516 1723 patre

1952 1753 2198 1821 prognati
2228 1761 2383 1817 sunt;
2418 1766 2485 1806 an
2516 1750 2769 1820 ἀνεψιοὺς
2797 1750 2910 1805 sive
2937 1747 3314 1810 consobrinos,
3348 1756 3406 1799 ut
3442 1761 3505 1799 ex

1947 1845 2156 1900 duabus
2180 1844 2456 1899 sororibus
2477 1825 2674 1897 natos?
2700 1839 2971 1895 Multoties
2995 1847 3175 1893 autem
3201 1835 3511 1892 consobrini

1946 1939 2085 2008 apud
2133 1947 2342 1992 veteres
2390 1934 2603 2006 ἀνεψιοὶ
2654 1933 2783 1989 dicti
2838 1932 3211 1988 inveniuntur.
3266 1926 3507 1996 Utraque

1945 2028 2087 2082 enim
2121 2025 2425 2095 appellatio,
2457 2024 2667 2095 inquit,
2695 2021 2924 2078 fratrum
2971 2020 3175 2076 scilicet
3218 2028 3273 2073 et
3321 2030 3511 2073 conso-

1943 2118 2248 2183 brinorum,
2269 2118 2336 2172 iis
2355 2125 2576 2187 propter
2606 2114 2944 2184 cognationis
2968 2110 3338 2168 confusionem
3373 2108 3506 2160 ada-

1947 2216 2186 2277 ptantur.
2224 2207 2415 2261 Adhuc
2439 2206 2602 2261 etiam
2637 2205 2849 2259 ratione
2880 2208 3088 2267 certat,
3119 2199 3321 2262 dicens,
3368 2194 3509 2265 quod

1945 2300 2035 2369 qui
2069 2299 2269 2368 prioris
2299 2296 2543 2367 conjugis
2579 2309 2816 2351 sororem
2853 2294 3021 2350 ducit.
3054 2304 3272 2347 suorum
3303 2302 3366 2342 ex
3398 2288 3507 2355 pri-

1948 2404 2035 2445 mo
2081 2388 2427 2444 matrimonio
2478 2388 2767 2443 liberorum
2817 2392 3164 2438 materteram
3224 2391 3510 2434 novercam

1946 2496 2131 2537 eorum
2160 2480 2313 2545 facit,
2341 2488 2396 2534 et
2441 2479 2728 2548 obligatam
2760 2491 2856 2531 eos
2890 2484 3146 2542 tanquam
3181 2476 3403 2539 nepotes
3432 2467 3512 2522 di-

1946 2575 2143 2641 ligere;
2188 2586 2416 2640 eamque
2454 2580 2642 2626 contra
2690 2568 2811 2622 illos
2862 2564 3127 2634 zelotypia
3174 2561 3507 2615 laborantem

1947 2671 2155 2726 armat;
2187 2659 2432 2715 novercis
2462 2658 2607 2713 enim
2636 2659 2688 2711 in
2726 2655 3019 2726 coniugum
3051 2664 3268 2707 suorum
3297 2663 3365 2702 ex
3404 2648 3509 2701 alio

1946 2752 2290 2808 matrimonio
2340 2751 2540 2805 liberos
2596 2748 2862 2819 zelotypia
2920 2754 3177 2813 tanquam
3238 2738 3508 2795 naturalis

1946 2840 2123 2909 passio
2155 2839 2534 2908 iugeneratur;
2563 2845 2615 2891 et
2640 2834 2873 2890 inimicis
2899 2832 3142 2901 quidem,
3169 2843 3291 2884 cum
3319 2829 3511 2881 adver-

1945 2930 2074 2985 sarii
2110 2930 2351 3000 ipsorum
2393 2927 2587 2983 mortui
2619 2932 2765 2989 sunt,
2796 2923 2976 2979 odium
3005 2920 3365 2976 obtunditur:
3402 2931 3499 2971 no-

1946 3034 2127 3074 vercae
2168 3028 2346 3073 autem
2398 3016 2737 3073 inimicitiam
2784 3020 2970 3069 contra
3021 3008 3241 3066 amulas
3268 3007 3506 3076 ipsarum

265 3105 527 3175 τιζήλους
553 3109 746 3174 αὑταῖς
770 3110 910 3178 μετὰ
930 3112 1023 3166 τὸν
1054 3114 1275 3168 ἐκείνων
1313 3114 1540 3170 θάνατον
1562 3120 1833 3189 ἄρχονται.

1946 3119 2062 3179 post
2087 3124 2270 3165 earum
2301 3117 2531 3163 mortem
2581 3105 2866 3173 incipiunt.
2900 3101 3120 3156 Summa
3154 3108 3331 3155 autem
3360 3138 3381 3164 ,η
3421 3098 3507 3150 in~

271 3196 593 3265 Κεφάλαιον
615 3199 693 3265 δὲ,
735 3203 889 3273 φησὶ,
922 3204 1030 3256 τῶν
1073 3206 1383 3275 εἰρημένων
1418 3209 1722 3273 τουτέστιν,
1750 3211 1838 3264 ἵνα

272 3285 563 3353 συντόμως
602 3288 743 3341 εῖπω
770 3289 831 3341 τὸ
863 3292 971 3343 πᾶν
1000 3307 1014 3322 ·
1073 3293 1122 3344 εί
1170 3293 1269 3360 μὲν
1300 3294 1328 3346 ὁ
1360 3294 1839 3367 δευτερογαμῆσαι

268 3373 454 3440 ζητῶν
484 3377 725 3446 νόμιμον
754 3377 896 3432 θέλει
954 3382 1282 3450 συναλλάξαι
1344 3386 1542 3454 γάμον,
1592 3389 1837 3459 ῆνοικται

267 3462 426 3532 αὑτῷ
468 3467 675 3532 πᾶσαὴ
706 3468 1019 3542 οἰκουμένη,
1076 3472 1166 3525 καὶ
1220 3474 1319 3527 οὐκ
1371 3475 1637 3545 ἐπιλείψει
1688 3479 1837 3548 αὐτῷ

268 3551 497 3627 γυνὴ,ᾖ
527 3558 903 3627 συμϐιώσεται
936 3564 1077 3617 κατὰ
1122 3565 1320 3634 νόμους
1342 3582 1358 3599 ο
1391 3569 1439 3620 εἰ
1462 3567 1519 3620 δὲ
1544 3568 1632 3621 διὰ
1666 3569 1837 3633 πάθος

267 3643 424 3713 ζητεῖ
448 3649 511 3717 τῇ
542 3646 598 3699 δι
626 3649 904 3719 δρωτικῶς
921 3652 1051 3715 ῖσως
1070 3653 1435 3724 διακείμενος,
1456 3658 1549 3709 καὶ
1577 3657 1666 3711 διὰ
1680 3658 1839 3712 τοῦτο

269 3736 517 3789 σπεύδων
544 3740 842 3810 ωζυγῆναι
877 3742 1035 3812 αὐτῇ,
1085 3743 1173 3797 διὰ
1203 3744 1359 3798 τοῦτο
1420 3746 1619 3815 μᾶλλον
1705 3749 1840 3801 ἁπο-

267 3827 605 3898 κλεισθήτω,
628 3831 714 3883 ἵνα
752 3834 900 3906 μάθῃ
922 3835 984 3887 τὸ
1020 3836 1217 3889 ἑαυτοῦ
1243 3837 1457 3902 σκεῦος,
1492 3841 1587 3892 καὶ
1618 3840 1687 3893 τὰ
1710 3840 1838 3909 ἑξῆς

266 3920 364 3972 τοῦ
414 3921 745 3976 Ἀποστόλου
777 3925 1024 3995 ῥήματα.
1095 3926 1446 3996 Ἐϐουλόμην,
1523 3930 1685 3997 φησὶ,
1745 3931 1838 3983 καὶ

268 4012 495 4067 πλείονα
524 4015 756 4083 γράψαι,
789 4014 904 4068 ἀλλ’
956 4017 1143 4086 ἐπέχει
1208 4035 1275 4087 με
1325 4020 1493 4089 ἤγουν
1542 4021 1836 4074 ἀνακόπτει

262 4104 327 4156 τδ
370 4107 571 4174 μέτρον
620 4107 721 4175 τῆς
754 4108 1051 4178 ἐπιστολῆς
1085 4125 1101 4141 ·
1170 4112 1232 4163 ού
1280 4112 1390 4180 γάρ
1447 4111 1837 4181 μακρηγορίαν

264 4196 412 4265 ἔχειν
439 4197 521 4250 δεῖ
569 4196 669 4259 τὰς
713 4199 1021 4262 ἐπιστολάς.
1055 4199 1299 4268 Εὕχομαι
1327 4200 1406 4264 δὲ,
1447 4204 1481 4270 ἢ
1505 4202 1603 4270 τὴν
1636 4202 1837 4272 παραί-

267 4302 421 4339 νεσιν
458 4288 819 4359 ἰσχυροτέραν
853 4289 944 4341 τοῦ
972 4290 1187 4353 πάθους
1218 4291 1494 4358 γενέσθαι,
1564 4293 1690 4345 ἀντὶ
1736 4291 1834 4345 τοῦ

1942 3204 2079 3271 quit,
2108 3214 2315 3264 eorum,
2343 3212 2462 3267 quae
2494 3197 2635 3251 dicta
2679 3201 2848 3259 sunt,
2878 3193 2991 3247 haec
3020 3200 3125 3257 est,
3159 3198 3216 3244 ut
3264 3189 3500 3244 breviter

1943 3294 2196 3348 nimirum
2228 3298 2398 3344 totum
2426 3287 2624 3349 dicam,
2650 3286 2695 3340 si
2723 3285 2791 3348 is,
2818 3283 2911 3351 qui
2943 3279 3209 3336 secundas
3238 3280 3376 3333 inire
3402 3294 3504 3332 nu.

1941 3383 2078 3451 ptius
2110 3379 2323 3448 qnmrit,
2347 3376 2641 3446 legitimum
2681 3372 3003 3427 contrahere
3050 3368 3176 3424 velit
3222 3368 3504 3423 matrimo«

1942 3474 2109 3537 nium,
2136 3480 2279 3526 totus
2308 3477 2575 3525 terrarum
2603 3464 2753 3521 orbis
2780 3463 2829 3520 ei
2864 3470 3042 3532 patet;
3077 3474 3175 3515 nec
3204 3459 3252 3514 ei
3284 3458 3503 3513 deficiet

1941 3563 2152 3629 mulier,
2177 3573 2407 3630 quacum
2448 3558 2611 3611 vitam
2653 3553 2893 3624 legitime
2950 3550 3247 3619 transigat;
3284 3548 3367 3602 sin
3406 3561 3499 3599 an-

1940 3661 2073 3719 tem,
2117 3665 2303 3707 amore
2346 3648 2572 3704 forsitan
2609 3648 2885 3707 incensus,
2928 3652 3149 3712 pr0pter
3196 3640 3499 3709 passionem

1940 3744 2080 3797 hanc
2110 3755 2273 3794 unam
2311 3737 2410 3792 sibi
2446 3736 2659 3805 quaerit,
2691 3747 2756 3788 ac
2786 3730 3016 3801 proinde
3038 3729 3087 3782 ei
3115 3726 3363 3796 conjungi
3389 3735 3501 3780 stn-

1939 3833 2062 3897 det,
2103 3840 2321 3900 propter
2341 3841 2459 3882 eam
2491 3838 2711 3881 causam
2741 3822 2923 3892 potius
2950 3820 3290 3882 excludatur,
3324 3828 3380 3869 ttt
3416 3819 3498 3868 di-

1938 3932 2058 3979 scat
2092 3935 2190 3977 vas
2225 3933 2405 3983 suum,
2442 3926 2499 3972 et
2543 3929 2662 3985 qua
2691 3921 2989 3983 sequuntur
3033 3908 3271 3979 Apostoli
3315 3909 3499 3961 verba.

1939 4014 2005 4069 Et
2052 4011 2227 4082 plura,
2262 4008 2456 4077 inquit,
2482 4006 2722 4062 scribere
2750 4001 2917 4067 volui,
2941 4002 3036 4057 sed
3077 3999 3315 4068 epistolae
3348 4013 3503 4051 men-

1940 4118 2067 4163 sura
2100 4117 2186 4159 me
2216 4100 2443 4163 inhibet,
2477 4097 2593 4153 sive
2621 4094 2844 4163 impedit
2874 4108 2890 4149 :
2918 4090 3173 4161 epistolas
3203 4090 3346 4145 enim
3383 4103 3504 4142 ver-

1938 4198 2132 4253 borum
2160 4191 2527 4264 prolixitatem
2557 4187 2759 4243 habere
2789 4200 2895 4240 non
2919 4192 3152 4253 oportet.
3177 4182 3375 4237 Precor
3401 4196 3501 4233 au-

1940 4299 2068 4352 tem,
2109 4285 2194 4339 vel
2219 4285 2373 4357 hanc
2402 4279 2831 4335 exhortationem
2863 4273 3113 4345 passione
3150 4270 3503 4342 potentiorem

267 4378 489 4448 ἰσχύσαι
513 4379 789 4444 τοσοῦτον,
819 4379 959 4434 ὥστε
987 4380 1143 4433 λῦσαι
1185 4383 1245 4435 τδ)
1274 4381 1447 4441 πάθος
1481 4398 1494 4411 ·
1545 4382 1579 4451 ἦ
1640 4383 1714 4451 μὴ
1758 4383 1838 4445 είς

1946 4379 2080 4445 tieri,
2109 4377 2216 4433 hoc
2244 4384 2347 4440 est,
2386 4381 2593 4428 tantum
2617 4369 2821 4434 valere,
2852 4376 2911 4421 ut
2941 4365 3251 4437 passionem
3290 4361 3503 4423 solvat;

406 4473 684 4541 ἡμετέραν
725 4470 909 4541 χώραν
957 4474 1015 4525 τὸ
1068 4473 1201 4539 ἄγος
1258 4475 1413 4527 τοῦτο
1446 4443 1720 4543 emanethi,
1761 4443 1835 4542 μη

1946 4471 2028 4525 vel
2060 4443 2233 4525 scelus
2284 4464 2425 4520 istud
2472 4463 2526 4517 in
2572 4472 2813 4517 nostram
2849 4459 3125 4537 regionem
3160 4469 3263 4509 non
3294 4452 3502 4512 venire,

267 4564 620 4629 προχωρῆσαι
652 4562 713 4614 τὸ
750 4562 964 4630 μίασμα
985 4563 1141 4616 τοῦτο
1172 4566 1248 4622 εἰς
1276 4563 1373 4633 τὴν
1398 4564 1553 4634 ἡμῶν
1580 4564 1792 4635 ινορίαν
1817 4578 1834 4596 ·

270 4652 386 4709 ἀλλ’
422 4654 557 4703 ὅπου
585 4651 879 4720 ἐτολμήθη,
910 4654 1028 4705 ἐκεῖ
1055 4656 1433 4720 ὲναπομεῖναι.

1946 4561 2102 4615 istam
2135 4557 2344 4613 scilicet
2391 4554 2446 4607 in
2492 4559 2677 4607 nostra
2726 4548 3003 4604 territoria
3048 4560 3154 4601 non
3206 4541 3499 4613 procedere

1948 4648 2380 4711 innnnnditiem;
2414 4645 2507 4701 sed
2536 4643 2627 4700 ubi
2653 4651 2830 4709 coepta
2857 4646 2961 4706 est,
2992 4638 3066 4693 ibi
3097 4644 3431 4704 permaneat.

270 4759 652 4812 ΤΟΥΑΥΤυΥ
668 4761 844 4813 ΠΡΟΣ
862 4761 1244 4815 ΓΡΗῙὊΗΟΝ
1261 4761 1772 4823 ΠΡΕΣΒΥΤΕΡΟΝ,
1788 4761 1958 4815 ΩΣῘΕ
1974 4755 2390 4813 ΧΩΡΙΣῘΗΝΑῙ
2406 4750 2640 4807 ΑΥΤΟΝ
2658 4749 2795 4803 ΤΟΥ
2812 4743 3167 4802 ΣΥΝΟΙΚΟΥ
3179 4740 3504 4796 ΓΥΝΔΙΟΥ.

269 4852 633 4915 EIUSDEM
669 4853 777 4912 AD
819 4848 1297 4915 GliEGOliIUM
1340 4855 1843 5004 ΡιὶΕΞὸἰέἷῐὲἰξ

1946 4845 2613 4991 ῨᾸΙέΑξΓΕΡΑΒΕΤυΒ
2663 4846 2713 4902 Α
2756 4835 3272 4902 MULIERCULA
3342 4834 3501 4896 CUM

832 5009 1069 5080 Kanon
1107 5009 1230 5063 [ιε’.

369 5109 648 5179 Ἐνέτυχὸν
678 5122 769 5159 σου
804 5104 915 5161 τοῖς
942 5100 1229 5168 γράμμασι
1262 5094 1396 5164 μετὰ
1432 5093 1608 5162 πάσης
1643 5108 1842 5161 μακρο-

295 5205 512 5275 θυμίας,
560 5197 651 5251 καὶ
685 5192 962 5261 ἐθαύμασα
998 5187 1132 5249 πῶς,
1172 5184 1462 5275 ϐυνάμενος
1493 5182 1631 5275 ἐημῖν
1667 5180 1847 5275 συντύ-

301 5268 415 5365 Pin;
445 5290 540 5344 mi.
569 5283 802 5342 εὐκόλως
830 5273 1270 5365 ἀπολογήσμσοαξ
1316 5270 1416 5365 διὰ,
1450 5270 1556 5321 τῶν
1599 5268 1853 5365 πραΪ,μά’

298 5356 427 5446 των,
461 5380 572 5439 τοῖς
610 5374 706 5443 μὲν
746 5364 1228 5436 κατηγορουμένοις
1258 5360 1530 5429 ἐπιμένειν
1564 5356 1852 5426 καταδέχῃ,

301 5474 482 5541 λόγοις
517 5468 573 5520 δὲ
609 5463 833 5535 μακροῖς
864 5456 1186 5527 θεραπεύειν
1215 5453 1508 5541 ἐπιχειρεῖς
1541 5448 1607 5499 τὰ
1639 5448 1855 5541 άνίατα.

309 5535 446 5614 Οϐτε
475 5554 679 5626 πρῶτοι
719 5547 841 5603 οὒτε
889 5545 1058 5615 μόνοι,
1104 5539 1429 5609 Παρηγόριε,
1473 5535 1861 5604 ἐνομοθετήσα-
1957 5536 2308 5597 sancivimus,
2342 5541 2400 5586 ut
2434 5548 2501 5585 ne
2524 5543 2627 5584 una
2662 5542 2783 5581 cum
2818 5540 2951 5578 \‘ll‘ls
2982 5535 3295 5626 IlﬂDllﬂl’Cll'l‘
3313 5535 3395 5615 mu

355 5604 705 5713 ξῖγᾷξξτκας
730 5604 950 5701 ἀνδράσι
991 5604 1064 5705 μη
1094 5604 1377 5699 συνοικεῖν.
1427 5624 1560 5679 Ἀλλ’
1594 5622 1837 5692 ἀνάγνωο

1962 5641 2068 5681 res.
2120 5623 2227 5679 Sed
2259 5623 2374 5692 lege
2407 5634 2671 5678 canoncm
2704 5632 2735 5671 a
2769 5614 2970 5671 sanctis
3006 5608 3207 5666 nostris
3257 5604 3502 5660 Patr-ibus

304 5669 353 5719 μ

416 5757 430 5788 ¹
467 5750 635 5811 lCor.
664 5766 754 5813 vn,
794 5746 849 5804 ο.

2431 4996 2661 5055 CANON
2697 4990 2987 5051 LXXXIX.

2016 5092 2143 5160 Legi
2180 5100 2299 5144 tuas
2328 5087 2537 5141 litteras
2583 5097 2707 5137 cum
2747 5078 2895 5134 omni
2940 5072 3233 5146 patientia;
3264 5085 3492 5139 sumque

1947 5179 2279 5239 admiratus,
2317 5191 2414 5231 cur
2450 5187 2574 5229 cum
2626 5170 2808 5239 possis
2845 5165 2986 5236 apud
3032 5178 3133 5218 nos
3183 5160 3419 5215 breviter
3441 5168 3495 5212 et

1951 5264 2316 5337 facilegfactis
2349 5264 2457 5317 tuis
2506 5272 2724 5314 causam
2760 5270 2953 5325 agere,
3006 5252 3062 5305 in
3112 5250 3274 5303 rebus
3310 5259 3495 5315 repre-

1951 5357 2134 5411 hensis
2162 5355 2449 5423 persistere
2467 5351 2622 5413 velis,
2649 5362 2711 5401 ac
2734 5345 2912 5413 longis
2942 5338 3282 5396 sermonibus
3306 5348 3498 5389 curare

1954 5453 2128 5500 tentes
2160 5442 2501 5498 insanabilia.
2556 5429 2667 5489 Nec
2703 5432 2894 5503 primi,
2932 5443 3032 5483 nec
3061 5427 3191 5488 soli,
3226 5423 3497 5490 Parcgori,

1957 5536 2308 5597 sancivimus,
2342 5541 2400 5586 ut
2434 5548 2501 5585 ne
2524 5543 2627 5584 una
2662 5542 2783 5581 cum
2818 5524 2951 5578 viris
2981 5519 3285 5574 habitarent
3313 5513 3502 5566 mulie-
