4006 6458
504 275 607 339 823
1728 293 2006 355 TIIEOD.
2051 294 2281 355 BALSA
2293 292 2452 355 ΜοΝ

3637 289 3748 354 824

503 399 712 452 editum
743 400 796 453 in
830 403 1034 470 synodo
1067 402 1281 458 Niczena
1306 445 1318 466 .
1354 408 1443 475 qui
1493 411 1778 466 manifeste
1832 415 2048 469 sancivit

2166 417 2257 469 τὸν
2289 417 2631 486 ἐξενεχθέντα
2685 417 2884 471 κανόνα
2931 419 3080 490 παρὰ
3118 419 3225 472 τῶν
3271 422 3450 489 ἁγίων
3487 425 3749 494 Πατέρων

506 499 795 545 extraneas
823 492 1078 547 mulieres
1106 509 1214 548 non
1242 511 1382 550 esse.
1420 495 1540 551 Vita
1574 508 1752 555 autem
1786 505 1977 560 caelebs
2007 506 2048 558 ir

2165 508 2322 576 ἡμῶν
2347 505 2455 558 τῶν
2489 508 2546 559 ἐν
2588 508 2653 575 τῇ
2699 508 2897 579 συνόδῳ
2936 509 3189 572 Νικαίας,
3223 511 3282 574 ὃς
3325 513 3580 582 φανερῶς
3639 492 3751 567 ἀπ-

503 597 568 634 eo
592 583 927 637 honestatem
971 583 1132 638 habet
1153 624 1168 649 ,
1198 592 1259 639 ut
1287 602 1314 639 a
1350 590 1598 644 convictu
1627 592 1872 647 mulieris
1907 609 2062 662 sepa-

2165 598 2431 666 ηγόρευσε
2483 598 2861 662 συνεισακτοὺς
3047 599 3121 668 μὴ
3149 597 3308 653 εἶναι.
3509 601 3750 670 Ἀγαμία

503 678 672 723 retur.
722 669 900 734 Quare
950 671 994 724 si
1030 671 1154 740 quis
1183 673 1347 726 verbo
1378 676 1685 742 professus.
1733 679 1910 748 reipsa
1942 695 2048 749 qua

2165 689 2221 741 δέ
2253 689 2310 741 ἐν
2338 686 2508 756 τούτῳ
2535 687 2647 757 ἔχει
2682 687 2740 740 τὸ
2775 689 2988 758 σεμνὰν,
3038 692 3096 742 ἐν
3137 690 3214 760 τῷ
3256 691 3596 760 κεχωρίσθαι
3653 669 3750 762 τῆς

501 757 914 825 ronjugatorum
947 766 1074 812 sunt
1120 759 1278 822 facit,
1311 763 1484 830 palam
1516 772 1599 818 est
1624 778 1746 819 eum
1774 768 2057 837 virginita-

501 847 570 899 t’s
600 846 814 914 quidem
866 846 1207 903 honestatem
1253 851 1307 904 in
1359 853 1580 908 nomine
1628 859 1912 924 persequi,
1963 860 2055 912 sed

500 949 838 1003 nequaquam
863 936 931 990 ab
962 938 1219 995 indecora
1255 941 1534 1012 voluptate
1565 943 1858 1000 abstinere.
1883 945 2057 1001 Tanto

498 1038 625 1090 ergo
666 1024 838 1094 magis
883 1026 1167 1095 oportebat
1190 1034 1243 1082 te
1277 1031 1627 1097 postulationi
1670 1042 1870 1088 nostra:
1900 1034 2057 1089 facile

497 1110 710 1175 cedere,
741 1120 944 1179 quanto
975 1121 1029 1167 te
1063 1113 1143 1168 ais
1169 1129 1290 1170 esse
1332 1116 1637 1173 liberiorem
1665 1122 1732 1175 ab
1756 1123 1905 1175 omni
1931 1136 2053 1178 cor-

500 1212 667 1266 porea
695 1198 937 1254 libidine.
971 1199 1156 1271 Neque
1186 1204 1331 1259 enim
1360 1205 1536 1259 virum
1585 1210 1924 1279 septuaginta
1957 1226 2056 1266 au-

496 1304 602 1345 nos
617 1302 799 1346 natum
814 1297 1070 1352 existimo
1086 1300 1375 1359 libidinose
1396 1305 1641 1362 habitare
1656 1324 1777 1363 cum
1796 1313 2054 1367 muliere:

2168 777 2306 846 μετά
2329 778 2583 844 γυναικος
2755 776 3044 846 διαγωγῆς.
3089 779 3177 841 Ὦς
3205 778 3300 831 ἐὰν
3327 779 3747 849 ἐπαγγελλόμε-

2163 866 2252 930 νός
2279 884 2362 930 τις
2385 866 2462 936 τῷ
2484 866 2725 936 ὀνόματι,
2762 866 2907 936 ἔργῳ
2944 867 3013 919 τὰ
3037 866 3146 920 τῶν
3169 866 3388 934 γυναιξὶ
3422 870 3747 920 συνοικούν-

2161 974 2270 1011 των
2295 959 2441 1026 ποιῇ,
2471 956 2629 1024 δῆλός
2671 957 2787 1009 ἐστι
2829 957 2890 1008 τὸ
2921 958 3017 1026 μὲν
3045 957 3145 1026 τῆς
3192 957 3497 1026 παρθενίας
3546 957 3747 1027 σεμνὸν

2163 1048 2221 1100 ἐν
2243 1050 2308 1118 τῇ
2341 1046 2678 1118 προσηγορίᾳ
2706 1045 2935 1107 διώκων,
2963 1046 3056 1098 τοῦ
3085 1047 3143 1099 δὲ
3176 1048 3298 1100 καθ’
3325 1048 3530 1118 ἡδονὴν
3564 1050 3748 1119 ἀπρε-

2165 1135 2300 1197 ποῦς
2350 1136 2424 1205 μὴ
2465 1135 2850 1204 ἀφιστάμενος.
2898 1135 3150 1205 Τοσούτῳ
3185 1131 3278 1188 οὖν
3327 1137 3538 1206 μᾶλλον
3573 1139 3747 1208 ἐχρῆν

2165 1239 2225 1276 σε
2255 1224 2490 1287 εὐκόλως
2532 1219 2669 1290 εἶξαι
2718 1225 2873 1294 ἡμῶν
2912 1227 2977 1294 τῇ
3020 1223 3261 1288 ἀξιώσει,
3291 1225 3518 1295 ὅσῳπερ
3563 1226 3750 1293 λέγεις

2160 1315 2441 1386 ἐλεύθερος
2459 1312 2596 1370 εἶναι
2627 1318 2826 1382 παντὸς
2854 1322 3168 1392 σωματικοῦ
3198 1324 3432 1386 πάθους.
3467 1323 3611 1377 Οὔτε
3639 1326 3752 1398 γὰρ

499 1393 600 1479 nec
620 1382 760 1448 quod
781 1391 938 1484 turpe
957 1389 1173 1461 aliquod
1196 1391 1409 1452 facinus
1427 1395 1618 1452 fuisset
1634 1398 1951 1466 admissum,
1979 1401 2048 1454 id-

2163 1404 2246 1456 τὸν
2305 1382 2766 1479 ἑϐδομηκονταετῆ
2833 1382 3092 1480 γεγονότα
3159 1382 3422 1484 πείθομάι
3473 1382 3750 1484 ἐμπαθῶς

499 1469 647 1524 circo
674 1473 931 1528 constitui
948 1492 1068 1546 quae
1093 1483 1382 1550 constitui;
1419 1485 1512 1540 sed
1533 1485 1674 1556 quod
1706 1488 1773 1541 ab
1799 1488 2048 1558 Apostolu

2163 1469 2683 1566 συνοικεῖν-γυναικὶ,
2715 1469 2857 1553 obes.
3003 1469 3360 1574 ἐπιγενομένη
3414 1469 3522 1557 τινί
3553 1469 3754 1576 dum;

498 1558 787 1617 didicimus
824 1563 1205 1624 oﬂendiculum
1235 1571 1390 1628 fratri
1423 1590 1530 1630 non
1564 1592 1763 1646 ponere
1793 1579 1860 1631 ad
1893 1594 2048 1634 scan-

2163 1583 2347 1653 πράξει
2402 1558 2682 1655 ὡρίσαμεν
2721 1586 2757 1640 ἃ
2793 1558 3120 1658 ὡρίσαμενί
3157 1558 3271 1644 ἀλλ’
3319 1558 3518 1662 ἐπειδὴ
3560 1558 3752 1646 estad:

495 1648 679 1702 dalum
712 1651 750 1705 ί.
809 1650 1023 1712 Scimus
1056 1669 1234 1714 autem
1290 1663 1434 1732 quod
1491 1679 1521 1717 a
1581 1667 1857 1722 nonnullis
1908 1677 2048 1722 recte

2163 1648 2358 1743 χθημεν
2393 1648 2542 1747 παρὰ
2564 1648 2656 1730 τοῦ
2704 1648 3024 1732 Ἀποστόλου
3050 1681 3124 1750 μὴ
3148 1681 3356 1736 τιθέναι
3393 1648 3750 1752 πρόσκομμα

493 1738 734 1805 geritur,
792 1743 912 1798 aliis
971 1749 1313 1805 occasionem
1368 1768 1488 1809 esse
1535 1755 1814 1825 peccandi.
1877 1757 2048 1822 Quare

2163 1733 2486 1836 ξῷμάδελφιξί
2531 1770 2610 1830 είς
2658 1768 2973 1824 σκάνδαλον.
3050 1733 3062 1750 ⁵
3108 1733 3124 1747 ¹
3160 1733 3749 1842 οῖδάξωᾘδξδὲἶ

495 1829 839 1896 praecipimus
886 1843 1196 1890 sanctorum
1245 1840 1467 1896 Patrum
1498 1843 1775 1898 decretum
1821 1862 2048 1916 sequen-

2163 1829 2302 1923 παρά
2353 1829 2513 1910 τινων
2564 1858 2732 1925 ὑγιῶς
2778 1860 3056 1931 γινόμενον
3099 1829 3550 1933 ἀλλοιίάφορμίὴ
3595 1865 3748 1934 πρὸς

491 1923 596 1977 tes,
631 1924 686 1969 ut
715 1933 743 1970 a
766 1921 1084 1978 muliercula
1113 1931 1404 1996 separeris.
1439 1931 1580 1997 Quid
1615 1933 1778 2003 igitur
1805 1935 2048 2006 chorepi-

2163 1921 2424 2013 ipap'riav
2450 1921 2702 2018 ὑπάρχει.
2790 1921 2802 1927 -
2899 1921 3117 2005 ’Τούτου
3157 1921 3342 2005 ἕνεκεν

490 2017 712 2074 scopum
745 2009 983 2076 incusas,
1015 2022 1068 2068 et
1097 2018 1298 2072 veteris
1327 2019 1624 2076 inimicitiae
1651 2023 1786 2080 facis
1819 2027 2048 2080 mentio-

2163 2009 2282 2098 sev,
2309 2009 2654 2108 ἑπόμενοι-τλῆ
2696 2039 2922 2110 διαταγῇ
2949 2041 3057 2094 τῶν
3095 2042 3266 2109 ἀγίων
3300 2009 3586 2112 Πατέρων,
3627 2009 3745 2112 χ’ω-

489 2097 652 2196 πρωῒ
687 2097 824 2162 Quid
857 2102 924 2156 de
955 2105 1112 2160 nobis
1155 2110 1400 2177 quereris
1447 2114 1590 2181 quod
1626 2113 1812 2169 faciles
1843 2118 2048 2169 calum-

2163 2124 2397 2194 οισθῆναί
2414 2097 2484 2179 ’σε
2512 2127 2605 2189 τοῦ
2629 2097 2876 2195 γυναίου;
2897 2097 2973 2182 τΓί
3002 2126 3092 2183 οὖν
3114 2097 3364 2198 ἐγκαλεῖς
3383 2097 3463 2199 te};
3487 2097 3742 2201 χωρετιτι-

488 2185 596 2238 niis
630 2202 789 2243 aures
829 2193 1165 2259 praebeamus
1197 2235 1211 2261 ,
1246 2211 1308 2252 ac
1344 2214 1454 2254 non
1483 2203 1666 2270 potius
1697 2205 1763 2258 de
1801 2213 1854 2259 te
1891 2206 2007 2274 ipse
2029 2247 2043 2271 ,

2163 2185 2353 2285 rxdntp,
2402 2217 2495 2270 καὶ
2527 2185 2760 2282 παλαιᾶς
2791 2219 2990 2290 ἔχθρας
3023 2185 3300 2290 μέμνησαι
3321 2185 3444 2284 (Tt.
3480 2185 3540 2273 δὲ
3575 2185 3740 2289 qua;

485 2275 578 2342 qui
605 2277 801 2331 adduci
835 2295 943 2335 non
994 2291 1168 2351 potes,
1202 2294 1260 2339 ut
1299 2302 1328 2340 a
1365 2290 1608 2346 mulieris
1653 2295 2045 2350 consuetudine

2163 2275 2482 2376 ιαταμέμφῃ
2533 2307 2609 2369 ὡς
2655 2275 2907 2370 εὺέάλξυξ
3148 2275 3370 2377 ἔχοντας
3417 2311 3499 2371 εἰς
3533 2275 3739 2372 siin-:32;

484 2366 748 2420 recedas?
781 2367 927 2438 Ejice
961 2371 1126 2441 igitur
1155 2373 1301 2428 illam
1531 2394 1596 2435 ex
1647 2382 1753 2436 tuis
1795 2381 2001 2438 ardibus
2026 2423 2041 2446 .

2163 2366 2389 2458 ἰιαϐολάς
2421 2366 2779 2465 ’προσίεσθαις
2841 2366 2954 2451 ἀλλ’
3001 2399 3122 2467 ούχὶ
3156 2366 3366 2467 σεαυτῷ
3413 2366 3493 2467 μή
3536 2366 3735 2467 ἀνεχοἰ

481 2463 535 2507 et
567 2455 620 2510 in
657 2461 987 2515 monasterio
1009 2463 1298 2518 constitue.
1336 2463 1418 2519 Sit
1449 2466 1538 2522 illa
1566 2482 1690 2524 cum
1716 2471 2038 2540 virginibus.

2163 2481 2290 2551 ιένῳ
2371 2455 2383 2458 Ὗ
2468 2455 2778 2552 ἀποστῆναι⁷
2813 2486 2912 2554 τῆς
2958 2455 3098 2555 πρὸς
3151 2487 3249 2555 τὴν
3293 2455 3530 2553 γυναῖκα
3599 2455 3739 2539 συν-

477 2556 532 2599 et
561 2549 700 2614 apud
751 2557 802 2603 te
831 2552 1069 2606 serviant
1101 2553 1234 2620 viri,
1270 2562 1330 2608 ut
1359 2571 1428 2611 ne
1459 2557 1551 2612 Dei
1591 2573 1788 2617 nomen
1825 2573 2041 2632 propter

2163 2549 2360 2634 λθείαςς
2400 2549 2676 2621 Ἔκϐαλλεῠ
2697 2549 2877 2624 τοίνυν
2905 2549 3073 2642 αὐτὴν
3115 2549 3223 2624 ἀπδ
3264 2549 3358 2624 τοῦ
3411 2574 3564 2625 οἴκου
3603 2591 3733 2640 σου,

477 2651 575 2689 vos
605 2636 1026 2706 blasphemetur.
1070 2641 1194 2699 Haec
1220 2644 1390 2700 donec
1416 2645 1631 2712 feceris,
1667 2650 2037 2716 innumerabi-

2163 2656 2232 2707 tal.
2265 2658 2606 2726 κατάστησον
2647 2659 2814 2730 αὐτὴν
2846 2661 2902 2712 ἐν
2954 2636 3323 2732 μοναστηρίῳ.
3537 2636 3738 2716 Ἔστω

476 2726 546 2778 lia
574 2743 690 2795 (luas
724 2745 816 2798 per
843 2733 1097 2801 epistolas
1129 2735 1324 2791 scribis
1357 2737 1491 2791 nihil
1523 2747 1577 2793 te
1613 2739 1906 2808 juvabunt;
1941 2745 2032 2800 sed

2163 2745 2321 2814 ,κείνη
2367 2747 2504 2816 μετά
2549 2726 2856 2818 παρθένων,
2898 2726 2990 2803 καὶ
3037 2753 3101 2805 σὺ
3157 2726 3435 2822 ὑπηρετοῦ
3491 2754 3583 2806 ὑπ’
3635 2755 3737 2805 ἀν-

477 2818 724 2873 morieris
762 2822 993 2886 otiosus,
1035 2839 1098 2879 ac
1133 2826 1327 2882 reddes
1364 2826 1594 2882 Domino
1635 2829 1897 2886 rationem
1938 2834 2032 2886 otii

2163 2834 2312 2903 ἱρῶν,
2363 2837 2447 2889 ἵνα
2483 2838 2555 2906 μὴ
2589 2840 2648 2891 τὸ
2693 2839 2862 2908 ὄνομα
2889 2840 2982 2893 τοῦ
3015 2841 3151 2894 Θεοῦ
3192 2818 3439 2912 δι’-*ὑμᾶς
3478 2843 3734 2913 βλασφη-

474 2906 572 2957 ιυὶ.
631 2907 784 2970 Quod
843 2914 887 2965 si
951 2929 1119 2969 ausus
1174 2915 1342 2972 fueris
1398 2919 1533 2972 citra
1600 2921 2030 2976 emendationem

2163 2927 2324 2993 ιῆται.
2363 2928 2507 2991 Ἕως
2541 2928 2585 2980 δ’
2631 2929 2697 2980 ἂν
2726 2906 2896 2982 ταῦτα
2934 2935 3112 3000 ποιῇς,
3146 2935 3200 2985 αἱ
3253 2906 3535 3001 μυριάδες,
3574 2906 3732 3003 ἅπερ

472 2997 832 3052 sacerdotium
878 3002 973 3055 tibi
1018 3004 1335 3068 vindicare,
1391 3007 1674 3062 anathema
1725 3009 1833 3062 eris
1887 3012 2033 3063 omni

2163 3014 2472 3082 τυγγράφεις
2648 3017 2734 3071 διὰ
2782 3020 2890 3070 τῶν
2938 2997 3264 3084 ἐπιστολῶν,
3302 2997 3456 3075 ούδὲν
3505 2997 3734 3094 ὠφελῆτ-

470 3085 704 3151 p0pnlo;
737 3094 789 3140 et
834 3089 925 3158 qui
967 3098 1018 3144 te
1057 3096 1392 3163 receperint,
1438 3094 1891 3150 excommunicati
1938 3110 2033 3164 per

2163 3102 2290 3151 rouoi
2319 3117 2411 3152 σε·
2461 3103 2597 3170 ἀλλά
2627 3105 2964 3178 τελευτήσεις
3009 3109 3218 3178 ἀργῶν,
3263 3111 3359 3162 καὶ
3410 3084 3606 3174 δώσείς
3643 3084 3732 3181 te];

468 3185 683 3227 omnem
715 3175 1010 3234 Ecclesiam
1034 3195 1212 3237 erunt.

2163 3190 2326 3258 ίυρίῳ
2350 3190 2509 3258 λόγον
2538 3195 2635 3262 τῆς
2664 3175 2886 3250 σεαυτοῦ
2915 3175 3131 3268 ἀργίας.
3181 3200 3305 3255 Ἐὰν
3332 3202 3390 3254 δὲ
3413 3175 3726 3274 τολμήσῃς..

470 3261 545 3330 μὴ
584 3263 1010 3338 διορθωσάμενος
1045 3275 1289 3338 σεαυτὸν,
1322 3277 1640 3346 ἀντέχεσθαι
1707 3279 1803 3347 τῆς
1835 3279 2150 3349 ἱερωσύνης,
2219 3283 2464 3354 ἀνάθεμα
2494 3286 2589 3358 ἔσῃ
2625 3291 2784 3341 παντὶ
2814 3291 2889 3360 τῷ
2913 3261 3043 3363 λαῷ.
3093 3261 3206 3348 ήκαὶ
3234 3297 3281 3348 oi
3316 3261 3596 3365 δεχόμενοί

466 3359 790 3428 ἐκκήρυκτοι
827 3367 964 3419 κατά
1001 3372 1178 3424 πᾶσαν
1223 3373 1546 3443 Ἐκκλησίαν
1572 3376 1908 3443 γενήσονται.

524 3486 721 3541 BALS.
796 3487 1092 3557 Gregorius
1144 3489 1365 3558 quidam
1441 3486 1723 3558 presbyter
1801 3485 2032 3539 habebat

456 3579 747 3647 quamdam
776 3579 1150 3634 mulierculam
1181 3582 1228 3635 ei
1260 3581 1641 3636 inservientem
1682 3595 1694 3632 ι
1733 3577 1874 3646 quod
1901 3592 2024 3630 cum

449 3681 673 3725 sanctus
705 3671 1082 3733 intellexisset,
1111 3673 1299 3739 petivit
1341 3689 1368 3726 ιι
1410 3671 1743 3742 presbytero,
1796 3678 1855 3720 ut
1908 3683 2025 3721 mu-

445 3761 634 3816 lierem
668 3763 825 3817 domo
857 3778 952 3817 sua
992 3763 1306 3832 expelleret.
1340 3765 1390 3817 ls
1413 3778 1541 3822 vero
1572 3762 1637 3814 ad
1684 3759 1831 3812 illum
1860 3761 1925 3812 de
1956 3773 2023 3812 ea

2167 3776 2300 3810 αιον.
2337 3759 2396 3810 '0
2431 3758 2488 3810 δὲ
2519 3757 2727 3826 ἔγραψε
2764 3759 2892 3826 περὶ
2925 3758 3116 3812 τούτου
3168 3758 3306 3828 πρὶς
3349 3760 3520 3812 αὑτὸν
3582 3762 3736 3814 ἀπο-

445 3869 505 3907 re
532 3853 767 3922 seipsum
796 3852 1090 3908 defendens
1121 3854 1370 3923 scripsit;
1413 3867 1642 3924 magnus
1673 3863 1888 3918 quoque
1915 3848 2020 3901 Ba-

2164 3850 2482 3920 ογούμενος,
2515 3853 2611 3904 καὶ
2645 3853 2672 3903 ὁ
2703 3852 2875 3918 μέγας
2914 3851 3198 3914 Βασίλειος
3227 3851 3548 3921 ἀντέγραψε
3585 3855 3737 3922 πρὶς

2215 3485 2410 3537 ΒΛΛΣ.
2451 3484 2746 3554 Γρηγόριός
2775 3503 2855 3549 τις
2891 3486 3265 3556 πρεσϐύτερος
3299 3486 3532 3553 γύναιον
3579 3486 3743 3558 εἶχεν

2140 3575 2448 3644 ὑπηρετοῦν
2514 3574 2663 3644 αύτῷ
2702 3575 2775 3626 ’ὃ
2811 3574 3000 3642 μαθὼν
3060 3577 3087 3627 ό
3149 3575 3307 3642 ἅγιος
3368 3577 3574 3647 ἀπῄθει
3638 3580 3739 3633 τὸν

2137 3664 2511 3736 πρεσϐύτερον
2537 3665 2786 3717 ἐκσεῖσαι
2821 3665 2919 3734 τῆς
2955 3666 3240 3729 κατοικίας
3274 3667 3445 3718 αὐτοῦ
3505 3667 3566 3719 τὸ
3629 3670 3736 3730 γύ-

443 3944 596 3997 silius
625 3944 864 3999 vicissim
896 3945 964 4000 ad
1012 3947 1386 4016 presbyterum
1439 3942 1740 4011 rescripsit.
1789 3940 1885 3994 Est
1924 3954 2022 3994 au-

2163 3943 2218 3995 δν
2246 3943 2642 4013 πρεσϐύτερον.
2682 3942 2871 3995 Ἐοικε
2904 3943 2958 3995 δὲ
2985 3943 3076 3995 τὸν
3136 3943 3522 4012 πρεσϐύτερον
3561 3946 3619 3997 ἐν
3661 3950 3733 4015 τῇ

439 4045 548 4089 tem
580 4036 876 4090 verisimile
905 4038 1277 4107 presbyterum
1304 4037 1357 4090 in
1392 4051 1487 4092 sua
1515 4034 1743 4103 epistola
1774 4040 2019 4088 sanctum

2163 4033 2385 4103 πιστολῆ
2410 4033 2576 4088 αὑτοῦ
2611 4035 2844 4100 ἀξιῶσαι
2875 4037 2964 4090 τὸν
2987 4037 3144 4103 ἆγιον
3172 4038 3558 4107 μακροθύμως
3587 4042 3736 4092 ἁνα-

441 4142 684 4197 rogasse,
719 4137 774 4181 ut
801 4128 1012 4183 litteras
1045 4143 1169 4182 cum
1223 4127 1630 4197 longanimitate
1674 4125 1878 4193 legeret
1909 4137 1922 4174 :
1953 4121 2019 4175 ad

2169 4124 2335 4178 νῶναι
2368 4127 2436 4179 τὰ
2469 4127 2776 4196 γράμματα
2809 4144 2820 4156 ·
2853 4127 2992 4192 πρὸς
3023 4128 3087 4179 ὃν
3144 4128 3498 4198 ἀντέγραψεν
3528 4133 3554 4182 ό
3609 4131 3737 4184 Πα-

437 4237 598 4290 quem
652 4221 934 4290 rescripsit
979 4219 1167 4276 Pater.
1225 4222 1358 4275 Cum
1416 4221 1562 4275 omni
1608 4218 2020 4289 longanimitate

2163 4218 2249 4286 ὴρ.
2271 4219 2352 4270 ὅτι
2371 4218 2526 4272 Μετά
2555 4219 2734 4289 πάσης
2769 4219 3160 4288 μακροθυμίας
3190 4220 3448 4290 ἐνέτυχόν
3483 4239 3580 4274 σου
3609 4225 3736 4286 τοῖς

436 4325 557 4368 tuas
599 4313 805 4368 litteras
833 4313 962 4383 legi,
997 4322 1051 4367 et
1085 4314 1313 4368 miratus
1345 4328 1462 4367 sum
1497 4312 1659 4380 quod,
1709 4327 1830 4366 cum
1879 4324 2004 4378 pos-
2043 4316 2048 4376 ς

2171 4309 2446 4379 ράμμασι,
2481 4310 2576 4362 καὶ
2629 4310 2922 4380 ἐθαύμασα
2957 4313 3064 4376 ὅτι,
3094 4312 3402 4381 δυνάμενος
3433 4315 3736 4382 συντόμως

433 4421 520 4459 scs
551 4421 645 4475 per
670 4421 755 4460 res
784 4407 1023 4461 breviter
1053 4407 1400 4474 respondere,
1443 4404 1648 4458 scilicet
1688 4417 1784 4471 per
1815 4402 2012 4456 mulie-

2166 4400 2570 4469 πολογήσασθαι
2619 4401 2708 4454 διὰ
2740 4402 3112 4472 πραγμάτων,
3139 4403 3310 4473 ἤγουν
3338 4405 3428 4458 διὰ
3456 4405 3552 4458 τοῦ
3583 4406 3733 4457 ἀπο-

434 4497 506 4548 iis
542 4496 1003 4558 amandationem;
1037 4496 1091 4550 in
1123 4495 1206 4560 iis,
1242 4509 1471 4564 quorum
1520 4493 1817 4557 accusaris,
1849 4494 2014 4547 rebus

2163 4490 2444 4559 έμψασθαι
2469 4491 2570 4562 τὴν
2617 4494 2875 4558 γυναῖκα,
2897 4495 3010 4556 τοῖς
3061 4495 3159 4562 μὲν
3184 4498 3729 4566 κατηγορουμένοις,

431 4589 641 4643 scilicet
686 4587 818 4654 ipsis
867 4596 1088 4655 propter
1128 4602 1260 4655 quas
1293 4586 1568 4641 accusatio
1601 4585 1842 4641 instituta
1887 4596 1969 4639 est
1995 4626 2008 4651 ,

2163 4599 2236 4634 τοι
2261 4585 2371 4643 τοῖς
2395 4583 2718 4652 πράγμασιν
2750 4584 2956 4647 αὐτοῖς,
2983 4587 3050 4638 δι’
3082 4585 3118 4639 ἃ
3153 4587 3186 4655 ἡ
3220 4587 3553 4656 κατηγορία,
3589 4589 3732 4642 ἐπι-

432 4691 752 4742 pcrmancas
777 4695 790 4740 ;
826 4675 1009 4729 verbis
1041 4685 1218 4728 autem
1245 4685 1295 4730 te
1313 4674 1581 4729 defendis.
1608 4675 1809 4729 Deinde
1841 4675 1969 4729 dicit
1995 4693 2008 4726 :

2165 4675 2428 4736 ἐνειςοὸιὰ
2454 4674 2509 4726 δὲ
2541 4674 2684 4744 λόγῳ
2729 4675 3029 4741 ἀπολογίας
3068 4679 3260 4738 ποιεῖς.
3291 4673 3433 4731 Εῐτά
3457 4696 3594 4748 φησι
3632 4681 3729 4733 ὅτι

433 4770 544 4823 Nes
577 4783 674 4823 nec
705 4766 863 4833 primi
900 4780 998 4820 ncc
1029 4766 1128 4820 soli
1161 4765 1475 4832 statuimus,
1508 4779 1574 4819 ne
1602 4765 1856 4818 mulieres
1886 4779 2006 4818 cum

2164 4765 2254 4816 ΰτε
2287 4765 2493 4832 πρῶτοι
2521 4765 2644 4818 οὗτε
2673 4766 2823 4834 μόνοι
2847 4769 3007 4837 ἡμεῖς
3028 4767 3313 4836 ὡρίσαμεν
3339 4768 3416 4837 μὴ
3441 4773 3727 4822 συνοικεῖν

437 4863 591 4919 viris.
625 4861 837 4914 scilicet
866 4858 1117 4923 sacratis,
1149 4858 1558 4922 cohabitarent;
1595 4858 1685 4911 sed
1736 4857 1850 4925 lege
1883 4870 2007 4910 can.

2163 4855 2392 4924 νδράσιν,
2449 4857 2766 4925 ἱερωμένοις
2813 4858 3031 4926 δηλαδὴ,
3070 4861 3377 4925 γυναῖκας’
3419 4860 3539 4912 ἀλλ’
3580 4861 3724 4914 ἀνά-

434 4971 556 5022 syn.
587 4953 840 5012 Nicaeum,
879 4956 969 5018 qui
1015 4950 1287 5017 prohibuit
1333 4965 1400 5004 ne
1441 4950 1552 5004 sint
1600 4949 2005 5003 introductitiae.

2163 4949 2279 4999 νωθι
2307 4949 2393 4999 τὸν
2430 4949 2626 5000 κανόνα
2657 4950 2755 5016 τῆς
2785 4951 2844 5000 ἐν
2871 4949 3078 5018 Νικαίᾳ.
3110 4949 3351 5010 συνόδου,
3398 4951 3458 5012 ὃς
3486 4953 3721 5017 ἀπηγό-

435 5045 542 5097 Eas
571 5052 745 5096 autem
785 5041 1182 5102 introductitias
1215 5040 1450 5108 appellat
1479 5041 1666 5094 tertius
1707 5041 1865 5095 dictae
1915 5055 2007 5109 sy-

2163 5056 2278 5090 ευσε
2313 5039 2696 5100 συνεισάκιους
2736 5039 2809 5108 μὴ
2836 5034 3000 5092 εἶναι.
3039 5040 3440 5103 Συνεισάκτους
3471 5041 3528 5093 δὲ
3557 5042 3719 5108 λέγει

435 5133 562 5184 nodi
597 5146 790 5194 canon,
823 5145 941 5196 qua:
973 5127 1389 5182 introducantur
1421 5129 1470 5181 in
1498 5131 1640 5184 aedes
1671 5138 2004 5184 sacratorum

2165 5130 2362 5192 κανὼν,
2387 5129 2443 5186 ὂς
2469 5129 2648 5198 τρίτος
2665 5132 2779 5182 ἐστὶ
2798 5129 2900 5198 τῆς
2920 5131 3040 5200 είρη
3053 5131 3220 5199 μένης
3238 5130 3485 5194 συνόδου,
3507 5131 3607 5190 τὰς
3629 5136 3718 5194 εἰς

436 5222 741 5279 hominum,
767 5221 856 5288 qui
891 5234 1087 5274 uxores
1115 5233 1219 5273 non
1252 5221 1540 5281 duxerunt.
1575 5229 1629 5274 et
1657 5235 1776 5273 cum
1807 5221 1887 5275 eis
1918 5235 2008 5274 co-

2163 5222 2394 5282 ιτοικίας
2435 5221 2751 5289 ἱερωμένων
2805 5221 3026 5287 ἀζύγων
3074 5221 3548 5287 συνεισαγομὲνας
3607 5226 3716 5276 καὶ

437 5312 700 5369 habitant.
733 5309 833 5374 Qui
878 5320 1053 5364 autem
1103 5309 1400 5363 czelibatum
1434 5309 1661 5378 professi
1695 5319 1824 5363 sunt
1846 5349 1860 5372 ,
1897 5312 2008 5361 lau-

2163 5310 2472 5374 ιτοικούσας
2505 5313 2600 5364 συν
2632 5313 2838 5374 αὐτοῖς.
2873 5315 2935 5366 Ol
2959 5313 3014 5364 δὲ
3042 5311 3508 5380 ἐπαγγειλάμενοι
3558 5314 3712 5377 ἀγα-

438 5403 595 5464 dem,
633 5401 826 5468 inquit,
859 5401 970 5454 sive
1002 5401 1070 5455 ob
1106 5399 1514 5464 continentiam,
1553 5398 1776 5467 gloriam
1842 5401 2007 5453 habe-

2163 5403 2242 5453 ίαν
2266 5402 2471 5471 ἔχουσι,
2515 5403 2648 5473 φησί
2675 5406 2736 5454 τδ
2777 5403 2992 5471 σεμνὸν,
3024 5403 3194 5470 ἤγουν
3235 5401 3296 5452 τὸ
3345 5403 3443 5454 ἐπὶ
3483 5420 3709 5470 σωφρο-

439 5491 594 5556 buut,
649 5490 690 5543 si
741 5505 767 5541 ιι
825 5489 1138 5545 mulieribus
1185 5498 1522 5560 separentur.
1570 5489 1626 5544 Si
1661 5490 1778 5556 quis
1831 5498 2006 5542 autem

2163 5493 2248 5562 Ξνῃ
2272 5493 2510 5562 ἔντιμον,
2537 5495 2594 5545 ὲν
2629 5491 2703 5562 τῷ
2729 5491 3058 5562 κεχωρίσθαι
3089 5491 3196 5544 ἀπὸ
3219 5493 3524 5559 γυναικῶν,
3568 5491 3708 5546 Ἐὰν

439 5583 806 5657 virginitatem
832 5581 1170 5651 proﬁteatur,
1203 5599 1323 5639 cum
1361 5582 1677 5638 mulieribus
1702 5596 1826 5637 vero
1847 5581 2008 5635 coha-

2163 5584 2168 5633 ἶ
2193 5601 2275 5646 τις
2301 5584 2665 5656 ἐπαγγέληται
2699 5584 3042 5652 παρθενείαν,
3084 5584 3312 5656 συνοικῇ
3338 5582 3393 5636 δὲ
3422 5581 3702 5652 γυναιξὶν,

546 5699 562 5732 ⁸
597 5698 747 5752 Rom.
790 5715 876 5752 λιν
935 5701 1011 5750 l3.
