4006 6472
263 318 367 380 825

253 885 435 979 τάξει,
470 889 608 944 ἀλλὰ
627 895 692 962 τῇ
719 892 942 961 ἀξιώσει
979 899 1070 952 διὰ
1099 904 1592 974 μετριοφροσύνην.
1720 885 1842 979 -γάρ

253 977 327 1040 ῶς
357 980 625 1047 ἐμπαθῶς
651 1000 768 1052 σου,
787 991 958 1057 φησὶ,
987 993 1202 1061 ἔχοντος
1227 994 1364 1064 πρὸς
1383 996 1445 1049 τὸ
1477 998 1722 1064 γύναιον,
1747 977 1840 1054 καὶ

248 1068 338 1122 διὰ
367 1074 572 1140 πρᾶξιν
601 1075 804 1132 ἀτοπον
838 1079 1122 1153 ὦρίσαμεν
1150 1087 1410 1140 ἐκϐαλεῖν
1432 1090 1586 1144 αὐτό.
1623 1092 1698 1144 Οὐ
1726 1092 1838 1162 γὰρ

247 1163 341 1214 τὸν
373 1165 752 1237 ἑϐδομήκοντα
784 1173 1026 1244 ζήσαντα
1040 1180 1266 1246 χρόνους
1287 1182 1532 1236 πιστεύω
1566 1185 1835 1252 ἐμπαθῶς

249 1259 530 1347 συνοικεῖν
562 1265 816 1329 γυναικί·
851 1267 986 1320 ἀλλά
1015 1270 1104 1322 διὰ
1132 1271 1194 1324 τὸ
1220 1275 1510 1345 εἰρημένον
1560 1276 1637 1347 τῷ
1676 1278 1836 1331 Ἀπο-

245 1344 549 1440 arato,»
595 1354 672 1422 μὴ
734 1357 943 1410 τιθέναι
1013 1344 1351 1434 πρόσκομμα
1408 1366 1485 1434 τῷ
1531 1344 1748 1437 ἀδελφῷ
1799 1368 1830 1440 ἢ

242 1433 566 1528 σκάνδαλον,
607 1442 678 1494 Τὸ
713 1444 820 1514 γὰρ
883 1448 1017 1518 παρ’
1066 1451 1244 1507 ἀλλων
1280 1433 1532 1520 ἀπαθῶς
1592 1458 1624 1528 ἥ
1655 1433 1828 1526 alia»;

239 1525 537 1620 γινόμενον
568 1530 750 1596 ἀλλοις
779 1536 1057 1606 πρόφασις
1119 1542 1276 1598 ἔσται
1332 1548 1470 1617 πρὸς
1528 1525 1827 1620 ἁμαρτίαν.

237 1612 329 1708 Σὺ-
345 1617 449 1684 μὲν
477 1620 604 1690 γὰρ,
635 1625 824 1694 φησὶν,
863 1627 995 1692 ἴσως
1019 1631 1248 1695 ἀπαθῶς
1307 1612 1582 1702 συνοικεῖς
1612 1612 1688 1708 τῶ
1736 1657 1829 1708 γυ·

233 1705 406 1800 ναίῳς
442 1708 633 1800 ἕτερος
659 1714 738 1778 δὲ,
792 1718 1102 1792 ὑπόδειγμα
1137 1725 1321 1779 λαϐών
1369 1745 1452 1790 σε,
1511 1705 1824 1800 συνοικήσει

233 1795 451 1890 γυναίῳ
478 1799 579 1853 οὐκ
613 1802 861 1873 ἀπαθῶς,
892 1809 924 1878 ἦ
973 1813 1064 1866 καὶ
1095 1816 1242 1868 κατά
1275 1817 1370 1869 σοῦ
1426 1819 1580 1888 σχοίη
1611 1795 1820 1890 ὐπολή-
1856 1819 1897 1874 Β

229 1884 358 1982 tim;
382 1891 483 1982 οὐκ
506 1891 743 1960 ἀγαθάς,
776 1899 872 1952 καὶ
903 1900 1057 1956 ἔσται
1105 1905 1266 1959 τοῦτο
1314 1910 1392 1971 εἰς
1449 1884 1680 1980 ἀτιμίαν
1722 1884 1821 1982 της

229 1977 545 2073 ίεροσύνης.
575 1984 643 2037 Τί
668 1985 764 2041 οὖν
793 1992 1048 2058 ἐγκαλεῖς
1077 1996 1156 2068 τῷ
1187 1977 1597 2073 χωρεπισκόπιρ
1622 2021 1636 2070 ;
1672 1977 1820 2058 Ἔοι-

227 2084 327 2170 κεν
355 2065 461 2170 οὖν⁸
480 2077 634 2145 παρά
654 2079 747 2131 τοῦ
780 2065 1219 2153 χωρεπισκόπουή
1235 2094 1541 2165 μηνυθῆναι
1677 2100 1819 2170 ἁγίῳ

222 2160 318 2258 τὼ
339 2163 476 2258 περί
503 2166 599 2219 τοῦ
633 2170 974 2228 ἐπεισάκτου
1005 2160 1251 2245 γυναίου,
1287 2183 1354 2236 Τί
1377 2160 1627 2239 δὲάίτία
1648 2160 1818 2258 ἡμας,

221 2250 575 2351 ῶςμεύκόλως
601 2263 700 2326 τάς
728 2264 1012 2331 διαϐολάςη
1041 2273 1534 2345 προσδεχομένους,
1561 2250 1816 2351 xui-oui

224 2344 436 2440 μᾶλλον
467 2350 681 2418 ἑαυτὸν,
727 2355 803 2424 μὴ
841 2359 1174 2430 ἀνεχόμενον
1207 2344 1512 2436 ἀποστῆναι
1564 2369 1664 2440 τῆς
1718 2344 1815 2439 γυ-

221 2435 454 2504 ναικόες
495 2441 854 2515 Κατάστησον
891 2447 1006 2515 οὖν,
1072 2455 1260 2520 φησὶν,
1319 2457 1490 2526 αὐτὴν
1553 2462 1610 2513 ὲν
1651 2466 1811 2533 μονῇ,

223 2526 293 2624 σὺ
325 2528 605 2624 ὑπηρετοῦ
640 2539 792 2606 παρὰ
824 2540 1035 2612 ἀνδρῶν
1076 2545 1222 2608 Ἕως
1252 2546 1320 2599 ἂν
1349 2549 1524 2603 ταῦτα
1557 2526 1812 2624 ποιησῃς,

222 2618 261 2672 ἀ
292 2622 553 2690 γράψεις,
578 2627 753 2682 πολλά
781 2633 931 2698 ὅντα,
963 2635 1117 2689 οὐδὲν
1144 2638 1494 2711 ὠφελήσουσι
1537 2659 1618 2709 σε,

222 2712 582 2785 τελευτήσεις
640 2721 851 2790 ἀργῶν,
900 2727 1023 2780 ἀντὶ
1050 2729 1144 2781 τοῦ
1177 2729 1282 2793 ἓως
1307 2733 1498 2796 τέλους
1535 2735 1635 2803 τῆς
1662 2735 1812 2806 ζωῆς

224 2820 324 2855 σου
358 2808 460 2860 οῦκ
488 2810 804 2880 ἐνεργήσεις
833 2815 910 2879 ὡς
943 2818 1144 2886 ἱερεὺς,
1166 2820 1553 2891 ἀφωρισμένος
1581 2825 1676 2891 ῶν,
1716 2828 1812 2881 καὶ

223 2895 426 2958 δώσεις
462 2897 621 2965 λόγον
648 2901 726 2970 τῷ
756 2905 949 2975 Κυρίῳ
977 2907 1077 2976 τῆς
1115 2909 1310 2964 ἑαυτοῦ
1352 2914 1600 2984 ἀργείας,
1638 2916 1714 2979 ῶς
1753 2917 1814 2983 ἐξ

219 2991 405 3054 αἰτίας
437 3011 530 3046 σου
559 2998 762 3068 ταύτης
793 3017 876 3055 σοι
900 3001 1374 3076 ἐπενηνεγμένης.
1434 3010 1560 3062 Ἐὰν
1622 3011 1689 3065 δὲ
1734 3013 1809 3084 μὴ

216 3084 664 3156 διορθωσάμενος
690 3091 974 3164 τολμήσῃς
1034 3095 1364 3167 ἱερουργεῖν,
1399 3101 1650 3172 ἀνάθεμα
1682 3104 1804 3176 ἔσῃ,

215 3177 313 3228 καὶ
342 3176 392 3228 ot
419 3177 700 3249 δεχόμενοί
726 3199 782 3235 σε
821 3161 1212 3255 ἱερουργούντα
1234 3161 1439 3262 ⁷πάσης
1479 3161 1808 3265 ὁμηγύρειέξ
1835 3161 1878 3219 c

215 3268 429 3322 πιστῶν
485 3273 1022 3345 ἑκκηρυχθήσονται.
1097 3279 1398 3350 ’Λνάγνωθι
1449 3287 1546 3338 καὶ
1604 3287 1704 3355 τῆς
1743 3289 1804 3340 ἐν

226 3359 536 3432 Ἀντιοχείᾳ
560 3365 779 3418 συνόδου
805 3368 1008 3422 κανόνα
1021 3367 1085 3433 δ’,
1115 3372 1210 3423 καὶ
1231 3372 1332 3442 τῆς
1351 3376 1410 3427 ὲν
1457 3375 1536 3444 τῷ
1551 3377 1805 3449 Τρούλλῳ

214 3453 427 3504 κανόνα
463 3460 525 3516 ε’,
567 3457 660 3508 καὶ
711 3458 808 3526 τῆς
855 3460 914 3511 ὲν
962 3460 1168 3530 Νικαία
1215 3463 1444 3534 πρώτης
1495 3469 1697 3521 κανόνα
1729 3468 1801 3536 γ’.

213 3543 330 3595 Καὶ
361 3543 530 3597 ταῦτα
558 3546 660 3612 μὲν
679 3546 878 3612 οὕτως.
930 3552 1080 3604 Ἐπεὶ
1112 3553 1169 3605 δέ
1205 3570 1369 3618 τινες,
1410 3557 1685 3626 χρώμενοι
1727 3561 1805 3631 τῷ

209 3635 386 3704 τρίτῳ
419 3638 608 3691 κανόνι
634 3643 732 3710 τῆς
771 3639 820 3695 α’
865 3644 1082 3698 συνόδου
1138 3646 1233 3699 καὶ
1289 3650 1401 3712 τοῖς
1444 3650 1657 3719 ῥήμασι
1704 3654 1803 3722 τῆς

210 3724 503 3795 παρούσης
526 3730 844 3801 ἐπιστολῆς,
877 3733 1092 3788 θέλουσι
1123 3735 1199 3807 μὴ
1227 3740 1496 3792 συνοικεῖν
1524 3741 1652 3798 τοὺς
1679 3743 1802 3796 ἑπι-

213 3818 457 3882 σκόπους
488 3820 587 3873 καὶ
637 3824 768 3887 τοὺς
803 3824 1103 3896 κληρικοὺς
1140 3832 1284 3898 μετὰ
1317 3831 1425 3884 τῶν
1461 3834 1802 3902 συγγενικῶν

209 3911 399 3961 αὐτῶν
476 3912 802 3968 ἀνυπόπτων
890 3917 1227 3987 προσώπων,
1283 3923 1520 3992 ἐχόντων
1603 3925 1803 3994 γύναια

211 4001 553 4069 ὑπουργικά,
602 4002 854 4072 λέγοντες
904 4010 1350 4080 περιγράφεσθαι
1387 4015 1516 4078 τοὺς
1546 4018 1800 4086 κανόνας,

210 4091 311 4145 ἐὰν
344 4093 399 4145 δὲ
430 4093 507 4164 τῷ
556 4095 785 4167 ὀνόματι
839 4100 938 4168 τῆς
989 4101 1301 4157 ἀνυπόπτου
1361 4108 1700 4176 προσγενοῦς
1751 4113 1800 4164 οἱ

214 4188 513 4256 ἱερώμενοι
539 4191 666 4250 τοὺς
707 4192 938 4254 πιστοὺς
968 4195 1387 4261 σκανδαλίζουσι
1417 4199 1504 4252 διὰ
1536 4199 1638 4269 τῆς
1664 4203 1802 4272 μετά

210 4279 324 4330 τῶν
361 4277 568 4332 λοιπῶν
603 4282 841 4348 γυναίων
869 4285 1262 4355 συνοικήσεως,
1296 4289 1478 4355 φαιιὲν
1510 4291 1594 4343 ὄτι
1626 4294 1674 4345 οἱ
1702 4295 1802 4362 μὲν

209 4369 510 4424 ἐπίσκοποι
573 4372 682 4424 ἀπὸ
766 4375 864 4442 τῆς
929 4377 1364 4434 Ἰούστινιανείου
1414 4382 1660 4454 Νεαρᾶς,
1701 4387 1801 4456 τῆς

869 331 951 391 IN
997 332 1233 395 EPIST.
1276 336 1332 397 S.
1380 331 1660 400 BASlLll
1697 342 1796 405 AD
1836 345 2302 417 GREGORIUM
2334 359 2913 428 I’RESBYTERUM.

263 427 436 498 δνοὶη
488 433 648 501 μόνον
682 437 817 509 ἔχει.
865 443 925 496 οὗ
958 446 1066 514 μὴν
1129 450 1222 500 καὶ
1281 451 1414 503 αὐτὸ
1468 453 1528 504 τι
1589 459 1812 526 πρᾶγμα

1954 469 2104 536 Ιιῖιιη,
2128 475 2287 530 habet
2316 478 2431 531 soltt

272 520 430 575 Ἐπεὶ
459 519 574 591 οὖν,
604 530 758 600 φησὶ,
793 531 974 601 λέγεις
1011 535 1298 610 ἐλεύθερος
1323 537 1463 595 εἶναι
1507 519 1847 610 παντὸςνσω-

263 616 502 703 ματικοῦ
531 619 761 687 πάθους,
794 623 901 678 ἔδει
943 643 1003 680 σε
1035 628 1124 684 διά
1151 631 1313 685 τοῦτο
1350 633 1554 703 μᾶλλον
1615 638 1847 693 ἀκολού-

258 702 371 796 θως
405 706 750 778 ὑποταγῆναι
785 715 849 784 τῇ
881 713 1106 780 ἀξιώσει
1137 719 1314 795 ἡμῶν,
1353 702 1465 776 καὶ
1512 725 1848 796 ἀποπέμψαι

259 794 388 888 σθαι
414 797 478 850 τὸ
506 797 750 862 γύναιον.
793 803 906 858 Οὐκ
940 803 1066 861 εἷπε
1100 813 1166 881 τῇ
1196 811 1441 866 κελεύσει
1489 814 1521 885 ἢ
1569 820 1636 888 τῇ
1676 794 1846 888 προσ-

3421 378 3529 442 826

2443 494 2489 531 tn
2524 496 2742 547 nomen,
2768 498 2870 536 non
2902 494 3076 539 autem
3106 495 3158 538 et
3191 502 3300 540 rem
3331 489 3521 555 ipsam.

1958 563 2136 636 153‘
2166 567 2300 634 Quia
2329 560 2476 638 ergo,
2532 571 2726 641 inquit,
2774 575 2908 632 dicis
2948 585 2999 630 te
3052 592 3173 633 esse
3202 579 3429 635 liberum
3459 581 3527 632 ab

1951 657 2099 710 omni
2136 660 2542 727 perturbatione
2572 667 2865 733 cnrporali,
2901 683 2967 723 eo
3014 677 3066 723 te
3120 671 3291 741 magis
3339 679 3525 739 postn-

1952 746 2134 802 lationi
2166 759 2367 804 nostra!
2392 753 2717 809 submittere
2763 765 3164 827 consequenter
3217 762 3520 827 oportebat.

1947 846 2000 891 ct
2022 842 2394 898 mulierculam
2432 846 2730 903 dimittere.
2780 849 2897 905 Non
2930 853 3067 906 dixit
3106 861 3308 919 autem,
3340 852 3519 917 jussni

1947 931 2028 984 vel
2080 933 2353 1000 mandato,
2410 938 2504 991 sed
2559 940 2929 1008 postulationi,
2992 945 3269 998 modestiae
3330 959 3515 997 causa.

1943 1021 2059 1076 Non
2109 1024 2277 1090 enim,
2316 1035 2572 1097 tanquam
2604 1032 2656 1083 in
2695 1031 3070 1087 mulierculam
3127 1033 3390 1088 amatorie
3436 1033 3518 1086 ar-

1941 1114 2114 1169 fectns
2142 1117 2237 1182 sis,
2269 1117 2467 1188 inquit,
2499 1129 2554 1175 et
2584 1130 2806 1192 propter
2838 1133 3050 1190 turpem
3110 1125 3374 1178 actionem
3410 1125 3510 1179 dc-

1938 1208 2214 1262 crevimus
2245 1223 2363 1263 earo
2391 1209 2750 1280 ejiciendum;
2806 1228 2904 1268 nec
2945 1214 3110 1268 credo
3160 1225 3518 1285 septuagena-

1939 1299 2079 1353 rium
2101 1302 2368 1354 amatorie
2395 1301 2650 1357 allectum
2682 1319 2807 1358 cum
2857 1304 3087 1360 muliere
3150 1307 3470 1361 cohabitare
3497 1325 3511 1359 ε

1935 1387 2028 1441 sed
2057 1397 2280 1457 prepter
2315 1389 2387 1452 itl,
2426 1391 2568 1458 quod
2598 1391 2666 1444 ab
2693 1393 2952 1460 Apostolo
2995 1393 3196 1448 dictum
3223 1403 3346 1460 est;
3408 1412 3512 1449 non

1933 1491 2062 1531 esse
2093 1477 2246 1532 fratri
2303 1478 2536 1532 dandum
2597 1479 2984 1538 oEendiculum
3049 1483 3130 1538 vel
3172 1484 3510 1539 scandalum.

1931 1566 2084 1633 Quod
2119 1568 2265 1622 enim
2311 1569 2379 1625 ab
2415 1572 2535 1626 aliis
2587 1589 2722 1628 sane
2756 1575 2834 1637 lit,
2865 1584 2920 1630 et
2950 1575 3154 1645 absque
3196 1577 3303 1631 ulla
3345 1576 3511 1631 animi

1931 1662 2361 1731 perturbatione,
2392 1670 2498 1721 erit
2524 1667 2647 1722 aliis
2677 1668 2882 1737 peccati
2916 1671 3151 1725 occasio.
3209 1670 3288 1724 Tu
3343 1673 3508 1736 enim,

1932 1755 2126 1824 inquit,
2173 1755 2412 1812 fortasse
2442 1774 2563 1812 cum
2604 1760 2859 1823 muliere,
2908 1775 3248 1829 nequaquam
3300 1762 3352 1814 in
3389 1774 3508 1816 eam

1927 1845 2174 1909 allectus,
2240 1849 2520 1903 cohabitas
2565 1866 2579 1902 :
2619 1850 2758 1902 alius
2804 1863 2936 1904 vero
2995 1860 3145 1903 tuum
3201 1850 3506 1916 exemplum

1922 1947 2140 1994 secutus
2165 1953 2286 1994 cum
2313 1938 2542 1995 muliere
2570 1940 2927 2002 cohabitabit,
2961 1957 3067 1995 non
3102 1941 3219 1996 sine
3243 1942 3504 1994 amatoria

1924 2031 2088 2085 animi
2120 2033 2562 2098 perturbatione;
2595 2033 2676 2088 vel
2717 2049 2825 2086 non
2860 2034 3054 2088 bonam
3086 2035 3152 2088 de
3208 2043 3260 2088 te
3314 2033 3508 2086 existi-

1923 2119 2213 2174 mationem
2245 2119 2486 2186 habebit,
2518 2133 2572 2176 et
2603 2125 2709 2176 erit
2750 2124 2853 2178 hoc
2883 2123 2935 2177 itt
2983 2122 3277 2178 sacerdotii
3340 2123 3506 2176 dedc-

1921 2223 2037 2262 cus.
2069 2209 2210 2275 Quid
2237 2225 2366 2279 ergo
2407 2213 2858 2284 chorepiscoputn
2923 2214 3188 2270 accusas?
3225 2212 3316 2267 Est
3371 2227 3504 2282 ergo

1921 2302 2240 2367 verisimile,
2298 2303 2753 2374 chorepiscopntu
2830 2306 2897 2360 de
2961 2304 3328 2361 itttroductitia
3387 2319 3503 2356 mu-

1921 2392 2140 2445 liercula
2169 2403 2361 2449 sancto
2409 2395 2701 2450 indicasse.
2758 2394 2898 2461 Quid
2935 2409 3066 2466 ergo
3117 2409 3214 2449 nos
3247 2407 3498 2456 accusas,

1921 2492 2175 2551 tanquam
2200 2485 2293 2553 qui
2341 2485 2641 2541 calumnias
2675 2486 2834 2541 facile
2865 2485 3242 2548 admittamus,
3278 2494 3332 2539 et
3392 2501 3498 2540 non

1918 2574 2100 2641 potius
2133 2575 2388 2642 teipsum,
2422 2576 2540 2645 qui,
2585 2585 2641 2630 nt
2671 2591 2701 2629 a
2761 2577 2987 2631 muliere
3051 2576 3344 2646 separeris,
3393 2591 3497 2628 non

1914 2665 2176 2732 possisin
2210 2666 2450 2720 animum
2506 2668 2804 2724 inducere?
2840 2668 3031 2723 Statue
3081 2682 3237 2737 ergo,
3295 2667 3494 2736 inquit.

1913 2768 2033 2809 eam
2081 2754 2134 2808 in
2186 2757 2536 2821 monasterio,
2569 2767 2624 2812 et
2676 2758 2770 2811 tibi
2801 2758 2900 2812 viri
2946 2757 3275 2812 ministrent.
3308 2757 3495 2823 Quan-

1912 2843 2002 2897 diu
2041 2846 2153 2899 htt'c
2188 2846 2342 2911 facis,
2379 2847 2565 2910 multa,
2599 2863 2722 2917 quae
2790 2848 3010 2914 scribis,
3073 2847 3208 2901 nihil
3256 2857 3307 2901 te
3338 2847 3498 2912 juva-

1915 2937 2087 3001 bnnt;
2124 2938 2216 2991 sed
2248 2941 2456 2993 otiosus
2491 2940 2762 3005 morieris,
2799 2939 2850 2994 id
2882 2948 2984 3006 est,
3027 2953 3198 3008 usque
3229 2939 3293 2992 ad
3331 2940 3492 2992 liuent

1915 3028 2040 3080 vitae
2079 3044 2186 3081 non
2223 3031 2536 3094 operaberis
2593 3041 2653 3084 ut
2704 3032 2983 3095 sacerdos,
3028 3045 3150 3085 cum
3185 3032 3262 3084 sis
3311 3045 3493 3099 segre-

1913 3127 2091 3186 gatus,
2144 3129 2194 3170 ct
2223 3119 2442 3173 domino
2481 3121 2742 3175 rationem
2778 3121 2854 3175 tui
2887 3120 2984 3174 otii
3021 3119 3233 3184 reddes,
3300 3129 3492 3189 utpote

1914 3209 2061 3277 quod
2095 3209 2191 3263 tibi
2245 3226 2311 3265 ex
2375 3215 2472 3265 hac
2522 3220 2614 3265 tua
2675 3226 2841 3267 causa
2891 3213 3198 3283 iniunctum
3244 3213 3333 3266 sit.
3393 3211 3488 3264 Sin

1911 3311 2090 3354 autem
2136 3317 2240 3353 non
2271 3313 2552 3357 correctus
2587 3303 2898 3359 sacriﬁcare
2945 3318 3109 3359 ausus
3167 3304 3353 3368 fueris,
3382 3307 3490 3358 eris

1911 3394 2220 3456 anathema,
2255 3403 2307 3444 ct
2357 3396 2446 3460 qni
2504 3406 2554 3448 te
2608 3398 3009 3452 sacriﬁcantem
3056 3395 3383 3464 suscipiunt,
3420 3398 3488 3451 ab

1909 3483 2057 3536 omni
2134 3482 2369 3534 ﬁdi-lium
2437 3494 2582 3538 rnatu
2651 3487 3070 3540 abdicabnntur.
3126 3485 3265 3556 Lege
3318 3487 3485 3541 etiam

1909 3582 2027 3638 syn.
2063 3567 2317 3621 Antiorh.
2361 3583 2482 3623 can.
2519 3572 2626 3624 set
2656 3587 2778 3640 syn.
2815 3573 2867 3626 in
2927 3573 3109 3627 Trnllo
3161 3589 3284 3629 can.
3344 3575 3378 3627 5
3429 3579 3487 3622 et

1910 3657 2140 3714 Nicaeum
2169 3661 2357 3727 prima:
2393 3676 2512 3714 can.
2551 3663 2602 3716 5.
2657 3662 2718 3716 Ει
2753 3663 2868 3718 haec
2922 3665 3140 3732 quidem
3173 3667 3254 3721 sic
3294 3681 3353 3720 se
3389 3666 3486 3718 ha-

1907 3749 2057 3805 bent.
2093 3749 2196 3804 Sed
2227 3751 2355 3819 quia
2385 3753 2629 3807 nonnulli
2680 3756 2897 3808 tertium
2926 3757 3116 3824 prima:
3165 3759 3350 3827 synodi
3383 3772 3481 3810 ca—

1907 3853 2103 3894 nonem
2135 3839 2443 3906 atl'erentes,
2477 3853 2531 3897 et
2560 3842 2721 3897 verba
2753 3843 2918 3913 hujus
2967 3845 3234 3914 epistolae,
3289 3848 3479 3900 volunt

1904 3931 2189 4000 episcopos
2217 3941 2269 3986 et
2298 3931 2550 3998 clericos,
2583 3949 2705 3988 cum
2759 3936 2874 3990 suis
2905 3938 3150 4005 cognatis
3175 3939 3424 4007 personis
3453 3954 3484 3990 a

1906 4023 2212 4091 suspicione
2237 4024 2448 4090 alienis,
2481 4040 2600 4094 quae
2626 4026 2830 4082 habent
2858 4028 3111 4084 mulieres
3146 4029 3250 4085 sibi
3295 4031 3482 4085 deser-

1904 4117 2132 4180 vientcs,
2189 4132 2296 4171 non
2354 4116 2713 4185 cohabitare,
2795 4120 3038 4177 dicentes
3108 4121 3478 4177 circumscribi

1904 4218 2164 4272 canones,
2196 4206 2239 4261 si
2268 4207 2369 4270 sub
2396 4210 2619 4262 nomine
2659 4219 2902 4278 cognata:
2935 4225 3042 4266 non
3079 4221 3366 4277 suspectae,
3416 4211 3478 4274 ii,

1904 4296 1996 4366 qui
2031 4304 2158 4352 sunt
2188 4298 2413 4361 sacrati,
2441 4297 2626 4354 ﬁdeles
2655 4298 2931 4355 oﬂ'endant
2959 4317 3056 4371 per
3112 4300 3479 4356 eobabitatio—

1906 4404 2032 4444 nem
2075 4404 2196 4443 cum
2235 4389 2356 4444 aliis
2381 4391 2726 4454 mulieribus,
2758 4392 3008 4458 dicimus,
3036 4392 3179 4462 quod
3236 4393 3478 4461 episcopi

211 4463 350 4533 παρ’
388 4463 547 4533 ἡμῶν
575 4469 1072 4542 καταστρωθείσης
1104 4473 1185 4536 είς
1227 4474 1328 4542 τὴν
1379 4475 1682 4547 ἑρμηνείαν
1700 4479 1795 4532 τοῦ

1916 4481 2116 4549 ptidem
2144 4494 2171 4532 a
2203 4479 2488 4535 Justiniani
2517 4481 2757 4545 Novella,
2792 4498 2910 4550 quae
2937 4497 2967 4537 a
3012 4483 3165 4537 nobis
3183 4483 3285 4537 sita
3315 4492 3398 4535 est
3424 4484 3478 4535 in

209 4553 259 4620 γ’
298 4554 526 4618 κανόνος
583 4556 684 4624 τῆς
727 4563 772 4610 α’
825 4559 1069 4627 συνόδου,
1154 4562 1455 4618 κωλύονται
1527 4571 1799 4622 συνοικεῖν

210 4647 485 4718 οἱᾳδήτινι
540 4649 801 4714 γυναικί·
834 4651 962 4713 τοὺς
998 4651 1055 4705 δὲ
1094 4653 1402 4723 κληρικοὺς
1454 4656 1648 4727 ἤθελον
1699 4660 1798 4728 μὲν

211 4743 308 4791 καὶ
337 4740 537 4801 αὐτοὺς
569 4740 925 4810 ἀγιοπρεπῶς
970 4744 1093 4814 ζῇν,
1148 4746 1245 4799 καὶ
1296 4748 1439 4802 πάνυ
1493 4750 1798 4820 ἀπέχεσθαι

210 4834 309 4897 τῆς
342 4831 483 4902 μετά
505 4834 782 4899 γυναικῶν
812 4833 1176 4904 οίωνδήτινων
1206 4840 1593 4908 συνοικήσεως.
1647 4841 1712 4895 Εί
1741 4841 1799 4895 δὲ

210 4923 372 4976 τοῦτο
394 4924 454 4974 οὐ
479 4923 758 4988 δύνανται,
787 4920 959 4988 οὗτοι,
985 4925 1062 4989 ὡς
1103 4929 1232 4996 ἐμοὶ
1262 4930 1437 5001 δοκεῖ,
1495 4931 1797 4997 ἀκινδύνως

214 5013 530 5067 συνοικοῦσι
569 5013 707 5083 μετά
752 5015 1012 5084 μητέρων
1044 5017 1140 5069 καὶ
1175 5019 1425 5090 ἀδελφῶν
1467 5022 1564 5074 καὶ
1594 5024 1797 5076 λοιπῶν

210 5107 543 5158 ἀνυπόπτων
571 5103 903 5174 προσώπων,
942 5105 1044 5159 κᾶν
1077 5107 1244 5178 ἔχωσι
1295 5110 1468 5163 ταῦτα
1527 5115 1796 5180 γυναῖκας

215 5198 351 5267 πρὸς
382 5198 691 5266 ὑπηρεσίαν
723 5201 1191 5268 χρησιμευούσας.
1237 5199 1296 5252 '0
1314 5202 1422 5270 γὰρ
1446 5202 1621 5272 μέγας
1643 5199 1796 5268 οὗτος

213 5291 404 5360 Πατὴρ
431 5289 490 5341 τὸ
509 5289 936 5342 ἀσκανδάλιστον
987 5289 1096 5340 τῶν
1140 5290 1351 5345 πολλῶν
1406 5296 1795 5364 πραγματευό.

214 5399 398 5448 μενος,
431 5380 726 5449 διωρίσατο
760 5381 1173 5450 μετοικισθῆναι
1207 5383 1317 5437 ἀπὸ
1350 5385 1445 5437 τοῦ
1480 5386 1789 5456 Γρηγορίου

209 5473 269 5523 τὸ
291 5479 541 5538 γύναιον,
569 5469 669 5521 ούκ
699 5471 967 5539 ὁροθετῶν
999 5469 1060 5521 τὸ
1089 5470 1165 5540 μὴ
1214 5474 1487 5525 συνοικεῖν
1519 5473 1611 5526 τὸν
1642 5476 1793 5546 ἱερω-

215 5564 372 5632 μένον
425 5561 762 5624 ἀνυπόπτοις
831 5559 1166 5631 προσώποις,
1230 5563 1326 5615 ὲὰν
1394 5564 1515 5631 μεθ’
1580 5567 1792 5619 ἑαυτῶν

213 5655 377 5722 ἔχωσι
415 5653 512 5706 καὶ
546 5653 712 5718 ἕτερα
764 5653 980 5719 γύναια.
1027 5655 1138 5706 Καὶ
1179 5656 1302 5705 ἐπεὶ
1343 5653 1437 5707 τοῦ
1489 5655 1788 5726 ἱερωμένου

213 5745 588 5804 συνοικοῦντος
617 5745 755 5803 μετᾶ
789 5747 1100 5798 ἀνυπόπτου
1137 5744 1428 5807 προσώπου
1459 5752 1604 5805 ἅπαν
1632 5751 1778 5804 πάνυ

1903 4571 2356 4639 interpretatione
2383 4573 2528 4626 tertii
2596 4575 2826 4628 canonis
2881 4573 3070 4642 prima
3113 4575 3304 4642 synodi
3347 4589 3480 4641 pro-

1900 4662 2297 4716 hibenturcum
2324 4664 2516 4731 quavis
2575 4665 2803 4718 muliere
2843 4665 3182 4719 cohabitare.
3233 4664 3479 4718 Clericos

1900 4763 2078 4808 autem
2111 4749 2304 4807 velle'm
2353 4753 2570 4821 quidem
2612 4764 2665 4807 et
2707 4755 2854 4822 ipsos
2909 4763 3097 4809 sancte
3158 4755 3361 4815 vivere,
3423 4768 3480 4807 et

1900 4844 2120 4897 omnino
2152 4844 2428 4898 abstinere
2460 4845 2526 4898 ab
2562 4845 2898 4901 habitatione
2921 4862 3042 4901 cum
3100 4845 3226 4900 ullis
3283 4845 3474 4898 mulie-

1903 4936 2070 4988 ribus.
2114 4933 2212 4988 Sin
2258 4943 2439 4988 autem
2473 4935 2575 4990 hoc
2615 4953 2721 4991 non
2760 4949 3006 5005 possunt,
3057 4947 3115 4992 ut
3175 4939 3303 4990 mihi
3355 4939 3478 5005 qui-

1899 5027 2017 5080 dem
2056 5025 2286 5086 videtur,
2321 5041 2440 5078 cunt
2497 5027 2761 5080 matribus
2820 5037 2876 5080 et
2921 5029 3200 5082 sororibus
3246 5036 3302 5082 et
3353 5029 3476 5080 aliis

1899 5129 2002 5167 non
2041 5115 2313 5181 suspectis
2336 5115 2588 5182 personis
2640 5117 2844 5182 absque
2892 5117 3132 5184 periculo
3179 5115 3477 5170 versabun-

1898 5214 2018 5270 tnr;
2050 5205 2262 5260 etiamsi
2288 5221 2365 5260 ea:
2395 5207 2628 5261 habeant
2681 5209 2936 5262 mnliercs
2979 5209 3046 5262 ad
3109 5208 3470 5262 ministerium

1897 5296 2070 5347 utiles.
2120 5293 2220 5348 llic
2283 5295 2428 5348 enim
2493 5311 2721 5365 magnus
2785 5294 2946 5349 Pater
3002 5296 3107 5350 hoc
3163 5310 3350 5366 agens,
3415 5305 3473 5349 ut

1896 5385 2186 5440 multorum
2215 5383 2601 5439 olTendiculnm
2645 5386 2887 5450 tollatur,
2939 5386 3129 5440 statuit
3180 5386 3468 5440 muliercu-

1896 5479 2000 5531 lam
2030 5493 2056 5528 a
2087 5475 2351 5544 Gregorio
2388 5477 2705 5533 discedere:
2775 5491 2881 5530 non
2938 5476 3237 5531 decernens
3284 5491 3470 5530 sacra-

1897 5579 2006 5619 tntn
2041 5567 2312 5620 hominem
2371 5581 2494 5619 cum
2545 5565 2770 5620 minime
2824 5566 3088 5634 suspectis
3149 5565 3467 5620 mulieribus

1895 5676 1997 5712 non
2025 5659 2359 5719 cohabitare.
2395 5659 2438 5711 si
2475 5657 2608 5711 alias
2653 5673 2838 5713 secum
2880 5659 3114 5712 habeant
3166 5657 3464 5710 muliercu-

1897 5756 1990 5808 las.
2028 5755 2086 5805 ῐσῖ·
2122 5753 2242 5812 quia
2275 5750 2556 5805 sacerdote
2587 5765 2706 5805 cum
2747 5766 2850 5806 non
2909 5760 3157 5813 suspecta
3217 5761 3455 5815 persona
