4006 6440
533 319 646 384 82⁸1

1795 319 2071 384 ΤΗΕΟΟ.
2107 318 2511 382 BALSAMON

3711 306 3810 370 89.8

537 427 814 485 habitante
836 445 998 485 omne
1041 430 1194 485 mal:
1263 431 1594 503 suspicionis
1645 433 1960 487 scandalum
2003 431 2107 486 tol-

2240 431 2379 483 ῑαλον
2436 431 2808 499 περιαιρεῖται
2863 427 3221 497 καχύποπτον
3272 426 3356 494 (οὑ
3405 425 3524 492 γάρ
3570 423 3814 490 λέγουσιν

538 523 667 574 litur
695 523 820 589 (non
857 523 1001 575 enim
1047 523 1230 576 dicunt
1274 524 1393 592 ejus
1448 540 1570 579 esse
1615 525 1819 579 alienas
1883 525 2106 578 mulier-

538 613 708 675 culas,
737 612 832 666 sed
864 624 1110 684 cognatae
1150 615 1314 682 ejus:
1362 630 1426 669 eo
1487 624 1665 670 autem
1727 631 1851 670 eum
1893 615 2120 668 muliere

540 714 788 770 suspecta
841 713 1115 767 versante.
1179 706 1518 772 scandalum,
1570 707 1713 774 quod
1755 723 1820 760 ex
1873 707 2118 776 improha

539 793 848 860 suspicione
925 797 1192 864 emergit,
1259 798 1620 852 ministerium
1698 799 1946 865 assumit)
2005 799 2121 852 sine

542 886 928 951 impedimento
961 902 1081 941 cum
1119 889 1366 956 personis
1402 905 1508 943 non
1544 891 1817 958 suspectis
1857 891 2122 944 habitabit

541 987 810 1039 sacratus,
843 976 1054 1031 etiamsi
1113 978 1212 1031 sub
1256 993 1315 1031 se
1369 978 1620 1032 mulieres
1664 979 1934 1033 habeant:
1981 983 2121 1049 quod

544 1065 588 1117 si
617 1080 719 1118 non
758 1066 864 1119 sint
894 1066 1030 1121 tales
1058 1082 1306 1136 personae
1333 1083 1456 1122 cum
1486 1069 1699 1137 {quibus
1759 1070 1988 1132 habitat,
2046 1069 2122 1122 illi

546 1155 917 1224 nonimpnnis
977 1159 1080 1211 crit
1143 1159 1452 1227 hujusmodi
1515 1159 1868 1213 eohabitalio.
1909 1160 2122 1228 Alioqui

544 1248 711 1310 enim,
747 1248 790 1300 si
825 1248 983 1302 detur
1013 1250 1356 1304 sacerdotem
1384 1266 1485 1304 non
1517 1251 1835 1305 cohabitare
1857 1251 1996 1304 eum'
2019 1253 2123 1304 ulla

547 1352 776 1404 persona
809 1353 916 1391 non
945 1350 1219 1408 suspecta,
1267 1355 1385 1410 qua:
1434 1341 1598 1394 habet
1657 1340 1789 1394 alias
1847 1341 2125 1408 mulieres,

548 1440 771 1497 cogetur
823 1429 988 1482 etiam
1024 1431 1201 1499 quivis
1234 1443 1483 1484 sacratus
1517 1446 1616 1485 nec
1667 1431 1981 1486 cohabitare
2003 1446 2124 1486 eum

547 1529 723 1588 ριιισο,
754 1535 849 1572 nec
883 1537 1002 1574 eum
1035 1522 1269 1590 propriis
1305 1522 1456 1586 (iliis,
1511 1536 1611 1576 nec
1662 1520 1822 1576 alieni
1884 1523 1961 1578 rei
2012 1539 2127 1578 ser-

554 1609 690 1672 vire,
747 1626 864 1674 qua:
926 1611 994 1664 ad
1047 1613 1246 1666 vietum
1308 1612 1636 1682 pertineat:
1700 1613 1916 1682 plurimi
1982 1615 2126 1668 enim

547 1717 734 1753 eorum
768 1704 965 1756 habent
1000 1704 1244 1768 ancillas,
1281 1719 1374 1758 seu
1409 1705 1627 1764 liberas,
1670 1720 1789 1775 quae
1845 1705 1959 1760 suis
2029 1706 2130 1759 mi-

2225 516 2367 574 είναι
2400 520 2594 573 τούτου
2629 520 2696 570 τὰ
2726 518 2982 587 ἀλλότρια
3000 517 3222 584 γύναια,
3258 515 3396 568 ἀλλὰ
3449 516 3556 582 τῆς
3587 530 3812 583 προσγιο

2225 613 2350 675 νοῦς
2389 611 2590 666 αὑτοῦο
2629 611 2768 680 μετὰ
2791 611 2846 663 δέ
2877 610 3120 661 ὑπόπτου
3175 606 3466 672 διάγοντος
3499 606 3813 672 γυναικείου

2231 705 2454 775 μέρους,
2509 703 2570 754 τὸ
2599 703 2705 754 ἀπὸ
2760 702 2859 768 τῆς
2912 699 3126 768 φαύλης
3191 699 3433 766 ὑποψίας
3501 697 3810 748 ἀνακύπτον

2230 797 2529 848 σκάνδαλον
2559 793 2974 864 προσλαμϐάνει
3026 793 3126 860 τὴν
3161 791 3455 857 ἐργασίαν)
3491 791 3809 857 ἀπσρεμπο-

2227 888 2424 947 δίστως
2455 887 2592 954 μετᾶ
2628 885 2957 936 ἀνυπόπτων
2989 881 3303 952 προσώπων
3345 880 3549 941 οἰκίζει
3602 880 3632 930 δ
3675 883 3818 944 ἱερωδ

2232 977 2554 1047 μένος,,κᾶν
2586 975 2784 1046 ἔχωσιν
2816 974 2907 1042 ὑφ’
2949 973 3114 1027 ἑαυτὰ
3139 975 3409 1040 γυναῖκας
3435 990 3447 1002 ο
3482 971 3561 1039 μὴ
3590 971 3755 1022 ὅντων
3775 970 3819 1020 δέ

2229 1068 2490 1121 τοιούτων
2523 1066 2834 1135 προσώπων
2878 1066 2995 1134 μεθ’
3062 1058 3137 1116 (τιν
3201 1066 3465 1123 συνοικεῖ,
3528 1064 3634 1114 οὑκ
3685 1061 3820 1112 ἔσται

2232 1159 2382 1228 αὑτῷ
2410 1158 2812 1226 ἅνεπιτίμητος
2845 1157 2877 1225 ἡ
2911 1155 3480 1223 συνοίκησις.”Αλ)ως
3516 1172 3599 1214 τε,
3632 1155 3681 1204 εί
3710 1153 3819 1220 δοθῇ

2231 1250 2322 1301 τὸν
2358 1251 2658 1318 ἱερωμένον
2688 1249 2762 1317 μὴ
2793 1251 3062 1300 συνοικεῖν
3083 1249 3364 1316 οίῳδήτινι
3400 1245 3688 1315 προσώπῳ
3718 1247 3823 1295 ἀνυ-

2235 1345 2427 1410 πόπτῳ
2487 1344 2665 1411 ἔχοντι
2715 1341 2880 1410 ἔτερα
2933 1341 3155 1408 γύναια,
3211 1338 3706 1405 ἀναγκασθήσεται
3745 1337 3825 1388 καί

2236 1436 2344 1497 πᾶς
2381 1434 2686 1504 ίερωμένος
2726 1433 2864 1500 μήτε
2897 1433 3068 1498 πατρὶ
3119 1433 3416 1491 συνοικεῖν,
3467 1430 3615 1498 μήτε
3652 1430 3825 1478 παισὶν

2238 1527 2412 1589 ίδίοις,
2445 1527 2581 1595 μήτε
2607 1524 2716 1576 τινὶ
2751 1523 3167 1590 ἐξυπηρετῆσαι
3216 1521 3464 1590 βιωτικῷ
3489 1537 3502 1552 ο
3537 1522 3587 1572 οἱ
3622 1518 3826 1580 πλεῖλσυς

2237 1615 2346 1684 γὰρ
2374 1615 2584 1666 τούτων
2628 1614 2814 1682 ἔχουσι
2852 1612 3124 1674 δουλίδας,
3157 1611 3268 1662 εἴτε
3298 1612 3391 1663 καὶ
3419 1609 3721 1676 ἐλευθέρας
3760 1609 3827 1668 εἰς

2240 1704 2545 1774 ὑπουργίαν
2575 1704 2679 1755 τῶν
2706 1704 2795 1755 ὑπ’
2828 1703 3044 1764 αὒτοὺς.
3082 1703 3152 1754 “ll
3198 1702 3458 1768 εἴποιμεν
3484 1694 3630 1750 εἶναι
3663 1698 3827 1749 πάντα

548 1794 820 1845 nistrcnt:
885 1794 968 1846 vel
1030 1796 1276 1849 dicemus
1328 1811 1515 1850 omnes
1555 1811 1649 1850 eas
1709 1812 1970 1864 personas
2013 1813 2131 1852 esse

2240 1799 2303 1849 τὰ
2337 1797 2562 1850 τοιαῦτα
2606 1798 2876 1864 πρόσωπα
2920 1793 3194 1862 πτωχικὰ,
3249 1791 3347 1845 καὶ
3411 1792 3629 1850 ἑαυτοῖς
3676 1789 3827 1856 ἐξαρο

550 1895 838 1948 pauperes,
867 1894 922 1936 et
951 1883 1055 1938 cibi
1087 1884 1414 1940 stillicientes
1447 1887 1509 1940 ad
1553 1901 1713 1941 omne
1745 1889 2128 1952 ministerium,

549 1975 690 2039 quod
744 1982 827 2027 est
886 1974 1212 2030 absurdum.
1277 1975 1451 2030 Porro
1519 1987 1574 2030 nt
1631 1978 1895 2032 sacerdoti
1939 1980 2133 2032 mulier

556 2065 782 2126 serviat,
816 2067 1184 2120 etiamsiequ
1239 2082 1468 2136 persona
1521 2083 1626 2121 non
1665 2082 1916 2136 suspecta
1971 2072 2135 2123 coha-

558 2154 713 2219 bitel,
755 2155 953 2210 malum
991 2168 1096 2222 est,
1126 2169 1179 2210 et
1210 2173 1307 2212 nec
1338 2175 1365 2212 a
1404 2162 1727 2223 canonibus,
1762 2176 1860 2215 nec
1914 2176 1942 2213 a
1997 2176 2134 2228 prsc-

553 2247 948 2312 sentiepistola
995 2250 1410 2316 admittendum,
1473 2263 1527 2306 ct
1586 2253 1705 2308 ideo
1772 2255 2130 2320 puniendum.

555 2336 695 2405 Lege
721 2339 882 2391 etiam
916 2354 1039 2392 can.
1064 2341 1095 2393 5
1127 2343 1316 2410 synodi
1346 2344 1398 2396 in
1430 2341 1642 2405 Trullo,
1694 2354 1747 2400 et
1783 2345 1864 2410 l2,
1929 2346 2134 2399 dixerit

555 2430 845 2497 quispiam,
897 2431 1052 2502 ιω
1079 2448 1200 2486 eum
1255 2435 1398 2486 enim
1462 2436 1686 2500 epistola
1740 2436 2004 2505 Gregorio
2043 2439 2136 2490 de-

553 2535 848 2589 ccrnat,ut
895 2526 1298 2579 eohabitantem
1350 2528 1452 2580 sibi
1507 2529 1792 2584 mulierem
1837 2530 1890 2582 in
1949 2544 2137 2584 mona-

553 2617 780 2671 stcrium
818 2617 1082 2684 deducat;
1128 2619 1244 2671 isne
1265 2633 1382 2672 eam
1411 2619 1635 2674 tondere
1652 2621 1883 2690 cogitur,
1909 2638 1975 2675 an
2006 2639 2133 2678 non.

555 2707 783 2762 Salutio.
815 2706 1066 2762 Nonnulli
1101 2724 1166 2764 ex
1196 2724 1319 2763 can.
1352 2711 1419 2764 48
1456 2727 1577 2780 syn.
1636 2712 1688 2764 in
1744 2711 1928 2766 Trullo
1986 2716 2134 2778 moti,

556 2801 743 2853 dicunt
773 2801 820 2853 ei
849 2800 1231 2856 necessitatem
1268 2802 1603 2864 incumbere,
1636 2813 1694 2855 ut
1725 2819 1844 2856 eam
1882 2820 2000 2872 qua:
2036 2805 2136 2858 sibi

557 2891 836 2945 cohabitat
900 2891 1144 2946 tondeat.
1190 2893 1306 2946 Non
1363 2892 1530 2958 enim,
1613 2893 1887 2962 inquiunt,
1951 2906 2138 2949 saneto

556 2989 820 3034 statutum
864 2991 971 3045 est,
1017 2983 1065 3037 ei
1103 2998 1201 3051 pro
1268 2997 1489 3038 carcere
1546 2994 1600 3037 et
1642 2985 1906 3052 supplicio
1952 3001 2139 3039 mona-

2237 1891 2438 1943 κοῦντα
2472 1889 2609 1958 πρὸς
2644 1887 2905 1940 παντοίαν
2952 1886 3286 1955 ὑπηρεσίαν,
3324 1884 3468 1953 ὅπερ
3503 1882 3732 1935 ἄτοπον.
3768 1880 3831 1932 Τὸ

2238 1984 2422 2050 μέντοι
2451 1980 2799 2034 δουλεὺεσθαι
2839 1979 3140 2048 ἱερωμένον
3207 1977 3363 2044 παρᾶ
3407 1975 3695 2042 γυναικὸς,
3737 1974 3831 2025 κᾶν

2240 2075 2464 2140 συνοικῇ
2510 2071 2650 2139 μετᾶ
2703 2069 3020 2122 ἀνυπόπτου
3071 2067 3395 2135 προσώπου,
3463 2066 3586 2116 ἐστὶ
3649 2063 3827 2123 κακὸν,

2239 2166 2332 2216 καὶ
2365 2166 2476 2224 τοῖς
2503 2161 2750 2223 κανόσιν,
2785 2160 2922 2212 ἀλλὰ
2960 2159 3057 2227 μὲν
3081 2159 3176 2210 καὶ
3203 2161 3268 2226 τῇ
3291 2157 3549 2225 παρούσῃ
3583 2154 3830 2222 ἐπιστολῇ

2236 2256 2576 2318 ἀνέδεκτον,
2607 2255 2701 2305 καὶ
2724 2251 2815 2306 διὰ
2844 2253 3002 2304 τοῦτο
3034 2251 3313 2312 κολάσεως
3344 2250 3516 2314 ἄξιον.
3538 2246 3830 2314 Ἀνάγνωθι

2237 2348 2327 2396 καὶ
2357 2346 2448 2397 τὸν
2482 2343 2520 2396 ε’
2560 2345 2764 2396 κανόνα
2806 2345 2905 2412 τῆς
2941 2346 2998 2395 ὲν
3039 2341 3117 2410 τῷ
3153 2340 3412 2410 Τροὺλλῳ
3465 2341 3714 2401 συνόδου,
3749 2337 3831 2390 καὶ

2237 2438 2326 2488 τὶν
2359 2435 2446 2506 ιβ’.
2486 2435 2708 2487 Τούτων
2744 2433 2886 2486 οὕτω
2917 2433 3411 2495 διευλυτωθὲντων,
3451 2434 3709 2501 ἐρωτήσῃ
3735 2447 3828 2493 τις,

2237 2528 2311 2588 ὡς
2341 2527 2435 2595 τῆς
2471 2527 2761 2594 ἐπιστολῆς
2816 2526 3201 2594 διοριζομὲνης
3269 2525 3350 2593 τῷ
3410 2524 3704 2593 Γρηγορξφ
3757 2524 3830 2584 εις

2245 2619 2613 2686 μοναστήριον
2648 2619 2959 2683 ἀπαγαγεῖν
2992 2619 3092 2686 τὴν
3147 2615 3514 2668 συνοικοῦσαν
3546 2614 3697 2684 αὑτῷ
3735 2628 3828 2681 γυ-

2240 2712 2422 2772 ναῖκα,
2458 2708 2800 2776 ἠναγκάζετο
2833 2701 2991 2769 οὗτος
3055 2709 3354 2775 ἀποκεῖραι
3386 2706 3618 2776 ταύτην,
3659 2707 3690 2776 ἢ
3736 2703 3824 2771 0'5;

2243 2800 2455 2863 Λύσις,
2484 2800 2661 2861 Τινὲς,
2686 2801 2793 2850 ἀπὸ
2815 2799 2908 2850 τοῦ
2932 2800 3264 2868 μτίκανόνος
3282 2800 3382 2866 τῆς
3407 2797 3562 2866 ἐντῷ
3588 2795 3827 2866 Τροὺλλῳ

2244 2890 2463 2941 συνόδου
2497 2891 2830 2959 ὁρμώμενοι.
2859 2891 3114 2957 λέγουσιν
3142 2890 3463 2942 ἐπικεῖσθαι
3497 2889 3646 2957 αὑτῷ
3672 2889 3828 2954 ἀνάγ·

2244 2998 2365 3047 κγρι,
2399 2980 2540 3032 ὥστε
2581 2982 2880 3051 ἀποκεῖραι
2948 2982 3048 3049 τὴν
3105 2982 3471 3033 συνοικοῦσαν
3522 2983 3716 3049 τούτῳ.
3758 2981 3825 3031 Οὑ

557 3071 781 3124 stcrium
813 3072 1130 3127 decernere.
1193 3072 1326 3126 Mihi
1385 3084 1565 3128 autem
1618 3075 1830 3128 videtur
1886 3091 2133 3146 magnam

2246 3071 2350 3139 γὰρ
2383 3072 2637 3142 ὥρισται,
2669 3075 2823 3140 φασὶ,
2855 3074 2930 3142 τῷ
2973 3075 3113 3142 ἁγίῳ
3165 3076 3288 3125 ἀντὶ
3333 3075 3565 3142 εἱρκτῆς
3606 3073 3699 3125 καὶ
3744 3089 3827 3124 κο-

555 3175 677 3215 esse
710 3161 1070 3217 diﬂerentiam
1101 3163 1309 3218 ancillae
1350 3173 1402 3218 et
1463 3165 1714 3235 conjugis
1767 3165 2045 3232 legitimae,
2088 3179 2142 3222 et

556 3260 844 3320 propterea
892 3253 1008 3308 illic
1042 3253 1262 3322 quidem
1299 3256 1586 3324 episcopus
1615 3267 1834 3312 coaetus
1853 3269 2139 3312 estcurain

558 3359 750 3410 gerere
800 3344 996 3401 salutis
1043 3355 1096 3400 et
1145 3346 1396 3414 corporis
1441 3346 1638 3402 anima:
1684 3363 1796 3403 suae
1857 3353 2138 3420 conjugis:

559 3433 648 3487 hic
689 3444 865 3489 autem
892 3437 1148 3491 sacerdos
1182 3436 1356 3490 solum
1392 3437 1553 3491 habet
1584 3451 1810 3493 necesse
1829 3440 2140 3493 scandalum

560 3540 659 3590 per
688 3526 1088 3593 separationem
1139 3527 1348 3580 tollere.
1405 3528 1510 3582 Sed
1561 3544 1668 3584 non
1724 3530 1893 3598 ipsam
1951 3533 2144 3586 mulie-

557 3627 673 3666 rem
698 3615 819 3680 jure
853 3614 998 3678 c03i.
1038 3613 1167 3668 dicit
1199 3615 1494 3683 quispiam,
1521 3627 1580 3669 ut
1611 3619 1692 3672 vel
1724 3618 1893 3672 invita
1953 3629 2143 3674 tonsu-

562 3719 677 3757 ram
708 3703 991 3772 suscipiat.
1023 3703 1088 3757 Et
1142 3705 1264 3759 ideo
1307 3705 1553 3774 intelligo
1610 3722 1730 3762 esse
1779 3712 2140 3764 necessariam

559 3796 730 3852 solam
758 3797 1184 3862 separationcm,
1216 3812 1320 3850 non
1354 3798 1518 3852 etiam
1581 3807 1879 3853 tonsuram.
1915 3799 2011 3852 Sin
2045 3818 2140 3852 au-

563 3898 673 3940 tem
721 3902 782 3940 ea
816 3887 908 3942 ﬁat
938 3889 1182 3942 mulieris
1214 3889 1524 3955 voluntate;
1559 3889 1686 3959 dupl
1711 3901 1866 3944 catur
1917 3893 2140 3955 bonum,

560 3974 696 4028 etﬁt
732 3975 942 4028 melius.
994 3976 1128 4041 Quia
1162 3985 1347 4029 autem
1395 3976 1644 4030 nonnulli
1695 3978 1969 4038 dixerunt,
2000 3980 2140 4044 quod

560 4081 626 4119 ex
682 4067 782 4120 hac
834 4067 1063 4133 cpistola
1115 4067 1294 4122 omnis
1333 4068 1507 4122 sacris
1554 4066 1838 4122 ordinibus
1901 4069 2142 4123 initiatus

558 4172 688 4210 cum
751 4158 927 4211 aliena
997 4158 1224 4212 muliere
1282 4159 1606 4214 cohabitans
1663 4171 1978 4230 segregatus
2038 4173 2140 4226 est,

559 4250 873 4303 etiamaule
923 4249 1427 4313 denuntiationem;
1482 4251 1604 4305 dico
1653 4251 1794 4316 quod
1857 4267 1955 4305 nec
2006 4267 2144 4321 pra-

565 4345 705 4393 seutl
749 4339 966 4408 quidem
1003 4349 1195 4393 sancto
1230 4341 1333 4394 hoc
1367 4340 1590 4409 placuit.
1634 4341 1772 4395 Ecce
1824 4343 1990 4408 enim,
2017 4359 2140 4397 cum

2244 3162 2451 3226 λάσεως
2507 3167 2849 3236 χρηματίσαι
2915 3166 2996 3236 τῷ
3053 3167 3267 3236 γυναίῳ
3338 3167 3403 3218 τὸ
3453 3167 3826 3237 μοναστήριον.

2254 3255 2410 3324 Ἐμοὶ
2445 3256 2500 3308 δὲ
2530 3256 2678 3310 δοκεῖ
2702 3259 2969 3329 διαφορὰν
3001 3254 3143 3311 εἶναι
3181 3257 3432 3327 μεγάλην
3488 3255 3829 3326 δουλευτρίας

2244 3347 2342 3398 καὶ
2376 3348 2612 3416 νομίμου
2649 3350 2906 3416 συμδίου,
2941 3349 3033 3402 καλ⁵
3058 3349 3149 3402 διὰ
3175 3349 3338 3402 τοῦτο
3371 3351 3492 3401 ἐκεῖ
3532 3348 3631 3418 μὲν
3656 3348 3683 3400 ὁ
3708 3345 3827 3399 ἐπί-

2247 3436 2453 3498 σκοπος
2486 3439 2813 3509 ἠναγκάσθη
2865 3438 3154 3507 φροντίσαι
3206 3438 3311 3508 τῆς
3368 3438 3689 3508 σωματικῆς
3740 3436 3826 3487 καὶ

2239 3528 2480 3597 ⁴ψυχικῆς
2506 3530 2782 3599 σωτηρίας
2834 3529 2934 3598 τῆς
2976 3531 3213 3599 συμόίου
3269 3529 3439 3582 αὑτοῦ
3468 3527 3735 3582 ’ἐνταῦθα
3775 3525 3825 3578 at

2244 3623 2270 3672 ὁ
2319 3620 2500 3688 ἱερεὺς
2563 3621 2692 3688 μίαν
2742 3620 2990 3690 ἀνάγκην
3046 3617 3184 3690 εἶχε,
3255 3621 3317 3674 τδ
3368 3621 3726 3692 περιαιρῆσαι
3771 3618 3825 3670 τὸ

2247 3710 2545 3764 σκάνδαλον
2575 3710 2668 3763 διὰ
2693 3715 2791 3781 τῆς
2813 3712 3176 3773 διαστάσεως.
3225 3712 3368 3764 Ἀλλ’
3394 3711 3518 3764 οὐδὲ
3544 3712 3705 3780 αὐτὴν
3731 3707 3821 3778 τὴν

2247 3805 2484 3866 γυναῖκα
2538 3798 2658 3854 εἶπέ
2691 3819 2773 3864 τις
2807 3803 3047 3870 εὐλόγως
3083 3804 3506 3874 ἀναγκασθῆναι
3543 3803 3697 3874 χάριν
3736 3799 3821 3852 τοῦ

2247 3893 2462 3944 ἑλέσθαι
2496 3894 2592 3945 καὶ
2637 3893 2881 3948 ἄκουσαν
2919 3896 3255 3965 ἀπόκαρσιν.
3295 3896 3391 3947 Διὸ
3442 3897 3540 3947 καὶ
3567 3894 3824 3947 κατανοεῖς

2244 3986 2335 4036 ταί
2367 4004 2455 4054 μοι
2485 3987 2785 4054 ἀναγκαῖον
2843 3986 2983 4041 εἶναι
3038 3989 3210 4057 μόνην
3265 3990 3368 4054 τὴν
3424 3989 3722 4048 διάστασιν,
3765 3985 3818 4036 οὐ

2248 4079 2352 4148 μὴν
2394 4081 2486 4132 καλ⁸
2537 4080 2638 4149 τὴν
2698 4082 3034 4150 ἀπόκαρσιν.
3088 4082 3150 4132 ΕΞ
3199 4081 3255 4132 δὲ
3306 4082 3408 4134 καὶ
3441 4080 3578 4149 αὑτὴ
3616 4079 3817 4146 γένηται

2245 4171 2384 4222 κατὰ
2423 4170 2644 4240 θέλησιν
2677 4172 2776 4240 τῆς
2799 4173 3085 4240 γυναικὸς,
3133 4171 3487 4234 διπλασιάζει
3539 4173 3597 4224 τὸ
3651 4169 3817 4228 καλὸν,

2244 4262 2576 4328 καὶγίνεται
2617 4263 2862 4316 κάλλιον.
2908 4263 3066 4315 Ἐπεὶ
3126 4264 3182 4315 δέ
3234 4281 3384 4328 τινες
3440 4261 3598 4316 εἷπον
3624 4263 3694 4323 ώς
3724 4258 3819 4311 ἀπὸ

2245 4352 2344 4419 τῆς
2371 4354 2652 4421 παρούσης
2725 4354 3020 4422 ἐπιστολῆς
3049 4356 3157 4416 πᾶς
3212 4355 3516 4423 ίερωμένος
3575 4348 3818 4404 συνοικῶν

565 4433 686 4499 ipse
713 4430 880 4485 sciret
904 4430 1225 4499 Gregorium
1251 4447 1373 4485 cum
1420 4431 1643 4486 muliere
1673 4433 2007 4496 cohabitare,
2044 4437 2133 4487 hoc

2249 4443 2470 4504 γυναικὶ
2509 4442 2771 4512 ἀλλοτρίᾳ
2805 4445 3194 4512 ἀφωρισμένος
3221 4445 3339 4495 ἐστί
3373 4446 3471 4495 καὶ
3505 4445 3601 4511 προ
3626 4455 3820 4509 παραγ·

563 4526 614 4578 ei
645 4527 821 4580 edicto
853 4526 1214 4591 denuntiavit,
1249 4534 1308 4580 ut
1336 4541 1404 4580 ex
1422 4526 1627 4581 aedibus
1653 4527 1933 4581 mulierem
1960 4538 2140 4582 trans-

560 4615 766 4679 ferret,
797 4625 849 4668 et
891 4617 936 4668 si
970 4616 1188 4669 fecisset
1220 4615 1519 4684 Gregorius
1572 4627 1631 4668 ut
1681 4616 1728 4668 ei
1760 4617 2140 4670 denuntiatum

561 4705 767 4769 fuerat,
811 4704 863 4758 in
899 4708 1332 4774 segregationcm
1363 4723 1468 4759 non
1504 4707 1800 4761 incidisset.
1825 4707 2007 4771 Quare
2047 4724 2143 4762 nec

565 4798 706 4848 alter
756 4796 1169 4864 segregabitnr,
1228 4796 1330 4850 nisi
1391 4805 1515 4864 post
1569 4798 2033 4852 denuntiationem
2087 4800 2140 4854 in

558 4883 971 4937 cohabitatiouc
1005 4900 1128 4938 cum
1159 4885 1338 4938 aliena
1385 4885 1609 4940 muliere
1659 4897 1993 4954 perseveret.

2241 4531 2451 4598 γελίας,
2477 4531 2623 4598 λέγω
2648 4535 2731 4584 ὅτι
2756 4532 2881 4584 οὑδέ
2915 4532 2994 4602 τῷ
3030 4533 3264 4602 παρόντι
3297 4535 3445 4601 ἁγίῳ
3479 4534 3640 4602 ἡρεσε
3662 4529 3816 4583 τοῦτο.

2251 4624 2383 4675 Ἰδοὺ
2406 4624 2511 4692 γὰρ
2535 4626 2629 4677 καὶ
2655 4626 2815 4687 αὑτὸς
2851 4625 3008 4687 εἰδὼς
3045 4626 3138 4678 τὸν
3159 4624 3471 4694 Γρηγόριον
3493 4620 3817 4676 συνοικοῦντα

2246 4715 2384 4781 μετὰ
2409 4715 2657 4780 γυναίου,
2700 4718 3206 4785 ἐπιφωνηματικῶς
3246 4719 3594 4787 παρήγγειλε
3633 4717 3809 4782 τούτῳ,

2243 4805 2308 4855 ἐκ
2335 4805 2431 4872 τῆς
2458 4807 2737 4867 συνοικίας
2814 4807 3159 4874 μεταστῆσαι
3221 4807 3283 4859 τὸ
3345 4808 3593 4875 γύναιον
3641 4806 3745 4859 καὶ.
3775 4805 3813 4854 εἰ

2242 4894 2496 4965 ἐποίησεν
2536 4897 2562 4947 ό
2596 4895 2900 4966 Γρηγόριος
2944 4897 3085 4950 κατὰ
3116 4898 3218 4966 τὴν
3273 4899 3682 4967 παραγγελίαν,
3730 4892 3812 4944 οὐκ

558 4973 631 5028 ἂν
658 4975 895 5029 ὑπέπεσε
922 4976 999 5043 τῷ
1031 4977 1541 5048 ἀφορισμῷ.Ὦστε
1617 4979 1737 5032 οὑδέ
1827 4979 2015 5050 ἔτερος
2071 4983 2522 5056 ἀφορισθήσεται.
2574 4990 2622 5040 εί
2671 4988 2748 5058 μὴ
2800 4989 2938 5058 μετὰ
2996 4989 3386 5059 παραγγελίαν
3445 4990 3688 5058 ἐπιμένει
3757 4984 3805 5048 τῇ

564 5065 710 5136 μετὰ
734 5065 832 5134 τῆς
863 5067 1154 5136 ἀλλοτρίας
1177 5069 1438 5135 γυναικὸς
1462 5070 1734 5138 συνοικίᾳ.

851 5180 988 5234 ΤΟΥ
1024 5182 1259 5235 ΑΥΤΟΥ
1296 5185 1891 5250 ΧΩΡΕΠῘΣΚΟΠΟΙΣ,
1932 5189 2106 5242 ΩΣΤΕ
2145 5193 2244 5243 ΜΗ
2303 5191 2621 5244 ΓΙΝΕΣΘΑΙ
2662 5192 2870 5245 ΧΩΡΙΣ
2907 5191 3144 5246 ΑΥΤΟΥ
3185 5189 3564 5244 ΥΠΗΡΕΤΑΣ

1845 5259 2029 5312 ΠΑΡΑ
2069 5262 2248 5314 ΤΟΥΣ
2286 5261 2639 5315 ΚΑΝοΝΑΣ.

654 5364 1007 5426 EIUSDEM
1047 5367 1699 5446 CHQREPISCOPIS,
1738 5375 1842 5434 ΝΕ
1881 5375 2059 5436 SINE
2095 5373 2272 5436 IPSO
2311 5376 2556 5436 FlANT
2591 5374 2952 5436 MINISTRI
2987 5373 3330 5432 PRETER
3378 5369 3738 5434 CANONES.

1165 5491 1394 5548 CANON
1446 5495 1556 5552 XC.

643 5579 1036 5639 Pt-rmolestum
1063 5585 1196 5638 mihi
1226 5595 1328 5649 est,
1370 5589 1512 5655 quod
1533 5587 1640 5654 jam
1665 5604 1900 5644 canones
1928 5590 2149 5643 Patrum

579 5674 901 5739 defecerint,
943 5691 1009 5732 ac
1061 5676 1348 5745 disciplina
1398 5680 1577 5733 omnis
1640 5679 1900 5735 Eeelesiis
1961 5683 2149 5735 abacta

2875 5496 3118 5550 ΚΑΝΩΝ
3150 5492 3224 5561 ις.

2337 5589 2486 5642 Πάνυ
2527 5605 2592 5658 με
2623 5588 2805 5652 λυπεῖ,
2842 5589 2925 5639 ὅτι
2983 5586 3372 5641 ὲπιλελοίπασι
3406 5586 3610 5641 ’λοιπὸν
3642 5585 3684 5635 oi
3713 5577 3800 5631 τῶν

2265 5680 2523 5748 Πατέρων
2559 5680 2803 5744 κανόνες,
2849 5679 2942 5733 καὶ
2976 5679 3126 5733 πᾶσα
3151 5681 3415 5750 ἀκρίϐεια
3457 5680 3564 5734 τῶν
3602 5672 3799 5735 Ἐκκλη“
