4006 6464
292 381 399 445 829

1044 373 1127 436 ΙΝ
1172 374 1409 439 EPIST.
1455 377 1514 437 S.
1557 377 1838 440 BASILII
1885 382 1984 453 AD
2024 380 2667 446 CHUREPJSCOPOS.

3380 382 3490 450 830

288 498 418 549 σιῶν
466 496 820 568 ἀπελήλαται,
872 496 965 549 καὶ
1000 495 1271 567 φοϐοῦμαι
1318 497 1394 567 μὴ
1426 497 1578 559 κατά
1630 498 1847 570 μικρὸν,

1930 508 2034 576 sit;
2060 515 2115 564 et
2143 508 2327 575 timeo,
2352 525 2417 564 ne
2446 509 2725 580 paulatim,
2750 508 2849 562 hac
2879 506 3235 564 indifferentia
3265 523 3487 581 progre-

286 587 385 653 τῆς
424 586 739 656 ἀδιαφορίας
777 585 976 654 ταύτης
1011 586 1116 657 ὁδῷ
1149 588 1460 658 προϊούσης,
1497 590 1578 652 είς
1610 589 1846 659 παντελῆ

290 674 550 742 σύγχυσιν
581 674 706 745 ἔλθη
740 674 807 727 τά
838 675 936 744 τῆς
990 676 1312 746 Ἐκκλησίας
1341 678 1658 748 πράγματα.
1709 676 1847 741 τοὺς

286 762 690 832 ὑπηρετοῦντας
720 767 782 833 τῇ
831 764 1121 836 Ἐκκλησία
1155 768 1188 836 ἠ
1218 767 1383 820 πάλαι
1423 771 1540 830 ταῖς
1580 767 1672 821 τοῦ
1710 767 1845 821 Θεοῦ

299 850 645 919 Ἐκκλησίαις
687 851 1434 923 ὲμπολιτευομένησυνήθεια
1489 856 1626 926 μετά
1669 857 1848 927 πάσης

286 939 570 1011 ἀκριϐείας
633 940 999 1010 δοκιμάζουσα
1068 944 1422 1014 παρεδέχετο·
1496 946 1588 999 καὶ
1658 946 1849 1001 ἐπολυ-

287 1032 653 1100 πραγμονείτο
681 1032 829 1083 πᾶσα
863 1032 1040 1085 αὐτῶν
1085 1034 1117 1103 ἡ
1148 1034 1478 1103 ἀναστροφὴ,
1515 1036 1562 1087 εί
1622 1036 1697 1104 μὴ
1734 1037 1847 1090 λοί-

285 1120 431 1191 δοροι
480 1122 637 1183 εἰσιν,
681 1121 729 1171 εἰ
787 1122 861 1192 μὴ
910 1121 1151 1191 μέθυσοι,
1195 1124 1241 1175 εί
1278 1124 1349 1193 μὴ
1390 1126 1666 1196 πρόχειροι
1712 1127 1848 1195 πρὸς

284 1208 385 1269 τὰς
422 1207 620 1276 μάχας,
654 1210 700 1259 εί
738 1208 1169 1276 παιδαγωγοῦσιν
1209 1207 1413 1263 ἑαυτῶν
1456 1212 1551 1281 τὴν
1602 1213 1844 1283 νεότητα,

285 1295 427 1355 ὥστε
477 1296 774 1366 κατορθοῦν
802 1298 1059 1352 δύνασθαι
1106 1300 1195 1352 τὸν
1235 1299 1522 1371 ἁγιασμδν,
1574 1297 1634 1356 οὗ
1677 1305 1847 1374 χωρὶς

284 1385 463 1447 οὐδεὶς
494 1385 680 1453 ὄψεται
711 1387 800 1439 τὸν
836 1388 1058 1458 Κύριον.
1103 1390 1211 1441 Καὶ
1252 1390 1409 1443 τοῦτο
1449 1391 1705 1460 ἐξήταζον
1748 1395 1846 1464 μὲν

285 1474 644 1545 πρεσϐύτεροι
679 1476 774 1528 καὶ
804 1477 1035 1531 διάκονοι
1069 1480 1435 1544 συνοικοῦντες
1489 1484 1691 1547 αὐτοῖς,
1749 1485 1847 1537 ἐπ-

288 1565 552 1634 ανέφερον
578 1565 633 1618 δὲ
663 1570 773 1630 τοῖς
818 1570 1265 1637 χωρεπισκόποις,
1315 1571 1384 1633 οἳ,
1433 1572 1530 1635 τὰς
1559 1574 1705 1644 παρὰ
1737 1573 1845 1628 τῶν

285 1655 555 1725 ἀληθινῶς
620 1659 1033 1728 μαρτυρούντων
1094 1661 1372 1730 δεξάμενοι
1443 1663 1689 1732 ψήφους,
1754 1667 1848 1720 καὶ

1926 600 2142 664 diente,
2176 615 2265 656 res
2296 602 2677 655 ecclesiastica:
2709 600 2762 653 in
2800 614 3068 654 summam
3106 600 3479 656 confusionem

1924 688 2263 744 delabantur.
2308 688 2602 743 Observata
2633 689 2760 743 olim
2812 688 2867 742 in
2925 688 3018 741 Dei
3065 688 3320 745 Ecclesiis
3349 704 3484 743 con-

1929 778 2157 832 suetudo
2188 778 2443 833 Ecclesiae
2473 779 2749 832 ministros
2778 778 2925 832 omni
2960 778 3235 847 diligentia
3282 780 3479 848 proba-

1929 874 2013 919 tos
2042 865 2390 927 admittebat;
2425 881 2487 920 ac
2530 866 2583 918 in
2621 880 2835 919 onmem
2864 881 3050 920 eorum
3103 868 3263 920 vitam
3295 868 3481 921 sedulo

1926 949 2298 1019 inquirebatur
2335 969 2348 1005 :
2385 966 2454 1005 an
2501 968 2608 1006 non
2656 961 2842 1007 essent
2893 954 3184 1017 maledici,
3237 970 3339 1026 an.
3371 970 3481 1011 non

1925 1036 2149 1099 ebriosi,
2179 1053 2247 1091 an
2279 1055 2388 1093 non
2424 1040 2656 1109 prompti
2687 1040 2752 1095 ad
2784 1056 3011 1111 pugnas,
3040 1058 3108 1096 an
3138 1042 3477 1112 juventutein

1924 1141 2077 1179 suam
2112 1126 2419 1191 frenarent,
2477 1130 2548 1182 ita
2598 1138 2661 1182 ut
2713 1132 3160 1193 sanctimoniam,
3202 1134 3317 1186 sine
3374 1148 3477 1201 qua

1924 1211 2092 1265 Deum
2146 1228 2305 1267 nemo
2351 1213 2556 1267 videbit
2611 1219 2657 1280 ',
2696 1231 2949 1289 exercere
3003 1226 3244 1286 possent.
3303 1224 3479 1287 Atque

1923 1303 2027 1355 hoc
2079 1303 2457 1357 examinabant
2500 1304 2717 1373 quidem
2770 1307 3066 1377 presbyteri
3123 1316 3174 1361 et
3228 1307 3475 1369 diaconi.

1921 1391 2016 1460 qui
2056 1405 2163 1444 una
2207 1405 2331 1444 cum
2380 1392 2514 1461 ipsis
2563 1393 2917 1449 habitabant:
2954 1397 3261 1450 referebant
3298 1406 3475 1450 autent

1922 1479 1990 1533 ad
2019 1480 2456 1551 chorepiscopos,
2495 1484 2587 1551 qui
2619 1498 2742 1536 cunt
2773 1484 3030 1554 suffragia
3062 1487 3275 1545 testium
3316 1502 3473 1540 vera-

1920 1572 2063 1621 cium
2096 1570 2461 1637 accepissent,
2494 1584 2557 1623 ac
2576 1571 2891 1640 episcopum
2927 1573 3357 1637 admonuissent,
3389 1573 3469 1626 sic

1920 1664 2256 1711 sacratorum
2289 1673 2516 1711 nurnero
2570 1660 2874 1714 ministrum
2920 1663 3282 1715 ascribebant.
3318 1660 3474 1715 Nunc

284 1746 698 1817 ὑπομνήσαντες
720 1748 810 1799 τὸν
843 1748 1155 1812 ἐπίσκοπον,
1177 1750 1347 1812 οὕτως
1394 1753 1716 1823 ὲνηρίθμουν
1755 1755 1845 1807 τὸν

1926 1755 2104 1802 autem
2138 1750 2369 1817 primum
2413 1748 2627 1817 quidem
2678 1765 2778 1804 nos
2802 1751 3171 1811 excludentes,
3205 1766 3267 1803 ac
3297 1766 3362 1804 ne
3390 1767 3475 1804 re-

287 1835 567 1905 ὑπηρέτην
595 1835 672 1905 τῷ
702 1837 942 1906 τάγματι
974 1839 1079 1891 τῶν
1116 1840 1428 1907 ίερατικῶν.
1634 1843 1747 1896 Νῦν
1785 1843 1844 1895 δὲ

284 1924 503 1993 πρῶτον
556 1927 672 1996 μὲν,
705 1929 846 1997 ἡμᾶς
875 1930 1280 1999 παρωσάμενοι,
1324 1933 1417 1984 καὶ
1465 1932 1597 2002 μηδὲ
1645 1935 1844 1986 ἐπανα-

285 2012 473 2081 φέρειν
517 2015 647 2083 ἡμῖν
694 2016 1126 2085 καταδεχόμενοι,
1179 2020 1257 2080 είς
1300 2020 1525 2083 ἑαυτοὺς
1574 2023 1672 2091 τὴν
1715 2020 1843 2089 ὃλην

284 2101 679 2169 περιεστήσατε
714 2104 1029 2156 αὐθεντίαν·
1060 2106 1267 2169 ἔπειτα,
1298 2108 1843 2178 καταρῤᾳθυμοῦντες

281 2184 378 2237 τοῦ
422 2187 763 2257 πράγματος,
800 2192 1187 2261 πρεσϐυτέροις
1212 2196 1304 2247 καὶ
1332 2196 1593 2258 διακόνοις
1622 2196 1843 2266 ἐπετρέ-

281 2274 443 2343 ψατε,
471 2274 563 2339 οὓς
604 2277 669 2330 ἂν
697 2279 948 2332 ἐθέλωσιν
992 2282 1097 2334 ἀπὸ
1150 2284 1496 2350 ἀνεξετάστου
1539 2286 1674 2353 βίου,
1705 2288 1841 2339 κατά

283 2365 678 2430 προσπάθειαν,
708 2367 741 2435 ἢ
770 2368 864 2436 τὴν
898 2370 1004 2421 ἀπὸ
1039 2374 1373 2437 συγγενείας,
1403 2374 1434 2441 ἢ
1468 2374 1566 2442 τὴν
1594 2374 1653 2437 ἐξ
1678 2375 1841 2445 ἄλλης

280 2452 427 2531 τινος
452 2454 654 2531 φιλίας,
678 2457 982 2531 ,ἐπεισάγειν
1007 2462 1071 2527 τῇ
1110 2459 1399 2531 Ἐκκλησία
1423 2462 1547 2523 τοὺς
1568 2463 1835 2528 ἀναξίους.

285 2525 380 2577 Διὸ
416 2524 596 2577 πολλοὶ
634 2528 729 2595 μὲν
759 2524 1023 2598 ὑπηρέται
1048 2524 1416 2604 ἀριθμοῦνται
1456 2540 1575 2591 καθ’
1605 2524 1833 2608 ἑκάστην

282 2608 497 2680 κώμην.
529 2612 675 2678 ἄξιος
710 2615 766 2667 δὲ
801 2616 1135 2688 λειτουργίας
1168 2623 1260 2674 τοῦ
1304 2624 1683 2696 θυσιαστηρίου
1714 2628 1832 2680 οὐδὲ

282 2696 367 2761 εἷς
401 2738 420 2764 ,
594 2702 670 2765 ὡς
714 2704 868 2773 ὑμεῖς
916 2709 1066 2761 αὐτοὶ
1121 2716 1462 2784 μαρτυρεῖτε,
1511 2717 1835 2787 ἀποροῦντες

281 2789 492 2867 ἀνδρῶν
508 2792 567 2844 ὲν
591 2796 708 2856 ταῖς
720 2795 1098 2867 ψηφοφορίαις.
1128 2800 1275 2854 Ἐπεὶ
1290 2798 1380 2855 οὖν
1396 2804 1504 2873 ὁρῶ
1518 2807 1578 2859 τὸ
1604 2809 1831 2877 πρᾶγμα

281 2877 466 2935 λοιπὸν
524 2884 603 2943 εἰς
660 2883 952 2953 ἀνήκεστον
1007 2888 1224 2957 προϊὸν.
1285 2892 1515 2960 μάλιστα
1560 2894 1675 2959 νῦν,
1724 2896 1831 2948 τῶν

280 2964 548 3021 πλείστων
582 2970 728 3041 φόϐῳ
760 2974 855 3043 τῆς
890 2978 1269 3045 στρατολογίας
1297 2983 1673 3037 είσποιούντων
1702 2987 1829 3037 ἑαυ-

1924 1836 2066 1891 ferre
2086 1837 2304 1906 quidem
2331 1837 2399 1890 ad
2427 1852 2526 1892 nos
2548 1837 2770 1906 dignati,
2799 1853 3011 1892 omnem
3040 1840 3092 1892 in
3121 1841 3476 1907 vosmetipsos

1927 1926 2302 1979 auctoritatem
2327 1927 2681 1981 transtulistis
2711 1945 2724 1981 :
2749 1928 2943 1981 deinde
2979 1943 3086 1982 rem
3122 1930 3473 1997 negligentes,

1921 2014 2248 2084 presbyteris
2300 2024 2353 2068 et
2383 2015 2628 2070 diaconis
2657 2016 2998 2084 perinisistis,
3025 2026 3078 2069 ut
3101 2034 3238 2084 quos
3259 2018 3473 2077 vellent.

1924 2102 2032 2155 vita
2073 2117 2181 2157 non
2220 2103 2547 2169 examinata,
2583 2103 2879 2157 secundum
2923 2107 3084 2156 animi
3112 2107 3469 2165 aii‘eetionem.

1922 2201 2016 2245 aut
2053 2208 2121 2246 ex
2172 2194 2648 2261 consanguinitate
2695 2203 2889 2258 ortam,
2940 2204 3031 2248 aut
3064 2210 3127 2248 ex
3158 2197 3259 2248 alia
3295 2196 3471 2263 aliqua

1921 2281 2191 2345 amicitia,
2255 2284 2307 2334 in
2378 2282 2674 2336 Ecclesiant
2738 2284 2984 2353 indignos
3046 2284 3471 2341 introducerent.

1922 2368 2263 2438 Quapropter
2311 2372 2463 2423 multi
2510 2373 2724 2439 quidem
2775 2373 3008 2426 ministri
3060 2373 3113 2424 in
3148 2386 3469 2440 unoquoque

1918 2474 2055 2527 pago
2086 2468 2437 2512 numerantur
2475 2479 2486 2513 :
2526 2461 2617 2515 sed
2643 2462 2837 2531 dignus
2870 2463 3169 2516 ministerio
3220 2463 3464 2517 altarium

1932 2558 2000 2595 ne
2032 2560 2171 2600 unus
2216 2549 2455 2616 quidem,
2495 2559 2553 2603 ut
2601 2568 2695 2606 vos
2730 2554 2829 2621 ipsi
2876 2548 3266 2617 testiﬁcainini,
3299 2553 3470 2606 homi-

1934 2647 2061 2686 num
2109 2639 2333 2703 penuria
2380 2640 2688 2697 laborantes
2717 2642 2771 2696 in
2805 2643 3180 2696 electionibus.
3213 2638 3477 2703 Quoniam

1934 2721 2097 2790 igitur
2124 2725 2276 2780 video
2296 2742 2409 2781 rem
2435 2730 2487 2782 in
2521 2732 2719 2784 malum
2741 2731 2852 2798 jam
2881 2730 3181 2784 insanabile
3207 2726 3475 2799 progredi,

1932 2826 2079 2865 nunc
2100 2819 2414 2883 praesertim,
2444 2832 2564 2872 cum
2597 2820 2813 2887 plurimi
2845 2820 3051 2874 militia:
3076 2826 3244 2880 metu,
3271 2816 3478 2883 seipses

1934 2900 1987 2954 in
2037 2904 2392 2960 ministerium
2447 2909 2769 2977 conjiciant.
2816 2910 3124 2964 necessario
3169 2906 3374 2961 accessi
3408 2906 3475 2957 ad

1931 2986 2148 3043 Patrum
2196 3006 2430 3048 canones
2474 2995 2845 3060 renovandos;
2883 3010 2945 3048 ac
2983 2995 3135 3047 vobis
3176 2992 3376 3052 scribo,
3419 2997 3478 3043 ut

278 3055 413 3152 τοὺς
430 3058 495 3125 τῇ
531 3057 816 3152 ὑπηρεσίᾳ,
858 3062 1167 3131 ἀναγκαίως
1201 3062 1362 3135 ἦλθον
1402 3072 1481 3133 είς
1509 3070 1573 3122 τὸ
1599 3072 1832 3124 ἀνανεώ-

1931 3077 2163 3133 mittatis
2218 3080 2348 3133 mihi
2408 3083 2708 3152 catalogum
2774 3083 3145 3136 ministrorum
3212 3080 3481 3146 cujusque

280 3142 477 3194 σασθαι
503 3145 627 3206 τοὺς
675 3148 782 3199 τῶν
810 3150 1068 3221 Πατέρων
1114 3156 1372 3220 κανόνας·
1407 3159 1501 3211 καὶ
1538 3161 1832 3215 ἐπιστέλλω

280 3228 750 3321 ὕμῐνάποστετλαί
780 3254 869 3305 μοι
898 3238 994 3309 τὴν
1021 3242 1343 3316 ἀναγραφὴν
1370 3247 1604 3318 ἑκάστης
1640 3249 1830 3321 κώμης

277 3316 387 3372 τῶν
414 3320 841 3392 ὑπηρετούντων,
875 3329 970 3380 καὶ
1000 3330 1104 3383 ὑπὸ
1128 3332 1271 3396 τίνος
1298 3316 1826 3405 είσῆκταιήέκαστος,

280 3409 373 3501 καὶ
403 3410 462 3461 ἐν
502 3410 639 3501 ποίῳ
668 3413 765 3484 βίῳ
810 3417 973 3471 ἐστίν.
1032 3421 1221 3490 Ἔχετε
1262 3424 1317 3476 δὲ
1362 3428 1455 3479 καὶ
1502 3429 1654 3481 αὐτοὶ
1700 3432 1829 3501 παρ’

277 3495 492 3590 causai;
511 3499 608 3571 τὴν
636 3503 971 3576 ἀναγραφὴν,
1005 3508 1141 3563 ὥστε
1166 3515 1547 3583 συγκρίνεσθαι
1567 3522 1678 3582 τοῖς
1700 3495 1828 3590 παρ’

274 3584 409 3675 1ίιμῖἷν
434 3587 811 3659 ἀποκειμένοις
828 3597 1112 3665 γράμμασι
1142 3598 1208 3651 τά
1235 3600 1490 3672 ὑμέτερα,
1518 3605 1613 3657 καὶ
1640 3584 1829 3675 μηδενὶ

276 3670 478 3736 team
511 3676 718 3742 ἑαυτὸν,
766 3681 852 3733 ὅτε
892 3682 1155 3751 βούλεται,
1205 3670 1653 3759 παρεγγράφεινί
1674 3670 1828 3747 ὀῦτω

278 3762 481 3830 μέντοι,
520 3766 655 3833 μετά
696 3769 794 3839 τὴν
838 3770 1061 3842 πρώτην
1107 3776 1424 3845 ἐπινέμησιν
1470 3781 1524 3831 εἴ
1553 3798 1694 3843 τινες
1725 3783 1828 3835 ὑπὸ

274 3851 659 3940 πρεσϐυτέρων
689 3858 1035 3927 εἰσήχθησαν,
1069 3862 1158 3914 ἐπὶ
1187 3865 1313 3926 τοὺς
1352 3865 1569 3931 λαῐκοὺς
1595 3869 1822 3940 ἀπορρι-

273 3938 467 4027 φῶσιν.
512 3942 746 3996 Ἀνωθεν
787 3946 843 3999 δὲ
887 3948 1109 4017 γένηται
1147 3952 1321 4006 αὐτῶν
1364 3958 1488 4025 παρ’
1551 3938 1713 4027 ὑμῶν.
1738 3938 1825 4024 ἐξ·

272 4025 457 4117 έτασις
476 4045 490 4058 ·
524 4031 623 4082 κάν
658 4034 754 4102 μὲν
785 4035 921 4101 ἄξιοι
955 4030 1076 4102 ὦσι,
1102 4043 1167 4110 τῇ
1197 4040 1434 4112 ὑμετέρα
1460 4025 1621 4114 dri)qu
1650 4064 1825 4117 παρα-

270 4114 614 4185 δεχθήπωσαν
696 4122 1144 4193 Ἐπικαθαρίσατε
1349 4131 1449 4199 τὴν
1480 4114 1821 4203 Ἐκκλησίαν,

270 4206 398 4268 τοὺς
442 4208 692 4274 ἀναξίους
734 4212 902 4282 αὐτῆς
945 4214 1341 4282 ἀπελάσαντες,
1372 4220 1464 4272 καὶ
1496 4219 1588 4272 τοῦ
1644 4222 1827 4275 λοιποῦ

268 4293 552 4359 ιξετάξετε
731 4300 826 4369 μὲν
844 4302 968 4365 τοὺς
994 4304 1173 4368 ἀξίους
1198 4307 1289 4359 καὶ
1317 4308 1682 4377 παραδέχεσθε
1704 4327 1716 4341 ο
1751 4312 1825 4381 μὴ

1931 3167 2074 3235 pagi,
2102 3177 2155 3221 et
2178 3183 2209 3221 a
2237 3184 2344 3238 quo
2367 3171 2597 3241 quisque
2805 3171 3146 3225 introductus
3169 3170 3259 3231 sit,
3284 3176 3338 3221 et
3358 3182 3480 3236 quae

1930 3254 2052 3322 ejus
2100 3256 2171 3312 sit
2208 3256 2421 3313 vivendi
2462 3260 2616 3313 ratio.
2654 3257 2859 3314 Habete
2906 3268 3083 3313 autem
3116 3265 3170 3312 et
3197 3256 3301 3327 ipsi
3336 3254 3477 3324 apud

1930 3360 2025 3399 vos
2050 3346 2372 3416 catalogum,
2402 3358 2461 3401 ut
2488 3362 2611 3402 cum
2637 3349 2856 3418 scriptis
2889 3349 3029 3417 apud
3080 3362 3182 3402 nos
3222 3344 3479 3414 repositis

1929 3443 2110 3488 vestra
2158 3435 2526 3503 conterantur,
2564 3454 2663 3494 nec
2710 3440 2962 3509 cuiquam
3000 3438 3160 3491 liceat
3212 3436 3475 3504 seipsum,

1930 3536 2053 3576 cum
2086 3524 2339 3589 voluerit,
2373 3526 2688 3583 inscribere.
2714 3526 2793 3581 ita
2818 3543 2971 3592 sane,
3014 3526 3061 3580 si
3091 3525 3183 3594 qui
3209 3533 3329 3592 post
3364 3524 3477 3593 pri—

1930 3624 2080 3663 mam
2106 3611 2452 3669 indictionem
2484 3629 2514 3667 a
2547 3616 2875 3685 presbyteris
2914 3614 3206 3670 introducti
3251 3612 3479 3675 fuerint,

1927 3696 2067 3751 inter
2108 3699 2273 3754 laicos
2310 3702 2646 3771 rejiciantur.
2690 3702 2886 3758 Eorum
2933 3712 3110 3759 autem
3148 3718 3375 3760 examen
3410 3702 3477 3756 de

1930 3786 2141 3855 integro
2168 3790 2412 3858 repetite,
2442 3800 2495 3845 et
2525 3793 2570 3845 si
2600 3793 2746 3862 digni
2774 3793 2995 3857 fuerint,
3020 3792 3275 3861 suﬂragio
3296 3801 3480 3850 vestro

1930 3876 2317 3944 suscipiantur.
2369 3879 2671 3951 Expurgate
2720 3882 3051 3943 Ecclesiam,
3106 3881 3354 3950 indignos
3408 3895 3479 3935 ex

1925 3978 1988 4018 ea
2008 3964 2308 4033 ejicientes.
2332 3969 2505 4037 Atque
2526 3970 2581 4022 in
2611 3979 2883 4039 posterum
2911 3971 3209 4023 examinate
3236 3970 3472 4037 quidem,

1926 4053 2020 4121 qui
2061 4054 2210 4125 digni
2247 4058 2391 4123 sint,
2431 4067 2484 4112 et
2519 4074 2615 4112 eos
2662 4058 2927 4113 admittite
2968 4077 2981 4113 :
3022 4060 3115 4114 sed
3167 4061 3316 4127 prius
3368 4071 3475 4111 non

1928 4143 2207 4207 ascribite,
2242 4160 2402 4213 quam
2436 4145 2504 4198 ad
2541 4160 2643 4201 nos
2672 4147 3001 4213 retuleritis;
3039 4156 3131 4200 aut
3158 4148 3347 4200 scitote
3376 4146 3479 4199 lai-

1934 4243 2056 4282 cum
2085 4231 2325 4285 futurum
2352 4248 2494 4296 esse,
2525 4235 2616 4303 qui
2646 4235 2762 4290 sine
2793 4246 2982 4290 nostro
3004 4236 3209 4305 judicio
3233 4238 3285 4289 in
3316 4235 3475 4290 mini-

1932 4320 2153 4373 sterium
2182 4321 2341 4375 fuerit
2367 4323 2657 4378 admissus.

269 4385 553 4487 ξριθμεῖξτε
586 4389 639 4443 δὲ
670 4392 797 4487 πρίν
841 4396 918 4454 εἷς
955 4397 1099 4465 ἡμᾶς
1144 4401 1552 4468 ἐπανενεγκεῖν
1587 4403 1621 4470 ἢ
1666 4405 1975 4477 γινώσκετε,
2009 4414 2090 4465 ὅτι
2155 4414 2336 4477 λαὶκὸς
2372 4415 2521 4468 ἔσται
2583 4419 2611 4468 ὁ
2672 4418 2798 4471 ἄνευ
2827 4419 3098 4487 ἡμετέρας
3125 4418 3344 4487 γνώμης
3392 4416 3473 4480 εις

271 4480 571 4550 ὑπηρεσίαν
599 4484 972 4555 παραδεχθείς.

319 4579 517 4634 ΒΛΛΣ.
549 4580 704 4644 Τίνες
730 4578 868 4653 ἦσαν
894 4586 944 4637 oi
966 4587 1396 4657 χωρεπίσκοποι,
1423 4590 1517 4643 καλ⁸
1536 4588 1657 4642 τίνα
1678 4590 1824 4662 εἶχον

2001 4595 2196 4650 BALS.
2227 4597 2457 4663 Quinam
2488 4608 2645 4653 erant
2691 4598 3101 4671 ehorepiscopi,
3150 4613 3207 4658 et
3253 4620 3505 4675 quanam

244 4672 454 4734 δέκαια,
494 4670 710 4742 εἴρηται
740 4673 821 4736 εἰς
853 4673 947 4727 τὸν
980 4676 1042 4725 ιδ’
1074 4676 1271 4729 κανόνα
1301 4677 1398 4744 τῆς
1433 4680 1491 4730 ἐν
1520 4678 1823 4734 Νεοκαισα-

252 4760 373 4832 ρεία
396 4762 633 4821 συνόδου.
650 4764 744 4815 καὶ
768 4766 846 4826 είς
870 4765 960 4819 τὸν
988 4764 1049 4819 ιδ’
1069 4768 1270 4820 κανόνα
1292 4768 1393 4836 τῆς
1411 4770 1467 4819 ἐν
1485 4769 1787 4843 Ἀντιοχείᾳ
1808 4788 1823 4802 ·

247 4852 342 4904 καὶ
379 4852 467 4904 διὰ
494 4852 654 4906 τοῦτο
687 4854 918 4909 ἐνταῦθα
954 4857 1207 4927 περιττὸν
1243 4858 1494 4931 ἐλογίσθη
1540 4879 1629 4929 μοι
1666 4862 1827 4933 χάριν

244 4939 358 4991 τῶν
399 4942 578 4994 αὐτῶν
621 4943 996 5012 παλιλλογείν·
1038 4946 1131 4999 καὶ
1180 4946 1382 5017 μᾶλλον
1416 4951 1499 5001 ὃτι
1541 4950 1609 5002 τά
1654 4954 1710 5002 ἐν
1758 4955 1823 5021 τῇ

248 5030 504 5103 παρούσῃ
552 5035 810 5105 ἐπιστολῇ
862 5040 1226 5108 περιεχόμενα
1277 5040 1440 5109 χάριν
1490 5042 1599 5093 τῶν
1650 5060 1825 5111 χωρεο

246 5120 536 5175 πισκόπων
570 5126 871 5195 ἐσχόλασαν
900 5128 1184 5191 παντελῶς
1206 5169 1221 5192 ,
1253 5130 1347 5182 καὶ⁵
1383 5132 1581 5194 πάντες
1611 5134 1659 5184 οἱ
1696 5133 1827 5201 κλη-

250 5211 393 5281 ρικοὶ
428 5214 578 5282 παρά
607 5215 715 5268 τῶν
740 5217 1054 5272 ἐπισκόπων
1083 5220 1327 5287 γίνονται
1364 5224 1503 5276 κατὰ
1537 5225 1705 5294 μόνην
1737 5226 1824 5277 δο-

249 5305 512 5374 κιμασίαν
541 5306 746 5364 αὐτῶν.

322 5400 567 5457 ΖΩΝΑΡ.
604 5404 855 5458 Λίτιᾶται
884 5406 961 5476 (α)
993 5408 1021 5459 ὁ
1049 5408 1219 5476 μέγας
1244 5406 1520 5471 Βασίλειος
1550 5411 1674 5471 τοὺς
1702 5411 1831 5462 ὐπο-

252 5496 538 5565 κειμένους
583 5495 732 5567 αὑτῴ
782 5499 1255 5567 χωρεπισκόπους,
1303 5500 1379 5563 ὡς
1436 5500 1559 5554 καθ’
1599 5501 1831 5566 ἑαυτοὺς

324 5613 341 5643 ⁸
370 5611 539 5669 iiehr.
573 5629 670 5680 xtl,
692 5615 779 5671 i4.

1923 4688 2048 4755 jura
2078 4688 2343 4743 habebant
2376 4731 2390 4753 ,
2439 4691 2641 4743 dictum
2684 4702 2769 4745 est
2817 4694 2870 4746 in
2924 4707 3133 4748 canone
3193 4696 3258 4749 14
3315 4701 3504 4769 synodi

1928 4779 2350 4839 Neocazsariana:
2376 4794 2432 4840 et
2471 4786 2525 4841 in
2558 4801 2681 4841 can.
2724 4787 2790 4843 i0
2833 4789 3083 4844 Antioch.
3118 4806 3237 4861 syn.
3284 4803 3338 4847 et
3384 4793 3506 4848 ideo

1928 4872 2017 4927 hic
2044 4873 2173 4928 mihi
2202 4888 2661 4944 supervacaneum
2697 4878 2868 4933 visum
2902 4890 2987 4934 est
3015 4881 3201 4936 eadem
3237 4897 3499 4951 repetere;

1927 4974 1982 5016 et
2009 4977 2074 5017 eo
2113 4964 2305 5033 magis,
2335 4967 2504 5033 quod,
2535 4981 2655 5035 qua:
2692 4967 2744 5021 in
2774 4972 3023 5037 presenti
3070 4973 3296 5037 epistola
3331 4979 3508 5029 conti-

1923 5063 2121 5110 nentur
2148 5058 2215 5110 de
2255 5056 2659 5127 chorepiscopis
2684 5098 2701 5125 ,
2743 5061 2965 5116 omnino
3013 5062 3401 5129 exoleverunt,
3449 5076 3505 5122 et

1925 5160 2114 5201 omnes
2144 5146 2323 5204 clerici
2366 5149 2501 5203 nunt
2531 5151 2600 5206 ab
2622 5150 2887 5221 episcopis
2915 5152 3025 5208 sola
3078 5154 3317 5224 ipsorum
3379 5173 3505 5228 pro-

1926 5236 2162 5292 bationc.

2003 5414 2255 5472 ZONAR.
2310 5419 2536 5493 Magnus
2608 5422 2839 5480 Basilius
2905 5428 3327 5498 chorepiscopos
3395 5428 3499 5487 sibi

1931 5506 2204 5575 subjectos
2240 5510 2605 5579 reprehendit,
2635 5518 2780 5585 quod
2808 5533 2904 5589 per
2941 5520 3151 5589 seipsos
3199 5519 3503 5576 constitue-

315 5706 388 5768 (α)
410 5707 553 5769 Apud
572 5706 902 5773 Beveregium
927 5710 975 5759 in
1001 5706 1133 5779 uotis
1163 5721 1226 5760 ex
1261 5708 1430 5760 codice
1459 5708 1863 5765 Amerbachiano.
1895 5710 2030 5763 Enr.
