4006 6436
436 323 540 387 831

1705 323 1982 388 THEOD.
2015 325 2107 384 BA
2121 323 2422 384 LSAMON
3617 321 3710 383 832

443 415 550 468 rint
583 415 956 480 ministros,et
979 417 1422 473 consuetudinem
1457 418 1835 484 transiliermt,
1857 433 2018 488 quam

2153 417 2504 478 ιαθιστῶντας
2530 416 2833 487 ὑπηρέτας,
2865 414 2958 468 καὶ
2991 416 3092 484 τὴν
3120 412 3417 481 συνήθειαν
3448 410 3715 479 παρασαί-

447 508 758 565 obtinuisse
796 510 956 575 dicit,
982 519 1040 564 ut
1067 511 1140 565 illi
1176 526 1271 579 per
1307 512 1725 580 eborepiscOpos
1783 509 2020 580 episcopi

444 602 713 657 sententia
745 602 936 656 ﬂerent
958 620 973 656 :
995 611 1052 659 et
1087 603 1138 656 in
1170 614 1442 672 posterum
1472 619 1706 659 canones
1731 603 2019 657 instaurari

435 693 607 759 jubet,
650 694 764 748 sive
795 704 912 763 post
973 696 1203 764 primam
1265 697 1611 766 ἐπινέμησιν.
1667 695 2026 765 Ἐπινέμησιν

444 790 620 834 autem
656 781 1003 838 indictionem
1053 787 1213 838 vocat
1242 801 1257 838 :
1293 794 1342 838 et
1402 785 1553 853 ipsos
1581 784 1798 854 quidem
1833 784 2025 853 dignos

444 871 719 941 inquirere
749 883 803 929 et
837 877 1155 943 approbare,
1190 891 1292 929 non
1324 885 1502 931 autem
1550 892 1644 932 eos
1680 879 1730 931 in
1765 875 1910 930 clero
1936 890 2029 930 or-

451 963 661 1027 dinare,
691 965 796 1019 nisi
827 964 891 1017 ad
919 965 1092 1031 ipsum
1127 966 1273 1035 prius
1305 964 1544 1020 referant
1569 1006 1584 1026 ,
1637 981 1758 1034 qua:
1806 967 1873 1021 ad
1934 980 2028 1020 eos

449 1061 714 1122 spectant.
750 1055 853 1109 Eos
887 1063 1091 1119 autem,
1125 1058 1214 1125 qui
1253 1057 1331 1110 sic
1380 1072 1485 1110 non
1541 1058 1864 1111 ordinantur
1892 1098 1907 1122 ,
1960 1057 2025 1110 ad

446 1146 614 1202 laicos
636 1161 694 1202 se
729 1149 1076 1222 detrusurum
1106 1149 1484 1206 comminatur.
1511 1151 1700 1206 Utrum
1746 1152 1867 1207 talis
1924 1153 2026 1206 ita-

446 1247 551 1300 que
575 1242 702 1288 tunc
733 1237 996 1305 temporis
1024 1239 1354 1291 consuetudo
1386 1239 1684 1302 obtinebat,
1762 1256 1844 1294 me
1875 1243 2026 1295 latet.

451 1325 764 1394 llujusmodi
796 1339 973 1381 autem
1011 1344 1183 1382 canon
1215 1330 1267 1383 in
1292 1331 1511 1397 synodis
1536 1346 1601 1385 eo
1629 1332 2029 1398 antiquioribus

456 1431 562 1470 nou
593 1417 903 1487 invenitur;
944 1422 1036 1475 sed
1085 1424 1261 1491 potius
1301 1424 1540 1477 deciums
1604 1426 1788 1494 synodi
1839 1427 2031 1478 Aulio-

452 1511 659 1576 cheuae,
699 1528 820 1579 qum
849 1524 1038 1569 sancto
1073 1516 1172 1569 hoc
1205 1513 1362 1568 Patre
1395 1515 1675 1582 antiquior
1712 1525 1793 1568 est
1818 1557 1832 1576 ,
1859 1531 2028 1569 canon

453 1601 854 1670 chorepiscopis
877 1615 931 1658 et
960 1604 1340 1662 subdiaconus.
1379 1607 1467 1674 qui
1503 1605 1734 1659 ministri
1758 1607 1920 1660 etiam
1953 1607 2035 1660 di-

459 1701 676 1758 cuntur,
706 1704 759 1748 et
793 1694 1022 1750 lectores
1057 1705 1110 1750 et
1145 1697 1446 1751 exoreistas
1483 1698 1815 1751 constituere
1845 1713 2036 1753 conec-

455 1786 567 1850 dit;
602 1786 845 1841 decernit
879 1798 1055 1842 autem
1090 1805 1158 1844 ne
1197 1789 1494 1858 presbyteri
1526 1801 1580 1842 et
1607 1791 1814 1844 diaconi
1847 1806 1874 1843 a
1903 1792 2034 1846 ebo-

453 1875 1146 1946 repisr'opiscrdinenlur,
1192 1881 1294 1934 nisi
1339 1881 1574 1950 episcopi
1627 1883 1887 1935 sententia
1947 1885 2033 1936 cui

456 1965 838 2032 subjiciuntur.
877 1968 979 2022 Sed
1013 1970 1254 2025 decimus
1285 1981 1508 2040 quartus
1532 1973 1721 2042 synodi
1756 1971 2034 2026 Neocaesa-

458 2055 650 2112 riensis
697 2073 867 2113 canon
929 2063 1350 2132 cliorcpiscOpos
1423 2072 1607 2134 typum
1692 2067 2031 2135 septuaginta

458 2151 828 2220 apostolorum
852 2166 1041 2220 gerere
1081 2155 1232 2210 dicit.

2128 526 2341 578 νοντας,
2369 511 2436 580 ἦν
2459 508 2609 577 λέγει
2641 508 2942 578 κρατῆσαι,
2975 506 3117 559 ὥστε
3149 503 3348 575 γνώμῃ
3381 503 3480 558 τοῦ
3507 505 3718 558 ἐπισκό-

2129 619 2231 653 που
2261 601 2510 668 γίνεσθαι
2548 601 2700 668 παρά
2737 600 2846 652 τῶν
2871 598 3312 671 χωρεπισκόπων
3350 595 3594 662 αὐτοὺς,
3626 596 3713 650 καὶ

2128 693 2223 745 τοῦ
2256 691 2443 744 λοιποῦ
2479 692 2821 746 ἀνανεῶσθαι
2850 692 2976 753 τοὺς
3009 690 3245 752 κανόνας
3273 689 3527 751 ἀπαιτεῖ,
3557 688 3716 758 ἤγουν

2131 785 2271 852 μετά
2313 783 2412 853 τὴν
2456 782 2682 853 πρώτην
2712 783 3056 851 ὶπινέμησιν.
3115 780 3484 851 Ἑπινέμησιν
3529 778 3588 832 66
3627 778 3718 849 τὴν

2132 876 2365 927 ίνδικτον
2447 874 2630 942 λέγει,
2686 875 2778 928 καὶ
2837 875 3034 936 αὐτοὺς
3093 874 3194 943 μὲν
3260 869 3549 938 ἐξετάζειν
3601 870 3717 925 τοὺς

2131 966 2337 1031 ἀξίους,
2363 967 2458 1017 καὶ
2489 966 2914 1037 παραδέχεσθαι,
2945 967 3020 1034 μὴ
3047 964 3413 1020 κατατάττειν
3433 963 3496 1017 δὲ
3524 963 3716 1027 αὐτοὺς

2130 1059 2189 1111 ἐν
2220 1057 2298 1128 τῷ
2325 1059 2533 1127 κλήρῳ,
2569 1060 2616 1112 εί
2648 1058 2724 1128 μὴ
2754 1059 3078 1127 ἀναφέροιεν
3108 1058 3178 1109 τά
3211 1057 3341 1125 περὶ
3369 1055 3557 1110 αὐτῶν
3589 1053 3716 1124 πρὸς

2133 1151 2316 1204 αὐτόν.
2360 1151 2502 1212 Τοὺς
2531 1150 2588 1201 δὲ
2631 1151 2706 1219 μὴ
2753 1149 2898 1204 οὕτω
2927 1150 3343 1217 καταταγέντας
3387 1147 3611 1201 ἀπειλεῖ
3646 1145 3718 1206 εις

2131 1243 2258 1305 τοὺς
2323 1242 2546 1304 λαῖκοὺς
2611 1242 2952 1306 ἐξωθεῖσθαι.
3014 1243 3072 1294 El
3143 1242 3242 1307 μὲν
3302 1236 3399 1292 οὖν
3462 1238 3718 1307 συνήθεια

2135 1333 2358 1400 ἐκράτει
2382 1334 2505 1386 τότε
2532 1334 2779 1402 τοιαύτη,
2803 1335 2904 1387 οὐκ
2928 1333 3044 1386 οἶδα
3062 1349 3074 1362 ⁶
3103 1330 3284 1386 κανὼν
3311 1331 3369 1385 δὲ
3397 1330 3644 1393 τοιοῦτος
3667 1331 3730 1380 ἐν.

2133 1428 2256 1487 ταῖς
2295 1426 2754 1495 προγενεστέραις
2786 1424 3002 1478 ἐκείνου
3039 1425 3280 1486 συνόδοις
3315 1423 3418 1492 οὐχ
3449 1421 3682 1490 εὓρηται
3706 1436 3718 1448 ·

2135 1520 2273 1572 ἀλλὰ
2305 1521 2507 1588 μᾶλλον
2536 1522 2564 1572 6
2597 1526 2662 1572 ια’
2695 1516 2875 1570 κανὼν
2903 1517 3006 1584 τῆς
3035 1518 3093 1568 ὲν
3135 1515 3444 1586 Ἀντιοχείᾳ
3479 1514 3721 1575 συνόδιυ,

2139 1612 2508 1678 παλαιοτέρας
2545 1609 2713 1678 οὔσης
2769 1608 2862 1662 τοῦ
2911 1607 3071 1676 ἁγίου
3121 1607 3339 1670 τούτου,
3382 1607 3571 1660 δίδωσι
3617 1604 3724 1665 τοῖς

2137 1703 2577 1773 χωρεπισκόποις
2602 1702 2696 1754 καὶ
2726 1699 3134 1764 ὑποδιακόνους,
3155 1697 3360 1758 οἵτινες
3392 1696 3490 1758 καὶ
3523 1697 3728 1763 ὑπηρε·

2138 1809 2230 1846 ται
2266 1791 2557 1858 λέγονται,
2600 1793 2693 1844 καὶ
2739 1788 3095 1857 ἀναγνώστας
3132 1787 3228 1840 καὶ
3259 1784 3598 1855 ιφορκιστὰς
3634 1801 3728 1837 κα-

2143 1882 2372 1954 θιστᾷν·
2409 1883 2820 1953 πρεσευτέρους
2864 1882 2922 1933 δὲ
2967 1881 3065 1934 καὶ
3110 1879 3395 1940 διακόνους
3434 1876 3612 1948 ὁρίζει
3658 1875 3730 1945 μὴ

2142 1976 2468 2044 χειροτονεῖν
2501 1974 2627 2036 τοὺς
2658 1972 3135 2043 χωρεπισκόπους,
3190 1970 3241 2022 εί
3296 1971 3374 2040 μὴ
3398 1965 3598 2041 γνώμῃ
3639 1965 3728 2020 τοῦ

2142 2066 2444 2118 ἐπισκόπου
2487 2058 2532 2132 ᾧ
2579 2064 2917 2117 ὑπόκεινται.
2973 2064 3034 2116 Ὀ
3089 2063 3146 2116 δὲ
3211 2065 3274 2116 ιδ’
3332 2062 3432 2127 τῆς
3485 2063 3544 2114 ὲν
3595 2061 3729 2114 Νεο-

2146 2156 2441 2227 καισαρείᾳ
2488 2156 2707 2210 συνόδου
2752 2155 2937 2209 κανὼν
2983 2154 3158 2208 τύπον
3193 2155 3305 2208 τῶν
3344 2151 3388 2206 o'
3419 2153 3731 2207 ἀποστόλων

2147 2251 2365 2318 ἐπέχειν
2409 2249 2866 2318 χωρεπισκόπους
2903 2248 3058 2317 φησι.

480 2444 3706 2477 mm“—

985 2849 1276 2935 ΠΡΟΣ
1340 2853 1632 2939 ΤΟΥΣ
1705 2842 1880 2940 ΥΦ’
1942 2851 2388 2939 ΕΑΥΤΟΝ
2461 2852 3196 2939 ΕΠΙΣΚΟΠΟΥΣ

1486 3035 1666 3089 Ὥστε
1687 3035 1772 3103 μὴ
1817 3037 2176 3104 χειροτονεῖν
2222 3037 2318 3090 ἐπὶ
2370 3037 2697 3104 χρήμασιν.

1781 3380 2408 3494 EJUSDEM

1135 3631 1280 3717 AD
1362 3627 2000 3718 l‘IPlSCOl’OS
2072 3630 2300 3717 SIBI
2383 3627 3050 3721 SUBJECTOS

1543 3829 1634 3890 Nc
1657 3837 1925 3904 propter
1961 3826 2258 3903 pecunias
2309 3827 2620 3887 ordinent.

907 4079 1062 4150 145
1079 4085 1308 4141 ΟΑΝΟΝ
1332 4083 1468 4139 XCI.

2755 4077 2993 4135 ΚΛΝΩΝ
3027 4077 3146 4146 ιΑν.

554 4185 649 4240 Rei
701 4183 998 4252 turpitudo,
1050 4183 1115 4234 de
1178 4195 1282 4248 qua
1330 4179 1529 4243 scribo,
1579 4177 1682 4231 hoc
1739 4176 1853 4246 ipso
1909 4175 2037 4243 quod

2225 4172 2298 4226 T6
2353 4170 2451 4224 τοῦ
2527 4170 2853 4252 πράγματος
2931 4171 3157 4252 ἄτοπον,
3204 4169 3368 4252 περὶ-
3403 4165 3466 4252 οἶ)
3527 4171 3735 4239 γράφω,

502 4274 554 4328 iu
582 4272 941 4338 suspicionem
970 4266 1187 4318 omnino
1206 4262 1349 4314 venit
1380 4275 1441 4314 ac
1470 4273 1772 4314 sermonem
1795 4299 1808 4320 ,
1853 4257 2038 4310 dolore

500 4365 734 4416 animum
784 4373 960 4412 meum
992 4355 1274 4424 implevit:
1321 4353 1580 4405 hactenus
1627 4365 1756 4403 sane
1800 4349 1911 4401 visa
1960 4356 2042 4403 est

501 4453 629 4505 mihi
677 4447 1026 4502 incredibilis.
1081 4443 1232 4507 Quod
1282 4457 1411 4509 ergo
1459 4439 1525 4494 de
1572 4441 1658 4491 illa
1699 4439 1876 4492 scribo
1904 4478 1917 4502 ,
1950 4439 2041 4507 qui

503 4542 605 4596 sibi
649 4540 761 4608 ipse
801 4535 1055 4590 conscius
1095 4541 1207 4594 est,
1247 4530 1474 4596 accipiat
1520 4535 1578 4579 ut
1627 4526 1921 4588 medelam;
1951 4526 2042 4592 qui

504 4638 677 4681 autem
728 4642 833 4680 non
886 4624 1175 4684 conscius,
1235 4627 1292 4670 ut
1351 4615 1847 4684 praemunitionem;
1884 4613 2046 4664 indif-

508 4723 682 4774 ferens
712 4731 875 4778 vero,
926 4711 1064 4781 quod
1111 4709 1324 4777 quidem
1371 4706 1630 4773 deprecor
1683 4717 1749 4754 ne
1793 4701 1848 4753 in
1894 4702 2046 4754 vobis

507 4807 824 4874 reperiatur,
855 4813 911 4856 ut
940 4799 1369 4854 obtestationem.
1405 4791 1542 4856 Quid
1565 4798 1743 4843 autem
1774 4797 1875 4854 est,
1905 4788 2046 4856 quod

508 4891 666 4942 dico?
697 4890 952 4941 Dicuntur
982 4883 1221 4937 nonnulli
1261 4897 1324 4934 ex
1358 4879 1507 4932 vobis
1539 4878 1604 4929 ab
1658 4879 1723 4929 iis
1779 4877 1866 4944 qui
1899 4876 2046 4928 ordi-

511 4989 707 5030 nantur
728 5015 741 5038 ,
775 4975 1032 5044 pecunias
1063 4973 1304 5038 accipere
1331 5009 1344 5030 ,
1376 4969 1534 5034 idque
1583 4965 1794 5034 pietatis
1833 4965 2050 5017 nomine

512 5068 840 5122 inumbrare.
878 5063 988 5116 Hoc
1023 5069 1195 5113 autem
1233 5059 1384 5127 pejus
1431 5065 1531 5109 est.
1575 5055 1782 5109 Etenim
1838 5054 1884 5107 si
1927 5053 2050 5121 quis

513 5159 710 5211 malum
766 5156 867 5209 sub
922 5153 1097 5221 specie
1153 5151 1276 5204 boni
1335 5148 1579 5216 perlicit,
1638 5160 1793 5213 pcnna
1850 5145 2051 5212 duplici

513 5253 705 5314 dignus
732 5253 842 5297 est:
878 5242 1305 5311 quandoquidem
1331 5248 1383 5291 et
1413 5236 1555 5305 quod
1583 5251 1686 5288 non
1716 5243 1911 5288 bonum
1947 5245 2050 5295 est.

517 5335 663 5396 facit,
698 5342 750 5386 et
784 5332 952 5382 utitur
996 5330 1060 5382 ad
1105 5336 1377 5397 peceatum
1413 5324 1853 5377 committendum
1889 5327 2050 5382 bono,

517 5433 576 5475 ut
632 5425 702 5474 ita
753 5423 958 5485 dicam,
1019 5419 1281 5485 adjutorc.
1337 5414 1458 5467 l-lwc
1505 5415 1550 5467 si
1607 5415 1678 5465 ita
1731 5428 1787 5466 se
1837 5412 2053 5474 habent,

517 5514 769 5578 deinceps
823 5526 926 5562 non
986 5511 1151 5568 liant,
1205 5507 1296 5559 sed
1357 5504 1741 5557 emendentur:
1792 5502 2052 5569 siquidem

522 5618 739 5658 necesse
781 5610 862 5654 est
899 5600 1076 5652 dicere
1125 5605 1402 5665 argentum
1451 5593 1766 5661 accipienti,
1819 5591 1956 5658 quod
1990 5595 2056 5643 ub

521 5693 779 5759 apostolis
817 5691 1016 5744 dictum
1048 5697 1126 5741 est
1159 5685 1204 5737 ei
1235 5723 1245 5745 ,
1292 5683 1381 5750 qui
1413 5682 1538 5734 dare
1568 5680 1772 5734 volebat
1799 5715 1813 5742 ,
1851 5686 1905 5731 ut
1939 5679 2054 5747 Spi-

2172 4258 2302 4310 διότι
2339 4254 2436 4324 μὲν
2611 4251 2746 4313 ὅλως
2771 4249 3097 4320 ὑπωπτεύθη
3133 4250 3228 4302 καὶ
3257 4249 3498 4320 ἀλαλήθη
3518 4289 3532 4314 ,
3562 4252 3737 4322 ὀδύνης

2174 4343 2459 4415 ὲπλήρωσέ
2491 4359 2589 4412 μου
2623 4342 2722 4411 τὴν
2759 4341 2958 4410 ψυχήνο
2997 4341 3133 4401 τέως
3177 4339 3233 4392 δὲ
3272 4340 3445 4409 ἐφάνη
3496 4357 3584 4408 μοι
3625 4340 3740 4392 ἀπιι

2176 4453 2318 4488 στον.
2354 4435 2428 4489 Τδ
2459 4430 2550 4487 οὖν
2591 4433 2717 4501 περὶ
2751 4431 2914 4483 αὑτοῦ
2945 4430 3180 4499 γράμμα
3208 4431 3235 4481 ό
3265 4430 3363 4498 μὲν
3398 4429 3740 4496 συνεγνωκὼς

2175 4525 2347 4594 ἑαυτῷ
2387 4523 2623 4588 δεξάσθω
2661 4523 2736 4582 ὡς
2777 4523 2934 4590 ἴαμα,
2983 4523 3010 4572 ὁ
3061 4519 3117 4572 δὲ
3164 4519 3237 4588 μὴ
3280 4519 3638 4585 συνεγνωκὼς
3671 4517 3740 4577 ὡς

2175 4614 2664 4684 προφυλακτήριον·
2693 4614 2720 4663 6
2741 4611 2796 4661 δὲ
2830 4611 3138 4678 ἀδιάφορος,
3170 4609 3307 4676 ὅπερ
3330 4608 3641 4676 ἀπεύχομαι
3664 4608 3738 4671 ἐφ’

2176 4705 2300 4772 ὑμῖν
2357 4701 2664 4771 εὑρεθῆναι,
2709 4699 2784 4761 ὡς
2835 4697 3257 4767 διαμαρτυρίαν.
3315 4696 3380 4746 Τί
3436 4697 3494 4746 δέ
3540 4699 3678 4747 ἐστιν
3713 4692 3741 4743 6

2174 4793 2344 4860 λέγω;
2380 4791 2517 4843 Φασί
2544 4807 2692 4852 τινας
2903 4787 3055 4855 ὑμῶν
3089 4786 3241 4856 παρά
3277 4784 3385 4836 τῶν
3419 4800 3740 4855 χειροτονου-

2178 4883 2350 4950 μένων
2394 4879 2687 4949 λαμόἀνειν
2734 4878 3006 4946 χρήματα’
3050 4873 3386 4936 ἐπισκιάζειν
3431 4873 3489 4924 δὲ
3527 4874 3737 4941 ὀνόματι

2175 4971 2467 5031 εὐσεϐείας.
2511 4968 2678 5018 Τοῦτο
2716 4967 2770 5017 δὲ
2813 4964 2989 5034 χεῖρόν
3028 4964 3192 5014 ἐστιν.
3235 4962 3363 5014 Ἐὰν
3407 4961 3519 5029 γάρ
3561 4978 3642 5021 τις
3681 4959 3737 5009 τὸ

2176 5060 2338 5111 κακὸν
2370 5060 2426 5110 ὲν
2450 5058 2790 5126 προσχήματι
2839 5054 2929 5106 τοῦ
2973 5051 3175 5119 ἀγαθοῦ
3215 5053 3364 5120 ποιῇ,
3406 5051 3736 5110 διπλασίονος

2173 5149 2436 5218 τιμωρίας
2469 5148 2610 5199 ἐστὶν
2651 5146 2818 5211 ἄξιος·
2861 5144 2993 5196 διότι
3031 5143 3159 5195 αὐτό
3195 5160 3254 5194 τε
3293 5142 3356 5195 τὸ
3395 5144 3499 5195 οὐκ
3547 5140 3735 5210 ἀγαθὸν

2173 5238 2476 5306 ἐργάζεται,
2517 5236 2611 5288 καὶ
2653 5237 2914 5303 κέχρηται
2961 5235 3040 5294 είς
3076 5231 3138 5286 τὸ
3178 5232 3398 5285 τελέσαι
3435 5233 3535 5303 τὴν
3568 5235 3733 5302 ἁμαρ-

2172 5329 2305 5386 τίαν,
2343 5326 2414 5388 ὼς
2447 5324 2510 5377 ἂν
2544 5325 2684 5376 είποι
2709 5340 2809 5385 τις,
2843 5322 2920 5391 τῷ
2944 5321 3091 5390 καλῷ
3255 5324 3527 5393 συνεργῷ.
3565 5323 3731 5375 Ταῦτα

2173 5414 2218 5461 εἰ
2252 5410 2418 5470 οὕτως
2447 5410 2580 5478 ἔχει,
2609 5409 2700 5460 τοῦ
2729 5407 2913 5459 λοιποῦ
2955 5409 3026 5477 μὴ
3061 5408 3318 5474 γινέσθω,
3355 5410 3492 5462 ἀλλὰ
3527 5410 3730 5481 διορθω-

2174 5500 2334 5567 Οήτω·
2385 5500 2504 5549 ἐπεὶ
2543 5499 2750 5566 ἀνάγκη
2789 5497 2964 5563 λέγειν
3012 5497 3147 5567 πρὸς
3199 5499 3292 5550 τὸν
3339 5499 3624 5568 δεχόμενον
3672 5497 3726 5549 τὸ

2174 5589 2447 5656 ἀργύριον,
2487 5589 2620 5657 ὅπερ
2658 5587 2859 5657 ὲρῤἠθη
2908 5586 3054 5655 παρά
3096 5587 3205 5640 τῶν
3243 5591 3559 5643 ἀποστόλων
3602 5588 3723 5659 πρὸς

2174 5678 2261 5731 τὸν
2299 5677 2512 5732 θέλοντα
2545 5676 2746 5741 δοῦναι,
2784 5677 2868 5729 ἵνα
2911 5675 3224 5740 Πνεύματος
3259 5678 3415 5746 ἁγίου
3449 5679 3720 5749 μετουσίαν
