4006 6488
264 373 368 440 833
1181 379 1261 439 ΙΝ
1302 380 1547 444 EPIST.
1590 383 1651 443 S.
1690 381 1976 445 BASILII
2009 384 2110 445 AD
2139 383 2566 446 EPISCOPOS.
3377 386 3482 452 834

267 507 566 578 ὼνήσηται·
607 506 675 562 Τὸ
707 507 987 577 ἀργύριόν
1021 521 1136 560 σου
1164 507 1286 560 σὺν
1309 511 1407 563 σοὶ
1436 511 1528 576 εἴη
1559 511 1644 576 εὶς
1668 508 1818 563 ἀπὼ-

1890 543 1896 565 ι
1935 509 2073 567 ritus
2118 509 2291 565 sancti
2325 507 2791 579 participationem
2833 514 3032 590 emeret
3071 523 3083 559 :
3123 503 3350 560 Pecunia
3384 518 3472 560 tua

266 594 453 646 λείαν.
512 594 848 666 Κουφότερος
894 596 1000 667 γὰρ
1052 597 1082 648 δ
1130 595 1473 668 δι’ἀπειριαν
1515 599 1821 668 ὠνήσασθαι

1933 617 2097 658 tecum
2134 603 2202 655 sit
2237 601 2291 652 in
2341 597 2679 666 perditionem
2733 594 2774 648 ⁸.
2832 593 2965 647 Nam
3009 595 3178 649 levius
3213 596 3477 664 delinquit

269 681 486 752 θέλωνῆ
516 683 543 734 ὀ
569 685 886 755 πιπράσκων
920 687 1017 756 τὴν
1058 685 1148 740 τοῦ
1182 687 1314 740 Θεοῦ
1353 688 1574 758 δωρεάν.
1618 691 1819 759 Πρᾶσις

1934 694 2024 762 qui
2051 706 2157 761 pra:
2194 690 2406 747 inscitia
2437 701 2617 741 emere
2647 685 2793 747 vult,
2821 699 2980 753 quam
3011 686 3103 753 qui
3147 685 3236 740 Dei
3277 688 3476 740 donum

266 771 374 841 γὰρ
418 773 647 838 ἐγένετο·
690 776 780 828 καὶ
813 775 844 824 ὃ
886 775 948 828 σὺ
983 776 1187 844 δωρεὰν
1219 776 1426 841 ἔλαϐες,
1472 776 1566 830 ἐὰν
1613 779 1817 848 πωλῇς,

1934 780 2138 834 vendit.
2170 777 2420 831 Venditio
2447 777 2591 830 enim
2635 773 2776 828 facta
2811 783 2926 837 est;
2959 781 3012 826 et
3037 774 3179 841 quod
3220 782 3275 828 tu
3308 777 3475 844 gratis

266 861 465 914 ὡσανεὶ
627 865 970 931 πεπραμένος
1001 863 1076 932 τῷ
1109 867 1336 934 Σατανᾷ,
1361 868 1700 938 ἀφαιρεθήσῃ
1726 867 1819 919 τοῦ

1935 863 2226 932 accepisti,
2257 862 2312 915 id
2340 864 2386 916 si
2419 859 2744 923 vendideris,
2775 869 3023 929 tanquam
3042 860 3257 915 Satanae
3292 866 3444 916 vendi
3463 893 3477 903 -

264 949 616 1017 χαρίσματος.
664 952 972 1022 Καπηλείαν
1021 954 1126 1023 γὰρ
1163 955 1470 1020 ὲπεισάγεις
1503 959 1614 1018 τοῖς
1661 973 1821 1008 πνευ-

1937 960 2023 1005 tus
2067 951 2240 1019 gratia
2272 951 2570 1018 privabere.
2600 947 2736 1000 Nam
2771 949 3156 1018 cauponariam
3181 949 3481 1004 introducis

269 1042 548 1107 ματικοτς,
599 1041 690 1093 καὶ¹
749 1044 811 1110 τῇ
864 1039 1186 1113 Ἐκκλησία,
1235 1044 1360 1095 ἔνθα
1414 1045 1818 1115 πεπιστεύμεθα

1937 1041 1993 1093 in
2019 1055 2108 1094 res
2140 1040 2470 1108 spirituales,
2503 1046 2557 1091 et
2595 1038 2651 1090 in
2691 1038 2863 1106 ipsam
2894 1036 3212 1102 Ecclesium,
3241 1039 3330 1092 ubi
3361 1055 3479 1093 eor-

267 1124 424 1194 σῶμα
459 1127 549 1176 καὶ
592 1121 730 1195 αἷμα
768 1128 1021 1197 Χριστοῦ.
1060 1130 1241 1182 Ταῦτα
1285 1131 1425 1181 οὕτω
1475 1132 1715 1198 γίνεσθαι
1757 1135 1817 1184 οὐ

1937 1144 2038 1197 pus
2076 1136 2129 1181 et
2159 1129 2380 1196 sanguis
2412 1125 2614 1178 Christi
2645 1123 2957 1178 concredita
2988 1126 3144 1178 nobis
3179 1135 3323 1180 sunt.
3360 1126 3481 1181 Haec

262 1215 387 1284 χρή.
437 1215 501 1267 Ὃ
528 1215 583 1267 δέ
615 1217 728 1266 ἐστι
761 1232 1033 1285 τεχνασμα
1055 1251 1070 1277 ,
1224 1217 1386 1283 λέγω.
1419 1219 1713 1287 Νομῐζουσι
1743 1221 1816 1290 μὴ

1939 1220 2008 1272 ita
2048 1218 2162 1271 ﬁeri
2194 1233 2301 1272 non
2352 1222 2586 1284 oportet.
2628 1213 2797 1278 Quale
2845 1222 3023 1267 autem
3071 1217 3141 1268 sit
3173 1215 3480 1282 artiﬁcium,

265 1304 597 1373 ἁμαρτάνειν
638 1304 716 1373 τῷ
768 1305 840 1372 μὴ
885 1305 1316 1374 προλαμϐάνειν,
1357 1307 1490 1360 ἀλλά
1542 1309 1676 1376 μετά
1720 1310 1818 1379 τὴν

1938 1307 2134 1360 dicam.
2164 1307 2360 1358 Putant
2387 1320 2444 1357 se
2467 1304 2587 1356 ideo
2616 1318 2722 1356 non
2757 1317 2984 1371 peccare
3009 1341 3023 1366 ,
3052 1304 3194 1371 quod
3223 1320 3329 1357 non
3361 1314 3484 1358 ante

261 1395 594 1465 χειροτονίαν
622 1395 928 1464 λαμϐάνειν.
949 1395 1143 1448 Λαϐεἶν
1163 1396 1218 1448 δὲ
1240 1396 1383 1446 ἔστιν
1407 1397 1493 1447 ὅτε
1522 1397 1583 1463 δή
1612 1413 1735 1448 ποτε
1758 1398 1817 1449 τὸ

1939 1396 2239 1462 accipiant,
2291 1394 2384 1445 sed
2430 1403 2550 1460 post
2604 1393 2997 1446 ordinationem
3047 1395 3337 1464 accipiant.
3381 1395 3486 1448 Ac-

263 1481 466 1536 λαϐεῖν.
1939 1485 2118 1552 cipere
2148 1490 2327 1535 autem
2381 1487 2464 1533 est
2496 1479 2930 1548 quandocunque
2965 1479 3230 1548 accipere.

415 1571 719 1640 Παρακαλῶ
749 1568 838 1624 οὖν
869 1573 1068 1642 ταύτην
1093 1575 1188 1642 τὴν
1219 1573 1473 1644 πρόσοδον
1494 1614 1507 1636 ,
1538 1575 1730 1644 μᾶλλον
1759 1577 1814 1628 δὲ

2095 1571 2243 1638 Rogo
2277 1570 2484 1639 itaque,
2531 1568 2762 1622 reditum
2788 1570 2959 1632 illum,
2992 1570 3098 1622 imo
3138 1571 3318 1638 potius
3345 1570 3483 1623 viain

258 1662 358 1731 τήν
391 1664 747 1732 προσαγωγὴν
781 1663 874 1732 τὴν
900 1665 992 1715 ἐπὶ
1021 1664 1242 1730 γέενναν
1269 1665 1552 1716 ἀπόθεσθε·
1585 1667 1677 1716 καὶ
1713 1672 1806 1737 μὴ,

1943 1656 1996 1710 in
2045 1659 2342 1723 gehennam
2400 1655 2686 1708 ducentem
2752 1654 3080 1722 relinquite,
3145 1670 3243 1708 nec
3297 1672 3487 1709 manus

258 1753 358 1814 τὰς
392 1755 576 1820 χεῖρας
616 1752 932 1820 μολύναντες
969 1753 1224 1814 τοιούτοις
1262 1754 1558 1821 λήμμασιν,
1590 1755 1810 1814 ἑαυτοὺς

1940 1743 2206 1813 ejusmodi
2242 1744 2556 1797 muneribus
2603 1744 3067 1806 contaminanles,
3103 1743 3352 1813 indignos
3393 1762 3488 1800 vos

1949 1833 2018 1852 ...ρ
2246 1835 2326 1852 _,_.
2667 1840 2845 1852 μμ.-
2893 1833 3165 1852 -_._..__.,-
3224 1835 3239 1852 .
3420 1839 3449 1852 .-

259 1840 509 1904 ἀναξίους
533 1842 790 1909 ποιήσητε
816 1840 908 1891 τοῦ
930 1841 1190 1891 ἐπιτελεῖν
1216 1842 1354 1907 ἁγνὰ
1518 1843 1804 1910 μυστήρια.

1941 1833 2205 1897 eliieiatis,
2239 1835 2328 1901 qui
2363 1833 2620 1903 mysteria
2664 1840 2852 1885 sancta
2887 1833 3188 1888 celebretis.
3223 1835 3489 1903 Ignoscite

259 1930 543 1996 Σύγγνωτε
580 1930 637 1980 δέ
675 1945 780 1997 μοι.
830 1929 1047 1998 Πρῶτον
1081 1930 1177 1997 μὲν
1215 1930 1287 1990 ὼς
1464 1927 1763 1996 ἀπιστήσας
1789 1966 1804 1991 ,

1942 1934 2118 1977 autem
2142 1925 2293 1977 mihi.
2321 1923 2559 1976 Primum
2581 1923 2799 1992 quidem
2828 1931 3082 1991 tanquam
3108 1939 3216 1978 non
3241 1928 3487 1992 credens,

257 2015 378 2071 εἶτα
403 2020 477 2082 ὡς
494 2018 728 2078 πεισθεὶς
747 2017 968 2070 ἀπειλῶ.
1006 2018 1072 2070 Εἴ
1093 2035 1171 2079 τις
1204 2018 1338 2087 μετὰ
1364 2017 1562 2087 ταύτην
1588 2034 1687 2086 μου
1710 2017 1806 2086 τὴν

1943 2015 2136 2067 deinde
2189 2024 2442 2082 tanquam
2487 2012 2644 2067 iidem
2694 2014 3001 2077 adhibens,
3037 2015 3377 2069 interminor.
3433 2017 3489 2072 Si

258 2109 540 2176 ἐπιστολὴν
591 2107 810 2176 πράξειέ
861 2125 911 2160 τι
969 2107 1224 2170 τοιοῦτον,
1279 2108 1385 2158 τῶν
1440 2108 1537 2175 μὲν
1579 2105 1808 2157 ἐνταῦθα

1943 2105 2063 2170 quis
2089 2112 2209 2170 post
2237 2104 2377 2156 banc
2417 2117 2590 2154 meam
2621 2103 2906 2170 epistolam
2938 2105 3042 2157 tale
3088 2105 3291 2173 aliquid
3320 2107 3492 2162 admi-

256 2192 651 2262 θυσιαστηρξων
685 2195 1023 2262 ἀναχωρήσει
1066 2211 1081 2226 ο
1221 2195 1440 2260 ζητήσει
1470 2193 1525 2244 δὲ
1557 2193 1683 2245 ἔνθα
1712 2193 1805 2255 τὴν

1945 2194 2106 2256 serit,
2145 2193 2212 2244 ab
2243 2192 2328 2244 bis
2362 2192 2576 2259 quidem
2610 2207 2731 2259 qua;
2763 2193 2850 2246 hic
2893 2201 3021 2246 sunt
3050 2194 3312 2248 altaribus
3345 2211 3491 2249 sece-

251 2279 348 2330 τοῦ
402 2279 534 2330 θεοῦ
594 2279 796 2347 δωρεὰν
854 2280 1131 2349 ἀγοράζων
1186 2283 1518 2350 μεταπωλεῖν
1567 2283 1802 2336 δύναται.

1945 2285 2063 2337 det:
2097 2296 2298 2350 qureret
2348 2295 2523 2336 autem
2557 2282 2653 2335 ubi
2696 2281 2791 2336 Dei
2835 2284 3037 2336 donum
3083 2299 3268 2337 cmens
3317 2284 3494 2335 denuo

269 2371 460 2440 Ἡμεῖς
502 2369 610 2440 γὰρ
656 2370 749 2423 καὶ
802 2371 856 2422 αἱ
907 2369 1222 2438 Ἐκκλησίαι
1268 2370 1359 2421 τοῦ
1402 2371 1533 2422 Θεοῦ
1559 2371 1807 2439 τοιαύτην

1944 2372 2231 2426 divendere
2258 2380 2438 2440 queat.
2675 2373 2786 2426 Nos
2813 2374 2953 2425 enim
2988 2388 3051 2425 ac
3091 2373 3184 2426 Dei
3236 2371 3493 2424 Ecelesiu:

259 2459 547 2528 συνήθειαν
583 2460 683 2512 οὐκ
720 2459 932 2529 ἔχομεν.
986 2460 1081 2512 Ἐν
1129 2460 1183 2511 δὲ
1215 2459 1467 2528 προσθεὶς
1514 2460 1805 2528 παύσομαι.

1943 2461 2385 2514 esnsuetudinetn
2420 2461 2580 2514 talem
2615 2476 2722 2514 non
2755 2461 3036 2515 habemus.
3079 2462 3343 2515 Caeterum
3389 2476 3495 2512 uno

259 2547 358 2597 Διά
390 2546 747 2617 φιλαργυρίαν
777 2548 982 2615 γίνεται
1023 2547 1211 2600 ταῦτα.
1269 2547 1331 2600 'ﬂ
1371 2548 1427 2599 δὲ
1482 2549 1809 2618 φιλαργυρία

1945 2552 2126 2603 addito
2157 2551 2420 2604 desinam.
2453 2552 2676 2620 Propter
2706 2552 2984 2605 avaritiam
3020 2553 3119 2605 ista
3165 2553 3318 2604 ﬁunt.
3357 2552 3492 2603 Ava~

259 2636 354 2687 καὶ
386 2636 508 2706 ῥίζα
557 2638 768 2690 πάντων
805 2637 910 2688 τῶν
942 2639 1124 2690 κακῶν
1173 2641 1306 2700 ἐστι,
1349 2639 1442 2690 καὶ
1489 2639 1809 2706 ὀνομάζεται

1945 2640 2068 2691 ritia
2117 2649 2292 2692 autem
2329 2646 2383 2692 et
2412 2638 2567 2692 radix
2608 2640 2871 2692 malorum
2904 2640 3142 2691 omnium
3170 2649 3250 2692 es:
3273 2679 3286 2702 ,
3320 2649 3372 2692 et
3405 2655 3496 2690 v0-

257 2723 682 2792 εἰδωλολατρεία.
717 2724 806 2793 Μὴ
851 2720 940 2777 οῦν
971 2725 1074 2794 πρὸ
1105 2726 1198 2777 τοῦ
1239 2727 1470 2795 Χριστοῦ
1649 2727 1810 2796 τιμή-

1944 2737 2099 2780 eatur
2131 2728 2452 2782 idololatria.
2584 2727 2763 2782 Nolite
2793 2728 2958 2796 igitur
2996 2728 3213 2782 Christo
3245 2730 3498 2796 praeferre

259 2830 389 2881 σητε
439 2813 506 2864 τὰ
559 2813 749 2866 είδωλα
777 2813 863 2865 διὰ
907 2815 1096 2883 μικρὸν
1147 2814 1437 2886 ἀργύριον·
1490 2817 1622 2885 μηδὲ
1649 2817 1808 2871 πάλιν

1945 2817 2235 2871 simulacra
2278 2817 2348 2869 ob
2383 2816 2653 2869 modicum
2691 2826 3007 2884 argentum;
3046 2833 3143 2870 nec
3178 2835 3367 2872 rursus
3403 2818 3499 2870 Ju-

256 2901 348 2952 τὸν
396 2899 594 2952 Ἰούδαν
633 2901 960 2969 μιμήσησθε,
991 2902 1236 2972 λήμματι
1282 2904 1658 2974 παραδιδόντες
1688 2906 1807 2958 δεύ-

1943 2904 2063 2958 dam
2095 2905 2311 2966 imitari,
2349 2913 2587 2972 quaestus
2613 2919 2778 2958 causa
2815 2907 3007 2958 iterum
3043 2908 3318 2959 tradentes
3351 2923 3494 2966 eum,

256 3007 413 3058 τερον
445 2991 535 3042 τὸν
560 2990 700 3055 ἅπαξ
737 2991 875 3061 ὑπὲρ
917 2992 1072 3062 ήμῶν
1102 2994 1492 3064 σταυρωθέντα.
1541 2997 1689 3048 Ἐπεὶ
1715 2996 1809 3050 καὶ

1944 2992 2035 3060 qui
2087 2992 2252 3045 semel
2293 3007 2389 3059 pro
2435 2991 2592 3045 nobis
2645 2991 2936 3044 cruciﬁxus
2984 3001 3085 3045 est.
3141 2993 3394 3061 Alioquin
3448 3002 3502 3047 τι

257 3078 324 3131 τὰ
351 3079 524 3149 χωρία
571 3081 662 3130 καὶ
709 3079 764 3131 αἱ
814 3082 989 3149 χεῖρες
1021 3080 1126 3134 τῶν
1167 3083 1289 3143 τοὺς
1326 3085 1566 3153 καρποὺς
1606 3085 1807 3138 τούτων

1945 3081 2059 3149 agri
2091 3089 2143 3134 et
2174 3094 2366 3133 manus
2396 3093 2584 3131 eorum
2607 3117 2622 3142 ,
2659 3079 2752 3147 qui
2785 3079 2882 3132 bos
2925 3077 3136 3132 fructus
3170 3081 3497 3147 percipiunt,

256 3166 560 3239 δεχομένων
599 3165 899 3237 Ἀκελδαμά
1076 3152 1449 3240 κληθήσονται.

1076 3152 1449 3240 κληθήσονται.
1855 3152 1898 3207 (ἶ
1943 3168 2230 3223 Aceldama
2257 3167 2617 3220 vocabuntur.

325 3276 519 3333 ΒΔΛΣ.
548 3273 671 3339 Πῶς
689 3273 1004 3337 κολάζονται
1022 3273 1072 3325 oi
1096 3273 1185 3325 ἐπὶ
1199 3273 1441 3342 χρήμασι
1463 3272 1825 3343 χειροτονοῦν-

2005 3276 2196 3331 BALS.
2249 3276 2524 3342 Quomodo
2581 3276 2872 3346 puniuntur
2919 3278 3011 3347 qui
3057 3281 3298 3349 pecuniis
3352 3284 3502 3337 ordi-

249 3387 343 3437 τις
375 3369 471 3425 καὶ
501 3364 991 3439 χειροτονούμενοι,
1025 3362 1235 3435 ἐρρήθη
1265 3361 1598 3432 πλατύτερον
1621 3364 1700 3424 είς
1725 3363 1823 3430 τήν

1932 3378 2062 3420 nant
2091 3380 2142 3422 et
2174 3371 2524 3432 ordinantur,
2552 3369 2606 3423 in
2642 3383 2764 3423 can.
2799 3370 2868 3425 29
2913 3379 3223 3425 sanctorum
3281 3388 3499 3442 aposto-

253 3462 554 3534 ἑρμηνείαν
587 3458 682 3512 τοῦ
728 3457 808 3510 κθ⁸
847 3456 1070 3517 κανόνος
1110 3454 1219 3508 τῶν
1261 3454 1432 3522 ἁγίων
1467 3455 1820 3518 ἀποστόλων,

1931 3461 2101 3513 lorum
2136 3460 2584 3529 interpretatione
2616 3459 2786 3515 fusius
2816 3460 3018 3515 dictum
3046 3473 3150 3527 est,
3181 3463 3233 3516 in
3270 3479 3390 3518 can.
3423 3467 3456 3518 ‘2
3483 3507 3498 3530 ,

253 3557 334 3617 εις
365 3554 459 3607 τδν
498 3551 545 3621 β’
574 3549 778 3604 κανόνα
801 3547 901 3618 τῆς
924 3546 966 3600 δ’
997 3546 1241 3608 συνόδου,
1273 3547 1352 3608 εἰς
1391 3545 1483 3598 τὸν
1516 3544 1596 3615 κβ¹
1627 3546 1826 3599 κανόνα

1925 3564 2044 3619 syn.
2078 3549 2132 3616 4,
2171 3550 2221 3604 in
2254 3550 2489 3612 can.22,
2531 3566 2651 3620 syn.
2695 3552 2727 3604 6
2755 3561 2809 3605 et
2853 3551 2905 3604 in
2951 3552 2985 3605 5
3035 3561 3089 3607 et
3143 3553 3209 3607 t9
3261 3557 3500 3622 septima:

254 3647 355 3716 τῆς
385 3650 441 3707 ς’
469 3642 713 3704 συνόδου,
738 3639 832 3693 καὶ
861 3641 942 3702 είς
969 3638 1062 3693 τὸν
1088 3645 1129 3690 ι’
1151 3638 1243 3691 καὶ
1268 3636 1334 3690 ιον
1363 3637 1465 3705 τῆς
1498 3636 1544 3700 ζ’
1572 3637 1790 3690 συνόδου
1811 3655 1824 3670 ·

1926 3658 2044 3712 syn.
2080 3651 2134 3695 et
2161 3643 2274 3712 lege
2303 3657 2399 3696 eos
2435 3657 2733 3712 eorumque
2790 3641 2951 3714 146
2998 3643 3500 3712 interpretationes.

254 3738 347 3790 καὶ
363 3733 634 3803 ἀνάγνωθι
661 3732 877 3792 τούτους
897 3732 990 3783 καὶ⁵
1011 3729 1110 3793 τάς
1131 3729 1426 3800 ἑρμηνείας
1450 3729 1648 3783 αὐτῶν.
1674 3729 1730 3782 Ἐ
1741 3730 1826 3782 πεὶ

1927 3734 2191 3799 Quoniam
2249 3745 2425 3788 autem
2459 3747 2698 3804 praesens
2750 3747 2964 3804 quoque
3008 3736 3274 3803 epistola,
3335 3749 3392 3790 ut
3447 3750 3502 3791 et

252 3827 307 3880 δὲ
338 3827 433 3880 καὶ
462 3829 496 3895 ἡ
527 3824 776 3894 παροῦσα
806 3807 1062 3893 ἐπιστολὴ
1086 3862 1101 3888 ,
1128 3822 1203 3884 ὡς
1236 3821 1332 3875 καὶ
1359 3823 1408 3873 οἱ
1441 3822 1664 3884 κανόνες
1687 3859 1702 3886 ,
1732 3839 1828 3873 κα-

1926 3840 2182 3885 Cuttones.
2216 3825 2536 3894 depositioni
2569 3825 2811 3894 subjicit,
2847 3836 2951 3879 tam
2983 3841 3076 3881 eos
3101 3830 3190 3896 qui
3221 3829 3498 3894 ordinant,

254 3919 498 3990 θαιρέσει
523 3914 921 3970 καθυποϐάλλει
947 3914 1072 3976 τοὺς
1110 3911 1554 3983 χειροτονοῦντας
1580 3913 1677 3966 καὶ
1702 3914 1826 3975 τοὺς

1927 3932 2085 3985 quam
2116 3917 2208 3984 qui
2238 3920 2577 3981 ordinantur,
2609 3915 2729 3992 sive
2749 3927 2872 3968 ante
2891 3919 3284 3971 ordina:ionem
3333 3935 3497 3986 pecn-

255 4030 334 4083 χει
346 4007 786 4082 ροτονουμένους,
826 4005 924 4058 κᾶν
959 4004 1066 4074 πρὸ
1095 4005 1192 4073 τῆς
1224 4003 1559 4076 χειροτονίας
1590 4004 1826 4059 λάϐωσιν

1927 4008 2045 4061 nias
2068 4008 2372 4074 acceperint
2399 4008 2479 4060 vel
2499 4006 2740 4060 dederint
2763 4022 2778 4071 ;
2801 4008 2914 4061 sive
2935 4019 3055 4075 post
3081 4009 3498 4063 ordinationem:

255 4107 288 4174 ἢ
316 4103 550 4159 δώσουσι
579 4101 863 4171 χρήματα,
895 4096 998 4150 κᾶν
1030 4095 1168 4166 μετά
1197 4097 1296 4165 τὴν
1327 4097 1663 4165 χειροτονίαν
1690 4113 1707 4130 ο
1735 4097 1828 4148 σύ-

1926 4110 1980 4153 et
2007 4098 2121 4151 bace
2152 4109 2206 4151 et
2235 4098 2320 4150 illa
2345 4098 2633 4165 conjunge,
2655 4107 2707 4151 et
2741 4113 2834 4167 per
2863 4098 3100 4168 gladium
3135 4101 3380 4168 spiritus,
3406 4101 3497 4169 qui

260 4200 427 4268 ναψον
454 4193 631 4248 ταῦτά
659 4207 718 4244 τε
748 4192 998 4254 κάκεῖνα,
1028 4191 1123 4242 καὶ
1154 4189 1241 4242 διὰ
1273 4190 1372 4259 τῆς
1404 4191 1599 4259 νοητῆς
1629 4187 1830 4258 μαχαί.

1929 4189 2249 4257 intelligitur
2276 4228 2292 4253 ,
2320 4187 2562 4242 avaritia:
2601 4188 3061 4256 perturbationem
3084 4228 3098 4251 ,
3155 4191 3330 4257 quoad
3387 4194 3503 4256 ejus

257 4309 358 4365 ρας
396 4287 491 4344 τοῦ
530 4283 845 4352 Πνεύματσις
878 4283 938 4335 τὸ
970 4282 1068 4350 τῆς
1105 4281 1469 4350 φιλαργυρίας
1510 4280 1677 4342 πάθος
1700 4323 1714 4344 ,
1751 4280 1826 4341 ὡς

1932 4280 2045 4334 ﬁeri
2072 4290 2265 4349 potest,
2298 4280 2552 4333 radicitus
2579 4280 2863 4332 exscinde.
2908 4280 3112 4333 Praedia
3142 4289 3344 4344 autem,
3382 4298 3504 4348 qna.-

254 4339 806 4449 {Jolvpikor’iuqoom
827 4339 921 4424 ⁷Τἀ
955 4339 1139 4439 μέντοι
1166 4339 1508 4438 ἐξωνούμενα
1538 4339 1713 4437 χωρία
1739 4339 1824 4422 aiat

1928 4339 2190 4438 ejusmodi
2218 4370 2462 4438 pecuniis
2488 4379 2742 4422 emuntur
2766 4407 2781 4431 ,
2812 4370 3223 4437 appellabuntur
3248 4409 3260 4430 ,
3290 4370 3462 4436 inquit
3484 4408 3499 4430 ,

254 4475 363 4528 τῶν
380 4471 640 4525 τοιούτων
668 4463 966 4536 χρημάτων
995 4460 1319 4527 Ἀκέλδαμα,
1342 4460 1495 4529 φησὶ,
1528 4459 1825 4528 κληθήσον-

1930 4461 2241 4522 Akeldama,
2270 4460 2412 4527 quod
2443 4468 2526 4513 est
2555 4458 2872 4512 Hebraieum
2905 4499 2920 4522 ,
2958 4469 3012 4512 et
3061 4460 3247 4512 Cra-ee
3277 4477 3498 4525 exples-

254 4584 344 4620 ται
365 4567 504 4632 ὅπερ
550 4556 834 4627 Ἐϐραῖκόν
862 4558 1000 4618 ἔστι,
1033 4554 1127 4607 καὶ
1159 4551 1653 4622 ἐξελληνιζόμενον,
1689 4551 1822 4620 τιμὴ

1930 4569 2073 4619 sum,
2104 4552 2332 4622 pretium
2363 4559 2417 4602 et
2469 4549 2726 4617 pra'diutu
2763 4549 3044 4616 sanguinis
3079 4550 3496 4616 interpretatur;

257 4661 353 4711 καὶ
377 4654 575 4725 χωρίον
599 4650 828 4718 αἵματος
849 4645 1229 4716 ἑρμηνεύεται,
1255 4644 1469 4713 εἴρηται
1493 4645 1550 4697 ὲν
1565 4646 1631 4714 τῇ
1659 4643 1825 4712 βίϐλῳ

1923 4645 2123 4698 dictum
2159 4643 2212 4695 in
2237 4642 2375 4694 libro
2401 4643 2653 4693 Actuunt.
2686 4641 2799 4693 Hoc
2829 4649 2912 4693 est
2937 4650 3133 4703 autem,
3170 4639 3309 4706 quod
3337 4640 3499 4703 dicit;

261 4748 368 4802 τῶν
400 4742 682 4813 Πράξεων.
717 4738 887 4791 Τοῦτο
918 4737 974 4788 δέ
1007 4737 1152 4788 ἐστιν
1182 4735 1210 4787 ὃ
1238 4735 1411 4801 λέγει,
1444 4735 1551 4800 ὅτι,
1578 4733 1772 4802 ὥσπερ
1798 4734 1825 4784 ὁ

1930 4735 2070 4802 quod
2101 4733 2549 4800 quemadmodum
2583 4746 2729 4798 ager,
2761 4730 2851 4797 qui
2878 4740 3091 4797 emptus
3121 4741 3202 4784 est
3247 4730 3500 4798 pecunia,

260 4842 345 4894 διὰ
390 4836 502 4890 τῶν
557 4831 858 4902 ἀργυρίων,
908 4822 984 4882 ὧν
1020 4826 1234 4897 ἐπράθη
1280 4826 1367 4880 διὰ
1416 4824 1512 4878 τοῦ
1573 4823 1744 4877 Ἰούδα
1797 4823 1827 4876 ὁ

1930 4839 2034 4894 qua
2070 4824 2318 4878 venditus
2340 4833 2423 4877 est
2449 4839 2478 4875 a
2511 4821 2648 4876 Juda
2680 4821 2966 4884 Dominus,
2997 4821 3228 4891 pretium
3278 4823 3499 4889 stingui.

266 4929 487 5000 Κύριος,
536 4919 862 4991 ἀγορασθεὶς
917 4919 1083 4988 ἀγρὸς
1134 4918 1266 4986 τιμὴ
1314 4918 1543 4985 αἵματος
1597 4914 1819 4984 ἐκλήθη,

1931 4917 2017 4970 nis
2046 4924 2128 4969 est
2158 4913 2453 4984 appellatus
2489 4930 2502 4965 :
2540 4912 2613 4965 ita
2645 4918 2698 4965 et
2733 4911 2993 4978 pecuniae,
3029 4925 3149 4980 qua:
3193 4909 3266 4964 ab
3310 4911 3376 4963 iis
3410 4925 3499 4962 ac-

263 5021 404 5074 οὖτω
466 5015 562 5070 καὶ
621 5014 690 5066 τά
755 5007 1142 5078 λαμϐανόμενα
1206 5007 1446 5077 ἀργύρια
1507 5008 1657 5075 παρὰ
1716 5006 1824 5056 τῶν

1932 5007 2226 5075 cipiuntur,
2253 5006 2343 5072 qui
2378 5001 2591 5056 Domini
2631 5001 2849 5056 domum
2876 5001 3113 5056 vendunt
3143 5040 3158 5065 ,
3206 5011 3263 5054 et
3301 5001 3502 5055 αἰωρο-

265 5112 586 5165 πωλούντων
605 5104 702 5172 τὴν
728 5099 937 5171 δωρεὰν
961 5099 1051 5152 τοῦ
1080 5099 1239 5161 Θεοῦ,
1270 5099 1363 5151 καὶ
1390 5098 1444 5150 αι
1472 5097 1700 5165 ἐνορίαι,
1731 5099 1825 5148 καὶ

1932 5112 2038 5161 ses,
2071 5107 2124 5152 et
2155 5095 2281 5160 vici,
2316 5095 2368 5146 in
2402 5093 2598 5162 quibus
2627 5091 2703 5146 illi
2738 5092 2827 5160 qui
2854 5093 2983 5145 dant
3005 5091 3343 5156 ordinantur,
3379 5107 3502 5160 pre-

268 5205 318 5256 αἱ
339 5201 522 5268 κῶμαι
541 5199 598 5248 ὲν
616 5190 703 5257 αῖς
727 5193 776 5248 οἱ
792 5190 1022 5253 διδόντες
1038 5189 1490 5259 χειροτονοῦνται,
1509 5205 1560 5241 τι
1568 5187 1644 5259 μὴ
1661 5187 1828 5256 αἵμα-

1523 5187 1828 5259 ιιμήαῖμα-
1934 5190 2065 5244 tium
2100 5183 2374 5256 sanguinis
2404 5193 2564 5240 erunt
2597 5194 2648 5239 et
2678 5183 3105 5253 appellabuntur.

264 5310 348 5354 τος
387 5293 602 5344 ἔσονται
633 5286 726 5339 καὶ
759 5283 1147 5353 κληθήσονται.

331 5380 575 5436 ΖΩΝΑΡ.
620 5375 761 5446 Πρὸς
801 5375 925 5436 τοὺς
972 5374 1201 5436 οίκείους
1245 5373 1318 5441 (α)
1364 5371 1698 5434 ἐπισκόπους
1740 5369 1830 5437 ἔγ-

2008 5365 2260 5423 ZONAR.
2319 5369 2398 5420 Ad
2449 5366 2733 5436 episcopos
2806 5378 2933 5420 suos
2997 5362 3222 5432 scripsit
3275 5373 3499 5415 saueius

387 5615 508 5668 Act.
545 5625 658 5673 \‘ttl.
684 5609 777 5664 20.

325 5731 392 5793 ta)
421 5730 484 5778 lix
511 5726 679 5775 codice
705 5719 1186 5783 Amerbacblano,.in
1217 5717 1346 5770 notis
1370 5718 1656 5782 Beveregii.
