4006 6438
537 330 642 392 835

1778 307 2052 382 1111301).
2094 311 2491 374 BALSAMON

3663 302 3764 366 836

541 439 766 510 [Pater]
798 455 917 494 cum
945 437 1199 492 audiisset
1231 437 1362 492 istos
1393 434 1458 493 ab
1489 439 1575 503 iis,
1599 451 1731 506 quos
1757 435 2091 494 ordinarunt,

2198 424 2408 495 γραψεν
2437 425 2464 476 ὁ
2496 423 2672 492 ἅγιος,
2700 419 2937 482 ἀκούσας
2966 419 3050 472 ὄτι
3079 415 3186 471 ἀπὸ
3212 415 3329 469 τῶν
3355 413 3758 510 χειροτονουμέ·

539 528 794 594 pecunias
828 529 1120 595 accepisse.
1153 527 1218 580 Et
1250 543 1356 580 rem
1391 529 1628 595 quidem,
1666 527 1836 595 inquit
1862 563 1877 588 ,
1916 525 2092 578 incre-

536 617 750 669 dini'em
773 630 893 670 esse
921 617 1244 669 existimavi.
1279 615 1353 670 Eo
1374 628 1574 681 autem,
1603 617 1742 685 quod
1790 627 1843 669 et
1890 612 1944 668 in
1998 628 2094 666 su-

538 707 822 772 spicionem
853 716 1060 760 tantum
1089 710 1314 769 venerit,
1352 708 1531 760 dolore
1579 721 1663 760 me
1691 704 1868 760 aﬂ'ecit
1907 721 1920 758 :
1966 702 2091 756 illud

541 805 744 848 tantum
773 812 878 850 non
911 798 1117 858 dicens,
1149 799 1289 863 quod
1325 797 1478 850 dolor
1521 799 1648 851 mihi
1704 805 1784 851 est
1823 811 1918 849 vos
1960 794 2094 847 tales

539 898 679 945 esse,
709 893 764 935 ut
788 884 1090 952 bujusmodi
1114 885 1372 938 adversus
1400 900 1490 938 vos
1518 888 1782 939 dicantur.
1814 883 2092 938 Contraria

539 974 679 1023 enim
717 984 925 1037 natura,
950 976 1099 1040 juxta
1131 976 1415 1042 quemdam
1443 977 1760 1044 sapientem,
1789 975 2095 1028 accusatio-

541 1063 622 1112 nis
644 1064 936 1129 enjuspiam
964 1079 1064 1118 non
1095 1080 1260 1132 capax
1305 1075 1382 1118 est
1415 1083 1427 1118 :
1460 1076 1520 1118 ut
1571 1065 1614 1118 si
1663 1066 1784 1133 quis
1810 1104 1824 1118 .
1877 1063 2092 1132 inquit,

540 1151 756 1216 Ajacem
813 1155 1160 1206 scortationis
1225 1165 1523 1207 accusaret.
1581 1153 1702 1206 Haec
1754 1166 1927 1206 autem
1978 1163 2096 1218 quae

539 1241 740 1302 scribo,
767 1240 961 1307 inquit,
1001 1243 1068 1302 is,
1103 1244 1191 1308 qui
1225 1244 1343 1295 talis
1375 1244 1648 1310 cujusdam
1682 1241 1758 1294 rei
1813 1242 1911 1294 sibi
1967 1255 2096 1293 con-

541 1332 683 1381 scius
713 1341 814 1391 est,
846 1341 902 1382 ut
931 1331 1052 1383 mali
1105 1335 1402 1384 remedium
1459 1334 1690 1399 accipiat
1729 1351 1741 1384 :
1772 1333 1864 1399 qui
1917 1339 2094 1383 autem

539 1432 602 1470 ea
634 1433 795 1485 purus
822 1430 907 1473 est
930 1457 945 1482 ,
991 1431 1048 1473 ut
1085 1423 1382 1474 antidotum
1424 1424 1488 1475 ad
1537 1438 1595 1476 se
1631 1423 1902 1476 utendum.
1931 1419 2096 1472 Phar-

541 1521 690 1560 maca
723 1509 862 1560 enim
898 1523 925 1561 a
969 1510 1189 1563 medicis
1214 1512 1277 1564 iis
1307 1512 1522 1578 quidem
1551 1549 1566 1573 ,
1602 1511 1694 1578 qui
1739 1512 1792 1560 in
1850 1511 2093 1562 morbum

542 1591 866 1660 inciderunt,
901 1598 965 1648 ad
1013 1600 1346 1650 curationem
1381 1602 1596 1662 dantur,
1639 1607 1692 1651 et
1721 1598 1784 1650 ad
1824 1597 2097 1651 liberatio-

541 1699 659 1737 nem
691 1699 720 1734 a
754 1687 936 1737 morbo
968 1703 981 1738 :
1019 1687 1084 1738 iis
1111 1699 1310 1748 autem,
1331 1688 1422 1753 qui
1456 1689 1642 1740 morbo
1689 1687 1917 1739 nondum
1952 1687 2098 1739 labo-

2197 528 2302 564 νων
2333 512 2465 579 παρ’
2500 511 2680 564 αὐτῶν
2705 507 3048 579 λαμϐάνουσι
3080 507 3374 576 χρήματα,
3409 503 3510 558 καὶ
3545 504 3768 556 ἄπιστον

2198 602 2318 671 μὲν,
2379 601 2563 669 φησιν,
2613 601 2904 670 ἡγησάμην
2954 597 3017 650 τὸ
3079 597 3310 666 πρᾶγμα
3339 610 3355 626 ο
3417 595 3503 646 ὅτι
3563 592 3620 644 δὲ
3680 592 3764 643 καὶ

2196 691 2510 761 ὖποπτεύθη
2571 691 2755 761 μόνον,
2819 690 2996 758 λύπην
3055 704 3148 757 μοι
3208 686 3554 755 προεξένισε,
3615 683 3768 750 μόνον

2195 781 2314 849 οὐχὶ
2355 781 2511 834 τοῦτο
2547 782 2743 848 λέγων,
2789 781 2868 832 ὅτι
2912 780 3056 850 λύπη
3102 795 3193 846 μοι
3233 779 3348 829 ἐστὶ
3388 777 3452 827 τὸ
3495 773 3765 832 τοιούτους

2197 870 2332 926 εἶναι
2361 873 2524 939 ὑμᾶς,
2557 871 2699 924 ὥστε
2727 870 2949 922 τοιαῦτα
2979 868 3229 935 λέγεσθαι
3255 866 3376 918 καθ’
3399 865 3581 934 ὑμῶν.
3617 865 3768 916 Ἐστι

2197 966 2304 1033 γάρ
2337 961 2466 1034 ἧίιος
2501 963 2641 1015 κατά
2674 979 2793 1013 τινα
2832 961 2991 1027 σοφὶν
3027 960 3214 1026 ἕτερον
3246 959 3388 1018 τινὸς
3430 956 3767 1022 κατηγορίας

2196 1049 2534 1110 ἁνίνδεκτον,
2563 1047 2635 1108 ὡς
2667 1047 2718 1098 εἴ
2744 1047 2849 1110 τίς,
2878 1061 3062 1113 φησιν,
3093 1043 3432 1112 ἑταιρήσεως
3466 1041 3657 1092 διώκει
3684 1039 3767 1091 τὸν

2199 1141 2420 1193 Δίαντα.
2454 1138 2638 1190 Ταῦτα
2669 1138 2749 1200 δὲ,
2781 1136 2815 1190 ἃ
2844 1136 3058 1202 γράφω,
3093 1133 3279 1202 φησιν,
3310 1134 3339 1183 ὁ
3381 1131 3484 1200 μὲν
3513 1128 3767 1190 συνειδὼς

2198 1229 2372 1299 ἑαυτῷ
2420 1229 2657 1281 τοιοῦτόν
2705 1236 2756 1280 τι
2800 1225 3038 1289 δεξάσθω
3077 1224 3152 1285 ὼς
3201 1224 3336 1293 ῐαμα
3382 1221 3483 1289 τῆς
3531 1220 3729 1280 κακίας
3756 1235 3767 1246 °

2197 1323 2225 1373 ὸ
2249 1321 2303 1372 δὲ
2333 1320 2570 1389 καθαρὸς
2605 1319 2663 1383 ἐξ
2691 1319 2880 1386 αὐτῆς,
2906 1316 2981 1378 ὡς
3012 1313 3496 1384 προφυλακτήριον
3522 1327 3537 1342 ⁶
3571 1311 3638 1363 τὰ
3668 1310 3767 1377 γὰρ

2199 1411 2466 1478 φάρμακα
2503 1408 2654 1472 παρὰ
2681 1408 2788 1461 τῶν
2820 1407 3019 1474 ίατρῶν
3049 1407 3159 1466 τοῖς
3189 1405 3286 1471 μὲν
3317 1401 3658 1472 ἐμπεσοῦσιν
3698 1402 3768 1461 είς

2197 1503 2351 1554 νόσον
2379 1499 2469 1552 διὰ
2502 1499 2644 1551 ἴασιν
2673 1499 2901 1550 δίδονται
2919 1537 2934 1560 ,
2965 1497 3062 1547 καὶ
3092 1497 3188 1563 τῆς
3213 1494 3371 1546 νόσου
3413 1492 3768 1558 ἀπαλλαγὴν,

2197 1593 2309 1653 τοῖς
2351 1591 2408 1643 δι
2449 1591 2616 1658 μήπω
2650 1588 2902 1650 νοσοῦσι,
2937 1586 3269 1655 παρέχονται
3312 1581 3767 1652 προφυλακτικὰ,

2198 1680 2338 1733 ὥστε
2373 1681 2448 1748 μὴ
2475 1681 2719 1749 νοσῆσαι.
2749 1677 2936 1738 Ὅστις
2963 1675 3040 1739 δὲ,
3067 1678 3253 1743 φησιν,
3283 1673 3580 1738 ἁδιάρορὸς
3603 1672 3768 1730 εστιν,

542 1783 684 1835 rant,
716 1773 955 1826 antidota
981 1775 1325 1835 exhibentur,
1361 1786 1418 1826 ut
1454 1777 1640 1829 inorbo
1671 1789 1772 1828 non
1803 1775 2091 1844 corripian-

2199 1773 2363 1840 ἧγουν
2394 1773 2543 1832 ὅστις
2571 1768 2693 1821 οὺδὶ
2721 1766 2932 1836 νομίζει
2964 1765 3132 1818 κακόν
3165 1782 3216 1816 τι
3247 1765 3445 1827 ποιεῖν,
3478 1761 3768 1827 λαμϐάνων

543 1871 648 1915 tur.
677 1862 988 1931 Quicunque
1033 1875 1208 1916 autem
1247 1863 1556 1920 indill‘erens
1599 1876 1700 1928 est,
1752 1867 1840 1933 qui
1894 1867 2098 1919 scilicet

541 1963 642 2000 nec
672 1950 797 2016 quid
832 1951 951 2002 mali
979 1966 1038 2004 se
1065 1951 1242 2005 facere
1275 1963 1422 2019 putat
1449 1993 1466 2017 ,
1502 1967 1622 2005 cum
1653 1954 1777 2022 quid
1810 1955 1877 2007 ab
1917 1956 1980 2007 iis
2006 1970 2096 2008 ac-

541 2036 668 2103 cipit
704 2051 839 2105 quos
863 2040 1097 2101 ordinat,
1139 2043 1281 2111 quod
1321 2043 1691 2097 indiﬂ‘erentia:
1731 2045 1982 2097 nimirum
2008 2060 2098 2114 ge-

544 2128 661 2188 nus,
699 2131 956 2194 deprecor
990 2146 1056 2184 ne
1095 2133 1147 2184 in
1181 2131 1330 2186 vobis
1355 2134 1682 2199 inveniatur,
1716 2134 1761 2188 is
1790 2149 1910 2203 quae
1958 2136 2095 2188 scri-

541 2223 628 2280 pta
653 2225 798 2280 sunt,
829 2217 1054 2286 accipiat
1079 2230 1135 2272 ut
1161 2223 1524 2276 testimonium
1547 2231 1662 2278 sive
1685 2233 1742 2276 ut
1773 2224 2097 2278 admonitio-

542 2318 687 2368 nem,
719 2309 1168 2375 utepiphonema.
1200 2310 1612 2366 lndiﬂerentiam
1666 2321 1845 2367 autem
1902 2316 2098 2370 merito

541 2393 858 2463 deprecatus
889 2407 993 2452 est.
1025 2399 1126 2464 Qui
1159 2411 1352 2468 peccat
1384 2402 1524 2455 enim
1555 2441 1571 2467 ,
1602 2418 1766 2471 seque
1793 2405 1988 2457 malum
2016 2405 2100 2458 la-

540 2498 663 2536 cere
687 2489 978 2554 cognoscit,
1009 2504 1130 2558 spes
1152 2500 1312 2545 estut
1340 2508 1368 2545 a
1395 2495 1533 2547 malo
1559 2493 1784 2550 forsitan
1808 2497 2092 2551 abstineat:

541 2572 630 2640 qui
657 2584 833 2629 autem
874 2579 1070 2630 malutn
1102 2592 1411 2648 perpetrat,
1462 2599 1626 2652 seque
1659 2601 1758 2638 nec
1791 2589 1985 2639 malum
2021 2588 2099 2640 fa-

540 2675 662 2714 ccre
687 2664 976 2732 existimat,
1027 2671 1091 2722 ad
1135 2671 1559 2739 resipiscentiam
1612 2691 1880 2742 nunquam
1919 2692 2097 2730 rever-

543 2759 712 2817 tetur,
779 2771 948 2824 neque
998 2774 1026 2811 a
1079 2772 1299 2828 peccato
1357 2765 1662 2818 abstinebit.
1713 2766 1861 2830 Quod
1920 2780 2094 2821 autem

540 2841 659 2894 dico
685 2883 702 2905 ,
737 2844 944 2914 inquit,
997 2857 1110 2914 est,
1165 2853 1448 2905 nonnullos
1497 2853 1769 2908 allirmare
1794 2897 1806 2919 ,
1840 2859 1976 2923 quod
2005 2872 2096 2910 vos

540 2934 775 2996 acceptis
836 2937 1076 2999 pecuniis
1123 2941 1492 2995 ordinationes
1547 2945 1873 2996 celebratis:
1910 2947 2098 2998 obum-

2199 1865 2263 1914 ἐκ
2312 1862 2420 1916 τῶν
2460 1859 2589 1930 παρ’
2635 1857 2798 1911 αὑτοῦ
2838 1856 3351 1926 χειροτονουμένων,
3389 1855 3528 1922 ὅπερ
3575 1852 3636 1902 τὸ
3677 1850 3768 1917 τῆς

2196 1952 2513 2018 ἀδιαφορίας
2559 1948 2760 2018 δηλαδὴ
2807 1945 3114 2015 ἀπεύχομαι
3169 1946 3227 1996 ὲν
3275 1943 3404 2012 ὑμῖν
3454 1940 3765 2010 εὑρεθῆναι,

2197 2043 2438 2105 δεξάσθω
2476 2041 2543 2093 τὰ
2578 2039 2899 2108 γραφόμενα
2929 2039 3005 2098 ὡς
3035 2034 3365 2105 μαρτυρίαν,
3404 2032 3528 2098 ἢτοι
3557 2032 3634 2092 ὡς
3670 2048 3766 2081 πα-

2199 2132 2508 2201 ραγγελίαν,
2544 2129 2619 2192 ὡς
2647 2129 3000 2198 ἐπιφώνημα.
3045 2125 3358 2196 Ἀπηύξατο
3392 2123 3451 2174 δὲ
3483 2121 3584 2192 τὴν
3625 2121 3768 2174 ἁδια·

2198 2222 2391 2294 φορίαν
2424 2223 2670 2282 είκότως.
2719 2221 2777 2272 '0
2813 2220 2921 2288 γὰρ
2950 2218 3314 2288 ἁμαρτάνων,
3349 2214 3448 2314 καὶ
3483 2212 3640 2314 είδὼξ
3677 2225 3768 2314 ita:

2197 2315 2294 2368 κον
2323 2316 2513 2373 ποιεῖν.
2555 2313 2828 2376 ιλπίζεται
2861 2313 2992 2372 ἴσως
3025 2311 3120 2362 καὶ
3157 2307 3498 2375 ἀποσχέσθαι
3529 2305 3641 2358 ἀπὸ
3679 2305 3770 2355 τοῦ

2197 2405 2368 2457 κακοῦ
2395 2421 2408 2434 ·
2441 2405 2468 2454 ὸ
2493 2405 2546 2454 δὲ
2579 2403 2640 2454 τὺ
2668 2402 2837 2454 κακὸν
2871 2401 3155 2468 πράσσων,
3188 2400 3280 2451 καὶ
3317 2397 3457 2464 μηδὲ
3489 2395 3767 2462 λογιζόμε-

2198 2511 2284 2556 νος
2320 2496 2487 2546 κικδν
2520 2496 2696 2545 ποιεῖν
2718 2535 2732 2558 ,
2767 2493 2863 2544 οὐκ
2899 2492 2966 2544 ἄν
3003 2506 3130 2542 ποτε
3163 2489 3295 2556 ἔλθῃ
3324 2491 3403 2548 είς
3443 2486 3767 2554 μετάνοιαν,

2195 2585 2314 2636 οὐδὲ
2355 2586 2451 2651 τῆς
2499 2584 2773 2652 ἁμαρτίας
2820 2581 3098 2650 ἀφέξεται.
3150 2581 3214 2630 Ὃ
3261 2579 3318 2630 δὲ
3365 2577 3534 2641 λέγω,
3587 2577 3765 2643 φησιν,

2197 2676 2332 2735 ἐστὶ,
2362 2674 2422 2725 τὸ
2458 2675 2634 2740 λέγειν
2665 2674 2837 2735 τινας,
2871 2673 2951 2723 ὅτι
2981 2676 3238 2740 χρήματα
3270 2667 3646 2734 λαμϐάνοντες
3674 2667 3766 2726 τὰς

2197 2765 2530 2834 χειροτενίας
2567 2766 2768 2815 ποιεῖτε
2799 2780 2812 2794 ο
2851 2763 3196 2822 ἐπισκιάζετε
3234 2762 3313 2822 δὲ,
3359 2762 3480 2812 ἀντὶ
3515 2757 3610 2810 τοῦ
3649 2761 3765 2807 ἐπι-

2197 2857 2500 2922 κρύπτετε,
2562 2856 2622 2906 τὸ
2691 2855 2857 2906 κακὸν
2923 2853 3207 2913 εὐσεϐείας
3275 2853 3527 2918 ὀνόματι,
3601 2849 3764 2899 Τοῦτο

2196 2947 2249 2996 δὲ
2277 2947 2453 3012 χ.·ῖρον
2484 2945 2649 2994 ἐστίν.
2691 2945 2747 2992 ’0
2779 2942 2885 3007 γὰρ
2918 2942 3084 2990 ποιῶν
3109 2981 3120 3000 ,
3157 2940 3288 3005 φησι
3311 2981 3324 3000 ,
3355 2939 3414 2989 τὸ
3445 2942 3644 3000 κακίν,
3678 2940 3763 2989 κιὶ

539 3018 704 3071 bratis
730 3031 928 3084 autem,
990 3027 1090 3077 Iinc
1120 3038 1201 3079 est
1248 3031 1570 3092 occultatis,
1637 3033 1828 3084 malum
1882 3037 2091 3085 nomine

541 3109 748 3130 “2-.-.2-
809 3109 913 3130 ll_-
948 3122 1060 3130 -,,._
1089 3129 1111 3130 η
1233 3116 1242 3126 ι
1422 3127 1430 3130 .
1521 3119 1551 3130 ιχ
1602 3120 1611 3129 ο
1741 3119 1751 3128 α
1945 3121 1953 3130 ι

2201 3033 2668 3101 σχηματῖζόμενος
2701 3032 2864 3083 καλόν
2895 3048 2943 3081 τι
2977 3033 3182 3091 ποιεῖν,
3210 3031 3406 3095 διπλῆς
3440 3032 3587 3080 ἐστιν
3624 3029 3764 3091 ἄξιος

537 3109 771 3173 pietatis.
806 3109 915 3163 Hoc
944 3122 1120 3164 autem
1162 3116 1312 3182 pejus
1357 3127 1456 3172 cst.
1513 3119 1611 3181 Qui
1669 3119 1807 3171 enim
1854 3121 2046 3172 tnaiuttt
2077 3160 2091 3183 ,

539 3199 746 3264 inquit,
781 3211 1088 3268 perpetrat,
1141 3220 1303 3272 seque
1337 3209 1459 3258 boni
1492 3210 1614 3275 quid
1643 3210 1817 3262 facere
1857 3213 2091 3273 simulat,

537 3285 730 3352 duplici
756 3290 1012 3355 supplicio
1075 3292 1268 3359 dignus
1295 3306 1396 3357 est,
1428 3306 1478 3348 ct
1509 3301 1646 3364 quod
1681 3301 1873 3351 malum
1903 3317 2090 3370 perpe-

539 3385 662 3439 trat,
703 3388 754 3428 et
783 3382 923 3444 quod
955 3381 1018 3432 ad
1048 3383 1171 3432 tnali
1215 3389 1664 3449 perpetrationem
1711 3395 1848 3440 bono
1882 3395 2048 3442 utitur
2075 3433 2087 3455 ,

539 3466 639 3517 hoc
692 3475 770 3520 est
802 3507 816 3530 ,
876 3471 995 3523 boni
1045 3473 1295 3535 nomine;
1345 3489 1514 3541 neque
1562 3478 1705 3528 enim
1774 3481 1889 3544 ipaﬂ
1954 3484 2089 3547 bono

539 3552 805 3619 inlitum]
837 3555 957 3608 lliec
992 3568 1188 3622 autem,
1241 3562 1283 3612 si
1322 3562 1398 3613 sic
1437 3577 1492 3615 se
1539 3563 1788 3629 habeant,
1843 3570 2087 3620 nimirum

539 3645 579 3693 si
613 3660 732 3696 vera
763 3647 865 3697 sint
897 3686 910 3708 ,
943 3651 1302 3716 corrigantur.
1329 3650 1555 3705 Necesse
1595 3658 1734 3706 enim
1779 3668 1895 3720 est,
1945 3670 1999 3710 ut
2027 3663 2089 3710 ad

540 3733 688 3796 istos,
718 3737 804 3802 qui
838 3752 930 3801 pro
961 3743 1200 3804 pecuniis
1227 3743 1496 3804 ordinant,
1534 3746 1660 3796 illud
1716 3749 1886 3799 saneti
1951 3749 2087 3801 Petri

540 3827 754 3876 verbum
785 3827 1012 3890 dicitur,
1051 3835 1188 3894 quod
1218 3833 1262 3882 is
1292 3835 1354 3883 ad
1390 3833 1659 3886 Simonem
1690 3839 1939 3903 pecunias
1970 3854 2090 3906 pro—

539 3915 812 3975 l'ercntetn,
843 3930 892 3968 ct
923 3921 1147 3984 gratiam
1179 3921 1409 3986 Spiritus
1434 3925 1545 3974 dari
1597 3926 1693 3975 sibi
1728 3938 2049 3993 qua-rcntem
2075 3969 2087 3992 ,

537 4007 920 4067 pronuntiavit,
949 4007 1084 4071 quod
1114 4019 1215 4070 est,
1256 4008 1418 4060 Titum
1449 4022 1609 4062 tecum
1636 4013 1697 4064 sit
1735 4027 2006 4081 argentum
2035 4019 2085 4068 in

537 4094 874 4156 perditionem
910 4096 947 4147 '.
1022 4095 1220 4150 Deinde
1248 4110 1299 4150 ct
1334 4113 1603 4164 pecratum
1651 4116 1839 4170 auget,
1886 4109 2086 4171 dicens,

538 4187 678 4251 quod
709 4187 797 4252 qui
833 4186 1048 4238 ordines
1080 4201 1285 4252 emunt,
1322 4191 1487 4244 levius
1531 4192 1914 4258 aliquantulum
1964 4213 2088 4263 pec-

537 4284 680 4335 cant,
716 4290 874 4342 quam
915 4276 947 4326 ii
977 4279 1064 4342 qui
1101 4278 1353 4331 vendunt.
1394 4280 1466 4330 llli
1497 4282 1636 4332 enim
1675 4284 1726 4335 id
1782 4300 1873 4349 per
1918 4287 2086 4353 impe-

2199 3126 2466 3192 τιμωρίας
2490 3165 2503 3185 ,
2545 3125 2625 3174 ὅτι
2658 3140 2711 3174 τε
2745 3123 2802 3173 τὸ
2837 3121 3003 3171 και-,ὸν
3043 3124 3186 3172 ποιεῖ
3214 3159 3228 3181 ,
3262 3139 3353 3172 και
3387 3122 3468 3171 ὅτι
3507 3122 3762 3189 κέχρηται

2196 3218 2272 3276 εἰς
2304 3217 2592 3280 συνεργίαν
2616 3215 2711 3282 τῆς
2737 3215 2930 3270 κακίας
2958 3214 3032 3280 τῷ
3055 3210 3262 3279 ἀγαθῷ,
3295 3213 3410 3278 ἦτοι
3435 3211 3512 3279 τῷ
3543 3213 3757 3276 ὀνόματι

2195 3305 2284 3356 τοῦ
2323 3306 2485 3357 καλοῦ
2511 3346 2521 3366 .
2563 3307 2621 3355 οὐ
2661 3307 2768 3373 γὰρ
2803 3305 2950 3373 αὑτῷ
2984 3304 3063 3371 τῷ
3087 3304 3255 3371 καλῷ.
3289 3303 3478 3355 Ταῦτα
3516 3307 3565 3354 εί
3597 3304 3758 3362 οὕτως

2195 3395 2327 3460 ἔχει,
2380 3397 2544 3463 ἤγουν
2599 3400 2644 3444 εἰ
2687 3394 2858 3462 ἀληθῆ
2921 3395 3046 3458 είσι,
3096 3394 3465 3461 διορϐωθήτω.
3529 3396 3752 3460 Ἀνάγκη

2194 3491 2298 3554 γὰρ
2324 3486 2575 3551 λέγεσθαι
2606 3487 2740 3553 πρὸς
2770 3488 2892 3546 τοὺς
2923 3486 3016 3536 ἐπὶ
3047 3487 3294 3553 χρήμασι
3322 3486 3754 3554 χειροτονοῦντας

2193 3580 2250 3626 «cr-1
2289 3577 2377 3627 τοῦ
2409 3562 2564 3642 ἁγίου
2600 3578 2825 3644 Πέτρου,
2865 3576 2892 3626 ὃ
2928 3577 3062 3643 προς
3096 3578 3182 3628 τὸν
3215 3577 3436 3641 Σίμωνα
3467 3577 3595 3643 ἔφη,
3629 3577 3753 3641 χρή-

2197 3684 2338 3734 ματα
2372 3671 2811 3736 προσαγαγώντα,
2842 3669 2931 3718 καὶ
2958 3667 3223 3732 ζητοῦντα
3249 3667 3472 3731 δοθῆναι
3498 3665 3641 3732 αὑτῴ
3662 3669 3751 3730 τὴν

2192 3760 2348 3824 χάριν
2377 3758 2466 3808 τοῦ
2501 3757 2835 3825 ῐινεύέιτιτος,
2868 3759 3002 3826 ὅπερ
3031 3760 3203 3817 ἐστὶν,
3241 3759 3350 3821 Εῖη
3384 3760 3449 3808 τὸ
3485 3758 3751 3823 ἀργύριόν

2190 3861 2304 3895 cov
2343 3846 2461 3896 σύν
2497 3863 2594 3896 σοι
2638 3849 2723 3908 εἰς
2764 3845 3084 3898 ἀπώλειαν.
3140 3843 3270 3898 Εἶτα
3325 3849 3420 3899 καὶ
3462 3849 3611 3911 αὔξει
3660 3851 3749 3915 τὴν

2193 3934 2486 4001 ἁμαρτίαν,
2519 3936 2709 4000 λέγων,
2745 3939 2824 3986 ὅτι
2858 3937 2906 3985 οἱ
2942 3937 3035 3992 τὰς
3068 3937 3404 4004 χειροτονίας
3438 3939 3742 4004 ὠνούμενοι,

2194 4025 2551 4092 ἐλαερὸτερῦν
2586 4043 2635 4076 τι
2671 4028 3041 4094 ἁμαρτάνουσι
3073 4029 3179 4077 τῶν
3217 4030 3633 4094 πιπρασκόντων
3661 4030 3744 4080 αὺ-

2191 4113 2316 4174 τάς·
2353 4115 2398 4163 οἱ
2440 4115 2535 4179 μὲν
2574 4119 2680 4180 γὰρ
2721 4117 2786 4166 δι’
2822 4118 3078 4183 ἀπειρίαν
3111 4116 3375 4169 ὠνοῦνται
3415 4120 3440 4170 ὂ
3473 4123 3567 4170 οὐκ
3603 4119 3742 4185 ἐχου-

2193 4221 2305 4253 σιν·
2354 4210 2380 4255 ὸ
2421 4207 2476 4255 δὲ
2518 4208 2844 4273 πιπράσκων
2893 4207 3062 4256 πωλεῖ
3107 4206 3136 4256 ὃ
3181 4208 3340 4259 ἔλαϐε
3385 4211 3624 4278 δωρεάνο
3671 4209 3738 4268 ὡς

2189 4297 2576 4361 πεπραμμένσς
2610 4294 2684 4361 τῷ
2717 4295 2962 4363 Σατ;.νᾷ,
2996 4297 3159 4364 ἤγουν
3192 4297 3266 4357 ὡς
3319 4297 3504 4358 δοῦλος
3551 4298 3738 4364 ὠνητὸς

540 4366 712 4415 titiam
750 4376 931 4417 etnunt
963 4368 1098 4430 quod
1134 4383 1236 4418 non
1270 4368 1461 4420 habent
1499 4386 1512 4420 :
1544 4373 1630 4436 qui
1665 4374 1842 4425 vendit
1888 4385 2082 4436 autem,
2122 4392 2160 4442 ῃ
2192 4384 2264 4451 τῷ
2301 4384 2524 4450 διαϐόλῳ
2565 4385 2875 4450 γενόμενος,
2911 4387 3003 4435 καὶ
3042 4387 3119 4445 είς
3153 4387 3476 4453 καπηλείαν,
3513 4390 3624 4438 ἀντὶ
3652 4385 3734 4436 τοῦ

540 4455 590 4504 ιιι
638 4456 811 4504 vendit
837 4457 974 4521 quod
1010 4456 1174 4522 gratis
1217 4459 1422 4524 accepit
1453 4475 1467 4521 ;
1502 4471 1558 4510 ιιι
1582 4478 1609 4511 a
1655 4463 1850 4515 Satana
1878 4476 2086 4532 emptus

539 4541 648 4590 sive
678 4540 1040 4593 mercenarius
1080 4557 1266 4594 servus
1300 4545 1508 4597 diabolo
1540 4546 1708 4600 lactus
1734 4586 1748 4612 ,
1781 4561 1830 4602 et
1865 4554 1928 4602 ad
1962 4569 2090 4605 cau-

538 4630 902 4694 ponatiouem,
936 4630 1035 4682 lioc
1061 4641 1140 4683 est
1163 4635 1571 4700 negotiationem
1601 4675 1614 4700 ,
1652 4641 1875 4706 gratiam
1921 4643 2088 4710 Spiri-

540 4729 623 4769 tus
670 4718 904 4772 deducit.
960 4719 1290 4787 Cauponatio
1325 4726 1465 4777 enim
1517 4730 1805 4795 negotiatio
1852 4731 2083 4796 dicitur,

534 4824 709 4875 eaque
742 4825 950 4862 summe
984 4812 1199 4865 sordida
1224 4851 1239 4876 ,
1272 4829 1428 4882 quam
1455 4819 1581 4870 dicit
1608 4821 1875 4873 sordidam
1910 4825 1956 4874 iu
1995 4822 2094 4877 Ec-

535 4897 756 4949 clesium
791 4900 1127 4955 introducere
1166 4906 1611 4974 negotiationem;
1664 4913 1754 4966 ubi
1816 4919 2093 4982 pretiosis-

536 4989 672 5038 sima
719 4991 872 5040 nobis
917 4993 1220 5046 concredita
1266 4996 1563 5062 habemus,
1611 5002 1692 5054 vel
1751 5005 1925 5070 potius
1976 5023 2092 5074 qua:

538 5092 697 5127 mune
722 5081 949 5144 pretium
985 5085 1270 5150 excedunt,
1293 5101 1410 5154 qua:
1435 5100 1559 5140 sunt
1578 5104 1768 5157 corpus
1799 5105 1852 5147 et
1878 5099 2090 5166 sanguis

540 5170 764 5221 Christi.
797 5173 925 5222 Cum
959 5183 1112 5226 antea
1157 5178 1376 5232 dixisset
1405 5219 1418 5244 ,
1456 5180 1799 5238 Obutnbratis
1847 5190 2039 5240 malum
2070 5227 2085 5252 ,

544 5274 683 5310 nunc
713 5261 871 5312 etiam
910 5263 1035 5316 dicit
1061 5269 1321 5331 quomodo
1353 5271 1696 5325 obumbrant.
1730 5274 2043 5330 Existimant
2073 5317 2087 5342 ,

540 5345 737 5409 inquit,
769 5362 827 5398 se
866 5358 964 5399 non
990 5364 1230 5414 peccare.
1271 5357 1521 5420 quoniam
1575 5361 1732 5412 εἰηιυῖ
1777 5376 1894 5414 cum
1946 5365 2089 5416 ordi-

536 5438 756 5488 natione
786 5451 886 5488 non
911 5441 1200 5507 accipiunt,
1235 5444 1326 5496 sed
1356 5455 1563 5512 postea.
1609 5450 1865 5518 Accipere
1908 5462 2083 5506 autem

618 5619 629 5648 ³
669 5621 783 5669 Aet.
824 5633 939 5685 rm,
977 5621 1056 5674 l0.

2190 4472 2266 4530 εἰς
2294 4473 2690 4537 πραγματείαν,
2725 4471 2954 4537 κατάγει
2979 4473 3077 4540 τὴν
3104 4474 3260 4542 χάριν
3292 4474 3386 4525 τοῦ
3419 4476 3732 4542 Πνεῦματος.

2190 4558 2472 4626 Καπηλεία
2512 4561 2616 4629 γὰρ
2671 4561 2702 4628 ἠ
2736 4563 3086 4630 πραγματεία
3122 4562 3361 4626 λέγεται,
3395 4573 3487 4614 και
3519 4562 3736 4630 μάλιστα

2188 4665 2250 4716 γε
2281 4651 2312 4716 ἡ
2343 4650 2560 4719 ῥυπαρὰ
2582 4690 2595 4714 ,
2625 4653 2723 4719 ἣν,
2758 4653 2924 4719 φησὶ,
2958 4651 3053 4721 τὴν
3084 4654 3339 4721 ῥυπαρὰν
3367 4651 3732 4720 πραγματείαν

2190 4741 2469 4806 ἐπεισάγει
2499 4746 2562 4809 τῇ
2614 4743 2934 4814 Ἐκκλησία,
2974 4745 3105 4796 ὅπου
3132 4746 3543 4814 πεπιστεύμεθα
3570 4746 3632 4794 τὰ
3658 4760 3732 4794 τιο

2196 4831 2460 4899 μιώτατα,
2498 4833 2694 4901 μᾶλλον
2725 4833 2778 4884 δὲ
2804 4834 2869 4884 τὰ
2899 4835 3038 4902 ὑπὲρ
3069 4838 3250 4887 πᾶσαν
3275 4837 3467 4905 τιμὴν,
3503 4837 3536 4887 ἄ
3561 4838 3654 4886 εἱσι
3678 4833 3730 4884 τὸ

2195 4922 2352 4984 σῶμα
2398 4925 2491 4976 καὶ
2532 4923 2592 4973 τὸ
2631 4919 2768 4990 αἷμα
2805 4923 2900 4974 τοῦ
2951 4925 3213 4993 Χριστοῦ.
3267 4926 3450 4977 Εἰπὼν
3496 4929 3616 4987 ἀνω,
3657 4925 3727 4973 ὅτι

2203 5014 2577 5076 Ἑπισκιάζετε
2610 5015 2668 5064 τὸ
2699 5015 2864 5066 κακδν
2887 5051 2902 5076 ,
2936 5017 3028 5065 νῦν
3061 5017 3153 5067 καὶ
3190 5017 3304 5076 πῶς
3337 5016 3726 5081 ἐπισκιάζουσι,

2192 5102 2337 5168 λέγει
2367 5119 2380 5134 ⁸
2431 5103 2747 5170 Νομίζουσι,
2805 5105 2957 5173 φησι,
3021 5106 3094 5174 μὴ
3147 5107 3506 5176 ἁμαρτάνειν,
3556 5110 3627 5160 ὅτι
3672 5108 3723 5158 οὐ

2191 5193 2555 5260 λαμβάνουσιν
2592 5199 2702 5261 ἃμα
2733 5197 2793 5262 τῇ
2833 5198 3131 5264 χειροτονίᾳ
3151 5235 3166 5260 ,
3198 5197 3337 5248 ἀλλὰ
3374 5200 3509 5266 μετὰ
3538 5198 3688 5249 ταῦτα
3708 5211 3722 5224 °

2193 5279 2374 5332 λαϐεῖν
2424 5282 2478 5331 δέ
2535 5283 2702 5344 ἐστιν,
2757 5283 3043 5346 ὀτεδὴποτε
3103 5285 3160 5336 τὸ
3216 5285 3420 5338 λαϐεῖν.
3477 5288 3584 5340 Κᾶν
3630 5286 3723 5350 γὰρ

2195 5371 2268 5438 μὴ
2299 5371 2562 5437 πρότερόν
2590 5389 2672 5433 τις
2702 5373 2860 5440 λάϐῃ,
2899 5374 2928 5438 ἢ
2967 5374 3054 5423 ὅτε
3092 5381 3414 5443 χειροτονεῖ,
3445 5379 3568 5429 ἀλλὰ
3602 5380 3721 5442 μετὰ

2193 5459 2399 5528 καιρὸν,
2424 5461 2506 5511 διὰ
2529 5463 2622 5528 τὴν
2646 5461 2994 5532 χειροτονίαν,
3021 5463 3080 5516 τὸ
3102 5468 3232 5518 αὑτό
3258 5470 3402 5522 ἐστιν
3427 5468 3717 5535 ἁμάρτημα.
