4006 6492
222 363 328 440 837

1169 378 1250 442 ΙΝ
1281 368 1524 444 EPIST.
1555 382 1617 444 S.
1652 375 1939 442 BASILII
1973 381 2076 443 AD
2114 382 2550 449 EPISCOPOS.

3203 25 3258 42 '55:.“
3277 25 3286 38 _-
3297 23 3334 32 ιο·-
3343 21 3512 40 -Ξᾎτπ-ηυ-
3521 21 3532 26 -

3389 391 3496 458 838

222 486 536 558 Παρακαλῶ
561 487 677 556 οὖν,
704 489 970 544 ἀπόθεσθε
997 490 1200 562 ταύτην
1226 493 1328 562 τὴν
1357 494 1644 563 πρόσοδον,
1677 495 1812 564 μᾶλ-

1919 505 2005 550 est
2024 498 2454 567 quandocunque
2470 499 2738 569 accipere.
2759 496 3017 564 Quamvis
3036 497 3180 554 enim
3205 501 3329 568 quis
3349 503 3501 570 prius

217 581 308 635 λον
338 583 398 636 δὲ
429 583 527 653 τὴν
558 584 929 655 προσαγωγὴν
962 584 1063 655 τὴν
1094 585 1188 638 ἐπὶ
1219 587 1449 654 γέενναν
1472 602 1490 620 ’
1525 591 1557 656 ἡ
1595 588 1708 657 γὰρ
1741 589 1806 641 ἐκ

216 671 478 742 τοιαύτης
527 674 706 738 αἰτίας
751 675 1017 744 πρόσοδος
1056 678 1325 747 προσάγει
1355 681 1420 749 τῇ
1471 683 1664 750 γεέννῃ
1715 679 1806 733 τὸν

217 763 501 833 χρώμενον
520 767 678 838 αὐτῇ,
699 767 807 821 Καὶ
834 769 908 839 μὴ
929 769 1028 832 τὰς
1048 773 1235 838 χεῖρας
1255 771 1573 840 μολύνοντες
1591 771 1808 825 ἀπὸτοῦ

217 855 524 924 λαμϐάνειν
545 899 558 918 ,
588 858 697 910 ἀπὸ
745 860 930 928 πόρων
961 861 1222 914 τοιούτων
1256 863 1513 928 ἀναξίους
1543 865 1809 933 ποιήσητε

216 944 450 1008 ἑαυτοὺς
475 946 563 997 τοῦ
585 949 1142 1017 μεταχειρίζεσθαιτά
1164 952 1296 1020 am
1329 955 1621 1024 μυστήρια,
1641 957 1808 1027 ἤγουν

214 1036 312 1089 τοῦ
365 1039 672 1108 ἱερουργεῖν
718 1041 812 1092 καὶ
859 1041 1007 1095 Θύειν
1053 1044 1114 1095 τὸ
1162 1044 1323 1114 σῶμα
1373 1047 1469 1098 καὶ
1521 1047 1660 1116 αίμα
1711 1048 1806 1100 τοῦ

213 1128 480 1198 Χριστοῦ.
517 1129 640 1181 Ὅτι
674 1129 729 1182 δὲ
767 1133 846 1192 είς
897 1131 1125 1202 ἀπειλὴν
1158 1136 1485 1204 περιέστησε
1521 1135 1614 1188 τὸν
1649 1136 1807 1202 λόγον

222 1221 251 1271 ὁ
281 1218 463 1284 ἅγιος,
503 1220 675 1272 εἰπὼν
725 1222 782 1273 ἐν
812 1222 952 1292 ἀρχῇ
982 1227 1078 1292 τῆς
1109 1227 1426 1295 ἐπιστολῆς,
1459 1229 1542 1279 ὅτι
1575 1227 1808 1280 ἄπιστον

213 1311 520 1380 ἡγησάμην
541 1312 600 1364 τὸ
616 1314 869 1381 πρᾶγμα,
902 1313 1237 1385 συγγνώμην
1255 1318 1417 1369 αίτεί.
1450 1316 1511 1368 Ἦ
1531 1318 1587 1370 δὲ
1610 1319 1807 1388 ἀπειλή

215 1403 339 1454 ἐστι
394 1404 452 1454 τὺ
505 1404 704 1472 μηκέτι
754 1405 989 1473 ἐαοῆναι
1040 1396 1130 1458 τδν
1179 1408 1316 1477 μετὰ
1363 1409 1462 1478 τὴν
1517 1410 1808 1479 ἐπιστολὴν

213 1491 465 1545 τοιοῦτον
504 1509 556 1545 τι
602 1495 901 1564 ποιήσαντα
937 1497 1018 1559 εἰς
1058 1497 1447 1567 θυσιαστήριον
1485 1502 1805 1571 ἐνεργῆσαι.

225 1581 608 1653 Ἀναχωρήσει
657 1587 790 1656 γὰρ,
839 1589 1025 1655 φησιν,
1068 1590 1094 1640 ὁ
1136 1588 1378 1652 τοιοῦτος
1425 1592 1535 1643 τῶν
1574 1593 1810 1647 ἐνταῦθα

214 1672 648 1743 ουσιαστηρίων,
681 1679 804 1730 ἀντὶ
828 1678 920 1730 τοῦ
945 1678 1327 1748 κωλυθήσεται
1354 1674 1454 1748 ᾦδε
1485 1684 1806 1751 ἱερατεύειν,

213 1759 311 1810 καὶ
333 1759 522 1812 λοιπὸν
543 1762 708 1831 ἄλλην
731 1766 916 1834 χώραν
947 1767 1186 1835 αἰτήσει,
1210 1771 1267 1822 ἐν
1363 1771 1683 1835 ἐξωνίσεται
1707 1773 1808 1841 τὴν

211 1850 433 1920 δωρεὰν
467 1853 560 1904 τοῦ
593 1854 726 1907 Θεοῦ
749 1895 762 1918 ,
795 1856 890 1907 καὶ
925 1859 1312 1927 μεταπωλήσει
1347 1862 1538 1930 αὑτήν.
1574 1865 1683 1914 Καὶ
1719 1867 1810 1916 ἐπὶ
1841 1845 1886 1902 Β

212 1942 431 2007 τούτοις
462 1945 530 1995 τὰ
555 1947 893 1998 ἁποστολικὰ
919 1949 1114 2016 ἐπάγει
1141 1951 1314 2018 ῥητά*
1356 1953 1544 2020 Ἡμεῖς
1573 1956 1680 2022 γὰρ
1712 1955 1812 2007 καὶ

211 2039 276 2089 αἱ
325 2037 682 2105 Ἑκκλησίαι
708 2040 814 2094 τοῦ
843 2041 992 2094 Θεοῦ
1025 2043 1310 2108 τοιαύτην
1331 2044 1667 2111 συνήθειαν
1701 2049 1811 2099 οὐκ

210 2128 461 2197 ἔχομεν.
505 2126 650 2192 Εἶτά,
684 2149 872 2201 φησιν,
915 2134 999 2185 ὅτι
1032 2133 1091 2185 τὸ
1135 2133 1338 2188 πωλεῖν
1376 2133 1474 2204 τὴν
1515 2136 1676 2205 χάριν
1715 2137 1811 2189 τοῦ

209 2216 566 2287 Πνεύματος,
619 2219 708 2275 διὰ
761 2221 1137 2294 φιλαργυρίαν
1195 2230 1448 2294 γίνεται,
1509 2229 1630 2297 ἥτις
1685 2231 1813 2296 ῥίζα

212 2309 448 2362 πάντων
481 2311 591 2364 τῶν
619 2313 809 2365 κακῶν
839 2316 957 2368 ἐστι
977 2355 993 2381 ,
1027 2315 1124 2368 καὶ
1154 2317 1492 2386 ὀνομάζεται
1526 2319 1813 2372 είδωλολα-

214 2400 371 2471 τρία.
419 2401 512 2473 Μὴ
545 2402 639 2458 οὖν
673 2407 1061 2477 προτιμήσητε
1099 2407 1170 2462 τὰ
1200 2409 1399 2463 εἴδωλα
1445 2410 1541 2465 τοῦ
1572 2409 1824 2482 Χριστοῦ

212 2493 305 2547 διὰ
343 2495 545 2565 μικρὸν
573 2495 863 2567 ἀργύριον.
907 2498 1062 2553 Ἐπεὶ
1089 2500 1198 2572 γὰρ
1232 2502 1266 2572 ἠ
1293 2501 1631 2574 φιλαργυρία
1663 2505 1816 2558 είδω-

209 2585 481 2657 λολατρία
539 2588 725 2653 ἐστιν,
787 2591 815 2642 ὁ
871 2589 961 2643 διὰ
1024 2591 1398 2663 φιλαργυρίαν
1459 2594 1659 2648 πωλῶν
1715 2597 1814 2666 τὴν

209 2679 431 2749 δωρεὰν
470 2677 564 2731 τοῦ
603 2679 736 2732 Θεοῦ
784 2684 1123 2752 προτιμᾶται
1161 2685 1229 2737 τὰ
1274 2686 1472 2740 εἴδωλα
1514 2688 1607 2740 τοῦ
1652 2688 1812 2752 Θεοῦ,

208 2770 317 2822 ’καὶ
373 2773 631 2841 μιμεῖται
667 2773 759 2825 τὸν
814 2775 1036 2828 Ἰούδαν.
1095 2777 1182 2839 Ὠς
1227 2779 1333 2847 γὰρ
1382 2779 1591 2841 ἐκεῖνος
1630 2780 1715 2831 διὰ
1757 2782 1814 2831 τὸ

217 2863 493 2936 κερδῆσαι
529 2863 596 2918 τὰ
639 2865 876 2936 ἀργύρια
925 2868 1210 2937 παρέδωκε
1250 2869 1340 2922 τὸν
1375 2871 1627 2940 Χριστὸν,
1676 2872 1816 2924 οὕτω

218 2962 315 3010 καί
343 2954 490 3012 οὗτοι
521 2958 862 3025 προδιδόασιν
896 2959 1114 3022 ἑκόντες
1135 2960 1392 3031 δευτέραν
1421 2963 1501 3024 είς
1524 2963 1816 3033 προδοσίαν

209 3050 307 3100 τὸν
337 3049 596 3119 Χριστὸν,
629 3048 686 3113 ὃς
717 3049 865 3114 ἅπαξ
894 3049 1036 3119 ὑπὲρ
1058 3051 1216 3120 ἡμῶν
1244 3051 1585 3121 ἐσταυρώθη.
1617 3053 1816 3105 Τοσοῦ-

1915 604 2022 642 non
2051 592 2345 658 acceperit,
2375 591 2458 646 vel
2489 589 2707 660 quando
2737 589 2972 656 ordinat,
3009 590 3107 646 sed
3151 591 3332 660 aliquo
3378 605 3501 663 post

1916 687 2180 748 tempore,
2209 689 2436 751 propter
2464 679 2686 734 ordines
2727 693 2757 733 a
2811 693 2873 733 se
2919 677 3168 742 collatos,
3223 679 3365 733 idem
3414 689 3500 734 est

1918 779 2225 838 peccatum.
2253 770 2534 824 Adhortor
2569 769 2754 838 igitur,
2791 779 2849 822 ut
2880 769 3022 822 hunc
3048 769 3329 837 deponatis
3359 771 3500 824 redi-

1912 870 2045 926 tum,
2073 861 2156 915 vel
2190 862 2370 928 potius
2400 860 2466 915 ad
2506 861 2808 930 gehennam
2839 861 3043 914 aditum
3070 877 3093 926 ς
3121 860 3326 915 reditus
3349 860 3496 914 enim

1913 951 2014 1005 hoc
2043 953 2204 1006 modo
2236 951 2538 1022 acquisitus
2584 965 2648 1005 eo
2680 958 2917 1003 utentem
2959 949 3024 1002 ad
3070 952 3370 1017 gehennam
3402 953 3501 1004 du-

1909 1043 1984 1096 cit
2029 1062 2046 1099 :
2088 1053 2142 1098 et
2177 1059 2247 1097 ne
2297 1059 2488 1098 manus
2535 1053 2743 1097 vestras
2799 1041 3112 1112 accipiendo
3156 1042 3498 1110 polluentes,

1916 1148 2013 1199 per
2043 1135 2352 1200 huiusmodi
2388 1143 2627 1202 quaestus
2675 1142 2886 1186 vosmet
2931 1133 3179 1202 indignos
3226 1133 3498 1200 reddatis,

1909 1224 2002 1292 qui
2031 1235 2217 1278 sancta
2252 1226 2505 1294 mysteria
2535 1225 2883 1280 contrectetis
2913 1241 2926 1289 ;
2959 1224 3214 1278 nimirum
3275 1226 3364 1293 qui
3412 1241 3502 1278 sa-

1909 1329 2000 1368 era
2041 1317 2324 1370 celebretis
2358 1324 2412 1369 et
2455 1331 2649 1383 corpus
2675 1326 2730 1369 et
2767 1315 3085 1383 sanguinem
3117 1315 3316 1369 Christi
3359 1315 3497 1370 oﬂ‘u-

1912 1406 2064 1460 ratis.
2099 1408 2364 1470 Quoniam
2403 1419 2581 1461 autem
2613 1407 2914 1460 orationem
2957 1415 3194 1460 sant-tus
3225 1407 3292 1459 ad
3329 1407 3500 1459 minas

1911 1509 2270 1561 converterat,
2310 1501 2462 1553 initio
2496 1498 2748 1568 Epistola:
2779 1499 2964 1552 dicens
2991 1535 3006 1560 ,
3043 1499 3182 1564 quod
3247 1513 3359 1550 rem
3415 1499 3497 1549 in-

1911 1587 2223 1641 credibilem
2283 1590 2630 1653 existimavi,
2688 1589 2898 1641 veniam
2959 1589 3111 1656 petit.
3139 1586 3503 1641 Cmmninatio

1911 1688 2015 1743 est,
2041 1679 2181 1744 quod
2204 1679 2295 1747 qui
2329 1690 2450 1748 post
2478 1683 2618 1732 hanc
2647 1679 2937 1746 Epistulam
2965 1679 3174 1743 aliquid
3199 1678 3503 1733 istiu~nmdi

1913 1773 2323 1838 perpetraverit,
2357 1771 2424 1823 ad
2451 1772 2621 1823 altare
2652 1769 2882 1838 amplius
2916 1769 3196 1822 celebrare
3229 1786 3332 1822 non
3365 1785 3493 1837 per-

1917 1869 2177 1916 mittetur.
2212 1861 2359 1918 Talis
2387 1865 2530 1916 enim
2569 1864 2635 1915 ab
2673 1861 2959 1923 altaribus.
2995 1863 3211 1930 inquit,
3247 1878 3366 1929 quae
3419 1865 3507 1916 hic

1917 1960 2063 2016 Sunt,
2101 1955 2347 2017 recedet;
2383 1954 2482 2005 boc
2514 1960 2617 2014 est,
2649 1965 2806 2004 sacra
2844 1951 2946 2005 hoc
2976 1950 3027 2003 in
3072 1953 3191 2003 loco
3231 1952 3508 2005 Ct'lebl'itl‘e

1918 2037 2318 2109 prohibebitur,
2338 2051 2390 2096 et
2413 2041 2574 2093 aliam
2603 2043 2653 2093 in
2690 2051 2964 2107 posterum
2985 2041 3257 2110 regionem
3279 2055 3505 2109 qnmret,

1917 2132 1972 2186 in
2007 2146 2112 2200 qua
2143 2132 2344 2186 donum
2375 2129 2468 2184 Dei
2497 2133 2747 2194 redimat,
2775 2131 3027 2199 idemque
3055 2133 3274 2185 vendat.
3309 2134 3508 2187 Adha-c

1918 2222 2212 2290 apostolica
2243 2223 2490 2290 producit
2523 2222 2687 2276 verba
2718 2239 2733 2286 ;
2766 2220 2881 2275 Nos
2907 2222 3043 2275 enim
3065 2231 3114 2276 et
3141 2221 3391 2277 Ecclesia:
3418 2223 3510 2276 Dei

1917 2314 2074 2368 talem
2103 2331 2204 2368 non
2242 2315 2493 2369 habemus
2546 2315 2983 2368 consuetudinem
3015 2317 3056 2369 ⁸.
3120 2311 3314 2370 Postea
3358 2316 3510 2380 dicit,

1919 2405 2065 2476 quod
2111 2406 2352 2462 venditio
2420 2406 2608 2478 gratias
2657 2406 2892 2477 Spiritus
2946 2413 3172 2476 propter
3222 2407 3506 2461 avaritiam

1919 2496 2060 2552 facta
2078 2507 2178 2563 est,
2217 2514 2337 2567 quae
2368 2499 2518 2553 radix
2551 2507 2636 2553 est
2662 2498 2904 2552 omnium
2940 2498 3206 2552 malorum
3235 2537 3253 2562 ,
3283 2507 3337 2552 et
3401 2499 3515 2551 ido-

1920 2588 2126 2644 lolatria
2151 2589 2481 2644 nominatur.
2516 2588 2658 2644 ldola
2690 2590 2868 2659 itaque
2885 2589 3103 2644 Christo
3127 2598 3349 2658 propter
3374 2604 3507 2658 pau-

1920 2682 2085 2736 lulum
2118 2683 2366 2751 pecunia:
2428 2697 2494 2737 ne
2548 2682 2870 2752 praferatis.
2900 2672 3035 2736 Cum
3087 2681 3231 2736 enim
3287 2682 3514 2735 avaritia

1920 2773 2223 2827 idololatria
2259 2774 2373 2837 sit,
2407 2774 2496 2843 qui
2547 2782 2770 2843 propter
2828 2774 3114 2827 avaritiam
3169 2774 3368 2826 donum
3420 2773 3513 2826 Dei

1923 2866 2143 2932 vendit,
2203 2867 2343 2921 idola
2401 2866 2509 2920 Deo
2565 2865 2806 2934 praefert,
2871 2876 2925 2918 et
2993 2865 3185 2918 ludam
3246 2866 3514 2920 imitatur.

1921 2957 2381 3023 Quemadmodum
2417 2957 2562 3012 enim
2596 2956 2682 3010 ille
2710 2954 2990 3009 Christum
3035 2955 3292 3024 prudidit,
3331 2966 3391 3009 ut
3422 2971 3518 3008 ar-

1927 3062 2144 3120 gentum
2178 3050 2483 3103 lucraretur
2517 3048 2635 3102 :sie
2670 3049 2720 3101 hi
2756 3049 2991 3102 secunda
3027 3047 3332 3116 proditione
3349 3048 3510 3102 Chri-

210 3153 308 3190 τον
337 3137 392 3188 δὲ
428 3143 583 3205 φησι,
619 3141 710 3191 τὸν
751 3139 954 3191 Ἰούδαν
991 3140 1285 3208 μιμοῦνται
1311 3142 1360 3193 oi
1390 3143 1489 3211 τὴν
1515 3143 1673 3212 χάριν
1701 3160 1812 3196 πω-

1931 3155 2075 3196 stum
2113 3151 2303 3210 sponte
2335 3143 2591 3211 produnt,
2616 3142 2704 3210 qui
2729 3140 2893 3194 semel
2922 3154 3019 3210 pro
3051 3140 3206 3192 nobis
3228 3142 3516 3193 crucilixus

212 3228 438 3291 λοῦντες
466 3230 559 3281 τοῦ
591 3232 927 3299 Πνεύματος,
954 3232 1035 3283 ὅτι
1067 3234 1160 3284 καὶ
1186 3233 1254 3284 τὰ
1276 3233 1472 3302 χωρία,
1501 3235 1567 3286 τὰ
1589 3235 1674 3287 διὰ
1706 3237 1813 3288 τῶν

214 3320 507 3390 ἀργυρίων
531 3321 736 3374 τούτων
767 3322 1074 3390 ὠνούμενοι,
1105 3324 1270 3392 ἤγουν
1300 3326 1356 3376 αἱ
1382 3325 1610 3395 ὲνορίαι,
1639 3329 1730 3378 καὶ
1760 3330 1814 3380 αἱ

213 3413 407 3481 κῶμαι
448 3414 504 3464 ἐν
541 3409 627 3474 αἷς
666 3414 1120 3484 ὲπικηρύττονται
1155 3417 1204 3467 οἱ
1234 3414 1376 3468 οὕτω
1406 3419 1816 3488 χειροτονούμε-

215 3518 324 3566 νοι,
363 3503 463 3554 καὶ
495 3504 550 3554 al
581 3505 782 3572 χεῖρες,
816 3505 872 3556 αἱ
905 3505 1030 3565 τοὺς
1069 3506 1314 3574 καρποὺς
1347 3508 1568 3569 τούτους
1597 3509 1816 3578 δεχόμε-

215 3607 327 3657 ναι,
382 3589 696 3658 Ἀκελδαμὰ
734 3591 1100 3663 κληθήσονται
1123 3609 1136 3624 ο
1180 3596 1317 3663 ὅπερ
1351 3592 1638 3661 Ἑϐραῖκόν
1673 3597 1810 3662 ἐστι,

213 3682 700 3752 ἐξελληνιςόμενον
735 3683 789 3736 δὲ
821 3685 987 3754 τιμὴν
1018 3689 1108 3737 καὶ
1147 3689 1345 3756 χωρίον
1376 3687 1610 3754 αἵματος
1640 3689 1816 3758 ἑρμη-

216 3774 464 3828 νεύεται.
527 3774 754 3844 Εἴρηται
807 3776 862 3828 δὲ
918 3779 977 3828 ὲν
1033 3780 1097 3846 τῇ
1152 3778 1318 3846 βίϐλῳ
1375 3778 1481 3831 τῶν
1533 3780 1812 3849 Πράξεων.

218 3864 396 3918 Τοῦτο
429 3864 519 3917 οῦν
553 3867 700 3918 ἐστιν
730 3866 756 3917 ὃ
783 3866 928 3934 λέγει
955 3883 970 3897 ο
1005 3869 1088 3919 ὃτι
1119 3867 1309 3937 ὥσπερ
1337 3871 1363 3920 ὁ
1389 3869 1476 3922 διὰ
1511 3872 1617 3922 τῶν
1647 3873 1817 3938 ἀργυ-

219 3957 383 4029 ρίων,
438 3957 504 4009 δι’
548 3953 622 4011 ὧν
665 3960 878 4030 ἐπράθη
936 3962 1088 4028 παρά
1129 3960 1223 4012 τοῦ
1285 3961 1454 4016 Ἰούδα
1510 3963 1538 4014 ὁ
1591 3964 1814 4034 Κύριος,

219 4051 562 4122 ἀγορασθεὶς
595 4052 762 4120 ἀγρὸς
808 4050 941 4122 τιμὴ
988 4052 1220 4122 αἵματος
1261 4053 1513 4124 ἐλογίσθη
1560 4058 1653 4107 καὶ
1687 4056 1820 4108 ὠνο-

223 4143 440 4212 μάσθη,
502 4143 643 4196 οὕτω
690 4145 782 4195 καὶ
831 4144 898 4196 τὰ
944 4144 1330 4214 λαμϐανόμενα
1377 4146 1618 4216 ἀργύρια
1670 4152 1821 4219 παρᾶ

219 4235 336 4288 τῶν
371 4233 701 4288 πωλούντων
734 4235 830 4307 τὴν
852 4236 1060 4304 δωρεὰν
1088 4237 1181 4290 τοῦ
1207 4237 1365 4305 Θεοῦ,
1395 4239 1489 4292 καὶ
1509 4239 1567 4290 αἱ
1590 4239 1820 4308 ὲνορίαι,

220 4326 325 4380 καὶ
375 4328 435 4382 αί
485 4327 689 4394 κῶμαι,
744 4329 802 4381 ὲν
847 4323 935 4390 αἷς
987 4331 1035 4381 οἱ
1085 4329 1315 4393 διδόντες
1362 4334 1818 4401 χειροτονοῦνται,

219 4420 364 4490 τιμὴ
397 4420 632 4489 αἵματος
667 4423 879 4476 ἕπονται
913 4426 1007 4476 καὶ.
1039 4424 1422 4494 κληθήσονται.

309 4604 370 4655 '.'
406 4607 529 4656 (Zur.
569 4619 643 4671 χι,
679 4605 768 4658 16.

1925 3244 2026 3286 est.
2051 3232 2149 3297 Qui
2175 3233 2402 3300 gratiam
2423 3241 2605 3285 autem
2627 3232 2862 3298 Spiritus
2883 3233 3143 3290 vendunt,
3161 3245 3334 3298 usque
3358 3234 3514 3297 adeo,

1926 3320 2335 3392 inquitJudam
2369 3322 2672 3384 imitantur,
2699 3329 2756 3373 ut
2795 3321 2996 3384 prandia
3035 3319 3126 3372 tali
3160 3332 3383 3390 argento
3404 3336 3517 3374 em-

1926 3424 2039 3483 pta,
2073 3413 2188 3468 sive
2219 3409 2487 3482 regiones,
2523 3421 2576 3466 et
2607 3413 2735 3476 vici,
2773 3413 2823 3464 in
2861 3413 3056 3480 quibus
3087 3414 3514 3479 constituuntur,

1927 3506 2017 3574 qui
2057 3507 2235 3559 istboc
2266 3507 2423 3560 modo
2475 3506 2694 3559 ordines
2747 3506 2849 3559 sibi
2898 3506 3129 3558 collatos
3189 3506 3426 3568 habent,
3466 3515 3522 3559 et

1928 3613 2141 3662 manus,
2177 3613 2296 3666 qua:
2329 3600 2459 3652 istos
2502 3596 2707 3651 fructus
2736 3598 3049 3665 accipiunt,
3083 3596 3375 3650 Akeldama
3425 3613 3519 3649 vo-

1927 3693 2229 3756 cabuntur;
2268 3690 2410 3760 quod
2442 3688 2766 3743 llebraicnm
2798 3698 2902 3752 est,
2937 3688 3125 3741 Graece
3159 3700 3339 3740 autem
3388 3686 3518 3739 Pre-

1925 3783 2058 3836 tium
2089 3793 2144 3834 et
2173 3797 2359 3851 agrum
2395 3781 2674 3849 sanguinis
2698 3780 2986 3849 signilieat.
3015 3778 3301 3833 llel’eretnr
3331 3789 3516 3831 autem

1926 3874 1979 3926 in
2007 3874 2145 3926 libro
2178 3873 2455 3926 Actorum.
2490 3871 2602 3925 Hoc
2639 3873 2803 3939 igitur
2851 3883 2933 3925 est
2959 3871 3102 3938 quod
3155 3871 3284 3924 dicit
3320 3889 3333 3924 :
3377 3870 3516 3938 quod

1926 3967 2064 4019 sicut
2094 3979 2244 4034 ager,
2275 3963 2363 4031 qui
2397 3963 2636 4016 nummis
2668 3964 2964 4031 argenteis,
2995 3976 3091 4028 pro
3123 3962 3322 4029 quibus
3388 3977 3516 4014 ven-

1925 4057 2069 4109 dit-ts
2095 4065 2176 4108 est
2209 4054 2471 4108 Dominus
2492 4094 2506 4118 ,
2541 4063 2756 4122 emptus
2785 4063 2869 4107 est
2899 4090 2914 4116 ,
2949 4054 3184 4120 pretium
3237 4054 3520 4123 sanguinis

1927 4160 2204 4222 reputatus
2234 4159 2316 4204 est
2351 4159 2404 4204 et
2431 4150 2774 4216 nominatus;
2816 4150 2900 4204 sic
2927 4151 3089 4203 etiam
3125 4162 3410 4217 argentum
3449 4153 3519 4203 ab

1927 4246 2015 4308 iis,
2048 4244 2138 4313 qui
2165 4243 2362 4297 donum
2389 4241 2483 4296 Dei
2521 4244 2796 4307 vendunt,
2832 4252 3112 4310 acceptum
3140 4283 3155 4308 ,
3179 4253 3232 4296 et
3271 4243 3518 4311 regiones

1925 4347 1979 4393 et
2006 4337 2130 4399 vici,
2169 4337 2222 4390 in
2251 4335 2447 4405 quibus
2469 4334 2792 4388 ordinantur
2821 4335 2896 4388 illi
2925 4336 3015 4403 qui
3064 4335 3360 4400 dederunt,
3396 4349 3518 4404 pre-

1927 4431 2060 4482 tium
2094 4427 2374 4496 sanguinis
2405 4434 2566 4480 erunt
2597 4435 2649 4479 et
2679 4425 3116 4495 appellabuntur.
