4006 6470
164 403 264 467 θὸτ

896 403 977 463 ΙΝ
1020 403 1266 466 EPIST.
1303 403 1367 465 S.
1399 403 1783 464 GBEGORII
1822 400 2146 465 NYSSENI
2194 406 2291 466 AD
2335 407 2706 468 LETOIUM.

3335 401 3442 467 858

170 519 351 590 χάριτι
398 518 510 572 τῶν
562 518 948 588 μολυσμάτων,
978 517 1013 573 ἃ
1056 518 1147 572 διὰ
1192 517 1293 587 τῆς
1347 517 1548 581 κακίας
1592 516 1745 586 αὐτῷ

1873 517 2403 589 ldducere'oportere
2430 521 2654 577 Pasclue
2683 529 2925 589 tempore
2948 559 2964 584 .
3022 518 3114 574 scd
3158 533 3252 576 eos
3275 519 3440 573 etiam

172 608 629 679 προσετρίϐησαν.
673 609 747 663 Οὐ
778 609 1000 673 τούτους
1034 608 1130 664 οὖν
1163 609 1344 679 μόνον,
1406 607 1562 679 φησί,
1586 622 1753 677 προσ-

175 700 329 766 άγειν
359 696 537 769 χρεὼν
556 698 696 751 κατὰ
731 697 823 750 τὸν
851 697 945 752 τοῦ
991 698 1185 770 Πάσχα
1237 698 1449 768 καιρὸν,
1492 698 1628 751 ἀλλὰ
1659 698 1754 749 καὶ

171 792 295 855 τοὺς
337 788 728 861 μετανοοῦντας
765 792 861 845 καὶ
882 793 945 845 εκ
986 791 1096 843 τῶν
1120 790 1330 860 νεκρῶν
1370 790 1549 860 ἔργων
1580 793 1753 843 επαν-

176 882 354 944 ιᾶντας
418 884 499 943 είς
549 883 647 951 τὴν
697 881 880 945 ζῶσαν
920 882 1060 937 ὁδόν.
1109 870 1371 936 Τοῦτοδὲ
1411 882 1470 934 εν
1513 883 1581 950 τῇ
1616 880 1754 950 πρδς

186 972 474 1042 Ἐϐραίους
520 973 819 1043 Ἐπιστολῇ
845 973 920 1043 τῷ
969 974 1191 1044 μεγάλῳ
1254 974 1469 1044 εἴρηται
1531 971 1750 1037 Παύλῳ,

174 1065 344 1132 νεκρά
398 1064 690 1117 καλέσαντι
749 1062 909 1133 ἔργα,
961 1063 1031 1117 τά
1081 1063 1350 1127 δυσωδίας
1419 1064 1519 1134 τὴν
1572 1063 1753 1133 ψυχὴν

176 1154 488 1225 πληροῦντα
521 1157 614 1207 καὶ
641 1156 787 1225 ἡμᾶς
818 1155 1162 1225 ἀκαθάρτους
1193 1154 1474 1211 ποιοῦντα.
1523 1155 1610 1220 Ὠς
1642 1157 1754 1224 γάρ

173 1248 327 1316 παρᾶ
357 1245 434 1315 τῷ
480 1245 631 1316 νόμῳ
668 1246 746 1316 τῲ
794 1246 1009 1317 παλαιῷ
1039 1248 1067 1298 ὁ
1090 1246 1185 1301 τοῦ
1237 1245 1432 1316 νεκροῦ
1471 1246 1754 1315 ἁψάμενος

174 1337 488 1407 ἀκάθαρτος
511 1337 815 1406 ὲνομίζετο,
849 1340 993 1393 οὕτω
1019 1341 1113 1393 καὶ
1137 1342 1165 1393 ὁ
1188 1339 1299 1393 τῶν
1337 1339 1549 1410 νεκρῶν
1576 1338 1754 1409 ἔργων

174 1430 488 1497 ἁπτόμενος
530 1428 841 1498 ἀκάθαρτος
902 1429 1151 1502 κρίνεται
1194 1430 1273 1499 τῷ
1313 1430 1453 1502 Θεῷ,
1494 1430 1755 1502 καθαιρό-

179 1534 341 1588 μενος
391 1518 449 1570 δὲ
478 1518 563 1571 διὰ
604 1519 700 1585 τῆς
750 1519 1040 1588 μετανοίας
1083 1519 1363 1574 ἐπάνεισιν
1387 1523 1467 1585 εἰς
1495 1519 1613 1572 ὁδὸν
1652 1520 1757 1583 ζῶ-

179 1632 279 1668 σαν
306 1630 321 1643 ·
352 1615 384 1682 ἡ
430 1615 569 1682 πρὸς
613 1613 746 1673 Θεὸν
777 1612 986 1680 ἄγουσα
1016 1612 1073 1666 δέ
1109 1613 1257 1667 ἔστιν
1295 1614 1329 1683 ἡ
1373 1612 1524 1675 ζῶσα
1553 1612 1691 1677 ὁδὸς,
1721 1615 1753 1685 ὴ

179 1708 279 1773 τὴν
311 1705 460 1774 ζωὴν
505 1706 637 1774 ἡμῖν
686 1704 1026 1774 προξενοῦσα
1060 1704 1161 1768 τὴν
1215 1705 1541 1774 μέλλουσαν,
1582 1704 1757 1775 ἡτῶν

180 1798 450 1890 νεκρῶνῆ
504 1797 599 1849 καὶ
633 1796 970 1867 νεκρούντων
1010 1797 1162 1865 ἡμᾶς
1204 1797 1514 1867 χωρίζουσα
1553 1796 1754 1867 ἔργων,
1791 1836 1831 1890 Β

181 1888 288 1941 τῶν
319 1887 724 1953 ἀποξενούντων
756 1887 857 1954 τῆς
899 1885 1181 1957 σωζούσης
1229 1888 1466 1951 ἐλπίδος,
1508 1887 1756 1941 τουτέστι

182 1974 279 2051 τῆς
308 1982 585 2053 βασιλείας
614 1981 706 2034 τοῦ
738 1980 899 2045 Θεοῦ,
928 1981 1050 2051 ἥτις
1074 1980 1408 2052 ἐλπιζομένῃ
1439 1979 1605 2044 σώζει
1628 1981 1760 2044 τοὺς

183 2073 360 2130 ταῦτα
409 2072 748 2136 ἐλπίζοντας,
805 2071 1056 2141 βιοῦντας
1116 2071 1261 2125 κατὰ
1310 2070 1411 2132 τὰς
1468 2070 1563 2124 τοῦ
1620 2067 1757 2123 Θεοῦ

186 2168 433 2229 ἐντολὰς,
489 2166 579 2219 ῐνα
637 2164 846 2233 ταύτης
906 2163 982 2233 μὴ
1034 2162 1422 2233 ἀποτύχωμεν.
1477 2162 1635 2214 Ἐστι
1680 2160 1757 2225 δὲ,

186 2262 375 2328 φησιν,
416 2259 476 2311 οὗ
509 2259 704 2325 μικρὸν
749 2256 911 2325 εργον
958 2257 1020 2309 τὸ
1067 2255 1427 2326 οίκονομῆσαι
1472 2256 1603 2317 τοὺς
1633 2254 1761 2320 περὶ

187 2351 395 2404 τούτων
451 2350 668 2417 λόγους,
719 2349 962 2418 δηλονότι
1027 2348 1139 2402 τῶν
1199 2346 1647 2418 μετανοούντων,
1705 2347 1763 2397 ὲν

188 2442 321 2511 ὀρθῇ
349 2443 551 2511 κρίσει.
591 2441 729 2495 κατὰ
766 2441 855 2494 τὸν
888 2440 1055 2494 Δα6“ιδ
1095 2441 1321 2508 λέγοντα
1373 2440 1502 2509 περὶ
1534 2436 1628 2491 τοῦ
1661 2454 1761 2505 φο-

188 2534 456 2590 ϐουμένου
501 2534 589 2586 τὸν
646 2533 876 2601 Κύριον,
910 2530 1310 2599 Οἰκονομήσει
1362 2532 1505 2598 τοὺς
1541 2533 1763 2599 ⁸λόγους

188 2624 376 2679 αὐτοῦ
425 2625 496 2678 ἐκ
545 2627 760 2693 κρίσει,
811 2625 907 2681 καὶ
958 2625 1025 2678 τὰ
1067 2625 1217 2691 ἑξῆς.
1268 2624 1378 2677 Καί
1437 2640 1603 2695 φησιν
1659 2623 1764 2684 ὅτι,

188 2716 377 2789 ῶσπερ
407 2719 519 2777 τοῖς
549 2717 657 2768 τῶν
688 2697 956 2783 σωμάτων
989 2716 1353 2784 θεραπευταῖς
1375 2714 1453 2767 ei:
1484 2715 1585 2785 μέν
1615 2716 1766 2768 ἐστιν

188 2809 217 2878 ῤ
248 2807 469 2870 σκοπὸς.
498 2808 563 2861 εκ
602 2807 701 2875 τῆς
742 2807 994 2876 ίατρικῆς
1042 2808 1237 2877 τέχνης
1289 2808 1350 2860 τὸ
1386 2806 1648 2860 ἰάσασθαι
1676 2806 1768 2859 τὸν

192 2899 653 2970 ἆρρωστοῦντα,ή
681 2899 737 2952 δι
772 2899 1139 2970 μεταχείρισις
1185 2899 1284 2970 οὐχ
1309 2900 1472 2961 ὁμοία
1502 2901 1596 2959 ἐπὶ
1634 2899 1769 2952 πᾶσι

193 2988 307 3048 τοῖς
340 2985 673 3049 ἀσθενοῦσιν,
710 2987 843 3040 ἀλλὰ
886 2989 1030 3040 κατὰ
1074 2989 1175 3049 τὰς
1228 2989 1495 3057 διαφοράς
1544 2988 1654 3041 τῶν
1683 3006 1770 3047 νο-

198 3076 439 3130 σούντων
490 3076 757 3147 σωμάτων
800 3077 1077 3131 ποιοῦνται
1120 3078 1220 3148 τὴν
1268 3079 1627 3148 ἐπιμέλειαν.
1675 3077 1771 3132 καὶ

1857 612 1946 679 qui
1976 621 2143 682 agunt
2169 613 2567 679 pcenitentiam,
2600 623 2657 670 et
2707 629 2737 667 a
2793 614 3025 669 mortuis
3072 613 3328 681 operibus
3375 611 3443 665 ad

1857 704 1999 757 viam
2024 705 2290 761 viventem
2323 706 2642 762 ascendunt.
2684 706 2799 762 Hoc
2824 714 3004 761 autem
3034 706 3087 760 in
3114 703 3352 774 Epistula
3376 704 3443 756 ad

1854 795 2111 881 Hebraeos
2146 812 2174 850 ιι
2222 813 2417 867 magno
2462 793 2631 853 Paulo
2663 798 2863 853 dictum
2919 808 3024 862 est,
3079 797 3171 866 qui
3232 804 3442 850 mortua

1856 888 2075 942 vocavit
2106 901 2292 958 opera,
2327 903 2448 957 qua:
2488 888 2722 943 animam
2763 889 2904 945 malo
2933 888 3098 945 odore
3136 886 3362 957 replent,
3390 897 3444 939 et

1856 995 1960 1035 nos
1984 979 2291 1034 immundos
2352 978 2613 1035 efficiunt.
2674 979 3138 1047 Quemadmodum
3194 979 3335 1033 enim
3391 978 3444 1031 in

1856 1073 1973 1141 lege
2003 1074 2247 1142 antiqua,
2274 1073 2363 1143 qui
2404 1081 2675 1128 mortuum
2708 1072 2885 1141 tetigit
2916 1071 3228 1127 immundus
3256 1069 3448 1125 existi-

1858 1164 2108 1219 mabatur
2145 1180 2158 1217 :
2198 1163 2270 1217 ita
2306 1171 2359 1218 et
2393 1165 2483 1233 qui
2509 1173 2720 1219 mortua
2754 1163 2935 1247 tangit
2991 1176 3153 1230 opera
3212 1162 3448 1216 immun-

1857 1257 1955 1310 dus
1972 1271 2000 1308 a
2038 1255 2146 1310 Deo
2164 1254 2440 1326 judicatus
2466 1265 2573 1321 est,
2593 1270 2689 1324 per
2720 1254 3092 1324 paenitentiam
3122 1261 3300 1307 autem
3317 1264 3437 1321 pur-

1856 1355 2015 1417 gatus
2044 1348 2111 1401 ad
2147 1347 2289 1403 viam
2323 1348 2594 1401 viventem
2629 1345 2941 1400 revertitur.
2975 1343 3110 1410 Quae
3160 1350 3341 1398 autem
3374 1341 3441 1395 ad

1859 1438 2029 1494 Deum
2064 1440 2232 1504 ducit,
2273 1450 2357 1493 est
2399 1454 2462 1493 ea
2497 1438 2583 1493 via
2619 1438 2829 1499 vivens,
2861 1451 2983 1504 qua:
3020 1435 3263 1489 futuram
3297 1430 3454 1489 nobis

1857 1533 2021 1588 vitam
2051 1531 2321 1595 conciliat,
2359 1545 2477 1596 qum
2509 1545 2537 1582 a
2572 1529 2801 1584 mortuis
2850 1527 3105 1597 aperibus
3142 1566 3155 1590 ,
3192 1541 3286 1581 seu
3332 1539 3453 1593 qua

1859 1637 1957 1679 nos
2016 1620 2391 1685 mortificant,
2455 1627 2710 1688 separat,
2781 1632 2902 1687 qua:
2963 1632 2992 1669 a
3058 1624 3314 1671 servante
3357 1627 3454 1683 spe

1861 1729 1956 1768 nos
1991 1713 2302 1769 abalienarit
2330 1751 2344 1772 .
2403 1712 2505 1765 hoc
2543 1720 2627 1765 est
2651 1750 2669 1776 ,
2715 1726 2744 1763 ιι
2804 1724 2973 1779 regno
3006 1708 3137 1771 Dei,
3172 1707 3313 1777 quod
3345 1746 3360 1769 ,
3406 1705 3453 1760 si

1860 1812 2130 1870 speretur,
2186 1813 2364 1857 servat
2417 1816 2514 1856 eos
2593 1800 2683 1871 qui
2758 1808 3000 1868 sperant.
3052 1808 3106 1853 et
3156 1797 3453 1853 sectindum

1863 1896 1956 1951 Dei
2013 1898 2265 1950 mandata
2324 1895 2535 1960 vivunt,
2572 1910 2639 1947 ne.
2690 1894 2758 1946 ab
2795 1906 2861 1947 eo
2909 1892 3251 1946 excidamns.
3295 1888 3455 1959 153

1862 1989 1958 2045 Est
1994 1997 2193 2049 autem,
2224 1987 2418 2053 inquit,
2449 2002 2553 2039 non
2591 1999 2982 2053 parvnmﬁpus
3020 1999 3107 2042 ea.
3131 1998 3253 2051 qua:
3286 1983 3352 2035 de
3390 1982 3457 2033 iis

1861 2082 2119 2138 discenda
2148 2090 2297 2143 sunt,
2326 2079 2393 2134 de
2422 2079 2489 2132 iis
2521 2078 2732 2133 scilicet
2757 2076 2844 2144 qui
2870 2076 3246 2145 paenitentiam
3266 2083 3453 2145 agunt,

1864 2174 2176 2241 dispensare
2244 2172 2294 2222 in
2349 2180 2497 2225 recto
2554 2168 2789 2234 iudicio;
2846 2178 2903 2221 ut
2946 2168 3062 2221 vult
3122 2164 3312 2231 David,
3355 2166 3451 2235 qui

1863 2266 1997 2321 dicit
2024 2267 2086 2316 de
2116 2278 2180 2316 eo
2210 2263 2299 2329 qui
2332 2262 2482 2313 timet
2518 2261 2837 2323 Dominum;
2881 2258 3214 2327 Dirpemabit
3258 2271 3458 2310 sermo—

1866 2376 1953 2413 nes
1995 2374 2118 2411 suos
2163 2357 2217 2410 in
2240 2356 2444 2425 judicio
2467 2357 2506 2415 '.
2544 2364 2598 2407 et
2623 2365 2837 2409 czetcra.
2870 2352 2932 2413 Et
2966 2352 3113 2414 dicit,
3144 2355 3283 2416 quod
3314 2351 3457 2403 sicut

1866 2464 2152 2519 corporum
2185 2448 2407 2501 medicis
2440 2462 2604 2502 unum
2648 2456 2729 2499 est
2752 2446 3054 2499 institutum
3081 2454 3166 2504 ,ιιι
3198 2453 3315 2496 arte
3346 2456 3459 2492 Inc-

1868 2542 1984 2595 dica
2017 2541 2063 2595 ei
2094 2541 2186 2608 qui
2226 2540 2435 2593 laborat
2474 2538 2810 2603 medeantur;
2852 2543 3062 2589 nonest
3097 2544 3275 2587 autem
3302 2532 3455 2586 simi-

1870 2630 1933 2689 lis
1974 2629 2025 2681 in
2061 2628 2312 2682 omnibus
2357 2628 2445 2695 qui
2483 2633 2747 2695 a-grotant
2786 2623 3008 2679 curandi
3045 2625 3201 2687 ratio,
3238 2621 3333 2675 sed
3359 2633 3458 2687 pro

1868 2722 2245 2790 a‘grotantium
2307 2719 2649 2772 diversitate-
2677 2731 2866 2770 eorum
2928 2730 3113 2770 euram
3157 2722 3372 2781 gerunt,
3406 2721 3461 2765 et

1870 2821 2085 2867 aetatum
2125 2818 2179 2862 et
2209 2822 2494 2877 corporum
2527 2806 2881 2875 prOprietates
2917 2806 3275 2872 lmrarumque
3303 2811 3356 2857 et
3385 2802 3462 2854 Io-

1871 2918 2059 2958 corum
2107 2899 2442 2955 differentias
2498 2900 2881 2953 observantes:
2914 2896 2984 2950 ita
3039 2895 3203 2948 etiam
3248 2901 3456 2964 nportct

1871 3008 2019 3058 eum,
2049 2993 2139 3060 qui
2193 2992 2389 3044 anima:
2432 2989 2636 3044 morbis
2689 2988 2956 3050 medetur,
2998 3001 3227 3055 quorum
3274 2984 3461 3037 ιιιιιιιί.

1877 3082 1996 3150 ple:
2036 3092 2120 3142 est
2148 3080 2402 3144 varietas,
2433 3079 2781 3146 multiplicem
2818 3092 3032 3147 quoque
3061 3074 3321 3130 medelam
3359 3073 3458 3126 ad-

195 3166 427 3232 ἡλικιῶν
460 3169 554 3222 καὶ
590 3168 859 3235 σωμάτων
896 3168 1167 3241 ἰδιότητας
1198 3169 1295 3224 καὶ
1320 3172 1464 3243 ὁρῶν
1517 3171 1615 3225 καὶ
1660 3189 1769 3241 χω·

1876 3173 2081 3233 bibere.
2111 3181 2164 3225 ct
2189 3170 2499 3224 morborum
2527 3185 2725 3223 causas
2748 3169 3147 3227 observantem,
3178 3174 3231 3219 et
3266 3164 3458 3215 unius-

195 3256 307 3323 ρῶν
347 3254 825 3325 παρατηρούμενοι
874 3258 1159 3329 διαφοράς,
1193 3258 1336 3312 οὕτω
1374 3259 1481 3331 χρὴ
1534 3259 1632 3313 καὶ
1674 3260 1768 3313 τὸν

196 3346 572 3416 θεραπεύοντα
618 3349 901 3416 νοσήματα
952 3348 1181 3419 ψυχικά,
1236 3345 1312 3405 ὧν
1367 3351 1537 3423 πολλή
1593 3370 1676 3414 τις
1736 3354 1769 3422 ᾗ

196 3438 441 3492 ποικιλία
486 3439 625 3503 ἐστὶ,
671 3439 922 3508 πολυειδῇ
954 3440 1046 3494 καὶ
1089 3439 1187 3512 τὴν
1250 3442 1549 3511 θεραπείαν
1596 3461 1761 3515 προσ·

198 3530 379 3598 άγειν.
429 3531 521 3584 καὶ
569 3534 633 3585 τὰ
659 3531 807 3586 αίτια
850 3531 960 3585 τῶν
1012 3532 1201 3587 πςθῶν
1258 3538 1770 3609 παρατηρούμενον,

200 3625 290 3673 καὶ
321 3623 421 3691 τὴν
455 3622 687 3676 ἑκάστου
725 3624 833 3677 τῶν
883 3624 1294 3692 μετανοούντων
1339 3626 1606 3685 διάθεσιν.
1650 3628 1776 3681 Ἐπὶ

199 3714 410 3776 τούτοις
472 3716 726 3785 τεχνικὴν
771 3718 1006 3771 ποιεῖται
1045 3717 1143 3789 τὴν
1197 3720 1326 3790 περὶ
1373 3719 1481 3774 τῶν
1529 3721 1777 3789 ἁμαρτα-

200 3808 400 3860 νόντων
455 3806 826 3872 διδασκαλίαν,
873 3810 969 3863 καί
1016 3826 1151 3881 φησι
1200 3812 1331 3880 τρία
1362 3807 1505 3865 εἴναι
1543 3812 1611 3865 τά
1645 3813 1776 3882 περὶ

204 3895 300 3965 τὴν
332 3895 510 3965 ψυχὴν
541 3896 697 3965 ἡμῶν
744 3897 1117 3968 θεωρούμενα,
1157 3901 1218 3954 τὸ
1274 3901 1513 3970 λογικὸν,
1551 3904 1611 3956 τδ
1654 3905 1775 3955 ὲπι-

207 3988 530 4057 θυμητικὺν,
555 3989 728 4041 καὶτὸ
752 3988 1058 4058 θυμοειδὲς,
1086 3992 1122 4046 ὃ.
1140 3993 1233 4047 καὶ
1258 3993 1519 4063 δυνάμεις
1546 3994 1777 4064 ψυχικαὶ

206 4082 296 4131 καὶ
330 4079 594 4149 ἰδιότητες
643 4081 1041 4149 ὀνομάζονται·
1084 4083 1180 4136 καὶ
1211 4086 1273 4137 ὲκ
1302 4084 1510 4138 τούτων
1542 4085 1776 4153 φύεσθαι

201 4171 351 4237 λέγει
395 4172 462 4223 τά
513 4170 934 4241 κατορθώματα,
986 4174 1156 4244 ἤγουν
1199 4176 1298 4240 τὰς
1328 4175 1552 4246 ἀρετὰς,
1581 4177 1676 4229 καὶ
1709 4179 1778 4231 τὰ

204 4262 498 4330 πτώματα,
526 4262 695 4332 ἧγουν
727 4262 795 4315 τὰ
836 4264 1233 4336 ἁμαρτήματα.
1285 4268 1392 4319 Καὶ
1423 4267 1507 4319 δεῖ
1549 4270 1641 4321 τὸν
1687 4269 1777 4321 θε-

208 4353 487 4422 ραπευτὴν
559 4354 669 4406 τῶν
719 4356 968 4424 ψυχικῶν
1027 4357 1371 4425 παθημάτων
1434 4361 1661 4412 σκοπεῖν
1714 4364 1780 4414 ἐκ

205 4447 352 4507 τινός
409 4444 519 4498 τῶν
566 4445 813 4515 ψυχικῶν
864 4448 1153 4516 δυνάμεων
1212 4452 1449 4521 συνέστη
1503 4452 1564 4505 τὸ
1598 4451 1781 4523 ἁμάρ-

208 4550 380 4603 τημα,
413 4536 508 4587 καί.
551 4535 695 4588 οῦτω
728 4539 1028 4606 προσάγειν
1079 4538 1155 4609 τῷ
1202 4541 1629 4612 θεραπευομένῳ
1680 4543 1780 4611 τὴν

209 4625 509 4694 θεραπείαν
560 4626 899 4697 κατάλληλον
951 4629 1044 4682 καὶ
1086 4631 1299 4683 οἰκείαν
1355 4633 1433 4701 τῷ
1477 4632 1660 4695 πάθει,
1692 4634 1780 4687 ἴνα

212 4719 285 4784 μὴ
318 4714 378 4784 ἐξ
412 4716 670 4786 ἀπειρίας
696 4717 823 4770 ἄλλο
855 4718 957 4789 μὲν
997 4715 1029 4793 ᾗ
1073 4722 1134 4773 τὸ
1176 4722 1407 4791 πάσχον,
1443 4722 1572 4777 ἄλλο
1620 4724 1678 4777 δι
1720 4724 1781 4776 τι

215 4807 632 4875 ίειτρευόμενον⁸
673 4808 705 4877 ἢ
758 4810 851 4863 καὶ
904 4810 1079 4873 ἄλλως
1124 4812 1243 4865 δέον
1286 4815 1781 4884 μεταχειρίσασθαι

214 4900 272 4951 τὸ
318 4897 551 4967 ψυχικὸν
601 4899 983 4970 ἀρρώστημα,
1037 4905 1064 4955 ὁ
1104 4901 1161 4956 δὲ
1204 4904 1407 4974 ἑτέρως
1450 4905 1581 4959 αὐτὸ
1623 4906 1786 4975 θερα-

216 4986 402 5044 rutis"
457 4991 750 5078 ἐπιχειρῇ·
815 4991 991 5061 ὅπερ,
1056 4995 1223 5062 φησὶ,
1286 4996 1382 5047 καὶ
1449 4997 1498 5047 οί
1569 4996 1783 5066 ἄτεχνοι

216 5078 429 5131 ποιοῦσι
483 5079 593 5130 τῶν
645 5078 867 5149 ἰατρῶν,
917 5082 1012 5133 καί
1074 5099 1215 5145 τινος
1271 5086 1578 5153 πάσχοντος
1636 5088 1779 5140 κατὰ

216 5168 420 5239 θερμοῦ
470 5167 841 5238 πλεονασμὸν,
874 5172 993 5225 δέον
1047 5180 1437 5244 προσενεγκεῖν
1485 5178 1635 5246 αύτῷ
1680 5181 1781 5246 ψυ-

216 5262 446 5332 χρότερά
496 5277 636 5326 τινα,
676 5265 727 5316 εί
772 5267 1192 5334 προσενέγκοιεν
1246 5270 1447 5336 μᾶλλον
1494 5272 1786 5340 ἀπερισκέ-

216 5368 357 5413 πτως
381 5353 767 5422 θερμαίνοντα,
797 5355 1048 5411 δυσίατον
1078 5359 1137 5410 τὸ
1172 5359 1345 5422 πάθος
1380 5359 1667 5430 ἐποίησαν.
1704 5361 1785 5413 Τὰ

215 5445 317 5511 γάρ
348 5443 566 5496 ἐναντία
600 5444 708 5497 τῶν
760 5446 1021 5500 ἐναντίων
1056 5448 1196 5502 είσὶν
1245 5449 1453 5518 ίάματα
1482 5467 1495 5479 ⁸
1530 5450 1626 5503 καὶ
1669 5452 1782 5514 τοῖς

219 5536 313 5603 μιν
343 5534 464 5588 κατ’
496 5538 859 5607 ἐπικράτησιν
885 5540 978 5592 τοῦ
1016 5541 1227 5611 ψυχροῦ
1261 5543 1533 5614 πάσχουσι
1572 5544 1775 5606 κατάλ-

217 5626 369 5691 ληλος
406 5627 524 5678 ἐστι
567 5627 830 5695 θεραπεία
858 5630 917 5682 τὸ
943 5632 1232 5701 θερμαῖνον
1278 5636 1372 5688 καὶ
1411 5634 1727 5689 ἀναθάλπον
1754 5654 1769 5666 ·

221 5711 277 5768 οὗ
318 5716 373 5769 δὲ
421 5717 481 5767 τὸ
522 5716 722 5785 θερμὸν
766 5718 1083 5786 ἐπλεόνασε,
1120 5726 1453 5793 προσφέρειν
1485 5726 1657 5779 δεῖτὸ
1687 5729 1777 5780 άν-

293 5827 472 5881 ¹1ίείι1.
500 5842 604 5885 cxt.
648 5832 698 5883 5.

1876 3262 2141 3333 cujusque
2169 3260 2540 3330 paenitentiam
2571 3259 2844 3329 agentium
2867 3255 3227 3309 aflectionem.
3262 3255 3454 3307 Postea

1880 3355 2042 3407 tradit
2091 3350 2436 3406 artificiosam
2479 3360 2821 3417 peccatorum
2872 3347 3197 3409 doctrinam,
3224 3355 3277 3399 et
3325 3345 3458 3399 dicit

1875 3458 2000 3499 esse
2041 3442 2143 3495 tria
2175 3454 2294 3508 quae
2329 3440 2382 3492 in
2406 3441 2584 3492 anima
2608 3449 2793 3492 nostra
2828 3437 3259 3496 considerantur.
3293 3436 3458 3492 ratio-

1879 3552 2021 3595 nem.
2058 3533 2548 3603 concupiscentiam
2577 3544 2631 3585 et
2652 3533 2948 3599 iram,qu:e
2979 3528 3138 3584 etiam
3172 3528 3365 3579 animae
3383 3525 3462 3577 la-

1878 3627 2105 3679 cnltates
2120 3625 2547 3693 ctproprietatcs
2566 3620 2934 3689 appellantur:
2961 3628 3011 3671 et
3030 3632 3090 3669 ex
3122 3617 3187 3669 iis
3201 3616 3331 3669 dicit
3361 3628 3462 3667 ex-

1878 3719 2074 3772 sistere
2105 3727 2246 3770 recte
2268 3714 2406 3768 f-u‘lzt
2429 3730 2523 3768 seu
2549 3715 2796 3772 virtutes.
2829 3722 2882 3762 et
2912 3722 3069 3762 casus
3097 3720 3190 3761 seu
3211 3715 3455 3774 peccata.

1881 3811 1945 3865 Et
1971 3821 2179 3875 oportet
2201 3811 2392 3869 animm
2424 3805 2767 3861 aﬂ'ectionum
2802 3800 3458 3859 medicumconsiderare,

1880 3918 1942 3955 ex
1976 3916 2204 3969 quanam
2234 3902 2426 3955 animae
2455 3898 2772 3952 lat-uitatum
2793 3893 3042 3947 consistit
3068 3901 3373 3961 peccaunn,
3404 3897 3459 3940 et

1881 3993 1950 4045 ita
1969 3994 2014 4045 ei
2044 3992 2130 4061 qui
2160 4000 2382 4057 sanatur
2411 3990 2814 4047 convenientem
2852 3984 3107 4038 adbibere
3138 3980 3458 4034 medicinam

1881 4092 1933 4136 et
1954 4083 2222 4141 afl‘ectioni
2243 4081 2565 4150 appositam,
2595 4096 2659 4131 ne
2686 4094 2750 4133 ex
2778 4075 3042 4144 imperitia
3073 4074 3215 4127 aliud
3239 4070 3457 4140 quidem

1882 4176 1956 4229 sit
1976 4173 2117 4241 quod
2145 4172 2371 4234 laboret,
2394 4172 2535 4224 aliud
2555 4171 2639 4222 cui
2660 4169 2926 4221 medicina
2946 4163 3372 4236 appliceturncl,
3391 4163 3463 4214 sit

1880 4266 2042 4319 etiam
2065 4266 2280 4317 ntorbus
2299 4261 2489 4323 anima:
2508 4260 2596 4329 qui
2618 4261 2773 4318 aliter
2792 4260 2967 4312 cumri
2992 4260 3205 4318 debeat,
3226 4256 3310 4308 illo
3335 4268 3467 4306 vero

1882 4358 2036 4410 aliter
2061 4355 2314 4412 medicari
2335 4363 2558 4407 c0nelut‘
2581 4368 2595 4405 :
2623 4352 2763 4423 quod
2798 4352 2983 4415 ctiam,
3011 4350 3201 4416 inquit,
3228 4346 3463 4415 imperia:

1886 4449 2091 4503 faciunt
2123 4448 2337 4511 medici,
2370 4456 2575 4505 etcum
2620 4443 2779 4497 alicui
2822 4446 3040 4510 propter
3076 4438 3233 4493 ealidi
3300 4453 3464 4490 essu-

1888 4542 2216 4611 pcrationcm
2258 4537 2525 4592 laboranti
2561 4536 2753 4603 frigida
2787 4534 2965 4601 aliqua
3017 4530 3272 4585 adbibere
3311 4544 3465 4597 Op'ira

1892 4641 2018 4695 teat.
2047 4632 2090 4686 si
2138 4630 2537 4684 inconsiderate
2563 4629 2729 4698 magis
2770 4624 3140 4681 calefacientia
3172 4622 3463 4692 applicent,

1891 4734 2078 4779 curato
2122 4722 2496 4778 difficillimam
2526 4720 2863 4775 aert-tiouem
2897 4717 3210 4772 effecerunt:
3244 4722 3465 4771 contra.

1896 4818 1971 4871 ria
2014 4816 2156 4870 cnim
2183 4814 2467 4867 contrariis
2493 4823 2772 4875 curantur,
2800 4819 2853 4863 et
2878 4809 3193 4878 iisquidem,
3220 4807 3306 4873 qui
3340 4821 3454 4874 pro-

1891 4918 2011 4978 pter
2040 4896 2218 4974 lrigidi
2252 4905 2582 4959 dominatum
2609 4902 2875 4963 laborant,
2895 4901 3224 4955 conveniens
3241 4911 3320 4953 est
3348 4914 3463 4955 me-

1890 4999 2068 5053 dicina
2088 4997 2135 5049 id
2157 4998 2298 5063 quod
2318 4992 2565 5047 calefacit
2591 5005 2646 5047 et
2662 4992 2913 5047 confovet
2937 5008 2952 5058 ;
2979 4992 3031 5045 in
3047 5006 3153 5060 quo
3177 4999 3353 5043 autem
3375 5002 3466 5041 ca-

1884 5090 2047 5145 lidqu
2081 5072 2396 5156 exsuperat,
2423 5096 2631 5153 oportet
2654 5084 2984 5138 contrarium
3017 5083 3294 5141 adhibere,
3324 5079 3465 5147 qnml

1878 5190 1962 5233 est
2006 5177 2275 5244 frigidum.
2316 5176 2377 5229 Et
2405 5174 2853 5243 quemadmodum
2899 5188 3185 5243 corporum
3234 5170 3463 5224 incdit-is

1886 5272 2243 5325 necessarium
2277 5277 2361 5323 est
2400 5267 2719 5336 intelligere.
2765 5266 3031 5320 undenam
3066 5266 3108 5318 is
3137 5264 3225 5332 qui
3261 5263 3467 5315 laborat

1882 5360 2104 5415 allectus
2132 5370 2234 5423 est,
2274 5367 2326 5412 et
2363 5360 2431 5412 ita
2467 5357 2541 5410 illi
2583 5356 2772 5410 morbo
2798 5355 3208 5410 convenientem
3242 5352 3461 5406 midini-

1883 5467 2006 5504 nam
2035 5450 2325 5503 adbibere:
2351 5449 2423 5502 ita
2454 5458 2503 5501 ct
2537 5448 2625 5508 iis,
2648 5448 2737 5516 qui
2769 5445 2971 5499 morbis
3008 5445 3199 5499 anima:
3234 5444 3449 5497 meden-

1897 5552 2005 5605 tur,
2039 5541 2344 5596 necessario
2378 5537 2828 5593 considerandum
2865 5547 2946 5590 est
2980 5536 3243 5589 turdenam
3269 5547 3462 5600 pecca-

1891 5642 2025 5695 tum,
2052 5630 2135 5684 cui
2177 5628 2437 5682 medicina
2475 5626 2771 5681 adhibenda
2799 5631 2902 5682 est.
2934 5624 3193 5677 nascitur.
3233 5622 3364 5674 Cum
3398 5636 3459 5673 a-

1890 5725 2044 5778 nimo:
2076 5736 2203 5791 ergo
2239 5720 2521 5775 facultates
2547 5719 2599 5772 in
2636 5717 2758 5777 tria.
2787 5728 2846 5770 ut
2869 5717 3067 5772 dictum
3093 5724 3195 5777 cst,
3217 5713 3461 5768 dividan-
