  <div class='ocr_page' id='page_1' title='image "/cluster/home/n/w/nwhite01/storage/ocr_20150623/138/ien.35556001660133/447.png"; bbox 0 0 4006 6454; ppageno 0'>
   <div class='ocr_carea' id='block_1_1' title="bbox 599 331 701 390">
    <p class='ocr_par' dir='ltr' id='par_1_1' title="bbox 599 331 701 390">
     <span class='ocr_line' id='line_1_1' title="bbox 599 331 701 390; baseline 0 -1"><span class='ocrx_word' id='word_1_1' title='bbox 599 331 701 390; x_wconf 84' lang='grc'><strong>867</strong></span> 
     </span>
    </p>
   </div>
   <div class='ocr_carea' id='block_1_2' title="bbox 1851 320 2566 382">
    <p class='ocr_par' dir='ltr' id='par_1_2' title="bbox 1851 320 2566 382">
     <span class='ocr_line' id='line_1_2' title="bbox 1851 320 2566 382; baseline -0.006 0"><span class='ocrx_word' id='word_1_2' title='bbox 1851 322 2126 382; x_wconf 68' lang='grc' dir='ltr'><strong>ΤΖᾹΕυΙ).</strong></span> <span class='ocrx_word' id='word_1_3' title='bbox 2175 322 2258 380; x_wconf 73' lang='grc' dir='ltr'><strong>ΒΛ</strong></span> <span class='ocrx_word' id='word_1_4' title='bbox 2274 320 2566 382; x_wconf 68' lang='grc' dir='ltr'><strong>Ι.5.“ιΜΟΝ</strong></span> 
     </span>
    </p>
   </div>
   <div class='ocr_carea' id='block_1_3' title="bbox 3750 314 3842 376">
    <p class='ocr_par' dir='ltr' id='par_1_3' title="bbox 3750 314 3842 376">
     <span class='ocr_line' id='line_1_3' title="bbox 3750 314 3842 376; baseline -0.022 0"><span class='ocrx_word' id='word_1_5' title='bbox 3750 314 3842 376; x_wconf 74' lang='lat'><strong>868</strong></span> 
     </span>
    </p>
   </div>
   <div class='ocr_carea' id='block_1_4' title="bbox 601 425 2173 512">
    <p class='ocr_par' dir='ltr' id='par_1_4' title="bbox 601 435 2166 512">
     <span class='ocr_line' id='line_1_4' title="bbox 601 435 2166 512; baseline -0.004 -17"><span class='ocrx_word' id='word_1_6' title='bbox 601 453 825 512; x_wconf 67' lang='lat' dir='ltr'><strong>urgente</strong></span> <span class='ocrx_word' id='word_1_7' title='bbox 858 456 959 497; x_wconf 81' lang='lat' dir='ltr'><strong>eos</strong></span> <span class='ocrx_word' id='word_1_8' title='bbox 985 442 1327 503; x_wconf 76' lang='lat' dir='ltr'><strong>necessitate,</strong></span> <span class='ocrx_word' id='word_1_9' title='bbox 1364 438 1442 492; x_wconf 81' lang='lat' dir='ltr'><strong>vel</strong></span> <span class='ocrx_word' id='word_1_10' title='bbox 1511 437 1795 492; x_wconf 64' lang='lat' dir='ltr'><strong>affl‘ctione</strong></span> <span class='ocrx_word' id='word_1_11' title='bbox 1846 437 2045 507; x_wconf 77' lang='lat' dir='ltr'><strong>aliqua,</strong></span> <span class='ocrx_word' id='word_1_12' title='bbox 2084 435 2166 488; x_wconf 86' lang='lat' dir='ltr'><strong>vel</strong></span> 
     </span>
    </p>
   </div>
   <div class='ocr_carea' id='block_1_5' title="bbox 2280 425 3842 512">
    <p class='ocr_par' dir='ltr' id='par_1_5' title="bbox 2280 425 3842 503">
     <span class='ocr_line' id='line_1_5' title="bbox 2280 425 3842 503; baseline -0.004 -17"><span class='ocrx_word' id='word_1_13' title='bbox 2280 435 2510 495; x_wconf 82' lang='grc' dir='ltr'>πίστεως</span> <span class='ocrx_word' id='word_1_14' title='bbox 2549 435 2931 503; x_wconf 67' lang='grc' dir='ltr'>’προσέδραμον</span> <span class='ocrx_word' id='word_1_15' title='bbox 2962 435 3028 501; x_wconf 72' lang='grc' dir='ltr'><strong>τῇ</strong></span> <span class='ocrx_word' id='word_1_16' title='bbox 3064 430 3172 483; x_wconf 81' lang='grc' dir='ltr'><strong>τῶν</strong></span> <span class='ocrx_word' id='word_1_17' title='bbox 3205 429 3482 497; x_wconf 79' lang='grc' dir='ltr'><strong>δαιμόνων</strong></span> <span class='ocrx_word' id='word_1_18' title='bbox 3519 425 3758 497; x_wconf 66' lang='grc' dir='ltr'>βοηθείᾳ.</span> <span class='ocrx_word' id='word_1_19' title='bbox 3793 432 3842 480; x_wconf 62' lang='grc' dir='ltr'><strong>Εἰ</strong></span> 
     </span>
    </p>
   </div>
   <div class='ocr_carea' id='block_1_6' title="bbox 600 527 2158 600">
    <p class='ocr_par' dir='ltr' id='par_1_6' title="bbox 600 527 2158 600">
     <span class='ocr_line' id='line_1_6' title="bbox 600 527 2158 600; baseline -0.004 -13"><span class='ocrx_word' id='word_1_20' title='bbox 600 536 811 598; x_wconf 85' lang='lat' dir='ltr'><strong>morbo,</strong></span> <span class='ocrx_word' id='word_1_21' title='bbox 856 534 938 587; x_wconf 87' lang='lat' dir='ltr'><strong>vel</strong></span> <span class='ocrx_word' id='word_1_22' title='bbox 982 534 1058 587; x_wconf 77' lang='lat' dir='ltr'><strong>ira</strong></span> <span class='ocrx_word' id='word_1_23' title='bbox 1097 532 1235 585; x_wconf 76' lang='lat' dir='ltr'><strong>forte</strong></span> <span class='ocrx_word' id='word_1_24' title='bbox 1270 531 1497 598; x_wconf 79' lang='lat' dir='ltr'><strong>alicujus</strong></span> <span class='ocrx_word' id='word_1_25' title='bbox 1531 529 1788 600; x_wconf 70' lang='lat' dir='ltr'><strong>principis</strong></span> <span class='ocrx_word' id='word_1_26' title='bbox 1825 529 1904 582; x_wconf 87' lang='lat' dir='ltr'><strong>vel</strong></span> <span class='ocrx_word' id='word_1_27' title='bbox 1933 527 2158 591; x_wconf 83' lang='lat' dir='ltr'><strong>domini,</strong></span> 
     </span>
    </p>
   </div>
   <div class='ocr_carea' id='block_1_7' title="bbox 603 620 2164 691">
    <p class='ocr_par' dir='ltr' id='par_1_7' title="bbox 603 620 2164 691">
     <span class='ocr_line' id='line_1_7' title="bbox 603 620 2164 691; baseline -0.006 -11"><span class='ocrx_word' id='word_1_28' title='bbox 603 628 683 682; x_wconf 81' lang='lat' dir='ltr'><strong>vel</strong></span> <span class='ocrx_word' id='word_1_29' title='bbox 717 632 913 682; x_wconf 74' lang='lat' dir='ltr'><strong>darnno</strong></span> <span class='ocrx_word' id='word_1_30' title='bbox 948 626 1300 681; x_wconf 86' lang='lat' dir='ltr'><strong>intolerabili:</strong></span> <span class='ocrx_word' id='word_1_31' title='bbox 1352 635 1406 677; x_wconf 84' lang='lat' dir='ltr'><strong>et</strong></span> <span class='ocrx_word' id='word_1_32' title='bbox 1436 623 1704 691; x_wconf 85' lang='lat' dir='ltr'><strong>quomodo</strong></span> <span class='ocrx_word' id='word_1_33' title='bbox 1732 620 1796 674; x_wconf 89' lang='lat' dir='ltr'><strong>ad</strong></span> <span class='ocrx_word' id='word_1_34' title='bbox 1834 621 1955 675; x_wconf 91' lang='lat' dir='ltr'><strong>illos</strong></span> <span class='ocrx_word' id='word_1_35' title='bbox 1981 633 2164 672; x_wconf 81' lang='lat' dir='ltr'><strong>acces-</strong></span> 
     </span>
    </p>
   </div>
   <div class='ocr_carea' id='block_1_8' title="bbox 602 711 2160 784">
    <p class='ocr_par' dir='ltr' id='par_1_8' title="bbox 602 711 2160 784">
     <span class='ocr_line' id='line_1_8' title="bbox 602 711 2160 784; baseline -0.008 -9"><span class='ocrx_word' id='word_1_36' title='bbox 602 730 810 784; x_wconf 82' lang='lat' dir='ltr'><strong>serunt,</strong></span> <span class='ocrx_word' id='word_1_37' title='bbox 845 722 1016 773; x_wconf 76' lang='lat' dir='ltr'><strong>[idene</strong></span> <span class='ocrx_word' id='word_1_38' title='bbox 1050 722 1406 773; x_wconf 79' lang='lat' dir='ltr'><strong>condemnata</strong></span> <span class='ocrx_word' id='word_1_39' title='bbox 1443 718 1508 769; x_wconf 85' lang='lat' dir='ltr'><strong>ad</strong></span> <span class='ocrx_word' id='word_1_40' title='bbox 1563 717 1864 769; x_wconf 75' lang='lat' dir='ltr'><strong>daemonum</strong></span> <span class='ocrx_word' id='word_1_41' title='bbox 1903 711 2160 766; x_wconf 80' lang='lat' dir='ltr'><strong>auxilium</strong></span> 
     </span>
    </p>
   </div>
   <div class='ocr_carea' id='block_1_9' title="bbox 600 805 2167 875">
    <p class='ocr_par' dir='ltr' id='par_1_9' title="bbox 600 805 2167 875">
     <span class='ocr_line' id='line_1_9' title="bbox 600 805 2167 875; baseline -0.004 -13"><span class='ocrx_word' id='word_1_42' title='bbox 600 822 974 865; x_wconf 74' lang='lat' dir='ltr'><strong>occurrerunt.</strong></span> <span class='ocrx_word' id='word_1_43' title='bbox 1029 811 1085 864; x_wconf 88' lang='lat' dir='ltr'><strong>Si</strong></span> <span class='ocrx_word' id='word_1_44' title='bbox 1120 811 1261 863; x_wconf 83' lang='lat' dir='ltr'><strong>enim</strong></span> <span class='ocrx_word' id='word_1_45' title='bbox 1319 819 1573 875; x_wconf 81' lang='lat' dir='ltr'><strong>tauquam</strong></span> <span class='ocrx_word' id='word_1_46' title='bbox 1605 822 1633 859; x_wconf 83' lang='lat' dir='ltr'><strong>a</strong></span> <span class='ocrx_word' id='word_1_47' title='bbox 1665 806 1768 860; x_wconf 84' lang='lat' dir='ltr'><strong>ﬁde</strong></span> <span class='ocrx_word' id='word_1_48' title='bbox 1802 805 2167 859; x_wconf 64' lang='lat' dir='ltr'><strong>desciscentes</strong></span> 
     </span>
    </p>
   </div>
   <div class='ocr_carea' id='block_1_10' title="bbox 597 893 2168 961">
    <p class='ocr_par' dir='ltr' id='par_1_10' title="bbox 597 893 2168 961">
     <span class='ocr_line' id='line_1_10' title="bbox 597 893 2168 961; baseline -0.005 -7"><span class='ocrx_word' id='word_1_49' title='bbox 597 913 650 954; x_wconf 77' lang='lat' dir='ltr'><strong>et</strong></span> <span class='ocrx_word' id='word_1_50' title='bbox 679 903 952 956; x_wconf 78' lang='lat' dir='ltr'><strong>Christum</strong></span> <span class='ocrx_word' id='word_1_51' title='bbox 989 916 1092 953; x_wconf 90' lang='lat' dir='ltr'><strong>non</strong></span> <span class='ocrx_word' id='word_1_52' title='bbox 1123 916 1242 954; x_wconf 83' lang='lat' dir='ltr'><strong>esse</strong></span> <span class='ocrx_word' id='word_1_53' title='bbox 1275 897 1438 952; x_wconf 87' lang='lat' dir='ltr'><strong>Deum</strong></span> <span class='ocrx_word' id='word_1_54' title='bbox 1468 900 1774 961; x_wconf 76' lang='lat' dir='ltr'><strong>credentes,</strong></span> <span class='ocrx_word' id='word_1_55' title='bbox 1831 911 1928 948; x_wconf 88' lang='lat' dir='ltr'><strong>nec</strong></span> <span class='ocrx_word' id='word_1_56' title='bbox 1977 895 2043 947; x_wconf 91' lang='lat' dir='ltr'><strong>ab</strong></span> <span class='ocrx_word' id='word_1_57' title='bbox 2076 893 2168 946; x_wconf 81' lang='lat' dir='ltr'><strong>illo</strong></span> 
     </span>
    </p>
   </div>
   <div class='ocr_carea' id='block_1_11' title="bbox 599 986 2164 1058">
    <p class='ocr_par' dir='ltr' id='par_1_11' title="bbox 599 986 2164 1058">
     <span class='ocr_line' id='line_1_11' title="bbox 599 986 2164 1058; baseline -0.006 -15"><span class='ocrx_word' id='word_1_58' title='bbox 599 993 856 1045; x_wconf 75' lang='lat' dir='ltr'><strong>auxilium</strong></span> <span class='ocrx_word' id='word_1_59' title='bbox 887 1003 1190 1058; x_wconf 85' lang='lat' dir='ltr'><strong>sperantes,</strong></span> <span class='ocrx_word' id='word_1_60' title='bbox 1225 992 1526 1043; x_wconf 66' lang='lat' dir='ltr'><strong>dmmonum</strong></span> <span class='ocrx_word' id='word_1_61' title='bbox 1576 1003 1733 1057; x_wconf 90' lang='lat' dir='ltr'><strong>opem</strong></span> <span class='ocrx_word' id='word_1_62' title='bbox 1773 986 2164 1054; x_wconf 85' lang='lat' dir='ltr'><strong>implorarunt;</strong></span> 
     </span>
    </p>
   </div>
   <div class='ocr_carea' id='block_1_12' title="bbox 601 1080 2166 1151">
    <p class='ocr_par' dir='ltr' id='par_1_12' title="bbox 601 1080 2166 1151">
     <span class='ocr_line' id='line_1_12' title="bbox 601 1080 2166 1151; baseline -0.004 -18"><span class='ocrx_word' id='word_1_63' title='bbox 601 1094 657 1138; x_wconf 93' lang='lat' dir='ltr'><strong>ut</strong></span> <span class='ocrx_word' id='word_1_64' title='bbox 689 1085 776 1150; x_wconf 85' lang='lat' dir='ltr'><strong>qui</strong></span> <span class='ocrx_word' id='word_1_65' title='bbox 809 1083 1103 1149; x_wconf 67' lang='lat' dir='ltr'><strong>trangressi</strong></span> <span class='ocrx_word' id='word_1_66' title='bbox 1126 1095 1248 1135; x_wconf 79' lang='lat' dir='ltr'><strong>sum</strong></span> <span class='ocrx_word' id='word_1_67' title='bbox 1271 1096 1320 1134; x_wconf 88' lang='lat' dir='ltr'><strong>et</strong></span> <span class='ocrx_word' id='word_1_68' title='bbox 1347 1091 1536 1151; x_wconf 82' lang='lat' dir='ltr'><strong>sponte</strong></span> <span class='ocrx_word' id='word_1_69' title='bbox 1561 1080 1714 1135; x_wconf 76' lang='lat' dir='ltr'><strong>[idem</strong></span> <span class='ocrx_word' id='word_1_70' title='bbox 1743 1083 2166 1146; x_wconf 79' lang='lat' dir='ltr'><strong>abnegaveiunl,</strong></span> 
     </span>
    </p>
   </div>
   <div class='ocr_carea' id='block_1_13' title="bbox 603 1166 2168 1240">
    <p class='ocr_par' dir='ltr' id='par_1_13' title="bbox 603 1166 2168 1240">
     <span class='ocr_line' id='line_1_13' title="bbox 603 1166 2168 1240; baseline -0.003 -19"><span class='ocrx_word' id='word_1_71' title='bbox 603 1174 1020 1227; x_wconf 81' lang='lat' dir='ltr'><strong>tractabuntur:</strong></span> <span class='ocrx_word' id='word_1_72' title='bbox 1078 1174 1160 1226; x_wconf 90' lang='lat' dir='ltr'><strong>sin</strong></span> <span class='ocrx_word' id='word_1_73' title='bbox 1196 1188 1371 1225; x_wconf 87' lang='lat' dir='ltr'><strong>autem</strong></span> <span class='ocrx_word' id='word_1_74' title='bbox 1430 1179 1648 1240; x_wconf 85' lang='lat' dir='ltr'><strong>propter</strong></span> <span class='ocrx_word' id='word_1_75' title='bbox 1705 1167 1952 1236; x_wconf 88' lang='lat' dir='ltr'><strong>pusillutn</strong></span> <span class='ocrx_word' id='word_1_76' title='bbox 1991 1176 2038 1218; x_wconf 90' lang='lat' dir='ltr'><strong>et</strong></span> <span class='ocrx_word' id='word_1_77' title='bbox 2073 1166 2168 1218; x_wconf 86' lang='lat' dir='ltr'><strong>ab-</strong></span> 
     </span>
    </p>
   </div>
   <div class='ocr_carea' id='block_1_14' title="bbox 597 1258 2166 1328">
    <p class='ocr_par' dir='ltr' id='par_1_14' title="bbox 597 1258 2166 1328">
     <span class='ocr_line' id='line_1_14' title="bbox 597 1258 2166 1328; baseline -0.007 -11"><span class='ocrx_word' id='word_1_78' title='bbox 597 1267 800 1328; x_wconf 78' lang='lat' dir='ltr'><strong>jecrum</strong></span> <span class='ocrx_word' id='word_1_79' title='bbox 840 1264 1075 1315; x_wconf 81' lang='lat' dir='ltr'><strong>animum</strong></span> <span class='ocrx_word' id='word_1_80' title='bbox 1113 1263 1410 1314; x_wconf 67' lang='lat' dir='ltr'><strong>dilflllOlllllll</strong></span> <span class='ocrx_word' id='word_1_81' title='bbox 1462 1262 1722 1313; x_wconf 67' lang='lat' dir='ltr'><strong>aurilium</strong></span> <span class='ocrx_word' id='word_1_82' title='bbox 1757 1258 2166 1313; x_wconf 81' lang='lat' dir='ltr'><strong>invocaverunt,</strong></span> 
     </span>
    </p>
   </div>
   <div class='ocr_carea' id='block_1_15' title="bbox 601 1350 2168 1421">
    <p class='ocr_par' dir='ltr' id='par_1_15' title="bbox 601 1350 2168 1421">
     <span class='ocr_line' id='line_1_15' title="bbox 601 1350 2168 1421; baseline -0.006 -13"><span class='ocrx_word' id='word_1_83' title='bbox 601 1373 720 1408; x_wconf 87' lang='lat' dir='ltr'><strong>cum</strong></span> <span class='ocrx_word' id='word_1_84' title='bbox 752 1371 842 1408; x_wconf 78' lang='lat' dir='ltr'><strong>eos</strong></span> <span class='ocrx_word' id='word_1_85' title='bbox 867 1357 1043 1420; x_wconf 73' lang='lat' dir='ltr'><strong>gravis</strong></span> <span class='ocrx_word' id='word_1_86' title='bbox 1067 1357 1242 1421; x_wconf 85' lang='lat' dir='ltr'><strong>aliqua</strong></span> <span class='ocrx_word' id='word_1_87' title='bbox 1274 1355 1626 1420; x_wconf 79' lang='lat' dir='ltr'><strong>oppressisset</strong></span> <span class='ocrx_word' id='word_1_88' title='bbox 1660 1350 1974 1412; x_wconf 75' lang='lat' dir='ltr'><strong>necessitas,</strong></span> <span class='ocrx_word' id='word_1_89' title='bbox 2009 1362 2168 1415; x_wconf 88' lang='lat' dir='ltr'><strong>quam</strong></span> 
     </span>
    </p>
   </div>
   <div class='ocr_carea' id='block_1_16' title="bbox 603 1443 2169 1513">
    <p class='ocr_par' dir='ltr' id='par_1_16' title="bbox 603 1443 2169 1513">
     <span class='ocr_line' id='line_1_16' title="bbox 603 1443 2169 1513; baseline -0.006 -16"><span class='ocrx_word' id='word_1_90' title='bbox 603 1461 820 1513; x_wconf 78' lang='lat' dir='ltr'><strong>prepter</strong></span> <span class='ocrx_word' id='word_1_91' title='bbox 849 1447 1010 1499; x_wconf 78' lang='lat' dir='ltr'><strong>animi</strong></span> <span class='ocrx_word' id='word_1_92' title='bbox 1067 1446 1490 1500; x_wconf 88' lang='lat' dir='ltr'><strong>imbecillitatem</strong></span> <span class='ocrx_word' id='word_1_93' title='bbox 1528 1443 1666 1497; x_wconf 81' lang='lat' dir='ltr'><strong>ferre</strong></span> <span class='ocrx_word' id='word_1_94' title='bbox 1701 1457 1804 1496; x_wconf 85' lang='lat' dir='ltr'><strong>non</strong></span> <span class='ocrx_word' id='word_1_95' title='bbox 1857 1450 2169 1509; x_wconf 77' lang='lat' dir='ltr'><strong>potuerunt,</strong></span> 
     </span>
    </p>
   </div>
   <div class='ocr_carea' id='block_1_17' title="bbox 2277 519 3844 594">
    <p class='ocr_par' dir='ltr' id='par_1_17' title="bbox 2277 519 3844 594">
     <span class='ocr_line' id='line_1_17' title="bbox 2277 519 3844 594; baseline -0.004 -18"><span class='ocrx_word' id='word_1_96' title='bbox 2277 525 2376 594; x_wconf 75' lang='grc' dir='ltr'>μὲν</span> <span class='ocrx_word' id='word_1_97' title='bbox 2415 524 2524 590; x_wconf 81' lang='grc' dir='ltr'>γὰρ</span> <span class='ocrx_word' id='word_1_98' title='bbox 2565 522 2640 584; x_wconf 84' lang='grc' dir='ltr'>ὡς</span> <span class='ocrx_word' id='word_1_99' title='bbox 2686 521 3023 582; x_wconf 74' lang='grc' dir='ltr'><strong>ἀποστάντες</strong></span> <span class='ocrx_word' id='word_1_100' title='bbox 3062 522 3160 590; x_wconf 81' lang='grc' dir='ltr'>τῆς</span> <span class='ocrx_word' id='word_1_101' title='bbox 3206 522 3470 581; x_wconf 73' lang='grc' dir='ltr'>πίστεως,</span> <span class='ocrx_word' id='word_1_102' title='bbox 3513 519 3612 571; x_wconf 73' lang='grc' dir='ltr'>καὶ</span> <span class='ocrx_word' id='word_1_103' title='bbox 3658 520 3729 587; x_wconf 79' lang='grc' dir='ltr'>μὴ</span> <span class='ocrx_word' id='word_1_104' title='bbox 3767 537 3844 570; x_wconf 68' lang='lat'><strong>1::-</strong></span> 
     </span>
    </p>
   </div>
   <div class='ocr_carea' id='block_1_18' title="bbox 2277 611 3843 682">
    <p class='ocr_par' dir='ltr' id='par_1_18' title="bbox 2277 611 3843 682">
     <span class='ocr_line' id='line_1_18' title="bbox 2277 611 3843 682; baseline -0.004 -14"><span class='ocrx_word' id='word_1_105' title='bbox 2277 616 2556 672; x_wconf 66' lang='grc' dir='ltr'>στεύοντες</span> <span class='ocrx_word' id='word_1_106' title='bbox 2593 615 2724 667; x_wconf 82' lang='grc' dir='ltr'>Θεὸν</span> <span class='ocrx_word' id='word_1_107' title='bbox 2758 611 3020 667; x_wconf 66' lang='grc' dir='ltr'>εἷναι-τὸν</span> <span class='ocrx_word' id='word_1_108' title='bbox 3051 615 3329 682; x_wconf 66' lang='grc' dir='ltr'>Χριστὺνι,</span> <span class='ocrx_word' id='word_1_109' title='bbox 3368 611 3511 680; x_wconf 73' lang='grc' dir='ltr'>μηδὲ</span> <span class='ocrx_word' id='word_1_110' title='bbox 3551 612 3843 674; x_wconf 68' lang='grc' dir='ltr'><strong>ἐλπίζοντες</strong></span> 
     </span>
    </p>
   </div>
   <div class='ocr_carea' id='block_1_19' title="bbox 2275 703 3847 776">
    <p class='ocr_par' dir='ltr' id='par_1_19' title="bbox 2275 703 3847 776">
     <span class='ocr_line' id='line_1_19' title="bbox 2275 703 3847 776; baseline -0.001 -20"><span class='ocrx_word' id='word_1_111' title='bbox 2275 704 2333 769; x_wconf 76' lang='grc' dir='ltr'>ἐξ</span> <span class='ocrx_word' id='word_1_112' title='bbox 2358 709 2567 758; x_wconf 82' lang='grc' dir='ltr'>ἐκείνου</span> <span class='ocrx_word' id='word_1_113' title='bbox 2596 705 2869 776; x_wconf 73' lang='grc' dir='ltr'><strong>βοηθείας,</strong></span> <span class='ocrx_word' id='word_1_114' title='bbox 2896 706 3305 757; x_wconf 71' lang='grc' dir='ltr'><strong>ἐπεκαλέσαντο</strong></span> <span class='ocrx_word' id='word_1_115' title='bbox 3331 705 3430 773; x_wconf 78' lang='grc' dir='ltr'>τὴν</span> <span class='ocrx_word' id='word_1_116' title='bbox 3454 703 3847 770; x_wconf 59' lang='grc' dir='ltr'>τῶν-διψάων</span> 
     </span>
    </p>
   </div>
   <div class='ocr_carea' id='block_1_20' title="bbox 2275 796 3846 868">
    <p class='ocr_par' dir='ltr' id='par_1_20' title="bbox 2275 796 3846 868">
     <span class='ocr_line' id='line_1_20' title="bbox 2275 796 3846 868; baseline -0.001 -22"><span class='ocrx_word' id='word_1_117' title='bbox 2275 797 2630 865; x_wconf 82' lang='grc' dir='ltr'><strong>ἐπικουρίαν,</strong></span> <span class='ocrx_word' id='word_1_118' title='bbox 2660 796 2735 859; x_wconf 83' lang='grc' dir='ltr'><strong>ὡς</strong></span> <span class='ocrx_word' id='word_1_119' title='bbox 2766 798 2814 848; x_wconf 83' lang='lat' dir='ltr'><strong>oi</strong></span> <span class='ocrx_word' id='word_1_120' title='bbox 2846 796 3199 868; x_wconf 71' lang='grc' dir='ltr'>παραϐάντες</span> <span class='ocrx_word' id='word_1_121' title='bbox 3230 805 3324 849; x_wconf 74' lang='grc' dir='ltr'><strong>καί</strong></span> <span class='ocrx_word' id='word_1_122' title='bbox 3355 797 3456 866; x_wconf 75' lang='grc' dir='ltr'>τὴν</span> <span class='ocrx_word' id='word_1_123' title='bbox 3490 798 3682 847; x_wconf 80' lang='grc' dir='ltr'>πίστιν</span> <span class='ocrx_word' id='word_1_124' title='bbox 3709 798 3846 849; x_wconf 68' lang='grc' dir='ltr'>ἐκόν-</span> 
     </span>
    </p>
   </div>
   <div class='ocr_carea' id='block_1_21' title="bbox 2273 887 3848 958">
    <p class='ocr_par' dir='ltr' id='par_1_21' title="bbox 2273 887 3848 958">
     <span class='ocr_line' id='line_1_21' title="bbox 2273 887 3848 958; baseline 0 -20"><span class='ocrx_word' id='word_1_125' title='bbox 2273 903 2363 948; x_wconf 77' lang='grc' dir='ltr'><strong>τες</strong></span> <span class='ocrx_word' id='word_1_126' title='bbox 2391 889 2765 957; x_wconf 60' lang='grc' dir='ltr'>ἀρνησάμενοι</span> <span class='ocrx_word' id='word_1_127' title='bbox 2796 887 3320 958; x_wconf 78' lang='grc' dir='ltr'>οίκονομηθησονται</span> <span class='ocrx_word' id='word_1_128' title='bbox 3341 906 3354 920; x_wconf 90' lang='grc'><strong>·</strong></span> <span class='ocrx_word' id='word_1_129' title='bbox 3392 890 3445 939; x_wconf 80' lang='grc' dir='ltr'><strong>εί</strong></span> <span class='ocrx_word' id='word_1_130' title='bbox 3477 889 3536 940; x_wconf 75' lang='grc' dir='ltr'>δὲ</span> <span class='ocrx_word' id='word_1_131' title='bbox 3570 889 3632 939; x_wconf 84' lang='grc' dir='ltr'>ὲκ</span> <span class='ocrx_word' id='word_1_132' title='bbox 3672 905 3848 957; x_wconf 80' lang='grc' dir='ltr'>μικρο-</span> 
     </span>
    </p>
   </div>
   <div class='ocr_carea' id='block_1_22' title="bbox 2272 979 3845 1052">
    <p class='ocr_par' dir='ltr' id='par_1_22' title="bbox 2272 979 3845 1052">
     <span class='ocr_line' id='line_1_22' title="bbox 2272 979 3845 1052; baseline 0.004 -26"><span class='ocrx_word' id='word_1_133' title='bbox 2272 981 2469 1048; x_wconf 76' lang='grc' dir='ltr'>ψυχίας</span> <span class='ocrx_word' id='word_1_134' title='bbox 2513 981 2916 1033; x_wconf 76' lang='grc' dir='ltr'><strong>ἐπεκαλέσαντο</strong></span> <span class='ocrx_word' id='word_1_135' title='bbox 2955 981 3054 1048; x_wconf 81' lang='grc' dir='ltr'>τὴν</span> <span class='ocrx_word' id='word_1_136' title='bbox 3096 979 3210 1031; x_wconf 82' lang='grc' dir='ltr'>τῶν</span> <span class='ocrx_word' id='word_1_137' title='bbox 3251 980 3536 1046; x_wconf 76' lang='grc' dir='ltr'>δαιμόνων</span> <span class='ocrx_word' id='word_1_138' title='bbox 3585 982 3845 1052; x_wconf 72' lang='grc' dir='ltr'>βοήθειαν,</span> 
     </span>
    </p>
   </div>
   <div class='ocr_carea' id='block_1_23' title="bbox 2272 1067 3846 1141">
    <p class='ocr_par' dir='ltr' id='par_1_23' title="bbox 2272 1067 3846 1141">
     <span class='ocr_line' id='line_1_23' title="bbox 2272 1067 3846 1141; baseline 0.001 -20"><span class='ocrx_word' id='word_1_139' title='bbox 2272 1067 2512 1139; x_wconf 71' lang='grc' dir='ltr'>ἀνάγκης</span> <span class='ocrx_word' id='word_1_140' title='bbox 2549 1071 2785 1140; x_wconf 73' lang='grc' dir='ltr'>σφοδρᾶς</span> <span class='ocrx_word' id='word_1_141' title='bbox 2819 1071 3158 1140; x_wconf 70' lang='grc' dir='ltr'><strong>ἐπελθούσης</strong></span> <span class='ocrx_word' id='word_1_142' title='bbox 3189 1071 3373 1133; x_wconf 76' lang='grc' dir='ltr'>αὐτοῖς</span> <span class='ocrx_word' id='word_1_143' title='bbox 3396 1114 3412 1138; x_wconf 80' lang='lat'><strong>,</strong></span> <span class='ocrx_word' id='word_1_144' title='bbox 3447 1074 3516 1141; x_wconf 72' lang='grc' dir='ltr'>ἢν</span> <span class='ocrx_word' id='word_1_145' title='bbox 3547 1073 3636 1125; x_wconf 84' lang='grc' dir='ltr'>διὰ</span> <span class='ocrx_word' id='word_1_146' title='bbox 3668 1089 3846 1140; x_wconf 77' lang='grc' dir='ltr'>μικρο-</span> 
     </span>
    </p>
   </div>
   <div class='ocr_carea' id='block_1_24' title="bbox 2272 1164 3845 1233">
    <p class='ocr_par' dir='ltr' id='par_1_24' title="bbox 2272 1164 3845 1233">
     <span class='ocr_line' id='line_1_24' title="bbox 2272 1164 3845 1233; baseline -0.003 -15"><span class='ocrx_word' id='word_1_147' title='bbox 2272 1165 2472 1233; x_wconf 61' lang='grc' dir='ltr'>ψυχίαν</span> <span class='ocrx_word' id='word_1_148' title='bbox 2508 1164 2778 1232; x_wconf 72' lang='grc' dir='ltr'>βαστάςαι</span> <span class='ocrx_word' id='word_1_149' title='bbox 2811 1164 2911 1216; x_wconf 75' lang='grc' dir='ltr'>οὐκ</span> <span class='ocrx_word' id='word_1_150' title='bbox 2944 1164 3313 1232; x_wconf 76' lang='grc' dir='ltr'><strong>ἠδυνήθησαν,</strong></span> <span class='ocrx_word' id='word_1_151' title='bbox 3349 1165 3737 1233; x_wconf 78' lang='grc' dir='ltr'>ἀπατηθέντες</span> <span class='ocrx_word' id='word_1_152' title='bbox 3767 1170 3845 1215; x_wconf 56' lang='grc' dir='ltr'><strong>καὶ</strong></span> 
     </span>
    </p>
   </div>
   <div class='ocr_carea' id='block_1_25' title="bbox 2277 1247 3846 1324">
    <p class='ocr_par' dir='ltr' id='par_1_25' title="bbox 2277 1247 3846 1324">
     <span class='ocr_line' id='line_1_25' title="bbox 2277 1247 3846 1324; baseline -0.003 -18"><span class='ocrx_word' id='word_1_153' title='bbox 2277 1257 2596 1316; x_wconf 75' lang='grc' dir='ltr'>ἐλπίσαντες</span> <span class='ocrx_word' id='word_1_154' title='bbox 2627 1255 2998 1323; x_wconf 61' lang='grc' dir='ltr'>ὠφεληθῆναι,</span> <span class='ocrx_word' id='word_1_155' title='bbox 3034 1254 3534 1324; x_wconf 72' lang='grc' dir='ltr'>ἐπιτιμηθήσονται</span> <span class='ocrx_word' id='word_1_156' title='bbox 3570 1255 3662 1305; x_wconf 73' lang='grc' dir='ltr'><strong>καλ</strong></span> <span class='ocrx_word' id='word_1_157' title='bbox 3695 1247 3846 1315; x_wconf 64' lang='grc' dir='ltr'>οὗτοι,</span> 
     </span>
    </p>
   </div>
   <div class='ocr_carea' id='block_1_26' title="bbox 2276 1339 3850 1416">
    <p class='ocr_par' dir='ltr' id='par_1_26' title="bbox 2276 1339 3850 1416">
     <span class='ocr_line' id='line_1_26' title="bbox 2276 1339 3850 1416; baseline -0.003 -17"><span class='ocrx_word' id='word_1_158' title='bbox 2276 1348 2350 1407; x_wconf 79' lang='grc' dir='ltr'>ὡς</span> <span class='ocrx_word' id='word_1_159' title='bbox 2384 1347 2433 1398; x_wconf 83' lang='lat' dir='ltr'><strong>oi</strong></span> <span class='ocrx_word' id='word_1_160' title='bbox 2464 1346 2726 1409; x_wconf 80' lang='grc' dir='ltr'>θύσαντες</span> <span class='ocrx_word' id='word_1_161' title='bbox 2759 1346 2999 1408; x_wconf 81' lang='grc' dir='ltr'>είδώλοις</span> <span class='ocrx_word' id='word_1_162' title='bbox 3033 1346 3121 1398; x_wconf 74' lang='grc' dir='ltr'>διὰ</span> <span class='ocrx_word' id='word_1_163' title='bbox 3148 1348 3208 1399; x_wconf 77' lang='grc' dir='ltr'>τὸ</span> <span class='ocrx_word' id='word_1_164' title='bbox 3242 1347 3316 1416; x_wconf 83' lang='grc' dir='ltr'>μὴ</span> <span class='ocrx_word' id='word_1_165' title='bbox 3345 1339 3765 1414; x_wconf 71' lang='grc' dir='ltr'>ὑπομεῖναι-τάς</span> <span class='ocrx_word' id='word_1_166' title='bbox 3792 1345 3850 1396; x_wconf 73' lang='grc' dir='ltr'>δί’</span> 
     </span>
    </p>
   </div>
   <div class='ocr_carea' id='block_1_27' title="bbox 2273 1438 2880 1506">
    <p class='ocr_par' dir='ltr' id='par_1_27' title="bbox 2273 1438 2880 1506">
     <span class='ocr_line' id='line_1_27' title="bbox 2273 1438 2880 1506; baseline -0.003 -16"><span class='ocrx_word' id='word_1_167' title='bbox 2273 1438 2562 1505; x_wconf 72' lang='grc' dir='ltr'>ὁμολογίας</span> <span class='ocrx_word' id='word_1_168' title='bbox 2595 1438 2880 1506; x_wconf 76' lang='grc' dir='ltr'>βασάνους.</span> 
     </span>
    </p>
   </div>
   <div class='ocr_carea' id='block_1_28' title="bbox 604 1522 3852 1606">
    <p class='ocr_par' dir='ltr' id='par_1_28' title="bbox 604 1522 3852 1606">
     <span class='ocr_line' id='line_1_28' title="bbox 604 1522 3852 1606; baseline -0.003 -18"><span class='ocrx_word' id='word_1_169' title='bbox 604 1539 814 1605; x_wconf 75' lang='lat' dir='ltr'><strong>decepti</strong></span> <span class='ocrx_word' id='word_1_170' title='bbox 845 1546 898 1591; x_wconf 85' lang='lat' dir='ltr'><strong>et</strong></span> <span class='ocrx_word' id='word_1_171' title='bbox 940 1538 1116 1606; x_wconf 84' lang='lat' dir='ltr'><strong>jnvari</strong></span> <span class='ocrx_word' id='word_1_172' title='bbox 1153 1547 1467 1603; x_wconf 87' lang='lat' dir='ltr'><strong>sperantes;</strong></span> <span class='ocrx_word' id='word_1_173' title='bbox 1531 1535 1824 1602; x_wconf 88' lang='lat' dir='ltr'><strong>punientur</strong></span> <span class='ocrx_word' id='word_1_174' title='bbox 1868 1542 1916 1586; x_wconf 89' lang='lat' dir='ltr'><strong>et</strong></span> <span class='ocrx_word' id='word_1_175' title='bbox 1957 1531 2080 1599; x_wconf 80' lang='lat' dir='ltr'><strong>ipsi,</strong></span> <span class='ocrx_word' id='word_1_176' title='bbox 2117 1542 2172 1583; x_wconf 94' lang='lat' dir='ltr'><strong>ut</strong></span> <span class='ocrx_word' id='word_1_177' title='bbox 2214 1532 2246 1584; x_wconf 92' lang='lat' dir='ltr'><strong>ii</strong></span> <span class='ocrx_word' id='word_1_178' title='bbox 2285 1533 2372 1599; x_wconf 90' lang='lat' dir='ltr'><strong>qui</strong></span> <span class='ocrx_word' id='word_1_179' title='bbox 2401 1532 2558 1584; x_wconf 75' lang='lat' dir='ltr'><strong>idolis</strong></span> <span class='ocrx_word' id='word_1_180' title='bbox 2598 1531 2993 1593; x_wconf 78' lang='lat' dir='ltr'><strong>:acritlcarnnt,</strong></span> <span class='ocrx_word' id='word_1_181' title='bbox 3064 1528 3206 1597; x_wconf 87' lang='lat' dir='ltr'><strong>quod</strong></span> <span class='ocrx_word' id='word_1_182' title='bbox 3253 1535 3479 1597; x_wconf 80' lang='lat' dir='ltr'><strong>propter</strong></span> <span class='ocrx_word' id='word_1_183' title='bbox 3561 1522 3852 1579; x_wconf 68' lang='lat' dir='ltr'><strong>confessio.-</strong></span> 
     </span>
    </p>
   </div>
   <div class='ocr_carea' id='block_1_29' title="bbox 604 1629 1582 1683">
    <p class='ocr_par' dir='ltr' id='par_1_29' title="bbox 604 1629 1582 1683">
     <span class='ocr_line' id='line_1_29' title="bbox 604 1629 1582 1683; baseline -0.001 -4"><span class='ocrx_word' id='word_1_184' title='bbox 604 1645 722 1682; x_wconf 85' lang='lat' dir='ltr'><strong>nem</strong></span> <span class='ocrx_word' id='word_1_185' title='bbox 760 1638 1024 1683; x_wconf 88' lang='lat' dir='ltr'><strong>tormenta</strong></span> <span class='ocrx_word' id='word_1_186' title='bbox 1055 1644 1156 1682; x_wconf 91' lang='lat' dir='ltr'><strong>non</strong></span> <span class='ocrx_word' id='word_1_187' title='bbox 1189 1629 1582 1680; x_wconf 86' lang='lat' dir='ltr'><strong>sustinuerunt.</strong></span> 
     </span>
    </p>
   </div>
   <div class='ocr_carea' id='block_1_30' title="bbox 1135 1742 1670 1814">
    <p class='ocr_par' dir='ltr' id='par_1_30' title="bbox 1135 1742 1670 1814">
     <span class='ocr_line' id='line_1_30' title="bbox 1135 1742 1670 1814; baseline -0.011 -16"><span class='ocrx_word' id='word_1_188' title='bbox 1135 1745 1290 1814; x_wconf 75' lang='lat'><strong>157</strong></span> <span class='ocrx_word' id='word_1_189' title='bbox 1316 1743 1545 1798; x_wconf 76' lang='lat' dir='ltr'><strong>GANON</strong></span> <span class='ocrx_word' id='word_1_190' title='bbox 1581 1742 1670 1795; x_wconf 86' lang='grc' dir='ltr'>ιν.</span> 
     </span>
    </p>
   </div>
   <div class='ocr_carea' id='block_1_31' title="bbox 2905 1735 3252 1790">
    <p class='ocr_par' dir='ltr' id='par_1_31' title="bbox 2905 1735 3252 1790">
     <span class='ocr_line' id='line_1_31' title="bbox 2905 1735 3252 1790; baseline -0.006 0"><span class='ocrx_word' id='word_1_191' title='bbox 2905 1735 3144 1790; x_wconf 78' lang='grc' dir='ltr'><strong>ΚΔΝΩΝ</strong></span> <span class='ocrx_word' id='word_1_192' title='bbox 3176 1737 3252 1788; x_wconf 82' lang='grc' dir='ltr'><strong>Δ⁴.</strong></span> 
     </span>
    </p>
   </div>
   <div class='ocr_carea' id='block_1_32' title="bbox 674 1819 2173 1902">
    <p class='ocr_par' dir='ltr' id='par_1_32' title="bbox 674 1831 2166 1902">
     <span class='ocr_line' id='line_1_32' title="bbox 674 1831 2166 1902; baseline -0.007 -10"><span class='ocrx_word' id='word_1_193' title='bbox 674 1841 872 1892; x_wconf 85' lang='lat' dir='ltr'><strong>Eorum</strong></span> <span class='ocrx_word' id='word_1_194' title='bbox 923 1844 1101 1890; x_wconf 88' lang='lat' dir='ltr'><strong>autem</strong></span> <span class='ocrx_word' id='word_1_195' title='bbox 1155 1852 1275 1902; x_wconf 61' lang='lat' dir='ltr'><strong>qua!</strong></span> <span class='ocrx_word' id='word_1_196' title='bbox 1318 1837 1383 1887; x_wconf 87' lang='lat' dir='ltr'><strong>ad</strong></span> <span class='ocrx_word' id='word_1_197' title='bbox 1419 1833 1771 1901; x_wconf 80' lang='lat' dir='ltr'><strong>cupiditatem</strong></span> <span class='ocrx_word' id='word_1_198' title='bbox 1822 1839 1876 1883; x_wconf 92' lang='lat' dir='ltr'><strong>et</strong></span> <span class='ocrx_word' id='word_1_199' title='bbox 1919 1831 2166 1898; x_wconf 78' lang='lat' dir='ltr'><strong>volupta-</strong></span> 
     </span>
    </p>
   </div>
   <div class='ocr_carea' id='block_1_33' title="bbox 2280 1819 3839 1902">
    <p class='ocr_par' dir='ltr' id='par_1_33' title="bbox 2346 1819 3839 1902">
     <span class='ocr_line' id='line_1_33' title="bbox 2346 1819 3839 1902; baseline -0.011 -13"><span class='ocrx_word' id='word_1_200' title='bbox 2346 1837 2466 1890; x_wconf 84' lang='grc' dir='ltr'>Τῶν</span> <span class='ocrx_word' id='word_1_201' title='bbox 2515 1837 2570 1889; x_wconf 83' lang='grc' dir='ltr'>δὲ</span> <span class='ocrx_word' id='word_1_202' title='bbox 2615 1834 2684 1888; x_wconf 72' lang='grc' dir='ltr'>δι’</span> <span class='ocrx_word' id='word_1_203' title='bbox 2735 1833 3027 1902; x_wconf 70' lang='grc' dir='ltr'>ἐπιθυμίαν</span> <span class='ocrx_word' id='word_1_204' title='bbox 3075 1847 3133 1881; x_wconf 87' lang='grc' dir='ltr'><strong>τε</strong></span> <span class='ocrx_word' id='word_1_205' title='bbox 3180 1827 3274 1880; x_wconf 73' lang='grc' dir='ltr'><strong>καὶ</strong></span> <span class='ocrx_word' id='word_1_206' title='bbox 3315 1819 3516 1895; x_wconf 58' lang='grc' dir='ltr'><strong>⁴ἡδονὴν</strong></span> <span class='ocrx_word' id='word_1_207' title='bbox 3550 1827 3839 1889; x_wconf 77' lang='grc' dir='ltr'>γινομένων</span> 
     </span>
    </p>
   </div>
   <div class='ocr_carea' id='block_1_34' title="bbox 606 1923 2173 1996">
    <p class='ocr_par' dir='ltr' id='par_1_34' title="bbox 606 1923 2173 1996">
     <span class='ocr_line' id='line_1_34' title="bbox 606 1923 2173 1996; baseline -0.005 -13"><span class='ocrx_word' id='word_1_208' title='bbox 606 1941 710 1984; x_wconf 86' lang='lat' dir='ltr'><strong>tem</strong></span> <span class='ocrx_word' id='word_1_209' title='bbox 784 1930 919 1983; x_wconf 90' lang='lat' dir='ltr'><strong>Iiunt</strong></span> <span class='ocrx_word' id='word_1_210' title='bbox 998 1938 1340 1996; x_wconf 79' lang='lat' dir='ltr'><strong>peccatorum</strong></span> <span class='ocrx_word' id='word_1_211' title='bbox 1374 1967 1388 1990; x_wconf 95' lang='lat'><strong>,</strong></span> <span class='ocrx_word' id='word_1_212' title='bbox 1446 1926 1560 1978; x_wconf 68' lang='lat' dir='ltr'><strong>haec</strong></span> <span class='ocrx_word' id='word_1_213' title='bbox 1628 1933 1711 1977; x_wconf 86' lang='lat' dir='ltr'><strong>est</strong></span> <span class='ocrx_word' id='word_1_214' title='bbox 1765 1923 2017 1976; x_wconf 81' lang='lat' dir='ltr'><strong>divisio:</strong></span> <span class='ocrx_word' id='word_1_215' title='bbox 2069 1925 2173 1976; x_wconf 84' lang='lat' dir='ltr'><strong>hoc</strong></span> 
     </span>
    </p>
   </div>
   <div class='ocr_carea' id='block_1_35' title="bbox 602 2011 2168 2075">
    <p class='ocr_par' dir='ltr' id='par_1_35' title="bbox 602 2011 2168 2075">
     <span class='ocr_line' id='line_1_35' title="bbox 602 2011 2168 2075; baseline -0.004 -7"><span class='ocrx_word' id='word_1_216' title='bbox 602 2023 746 2072; x_wconf 72' lang='lat' dir='ltr'><strong>rnim</strong></span> <span class='ocrx_word' id='word_1_217' title='bbox 803 2028 1028 2071; x_wconf 79' lang='lat' dir='ltr'><strong>vocatur</strong></span> <span class='ocrx_word' id='word_1_218' title='bbox 1084 2017 1436 2075; x_wconf 80' lang='lat' dir='ltr'><strong>adulterium,</strong></span> <span class='ocrx_word' id='word_1_219' title='bbox 1494 2013 1625 2068; x_wconf 88' lang='lat' dir='ltr'><strong>illud</strong></span> <span class='ocrx_word' id='word_1_220' title='bbox 1676 2029 1805 2067; x_wconf 80' lang='lat' dir='ltr'><strong>vero</strong></span> <span class='ocrx_word' id='word_1_221' title='bbox 1856 2011 2168 2065; x_wconf 76' lang='lat' dir='ltr'><strong>fornica-tio.</strong></span> 
     </span>
    </p>
   </div>
   <div class='ocr_carea' id='block_1_36' title="bbox 605 2100 2167 2174">
    <p class='ocr_par' dir='ltr' id='par_1_36' title="bbox 605 2100 2167 2174">
     <span class='ocr_line' id='line_1_36' title="bbox 605 2100 2167 2174; baseline -0.005 -13"><span class='ocrx_word' id='word_1_222' title='bbox 605 2114 678 2161; x_wconf 84' lang='lat' dir='ltr'><strong>Ac</strong></span> <span class='ocrx_word' id='word_1_223' title='bbox 718 2108 996 2160; x_wconf 82' lang='lat' dir='ltr'><strong>nonnullis</strong></span> <span class='ocrx_word' id='word_1_224' title='bbox 1029 2106 1247 2174; x_wconf 83' lang='lat' dir='ltr'><strong>quidem</strong></span> <span class='ocrx_word' id='word_1_225' title='bbox 1289 2120 1478 2158; x_wconf 89' lang='lat' dir='ltr'><strong>eorum</strong></span> <span class='ocrx_word' id='word_1_226' title='bbox 1517 2104 1608 2172; x_wconf 76' lang='lat' dir='ltr'><strong>qui</strong></span> <span class='ocrx_word' id='word_1_227' title='bbox 1654 2113 1780 2156; x_wconf 90' lang='lat' dir='ltr'><strong>sunt</strong></span> <span class='ocrx_word' id='word_1_228' title='bbox 1829 2100 2167 2162; x_wconf 83' lang='lat' dir='ltr'><strong>subtiliores,</strong></span> 
     </span>
    </p>
   </div>
   <div class='ocr_carea' id='block_1_37' title="bbox 605 2190 2169 2264">
    <p class='ocr_par' dir='ltr' id='par_1_37' title="bbox 605 2190 2169 2264">
     <span class='ocr_line' id='line_1_37' title="bbox 605 2190 2169 2264; baseline -0.005 -15"><span class='ocrx_word' id='word_1_229' title='bbox 605 2197 806 2264; x_wconf 50' lang='lat' dir='ltr'><strong>placuit</strong></span> <span class='ocrx_word' id='word_1_230' title='bbox 857 2195 1021 2248; x_wconf 87' lang='lat' dir='ltr'><strong>etiam</strong></span> <span class='ocrx_word' id='word_1_231' title='bbox 1091 2194 1468 2246; x_wconf 79' lang='lat' dir='ltr'><strong>fornicationis</strong></span> <span class='ocrx_word' id='word_1_232' title='bbox 1509 2205 1794 2261; x_wconf 87' lang='lat' dir='ltr'><strong>peccatum</strong></span> <span class='ocrx_word' id='word_1_233' title='bbox 1833 2190 2169 2244; x_wconf 82' lang='lat' dir='ltr'><strong>adulterium</strong></span> 
     </span>
    </p>
   </div>
   <div class='ocr_carea' id='block_1_38' title="bbox 625 2286 2175 2355">
    <p class='ocr_par' dir='ltr' id='par_1_38' title="bbox 625 2286 2175 2355">
     <span class='ocr_line' id='line_1_38' title="bbox 625 2286 2175 2355; baseline 0.002 -19"><span class='ocrx_word' id='word_1_234' title='bbox 625 2301 744 2339; x_wconf 77' lang='lat' dir='ltr'><strong>esse</strong></span> <span class='ocrx_word' id='word_1_235' title='bbox 785 2286 1116 2346; x_wconf 74' lang='lat' dir='ltr'><strong>existimare,</strong></span> <span class='ocrx_word' id='word_1_236' title='bbox 1164 2287 1419 2354; x_wconf 82' lang='lat' dir='ltr'><strong>quoniam</strong></span> <span class='ocrx_word' id='word_1_237' title='bbox 1479 2303 1583 2339; x_wconf 86' lang='lat' dir='ltr'><strong>una</strong></span> <span class='ocrx_word' id='word_1_238' title='bbox 1641 2297 1723 2339; x_wconf 84' lang='lat' dir='ltr'><strong>est</strong></span> <span class='ocrx_word' id='word_1_239' title='bbox 1768 2289 2003 2355; x_wconf 76' lang='lat' dir='ltr'><strong>legitima</strong></span> <span class='ocrx_word' id='word_1_240' title='bbox 2046 2304 2175 2340; x_wconf 83' lang='lat' dir='ltr'><strong>con-</strong></span> 
     </span>
    </p>
   </div>
   <div class='ocr_carea' id='block_1_39' title="bbox 620 2376 2171 2440">
    <p class='ocr_par' dir='ltr' id='par_1_39' title="bbox 620 2376 2171 2440">
     <span class='ocr_line' id='line_1_39' title="bbox 620 2376 2171 2440; baseline 0.006 -15"><span class='ocrx_word' id='word_1_241' title='bbox 620 2376 828 2440; x_wconf 83' lang='lat' dir='ltr'><strong>jnnctio</strong></span> <span class='ocrx_word' id='word_1_242' title='bbox 848 2384 897 2428; x_wconf 92' lang='lat' dir='ltr'><strong>et</strong></span> <span class='ocrx_word' id='word_1_243' title='bbox 945 2376 1184 2428; x_wconf 84' lang='lat' dir='ltr'><strong>mulieris</strong></span> <span class='ocrx_word' id='word_1_244' title='bbox 1211 2391 1333 2428; x_wconf 93' lang='lat' dir='ltr'><strong>cum</strong></span> <span class='ocrx_word' id='word_1_245' title='bbox 1361 2377 1496 2435; x_wconf 87' lang='lat' dir='ltr'><strong>viro,</strong></span> <span class='ocrx_word' id='word_1_246' title='bbox 1536 2385 1587 2430; x_wconf 92' lang='lat' dir='ltr'><strong>et</strong></span> <span class='ocrx_word' id='word_1_247' title='bbox 1631 2379 1730 2429; x_wconf 86' lang='lat' dir='ltr'><strong>viri</strong></span> <span class='ocrx_word' id='word_1_248' title='bbox 1766 2393 1887 2430; x_wconf 87' lang='lat' dir='ltr'><strong>cum</strong></span> <span class='ocrx_word' id='word_1_249' title='bbox 1926 2379 2171 2433; x_wconf 82' lang='lat' dir='ltr'><strong>muliere.</strong></span> 
     </span>
    </p>
   </div>
   <div class='ocr_carea' id='block_1_40' title="bbox 625 2463 2175 2534">
    <p class='ocr_par' dir='ltr' id='par_1_40' title="bbox 625 2463 2175 2534">
     <span class='ocr_line' id='line_1_40' title="bbox 625 2463 2175 2534; baseline 0 -14"><span class='ocrx_word' id='word_1_250' title='bbox 625 2463 892 2533; x_wconf 81' lang='lat' dir='ltr'><strong>Quidquid</strong></span> <span class='ocrx_word' id='word_1_251' title='bbox 921 2479 1050 2532; x_wconf 80' lang='lat' dir='ltr'><strong>ergo</strong></span> <span class='ocrx_word' id='word_1_252' title='bbox 1082 2479 1187 2516; x_wconf 91' lang='lat' dir='ltr'><strong>non</strong></span> <span class='ocrx_word' id='word_1_253' title='bbox 1215 2475 1296 2516; x_wconf 90' lang='lat' dir='ltr'><strong>est</strong></span> <span class='ocrx_word' id='word_1_254' title='bbox 1322 2465 1639 2532; x_wconf 78' lang='lat' dir='ltr'><strong>legitimum,</strong></span> <span class='ocrx_word' id='word_1_255' title='bbox 1661 2473 1743 2517; x_wconf 89' lang='lat' dir='ltr'><strong>est</strong></span> <span class='ocrx_word' id='word_1_256' title='bbox 1764 2467 1983 2518; x_wconf 90' lang='lat' dir='ltr'><strong>omnino</strong></span> <span class='ocrx_word' id='word_1_257' title='bbox 2006 2467 2175 2534; x_wconf 87' lang='lat' dir='ltr'><strong>injus-</strong></span> 
     </span>
    </p>
   </div>
   <div class='ocr_carea' id='block_1_41' title="bbox 626 2555 2173 2623">
    <p class='ocr_par' dir='ltr' id='par_1_41' title="bbox 626 2555 2173 2623">
     <span class='ocr_line' id='line_1_41' title="bbox 626 2555 2173 2623; baseline 0.002 -19"><span class='ocrx_word' id='word_1_258' title='bbox 626 2563 736 2605; x_wconf 83' lang='lat' dir='ltr'><strong>tnm</strong></span> <span class='ocrx_word' id='word_1_259' title='bbox 758 2561 809 2605; x_wconf 82' lang='lat' dir='ltr'><strong>et</strong></span> <span class='ocrx_word' id='word_1_260' title='bbox 831 2555 926 2621; x_wconf 77' lang='lat' dir='ltr'><strong>legi</strong></span> <span class='ocrx_word' id='word_1_261' title='bbox 951 2555 1280 2607; x_wconf 85' lang='lat' dir='ltr'><strong>contrarium</strong></span> <span class='ocrx_word' id='word_1_262' title='bbox 1311 2573 1320 2606; x_wconf 94' lang='lat'>:</span> <span class='ocrx_word' id='word_1_263' title='bbox 1351 2563 1400 2608; x_wconf 90' lang='lat' dir='ltr'><strong>et</strong></span> <span class='ocrx_word' id='word_1_264' title='bbox 1436 2555 1524 2622; x_wconf 91' lang='lat' dir='ltr'><strong>qui</strong></span> <span class='ocrx_word' id='word_1_265' title='bbox 1551 2569 1655 2607; x_wconf 87' lang='lat' dir='ltr'><strong>non</strong></span> <span class='ocrx_word' id='word_1_266' title='bbox 1681 2555 1839 2607; x_wconf 73' lang='lat' dir='ltr'><strong>habet</strong></span> <span class='ocrx_word' id='word_1_267' title='bbox 1871 2557 2173 2623; x_wconf 89' lang='lat' dir='ltr'><strong>proprium,</strong></span> 
     </span>
    </p>
   </div>
   <div class='ocr_carea' id='block_1_42' title="bbox 625 2644 2171 2699">
    <p class='ocr_par' dir='ltr' id='par_1_42' title="bbox 625 2644 2171 2699">
     <span class='ocr_line' id='line_1_42' title="bbox 625 2644 2171 2699; baseline 0.001 -2"><span class='ocrx_word' id='word_1_268' title='bbox 625 2644 782 2697; x_wconf 84' lang='lat' dir='ltr'><strong>habet</strong></span> <span class='ocrx_word' id='word_1_269' title='bbox 821 2646 1040 2697; x_wconf 91' lang='lat' dir='ltr'><strong>omnino</strong></span> <span class='ocrx_word' id='word_1_270' title='bbox 1086 2647 1340 2698; x_wconf 90' lang='lat' dir='ltr'><strong>alienum.</strong></span> <span class='ocrx_word' id='word_1_271' title='bbox 1377 2645 1588 2698; x_wconf 84' lang='lat' dir='ltr'><strong>Ilmnini</strong></span> <span class='ocrx_word' id='word_1_272' title='bbox 1627 2650 1768 2699; x_wconf 87' lang='lat' dir='ltr'><strong>enim</strong></span> <span class='ocrx_word' id='word_1_273' title='bbox 1806 2661 1911 2699; x_wconf 86' lang='lat' dir='ltr'><strong>una</strong></span> <span class='ocrx_word' id='word_1_274' title='bbox 1963 2657 2171 2699; x_wconf 85' lang='lat' dir='ltr'><strong>tantum</strong></span> 
     </span>
    </p>
   </div>
   <div class='ocr_carea' id='block_1_43' title="bbox 622 2732 2173 2804">
    <p class='ocr_par' dir='ltr' id='par_1_43' title="bbox 622 2732 2173 2804">
     <span class='ocr_line' id='line_1_43' title="bbox 622 2732 2173 2804; baseline 0.003 -22"><span class='ocrx_word' id='word_1_275' title='bbox 622 2732 744 2784; x_wconf 83' lang='lat' dir='ltr'><strong>data</strong></span> <span class='ocrx_word' id='word_1_276' title='bbox 766 2735 1174 2787; x_wconf 82' lang='lat' dir='ltr'><strong>estauxiliatrix</strong></span> <span class='ocrx_word' id='word_1_277' title='bbox 1211 2750 1237 2786; x_wconf 82' lang='lat' dir='ltr'><strong>a</strong></span> <span class='ocrx_word' id='word_1_278' title='bbox 1273 2735 1470 2796; x_wconf 71' lang='lat' dir='ltr'><strong>lleo,ct</strong></span> <span class='ocrx_word' id='word_1_279' title='bbox 1515 2736 1722 2787; x_wconf 71' lang='lat' dir='ltr'><strong>mulieri</strong></span> <span class='ocrx_word' id='word_1_280' title='bbox 1761 2752 1922 2788; x_wconf 90' lang='lat' dir='ltr'><strong>unum</strong></span> <span class='ocrx_word' id='word_1_281' title='bbox 1959 2736 2173 2804; x_wconf 81' lang='lat' dir='ltr'><strong>apposi-</strong></span> 
     </span>
    </p>
   </div>
   <div class='ocr_carea' id='block_1_44' title="bbox 623 2822 2172 2892">
    <p class='ocr_par' dir='ltr' id='par_1_44' title="bbox 623 2822 2172 2892">
     <span class='ocr_line' id='line_1_44' title="bbox 623 2822 2172 2892; baseline 0.001 -17"><span class='ocrx_word' id='word_1_282' title='bbox 623 2831 732 2875; x_wconf 87' lang='lat' dir='ltr'><strong>tum</strong></span> <span class='ocrx_word' id='word_1_283' title='bbox 789 2830 870 2875; x_wconf 87' lang='lat' dir='ltr'><strong>est</strong></span> <span class='ocrx_word' id='word_1_284' title='bbox 921 2831 1102 2890; x_wconf 85' lang='lat' dir='ltr'><strong>caput.</strong></span> <span class='ocrx_word' id='word_1_285' title='bbox 1151 2822 1291 2892; x_wconf 76' lang='lat' dir='ltr'><strong>Ergo</strong></span> <span class='ocrx_word' id='word_1_286' title='bbox 1334 2826 1379 2875; x_wconf 78' lang='lat' dir='ltr'><strong>si</strong></span> <span class='ocrx_word' id='word_1_287' title='bbox 1428 2825 1563 2891; x_wconf 71' lang='lat' dir='ltr'><strong>quis,</strong></span> <span class='ocrx_word' id='word_1_288' title='bbox 1626 2824 1864 2891; x_wconf 77' lang='lat' dir='ltr'><strong>quidem,</strong></span> <span class='ocrx_word' id='word_1_289' title='bbox 1907 2827 2172 2891; x_wconf 56' lang='lat' dir='ltr'><strong>prag&#39;rium</strong></span> 
     </span>
    </p>
   </div>
   <div class='ocr_carea' id='block_1_45' title="bbox 623 2912 2175 2982">
    <p class='ocr_par' dir='ltr' id='par_1_45' title="bbox 623 2912 2175 2982">
     <span class='ocr_line' id='line_1_45' title="bbox 623 2912 2175 2982; baseline 0.004 -22"><span class='ocrx_word' id='word_1_290' title='bbox 623 2927 712 2962; x_wconf 78' lang='lat' dir='ltr'><strong>uas</strong></span> <span class='ocrx_word' id='word_1_291' title='bbox 769 2928 941 2970; x_wconf 78' lang='lat' dir='ltr'><strong>suum,</strong></span> <span class='ocrx_word' id='word_1_292' title='bbox 993 2920 1050 2964; x_wconf 91' lang='lat' dir='ltr'><strong>ut</strong></span> <span class='ocrx_word' id='word_1_293' title='bbox 1094 2912 1308 2966; x_wconf 81' lang='lat' dir='ltr'><strong>divinus</strong></span> <span class='ocrx_word' id='word_1_294' title='bbox 1363 2914 1653 2980; x_wconf 82' lang='lat' dir='ltr'><strong>Apost-olus</strong></span> <span class='ocrx_word' id='word_1_295' title='bbox 1700 2916 1961 2973; x_wconf 78' lang='lat' dir='ltr'><strong>nominat,</strong></span> <span class='ocrx_word' id='word_1_296' title='bbox 2000 2931 2175 2982; x_wconf 75' lang='lat' dir='ltr'><strong>posse-</strong></span> 
     </span>
    </p>
   </div>
   <div class='ocr_carea' id='block_1_46' title="bbox 629 3000 2172 3072">
    <p class='ocr_par' dir='ltr' id='par_1_46' title="bbox 629 3000 2172 3072">
     <span class='ocr_line' id='line_1_46' title="bbox 629 3000 2172 3072; baseline 0.002 -21"><span class='ocrx_word' id='word_1_297' title='bbox 629 3000 761 3053; x_wconf 74' lang='lat' dir='ltr'><strong>derit</strong></span> <span class='ocrx_word' id='word_1_298' title='bbox 840 3004 886 3060; x_wconf 82' lang='lat'><strong>&#39;.</strong></span> <span class='ocrx_word' id='word_1_299' title='bbox 932 3003 978 3055; x_wconf 90' lang='lat' dir='ltr'><strong>ei</strong></span> <span class='ocrx_word' id='word_1_300' title='bbox 1017 3003 1098 3056; x_wconf 76' lang='lat' dir='ltr'><strong>lex</strong></span> <span class='ocrx_word' id='word_1_301' title='bbox 1140 3004 1571 3072; x_wconf 69' lang='lat' dir='ltr'><strong>naturrejnstum</strong></span> <span class='ocrx_word' id='word_1_302' title='bbox 1618 3020 1772 3057; x_wconf 92' lang='lat' dir='ltr'><strong>nsum</strong></span> <span class='ocrx_word' id='word_1_303' title='bbox 1826 3006 2088 3058; x_wconf 85' lang='lat' dir='ltr'><strong>concedit.</strong></span> <span class='ocrx_word' id='word_1_304' title='bbox 2119 3003 2172 3056; x_wconf 91' lang='lat' dir='ltr'><strong>Si</strong></span> 
     </span>
    </p>
   </div>
   <div class='ocr_carea' id='block_1_47' title="bbox 626 3093 2170 3161">
    <p class='ocr_par' dir='ltr' id='par_1_47' title="bbox 626 3093 2170 3161">
     <span class='ocr_line' id='line_1_47' title="bbox 626 3093 2170 3161; baseline 0.002 -19"><span class='ocrx_word' id='word_1_305' title='bbox 626 3093 746 3160; x_wconf 89' lang='lat' dir='ltr'><strong>quis</strong></span> <span class='ocrx_word' id='word_1_306' title='bbox 779 3101 954 3144; x_wconf 85' lang='lat' dir='ltr'><strong>autem</strong></span> <span class='ocrx_word' id='word_1_307' title='bbox 1008 3102 1158 3146; x_wconf 83' lang='lat' dir='ltr'><strong>extra</strong></span> <span class='ocrx_word' id='word_1_308' title='bbox 1202 3096 1478 3161; x_wconf 83' lang='lat' dir='ltr'><strong>preprinm</strong></span> <span class='ocrx_word' id='word_1_309' title='bbox 1515 3111 1809 3148; x_wconf 88' lang='lat' dir='ltr'><strong>conversus</strong></span> <span class='ocrx_word' id='word_1_310' title='bbox 1851 3095 2031 3156; x_wconf 83' lang='lat' dir='ltr'><strong>fuerit,</strong></span> <span class='ocrx_word' id='word_1_311' title='bbox 2075 3097 2170 3148; x_wconf 78' lang='lat' dir='ltr'><strong>erit</strong></span> 
     </span>
    </p>
   </div>
   <div class='ocr_carea' id='block_1_48' title="bbox 626 3183 2174 3254">
    <p class='ocr_par' dir='ltr' id='par_1_48' title="bbox 626 3183 2174 3254">
     <span class='ocr_line' id='line_1_48' title="bbox 626 3183 2174 3254; baseline 0.001 -19"><span class='ocrx_word' id='word_1_312' title='bbox 626 3183 848 3235; x_wconf 86' lang='lat' dir='ltr'><strong>omnino</strong></span> <span class='ocrx_word' id='word_1_313' title='bbox 901 3183 952 3235; x_wconf 91' lang='lat' dir='ltr'><strong>in</strong></span> <span class='ocrx_word' id='word_1_314' title='bbox 1010 3185 1188 3238; x_wconf 85' lang='lat' dir='ltr'><strong>alieno</strong></span> <span class='ocrx_word' id='word_1_315' title='bbox 1227 3202 1238 3238; x_wconf 92' lang='lat'>:</span> <span class='ocrx_word' id='word_1_316' title='bbox 1281 3194 1363 3238; x_wconf 90' lang='lat' dir='ltr'><strong>cst</strong></span> <span class='ocrx_word' id='word_1_317' title='bbox 1407 3193 1581 3238; x_wconf 86' lang='lat' dir='ltr'><strong>autem</strong></span> <span class='ocrx_word' id='word_1_318' title='bbox 1621 3188 1912 3254; x_wconf 85' lang='lat' dir='ltr'><strong>unicuique</strong></span> <span class='ocrx_word' id='word_1_319' title='bbox 1945 3188 2174 3239; x_wconf 84' lang='lat' dir='ltr'><strong>alienum</strong></span> 
     </span>
    </p>
   </div>
   <div class='ocr_carea' id='block_1_49' title="bbox 625 3273 2176 3342">
    <p class='ocr_par' dir='ltr' id='par_1_49' title="bbox 625 3273 2176 3342">
     <span class='ocr_line' id='line_1_49' title="bbox 625 3273 2176 3342; baseline 0.001 -18"><span class='ocrx_word' id='word_1_320' title='bbox 625 3273 884 3340; x_wconf 66' lang='lat' dir='ltr'><strong>quidquid</strong></span> <span class='ocrx_word' id='word_1_321' title='bbox 941 3287 1048 3325; x_wconf 90' lang='lat' dir='ltr'><strong>non</strong></span> <span class='ocrx_word' id='word_1_322' title='bbox 1085 3283 1166 3326; x_wconf 83' lang='lat' dir='ltr'><strong>est</strong></span> <span class='ocrx_word' id='word_1_323' title='bbox 1215 3277 1514 3342; x_wconf 85' lang='lat' dir='ltr'><strong>proprium,</strong></span> <span class='ocrx_word' id='word_1_324' title='bbox 1559 3277 1768 3328; x_wconf 81' lang='lat' dir='ltr'><strong>etiamsi</strong></span> <span class='ocrx_word' id='word_1_325' title='bbox 1822 3277 1871 3326; x_wconf 87' lang='lat' dir='ltr'><strong>id</strong></span> <span class='ocrx_word' id='word_1_326' title='bbox 1913 3291 2018 3327; x_wconf 87' lang='lat' dir='ltr'><strong>non</strong></span> <span class='ocrx_word' id='word_1_327' title='bbox 2051 3293 2176 3328; x_wconf 90' lang='lat' dir='ltr'><strong>con-</strong></span> 
     </span>
    </p>
   </div>
   <div class='ocr_carea' id='block_1_50' title="bbox 628 3360 2178 3433">
    <p class='ocr_par' dir='ltr' id='par_1_50' title="bbox 628 3360 2178 3433">
     <span class='ocr_line' id='line_1_50' title="bbox 628 3360 2178 3433; baseline 0.001 -19"><span class='ocrx_word' id='word_1_328' title='bbox 628 3360 838 3414; x_wconf 81' lang='lat' dir='ltr'><strong>ilteatur</strong></span> <span class='ocrx_word' id='word_1_329' title='bbox 858 3361 948 3428; x_wconf 92' lang='lat' dir='ltr'><strong>qui</strong></span> <span class='ocrx_word' id='word_1_330' title='bbox 975 3370 1058 3415; x_wconf 88' lang='lat' dir='ltr'><strong>est</strong></span> <span class='ocrx_word' id='word_1_331' title='bbox 1083 3361 1358 3415; x_wconf 85' lang='lat' dir='ltr'><strong>dominus.</strong></span> <span class='ocrx_word' id='word_1_332' title='bbox 1394 3363 1507 3416; x_wconf 83' lang='lat' dir='ltr'><strong>Non</strong></span> <span class='ocrx_word' id='word_1_333' title='bbox 1543 3365 1697 3432; x_wconf 82' lang='lat' dir='ltr'><strong>longe</strong></span> <span class='ocrx_word' id='word_1_334' title='bbox 1733 3380 1862 3433; x_wconf 75' lang='lat' dir='ltr'><strong>ergo</strong></span> <span class='ocrx_word' id='word_1_335' title='bbox 1898 3380 1924 3416; x_wconf 90' lang='lat' dir='ltr'><strong>a</strong></span> <span class='ocrx_word' id='word_1_336' title='bbox 1961 3375 2178 3432; x_wconf 85' lang='lat' dir='ltr'><strong>peccato</strong></span> 
     </span>
    </p>
   </div>
   <div class='ocr_carea' id='block_1_51' title="bbox 628 3451 2180 3521">
    <p class='ocr_par' dir='ltr' id='par_1_51' title="bbox 628 3451 2180 3521">
     <span class='ocr_line' id='line_1_51' title="bbox 628 3451 2180 3521; baseline 0.003 -21"><span class='ocrx_word' id='word_1_337' title='bbox 628 3452 895 3512; x_wconf 80' lang='lat' dir='ltr'><strong>adulterii,</strong></span> <span class='ocrx_word' id='word_1_338' title='bbox 947 3451 1230 3504; x_wconf 79' lang='lat' dir='ltr'><strong>fornicatio</strong></span> <span class='ocrx_word' id='word_1_339' title='bbox 1276 3453 1340 3504; x_wconf 89' lang='lat' dir='ltr'><strong>ab</strong></span> <span class='ocrx_word' id='word_1_340' title='bbox 1386 3455 1452 3506; x_wconf 88' lang='lat' dir='ltr'><strong>iis</strong></span> <span class='ocrx_word' id='word_1_341' title='bbox 1504 3455 1593 3521; x_wconf 91' lang='lat' dir='ltr'><strong>qui</strong></span> <span class='ocrx_word' id='word_1_342' title='bbox 1649 3470 1760 3506; x_wconf 89' lang='lat' dir='ltr'><strong>rem</strong></span> <span class='ocrx_word' id='word_1_343' title='bbox 1813 3456 1971 3521; x_wconf 91' lang='lat' dir='ltr'><strong>paulo</strong></span> <span class='ocrx_word' id='word_1_344' title='bbox 2019 3470 2180 3506; x_wconf 77' lang='lat' dir='ltr'><strong>arcu-</strong></span> 
     </span>
    </p>
   </div>
   <div class='ocr_carea' id='block_1_52' title="bbox 628 3540 2178 3609">
    <p class='ocr_par' dir='ltr' id='par_1_52' title="bbox 628 3540 2178 3609">
     <span class='ocr_line' id='line_1_52' title="bbox 628 3540 2178 3609; baseline 0.004 -19"><span class='ocrx_word' id='word_1_345' title='bbox 628 3540 794 3592; x_wconf 83' lang='lat' dir='ltr'><strong>ratius</strong></span> <span class='ocrx_word' id='word_1_346' title='bbox 827 3541 1159 3603; x_wconf 81' lang='lat' dir='ltr'><strong>examinant,</strong></span> <span class='ocrx_word' id='word_1_347' title='bbox 1202 3554 1450 3609; x_wconf 80' lang='lat' dir='ltr'><strong>susccpta</strong></span> <span class='ocrx_word' id='word_1_348' title='bbox 1508 3553 1610 3604; x_wconf 86' lang='lat' dir='ltr'><strong>est,</strong></span> <span class='ocrx_word' id='word_1_349' title='bbox 1665 3560 1786 3596; x_wconf 91' lang='lat' dir='ltr'><strong>cum</strong></span> <span class='ocrx_word' id='word_1_350' title='bbox 1835 3545 1977 3597; x_wconf 83' lang='lat' dir='ltr'><strong>dicat</strong></span> <span class='ocrx_word' id='word_1_351' title='bbox 2017 3547 2178 3596; x_wconf 86' lang='lat' dir='ltr'><strong>etiam</strong></span> 
     </span>
    </p>
   </div>
   <div class='ocr_carea' id='block_1_53' title="bbox 631 3626 2179 3698">
    <p class='ocr_par' dir='ltr' id='par_1_53' title="bbox 631 3626 2179 3698">
     <span class='ocr_line' id='line_1_53' title="bbox 631 3626 2179 3698; baseline 0.004 -19"><span class='ocrx_word' id='word_1_352' title='bbox 631 3626 906 3691; x_wconf 75' lang='lat' dir='ltr'><strong>Scriptura</strong></span> <span class='ocrx_word' id='word_1_353' title='bbox 954 3647 966 3680; x_wconf 90' lang='lat'><strong>:</strong></span> <span class='ocrx_word' id='word_1_354' title='bbox 1005 3628 1086 3681; x_wconf 75' lang='lat' dir='ltr'><strong>Ne</strong></span> <span class='ocrx_word' id='word_1_355' title='bbox 1116 3631 1306 3681; x_wconf 75' lang='lat' dir='ltr'><strong>uiuitur</strong></span> <span class='ocrx_word' id='word_1_356' title='bbox 1345 3633 1418 3684; x_wconf 76' lang='lat' dir='ltr'><strong>sis</strong></span> <span class='ocrx_word' id='word_1_357' title='bbox 1451 3648 1566 3683; x_wconf 84' lang='lat' dir='ltr'><strong>cum</strong></span> <span class='ocrx_word' id='word_1_358' title='bbox 1597 3633 1771 3685; x_wconf 82' lang='lat' dir='ltr'><strong>aliena</strong></span> <span class='ocrx_word' id='word_1_359' title='bbox 1819 3642 1872 3698; x_wconf 81' lang='grc'>³,</span> <span class='ocrx_word' id='word_1_360' title='bbox 1931 3634 2022 3687; x_wconf 84' lang='lat' dir='ltr'><strong>sed</strong></span> <span class='ocrx_word' id='word_1_361' title='bbox 2057 3650 2179 3686; x_wconf 86' lang='lat' dir='ltr'><strong>cum</strong></span> 
     </span>
    </p>
   </div>
   <div class='ocr_carea' id='block_1_54' title="bbox 631 3717 2181 3788">
    <p class='ocr_par' dir='ltr' id='par_1_54' title="bbox 631 3717 2181 3788">
     <span class='ocr_line' id='line_1_54' title="bbox 631 3717 2181 3788; baseline 0.003 -22"><span class='ocrx_word' id='word_1_362' title='bbox 631 3717 1078 3769; x_wconf 80' lang='lat' dir='ltr'><strong>imbecil!ioribus</strong></span> <span class='ocrx_word' id='word_1_363' title='bbox 1137 3719 1477 3786; x_wconf 73' lang='lat' dir='ltr'><strong>indulgenter</strong></span> <span class='ocrx_word' id='word_1_364' title='bbox 1525 3721 1788 3788; x_wconf 76' lang='lat' dir='ltr'><strong>agendum</strong></span> <span class='ocrx_word' id='word_1_365' title='bbox 1853 3730 2181 3775; x_wconf 85' lang='lat' dir='ltr'><strong>censuerunt</strong></span> 
     </span>
    </p>
   </div>
   <div class='ocr_carea' id='block_1_55' title="bbox 632 3806 2180 3881">
    <p class='ocr_par' dir='ltr' id='par_1_55' title="bbox 632 3806 2180 3881">
     <span class='ocr_line' id='line_1_55' title="bbox 632 3806 2180 3881; baseline 0.006 -28"><span class='ocrx_word' id='word_1_366' title='bbox 632 3806 838 3866; x_wconf 66' lang='lat' dir='ltr'><strong>Patres,</strong></span> <span class='ocrx_word' id='word_1_367' title='bbox 880 3806 1195 3859; x_wconf 85' lang='lat' dir='ltr'><strong>distinctum</strong></span> <span class='ocrx_word' id='word_1_368' title='bbox 1236 3820 1319 3861; x_wconf 81' lang='lat' dir='ltr'><strong>est</strong></span> <span class='ocrx_word' id='word_1_369' title='bbox 1359 3817 1638 3881; x_wconf 78' lang='lat' dir='ltr'><strong>peccatum</strong></span> <span class='ocrx_word' id='word_1_370' title='bbox 1675 3811 1772 3861; x_wconf 85' lang='lat' dir='ltr'><strong>bac</strong></span> <span class='ocrx_word' id='word_1_371' title='bbox 1825 3814 2060 3877; x_wconf 80' lang='lat' dir='ltr'><strong>generali</strong></span> <span class='ocrx_word' id='word_1_372' title='bbox 2103 3811 2180 3862; x_wconf 87' lang='lat' dir='ltr'><strong>di—</strong></span> 
     </span>
    </p>
   </div>
   <div class='ocr_carea' id='block_1_56' title="bbox 633 3892 2174 3962">
    <p class='ocr_par' dir='ltr' id='par_1_56' title="bbox 633 3892 2174 3962">
     <span class='ocr_line' id='line_1_56' title="bbox 633 3892 2174 3962; baseline 0.005 -23"><span class='ocrx_word' id='word_1_373' title='bbox 633 3892 858 3954; x_wconf 67' lang='lat' dir='ltr'><strong>visione,</strong></span> <span class='ocrx_word' id='word_1_374' title='bbox 900 3895 1040 3961; x_wconf 91' lang='lat' dir='ltr'><strong>quod</strong></span> <span class='ocrx_word' id='word_1_375' title='bbox 1086 3894 1369 3947; x_wconf 86' lang='lat' dir='ltr'><strong>l&#39;ornicatio</strong></span> <span class='ocrx_word' id='word_1_376' title='bbox 1420 3895 1638 3961; x_wconf 90' lang='lat' dir='ltr'><strong>quidem</strong></span> <span class='ocrx_word' id='word_1_377' title='bbox 1704 3897 1913 3947; x_wconf 83' lang='lat' dir='ltr'><strong>dicatur</strong></span> <span class='ocrx_word' id='word_1_378' title='bbox 1969 3897 2174 3962; x_wconf 90' lang='lat' dir='ltr'><strong>cupidi-</strong></span> 
     </span>
    </p>
   </div>
   <div class='ocr_carea' id='block_1_57' title="bbox 631 3983 2178 4052">
    <p class='ocr_par' dir='ltr' id='par_1_57' title="bbox 631 3983 2178 4052">
     <span class='ocr_line' id='line_1_57' title="bbox 631 3983 2178 4052; baseline 0.005 -23"><span class='ocrx_word' id='word_1_379' title='bbox 631 3983 756 4035; x_wconf 76' lang='lat' dir='ltr'><strong>tatis</strong></span> <span class='ocrx_word' id='word_1_380' title='bbox 796 3997 890 4035; x_wconf 86' lang='lat' dir='ltr'><strong>seu</strong></span> <span class='ocrx_word' id='word_1_381' title='bbox 945 3984 1184 4037; x_wconf 86' lang='lat' dir='ltr'><strong>libidinis</strong></span> <span class='ocrx_word' id='word_1_382' title='bbox 1228 3986 1482 4052; x_wconf 68' lang='lat' dir='ltr'><strong>expiatio,</strong></span> <span class='ocrx_word' id='word_1_383' title='bbox 1529 3999 1648 4052; x_wconf 64' lang='lat' dir='ltr'><strong>qum</strong></span> <span class='ocrx_word' id='word_1_384' title='bbox 1701 3985 1755 4036; x_wconf 82' lang='lat' dir='ltr'><strong>lit</strong></span> <span class='ocrx_word' id='word_1_385' title='bbox 1797 3987 1911 4038; x_wconf 92' lang='lat' dir='ltr'><strong>sine</strong></span> <span class='ocrx_word' id='word_1_386' title='bbox 1946 3987 2042 4037; x_wconf 89' lang='lat' dir='ltr'><strong>alia</strong></span> <span class='ocrx_word' id='word_1_387' title='bbox 2078 3988 2178 4037; x_wconf 88' lang='lat' dir='ltr'><strong>ali-</strong></span> 
     </span>
    </p>
   </div>
   <div class='ocr_carea' id='block_1_58' title="bbox 629 4072 2177 4141">
    <p class='ocr_par' dir='ltr' id='par_1_58' title="bbox 629 4072 2177 4141">
     <span class='ocr_line' id='line_1_58' title="bbox 629 4072 2177 4141; baseline 0.004 -20"><span class='ocrx_word' id='word_1_388' title='bbox 629 4072 785 4138; x_wconf 85' lang='lat' dir='ltr'><strong>cujus</strong></span> <span class='ocrx_word' id='word_1_389' title='bbox 833 4073 1062 4138; x_wconf 88' lang='lat' dir='ltr'><strong>injuria;</strong></span> <span class='ocrx_word' id='word_1_390' title='bbox 1105 4074 1428 4127; x_wconf 85' lang='lat' dir='ltr'><strong>adulterium</strong></span> <span class='ocrx_word' id='word_1_391' title='bbox 1465 4090 1614 4140; x_wconf 87' lang='lat' dir='ltr'><strong>vero,</strong></span> <span class='ocrx_word' id='word_1_392' title='bbox 1653 4075 1861 4128; x_wconf 64' lang='lat' dir='ltr'><strong>insidia:</strong></span> <span class='ocrx_word' id='word_1_393' title='bbox 1899 4085 1949 4128; x_wconf 86' lang='lat' dir='ltr'><strong>et</strong></span> <span class='ocrx_word' id='word_1_394' title='bbox 1981 4077 2177 4141; x_wconf 85' lang='lat' dir='ltr'><strong>injuria</strong></span> 
     </span>
    </p>
   </div>
   <div class='ocr_carea' id='block_1_59' title="bbox 629 4162 2180 4226">
    <p class='ocr_par' dir='ltr' id='par_1_59' title="bbox 629 4162 2180 4226">
     <span class='ocr_line' id='line_1_59' title="bbox 629 4162 2180 4226; baseline 0.006 -16"><span class='ocrx_word' id='word_1_395' title='bbox 629 4177 747 4226; x_wconf 77' lang='lat' dir='ltr'><strong>qua:</strong></span> <span class='ocrx_word' id='word_1_396' title='bbox 771 4162 924 4214; x_wconf 77' lang='lat' dir='ltr'><strong>alteri</strong></span> <span class='ocrx_word' id='word_1_397' title='bbox 965 4163 1204 4216; x_wconf 86' lang='lat' dir='ltr'><strong>atl‘ertur.</strong></span> <span class='ocrx_word' id='word_1_398' title='bbox 1239 4164 1294 4217; x_wconf 92' lang='lat' dir='ltr'><strong>ln</strong></span> <span class='ocrx_word' id='word_1_399' title='bbox 1322 4180 1386 4217; x_wconf 91' lang='lat' dir='ltr'><strong>eo</strong></span> <span class='ocrx_word' id='word_1_400' title='bbox 1413 4175 1587 4218; x_wconf 88' lang='lat' dir='ltr'><strong>autem</strong></span> <span class='ocrx_word' id='word_1_401' title='bbox 1615 4174 1666 4218; x_wconf 89' lang='lat' dir='ltr'><strong>et</strong></span> <span class='ocrx_word' id='word_1_402' title='bbox 1696 4182 1816 4220; x_wconf 92' lang='lat' dir='ltr'><strong>cum</strong></span> <span class='ocrx_word' id='word_1_403' title='bbox 1855 4169 2180 4219; x_wconf 79' lang='lat' dir='ltr'><strong>animalibus</strong></span> 
     </span>
    </p>
   </div>
   <div class='ocr_carea' id='block_1_60' title="bbox 630 4250 2177 4323">
    <p class='ocr_par' dir='ltr' id='par_1_60' title="bbox 630 4250 2177 4323">
     <span class='ocr_line' id='line_1_60' title="bbox 630 4250 2177 4323; baseline 0.005 -23"><span class='ocrx_word' id='word_1_404' title='bbox 630 4250 831 4301; x_wconf 74' lang='lat' dir='ltr'><strong>coitum</strong></span> <span class='ocrx_word' id='word_1_405' title='bbox 881 4260 934 4303; x_wconf 92' lang='lat' dir='ltr'><strong>et</strong></span> <span class='ocrx_word' id='word_1_406' title='bbox 986 4252 1301 4320; x_wconf 68' lang='lat' dir='ltr'><strong>paedicatum</strong></span> <span class='ocrx_word' id='word_1_407' title='bbox 1353 4270 1472 4308; x_wconf 87' lang='lat' dir='ltr'><strong>esse</strong></span> <span class='ocrx_word' id='word_1_408' title='bbox 1520 4257 1862 4318; x_wconf 81' lang='lat' dir='ltr'><strong>existimant;</strong></span> <span class='ocrx_word' id='word_1_409' title='bbox 1923 4260 2177 4323; x_wconf 88' lang='lat' dir='ltr'><strong>quoniam</strong></span> 
     </span>
    </p>
   </div>
   <div class='ocr_carea' id='block_1_61' title="bbox 635 4332 2183 4413">
    <p class='ocr_par' dir='ltr' id='par_1_61' title="bbox 635 4332 2183 4413">
     <span class='ocr_line' id='line_1_61' title="bbox 635 4332 2183 4413; baseline 0.006 -23"><span class='ocrx_word' id='word_1_410' title='bbox 635 4332 746 4392; x_wconf 67' lang='grc' dir='ltr'>ξιατο</span> <span class='ocrx_word' id='word_1_411' title='bbox 789 4350 913 4393; x_wconf 92' lang='lat' dir='ltr'><strong>sunt</strong></span> <span class='ocrx_word' id='word_1_412' title='bbox 963 4351 1169 4394; x_wconf 77' lang='lat' dir='ltr'><strong>naturae</strong></span> <span class='ocrx_word' id='word_1_413' title='bbox 1201 4343 1546 4396; x_wconf 88' lang='lat' dir='ltr'><strong>adulterium.</strong></span> <span class='ocrx_word' id='word_1_414' title='bbox 1590 4346 1642 4396; x_wconf 92' lang='lat' dir='ltr'><strong>ln</strong></span> <span class='ocrx_word' id='word_1_415' title='bbox 1675 4346 1722 4398; x_wconf 92' lang='lat' dir='ltr'><strong>id</strong></span> <span class='ocrx_word' id='word_1_416' title='bbox 1753 4347 1893 4398; x_wconf 89' lang='lat' dir='ltr'><strong>enim</strong></span> <span class='ocrx_word' id='word_1_417' title='bbox 1931 4347 2070 4413; x_wconf 88' lang='lat' dir='ltr'><strong>quod</strong></span> <span class='ocrx_word' id='word_1_418' title='bbox 2101 4355 2183 4399; x_wconf 87' lang='lat' dir='ltr'><strong>est</strong></span> 
     </span>
    </p>
   </div>
   <div class='ocr_carea' id='block_1_62' title="bbox 2277 1910 3840 1996">
    <p class='ocr_par' dir='ltr' id='par_1_62' title="bbox 2277 1910 3840 1996">
     <span class='ocr_line' id='line_1_62' title="bbox 2277 1910 3840 1996; baseline -0.013 -16"><span class='ocrx_word' id='word_1_419' title='bbox 2277 1927 2683 1996; x_wconf 76' lang='grc' dir='ltr'><strong>ἁμαρτημάτων</strong></span> <span class='ocrx_word' id='word_1_420' title='bbox 2713 1922 2929 1989; x_wconf 77' lang='grc' dir='ltr'><strong>τοιαύτη</strong></span> <span class='ocrx_word' id='word_1_421' title='bbox 2961 1922 3106 1972; x_wconf 69' lang='grc' dir='ltr'>ἐστὶν</span> <span class='ocrx_word' id='word_1_422' title='bbox 3137 1921 3167 1986; x_wconf 80' lang='grc' dir='ltr'>ἡ</span> <span class='ocrx_word' id='word_1_423' title='bbox 3195 1915 3460 1986; x_wconf 73' lang='grc' dir='ltr'>διαίρεσις</span> <span class='ocrx_word' id='word_1_424' title='bbox 3480 1929 3506 1944; x_wconf 71' lang='grc'><strong>⁸·</strong></span> <span class='ocrx_word' id='word_1_425' title='bbox 3527 1913 3591 1964; x_wconf 75' lang='grc' dir='ltr'><strong>τὺ</strong></span> <span class='ocrx_word' id='word_1_426' title='bbox 3616 1911 3708 1981; x_wconf 82' lang='grc' dir='ltr'>μὲν</span> 
     </span>
    </p>
   </div>
   <div class='ocr_carea' id='block_1_63' title="bbox 2278 1999 3838 2085">
    <p class='ocr_par' dir='ltr' id='par_1_63' title="bbox 2278 1999 3838 2085">
     <span class='ocr_line' id='line_1_63' title="bbox 2278 1999 3838 2085; baseline -0.012 -15"><span class='ocrx_word' id='word_1_427' title='bbox 2278 2019 2516 2070; x_wconf 89' lang='grc' dir='ltr'>καλεῖται</span> <span class='ocrx_word' id='word_1_428' title='bbox 2548 2015 2756 2085; x_wconf 78' lang='grc' dir='ltr'>μοιχεία</span> <span class='ocrx_word' id='word_1_429' title='bbox 2778 2055 2789 2073; x_wconf 87' lang='grc'><strong>.</strong></span> <span class='ocrx_word' id='word_1_430' title='bbox 2833 2013 2894 2064; x_wconf 76' lang='grc' dir='ltr'>τὸ</span> <span class='ocrx_word' id='word_1_431' title='bbox 2929 2011 2984 2063; x_wconf 76' lang='grc' dir='ltr'>δὲ</span> <span class='ocrx_word' id='word_1_432' title='bbox 3035 2010 3278 2077; x_wconf 86' lang='grc' dir='ltr'>πορνεία.</span> <span class='ocrx_word' id='word_1_433' title='bbox 3312 2007 3436 2059; x_wconf 79' lang='grc' dir='ltr'><strong>Τισὶ</strong></span> <span class='ocrx_word' id='word_1_434' title='bbox 3487 2005 3588 2073; x_wconf 82' lang='grc' dir='ltr'>μὲν</span> <span class='ocrx_word' id='word_1_435' title='bbox 3622 1999 3710 2054; x_wconf 70' lang='grc' dir='ltr'>οὖν</span> <span class='ocrx_word' id='word_1_436' title='bbox 3740 1999 3838 2052; x_wconf 80' lang='grc' dir='ltr'>τῶν</span> 
     </span>
    </p>
   </div>
   <div class='ocr_carea' id='block_1_64' title="bbox 2277 2089 3839 2178">
    <p class='ocr_par' dir='ltr' id='par_1_64' title="bbox 2277 2089 3839 2178">
     <span class='ocr_line' id='line_1_64' title="bbox 2277 2089 3839 2178; baseline -0.014 -17"><span class='ocrx_word' id='word_1_437' title='bbox 2277 2107 2673 2178; x_wconf 78' lang='grc' dir='ltr'>ἀκριὸεατέρων</span> <span class='ocrx_word' id='word_1_438' title='bbox 2701 2105 2863 2174; x_wconf 83' lang='grc' dir='ltr'>ῆρεσε</span> <span class='ocrx_word' id='word_1_439' title='bbox 2906 2102 2999 2153; x_wconf 75' lang='grc' dir='ltr'>καὶ</span> <span class='ocrx_word' id='word_1_440' title='bbox 3028 2100 3085 2151; x_wconf 76' lang='grc' dir='ltr'><strong>τὸ</strong></span> <span class='ocrx_word' id='word_1_441' title='bbox 3121 2101 3263 2149; x_wconf 63' lang='grc' dir='ltr'>κατὰ</span> <span class='ocrx_word' id='word_1_442' title='bbox 3303 2095 3561 2164; x_wconf 77' lang='grc' dir='ltr'>πορνείαν</span> <span class='ocrx_word' id='word_1_443' title='bbox 3598 2089 3839 2159; x_wconf 71' lang='grc' dir='ltr'>πλημμέ-</span> 
     </span>
    </p>
   </div>
   <div class='ocr_carea' id='block_1_65' title="bbox 2277 2178 3841 2268">
    <p class='ocr_par' dir='ltr' id='par_1_65' title="bbox 2277 2178 3841 2268">
     <span class='ocr_line' id='line_1_65' title="bbox 2277 2178 3841 2268; baseline -0.015 -18"><span class='ocrx_word' id='word_1_444' title='bbox 2277 2197 2443 2268; x_wconf 87' lang='grc' dir='ltr'>λημα,</span> <span class='ocrx_word' id='word_1_445' title='bbox 2475 2195 2712 2264; x_wconf 82' lang='grc' dir='ltr'>μοιχείαν</span> <span class='ocrx_word' id='word_1_446' title='bbox 2749 2189 2887 2244; x_wconf 73' lang='grc' dir='ltr'>εἶναι</span> <span class='ocrx_word' id='word_1_447' title='bbox 2917 2189 3176 2257; x_wconf 72' lang='grc' dir='ltr'>νομίζειν.</span> <span class='ocrx_word' id='word_1_448' title='bbox 3213 2186 3356 2237; x_wconf 81' lang='grc' dir='ltr'>Διότι</span> <span class='ocrx_word' id='word_1_449' title='bbox 3388 2182 3487 2250; x_wconf 83' lang='grc' dir='ltr'><strong>μία</strong></span> <span class='ocrx_word' id='word_1_450' title='bbox 3519 2181 3665 2232; x_wconf 73' lang='grc' dir='ltr'>ἐστὶν</span> <span class='ocrx_word' id='word_1_451' title='bbox 3701 2180 3732 2246; x_wconf 82' lang='grc' dir='ltr'>ἡ</span> <span class='ocrx_word' id='word_1_452' title='bbox 3759 2178 3841 2227; x_wconf 74' lang='grc' dir='ltr'><strong>νό-</strong></span> 
     </span>
    </p>
   </div>
   <div class='ocr_carea' id='block_1_66' title="bbox 2281 2268 3837 2357">
    <p class='ocr_par' dir='ltr' id='par_1_66' title="bbox 2281 2268 3837 2357">
     <span class='ocr_line' id='line_1_66' title="bbox 2281 2268 3837 2357; baseline -0.015 -16"><span class='ocrx_word' id='word_1_453' title='bbox 2281 2304 2443 2357; x_wconf 85' lang='grc' dir='ltr'>μιμος</span> <span class='ocrx_word' id='word_1_454' title='bbox 2478 2285 2703 2352; x_wconf 85' lang='grc' dir='ltr'>συζυγία</span> <span class='ocrx_word' id='word_1_455' title='bbox 2727 2323 2740 2347; x_wconf 89' lang='grc'><strong>,</strong></span> <span class='ocrx_word' id='word_1_456' title='bbox 2779 2282 2872 2335; x_wconf 71' lang='grc' dir='ltr'>καὶ</span> <span class='ocrx_word' id='word_1_457' title='bbox 2902 2279 3118 2347; x_wconf 71' lang='grc' dir='ltr'>γυναικὶ</span> <span class='ocrx_word' id='word_1_458' title='bbox 3160 2276 3295 2345; x_wconf 76' lang='grc' dir='ltr'>πρὸς</span> <span class='ocrx_word' id='word_1_459' title='bbox 3329 2273 3498 2342; x_wconf 80' lang='grc' dir='ltr'>ἄνδρα</span> <span class='ocrx_word' id='word_1_460' title='bbox 3519 2313 3534 2336; x_wconf 89' lang='grc'><strong>,</strong></span> <span class='ocrx_word' id='word_1_461' title='bbox 3571 2271 3668 2323; x_wconf 66' lang='grc' dir='ltr'>καὶ</span> <span class='ocrx_word' id='word_1_462' title='bbox 3695 2268 3837 2336; x_wconf 75' lang='grc' dir='ltr'>ἀνδρὶ</span> 
     </span>
    </p>
   </div>
   <div class='ocr_carea' id='block_1_67' title="bbox 2278 2361 3838 2448">
    <p class='ocr_par' dir='ltr' id='par_1_67' title="bbox 2278 2361 3838 2448">
     <span class='ocr_line' id='line_1_67' title="bbox 2278 2361 3838 2448; baseline -0.013 -18"><span class='ocrx_word' id='word_1_463' title='bbox 2278 2381 2411 2448; x_wconf 69' lang='grc' dir='ltr'>πρὸς</span> <span class='ocrx_word' id='word_1_464' title='bbox 2445 2379 2694 2445; x_wconf 80' lang='grc' dir='ltr'>γυναῖκα.</span> <span class='ocrx_word' id='word_1_465' title='bbox 2746 2375 2855 2425; x_wconf 70' lang='grc' dir='ltr'><strong>Πᾶν</strong></span> <span class='ocrx_word' id='word_1_466' title='bbox 2906 2367 2997 2423; x_wconf 81' lang='grc' dir='ltr'>οὖν</span> <span class='ocrx_word' id='word_1_467' title='bbox 3042 2368 3103 2419; x_wconf 79' lang='grc' dir='ltr'><strong>τδ</strong></span> <span class='ocrx_word' id='word_1_468' title='bbox 3151 2367 3223 2436; x_wconf 78' lang='grc' dir='ltr'>μὴ</span> <span class='ocrx_word' id='word_1_469' title='bbox 3260 2366 3491 2432; x_wconf 72' lang='grc' dir='ltr'>νόμιμον</span> <span class='ocrx_word' id='word_1_470' title='bbox 3532 2361 3838 2429; x_wconf 78' lang='grc' dir='ltr'>παράνομον</span> 
     </span>
    </p>
   </div>
   <div class='ocr_carea' id='block_1_68' title="bbox 2278 2448 3837 2531">
    <p class='ocr_par' dir='ltr' id='par_1_68' title="bbox 2278 2448 3837 2531">
     <span class='ocr_line' id='line_1_68' title="bbox 2278 2448 3837 2531; baseline -0.012 -12"><span class='ocrx_word' id='word_1_471' title='bbox 2278 2468 2524 2528; x_wconf 76' lang='grc' dir='ltr'>πάντως,</span> <span class='ocrx_word' id='word_1_472' title='bbox 2562 2465 2654 2516; x_wconf 74' lang='grc' dir='ltr'>καὶ</span> <span class='ocrx_word' id='word_1_473' title='bbox 2695 2465 2722 2514; x_wconf 98' lang='lat'><strong>6</strong></span> <span class='ocrx_word' id='word_1_474' title='bbox 2750 2463 2824 2531; x_wconf 82' lang='grc' dir='ltr'>μὴ</span> <span class='ocrx_word' id='word_1_475' title='bbox 2866 2460 2926 2512; x_wconf 73' lang='grc' dir='ltr'>τὸ</span> <span class='ocrx_word' id='word_1_476' title='bbox 2977 2458 3105 2511; x_wconf 82' lang='grc' dir='ltr'>ίδιον</span> <span class='ocrx_word' id='word_1_477' title='bbox 3141 2457 3312 2525; x_wconf 79' lang='grc' dir='ltr'>ἔχων,</span> <span class='ocrx_word' id='word_1_478' title='bbox 3356 2452 3560 2521; x_wconf 72' lang='grc' dir='ltr'>δηλαδὴ</span> <span class='ocrx_word' id='word_1_479' title='bbox 3595 2451 3653 2502; x_wconf 80' lang='grc' dir='ltr'>τὸ</span> <span class='ocrx_word' id='word_1_480' title='bbox 3696 2448 3837 2503; x_wconf 76' lang='grc' dir='ltr'>ἀλλό-</span> 
     </span>
    </p>
   </div>
   <div class='ocr_carea' id='block_1_69' title="bbox 2276 2538 3835 2626">
    <p class='ocr_par' dir='ltr' id='par_1_69' title="bbox 2276 2538 3835 2626">
     <span class='ocr_line' id='line_1_69' title="bbox 2276 2538 3835 2626; baseline -0.012 -17"><span class='ocrx_word' id='word_1_481' title='bbox 2276 2576 2422 2625; x_wconf 84' lang='grc' dir='ltr'>τριον</span> <span class='ocrx_word' id='word_1_482' title='bbox 2455 2557 2564 2626; x_wconf 73' lang='grc' dir='ltr'>ἔχει</span> <span class='ocrx_word' id='word_1_483' title='bbox 2587 2573 2599 2585; x_wconf 89' lang='grc'><strong>·</strong></span> <span class='ocrx_word' id='word_1_484' title='bbox 2635 2553 2710 2624; x_wconf 80' lang='grc' dir='ltr'>τῷ</span> <span class='ocrx_word' id='word_1_485' title='bbox 2744 2552 2849 2620; x_wconf 81' lang='grc' dir='ltr'>γὰρ</span> <span class='ocrx_word' id='word_1_486' title='bbox 2887 2548 3154 2619; x_wconf 77' lang='grc' dir='ltr'><strong>ἀνθρώπῳ</strong></span> <span class='ocrx_word' id='word_1_487' title='bbox 3195 2547 3292 2614; x_wconf 84' lang='grc' dir='ltr'><strong>μία</strong></span> <span class='ocrx_word' id='word_1_488' title='bbox 3325 2545 3536 2597; x_wconf 86' lang='grc' dir='ltr'>δέδοται</span> <span class='ocrx_word' id='word_1_489' title='bbox 3570 2543 3716 2611; x_wconf 83' lang='grc' dir='ltr'><strong>παρά</strong></span> <span class='ocrx_word' id='word_1_490' title='bbox 3751 2538 3835 2592; x_wconf 76' lang='grc' dir='ltr'>τοῦ</span> 
     </span>
    </p>
   </div>
   <div class='ocr_carea' id='block_1_70' title="bbox 2277 2636 3835 2715">
    <p class='ocr_par' dir='ltr' id='par_1_70' title="bbox 2277 2636 3835 2715">
     <span class='ocr_line' id='line_1_70' title="bbox 2277 2636 3835 2715; baseline -0.013 -15"><span class='ocrx_word' id='word_1_491' title='bbox 2277 2647 2410 2699; x_wconf 78' lang='grc' dir='ltr'>Θεοῦ</span> <span class='ocrx_word' id='word_1_492' title='bbox 2451 2646 2636 2715; x_wconf 78' lang='grc' dir='ltr'>βοηθὸς</span> <span class='ocrx_word' id='word_1_493' title='bbox 2661 2687 2673 2705; x_wconf 88' lang='grc'><strong>,</strong></span> <span class='ocrx_word' id='word_1_494' title='bbox 2710 2644 2802 2696; x_wconf 71' lang='grc' dir='ltr'>καὶ</span> <span class='ocrx_word' id='word_1_495' title='bbox 2831 2644 2894 2709; x_wconf 76' lang='grc' dir='ltr'>τῇ</span> <span class='ocrx_word' id='word_1_496' title='bbox 2927 2639 3144 2706; x_wconf 75' lang='grc' dir='ltr'>γυναικὶ</span> <span class='ocrx_word' id='word_1_497' title='bbox 3181 2637 3276 2703; x_wconf 88' lang='grc' dir='ltr'><strong>μία</strong></span> <span class='ocrx_word' id='word_1_498' title='bbox 3305 2636 3648 2701; x_wconf 65' lang='grc' dir='ltr'>ὲφήρμασται</span> <span class='ocrx_word' id='word_1_499' title='bbox 3679 2646 3835 2696; x_wconf 83' lang='grc' dir='ltr'>κεφα-</span> 
     </span>
    </p>
   </div>
   <div class='ocr_carea' id='block_1_71' title="bbox 2277 2719 3836 2807">
    <p class='ocr_par' dir='ltr' id='par_1_71' title="bbox 2277 2719 3836 2807">
     <span class='ocr_line' id='line_1_71' title="bbox 2277 2719 3836 2807; baseline -0.015 -16"><span class='ocrx_word' id='word_1_500' title='bbox 2277 2739 2364 2807; x_wconf 88' lang='grc' dir='ltr'><strong>λή.</strong></span> <span class='ocrx_word' id='word_1_501' title='bbox 2397 2736 2600 2789; x_wconf 78' lang='grc' dir='ltr'>Οὐκοῦν</span> <span class='ocrx_word' id='word_1_502' title='bbox 2645 2731 2698 2782; x_wconf 83' lang='grc' dir='ltr'><strong>εὶ</strong></span> <span class='ocrx_word' id='word_1_503' title='bbox 2724 2726 2820 2794; x_wconf 79' lang='grc' dir='ltr'><strong>μέν</strong></span> <span class='ocrx_word' id='word_1_504' title='bbox 2858 2746 2947 2792; x_wconf 75' lang='grc' dir='ltr'><strong>τις</strong></span> <span class='ocrx_word' id='word_1_505' title='bbox 2972 2729 3035 2779; x_wconf 83' lang='grc' dir='ltr'>τὸ</span> <span class='ocrx_word' id='word_1_506' title='bbox 3062 2727 3214 2776; x_wconf 65' lang='lat' dir='ltr'><strong>lator</strong></span> <span class='ocrx_word' id='word_1_507' title='bbox 3244 2721 3430 2774; x_wconf 79' lang='grc' dir='ltr'>αὑτοῦ</span> <span class='ocrx_word' id='word_1_508' title='bbox 3461 2719 3716 2782; x_wconf 72' lang='grc' dir='ltr'>σκεῦος,</span> <span class='ocrx_word' id='word_1_509' title='bbox 3747 2734 3836 2768; x_wconf 87' lang='grc' dir='ltr'>κα-</span> 
     </span>
    </p>
   </div>
   <div class='ocr_carea' id='block_1_72' title="bbox 2278 2809 3834 2892">
    <p class='ocr_par' dir='ltr' id='par_1_72' title="bbox 2278 2809 3834 2892">
     <span class='ocr_line' id='line_1_72' title="bbox 2278 2809 3834 2892; baseline -0.013 -15"><span class='ocrx_word' id='word_1_510' title='bbox 2278 2827 2383 2887; x_wconf 81' lang='grc' dir='ltr'>θὼς</span> <span class='ocrx_word' id='word_1_511' title='bbox 2409 2821 2657 2892; x_wconf 75' lang='grc' dir='ltr'>ὀνομάζει</span> <span class='ocrx_word' id='word_1_512' title='bbox 2685 2823 2713 2872; x_wconf 94' lang='lat'><strong>6</strong></span> <span class='ocrx_word' id='word_1_513' title='bbox 2739 2820 2879 2879; x_wconf 82' lang='grc' dir='ltr'>θεῖος</span> <span class='ocrx_word' id='word_1_514' title='bbox 2915 2815 3228 2874; x_wconf 77' lang='grc' dir='ltr'>Ἀπόστολος</span> <span class='ocrx_word' id='word_1_515' title='bbox 3249 2849 3262 2872; x_wconf 84' lang='grc'><strong>,</strong></span> <span class='ocrx_word' id='word_1_516' title='bbox 3298 2809 3493 2873; x_wconf 63' lang='grc' dir='ltr'>ἑαυτῷ</span> <span class='ocrx_word' id='word_1_517' title='bbox 3537 2809 3834 2874; x_wconf 76' lang='grc' dir='ltr'>κτήσαιτο,</span> 
     </span>
    </p>
   </div>
   <div class='ocr_carea' id='block_1_73' title="bbox 2279 2900 3835 2986">
    <p class='ocr_par' dir='ltr' id='par_1_73' title="bbox 2279 2900 3835 2986">
     <span class='ocr_line' id='line_1_73' title="bbox 2279 2900 3835 2986; baseline -0.012 -18"><span class='ocrx_word' id='word_1_518' title='bbox 2279 2917 2549 2986; x_wconf 80' lang='grc' dir='ltr'>συγχωρεῖ</span> <span class='ocrx_word' id='word_1_519' title='bbox 2579 2917 2606 2966; x_wconf 89' lang='lat'><strong>6</strong></span> <span class='ocrx_word' id='word_1_520' title='bbox 2649 2914 2809 2981; x_wconf 84' lang='grc' dir='ltr'>νόμος</span> <span class='ocrx_word' id='word_1_521' title='bbox 2855 2910 2953 2978; x_wconf 71' lang='grc' dir='ltr'>τῆς</span> <span class='ocrx_word' id='word_1_522' title='bbox 3008 2907 3216 2974; x_wconf 61' lang='grc' dir='ltr'>φύσεως</span> <span class='ocrx_word' id='word_1_523' title='bbox 3247 2902 3344 2971; x_wconf 75' lang='grc' dir='ltr'>τὴν</span> <span class='ocrx_word' id='word_1_524' title='bbox 3386 2900 3602 2954; x_wconf 71' lang='grc' dir='ltr'>δικαίαν</span> <span class='ocrx_word' id='word_1_525' title='bbox 3632 2900 3835 2968; x_wconf 81' lang='grc' dir='ltr'>χρῆσιν.</span> 
     </span>
    </p>
   </div>
   <div class='ocr_carea' id='block_1_74' title="bbox 2280 2990 3838 3067">
    <p class='ocr_par' dir='ltr' id='par_1_74' title="bbox 2280 2990 3838 3067">
     <span class='ocr_line' id='line_1_74' title="bbox 2280 2990 3838 3067; baseline -0.014 -8"><span class='ocrx_word' id='word_1_526' title='bbox 2280 3009 2340 3060; x_wconf 84' lang='lat' dir='ltr'><strong>El</strong></span> <span class='ocrx_word' id='word_1_527' title='bbox 2371 3007 2425 3058; x_wconf 89' lang='grc' dir='ltr'><strong>δέ</strong></span> <span class='ocrx_word' id='word_1_528' title='bbox 2452 3023 2533 3067; x_wconf 86' lang='grc' dir='ltr'><strong>τις</strong></span> <span class='ocrx_word' id='word_1_529' title='bbox 2561 3003 2666 3066; x_wconf 73' lang='grc' dir='ltr'><strong>ἔξω</strong></span> <span class='ocrx_word' id='word_1_530' title='bbox 2687 3001 2775 3054; x_wconf 75' lang='grc' dir='ltr'><strong>τοῦ</strong></span> <span class='ocrx_word' id='word_1_531' title='bbox 2809 3001 2938 3053; x_wconf 77' lang='grc' dir='ltr'>ἰδίου</span> <span class='ocrx_word' id='word_1_532' title='bbox 2969 2996 3223 3064; x_wconf 77' lang='grc' dir='ltr'>τραπείη,</span> <span class='ocrx_word' id='word_1_533' title='bbox 3248 2995 3303 3045; x_wconf 80' lang='grc' dir='ltr'>ὲν</span> <span class='ocrx_word' id='word_1_534' title='bbox 3333 2990 3600 3062; x_wconf 80' lang='grc' dir='ltr'>ἀλλοτρίῳ</span> <span class='ocrx_word' id='word_1_535' title='bbox 3634 2990 3838 3049; x_wconf 79' lang='grc' dir='ltr'>παντως</span> 
     </span>
    </p>
   </div>
   <div class='ocr_carea' id='block_1_75' title="bbox 2279 3079 3837 3164">
    <p class='ocr_par' dir='ltr' id='par_1_75' title="bbox 2279 3079 3837 3164">
     <span class='ocr_line' id='line_1_75' title="bbox 2279 3079 3837 3164; baseline -0.012 -17"><span class='ocrx_word' id='word_1_536' title='bbox 2279 3098 2562 3164; x_wconf 74' lang='grc' dir='ltr'>γενήσεται</span> <span class='ocrx_word' id='word_1_537' title='bbox 2588 3110 2599 3122; x_wconf 89' lang='grc'>·</span> <span class='ocrx_word' id='word_1_538' title='bbox 2661 3092 2934 3159; x_wconf 83' lang='grc' dir='ltr'>ἀλλότριον</span> <span class='ocrx_word' id='word_1_539' title='bbox 2984 3088 3038 3139; x_wconf 79' lang='grc' dir='ltr'>δὲ</span> <span class='ocrx_word' id='word_1_540' title='bbox 3093 3086 3305 3152; x_wconf 78' lang='grc' dir='ltr'>ἑκάστῳ</span> <span class='ocrx_word' id='word_1_541' title='bbox 3345 3085 3454 3134; x_wconf 81' lang='grc' dir='ltr'>πᾶν</span> <span class='ocrx_word' id='word_1_542' title='bbox 3492 3081 3556 3133; x_wconf 81' lang='grc' dir='ltr'>τὸ</span> <span class='ocrx_word' id='word_1_543' title='bbox 3587 3081 3658 3149; x_wconf 83' lang='grc' dir='ltr'>μὴ</span> <span class='ocrx_word' id='word_1_544' title='bbox 3696 3079 3837 3137; x_wconf 73' lang='grc' dir='ltr'>ἴδιον,</span> 
     </span>
    </p>
   </div>
   <div class='ocr_carea' id='block_1_76' title="bbox 2281 3169 3838 3255">
    <p class='ocr_par' dir='ltr' id='par_1_76' title="bbox 2281 3169 3838 3255">
     <span class='ocr_line' id='line_1_76' title="bbox 2281 3169 3838 3255; baseline -0.013 -16"><span class='ocrx_word' id='word_1_545' title='bbox 2281 3188 2381 3239; x_wconf 80' lang='grc' dir='ltr'>κᾶν</span> <span class='ocrx_word' id='word_1_546' title='bbox 2408 3187 2479 3255; x_wconf 80' lang='grc' dir='ltr'>μὴ</span> <span class='ocrx_word' id='word_1_547' title='bbox 2504 3182 2927 3252; x_wconf 77' lang='grc' dir='ltr'>ὁμολογούμενον</span> <span class='ocrx_word' id='word_1_548' title='bbox 2971 3178 3081 3245; x_wconf 81' lang='grc' dir='ltr'>ἔχει</span> <span class='ocrx_word' id='word_1_549' title='bbox 3127 3176 3216 3227; x_wconf 77' lang='grc' dir='ltr'>τὸν</span> <span class='ocrx_word' id='word_1_550' title='bbox 3264 3173 3607 3242; x_wconf 79' lang='grc' dir='ltr'>κυριεύοντα.</span> <span class='ocrx_word' id='word_1_551' title='bbox 3642 3169 3838 3224; x_wconf 69' lang='grc' dir='ltr'>Οΰκονν</span> 
     </span>
    </p>
   </div>
   <div class='ocr_carea' id='block_1_77' title="bbox 2279 3257 3839 3344">
    <p class='ocr_par' dir='ltr' id='par_1_77' title="bbox 2279 3257 3839 3344">
     <span class='ocr_line' id='line_1_77' title="bbox 2279 3257 3839 3344; baseline -0.011 -19"><span class='ocrx_word' id='word_1_552' title='bbox 2279 3277 2466 3344; x_wconf 77' lang='grc' dir='ltr'>πόρρω</span> <span class='ocrx_word' id='word_1_553' title='bbox 2493 3272 2583 3322; x_wconf 80' lang='grc' dir='ltr'>τοῦ</span> <span class='ocrx_word' id='word_1_554' title='bbox 2614 3272 2754 3322; x_wconf 85' lang='grc' dir='ltr'><strong>κατά</strong></span> <span class='ocrx_word' id='word_1_555' title='bbox 2782 3268 2876 3335; x_wconf 79' lang='grc' dir='ltr'>τὴν</span> <span class='ocrx_word' id='word_1_556' title='bbox 2920 3265 3158 3333; x_wconf 79' lang='grc' dir='ltr'>μοιχείαν</span> <span class='ocrx_word' id='word_1_557' title='bbox 3206 3262 3679 3330; x_wconf 78' lang='grc' dir='ltr'>πλημμελήματος</span> <span class='ocrx_word' id='word_1_558' title='bbox 3699 3298 3711 3319; x_wconf 91' lang='grc'><strong>,</strong></span> <span class='ocrx_word' id='word_1_559' title='bbox 3753 3257 3839 3324; x_wconf 77' lang='grc' dir='ltr'>καὶ</span> 
     </span>
    </p>
   </div>
   <div class='ocr_carea' id='block_1_78' title="bbox 2278 3348 3839 3433">
    <p class='ocr_par' dir='ltr' id='par_1_78' title="bbox 2278 3348 3839 3433">
     <span class='ocr_line' id='line_1_78' title="bbox 2278 3348 3839 3433; baseline -0.008 -21"><span class='ocrx_word' id='word_1_560' title='bbox 2278 3367 2309 3433; x_wconf 79' lang='grc' dir='ltr'>ἡ</span> <span class='ocrx_word' id='word_1_561' title='bbox 2362 3360 2582 3430; x_wconf 81' lang='grc' dir='ltr'>πορνεία</span> <span class='ocrx_word' id='word_1_562' title='bbox 2614 3361 2722 3418; x_wconf 85' lang='grc' dir='ltr'>τοῖς</span> <span class='ocrx_word' id='word_1_563' title='bbox 2768 3357 2857 3408; x_wconf 84' lang='grc' dir='ltr'>τὸν</span> <span class='ocrx_word' id='word_1_564' title='bbox 2903 3354 3284 3422; x_wconf 73' lang='grc' dir='ltr'>ἀκριϐέστερον</span> <span class='ocrx_word' id='word_1_565' title='bbox 3329 3351 3642 3414; x_wconf 72' lang='grc' dir='ltr'><strong>ἐξετάζουσι</strong></span> <span class='ocrx_word' id='word_1_566' title='bbox 3690 3348 3839 3414; x_wconf 72' lang='grc' dir='ltr'>λάτον</span> 
     </span>
    </p>
   </div>
   <div class='ocr_carea' id='block_1_79' title="bbox 2281 3438 3837 3519">
    <p class='ocr_par' dir='ltr' id='par_1_79' title="bbox 2281 3438 3837 3519">
     <span class='ocr_line' id='line_1_79' title="bbox 2281 3438 3837 3519; baseline -0.008 -16"><span class='ocrx_word' id='word_1_567' title='bbox 2281 3450 2488 3519; x_wconf 75' lang='grc' dir='ltr'><strong>ἐδείχθη</strong></span> <span class='ocrx_word' id='word_1_568' title='bbox 2515 3489 2529 3509; x_wconf 89' lang='grc'><strong>,</strong></span> <span class='ocrx_word' id='word_1_569' title='bbox 2575 3446 2839 3513; x_wconf 78' lang='grc' dir='ltr'><strong>λεγούσης</strong></span> <span class='ocrx_word' id='word_1_570' title='bbox 2885 3446 2977 3496; x_wconf 68' lang='grc' dir='ltr'>καὶ</span> <span class='ocrx_word' id='word_1_571' title='bbox 3023 3444 3120 3511; x_wconf 77' lang='grc' dir='ltr'>τῆς</span> <span class='ocrx_word' id='word_1_572' title='bbox 3166 3442 3317 3502; x_wconf 86' lang='grc' dir='ltr'>θείας</span> <span class='ocrx_word' id='word_1_573' title='bbox 3347 3441 3600 3511; x_wconf 84' lang='grc' dir='ltr'>Γραφῆς·</span> <span class='ocrx_word' id='word_1_574' title='bbox 3637 3440 3713 3491; x_wconf 85' lang='grc' dir='ltr'>ὃτι</span> <span class='ocrx_word' id='word_1_575' title='bbox 3749 3438 3837 3503; x_wconf 67' lang='lat' dir='ltr'><strong>Mi:</strong></span> 
     </span>
    </p>
   </div>
   <div class='ocr_carea' id='block_1_80' title="bbox 2289 3528 3840 3602">
    <p class='ocr_par' dir='ltr' id='par_1_80' title="bbox 2289 3528 3840 3602">
     <span class='ocr_line' id='line_1_80' title="bbox 2289 3528 3840 3602; baseline -0.01 -10"><span class='ocrx_word' id='word_1_576' title='bbox 2289 3541 2470 3602; x_wconf 73' lang='grc' dir='ltr'>πολὺς</span> <span class='ocrx_word' id='word_1_577' title='bbox 2506 3540 2624 3590; x_wconf 81' lang='grc' dir='ltr'>ἴσθι</span> <span class='ocrx_word' id='word_1_578' title='bbox 2659 3536 2804 3602; x_wconf 80' lang='grc' dir='ltr'>πρὸς</span> <span class='ocrx_word' id='word_1_579' title='bbox 2830 3533 3154 3598; x_wconf 74' lang='grc' dir='ltr'>ἀλλοτρίαν</span> <span class='ocrx_word' id='word_1_580' title='bbox 3185 3548 3196 3560; x_wconf 91' lang='grc'><strong>·</strong></span> <span class='ocrx_word' id='word_1_581' title='bbox 3229 3530 3368 3598; x_wconf 79' lang='grc' dir='ltr'>πλὴν</span> <span class='ocrx_word' id='word_1_582' title='bbox 3397 3529 3511 3580; x_wconf 82' lang='grc' dir='ltr'>ἀλλ’</span> <span class='ocrx_word' id='word_1_583' title='bbox 3539 3528 3722 3595; x_wconf 81' lang='grc' dir='ltr'>ἐπειδὴ</span> <span class='ocrx_word' id='word_1_584' title='bbox 3738 3529 3840 3587; x_wconf 79' lang='grc' dir='ltr'>τοῖς</span> 
     </span>
    </p>
   </div>
   <div class='ocr_carea' id='block_1_81' title="bbox 2290 3620 3843 3698">
    <p class='ocr_par' dir='ltr' id='par_1_81' title="bbox 2290 3620 3843 3698">
     <span class='ocr_line' id='line_1_81' title="bbox 2290 3620 3843 3698; baseline -0.01 -16"><span class='ocrx_word' id='word_1_585' title='bbox 2290 3630 2677 3698; x_wconf 56' lang='grc' dir='ltr'>ἀσθενεστέροις</span> <span class='ocrx_word' id='word_1_586' title='bbox 2721 3625 2932 3692; x_wconf 78' lang='grc' dir='ltr'>ἐγένετό</span> <span class='ocrx_word' id='word_1_587' title='bbox 2979 3641 3060 3684; x_wconf 89' lang='grc' dir='ltr'><strong>τις</strong></span> <span class='ocrx_word' id='word_1_588' title='bbox 3097 3621 3247 3690; x_wconf 80' lang='grc' dir='ltr'>παρὰ</span> <span class='ocrx_word' id='word_1_589' title='bbox 3275 3620 3382 3672; x_wconf 84' lang='grc' dir='ltr'>τῶν</span> <span class='ocrx_word' id='word_1_590' title='bbox 3432 3621 3686 3686; x_wconf 82' lang='grc' dir='ltr'>Πατέρων</span> <span class='ocrx_word' id='word_1_591' title='bbox 3719 3634 3843 3685; x_wconf 77' lang='grc' dir='ltr'>συμ-</span> 
     </span>
    </p>
   </div>
   <div class='ocr_carea' id='block_1_82' title="bbox 2288 3709 3842 3788">
    <p class='ocr_par' dir='ltr' id='par_1_82' title="bbox 2288 3709 3842 3788">
     <span class='ocr_line' id='line_1_82' title="bbox 2288 3709 3842 3788; baseline -0.01 -16"><span class='ocrx_word' id='word_1_592' title='bbox 2288 3721 2548 3788; x_wconf 67' lang='grc' dir='ltr'>περιφορὰ</span> <span class='ocrx_word' id='word_1_593' title='bbox 2602 3717 2840 3785; x_wconf 80' lang='grc' dir='ltr'>διεκρίθη</span> <span class='ocrx_word' id='word_1_594' title='bbox 2880 3715 2940 3766; x_wconf 77' lang='grc' dir='ltr'>τὸ</span> <span class='ocrx_word' id='word_1_595' title='bbox 2976 3712 3352 3781; x_wconf 68' lang='grc' dir='ltr'>πλημμέλημα</span> <span class='ocrx_word' id='word_1_596' title='bbox 3389 3714 3459 3780; x_wconf 79' lang='grc' dir='ltr'>τῇ</span> <span class='ocrx_word' id='word_1_597' title='bbox 3492 3713 3679 3778; x_wconf 86' lang='grc' dir='ltr'>γενικῇ</span> <span class='ocrx_word' id='word_1_598' title='bbox 3712 3709 3842 3760; x_wconf 58' lang='lat'><strong>6.1:.-</strong></span> 
     </span>
    </p>
   </div>
   <div class='ocr_carea' id='block_1_83' title="bbox 2287 3795 3842 3880">
    <p class='ocr_par' dir='ltr' id='par_1_83' title="bbox 2287 3795 3842 3880">
     <span class='ocr_line' id='line_1_83' title="bbox 2287 3795 3842 3880; baseline -0.01 -18"><span class='ocrx_word' id='word_1_599' title='bbox 2287 3813 2428 3880; x_wconf 86' lang='grc' dir='ltr'>ρέσει</span> <span class='ocrx_word' id='word_1_600' title='bbox 2462 3809 2629 3876; x_wconf 79' lang='grc' dir='ltr'>ταύτῃ</span> <span class='ocrx_word' id='word_1_601' title='bbox 2654 3849 2665 3865; x_wconf 90' lang='grc'><strong>,</strong></span> <span class='ocrx_word' id='word_1_602' title='bbox 2705 3807 2779 3867; x_wconf 81' lang='grc' dir='ltr'>ὡς</span> <span class='ocrx_word' id='word_1_603' title='bbox 2819 3804 3071 3871; x_wconf 88' lang='grc' dir='ltr'>πορνείαν</span> <span class='ocrx_word' id='word_1_604' title='bbox 3130 3803 3226 3870; x_wconf 80' lang='grc' dir='ltr'>μὲν</span> <span class='ocrx_word' id='word_1_605' title='bbox 3260 3795 3400 3852; x_wconf 74' lang='grc' dir='ltr'>εἶναι</span> <span class='ocrx_word' id='word_1_606' title='bbox 3453 3800 3546 3852; x_wconf 78' lang='grc' dir='ltr'>καὶ</span> <span class='ocrx_word' id='word_1_607' title='bbox 3583 3796 3842 3865; x_wconf 81' lang='grc' dir='ltr'>λέγεσθαι.</span> 
     </span>
    </p>
   </div>
   <div class='ocr_carea' id='block_1_84' title="bbox 2280 3885 3842 3968">
    <p class='ocr_par' dir='ltr' id='par_1_84' title="bbox 2280 3885 3842 3968">
     <span class='ocr_line' id='line_1_84' title="bbox 2280 3885 3842 3968; baseline -0.01 -17"><span class='ocrx_word' id='word_1_608' title='bbox 2280 3903 2376 3968; x_wconf 77' lang='grc' dir='ltr'>τὴν</span> <span class='ocrx_word' id='word_1_609' title='bbox 2403 3900 2568 3966; x_wconf 72' lang='grc' dir='ltr'>χωρὶς</span> <span class='ocrx_word' id='word_1_610' title='bbox 2603 3897 2812 3956; x_wconf 80' lang='grc' dir='ltr'>ἀδικίας</span> <span class='ocrx_word' id='word_1_611' title='bbox 2841 3895 3028 3963; x_wconf 75' lang='grc' dir='ltr'>ἐτέρου</span> <span class='ocrx_word' id='word_1_612' title='bbox 3055 3891 3344 3958; x_wconf 70' lang='grc' dir='ltr'>γινομένην</span> <span class='ocrx_word' id='word_1_613' title='bbox 3384 3891 3497 3940; x_wconf 69' lang='grc' dir='ltr'>τισὶ</span> <span class='ocrx_word' id='word_1_614' title='bbox 3533 3887 3632 3954; x_wconf 83' lang='grc' dir='ltr'>τῆς</span> <span class='ocrx_word' id='word_1_615' title='bbox 3670 3885 3842 3936; x_wconf 77' lang='grc' dir='ltr'>ἐπιθυ-</span> 
     </span>
    </p>
   </div>
   <div class='ocr_carea' id='block_1_85' title="bbox 2285 3977 3844 4057">
    <p class='ocr_par' dir='ltr' id='par_1_85' title="bbox 2285 3977 3844 4057">
     <span class='ocr_line' id='line_1_85' title="bbox 2285 3977 3844 4057; baseline -0.011 -17"><span class='ocrx_word' id='word_1_616' title='bbox 2285 3991 2409 4057; x_wconf 80' lang='grc' dir='ltr'>μίας</span> <span class='ocrx_word' id='word_1_617' title='bbox 2443 3988 2784 4056; x_wconf 68' lang='grc' dir='ltr'>ἐκπλήρωσιν</span> <span class='ocrx_word' id='word_1_618' title='bbox 2808 4001 2821 4014; x_wconf 86' lang='grc'><strong>”</strong></span> <span class='ocrx_word' id='word_1_619' title='bbox 2899 3982 3142 4051; x_wconf 84' lang='grc' dir='ltr'>μοιχείαν</span> <span class='ocrx_word' id='word_1_620' title='bbox 3190 3981 3245 4030; x_wconf 79' lang='grc' dir='ltr'>δὲ</span> <span class='ocrx_word' id='word_1_621' title='bbox 3269 4019 3280 4040; x_wconf 87' lang='grc'><strong>,</strong></span> <span class='ocrx_word' id='word_1_622' title='bbox 3321 3979 3418 4046; x_wconf 76' lang='grc' dir='ltr'>τὴν</span> <span class='ocrx_word' id='word_1_623' title='bbox 3471 3977 3762 4042; x_wconf 72' lang='grc' dir='ltr'>ἐπιϐουλήν</span> <span class='ocrx_word' id='word_1_624' title='bbox 3793 3989 3844 4024; x_wconf 84' lang='grc' dir='ltr'><strong>τε</strong></span> 
     </span>
    </p>
   </div>
   <div class='ocr_carea' id='block_1_86' title="bbox 2283 4066 3842 4146">
    <p class='ocr_par' dir='ltr' id='par_1_86' title="bbox 2283 4066 3842 4146">
     <span class='ocr_line' id='line_1_86' title="bbox 2283 4066 3842 4146; baseline -0.01 -14"><span class='ocrx_word' id='word_1_625' title='bbox 2283 4083 2372 4131; x_wconf 62' lang='grc' dir='ltr'>καὶ</span> <span class='ocrx_word' id='word_1_626' title='bbox 2402 4082 2496 4146; x_wconf 76' lang='grc' dir='ltr'>τὴν</span> <span class='ocrx_word' id='word_1_627' title='bbox 2528 4079 2735 4129; x_wconf 85' lang='grc' dir='ltr'>ἀδικίαν</span> <span class='ocrx_word' id='word_1_628' title='bbox 2763 4074 2857 4127; x_wconf 82' lang='grc' dir='ltr'>τοῦ</span> <span class='ocrx_word' id='word_1_629' title='bbox 2882 4074 3179 4143; x_wconf 71' lang='grc' dir='ltr'>ἀλλοτρίου.</span> <span class='ocrx_word' id='word_1_630' title='bbox 3225 4072 3314 4123; x_wconf 81' lang='grc' dir='ltr'>Ἐν</span> <span class='ocrx_word' id='word_1_631' title='bbox 3349 4070 3523 4139; x_wconf 79' lang='grc' dir='ltr'>ταύτῃ</span> <span class='ocrx_word' id='word_1_632' title='bbox 3553 4068 3610 4120; x_wconf 77' lang='grc' dir='ltr'>δὲ</span> <span class='ocrx_word' id='word_1_633' title='bbox 3637 4069 3726 4119; x_wconf 70' lang='grc' dir='ltr'>καὶ</span> <span class='ocrx_word' id='word_1_634' title='bbox 3753 4066 3842 4132; x_wconf 81' lang='grc' dir='ltr'>τὴν</span> 
     </span>
    </p>
   </div>
   <div class='ocr_carea' id='block_1_87' title="bbox 2284 4158 3839 4240">
    <p class='ocr_par' dir='ltr' id='par_1_87' title="bbox 2284 4158 3839 4240">
     <span class='ocr_line' id='line_1_87' title="bbox 2284 4158 3839 4240; baseline -0.011 -15"><span class='ocrx_word' id='word_1_635' title='bbox 2284 4172 2614 4240; x_wconf 65' lang='grc' dir='ltr'>ζωοφθορίαν</span> <span class='ocrx_word' id='word_1_636' title='bbox 2652 4169 2742 4221; x_wconf 78' lang='grc' dir='ltr'>καὶ</span> <span class='ocrx_word' id='word_1_637' title='bbox 2783 4168 2880 4236; x_wconf 78' lang='grc' dir='ltr'>τὴν</span> <span class='ocrx_word' id='word_1_638' title='bbox 2915 4163 3304 4234; x_wconf 69' lang='grc' dir='ltr'>παιδεραοέτίαν</span> <span class='ocrx_word' id='word_1_639' title='bbox 3344 4158 3483 4212; x_wconf 69' lang='grc' dir='ltr'>εἶναι</span> <span class='ocrx_word' id='word_1_640' title='bbox 3515 4160 3839 4225; x_wconf 79' lang='grc' dir='ltr'>λογίζονται·</span> 
     </span>
    </p>
   </div>
   <div class='ocr_carea' id='block_1_88' title="bbox 2282 4251 3843 4325">
    <p class='ocr_par' dir='ltr' id='par_1_88' title="bbox 2282 4251 3843 4325">
     <span class='ocr_line' id='line_1_88' title="bbox 2282 4251 3843 4325; baseline -0.008 -12"><span class='ocrx_word' id='word_1_641' title='bbox 2282 4263 2410 4314; x_wconf 81' lang='grc' dir='ltr'>διότι</span> <span class='ocrx_word' id='word_1_642' title='bbox 2442 4262 2532 4313; x_wconf 73' lang='grc' dir='ltr'>καὶ</span> <span class='ocrx_word' id='word_1_643' title='bbox 2565 4259 2733 4312; x_wconf 80' lang='grc' dir='ltr'>ταῦτα</span> <span class='ocrx_word' id='word_1_644' title='bbox 2761 4256 2972 4325; x_wconf 76' lang='grc' dir='ltr'>φύσεώς</span> <span class='ocrx_word' id='word_1_645' title='bbox 3002 4257 3117 4307; x_wconf 74' lang='grc' dir='ltr'>ἐστι</span> <span class='ocrx_word' id='word_1_646' title='bbox 3153 4254 3386 4322; x_wconf 80' lang='grc' dir='ltr'>μοιχεία.</span> <span class='ocrx_word' id='word_1_647' title='bbox 3425 4254 3522 4315; x_wconf 85' lang='grc' dir='ltr'><strong>Εἰς</strong></span> <span class='ocrx_word' id='word_1_648' title='bbox 3549 4254 3654 4322; x_wconf 80' lang='grc' dir='ltr'>γὰρ</span> <span class='ocrx_word' id='word_1_649' title='bbox 3681 4252 3738 4304; x_wconf 86' lang='grc' dir='ltr'><strong>τδ</strong></span> <span class='ocrx_word' id='word_1_650' title='bbox 3767 4251 3843 4303; x_wconf 85' lang='grc' dir='ltr'>ἀλ-</span> 
     </span>
    </p>
   </div>
   <div class='ocr_carea' id='block_1_89' title="bbox 2283 4341 3843 4419">
    <p class='ocr_par' dir='ltr' id='par_1_89' title="bbox 2283 4341 3843 4419">
     <span class='ocr_line' id='line_1_89' title="bbox 2283 4341 3843 4419; baseline -0.006 -19"><span class='ocrx_word' id='word_1_651' title='bbox 2283 4351 2487 4419; x_wconf 62' lang='grc' dir='ltr'>λῦτριόν</span> <span class='ocrx_word' id='word_1_652' title='bbox 2515 4366 2571 4399; x_wconf 84' lang='grc' dir='ltr'><strong>τε</strong></span> <span class='ocrx_word' id='word_1_653' title='bbox 2609 4348 2700 4400; x_wconf 75' lang='grc' dir='ltr'>καὶ</span> <span class='ocrx_word' id='word_1_654' title='bbox 2730 4346 2880 4414; x_wconf 77' lang='grc' dir='ltr'><strong>παρά</strong></span> <span class='ocrx_word' id='word_1_655' title='bbox 2919 4345 3075 4410; x_wconf 72' lang='grc' dir='ltr'>φύσιν</span> <span class='ocrx_word' id='word_1_656' title='bbox 3103 4346 3308 4408; x_wconf 76' lang='grc' dir='ltr'>γίνεται</span> <span class='ocrx_word' id='word_1_657' title='bbox 3341 4345 3372 4411; x_wconf 80' lang='grc' dir='ltr'>ἡ</span> <span class='ocrx_word' id='word_1_658' title='bbox 3409 4343 3612 4394; x_wconf 79' lang='grc' dir='ltr'>ἀδικία.</span> <span class='ocrx_word' id='word_1_659' title='bbox 3643 4341 3843 4408; x_wconf 75' lang='grc' dir='ltr'>Ταύτης</span> 
     </span>
    </p>
   </div>
   <div class='ocr_carea' id='block_1_90' title="bbox 630 4429 2173 4508">
    <p class='ocr_par' dir='ltr' id='par_1_90' title="bbox 630 4429 2173 4498">
     <span class='ocr_line' id='line_1_90' title="bbox 630 4429 2173 4498; baseline 0.006 -20"><span class='ocrx_word' id='word_1_660' title='bbox 630 4429 881 4490; x_wconf 80' lang='lat' dir='ltr'><strong>alienum,</strong></span> <span class='ocrx_word' id='word_1_661' title='bbox 917 4439 968 4482; x_wconf 91' lang='lat' dir='ltr'><strong>et</strong></span> <span class='ocrx_word' id='word_1_662' title='bbox 997 4431 1140 4497; x_wconf 87' lang='lat' dir='ltr'><strong>quod</strong></span> <span class='ocrx_word' id='word_1_663' title='bbox 1172 4440 1254 4484; x_wconf 90' lang='lat' dir='ltr'><strong>est</strong></span> <span class='ocrx_word' id='word_1_664' title='bbox 1288 4441 1478 4498; x_wconf 64' lang='lat' dir='ltr'><strong>praster</strong></span> <span class='ocrx_word' id='word_1_665' title='bbox 1507 4441 1776 4491; x_wconf 88' lang='lat' dir='ltr'><strong>naturam.</strong></span> <span class='ocrx_word' id='word_1_666' title='bbox 1809 4435 1863 4488; x_wconf 85' lang='lat' dir='ltr'><strong>lit</strong></span> <span class='ocrx_word' id='word_1_667' title='bbox 1889 4437 2173 4496; x_wconf 83' lang='lat' dir='ltr'><strong>iniustitia.</strong></span> 
     </span>
    </p>
   </div>
   <div class='ocr_carea' id='block_1_91' title="bbox 2280 4429 3843 4508">
    <p class='ocr_par' dir='ltr' id='par_1_91' title="bbox 2282 4433 3843 4508">
     <span class='ocr_line' id='line_1_91' title="bbox 2282 4433 3843 4508; baseline -0.005 -16"><span class='ocrx_word' id='word_1_668' title='bbox 2282 4442 2456 4493; x_wconf 82' lang='grc' dir='ltr'>τοίνυν</span> <span class='ocrx_word' id='word_1_669' title='bbox 2473 4441 2566 4508; x_wconf 77' lang='grc' dir='ltr'>τῆς</span> <span class='ocrx_word' id='word_1_670' title='bbox 2588 4437 2896 4504; x_wconf 78' lang='grc' dir='ltr'>διαιρέσεως</span> <span class='ocrx_word' id='word_1_671' title='bbox 2925 4436 3012 4486; x_wconf 71' lang='grc' dir='ltr'>καὶ</span> <span class='ocrx_word' id='word_1_672' title='bbox 3041 4436 3097 4484; x_wconf 81' lang='grc' dir='ltr'>ὲν</span> <span class='ocrx_word' id='word_1_673' title='bbox 3121 4433 3292 4501; x_wconf 77' lang='grc' dir='ltr'>τούτῳ</span> <span class='ocrx_word' id='word_1_674' title='bbox 3313 4433 3391 4500; x_wconf 81' lang='grc' dir='ltr'>τῷ</span> <span class='ocrx_word' id='word_1_675' title='bbox 3417 4433 3548 4484; x_wconf 79' lang='grc' dir='ltr'>εἴδει</span> <span class='ocrx_word' id='word_1_676' title='bbox 3576 4434 3672 4500; x_wconf 84' lang='grc' dir='ltr'>τῆς</span> <span class='ocrx_word' id='word_1_677' title='bbox 3690 4433 3843 4501; x_wconf 80' lang='grc' dir='ltr'>ἀμαρ-</span> 
     </span>
    </p>
   </div>
   <div class='ocr_carea' id='block_1_92' title="bbox 629 4515 2179 4594">
    <p class='ocr_par' dir='ltr' id='par_1_92' title="bbox 629 4515 2179 4594">
     <span class='ocr_line' id='line_1_92' title="bbox 629 4515 2179 4594; baseline 0.007 -26"><span class='ocrx_word' id='word_1_678' title='bbox 629 4515 760 4569; x_wconf 84' lang='lat' dir='ltr'><strong>Cum</strong></span> <span class='ocrx_word' id='word_1_679' title='bbox 810 4519 920 4570; x_wconf 75' lang='lat' dir='ltr'><strong>iure</strong></span> <span class='ocrx_word' id='word_1_680' title='bbox 943 4535 1069 4584; x_wconf 80' lang='lat' dir='ltr'><strong>ergo</strong></span> <span class='ocrx_word' id='word_1_681' title='bbox 1100 4521 1295 4573; x_wconf 84' lang='lat' dir='ltr'><strong>divisio</strong></span> <span class='ocrx_word' id='word_1_682' title='bbox 1335 4524 1386 4574; x_wconf 94' lang='lat' dir='ltr'><strong>in</strong></span> <span class='ocrx_word' id='word_1_683' title='bbox 1420 4525 1520 4576; x_wconf 85' lang='lat' dir='ltr'><strong>bac</strong></span> <span class='ocrx_word' id='word_1_684' title='bbox 1570 4526 1729 4577; x_wconf 84' lang='lat' dir='ltr'><strong>etiam</strong></span> <span class='ocrx_word' id='word_1_685' title='bbox 1769 4530 1971 4593; x_wconf 81' lang='lat' dir='ltr'><strong>peccati</strong></span> <span class='ocrx_word' id='word_1_686' title='bbox 1998 4528 2179 4594; x_wconf 80' lang='lat' dir='ltr'><strong>specie</strong></span> 
     </span>
    </p>
   </div>
   <div class='ocr_carea' id='block_1_93' title="bbox 631 4609 2176 4670">
    <p class='ocr_par' dir='ltr' id='par_1_93' title="bbox 631 4609 2176 4670">
     <span class='ocr_line' id='line_1_93' title="bbox 631 4609 2176 4670; baseline 0.006 -11"><span class='ocrx_word' id='word_1_687' title='bbox 631 4609 741 4668; x_wconf 62' lang='lat' dir='ltr'><strong>fiat,</strong></span> <span class='ocrx_word' id='word_1_688' title='bbox 788 4609 1091 4663; x_wconf 81' lang='lat' dir='ltr'><strong>universale</strong></span> <span class='ocrx_word' id='word_1_689' title='bbox 1133 4623 1215 4664; x_wconf 81' lang='lat' dir='ltr'><strong>est</strong></span> <span class='ocrx_word' id='word_1_690' title='bbox 1270 4615 1589 4670; x_wconf 84' lang='lat' dir='ltr'><strong>remedium.</strong></span> <span class='ocrx_word' id='word_1_691' title='bbox 1635 4624 1689 4668; x_wconf 90' lang='lat' dir='ltr'><strong>ut</strong></span> <span class='ocrx_word' id='word_1_692' title='bbox 1740 4631 1767 4668; x_wconf 88' lang='lat' dir='ltr'><strong>a</strong></span> <span class='ocrx_word' id='word_1_693' title='bbox 1799 4619 2064 4669; x_wconf 89' lang='lat' dir='ltr'><strong>concitata</strong></span> <span class='ocrx_word' id='word_1_694' title='bbox 2127 4619 2176 4669; x_wconf 93' lang='lat' dir='ltr'><strong>in</strong></span> 
     </span>
    </p>
   </div>
   <div class='ocr_carea' id='block_1_94' title="bbox 631 4700 2178 4773">
    <p class='ocr_par' dir='ltr' id='par_1_94' title="bbox 631 4700 2178 4773">
     <span class='ocr_line' id='line_1_94' title="bbox 631 4700 2178 4773; baseline 0.006 -23"><span class='ocrx_word' id='word_1_695' title='bbox 631 4700 894 4764; x_wconf 82' lang='lat' dir='ltr'><strong>ejusmodi</strong></span> <span class='ocrx_word' id='word_1_696' title='bbox 945 4703 1244 4767; x_wconf 88' lang='lat' dir='ltr'><strong>voluptates</strong></span> <span class='ocrx_word' id='word_1_697' title='bbox 1285 4705 1448 4765; x_wconf 78' lang='lat' dir='ltr'><strong>rabie,</strong></span> <span class='ocrx_word' id='word_1_698' title='bbox 1485 4721 1577 4773; x_wconf 83' lang='lat' dir='ltr'><strong>per</strong></span> <span class='ocrx_word' id='word_1_699' title='bbox 1607 4707 1978 4772; x_wconf 79' lang='lat' dir='ltr'><strong>pmnitentiam</strong></span> <span class='ocrx_word' id='word_1_700' title='bbox 2018 4709 2178 4760; x_wconf 85' lang='lat' dir='ltr'><strong>homo</strong></span> 
     </span>
    </p>
   </div>
   <div class='ocr_carea' id='block_1_95' title="bbox 633 4789 2177 4863">
    <p class='ocr_par' dir='ltr' id='par_1_95' title="bbox 633 4789 2177 4863">
     <span class='ocr_line' id='line_1_95' title="bbox 633 4789 2177 4863; baseline 0.01 -29"><span class='ocrx_word' id='word_1_701' title='bbox 633 4800 798 4852; x_wconf 77' lang='lat' dir='ltr'><strong>purus</strong></span> <span class='ocrx_word' id='word_1_702' title='bbox 834 4789 1131 4851; x_wconf 76' lang='lat' dir='ltr'><strong>efﬁciatur;</strong></span> <span class='ocrx_word' id='word_1_703' title='bbox 1179 4790 1268 4843; x_wconf 78' lang='lat' dir='ltr'><strong>sed</strong></span> <span class='ocrx_word' id='word_1_704' title='bbox 1307 4795 1428 4858; x_wconf 86' lang='lat' dir='ltr'><strong>quia</strong></span> <span class='ocrx_word' id='word_1_705' title='bbox 1476 4811 1661 4847; x_wconf 87' lang='lat' dir='ltr'><strong>eorum</strong></span> <span class='ocrx_word' id='word_1_706' title='bbox 1703 4798 1792 4863; x_wconf 87' lang='lat' dir='ltr'><strong>qui</strong></span> <span class='ocrx_word' id='word_1_707' title='bbox 1839 4799 1887 4848; x_wconf 92' lang='lat' dir='ltr'><strong>in</strong></span> <span class='ocrx_word' id='word_1_708' title='bbox 1941 4799 2177 4849; x_wconf 79' lang='lat' dir='ltr'><strong>fornica-</strong></span> 
     </span>
    </p>
   </div>
   <div class='ocr_carea' id='block_1_96' title="bbox 631 4874 2176 4954">
    <p class='ocr_par' dir='ltr' id='par_1_96' title="bbox 631 4874 2176 4954">
     <span class='ocr_line' id='line_1_96' title="bbox 631 4874 2176 4954; baseline 0.01 -30"><span class='ocrx_word' id='word_1_709' title='bbox 631 4874 776 4928; x_wconf 87' lang='lat' dir='ltr'><strong>tione</strong></span> <span class='ocrx_word' id='word_1_710' title='bbox 803 4877 986 4942; x_wconf 90' lang='lat' dir='ltr'><strong>polluti</strong></span> <span class='ocrx_word' id='word_1_711' title='bbox 1015 4887 1158 4938; x_wconf 87' lang='lat' dir='ltr'><strong>sunt,</strong></span> <span class='ocrx_word' id='word_1_712' title='bbox 1199 4882 1393 4945; x_wconf 85' lang='lat' dir='ltr'><strong>injuria</strong></span> <span class='ocrx_word' id='word_1_713' title='bbox 1432 4885 1606 4951; x_wconf 83' lang='lat' dir='ltr'><strong>aliqua</strong></span> <span class='ocrx_word' id='word_1_714' title='bbox 1638 4901 1760 4936; x_wconf 86' lang='lat' dir='ltr'><strong>cum</strong></span> <span class='ocrx_word' id='word_1_715' title='bbox 1814 4887 1913 4939; x_wconf 85' lang='lat' dir='ltr'><strong>hoc</strong></span> <span class='ocrx_word' id='word_1_716' title='bbox 1951 4897 2176 4954; x_wconf 81' lang='lat' dir='ltr'><strong>peccato</strong></span> 
     </span>
    </p>
   </div>
   <div class='ocr_carea' id='block_1_97' title="bbox 631 4969 2176 5041">
    <p class='ocr_par' dir='ltr' id='par_1_97' title="bbox 631 4969 2176 5041">
     <span class='ocr_line' id='line_1_97' title="bbox 631 4969 2176 5041; baseline 0.01 -27"><span class='ocrx_word' id='word_1_717' title='bbox 631 4980 736 5016; x_wconf 84' lang='lat' dir='ltr'><strong>non</strong></span> <span class='ocrx_word' id='word_1_718' title='bbox 768 4969 1050 5021; x_wconf 81' lang='lat' dir='ltr'><strong>commista</strong></span> <span class='ocrx_word' id='word_1_719' title='bbox 1079 4979 1180 5028; x_wconf 88' lang='lat' dir='ltr'><strong>est,</strong></span> <span class='ocrx_word' id='word_1_720' title='bbox 1221 4982 1501 5038; x_wconf 80' lang='lat' dir='ltr'><strong>propterea</strong></span> <span class='ocrx_word' id='word_1_721' title='bbox 1537 4976 1755 5041; x_wconf 87' lang='lat' dir='ltr'><strong>duplum</strong></span> <span class='ocrx_word' id='word_1_722' title='bbox 1802 4978 2176 5031; x_wconf 77' lang='lat' dir='ltr'><strong>conversionis</strong></span> 
     </span>
    </p>
   </div>
   <div class='ocr_carea' id='block_1_98' title="bbox 630 5056 2178 5131">
    <p class='ocr_par' dir='ltr' id='par_1_98' title="bbox 630 5056 2178 5131">
     <span class='ocr_line' id='line_1_98' title="bbox 630 5056 2178 5131; baseline 0.01 -28"><span class='ocrx_word' id='word_1_723' title='bbox 630 5060 839 5121; x_wconf 85' lang='lat' dir='ltr'><strong>tempus</strong></span> <span class='ocrx_word' id='word_1_724' title='bbox 880 5056 941 5106; x_wconf 78' lang='lat' dir='ltr'><strong>iis</strong></span> <span class='ocrx_word' id='word_1_725' title='bbox 972 5059 1343 5124; x_wconf 68' lang='lat' dir='ltr'><strong>prmscriptnm</strong></span> <span class='ocrx_word' id='word_1_726' title='bbox 1385 5073 1486 5122; x_wconf 85' lang='lat' dir='ltr'><strong>est,</strong></span> <span class='ocrx_word' id='word_1_727' title='bbox 1541 5067 1628 5131; x_wconf 81' lang='lat' dir='ltr'><strong>qui</strong></span> <span class='ocrx_word' id='word_1_728' title='bbox 1676 5066 1724 5117; x_wconf 93' lang='lat' dir='ltr'><strong>in</strong></span> <span class='ocrx_word' id='word_1_729' title='bbox 1773 5067 2038 5119; x_wconf 84' lang='lat' dir='ltr'><strong>adulterio</strong></span> <span class='ocrx_word' id='word_1_730' title='bbox 2097 5068 2178 5120; x_wconf 91' lang='lat' dir='ltr'><strong>iu-</strong></span> 
     </span>
    </p>
   </div>
   <div class='ocr_carea' id='block_1_99' title="bbox 629 5144 2177 5220">
    <p class='ocr_par' dir='ltr' id='par_1_99' title="bbox 629 5144 2177 5220">
     <span class='ocr_line' id='line_1_99' title="bbox 629 5144 2177 5220; baseline 0.012 -27"><span class='ocrx_word' id='word_1_731' title='bbox 629 5144 835 5210; x_wconf 91' lang='lat' dir='ltr'><strong>quinati</strong></span> <span class='ocrx_word' id='word_1_732' title='bbox 883 5155 1042 5211; x_wconf 90' lang='lat' dir='ltr'><strong>sunt;</strong></span> <span class='ocrx_word' id='word_1_733' title='bbox 1083 5156 1134 5200; x_wconf 88' lang='lat' dir='ltr'><strong>et</strong></span> <span class='ocrx_word' id='word_1_734' title='bbox 1175 5150 1225 5201; x_wconf 94' lang='lat' dir='ltr'><strong>in</strong></span> <span class='ocrx_word' id='word_1_735' title='bbox 1260 5153 1378 5204; x_wconf 91' lang='lat' dir='ltr'><strong>aliis</strong></span> <span class='ocrx_word' id='word_1_736' title='bbox 1411 5153 1591 5207; x_wconf 82' lang='lat' dir='ltr'><strong>itidcrn</strong></span> <span class='ocrx_word' id='word_1_737' title='bbox 1635 5158 1812 5208; x_wconf 83' lang='lat' dir='ltr'><strong>vetitis</strong></span> <span class='ocrx_word' id='word_1_738' title='bbox 1849 5159 2022 5220; x_wconf 86' lang='lat' dir='ltr'><strong>malis,</strong></span> <span class='ocrx_word' id='word_1_739' title='bbox 2065 5160 2177 5210; x_wconf 86' lang='lat' dir='ltr'><strong>ani-</strong></span> 
     </span>
    </p>
   </div>
   <div class='ocr_carea' id='block_1_100' title="bbox 632 5237 2176 5311">
    <p class='ocr_par' dir='ltr' id='par_1_100' title="bbox 632 5237 2176 5311">
     <span class='ocr_line' id='line_1_100' title="bbox 632 5237 2176 5311; baseline 0.01 -25"><span class='ocrx_word' id='word_1_740' title='bbox 632 5237 848 5288; x_wconf 73' lang='lat' dir='ltr'><strong>malium</strong></span> <span class='ocrx_word' id='word_1_741' title='bbox 886 5239 1040 5290; x_wconf 90' lang='lat' dir='ltr'><strong>initu.</strong></span> <span class='ocrx_word' id='word_1_742' title='bbox 1075 5251 1126 5292; x_wconf 90' lang='lat' dir='ltr'><strong>et</strong></span> <span class='ocrx_word' id='word_1_743' title='bbox 1183 5244 1329 5294; x_wconf 77' lang='lat' dir='ltr'><strong>rabie</strong></span> <span class='ocrx_word' id='word_1_744' title='bbox 1379 5247 1430 5296; x_wconf 90' lang='lat' dir='ltr'><strong>in</strong></span> <span class='ocrx_word' id='word_1_745' title='bbox 1467 5247 1755 5302; x_wconf 84' lang='lat' dir='ltr'><strong>masculos.</strong></span> <span class='ocrx_word' id='word_1_746' title='bbox 1796 5247 1850 5300; x_wconf 88' lang='lat' dir='ltr'><strong>In</strong></span> <span class='ocrx_word' id='word_1_747' title='bbox 1901 5250 1964 5304; x_wconf 89' lang='lat' dir='ltr'><strong>iis</strong></span> <span class='ocrx_word' id='word_1_748' title='bbox 2011 5251 2176 5311; x_wconf 84' lang='lat' dir='ltr'><strong>enim,</strong></span> 
     </span>
    </p>
   </div>
   <div class='ocr_carea' id='block_1_101' title="bbox 631 5326 2177 5412">
    <p class='ocr_par' dir='ltr' id='par_1_101' title="bbox 631 5326 2177 5412">
     <span class='ocr_line' id='line_1_101' title="bbox 631 5326 2177 5412; baseline 0.012 -37"><span class='ocrx_word' id='word_1_749' title='bbox 631 5334 687 5376; x_wconf 70' lang='lat' dir='ltr'><strong>ut</strong></span> <span class='ocrx_word' id='word_1_750' title='bbox 732 5326 860 5389; x_wconf 75' lang='lat' dir='ltr'><strong>dixi,</strong></span> <span class='ocrx_word' id='word_1_751' title='bbox 910 5339 1188 5395; x_wconf 84' lang='lat' dir='ltr'><strong>peccatum</strong></span> <span class='ocrx_word' id='word_1_752' title='bbox 1225 5332 1555 5399; x_wconf 64' lang='lat' dir='ltr'><strong>duplicatur:</strong></span> <span class='ocrx_word' id='word_1_753' title='bbox 1608 5355 1772 5391; x_wconf 91' lang='lat' dir='ltr'><strong>unum</strong></span> <span class='ocrx_word' id='word_1_754' title='bbox 1825 5342 2039 5408; x_wconf 85' lang='lat' dir='ltr'><strong>quidem</strong></span> <span class='ocrx_word' id='word_1_755' title='bbox 2099 5341 2177 5412; x_wconf 88' lang='lat' dir='ltr'><strong>[in</strong></span> 
     </span>
    </p>
   </div>
   <div class='ocr_carea' id='block_1_102' title="bbox 631 5417 2177 5498">
    <p class='ocr_par' dir='ltr' id='par_1_102' title="bbox 631 5417 2177 5498">
     <span class='ocr_line' id='line_1_102' title="bbox 631 5417 2177 5498; baseline 0.012 -34"><span class='ocrx_word' id='word_1_756' title='bbox 631 5417 812 5468; x_wconf 76' lang='lat' dir='ltr'><strong>iiltcita</strong></span> <span class='ocrx_word' id='word_1_757' title='bbox 849 5428 902 5468; x_wconf 90' lang='lat' dir='ltr'><strong>ct</strong></span> <span class='ocrx_word' id='word_1_758' title='bbox 950 5419 1156 5472; x_wconf 79' lang='lat' dir='ltr'><strong>nefaria</strong></span> <span class='ocrx_word' id='word_1_759' title='bbox 1191 5424 1499 5490; x_wconf 77' lang='lat' dir='ltr'><strong>voluptate;</strong></span> <span class='ocrx_word' id='word_1_760' title='bbox 1550 5427 1774 5482; x_wconf 81' lang='lat' dir='ltr'><strong>alterum</strong></span> <span class='ocrx_word' id='word_1_761' title='bbox 1801 5429 2004 5497; x_wconf 68' lang='lat' dir='ltr'><strong>autem]</strong></span> <span class='ocrx_word' id='word_1_762' title='bbox 2037 5434 2177 5498; x_wconf 87' lang='lat' dir='ltr'><strong>quod</strong></span> 
     </span>
    </p>
   </div>
   <div class='ocr_carea' id='block_1_103' title="bbox 631 5506 2176 5587">
    <p class='ocr_par' dir='ltr' id='par_1_103' title="bbox 631 5506 2176 5587">
     <span class='ocr_line' id='line_1_103' title="bbox 631 5506 2176 5587; baseline 0.01 -31"><span class='ocrx_word' id='word_1_763' title='bbox 631 5506 824 5573; x_wconf 81' lang='lat' dir='ltr'><strong>injuria</strong></span> <span class='ocrx_word' id='word_1_764' title='bbox 847 5523 963 5575; x_wconf 82' lang='lat' dir='ltr'><strong>qme</strong></span> <span class='ocrx_word' id='word_1_765' title='bbox 990 5510 1041 5560; x_wconf 82' lang='lat' dir='ltr'><strong>ﬁt</strong></span> <span class='ocrx_word' id='word_1_766' title='bbox 1065 5511 1236 5572; x_wconf 84' lang='lat' dir='ltr'><strong>alteri,</strong></span> <span class='ocrx_word' id='word_1_767' title='bbox 1281 5515 1546 5566; x_wconf 83' lang='lat' dir='ltr'><strong>consistit.</strong></span> <span class='ocrx_word' id='word_1_768' title='bbox 1587 5517 1676 5568; x_wconf 64' lang='lat' dir='ltr'><strong>l‘Zst</strong></span> <span class='ocrx_word' id='word_1_769' title='bbox 1720 5528 1897 5573; x_wconf 76' lang='lat' dir='ltr'><strong>autem</strong></span> <span class='ocrx_word' id='word_1_770' title='bbox 1934 5521 2176 5587; x_wconf 66' lang='lat' dir='ltr'><strong>qumdain</strong></span> 
     </span>
    </p>
   </div>
   <div class='ocr_carea' id='block_1_104' title="bbox 722 5677 1758 5746">
    <p class='ocr_par' dir='ltr' id='par_1_104' title="bbox 722 5677 1758 5746">
     <span class='ocr_line' id='line_1_104' title="bbox 722 5677 1758 5746; baseline 0.013 -16"><span class='ocrx_word' id='word_1_771' title='bbox 722 5677 737 5705; x_wconf 83' lang='grc'>¹</span> <span class='ocrx_word' id='word_1_772' title='bbox 774 5678 1092 5740; x_wconf 72' lang='grc' dir='ltr'>ιΤὶιεςε.ιν,</span> <span class='ocrx_word' id='word_1_773' title='bbox 1124 5685 1169 5734; x_wconf 74' lang='grc'><strong>4.</strong></span> <span class='ocrx_word' id='word_1_774' title='bbox 1275 5681 1292 5703; x_wconf 85' lang='grc'>¹</span> <span class='ocrx_word' id='word_1_775' title='bbox 1331 5685 1528 5738; x_wconf 61' lang='lat' dir='ltr'><strong>lict-les.</strong></span> <span class='ocrx_word' id='word_1_776' title='bbox 1575 5705 1642 5746; x_wconf 78' lang='lat' dir='ltr'><strong>Ix,</strong></span> <span class='ocrx_word' id='word_1_777' title='bbox 1680 5690 1758 5743; x_wconf 72' lang='lat' dir='ltr'><strong>i2.</strong></span> 
     </span>
    </p>
   </div>
   <div class='ocr_carea' id='block_1_105' title="bbox 2284 4521 3843 4596">
    <p class='ocr_par' dir='ltr' id='par_1_105' title="bbox 2284 4521 3843 4596">
     <span class='ocr_line' id='line_1_105' title="bbox 2284 4521 3843 4596; baseline -0.008 -13"><span class='ocrx_word' id='word_1_778' title='bbox 2284 4534 2402 4592; x_wconf 80' lang='grc' dir='ltr'>τίας</span> <span class='ocrx_word' id='word_1_779' title='bbox 2444 4527 2809 4596; x_wconf 79' lang='grc' dir='ltr'>γεγενημένης</span> <span class='ocrx_word' id='word_1_780' title='bbox 2833 4566 2847 4586; x_wconf 89' lang='grc'><strong>,</strong></span> <span class='ocrx_word' id='word_1_781' title='bbox 2897 4523 3153 4592; x_wconf 82' lang='grc' dir='ltr'>καθολικὴ</span> <span class='ocrx_word' id='word_1_782' title='bbox 3186 4523 3283 4590; x_wconf 83' lang='grc' dir='ltr'><strong>μέν</strong></span> <span class='ocrx_word' id='word_1_783' title='bbox 3321 4527 3438 4575; x_wconf 85' lang='grc' dir='ltr'>ὲστι</span> <span class='ocrx_word' id='word_1_784' title='bbox 3471 4522 3762 4590; x_wconf 82' lang='grc' dir='ltr'>θεραπεία,</span> <span class='ocrx_word' id='word_1_785' title='bbox 3789 4521 3843 4571; x_wconf 74' lang='grc' dir='ltr'>τὸ</span> 
     </span>
    </p>
   </div>
   <div class='ocr_carea' id='block_1_106' title="bbox 2283 4610 3838 4688">
    <p class='ocr_par' dir='ltr' id='par_1_106' title="bbox 2283 4610 3838 4688">
     <span class='ocr_line' id='line_1_106' title="bbox 2283 4610 3838 4688; baseline -0.008 -15"><span class='ocrx_word' id='word_1_786' title='bbox 2283 4623 2379 4688; x_wconf 73' lang='grc' dir='ltr'>τῆς</span> <span class='ocrx_word' id='word_1_787' title='bbox 2401 4616 2676 4687; x_wconf 79' lang='grc' dir='ltr'>ὲμπαθοῦς</span> <span class='ocrx_word' id='word_1_788' title='bbox 2707 4615 2910 4681; x_wconf 78' lang='grc' dir='ltr'>λύσσης</span> <span class='ocrx_word' id='word_1_789' title='bbox 2931 4654 2942 4674; x_wconf 86' lang='grc'><strong>,</strong></span> <span class='ocrx_word' id='word_1_790' title='bbox 2964 4615 3060 4682; x_wconf 78' lang='grc' dir='ltr'>τῆς</span> <span class='ocrx_word' id='word_1_791' title='bbox 3084 4614 3210 4682; x_wconf 82' lang='grc' dir='ltr'>περὶ</span> <span class='ocrx_word' id='word_1_792' title='bbox 3241 4612 3336 4673; x_wconf 80' lang='grc' dir='ltr'>τὰς</span> <span class='ocrx_word' id='word_1_793' title='bbox 3361 4612 3617 4673; x_wconf 82' lang='grc' dir='ltr'>τοιαύτας</span> <span class='ocrx_word' id='word_1_794' title='bbox 3644 4610 3838 4680; x_wconf 72' lang='grc' dir='ltr'>ἡδονὰς,</span> 
     </span>
    </p>
   </div>
   <div class='ocr_carea' id='block_1_107' title="bbox 2286 4699 3839 4778">
    <p class='ocr_par' dir='ltr' id='par_1_107' title="bbox 2286 4699 3839 4778">
     <span class='ocr_line' id='line_1_107' title="bbox 2286 4699 3839 4778; baseline -0.012 -15"><span class='ocrx_word' id='word_1_795' title='bbox 2286 4709 2521 4778; x_wconf 83' lang='grc' dir='ltr'>καθαρὸν</span> <span class='ocrx_word' id='word_1_796' title='bbox 2568 4709 2630 4758; x_wconf 79' lang='grc' dir='ltr'>ἐκ</span> <span class='ocrx_word' id='word_1_797' title='bbox 2678 4703 3038 4776; x_wconf 77' lang='grc' dir='ltr'>μεταμελείας</span> <span class='ocrx_word' id='word_1_798' title='bbox 3084 4701 3334 4767; x_wconf 87' lang='grc' dir='ltr'>γενέσθαι</span> <span class='ocrx_word' id='word_1_799' title='bbox 3382 4700 3473 4752; x_wconf 82' lang='grc' dir='ltr'>τὸν</span> <span class='ocrx_word' id='word_1_800' title='bbox 3527 4699 3839 4769; x_wconf 75' lang='grc' dir='ltr'>ἄνθρωπον·</span> 
     </span>
    </p>
   </div>
   <div class='ocr_carea' id='block_1_108' title="bbox 2285 4790 3838 4862">
    <p class='ocr_par' dir='ltr' id='par_1_108' title="bbox 2285 4790 3838 4862">
     <span class='ocr_line' id='line_1_108' title="bbox 2285 4790 3838 4862; baseline -0.01 -10"><span class='ocrx_word' id='word_1_801' title='bbox 2285 4802 2373 4852; x_wconf 79' lang='grc' dir='ltr'><strong>ἑ.πὶ</strong></span> <span class='ocrx_word' id='word_1_802' title='bbox 2421 4799 2474 4850; x_wconf 72' lang='grc' dir='ltr'>δὲ</span> <span class='ocrx_word' id='word_1_803' title='bbox 2506 4799 2611 4849; x_wconf 82' lang='grc' dir='ltr'>τῶν</span> <span class='ocrx_word' id='word_1_804' title='bbox 2664 4800 2719 4847; x_wconf 79' lang='grc' dir='ltr'><strong>έν</strong></span> <span class='ocrx_word' id='word_1_805' title='bbox 2765 4793 2988 4862; x_wconf 80' lang='grc' dir='ltr'>πορνείᾳ</span> <span class='ocrx_word' id='word_1_806' title='bbox 3031 4790 3396 4859; x_wconf 84' lang='grc' dir='ltr'>μολυνθέντων</span> <span class='ocrx_word' id='word_1_807' title='bbox 3445 4790 3630 4840; x_wconf 86' lang='grc' dir='ltr'>ἀοικία</span> <span class='ocrx_word' id='word_1_808' title='bbox 3667 4805 3745 4849; x_wconf 88' lang='grc' dir='ltr'><strong>τις</strong></span> <span class='ocrx_word' id='word_1_809' title='bbox 3783 4790 3838 4853; x_wconf 69' lang='grc' dir='ltr'>τῇ</span> 
     </span>
    </p>
   </div>
   <div class='ocr_carea' id='block_1_109' title="bbox 2288 4880 3841 4960">
    <p class='ocr_par' dir='ltr' id='par_1_109' title="bbox 2288 4880 3841 4960">
     <span class='ocr_line' id='line_1_109' title="bbox 2288 4880 3841 4960; baseline -0.014 -15"><span class='ocrx_word' id='word_1_810' title='bbox 2288 4893 2525 4960; x_wconf 74' lang='grc' dir='ltr'>ἁμαρτίᾳ</span> <span class='ocrx_word' id='word_1_811' title='bbox 2554 4890 2718 4959; x_wconf 81' lang='grc' dir='ltr'>ταύτῃ</span> <span class='ocrx_word' id='word_1_812' title='bbox 2745 4889 2804 4940; x_wconf 82' lang='grc' dir='ltr'>οὐ</span> <span class='ocrx_word' id='word_1_813' title='bbox 2832 4882 3234 4953; x_wconf 80' lang='grc' dir='ltr'>καταμέμικται</span> <span class='ocrx_word' id='word_1_814' title='bbox 3256 4899 3269 4912; x_wconf 85' lang='grc'><strong>·</strong></span> <span class='ocrx_word' id='word_1_815' title='bbox 3291 4882 3377 4934; x_wconf 77' lang='grc' dir='ltr'>διὰ</span> <span class='ocrx_word' id='word_1_816' title='bbox 3403 4882 3563 4933; x_wconf 79' lang='grc' dir='ltr'>τοῦτο</span> <span class='ocrx_word' id='word_1_817' title='bbox 3585 4880 3841 4933; x_wconf 77' lang='grc' dir='ltr'>διπλάσιον</span> 
     </span>
    </p>
   </div>
   <div class='ocr_carea' id='block_1_110' title="bbox 2284 4971 3839 5050">
    <p class='ocr_par' dir='ltr' id='par_1_110' title="bbox 2284 4971 3839 5050">
     <span class='ocr_line' id='line_1_110' title="bbox 2284 4971 3839 5050; baseline -0.011 -16"><span class='ocrx_word' id='word_1_818' title='bbox 2284 4982 2487 5050; x_wconf 78' lang='grc' dir='ltr'>ὡρίσθη</span> <span class='ocrx_word' id='word_1_819' title='bbox 2516 4981 2610 5047; x_wconf 81' lang='grc' dir='ltr'>τῆς</span> <span class='ocrx_word' id='word_1_820' title='bbox 2640 4976 2968 5045; x_wconf 73' lang='grc' dir='ltr'>ἐπιστροφῆς</span> <span class='ocrx_word' id='word_1_821' title='bbox 2989 4975 3016 5025; x_wconf 91' lang='lat'><strong>6</strong></span> <span class='ocrx_word' id='word_1_822' title='bbox 3041 4973 3227 5042; x_wconf 75' lang='grc' dir='ltr'>χρόνος</span> <span class='ocrx_word' id='word_1_823' title='bbox 3250 4974 3357 5033; x_wconf 83' lang='grc' dir='ltr'>τοῖς</span> <span class='ocrx_word' id='word_1_824' title='bbox 3381 4973 3438 5022; x_wconf 79' lang='grc' dir='ltr'>ὲν</span> <span class='ocrx_word' id='word_1_825' title='bbox 3463 4971 3678 5039; x_wconf 75' lang='grc' dir='ltr'>μοιχείᾳ</span> <span class='ocrx_word' id='word_1_826' title='bbox 3701 4984 3839 5036; x_wconf 86' lang='grc' dir='ltr'>μιαν·</span> 
     </span>
    </p>
   </div>
   <div class='ocr_carea' id='block_1_111' title="bbox 2288 5058 3835 5130">
    <p class='ocr_par' dir='ltr' id='par_1_111' title="bbox 2288 5058 3835 5130">
     <span class='ocr_line' id='line_1_111' title="bbox 2288 5058 3835 5130; baseline -0.008 -7"><span class='ocrx_word' id='word_1_827' title='bbox 2288 5073 2440 5130; x_wconf 82' lang='grc' dir='ltr'>θεῖσι,</span> <span class='ocrx_word' id='word_1_828' title='bbox 2472 5071 2562 5121; x_wconf 73' lang='grc' dir='ltr'>καὶ</span> <span class='ocrx_word' id='word_1_829' title='bbox 2588 5071 2643 5119; x_wconf 83' lang='grc' dir='ltr'>ὲν</span> <span class='ocrx_word' id='word_1_830' title='bbox 2675 5069 2784 5128; x_wconf 79' lang='grc' dir='ltr'>τοῖς</span> <span class='ocrx_word' id='word_1_831' title='bbox 2806 5066 2982 5126; x_wconf 71' lang='grc' dir='ltr'>ἄλλοις</span> <span class='ocrx_word' id='word_1_832' title='bbox 3012 5068 3122 5125; x_wconf 86' lang='grc' dir='ltr'>τοῖς</span> <span class='ocrx_word' id='word_1_833' title='bbox 3155 5062 3626 5129; x_wconf 87' lang='grc' dir='ltr'>ἀπηγορευμένοις</span> <span class='ocrx_word' id='word_1_834' title='bbox 3649 5058 3835 5116; x_wconf 73' lang='grc' dir='ltr'>κακοῖς,</span> 
     </span>
    </p>
   </div>
   <div class='ocr_carea' id='block_1_112' title="bbox 2286 5148 3833 5227">
    <p class='ocr_par' dir='ltr' id='par_1_112' title="bbox 2286 5148 3833 5227">
     <span class='ocr_line' id='line_1_112' title="bbox 2286 5148 3833 5227; baseline -0.01 -15"><span class='ocrx_word' id='word_1_835' title='bbox 2286 5159 2592 5227; x_wconf 73' lang='grc' dir='ltr'>ζωοφθορίᾳ</span> <span class='ocrx_word' id='word_1_836' title='bbox 2611 5175 2669 5209; x_wconf 89' lang='grc' dir='ltr'><strong>τε</strong></span> <span class='ocrx_word' id='word_1_837' title='bbox 2711 5155 2802 5207; x_wconf 73' lang='grc' dir='ltr'>καὶ</span> <span class='ocrx_word' id='word_1_838' title='bbox 2828 5157 2892 5223; x_wconf 80' lang='grc' dir='ltr'>τῇ</span> <span class='ocrx_word' id='word_1_839' title='bbox 2943 5152 3082 5204; x_wconf 74' lang='grc' dir='ltr'>κατὰ</span> <span class='ocrx_word' id='word_1_840' title='bbox 3110 5153 3235 5212; x_wconf 68' lang='grc' dir='ltr'>τοὺς</span> <span class='ocrx_word' id='word_1_841' title='bbox 3274 5149 3508 5217; x_wconf 72' lang='grc' dir='ltr'>ἄρρενας</span> <span class='ocrx_word' id='word_1_842' title='bbox 3538 5149 3707 5218; x_wconf 78' lang='grc' dir='ltr'>λύσσῃ</span> <span class='ocrx_word' id='word_1_843' title='bbox 3729 5161 3742 5174; x_wconf 75' lang='grc'><strong>⁸</strong></span> <span class='ocrx_word' id='word_1_844' title='bbox 3770 5148 3833 5198; x_wconf 82' lang='grc' dir='ltr'>δι-</span> 
     </span>
    </p>
   </div>
   <div class='ocr_carea' id='block_1_113' title="bbox 2285 5238 3835 5314">
    <p class='ocr_par' dir='ltr' id='par_1_113' title="bbox 2285 5238 3835 5314">
     <span class='ocr_line' id='line_1_113' title="bbox 2285 5238 3835 5314; baseline -0.012 -11"><span class='ocrx_word' id='word_1_845' title='bbox 2285 5244 2634 5311; x_wconf 81' lang='grc' dir='ltr'>πλασιάζεται</span> <span class='ocrx_word' id='word_1_846' title='bbox 2689 5247 2829 5314; x_wconf 84' lang='grc' dir='ltr'><strong>γάρ,</strong></span> <span class='ocrx_word' id='word_1_847' title='bbox 2883 5243 2954 5304; x_wconf 83' lang='grc' dir='ltr'>ὡς</span> <span class='ocrx_word' id='word_1_848' title='bbox 3000 5238 3187 5302; x_wconf 73' lang='grc' dir='ltr'>εἷπον,</span> <span class='ocrx_word' id='word_1_849' title='bbox 3235 5241 3326 5291; x_wconf 74' lang='grc' dir='ltr'><strong>ἐπὶ</strong></span> <span class='ocrx_word' id='word_1_850' title='bbox 3374 5239 3482 5290; x_wconf 80' lang='grc' dir='ltr'><strong>τῶν</strong></span> <span class='ocrx_word' id='word_1_851' title='bbox 3536 5238 3835 5298; x_wconf 75' lang='grc' dir='ltr'>τοιούτωνή</span> 
     </span>
    </p>
   </div>
   <div class='ocr_carea' id='block_1_114' title="bbox 2287 5326 3838 5409">
    <p class='ocr_par' dir='ltr' id='par_1_114' title="bbox 2287 5326 3838 5409">
     <span class='ocr_line' id='line_1_114' title="bbox 2287 5326 3838 5409; baseline -0.012 -17"><span class='ocrx_word' id='word_1_852' title='bbox 2287 5341 2544 5409; x_wconf 86' lang='grc' dir='ltr'>ἁμαρτία.</span> <span class='ocrx_word' id='word_1_853' title='bbox 2574 5338 2684 5393; x_wconf 83' lang='grc' dir='ltr'><strong>Μία</strong></span> <span class='ocrx_word' id='word_1_854' title='bbox 2720 5338 2814 5404; x_wconf 85' lang='grc' dir='ltr'>μὲν</span> <span class='ocrx_word' id='word_1_855' title='bbox 2849 5336 2880 5402; x_wconf 81' lang='grc' dir='ltr'>ἡ</span> <span class='ocrx_word' id='word_1_856' title='bbox 2909 5332 3046 5384; x_wconf 81' lang='grc' dir='ltr'><strong>κατά</strong></span> <span class='ocrx_word' id='word_1_857' title='bbox 3071 5332 3166 5399; x_wconf 81' lang='grc' dir='ltr'><strong>τὴν</strong></span> <span class='ocrx_word' id='word_1_858' title='bbox 3192 5331 3283 5384; x_wconf 82' lang='grc' dir='ltr'>τοῦ</span> <span class='ocrx_word' id='word_1_859' title='bbox 3318 5329 3600 5397; x_wconf 78' lang='grc' dir='ltr'>ἀλλοτρίου</span> <span class='ocrx_word' id='word_1_860' title='bbox 3646 5326 3838 5378; x_wconf 70' lang='grc' dir='ltr'>ἀδικίαν</span> 
     </span>
    </p>
   </div>
   <div class='ocr_carea' id='block_1_115' title="bbox 2288 5415 3838 5496">
    <p class='ocr_par' dir='ltr' id='par_1_115' title="bbox 2288 5415 3838 5496">
     <span class='ocr_line' id='line_1_115' title="bbox 2288 5415 3838 5496; baseline -0.011 -13"><span class='ocrx_word' id='word_1_861' title='bbox 2288 5428 2661 5496; x_wconf 77' lang='grc' dir='ltr'>συνισταμένη.</span> <span class='ocrx_word' id='word_1_862' title='bbox 2703 5422 2943 5493; x_wconf 70' lang='grc' dir='ltr'>Διαφορά</span> <span class='ocrx_word' id='word_1_863' title='bbox 2976 5423 3029 5475; x_wconf 88' lang='grc' dir='ltr'><strong>δέ</strong></span> <span class='ocrx_word' id='word_1_864' title='bbox 3061 5422 3142 5482; x_wconf 86' lang='grc' dir='ltr'><strong>τίς</strong></span> <span class='ocrx_word' id='word_1_865' title='bbox 3180 5422 3326 5472; x_wconf 77' lang='grc' dir='ltr'>ἐστιν</span> <span class='ocrx_word' id='word_1_866' title='bbox 3360 5421 3416 5469; x_wconf 86' lang='grc' dir='ltr'>ὲν</span> <span class='ocrx_word' id='word_1_867' title='bbox 3448 5418 3525 5485; x_wconf 83' lang='grc' dir='ltr'>τῷ</span> <span class='ocrx_word' id='word_1_868' title='bbox 3575 5419 3713 5485; x_wconf 81' lang='grc' dir='ltr'>λόγῳ</span> <span class='ocrx_word' id='word_1_869' title='bbox 3757 5415 3838 5479; x_wconf 71' lang='grc' dir='ltr'><strong>τῆς</strong></span> 
     </span>
    </p>
   </div>
   <div class='ocr_carea' id='block_1_116' title="bbox 2289 5507 3836 5588">
    <p class='ocr_par' dir='ltr' id='par_1_116' title="bbox 2289 5507 3836 5588">
     <span class='ocr_line' id='line_1_116' title="bbox 2289 5507 3836 5588; baseline -0.01 -16"><span class='ocrx_word' id='word_1_870' title='bbox 2289 5521 2572 5588; x_wconf 85' lang='grc' dir='ltr'>μετανοίας</span> <span class='ocrx_word' id='word_1_871' title='bbox 2592 5556 2605 5579; x_wconf 85' lang='grc'><strong>,</strong></span> <span class='ocrx_word' id='word_1_872' title='bbox 2637 5520 2726 5569; x_wconf 63' lang='grc' dir='ltr'><strong>καὶ</strong></span> <span class='ocrx_word' id='word_1_873' title='bbox 2761 5516 2846 5568; x_wconf 69' lang='grc' dir='ltr'>ἐπὶ</span> <span class='ocrx_word' id='word_1_874' title='bbox 2879 5514 2982 5565; x_wconf 76' lang='grc' dir='ltr'><strong>τῶν</strong></span> <span class='ocrx_word' id='word_1_875' title='bbox 3011 5512 3150 5564; x_wconf 73' lang='grc' dir='ltr'>κατὰ</span> <span class='ocrx_word' id='word_1_876' title='bbox 3181 5512 3372 5580; x_wconf 63' lang='grc' dir='ltr'>’ἡδονὴν</span> <span class='ocrx_word' id='word_1_877' title='bbox 3394 5507 3836 5578; x_wconf 78' lang='grc' dir='ltr'>πλημμελούντων</span> 
     </span>
    </p>
   </div>
  </div>
