4006 6456
207 305 320 368 869

885 307 957 366 IN
1000 309 1246 371 EPIST.
1300 314 1354 370 S.
1402 311 1777 371 tillEGOllll
1829 313 2151 374 Nl'SSENl
2193 318 2292 376 AD
2335 321 2702 382 LETOlUM.

3309 334 3417 397 870

209 421 453 491 τοιαύτη.
500 423 555 475 Ὀ
608 425 704 492 μὲν
739 414 858 496 ’γὰρ
909 427 999 493 ἀρ’
1046 430 1238 481 ἑαυτοῦ
1278 431 1411 499 πρὸς
1449 431 1546 501 τὴν
1585 433 1737 499 ἐξαγό

1871 434 2170 491 diilcrentia
2207 440 2258 492 in
2285 440 2491 493 ratione
2515 443 2845 508 pmnitu-ntiae
2871 445 2923 497 in
2953 447 3018 498 iis
3043 448 3132 514 qui
3173 448 3223 500 in
3263 454 3414 504 volu-

210 529 394 582 ριυσιν
443 513 540 581 τῆς
588 517 856 585 ἁμαρτίας
899 520 1140 588 ὁρμήσας
1171 559 1184 581 ,
1216 521 1360 590 αὐτῷ
1394 523 1452 574 τὸ
1481 522 1768 587 καταδέξα-

211 603 334 653 σθαι
363 602 429 655 δι’
457 605 658 667 οἰκείας
701 608 872 676 ὁρμῆς
908 608 1155 674 γενέσθαι
1195 611 1298 660 τῶν
1348 613 1588 680 κρυφίων
1633 629 1764 664 κατ-

205 695 409 759 ἠγορος
434 709 446 722 ⁸
476 693 550 754 ὡς
589 694 684 763 ἤδη
730 697 828 764 τῆς
864 697 1153 766 θεραπείας
1183 697 1275 750 τοῦ
1309 699 1509 760 πάθους
1533 699 1765 767 ἀρξάμε-

207 796 294 840 νος
319 822 332 840 ,
379 783 469 833 καὶ
520 786 736 851 σημεῖον
773 789 870 854 τῆς
917 787 1049 855 πρὸς
1084 789 1145 839 τὸ
1193 792 1435 856 κρεῖττον
1467 791 1763 858 μεταϐολῆς

204 871 609 940 ἐπιδειξάμενος
643 913 655 934 ,
708 877 764 924 ὲν
822 875 1338 945 φιλανίέριυποτὲροις
1398 881 1602 943 γίνεται
1653 883 1762 942 τοῖς

204 961 516 1028 ἐπιτιμίοις.
554 963 609 1014 Ὀ
635 963 688 1015 δὲ
721 965 988 1033 φωραθεὶς
1020 968 1109 1017 ἐπὶ
1142 967 1217 1036 τῷ
1249 967 1417 1036 κακῷ,
1445 967 1474 1038 ἢ
1505 969 1589 1021 διά
1621 986 1758 1032 τινος

205 1048 442 1116 ὑποψίας
523 1053 555 1121 ἢ
595 1054 919 1123 κατηγορίας
968 1056 1235 1118 ἀκουσίως
1281 1058 1666 1126 ἁπελεγχθεὶς,
1703 1061 1759 1111 εν

202 1138 570 1211 ἐπιτεταμένῃ
618 1142 820 1208 γίνεται
867 1146 928 1211 τῇ
979 1145 1270 1215 ἐπιστροφῇ
1300 1164 1312 1176 -
1340 1146 1475 1198 ὥστε
1531 1149 1756 1219 καθαρι-

205 1224 398 1279 τθέντα
425 1229 491 1279 δι’
521 1231 800 1299 ἀκριϐείας
831 1234 1008 1293 αὐτὸν,
1039 1232 1207 1296 οὕτως
1238 1236 1328 1286 ἐπὶ
1353 1237 1448 1305 τὴν
1478 1238 1581 1287 τῶν
1605 1239 1758 1303 ἁγια-

202 1318 426 1381 σμάτων
455 1320 731 1371 κοινωνίαν
763 1322 1178 1390 παραδεχθῆναι.
1209 1325 1359 1376 ’Ἐστι
1388 1329 1561 1378 τοίνυν
1594 1329 1620 1378 6
1655 1347 1756 1380 κα-

200 1401 309 1454 νὼν
339 1403 572 1465 τοιοῦτος
600 1446 612 1468 ,
642 1407 777 1459 ὥστε
805 1411 926 1470 τοὺς
955 1411 1012 1460 ὲν
1051 1413 1269 1479 πορνείᾳ
1295 1414 1668 1482 μολυνθὲντας,
1697 1419 1754 1468 ὲν

195 1493 348 1562 τρισὶ
379 1493 477 1562 μὲν
503 1495 640 1548 ἔτεσι
674 1497 894 1550 καθόλου
916 1498 1016 1567 τῆς
1038 1500 1197 1568 εὐχῆς
1239 1503 1570 1574 ἀποόλήτους
1597 1502 1754 1560 εἶναι·

195 1582 254 1632 ὲν
277 1586 420 1650 τρισὶ
448 1585 501 1636 δὲ
532 1589 625 1654 τῆς
656 1589 962 1659 ἀκροάσεως
1004 1595 1248 1664 μετέχειν
1279 1596 1462 1664 μόνης,
1493 1599 1548 1647 έν
1579 1596 1753 1659 ἄλλοις

191 1669 248 1721 δὲ
278 1673 458 1739 τρισὶν
499 1674 637 1728 ἔτεσι
690 1680 822 1745 μετά
861 1681 966 1733 τῶν
1007 1685 1064 1734 ἐν
1091 1687 1154 1754 τῇ
1206 1687 1502 1754 ἐπιστροφῇ
1556 1687 1751 1738 ὑποπι-

193 1760 436 1812 πτόντων
464 1764 871 1832 προσεύχεσθαι,
906 1769 996 1819 καὶ
1026 1770 1144 1823 τότε
1178 1771 1421 1840 μετέχειν
1457 1772 1565 1824 τῶν
1592 1774 1749 1839 ἁγια-

197 1851 436 1915 σμάτων.
485 1852 606 1905 Ἐπὶ
636 1855 692 1906 δὲ
734 1858 840 1909 τῶν
876 1860 1278 1930 σπουδαιότερον
1310 1864 1657 1933 κεχρημένων
1682 1867 1746 1934 τῇ

190 1941 527 2012 ἐπιστροφῇ,
582 1947 672 1998 καὶ
721 1947 796 2015 τῷ
846 1948 943 2018 βίῳ
1001 1951 1316 2004 δεικνύντων
1355 1955 1450 2022 τὴν
1507 1954 1641 2022 πρὸς
1689 1956 1749 2008 τὸ

189 2028 395 2092 ἀγαθὸν
441 2031 726 2093 ἐπάνοδον,
775 2035 947 2098 ἔξεστι
994 2035 1069 2103 τῷ
1100 2037 1461 2106 οἰκονομοῦντι
1506 2039 1638 2108 πρὸς
1687 2039 1747 2091 τό

192 2119 469 2189 συμφέρον
487 2121 584 2191 τὴν
618 2123 1066 2192 έκκλησιαστικὴν
1101 2127 1405 2194 οἰκονομίαν
1428 2167 1440 2189 ,
1467 2132 1745 2197 συντεμεῖν

189 2206 279 2257 τὸν
315 2209 502 2275 χρόνον
541 2210 640 2278 τῆς
668 2212 1007 2279 ἀκροάσεως,
1038 2213 1128 2264 καὶ
1168 2215 1353 2282 τάχιον
1387 2217 1466 2277 είς
1495 2218 1746 2286 ἐπιστρο-

189 2293 296 2362 φὴν
325 2296 548 2360 ἀγαγεῖν
573 2335 584 2357 ,
636 2298 726 2348 καὶ
777 2298 934 2350 πάλιν
982 2299 1072 2350 καὶ
1101 2299 1284 2351 τοῦτον
1331 2307 1612 2371 συντεμεῖν
1654 2304 1744 2356 τὸν

186 2384 379 2451 χρόνον
403 2422 417 2444 ,
457 2386 547 2436 καὶ
589 2386 768 2453 τάχιον
804 2387 1089 2441 ἀποδοῦναι
1119 2389 1214 2458 τὴν
1243 2394 1519 2446 κοινωνίαν
1546 2437 1559 2458 ,
1598 2396 1744 2460 ὅπως

185 2471 254 2523 ἂν
283 2474 348 2540 τῇ
384 2471 574 2525 ἑαυτοῦ
605 2473 890 2544 δοκιμασίᾳ
933 2479 1153 2546 έκκρίνῃ
1188 2480 1284 2549 τὴν
1330 2481 1421 2532 τοῦ
1451 2481 1743 2550 θεραπευο-

187 2559 350 2623 μένου
381 2560 940 2633 κατάστασιν.“³Ωσπερ
960 2565 1064 2634 γὰρ
1084 2565 1144 2616 τὸ
1173 2570 1282 2630 τοῖς
1305 2569 1503 2638 χοίροις
1530 2573 1740 2640 ῥίπτειν

182 2645 273 2698 τὸν
310 2649 646 2718 μαργαρίτην
674 2652 1003 2720 ἀπείρηται,
1036 2654 1176 2708 οὕτω
1197 2658 1257 2709 τὸ
1291 2661 1608 2730 ἀποστερεῖν
1648 2666 1738 2717 τοῦ

181 2735 367 2802 τιμίου
414 2738 746 2806 μαργαρίτου
780 2741 870 2791 τὸν
918 2741 1017 2809 ἠδη
1057 2742 1338 2811 ἄνθρωπον
1380 2749 1466 2801 διὰ
1507 2753 1605 2819 τῆς
1640 2770 1738 2804 κα-

183 2822 480 2891 θαρότητός
507 2841 564 2874 τε
594 2825 686 2878 καὶ
738 2826 1000 2890 ἀπαθείας
1043 2833 1325 2901 γενόμενον
1350 2875 1364 2900 ,
1391 2837 1495 2890 τῶν
1526 2842 1738 2895 ἀτόπων

183 2911 350 2963 ἐστίν.
400 2913 463 2964 Ἦ
504 2913 559 2966 δὲ
590 2916 729 2968 κατὰ
779 2920 1019 2986 μοιχείαν
1049 2922 1162 2989 ἦτοι
1199 2924 1288 2975 καὶ
1318 2926 1386 2977 τὰ
1415 2927 1576 2981 λοιπὰ
1622 2931 1734 3001 εἴδη

180 3001 279 3068 τῆς
318 3001 654 3072 ἀκαθαρσίας
688 3009 946 3077 γενομένη
969 3013 1278 3080 παρανομία
1297 3053 1310 3072 .
1340 3017 1518 3080 καθὼς
1556 3021 1734 3089 προεί-
1765 3049 1804 3104 c

181 3107 368 3159 ρηται,
407 3093 545 3145 κατά
577 3095 748 3146 πάντα
783 3097 838 3147 ὲν
871 3098 946 3166 τῷ
976 3098 1122 3167 αὐτῷ
1150 3102 1372 3171 κρίματι
1404 3107 1736 3183 θεραπευθῆ-

180 3195 356 3243 σεται,
392 3182 448 3232 ὲν
478 3175 522 3246 ᾧ
547 3183 720 3235 καὶτὸ
751 3185 847 3253 τῆς
882 3188 1132 3254 πορνείας
1170 3191 1298 3257 ἄγος
1323 3211 1334 3224 ·
1376 3195 1450 3264 τῷ
1473 3175 1539 3250 -δὲ
1563 3175 1736 3271 χρόνῷ

176 3269 607 3331 διπλασιάζεται.
644 3273 1160 3345 Παραττιρηθήσεται
1195 3279 1249 3329 δὲ
1281 3284 1372 3332 καὶ
1410 3286 1492 3335 ἐπ’
1521 3289 1666 3356 αὐτῷ

176 3355 271 3408 τοῦ
296 3357 726 3428 θεραπευομένου
757 3361 1022 3428 διάθεσις,
1057 3364 1116 3414 6v
1153 3370 1348 3438 τρόπον
1377 3371 1468 3421 καὶ
1504 3375 1594 3425 ὲπὶ

175 3442 254 3512 τῷ
287 3445 544 3516 μολυσμῷ
585 3448 683 3517 τῆς
726 3452 975 3520 πορνείας
1023 3456 1475 3525 συνενεχθέντων,
1507 3461 1644 3516 ὥστε
1697 3468 1728 3537 ἥ

175 3533 370 3586 θᾶττον
405 3534 435 3605 ἢ
462 3537 779 3610 βραδύτερον
805 3542 1047 3600 γενέσθαι
1076 3547 1255 3608 αὐτοῖς
1289 3549 1386 3618 τὴν
1409 3552 1498 3604 τοῦ
1527 3533 1731 3622 ἀγαθοθ

175 3627 486 3692 μετουσίαν.

199 3728 401 3784 ΒΑΛΣ.
448 3724 562 3780 Νῦν
604 3723 877 3794 περὶτῶν
916 3727 974 3777 ὲν
1013 3725 1089 3791 τῷ
1133 3724 1518 3793 ἐπιθυμητικῷ
1564 3726 1720 3795 μέρει

146 3822 248 3884 τῆς
296 3813 476 3886 ψυχῆς
528 3816 814 3884 φυομένων
866 3813 1283 3884 ἁμαρτημάτων
1331 3813 1646 3880 διαλέγεται
1694 3817 1722 3868 ό

146 3905 339 3975 Πατὴρ
360 3943 374 3963 .
407 3904 529 3956 ὅθεν
560 3905 725 3971 φησιν
754 3897 895 3954 εἶναι
927 3903 1026 3971 τὴν
1058 3903 1314 3970 πορνείαν
1346 3903 1439 3954 καὶ
1470 3901 1568 3972 τὴν
1602 3920 1718 3972 μοι·

142 3998 321 4068 χείαν.
352 3996 447 4047 καὶ
479 3996 696 4061 ιπάγει,
727 3995 808 4047 ὅτι
838 3993 949 4044 τῶν
979 3995 1389 4063 ἀκριθεστέρων
1417 3995 1530 4046 τισὶ
1561 3996 1652 4046 καὶ
1685 3996 1717 4064 ἡ

1868 531 2011 591 ptate
2042 536 2354 592 peccarunl,
2395 530 2680 596 ejusmodi.
2721 531 2818 595 Qui
2853 536 2995 586 enim
3014 549 3076 588 cx
3104 551 3161 588 se
3199 538 3320 606 ipso
3346 543 3411 592 ad

1866 627 1962 662 sua
1987 613 2302 681 proferenda
2335 627 2552 683 peccata
2581 620 2846 687 impulsus
2887 631 2988 684 est,
3033 639 3095 676 eo
3127 627 3266 692 quod
3311 642 3410 682 Sua

1865 713 2053 769 sponte
2084 706 2416 759 occultorum
2459 719 2738 764 accusator
2772 727 2890 767 esse
2917 715 3168 779 voluerit,
3225 727 3276 771 ut
3319 720 3412 788 qui

1861 793 1968 859 jam
2027 795 2297 848 al'lcrtioni
2371 799 2689 852 medicinam
2754 802 3009 856 adhibere
3057 807 3301 872 ca‘pcrit,
3358 818 3412 859 ct

1863 879 2070 947 signum
2127 882 2440 936 mutationis
2478 887 2529 938 in
2584 887 2635 939 id
2687 890 2935 955 quodest
2981 893 3174 946 melius
3228 902 3412 948 osten-

1865 969 2023 1034 derit,
2059 970 2109 1023 ia
2149 973 2450 1026 mitioribus
2495 978 2668 1042 pmnis
2709 989 2972 1033 versatur.
3010 981 3109 1046 Qui
3141 994 3317 1037 autem
3353 986 3411 1039 iu

1862 1062 2000 1110 malo
2036 1062 2398 1128 dcprcltensus
2443 1073 2543 1128 est,
2585 1068 2664 1120 vel
2699 1077 2916 1137 prapter
2962 1071 3194 1138 aliquam
3230 1078 3410 1143 suspi-

1859 1148 2066 1201 cionem
2125 1151 2203 1203 vo-l
2249 1155 2644 1207 accusationem
2684 1158 2930 1224 ingratiis
2974 1163 3258 1216 convictus
3301 1177 3408 1229 est,

1859 1239 2072 1306 longius
2127 1242 2199 1293 illi
2243 1246 2613 1300 conversionis
2664 1259 2873 1316 tempus
2923 1250 3119 1318 datur;
3178 1264 3235 1305 nt
3293 1256 3409 1322 ipse

1858 1332 2092 1395 perfecte
2119 1343 2395 1398 purgatus,
2446 1334 2524 1387 sic
2555 1337 2619 1388 ad
2668 1348 3129 1393 sacramentorum
3168 1357 3409 1396 commu-

1855 1419 2068 1474 nionem
2125 1424 2456 1477 admittatur.
2507 1423 2599 1478 Est
2646 1443 2771 1495 ergo
2805 1429 2986 1484 Canon
3015 1433 3306 1503 ejusmodi,
3348 1450 3407 1494 ut

1855 1511 1943 1578 qui
1976 1511 2027 1563 in
2077 1511 2431 1568 fornicatione
2470 1519 2656 1582 polluti
2686 1529 2832 1579 sunt,
2883 1521 2937 1573 in
2981 1524 3154 1580 tribus”
3187 1529 3409 1594 quidem

1855 1602 2011 1652 annis
2071 1604 2136 1655 ab
2171 1605 2412 1657 Oratione
2456 1609 2676 1662 omnino
2723 1611 3091 1679 expellantur;
3147 1615 3198 1667 in
3232 1620 3403 1674 tribus

1854 1699 2030 1745 autem
2063 1693 2172 1746 sint
2225 1697 2395 1749 solius
2434 1697 2726 1752 auditionis
2762 1703 3070 1771 participes,
3123 1704 3178 1757 in
3229 1709 3403 1763 tribus

1852 1789 2026 1833 autem
2068 1783 2206 1844 aliis,
2250 1795 2371 1835 cum
2425 1787 2491 1838 iis
2524 1788 2614 1854 qui
2672 1789 2722 1840 in
2769 1794 3124 1847 conversione
3161 1798 3404 1850 subster-

1851 1880 2076 1935 nunlur,
2134 1881 2441 1940 precentur,
2496 1887 2548 1928 ct
2598 1885 2726 1930 tunc
2773 1881 2880 1933 sint
2935 1896 3398 1941 sacramentorum

1851 1962 2162 2030 participes.
2198 1966 2250 2016 ln
2284 1965 2349 2019 iis
2373 1973 2548 2019 autem
2575 1970 2663 2035 qui
2687 1970 3011 2040 diligentiori
3046 1979 3403 2032 conversione

1851 2053 1933 2103 usi
1963 2050 2178 2114 ίυυιιίιιι,
2214 2064 2264 2106 et
2290 2058 2396 2106 vita
2417 2095 2430 2113 .
2455 2058 2519 2110 ad
2549 2058 2600 2110 ld
2623 2062 2764 2127 quod
2798 2062 2997 2115 bonum
3024 2075 3127 2128 est,
3167 2068 3398 2120 reditum

1847 2143 2201 2206 ostenderint,
2258 2145 2380 2198 licet
2417 2147 2465 2200 ci
2514 2149 2604 2216 qui
2657 2151 2955 2218 dispensat,
3011 2170 3106 2221 pro
3146 2157 3400 2211 ccclesia-

1845 2237 1993 2288 sticae
2023 2238 2336 2290 oeconomiae
2374 2240 2618 2304 utilitate,
2663 2251 2873 2311 tempus
2921 2246 3213 2301 auditionfs
3265 2265 3400 2302 con-

1843 2326 2075 2391 trahere,
2119 2335 2171 2379 et
2201 2328 2428 2382 celerius
2468 2329 2531 2381 ad
2568 2334 2973 2388 conversionem
3002 2337 3304 2393 deducere:
3344 2349 3398 2394 et

1842 2428 2036 2467 rursus
2061 2415 2163 2468 hoc
2188 2431 2404 2485 quoque
2436 2427 2647 2488 tempus
2678 2425 3015 2488 contrahere,
3067 2438 3121 2479 et
3163 2429 3395 2483 celerius

1843 2507 2277 2558 communionem
2323 2507 2562 2568 reddere,
2592 2521 2650 2563 ut
2671 2527 2766 2565 sua
2794 2515 3128 2580 probatione.
3162 2518 3281 2583 ejus
3307 2522 3393 2573 cui

1842 2596 2048 2649 medela
2091 2596 2394 2661 adhibetur,
2424 2601 2866 2656 constitutionem
2903 2604 3391 2671 dijudicet.Quem-

1842 2686 2128 2740 admodum
2160 2691 2300 2742 enim
2335 2691 2513 2756 porcis
2540 2693 2858 2760 margaritas
2890 2695 3155 2761 projicere
3186 2707 3268 2751 est
3296 2714 3391 2754 ve-

1840 2774 2021 2837 titum,
2077 2776 2149 2828 ita
2197 2786 2248 2830 et
2292 2779 2523 2845 pretiosa
2567 2782 2852 2844 margarita
2887 2783 3097 2849 privare
3129 2801 3248 2838 eum
3299 2790 3389 2854 qui

1833 2862 1943 2930 jam
1974 2877 2071 2930 per
2096 2865 2471 2918 alienationem
2508 2882 2538 2917 a
2571 2869 2700 2920 vitio
2722 2877 2774 2921 et
2802 2872 3170 2938 purgationem
3231 2873 3392 2927 homo

1839 2949 1907 3002 sit
1942 2947 2137 3015 lactus,
2170 2951 2463 3005 absurdum
2497 2963 2595 3006 est.
2632 2956 2759 3018 Quae
2797 2965 2975 3009 autem
3016 2958 3068 3010 in
3121 2960 3390 3014 adultcrio

1839 3049 1890 3092 et
1926 3041 1976 3091 in
2023 3041 2242 3108 reliquis
2292 3043 2644 3098 immunditiae
2681 3047 2968 3113 generibus
3008 3048 3064 3100 ﬁt
3107 3049 3389 3113 iniquitas,

1837 3138 1893 3182 ut
1927 3131 2127 3182 dictum
2165 3140 2266 3193 est,
2294 3133 2480 3185 eodem
2525 3133 2733 3199 judicio
2768 3138 3021 3203 punietur
3047 3155 3155 3206 quo
3191 3151 3240 3194 et
3275 3140 3387 3194 lor-

1837 3221 2123 3272 nicationis
2157 3221 2352 3283 scelus,
2395 3222 2486 3275 sed
2528 3232 2768 3290 tempore
2820 3225 3200 3292 duplicabitur.
3233 3230 3288 3281 In
3321 3247 3386 3284 eo

1835 3318 2032 3366 autem.
2075 3311 2192 3375 ejus
2223 3310 2382 3361 etiam
2434 3311 2520 3363 cui
2573 3312 2775 3366 medela
2828 3315 3132 3378 adhibetur,
3175 3317 3385 3374 affectio

1838 3396 2288 3458 considerabitur,
2315 3415 2420 3466 quo
2443 3401 2600 3453 modo
2628 3411 2682 3454 et
2717 3401 2769 3454 in
2805 3402 2872 3455 iis
2893 3405 2983 3471 qui
3013 3404 3386 3463 fornicationis

1837 3484 2242 3550 inquinamento
2278 3487 2550 3556 illaqueati
2597 3501 2744 3554 sunt,
2792 3501 2850 3544 ut
2877 3495 2954 3546 vel
2985 3495 3146 3550 citius
3174 3495 3254 3550 vel
3278 3505 3386 3553 tar-

1840 3573 1962 3629 dius
1980 3573 2060 3630 eis
2080 3578 2151 3629 sit
2173 3579 2296 3631 boni
2324 3579 2677 3646 participatio.

1910 3725 2072 3797 158
2103 3725 2298 3782 BALS.
2336 3729 2490 3784 Nunc
2518 3731 2582 3784 de
2615 3733 2869 3800 peccatis,
2900 3751 3020 3803 qua
3068 3736 3121 3790 in
3162 3745 3403 3810 concupl.

1830 3818 2005 3870 scibili
2030 3821 2224 3873 anima:
2246 3821 2500 3875 facultate
2527 3834 2846 3889 nascuntur,
2879 3826 3095 3881 disserit
3129 3827 3313 3899 Pater,
3344 3847 3407 3884 cx

1826 3907 2023 3971 quibus
2075 3909 2206 3962 dicit
2259 3924 2378 3965 esse
2429 3912 2749 3966 adulterium
2798 3926 2850 3968 et
2879 3915 3314 3984 fornicationem,
3348 3935 3404 3975 et

1829 3997 2130 4068 Stlbjttngil,
2168 4003 2309 4069 quod
2340 4003 2660 4071 quibusdam
2696 4006 3072 4061 subtilioribus
3119 4009 3407 4064 fornicatiu

138 4087 369 4156 πορνεία
405 4085 620 4154 μοιχεία
652 4085 932 4137 καλεῖται’
965 4084 1097 4135 διότι
1129 4086 1161 4153 ἡ
1194 4085 1422 4154 νόμιμος
1456 4085 1599 4153 μίξις
1630 4087 1721 4138 ἀν.

1839 4100 2040 4153 quoque
2076 4100 2300 4143 vocatur
2326 4093 2648 4146 adulterium
2680 4111 2692 4148 :
2727 4099 2853 4163 quia
2908 4099 3084 4152 mariti
3121 4111 3175 4153 et
3222 4107 3406 4158 uxoris

137 4179 263 4248 δρὸς
304 4178 398 4229 aut
434 4176 691 4240 γυναικὸς
735 4175 835 4243 μέν
870 4177 1046 4238 ἐστιν,
1083 4177 1133 4226 εί
1163 4191 1214 4226 τι
1253 4174 1310 4226 δὲ
1347 4175 1534 4244 ἓτερον
1569 4175 1720 4243 παρὰ

137 4273 346 4340 ταύτην
381 4268 645 4336 γένηται,
683 4267 1004 4336 παράνομον
1038 4269 1089 4315 τί
1129 4266 1374 4319 τοιοῦτον
1397 4306 1410 4330 ,
1447 4267 1540 4320 καὶ
1573 4267 1720 4327 ὅστις

139 4360 216 4430 μὴ
241 4361 321 4428 τῷ
352 4359 466 4428 ίδίῳ
492 4358 775 4428 κέχρηται,
807 4356 1073 4424 ἀλλοτρίῳ
1099 4357 1319 4425 χρῆται.
1350 4357 1466 4409 Πᾶν
1489 4357 1545 4409 δὲ
1571 4355 1597 4407 ὃ
1623 4356 1720 4409 οὐκ

137 4452 274 4504 ἴδιόν
302 4449 419 4502 έστί
447 4466 574 4512 τινι,
609 4447 766 4500 τοῦτο
797 4447 1094 4516 ἀλλότριον,
1131 4447 1232 4499 κᾶν
1270 4449 1345 4516 μὴ
1376 4449 1472 4518 ἔχῃ
1501 4449 1593 4500 τὸν
1622 4465 1720 4500 κυι

139 4539 413 4610 ριεύοντα.
441 4537 550 4588 Καὶ
573 4537 659 4589 διὰ
686 4536 844 4588 τοῦτο
870 4537 939 4602 οὐ,
959 4537 1147 4605 πόρρω
1175 4537 1321 4599 εδοξε
1348 4540 1446 4606 τῆς
1476 4537 1720 4607 μοιχείας

136 4634 230 4684 καὶ
280 4631 313 4698 ἡ
360 4630 610 4698 πορνεία.
651 4628 836 4680 Ταῦτά
877 4644 1041 4696 φησιν
1086 4629 1113 4678 6
1160 4626 1312 4693 ἅγιος
1359 4626 1503 4680 οὕτω
1549 4646 1720 4681 κατα-

138 4720 507 4783 σκευάζεσθαι
543 4719 693 4788 παρὰ
728 4719 836 4770 τῶν
871 4719 963 4769 καὶ
997 4717 1093 4786 τὴν
1128 4718 1384 4787 πορνείαν
1418 4722 1495 4781 εἰς
1526 4719 1586 4771 τὸ
1619 4720 1717 4788 τῆς

139 4812 388 4880 μοιχείας
414 4811 799 4876 ἀναγαγόντων
823 4810 1124 4878 ἁμάρτημα
1147 4825 1160 4839 ⁸
1190 4812 1303 4871 τοῖς
1325 4809 1379 4860 δὲ
1403 4810 1718 4862 ἀσθενεστέ-

138 4921 252 4972 ροις
280 4903 388 4954 τῶν
415 4903 838 4973 ἁμαρτανόντων
865 4901 1116 4968 γενέσθαι
1142 4902 1264 4952 τινὰ
1294 4903 1443 4972 παρὰ
1471 4901 1578 4953 τῶν
1608 4904 1716 4955 Πα-

134 4997 314 5063 τὲρων
338 4994 485 5060 λέγει
515 4992 956 5062 συμπεριφορὰν,
983 4993 1148 5061 ῆγουν
1171 4993 1484 5062 οἰκονομίας
1511 5009 1716 5060 συγκα-

133 5087 382 5140 τὰὅασιν.
429 5084 699 5153 Εἴληπται
745 5085 802 5136 δὲ
851 5085 882 5152 ἡ
927 5084 1074 5150 λέξις
1115 5086 1178 5136 ὲκ
1222 5085 1329 5135 τῶν
1371 5085 1710 5153 Παροιμιῶν.

131 5181 268 5244 Φησὶ
301 5180 410 5246 γὰρ
439 5177 467 5228 6
501 5177 757 5244 Σαλομῶν
791 5179 847 5227 ὲν
877 5178 1066 5238 αὑταῖς
1091 5194 1103 5205 ·
1146 5176 1202 5230 '0
1230 5174 1315 5243 μὴ
1349 5191 1711 5246 συμπεριφε-

125 5270 383 5337 ίόμενος
409 5267 488 5332 τῷ
513 5269 730 5322 ἑαυτοῦ
762 5269 904 5333 οἴκῳ
932 5268 1378 5336 κληρονομήσει
1407 5270 1668 5337 ἀνέμους
1693 5290 1706 5301 ν

133 5363 224 5412 κιὶ
252 5360 619 5428 διακριθῆναι,
654 5362 775 5413 ἀντὶ
802 5359 893 5411 τοῦ
927 5359 1283 5429 διαιρεθῆναι,
1317 5361 1374 5414 τὸ
1407 5362 1708 5430 ἁμάρτημα

134 5451 228 5515 τξς
257 5449 498 5515 ἀθέσμου
534 5452 726 5516 μῐξεως
750 5467 761 5478 ·
799 5451 891 5501 καὶ
924 5451 1178 5516 πορνείαν
1213 5452 1311 5520 μὲν
1342 5450 1708 5520 ὀνομασθῆναι

209 5630 222 5656 ⁸
248 5626 406 5680 Prov.
448 5642 519 5692 ιι,
558 5627 648 5682 “l9.

1827 4179 2294 4247 coituslegitiums
2322 4195 2444 4243 est;
2500 4183 2593 4236 sed
2624 4186 2667 4238 si
2701 4186 2828 4252 quid
2881 4187 2972 4241 liat
3009 4189 3151 4244 aliud
3206 4207 3407 4261 praetcr

1822 4268 2040 4330 cuui,id
2086 4269 2454 4338 estinjustum
2496 4283 2550 4327 et
2571 4273 2784 4343 legibus
2821 4281 3400 4353 contrarium,etqui-

1821 4369 2036 4421 Cunque
2063 4372 2170 4410 non
2201 4361 2368 4410 utitur
2412 4366 2652 4430 proprio,
2678 4364 2851 4417 utitur
2875 4367 3076 4422 alieno.
3109 4369 3403 4434 Quodcun-

1821 4463 1929 4516 que
1957 4464 2083 4502 vero
2110 4451 2281 4504 cuivis
2306 4467 2410 4504 nou
2447 4464 2529 4505 est
2555 4457 2857 4524 proprium.
2882 4458 3010 4512 illud
3033 4461 3268 4514 aliemnn
3294 4475 3400 4528 est,

1821 4541 2031 4593 etiamsi
2065 4541 2338 4594 dominum
2377 4558 2481 4595 non
2525 4547 2739 4600 habeat.
2780 4546 2844 4601 Et
2887 4561 3174 4618 propterea
3226 4551 3398 4607 forni-

1818 4633 1961 4683 catio
1998 4646 2099 4682 non
2138 4631 2293 4700 longe
2343 4634 2529 4687 abesse
2560 4636 2671 4689 visa
2703 4646 2785 4690 est
2829 4640 2894 4692 ab
2932 4644 3218 4696 adulterio.
3271 4642 3396 4700 Haec

1819 4722 1945 4772 dicit
1981 4719 2200 4775 saucius
2247 4724 2316 4776 ita
2371 4727 2537 4778 astrui
2591 4728 2655 4778 ab
2703 4728 2789 4792 iis,
2843 4732 2931 4798 qui
2987 4731 3404 4788 l'Oruicalioncm

1817 4813 1883 4864 ad
1912 4813 2156 4865 adulterii
2187 4826 2462 4880 peccatum
2500 4817 2759 4871 reducunt
2787 4835 2801 4871 :
2859 4820 3268 4879 imbecilliuruiu
3305 4841 3401 4877 au-

1819 4913 1920 4954 tem
1976 4913 2318 4969 peccatorum
2379 4903 2546 4959 fuisse
2591 4907 2821 4976 aliquam
2879 4907 3129 4964 Patribus
3185 4930 3396 4982 συμπε-

1819 4993 2074 5078 ριφορὰν,
2131 4993 2244 5045 sive
2297 4997 2612 5048 teconouiia:
2661 5000 3179 5055 condescensione":
3235 5007 3388 5057 dicit.

1817 5081 2058 5135 Sumitur
2089 5091 2266 5136 autem
2320 5085 2484 5137 dictio
2514 5101 2576 5137 ex
2629 5084 2956 5143 Proverbiis.
2998 5091 3131 5144 Dicit
3164 5095 3305 5144 enim
3339 5096 3390 5146 ia

1815 5177 1893 5228 cis
1943 5175 2219 5239 Salomon,
2278 5179 2304 5228 6
2359 5177 2432 5245 μὴ
2479 5180 3018 5248 συμπεριφερόμενος
3071 5181 3147 5250 τῷ
3193 5183 3402 5236 ἑαυτοῦ·

1813 5269 1966 5337 οῐκῳ,
2004 5270 2102 5322 hoc
2127 5281 2230 5329 est,
2267 5269 2371 5332 Qui
2409 5273 2589 5321 domus
2620 5287 2730 5324 sua:
2755 5287 2936 5323 curam
2969 5289 3068 5325 non
3101 5277 3252 5342 gerit,
3285 5275 3398 5329 Ιιιε-

1815 5361 2053 5411 τθιίὶιιιυὶι
2089 5372 2260 5412 remos
2287 5361 2327 5423 ';
2365 5369 2416 5413 et
2453 5371 2731 5427 peccatum
2769 5363 3026 5433 illegitimi
3059 5366 3231 5419 coitus
3271 5369 3390 5420 esse

1818 5451 2128 5502 distinctum
2181 5469 2274 5504 seu
2332 5450 2599 5515 divisum;
2638 5464 2685 5505 ct
2722 5453 3132 5507 loruicationem
3167 5456 3384 5519 quidem
