4006 6454
174 343 278 410 873
912 347 992 412 ΙΝ
1026 348 1267 410 EPIST.
1302 347 1365 409 S.
1403 346 1785 409 GREGORII
1826 346 2149 412 NYSSENI
2179 352 2277 411 AD
2312 350 2678 413 LETOIUM.
3310 349 3415 410 874
3470 389 3473 393 -

176 464 407 532 ὥρισται
430 480 443 494 ·
480 463 757 519 κάνταῦθα
792 465 847 518 δὲ
881 465 941 519 τὸ
976 466 1263 535 συκιτεμείν
1295 462 1387 517 τὸν
1421 466 1611 534 χρόνον
1644 462 1739 531 τοῦ

1850 453 2136 522 definitum
2176 466 2231 521 in
2279 466 2667 531 fornicatione,
2699 467 3024 522 sexennium
3059 466 3113 521 in
3155 465 3419 521 adulleno

176 554 485 623 ἐπιτιμίου,
517 552 551 624 ἢ
583 554 840 624 αὐξῆσαι,
866 555 963 608 τοῦ
991 556 1404 627 οίκονομοῦντος
1432 558 1499 625 τῇ
1530 554 1743 621 διακρί-

1861 572 1919 617 et
1951 560 2179 632 reliquis
2210 562 2499 617 deﬁnitum
2533 571 2640 617 est.
2677 561 2849 618 Porro
2886 560 2975 616 hic
3004 573 3217 630 quoque
3248 573 3421 630 parum

180 658 260 694 σει
287 646 416 707 τοὺς
446 645 504 697 ἐν
536 645 793 715 μετανοίᾳ
820 644 1047 699 δίδωσιν.

1861 666 2074 722 tempus
2115 656 2458 719 contrahere,
2487 654 2569 708 vel
2602 667 2822 724 augere,
2866 652 3004 723 ejus,
3032 651 3123 721 qui
3152 650 3423 719 pmoiten-

1862 746 1989 800 tiam
2038 756 2263 815 agentes
2294 746 2592 816 dispensat,
2621 744 2827 812 judicio
2856 744 3126 814 relinquit.

788 854 1029 909 ΚΑΝΩΝ
1058 854 1133 908 Ε’.

2472 860 2699 918 CANON
2740 862 2800 916 V.

252 960 511 1012 Λείπεται
536 957 670 1027 πρὸς
692 954 898 1018 τούτοις
917 955 978 1009 τὸ
992 953 1268 1026 θυμοειδὲς
1294 954 1391 1025 τῆς
1408 954 1584 1026 ψυχῆς
1610 974 1742 1029 προ-

1931 952 2116 1009 Restat
2169 955 2236 1009 ad
2280 955 2393 1010 haec
2455 965 2511 1008 ut
2570 957 2895 1011 irascentem
2954 956 3149 1009 auim:e
3209 963 3413 1024 partem

184 1049 356 1102 θεῖναι
389 1050 469 1107 είς
512 1046 770 1112 ἐξέτασιν,
816 1045 943 1098 ὅταν
967 1042 1380 1113 παρασςραλεῖσα
1406 1044 1502 1114 τῆς
1537 1044 1745 1114 ἀγαθῆς

1862 1046 2272 1101 exantinandam
2310 1062 2699 1116 proponamus,
2734 1050 2952 1118 quando
2998 1050 3145 1118 lapsa
3198 1063 3227 1102 a
3284 1049 3423 1103 bono

181 1134 278 1189 τοῦ
323 1136 495 1206 θυμοῦ
535 1138 808 1207 χρήσεως,
842 1137 920 1195 εἰς
954 1130 1221 1201 ἁμαρτίαν
1249 1131 1472 1203 ἐκπέσῃ.
1533 1134 1745 1188 Πολλῶν

1858 1138 1955 1190 im
2034 1152 2133 1193 usu
2219 1138 2274 1192 in
2362 1148 2642 1209 peccatum
2728 1140 3007 1195 ceciderit.
3101 1138 3237 1195 Cum
3326 1154 3424 1192 au-

182 1238 243 1276 τε
272 1223 442 1277 ὄντων
473 1222 612 1277 κατά
627 1223 794 1292 θυμὸν
811 1224 889 1285 είς
913 1221 1179 1291 ἁμαρτίαν
1205 1221 1629 1290 ἐνεργουμένων,
1651 1227 1744 1277 καὶ

1869 1236 1977 1281 tem
2017 1229 2188 1282 multa
2248 1228 2356 1279 sint
2406 1239 2527 1294 quae
2572 1238 2667 1293 per
2716 1225 2852 1277 iram
2915 1222 3049 1277 fiunt
3104 1230 3322 1291 peccata
3371 1231 3424 1275 et

184 1314 405 1368 πάντων
431 1314 635 1380 κακῶν,
677 1312 840 1383 ἧρεσὲ
868 1329 983 1374 πως
1023 1313 1134 1374 τοῖς
1178 1310 1452 1381 Ιίατράσιν
1481 1311 1653 1381 ἡμῶν,
1686 1316 1743 1367 ὲν

1873 1318 2051 1374 omnis
2087 1316 2299 1386 generis
2333 1316 2496 1375 mala.
2540 1314 2744 1383 placuit
2775 1314 3028 1367 omnibus
3074 1312 3276 1366 nostris
3323 1310 3425 1364 Pa-

182 1407 298 1465 τοῖς
340 1404 518 1466 ἀλλοις
554 1403 626 1474 μὴ
675 1402 795 1457 λίαν
836 1399 1324 1472 ἀκριϐολογεῖσθαι,
1372 1400 1506 1470 μηδὲ
1548 1402 1745 1473 πολλῆς

1874 1408 2048 1463 tribus
2120 1408 2173 1461 in
2235 1404 2356 1460 aliis
2426 1403 2645 1474 quidem
2697 1418 2803 1456 non
2869 1402 3092 1456 nimium
3157 1402 3425 1457 subtiliter

183 1496 336 1559 ἀξιον
368 1496 612 1567 ἡγεῖσθαι
641 1494 893 1563 σπουδῆς,
926 1492 988 1545 τὸ
1024 1491 1342 1560 θεραπεύειν
1378 1491 1557 1546 πάντα
1583 1491 1652 1546 τὰ
1682 1496 1747 1547 ὲκ

1873 1512 2053 1570 agere,
2088 1511 2189 1552 nec
2222 1495 2450 1550 nimium
2485 1495 2538 1549 in
2571 1509 2635 1549 eo
2684 1495 2849 1548 studii
2881 1506 3164 1563 operteque
3203 1506 3421 1562 ponere.

184 1586 361 1655 θυμοῦ
386 1585 801 1655 παραπτώματα
820 1599 833 1612 ⁸
872 1582 965 1635 καί
992 1581 1074 1636 τοί
1103 1599 1172 1650 γε
1190 1583 1285 1651 τῆς
1310 1582 1547 1652 Γραφῆς,
1571 1581 1633 1636 οὐ
1663 1585 1753 1653 μό-

1883 1597 1943 1644 υι
1966 1588 2145 1645 omnia
2177 1601 2296 1655 quae
2320 1602 2387 1641 ex
2421 1585 2499 1639 ira
2531 1592 2883 1639 nascerentur
2910 1583 3104 1637 delicta
3136 1589 3422 1646 curarent;

182 1689 276 1726 vov
317 1671 639 1744 τῆν’ψυχὴν
677 1669 1121 1741 ἀπαγορευούσης
1170 1669 1379 1739 πληγήν
1408 1684 1422 1699 ο
1471 1669 1604 1723 ἀλλὰ
1655 1673 1749 1725 καὶ

1876 1677 2124 1750 quamvis
2162 1674 2441 1745 Scriptura
2494 1689 2603 1729 non
2649 1674 2821 1727 solum
2875 1672 3074 1726 vulnus
3122 1671 3423 1740 prohibeat,

184 1763 370 1815 πᾶσαν
398 1762 684 1831 λοιδορίαν,
728 1758 761 1830 ἢ
795 1759 1157 1830 βλασφημίαν,
1195 1757 1289 1811 καὶ
1316 1758 1370 1811 sf
1399 1776 1452 1811 τι
1480 1759 1605 1813 ἄλλο
1637 1778 1749 1816 τοι-

1877 1769 1971 1824 sed
1999 1768 2163 1823 etiam
2188 1781 2348 1821 omne
2388 1764 2693 1819 convicium
2730 1763 2808 1815 vel
2843 1761 3210 1823 maledictum,
3269 1767 3323 1814 et
3380 1762 3426 1813 si

182 1852 344 1906 οὖτον
370 1855 398 1905 ό
432 1820 597 1921 θυμδς
632 1820 1031 1919 ἀπεργάζεταίί
1079 1820 1235 1917 μόνον
1260 1848 1316 1902 δὲ
1353 1850 1446 1903 τοῦ
1480 1850 1619 1905 κατά
1658 1853 1749 1906 τὸν

1875 1820 2489 1925 ᾖὸῖόωιωηιυωωαι
2523 1853 2596 1905 ita
2647 1849 2852 1916 elliett;
2889 1848 2982 1905 sed
3038 1820 3207 1904 solam
3264 1848 3428 1901 credis

187 1945 350 2014 φόνον
376 1945 539 2011 ἄγους
576 1943 673 2012 τὴν
702 1940 1093 2012 παραφυλακὴν
1137 1941 1475 2011 ἐποιήσαντο,
1520 1942 1609 1996 διὰ
1642 1941 1748 1995 τῶν

1876 1944 2183 1998 cautionem
2241 1944 2355 1997 suis
2410 1942 2592 2012 pmnis
2664 1940 3102 1994 introduxerunt.
3162 1936 3429 1991 Dividitur

186 2032 497 2102 ιπιτιμίων.
529 2030 786 2102 Διῄρηται
812 2026 868 2083 δὲ
896 2030 956 2082 τὸ
988 2029 1222 2084 τοιοῦτον
1248 2030 1412 2084 κακὴν
1435 2035 1500 2102 τῇ
1521 2033 1750 2104 διαφορᾷ

1875 2041 2053 2087 autem
2087 2032 2189 2085 hoe
2218 2031 2452 2097 malum,
2481 2029 2779 2085 dill'erentia
2811 2029 3129 2084 voluntariae
3180 2037 3233 2082 et
3272 2027 3426 2080 invo-

186 2123 283 2177 τοῦ
317 2122 563 2178 ἑκουσίου
603 2140 663 2175 τε
708 2122 802 2175 καὶ
840 2122 1117 2185 ἀκουσίου,
1150 2122 1207 2175 ἐν
1233 2117 1314 2184 οἷς
1362 2122 1604 2185 ἑκούσιος
1653 2124 1750 2191 μέν

1876 2125 2160 2180 luntariaz:
2217 2131 2273 2179 et
2325 2131 2411 2177 est
2465 2122 2640 2176 caedes
2673 2119 2889 2190 quidem
2927 2118 3256 2180 voluntaria,
3305 2130 3434 2184 qua:

188 2216 306 2268 ἔστι
335 2215 509 2283 φόνος.
546 2212 765 2285 Πρῶτον
790 2213 906 2283 μὲν,
947 2214 975 2266 ό
1010 2213 1073 2265 ἐκ
1105 2211 1453 2282 παρασκευῆς
1484 2212 1749 2281 τετολμη-

1876 2214 2245 2287 praemeditate
2303 2220 2559 2282 suscepta
2613 2220 2696 2265 est
2733 2210 2801 2265 ab
2858 2210 3043 2278 coqui
3107 2222 3165 2263 se
3198 2207 3265 2261 ad
3324 2206 3428 2260 hoc

192 2306 354 2375 μένος
380 2304 472 2358 τοῦ
495 2305 573 2367 είς
597 2304 726 2357 αὐτὸ
754 2303 906 2356 τοῦτο
933 2302 1409 2373 εὐτρεπισαμένου,
1437 2304 1582 2366 ὅπως
1601 2302 1665 2355 ἃν
1690 2302 1751 2355 τὸ

1874 2312 2280 2375 comparaverat
2309 2312 2369 2357 ut
2430 2305 2534 2357 hoc
2562 2302 2776 2357 facinus
2811 2308 3165 2370 perpetraret.
3227 2298 3427 2353 Deinde

189 2397 323 2463 ἄγος
343 2396 658 2465 ἐργάσηται.
681 2393 975 2447 Ἐπειταδὲ
1000 2394 1246 2456 κάκεῖνος
1278 2395 1334 2445 ὲν
1354 2396 1464 2455 τοῖς
1487 2393 1751 2457 ἑκουσίοις

1875 2396 2007 2450 illud
2036 2409 2254 2464 quoque
2285 2393 2340 2447 in
2370 2392 2690 2446 voluntariis
2719 2390 3087 2446 existimatum
3116 2397 3221 2453 est,
3251 2403 3426 2458 quan-

191 2484 473 2554 ἐνομίσθη,
495 2484 619 2536 ὅταν
637 2490 720 2545 τις
751 2485 806 2536 ὲν
826 2483 1105 2553 συμπλοκῇ
1142 2485 1232 2535 καὶ
1260 2484 1425 2553 μάχῃ,
1448 2484 1660 2536 τύπτων
1692 2501 1749 2535 τε

1875 2485 2103 2555 do‘quis
2142 2486 2198 2538 in
2257 2498 2550 2552 congressu
2612 2481 2905 2538 verberans
2969 2489 3024 2535 et
3082 2480 3423 2541 verberatus.

192 2574 290 2627 καὶ
316 2574 662 2642 τυπτόμενος,
678 2572 873 2642 ὲνέγκῃ
894 2572 1031 2624 κατά
1048 2589 1192 2634 τινος
1214 2573 1425 2641 καιρίου
1441 2573 1537 2642 τὴν
1553 2572 1640 2625 διά
1656 2573 1752 2641 τῆς

1876 2589 2037 2628 manu
2088 2573 2297 2642 plagam
2329 2569 2685 2625 mortiferam.
2720 2569 2984 2624 intulerit.
3021 2568 3123 2635 Qui
3162 2568 3306 2624 enim
3346 2568 3426 2621 ira

192 2660 376 2733 χειρὸς
405 2662 637 2732 πληγήν.
671 2662 730 2713 Ὀ
750 2661 856 2731 γὰρ
878 2660 1022 2725 ἅπαξ
1046 2660 1121 2730 τῷ
1142 2658 1296 2729 θυμῷ
1324 2661 1633 2732 κρατηθεὶς,
1661 2661 1753 2713 καὶ

1877 2661 2042 2716 semel
2069 2661 2246 2714 victus
2295 2668 2466 2721 est,et
2512 2659 2678 2713 animi
2727 2659 3046 2728 appetitioni
3092 2658 3256 2722 cedit,
3278 2656 3424 2711 nihil

194 2752 262 2820 τῇ
291 2752 433 2821 ὁρμῇ
475 2750 573 2819 τῆς
610 2751 773 2820 ὀργῆς
803 2750 1170 2822 χαριζόμενος,
1206 2750 1354 2801 οὐδὲν
1391 2748 1456 2801 ἂν
1486 2749 1635 2819 παρά
1667 2749 1753 2800 τὸν

1876 2765 2062 2805 eorum
2093 2766 2212 2817 qua:
2248 2749 2445 2805 malum
2492 2755 2714 2816 possent
2763 2757 3064 2819 amputare,
3099 2747 3148 2803 ei
3181 2750 3237 2802 in
3272 2752 3421 2801 men-

202 2836 387 2907 ιαιρὸν
417 2836 511 2889 τοῦ
534 2838 734 2901 πάθους
754 2838 861 2890 τῶν
885 2837 1147 2905 ἀνακόψαι
1177 2835 1238 2888 τδ
1262 2834 1425 2889 κακὸν
1448 2834 1756 2903 δυναμένων

1876 2842 1983 2909 tem
2012 2836 2175 2890 venit.
2210 2836 2386 2901 Quare
2410 2846 2462 2891 et
2494 2836 2605 2890 illic
2635 2852 2848 2907 quoque
2883 2842 2971 2909 qui
3025 2856 3090 2895 ex
3142 2843 3417 2892 concerta-

200 2926 296 2977 ἰπὶ
321 2923 445 2977 νοῦν
472 2922 645 2975 λάὄοι.
692 2921 847 2972 Ὥστε
878 2918 970 2973 καὶ
989 2921 1064 2971 τὰ
1077 2920 1139 2971 ἐκ
1164 2920 1258 2987 τῆς
1270 2936 1434 2988 ,συμπ
1464 2917 1598 2987 οκῆς
1628 2918 1756 2969 ἀπος

1870 2908 2022 2963 tione
2056 2910 2330 2979 profectus
2353 2918 2457 2977 est,
2499 2911 2665 2968 caedis
2688 2908 2936 2977 eventus,
2980 2916 3035 2969 in
3082 2916 3281 2969 factum
3328 2932 3416 2971 vo-

204 3010 445 3078 τίλεσμα
471 3007 564 3061 τοῦ
601 3008 780 3075 φόνου,
821 3010 899 3069 είς
924 3007 1080 3078 ἔργον
1115 3007 1500 3076 προαιρέσεως,
1539 3006 1630 3060 καὶ
1663 3007 1763 3059 οὐκ

1876 2999 2192 3059 luntarium,
2223 3013 2328 3052 non
2385 3000 2438 3053 in
2472 3014 2661 3055 casum
2695 3002 2995 3057 confertur.
3030 3003 3421 3058 Involuntaria:

206 3100 287 3162 είς
308 3098 607 3166 ἀποτυχίαν
630 3097 906 3165 ἀνάγεται.
936 3098 996 3148 Οἱ
1019 3096 1074 3148 δὲ
1097 3095 1335 3149 ἀκούσιοι
1357 3095 1563 3166 φανερὰ
1582 3094 1762 3165 ἔχουσι

1875 3095 2053 3141 autem
2088 3089 2287 3141 habent
2326 3090 2610 3144 manifesta
2664 3091 2887 3156 indicia,
2918 3093 3138 3161 quando
3166 3093 3289 3162 quis
3320 3094 3419 3146 ali-

204 3186 276 3239 τά
304 3186 689 3255 γνωρίσματαθ
729 3185 855 3237 ὅταν
899 3201 980 3246 τις
1010 3182 1143 3253 πρὸς
1174 3182 1355 3252 ἕτερόν
1383 3199 1435 3234 τι
1463 3182 1559 3251 τὴν
1597 3196 1761 3233 σπου⁴

1836 3203 1842 3259 ς
1876 3176 1961 3230 cui
1994 3177 2146 3231 alteri
2174 3178 2248 3232 rei
2278 3180 2515 3234 studium
2549 3182 2846 3250 applicans,
2877 3197 3008 3239 casu
3039 3183 3418 3253 gravissimum

206 3275 309 3346 δὴν
348 3276 519 3344 ἔχων,
558 3274 618 3338 ἐξ
649 3272 942 3342 ἀποτυχίας
972 3288 1023 3324 τι
1069 3270 1175 3322 τῶν
1214 3270 1519 3341 ἀνηκέστων
1567 3269 1757 3339 δράσῃ.

1874 3265 2091 3333 aliquod
2117 3267 2315 3321 malum
2348 3271 2661 3338 patravcrit.
2692 3269 2747 3324 In
2793 3271 2877 3326 his
2916 3287 3065 3342 ergo,
3092 3273 3266 3327 caedes
3300 3274 3422 3343 qui-

220 3364 345 3415 Ἐπὶ
383 3361 584 3415 τούτων
630 3361 806 3413 τοίνυν
850 3362 878 3412 ὁ
925 3359 1021 3427 μὲν
1066 3358 1241 3426 φόνος,
1284 3359 1361 3419 είς
1410 3355 1759 3427 τριπλασίονα

1873 3352 1995 3407 dem
2029 3354 2083 3407 in
2114 3356 2309 3425 triplex
2341 3364 2553 3426 tempus
2581 3360 2890 3414 extenditur
2937 3361 3004 3416 iis
3053 3362 3144 3430 qui
3176 3376 3271 3430 per
3299 3376 3422 3417 con-

209 3452 398 3522 χρόνον
436 3449 830 3520 παρατείνεται,
865 3450 975 3509 τοῖς
1007 3446 1071 3499 δι’
1103 3448 1431 3515 ἐπιστροφῆς
1464 3445 1760 3514 θεραπευο-

1874 3442 2179 3497 versionem
2216 3447 2522 3500 voluntario
2558 3446 2789 3501 facinori
2832 3448 3133 3503 remedium
3168 3449 3416 3503 afferunt.

212 3540 397 3611 μένοις
422 3540 479 3591 τὸ
510 3538 749 3591 ἑκούσιον
773 3538 922 3603 ἄγος.
967 3535 1255 3602 Τρισεννέα
1287 3535 1394 3601 γάρ
1422 3536 1553 3585 εἰσιν
1585 3534 1752 3585 ἐνιαυ-

1876 3529 1981 3583 Ter
2011 3547 2200 3587 novem
2232 3534 2393 3588 etiam
2427 3544 2553 3589 sunt
2608 3537 2759 3601 anni,
2822 3537 3117 3592 novenario
3154 3553 3419 3592 annorum

207 3631 313 3693 τοὶ,
347 3628 468 3681 καθ’
496 3628 721 3680 ἑκαστον
768 3624 966 3694 βαθμὸν
995 3624 1091 3691 τῆς
1117 3623 1327 3684 ὲννάδος
1354 3622 1459 3673 τῶν
1491 3620 1622 3672 ὲτῶν
1652 3623 1764 3689 ὁρι-

1876 3630 2101 3671 numero
2133 3619 2187 3673 in
2219 3634 2543 3691 unoquoque
2576 3624 2744 3693 gradu
2778 3624 3059 3695 praefinito,
3108 3636 3167 3680 ut
3208 3628 3260 3681 in
3297 3644 3419 3697 per-

212 3719 452 3787 σθείσης,
479 3716 616 3769 ὥστε
646 3718 701 3768 ὲν
734 3716 828 3783 μὲν
857 3714 932 3783 τῷ
961 3712 1207 3765 παντελεῖ
1223 3711 1760 3782 ἀφορισμῷ,ὲνναετῆ

1879 3704 2014 3759 fecta
2076 3708 2295 3775 quidem
2336 3716 2701 3781 segregatione
2742 3729 2934 3769 novem
2986 3732 3249 3771 annorum
3288 3727 3422 3772 tem-

209 3809 403 3878 χρόνον
448 3804 782 3873 διαγενέσθαι
827 3801 1217 3871 ἀπειργόμενον
1257 3800 1353 3868 τῆς
1413 3799 1759 3869 Ἐκκλησίας·

1878 3811 2007 3863 pore
2038 3808 2280 3853 versetur
2315 3801 2383 3855 ab
2420 3801 2654 3857 Ecclesia
2683 3805 3028 3873 prohibitus;
3078 3808 3215 3863 alios
3242 3817 3418 3863 autem

210 3900 347 3954 ἄλλα
387 3898 443 3950 δὲ
492 3895 724 3950 τοσαῦτα
767 3893 859 3963 ἔτη
907 3895 963 3944 ὲν
994 3894 1059 3961 τῇ
1106 3891 1361 3961 ἀκροάσει
1413 3892 1759 3961 παραμεῖναι,

1878 3894 1958 3940 tot
1988 3902 2158 3944 annos
2192 3890 2243 3943 in
2289 3891 2564 3947 auditione
2612 3904 2942 3963 permaneat,
2985 3897 3100 3951 sola
3138 3898 3417 3952 doctorum

213 3990 383 4058 μόνης
402 3986 508 4039 τῶν
535 3983 860 4038 διδασκάλων
891 3982 984 4035 καὶ
1022 3982 1117 4051 τῆς
1149 3982 1256 4034 τῶν
1296 3980 1526 4051 Γμφῶν
1563 3978 1765 4049 ἀκροά-

1877 3985 1931 4030 et
1979 3977 2378 4047 Scripturarum
2430 3983 2701 4038 auditione
2739 3992 2790 4040 et
2824 3988 3236 4041 conversatione
3295 4003 3418 4041 eum

212 4095 373 4142 σεως,
430 4076 523 4127 καὶ
555 4073 691 4145 μετὰ
724 4075 822 4141 τῆς
852 4069 945 4124 τοῦ
994 4070 1123 4124 λαοῦ
1154 4070 1455 4131 συστάσεως
1515 4067 1764 4136 ἀξιούμε-

1878 4068 2074 4136 populo
2101 4069 2296 4139 dignus
2333 4072 2569 4137 habitus,
2594 4074 2649 4128 in
2685 4075 2845 4129 tertio
2900 4084 3076 4131 autem
3128 4078 3423 4131 novenario

211 4186 334 4230 νον,
384 4166 442 4218 ὲν
472 4165 528 4217 δὲ
568 4163 725 4235 τρίτῃ
769 4162 980 4226 ὲννάδι,
1043 4158 1177 4230 μετά
1214 4159 1319 4212 τῶν
1361 4156 1766 4222 ὑποπιπτόντων

1876 4171 1999 4210 cum
2023 4159 2312 4215 substratis
2341 4163 2394 4216 in
2428 4165 2785 4219 conversione
2824 4179 3007 4229 orans,
3047 4175 3105 4219 ut
3146 4167 3418 4235 perveniat

216 4258 275 4312 ἒν
333 4258 398 4324 τῇ
472 4256 765 4323 ἐπιστροφῇ
838 4247 1264 4321 προσευχόμενον
1288 4288 1303 4312 ,
1358 4248 1526 4310 οὕτως
1595 4247 1766 4300 ὲλθείν

1879 4247 1943 4300 ad
1976 4251 2411 4304 communionem
2443 4254 2766 4308 sacramenti
2791 4255 2996 4309 scilicet
3022 4266 3037 4320 ξ
3067 4256 3197 4309 etin
3232 4257 3419 4317 eodem

217 4348 312 4400 ἐπὶ
365 4345 465 4415 τὴν
528 4340 810 4413 μετουσίαν
852 4341 943 4394 τοῦ
996 4342 1330 4409 ἀγιάσματος
1358 4356 1373 4371 ·
1435 4336 1631 4409 δηλαδὴ
1675 4338 1770 4391 καὶ

1877 4338 2061 4391 eadem
2094 4340 2195 4393 erit
2233 4340 2536 4397 observatio
2574 4344 2642 4397 ab
2680 4359 2744 4399 eo
2770 4346 2862 4413 qui
2906 4344 3200 4400 Ecclesium
3251 4348 3421 4401 admi-

220 4436 314 4487 ἐπὶ
351 4432 445 4486 τοῦ
481 4427 737 4492 τοιούτου,
780 4429 812 4498 ἡ
851 4427 985 4496 αὐτὴ
1033 4427 1400 4496 προστήρησις
1432 4426 1577 4477 ἔσται
1620 4424 1770 4494 παρὰ

1880 4426 2093 4489 nistrat,
2127 4436 2179 4482 et
2210 4444 2305 4497 pro
2334 4431 2542 4485 ratione
2569 4432 2938 4488 conversionis
2966 4435 3039 4487 illi
3068 4450 3283 4504 quoque
3310 4449 3424 4504 pm-

217 4524 316 4580 τοῦ
349 4523 748 4594 οίκονομοῦντος
789 4520 884 4590 τὴν
928 4520 1269 4588 Ἐκκλησίαν,
1311 4519 1403 4569 καὶ
1457 4516 1589 4585 πρὸς
1617 4515 1770 4581 λόγον

1839 4575 1853 4594 ι
1878 4530 1961 4568 me
1991 4518 2238 4571 extensio
2269 4520 2627 4585 rescindetur,
2662 4529 2719 4575 ut
2766 4537 2865 4592 pro
2917 4538 3106 4577 novem
3160 4524 3317 4578 annis
3370 4524 3421 4577 in

219 4571 317 4685 ξιξ
346 4571 1155 4683 μηθῆσεται
1186 4571 1330 4676 αὐτῷ
1356 4608 1446 4660 καὶ
1531 4571 1621 4658 τοῦ
1656 4571 1771 4656 ἑπι-

1844 4578 1853 4620 ’
1880 4621 2205 4676 unoquoque
2224 4571 3426 4684 ετᾴιίυξνεῖεξὲίοξ⁷νυῖζορξιέιῖἶει-ᾇῦέιῖειιζξ

220 4707 400 4777 τιμίου
439 4705 760 4774 παράτασις,
794 4701 932 4755 ὥστε
956 4703 1074 4754 ἀντὶ
1097 4701 1250 4753 ἐννέα
1275 4700 1428 4760 ἐτῶν,
1456 4699 1538 4765 ἐφ’
1564 4696 1773 4765 ἑκάστῳ

1881 4697 2055 4751 solum
2089 4698 2215 4751 anni
2241 4699 2391 4765 fiant,
2423 4702 2465 4755 si
2504 4704 2836 4770 poenitentia:
2865 4705 3178 4773 magnitudo
3214 4715 3424 4775 tempus

225 4798 417 4869 βαθμῷ
448 4794 589 4849 ὀκτὼ
623 4795 655 4863 ἢ
688 4793 824 4847 ἐπτά
858 4794 890 4863 ἢ
927 4792 1003 4858 ἓξ,
1055 4792 1087 4861 ἢ
1124 4792 1213 4843 καὶ
1259 4789 1415 4843 πέντε
1464 4789 1595 4858 μόνα
1626 4786 1774 4853 γενέ-

1881 4786 2083 4849 vincat,
2123 4799 2176 4842 et
2209 4799 2425 4858 superet
2471 4791 2829 4848 correctionis
2864 4794 3045 4848 studio
3104 4811 3197 4851 eos
3246 4797 3336 4863 qui
3370 4794 3422 4849 in

226 4891 378 4943 σθαι·
416 4890 570 4958 εἴπερ
612 4886 672 4937 τὸ
700 4883 923 4954 μέγεθος
970 4882 1070 4950 τῆς
1112 4881 1441 4950 ἐπιστροφῆς
1480 4877 1649 4947 νικοίη
1686 4876 1775 4929 τὸν

1882 4878 2042 4947 longo
2069 4888 2309 4948 tempore
2349 4884 2649 4949 praestituto
2698 4893 2976 4952 susceptas
3008 4902 3036 4939 a
3075 4900 3133 4939 se
3188 4886 3424 4939 maculas

224 4978 429 5047 χρόνον,
461 4974 554 5027 καὶ
572 4971 956 5042 ὑπερόἀλλοιτο
981 4972 1044 5040 τῇ
1086 4969 1281 5039 σπουδῇ
1304 4968 1399 5037 τῆς
1439 4960 1773 5030 διορθώσεως

1882 4967 2120 5035 segniter
2144 4970 2349 5024 eluunt.
2384 4970 2805 5026 lnvoluntarium
2833 4987 3006 5027 autem
3029 4975 3185 5027 venia
3210 4974 3424 5043 quidem

222 5065 345 5126 τοὺς
375 5063 431 5113 ὲν
470 5063 535 5130 τῇ
573 5060 754 5129 μακρᾷ
785 5057 1087 5129 προθεσμίᾳ
1116 5053 1478 5128 ρᾳθυμότερόν
1509 5069 1623 5114 πως
1654 5053 1776 5104 ἑαυ-

1881 5054 2123 5125 dignum,
2154 5058 2243 5110 sed
2278 5073 2382 5110 non
2415 5059 2683 5114 laudabile
2706 5060 3010 5129 judicatqu
3042 5075 3145 5116 est.
3181 5061 3294 5116 lloe
3336 5077 3426 5115 au-

225 5159 347 5212 τοὺς
376 5150 482 5202 ἀπὸ
517 5148 613 5215 τῆς
658 5147 867 5214 κηλῖδος
898 5146 1266 5214 καθαίροντας.
1325 5142 1397 5194 Τὸ
1423 5141 1477 5192 δὲ
1500 5140 1773 5202 ἀκούσιον,

1884 5151 1989 5196 tem
2020 5144 2153 5207 dixi,
2189 5155 2247 5199 ut
2277 5147 2344 5199 sit
2374 5158 2637 5216 apertum,
2667 5150 2809 5217 quod
2840 5151 3000 5204 etiam
3035 5151 3083 5205 si
3123 5153 3243 5219 quis
3277 5152 3426 5205 invo-

229 5238 561 5309 συγγνωστὸν
592 5236 704 5307 μὲν,
738 5236 796 5288 οὒ
831 5236 934 5305 μὴν
967 5233 1243 5296 ἐπαινετὸν
1275 5230 1485 5299 ἐκρίθη.
1524 5226 1688 5282 Τοῦτο
1721 5229 1777 5280 δὲ

1883 5232 2118 5287 luntarie
2156 5234 2315 5289 fuerit
2350 5237 2403 5290 in
2434 5238 2637 5291 scelere
2669 5238 2943 5292 homicidii
2972 5257 2986 5292 :
3022 5254 3144 5292 eum
3174 5249 3424 5311 tanquam

227 5329 403 5393 εἷπον,
456 5328 594 5381 ὥστε
642 5327 795 5395 δῆλον
826 5323 1107 5391 γενέσθαι,
1164 5323 1243 5374 ὃτι
1275 5320 1373 5373 κᾶν
1408 5318 1670 5381 ἀκουσίως
1696 5336 1775 5381 τις

1880 5321 1989 5389 jam
2025 5322 2333 5391 profanum,
2369 5326 2640 5395 piaculum
2682 5328 2973 5392 redditum,
3038 5343 3067 5381 a
3101 5330 3422 5394 sacerdotali

226 5416 443 5483 γένηται
482 5413 537 5464 ὲν
573 5411 649 5481 τῷ
676 5410 768 5462 τοῦ
803 5410 959 5478 φόνου
1007 5409 1291 5477 μιάσμασι,
1332 5407 1527 5477 ὠςνῆδη
1560 5406 1778 5475 βέϐηλον

1883 5414 2052 5479 gratia
2103 5414 2427 5483 ejiciendum
2478 5418 2845 5485 pronuntiavit
2896 5433 3091 5471 canon.
3154 5418 3423 5483 Quantum

230 5506 383 5558 αὑτὸν
408 5502 514 5555 ἀπὸ
542 5502 633 5553 τοῦ
664 5502 827 5569 ἄγους
860 5500 1161 5567 γενόμενον,
1184 5498 1483 5566 ἀπόϐλητον
1507 5495 1779 5567 ἱερατικῆς

1883 5510 2061 5555 autem
2090 5512 2170 5557 est
2191 5504 2514 5573 expiationis
2545 5514 2756 5577 tempus
2787 5510 2854 5561 ob
2900 5508 3199 5577 simplicem
3252 5508 3419 5563 forni-

230 5596 443 5663 χάριτος
481 5594 509 5645 ὁ
548 5591 720 5642 κανὼν
768 5589 1079 5657 ἀπεφήνατο
1105 5603 1118 5616 ’
1170 5586 1291 5648 ὅσος
1330 5586 1383 5637 δέ
1414 5588 1557 5638 ἐστιν
1596 5585 1687 5637 ἐπὶ
1713 5587 1779 5653 τῇ

1882 5591 2173 5657 sationem,
2207 5603 2415 5649 tantum
2446 5598 2604 5651 etiam
2640 5605 2787 5651 recte
2834 5598 3028 5653 habere
3058 5599 3422 5653 existimatum

218 5688 349 5751 υιὶιὶὴ
383 5682 601 5747 πορνείᾳ.
640 5679 731 5732 τοῦ
756 5677 1054 5761 καθαρσίου
1094 5678 1121 5727 ὁ
1156 5678 1361 5746 χρόνος,
1407 5676 1653 5737 τοσοῦτος
1691 5674 1781 5728 καὶ

1882 5689 1966 5738 εει
2002 5681 2053 5735 itt
2092 5684 2158 5738 iis
2185 5686 2273 5754 qui
2309 5686 2507 5741 eadem
2544 5689 2956 5743 involuntariatn
2995 5688 3290 5748 fecissent;
3326 5690 3428 5741 sci-

541 5776 786 5836 PA'mttL
852 5778 939 5836 Gn
1021 5777 1386 5842 CXXXVIII.
3013 5777 3086 5840 ‘28
