4006 6442
136 352 243 413 88f

879 359 966 419 IN‘
991 361 1234 422 EPIST.
1270 364 1330 422 S.
1364 363 1745 425 GREGORII
1782 367 2100 427 NYSSENI
2139 368 2238 428 AD
2276 368 2640 430 LETOIUM'.

3264 360 3370 423 882

141 469 314 531 ὅντως
371 467 624 539 όρεκτοῦ,
669 472 787 541 ἦτοι
833 472 929 538 τῆς
994 473 1145 539 θείας
1204 474 1418 542 φύσεως
1462 477 1555 530 καὶ
1600 478 1708 531 τῶν

1830 481 1983 534 :nltas
2010 482 2077 534 ab
2104 494 2166 534 eo
2191 479 2333 549 quod
2381 489 2465 534 ost
2520 494 2644 533 vere
2701 478 3079 546 expetendum,
3115 492 3142 528 a
3189 476 3386 533 divina.

134 559 432 628 οὐρανίων,
464 562 575 614 τῶν
617 563 820 630 γηΐνων
868 566 962 616 καὶ
1017 566 1247 636 ῥεόντων
1276 567 1550 635 ὀρέγεται.
1601 569 1709 621 Καὶ

134 649 199 702 τδ
231 650 469 717 θυμικὸν
498 652 556 706 δὲ
599 653 800 716 πολλὰς
829 654 1085 724 ἀφορμὰς
1119 657 1200 719 είς
1255 656 1316 709 τὸ
1373 657 1711 711 ἀνάπτεσθαι

137 741 282 809 πρὸς
307 741 646 810 φιλονεικίαν
683 743 970 813 λαμϐάνει.
1004 747 1105 799 Διὰ
1146 747 1257 819 γὰρ
1288 749 1387 817 τὴν
1416 749 1522 802 τῶν
1574 768 1712 820 χρη-

142 829 334 896 μάτων
353 829 650 899 ἐπιθυμίαν
679 830 856 901 ἔριδές
882 849 940 885 τε
972 835 1067 887 καὶ
1095 835 1290 904 ἔχθραι
1331 836 1427 889 καὶ
1461 837 1709 906 πόλεμοι,

137 917 236 979 καὶ
265 915 413 969 κατὰ
451 917 544 969 τὶν
568 917 711 970 θεῖον
754 917 1099 985 Ἀπόστολον,
1140 921 1300 982 Ῥίζα
1332 923 1572 976 πάντων
1595 924 1713 976 τῶν

135 1007 346 1062 κακῶν
393 1008 564 1064 ἐστιν
625 1011 661 1078 ἡ
713 1014 1098 1081 φιλαργυρία.
1170 1014 1330 1068 Ἀλλὰ
1378 1017 1478 1069 καὶ
1541 1016 1712 1082 οὕτως

137 1104 289 1172 ἔχον,
340 1101 498 1171 φησὶ,
556 1103 616 1156 τὸ
661 1103 901 1156 τοιοῦτον
961 1105 1153 1170 πόθος,
1209 1106 1543 1176 παρεωράθη
1604 1110 1714 1170 τοῖς

138 1193 427 1263 Πατράσιν
495 1193 932 1264 ἀνεπισκόπηυόν
997 1212 1054 1249 τε
1135 1198 1230 1250 καὶ
1317 1197 1710 1268 ἀθεράπευτον.

138 1283 309 1335 Ὅθεν
335 1283 435 1336 καὶ
466 1282 752 1348 πλεονάζει
783 1285 925 1338 κατὰ
949 1286 1050 1357 τὴν
1094 1285 1447 1358 Ἐκκλησίαν,
1504 1287 1713 1340 πολλῶν

135 1373 305 1426 τοῦτο
343 1372 675 1439 νοσούντων,
721 1375 818 1430 καὶ
872 1377 1001 1441 τοὺς
1057 1379 1567 1449 καταταττομένους
1633 1381 1714 1442 είς

137 1465 368 1534 κλῆρον,
398 1467 520 1535 ἦτοι
550 1467 1090 1537 χειροτονουμένους,
1137 1469 1311 1533 οὐδεὶς
1347 1471 1564 1542 ἐρευνᾷ,
1635 1473 1709 1540 μή

139 1571 274 1609 ποτε
345 1555 637 1625 μεμίανται
691 1559 758 1629 τῇ
807 1558 1034 1630 τοιαύτῃ
1074 1561 1507 1633 εἰδωλολατρείᾳ.
1578 1563 1710 1618 Ἀλλ’

139 1646 268 1697 ἐπεὶ
317 1645 479 1699 τοῦτο
510 1648 620 1711 τοῖς
648 1649 898 1719 Πατράσι
951 1651 1211 1721 παρείθη,
1242 1653 1365 1706 ἀντὶ
1394 1653 1486 1706 τοῦ
1543 1671 1714 1707 κατα-

140 1737 343 1806 λείφθη
370 1737 761 1809 ἁνεπιτίμητόν
791 1758 852 1795 τε
877 1742 974 1796 καὶ
1002 1745 1322 1809 ἀκόλαστον,
1346 1746 1716 1814 θεραπευτέον

141 1829 278 1881 αὐτὸ
318 1829 409 1881 διὰ
461 1831 564 1899 τῆς
619 1831 885 1902 δημοσίας
943 1835 1312 1902 διδασκαλίας,
1359 1837 1435 1900 ὡς
1468 1839 1715 1902 δυνατὸν,

141 1923 315 1989 ἤγουν
369 1921 608 1993 δημοσίᾳ
664 1923 1010 1989 διδάσκοντες
1051 1928 1145 1981 τὸν
1201 1928 1326 1982 λαὸν
1365 1929 1719 1999 ποιησώμεθα

144 2010 346 2064 τούτου
389 2012 768 2082 καταδρομὴν,
800 2013 992 2084 ὥσπερ
1046 2016 1171 2069 τινὰ
1206 2017 1354 2088 πάθη
1394 2017 1719 2088 πληθωρικόι

143 2104 246 2166 τὰς
290 2105 686 2169 πλεονεκτικὰς
740 2108 1055 2178 ἀρῥωστίας
1078 2109 1165 2164 διὰ
1190 2110 1284 2164 τοῦ
1332 2110 1494 2179 λόγου
1527 2111 1720 2165 καθαι-

143 2196 392 2262 ροῦντες.
429 2199 614 2252 Εἰπὼν
644 2201 700 2253 δὲ
732 2202 944 2270 όᾶγιος
1001 2206 1062 2256 τὸ
1091 2205 1186 2274 τῆς
1217 2205 1582 2276 φιλαργυρίας
1613 2208 1719 2260 πάυ

143 2289 240 2349 θος
269 2288 369 2351 τὰς
400 2288 643 2358 ψυχικὰς
659 2283 926 2361 δυνάμεις
951 2294 1310 2365 διαφθείρειν,
1343 2298 1436 2351 καὶ
1465 2298 1724 2368 πολυειδῆ

145 2378 415 2450 ὲξ-αὐτῆς
444 2381 592 2452 πάθη
644 2383 898 2451 φύεσθαι,
935 2384 1305 2455 πληθωρικοτς
1337 2387 1535 2441 πάθεσι
1552 2387 1726 2442 ταῦτα.

147 2474 454 2538 ἀπείκασε,
517 2477 628 2528 τῶν
671 2478 772 2545 τῆς
831 2479 1082 2549 ἰατρικῆς
1145 2480 1320 2547 λόγων
1374 2481 1727 2552 μετεσχηκὼς

149 2565 552 2634 ἀκριϐέστατα,
590 2568 666 2630 ὡς
707 2568 822 2621 ἔστι
863 2571 1068 2638 γνῶναι
1111 2573 1175 2624 ὲκ
1234 2573 1341 2625 τιῖν
1375 2572 1537 2626 αὐτοῦ
1598 2589 1730 2641 συγ-

145 2655 525 2722 γραμμάτων.
609 2657 881 2728 Πληθὼρα
945 2659 1271 2729 ὀνομάζεται
1330 2663 1444 2722 τοῖς
1503 2662 1726 2730 ἰατροῖς,

151 2746 287 2797 ὅταν
312 2746 362 2798 οἱ
394 2747 661 2817 τέσσαρες
689 2751 875 2817 χυμοὶ,
909 2749 970 2815 ἐξ
998 2747 1073 2803 ὧν
1094 2752 1162 2805 τὰ
1196 2751 1420 2820 σώματα
1446 2753 1731 2806 συνίσταν-

149 2854 266 2899 ται,
296 2837 580 2907 αὐξηθῶσι
623 2842 715 2894 καὶ
757 2842 1139 2897 πλεονὰσωσιν
1173 2844 1449 2913 ἀναλόγως
1474 2845 1550 2915 τῷ
1581 2845 1732 2916 ὄγκῳ

118 2928 390 2980 κὲκάστου
442 2929 552 2980 τῶν
591 2931 783 2999 χυμῶν
822 2933 1122 3003 γενομένῳ,
1159 2935 1300 2989 κατὰ
1355 2936 1552 2989 ταύτὸν
1591 2954 1731 3006 συμ-

150 3014 414 3068 ϐαίνοντα
483 3018 631 3087 πάθη
702 3019 1026 3089 πληθωρικὰ
1083 3022 1373 3078 καλοῦνται
1425 3029 1729 3094 νοσήματα.

1814 571 2021 625 scilicet
2061 580 2250 624 natura
2295 580 2348 623 et
2374 571 2704 635 omlcstibus,
2745 571 3026 631 excidcns,
3079 579 3289 623 terrena
3321 577 3375 622 et

1813 661 2030 715 ﬂuentia
2061 662 2282 729 appetit.
2317 661 2559 715 lrascens
2591 674 2808 729 quoque
2837 659 3068 713 facultas
3093 659 3289 712 multas
3318 666 3376 710 ut

1815 753 1880 806 ad
1929 754 2333 807 contentionem
2397 752 2729 805 accendatur
2785 751 3100 805 occasiones
3157 749 3374 816 accipit.

1816 847 2041 915 Propter
2062 820 2415 914 ‘pecuniarum
2451 844 2594 896 enim
2641 842 2990 911 cupiditatem
3035 842 3156 896 lites
3194 851 3250 896 et
3277 841 3380 895 ini-

1816 937 2031 990 micitiae
2065 946 2119 989 et
2164 935 2325 996 bella,
2379 945 2453 995 et,
2495 945 2554 988 ut
2605 915 2754 990 dicit.
2789 935 3007 989 divinus
3066 933 3382 1002 Apostolus,

1818 1027 1994 1082 Radix
2023 1028 2256 1081 omnium
2289 1026 2548 1080 malorum
2578 1035 2654 1080 est
2682 1029 2914 1081 avaritia
2949 1028 2994 1078 ί.
3054 1026 3160 1081 Sed
3190 1040 3383 1095 quam-

1815 1121 1896 1174 vis
1939 1120 2010 1174 ita
2049 1135 2108 1173 se
2139 1120 2353 1178 habent,
2409 1117 2605 1185 inquit,
2663 1118 2776 1171 lucc
2819 1117 3060 1182 affectio,
3122 1128 3301 1172 tamen
3355 1133 3384 1171 a

1816 1211 2064 1266 Patribus
2107 1211 2291 1265 relicta
2338 1218 2422 1263 est
2477 1210 2902 1272 inconsiderata,
2964 1211 3218 1280 nullaque
3269 1209 3389 1280 ejus

1816 1325 1946 1366 Cura
1974 1321 2220 1378 suscepta
2261 1318 2360 1364 est.
2391 1308 2541 1363 Unde
2566 1308 2730 1362 etiam
2763 1305 2998 1361 abundat
3025 1305 3077 1357 in
3111 1301 3387 1364 Ecclesia;

1818 1417 1942 1457 cum
1975 1403 2126 1455 multi
2154 1417 2215 1456 ea
2243 1401 2510 1460 laborent,
2537 1409 2592 1454 et
2625 1399 2693 1452 de
2735 1398 2816 1452 iis.
2850 1397 2942 1464 qui
2977 1396 3027 1447 in
3062 1393 3268 1448 clerum
3299 1405 3388 1442 re-

1819 1495 2084 1559 feruntur,
2123 1509 2214 1548 seu
2245 1493 2568 1547 ordinantur
2597 1506 2754 1545 nemo
2815 1487 3064 1558 inquirit,
3119 1483 3384 1551 numquid

1825 1585 1924 1640 hac
1957 1584 2254 1639 idololatria
2287 1583 2471 1651 polluti
2501 1592 2650 1637 sunt.
2704 1582 2810 1635 Sed
2844 1581 2968 1649 quia
3014 1579 3116 1637 hoc
3147 1592 3173 1630 a
3213 1577 3387 1632 Patri.

1818 1677 1917 1732 bus
1949 1676 2396 1745 prmtcrmissum,
2427 1674 2477 1727 id
2522 1684 2629 1736 est,
2687 1671 3013 1738 impunitum
3060 1679 3113 1723 et
3173 1667 3396 1724 minime

1750 1805 1793 1859 Β
1821 1769 2136 1836 casﬁgatum
2161 1767 2405 1819 relictum
2435 1776 2541 1828 est,
2570 1751 2870 1820 remedium
2915 1763 2962 1818 ei
3000 1761 3198 1817 afferre
3234 1775 3397 1830 opor-

1821 1869 1916 1923 tet,
1945 1868 2209 1928 quantum
2256 1857 2370 1911 fieri
2399 1865 2594 1927 potest,
2642 1872 2737 1923 per
2761 1855 3028 1924 publicam
3071 1852 3397 1915 doctrinam,

1823 1953 1923 2005 boc
1973 1957 2076 2016 cst,
2132 1949 2344 2019 publice
2405 1948 2658 2018 populum
2694 1949 2951 2002 docentes
3001 1958 3061 1999 ut
3098 1945 3150 1998 id
3210 1958 3399 2012 persev

1823 2055 2079 2108 quamur,
2135 2039 2379 2094 avaritia!
2425 2039 2817 2109 aegritudines,
2878 2049 3132 2107 tanquam
3183 2036 3400 2091 morbos

1824 2132 2037 2200 aliquos
2074 2146 2140 2185 ex
2191 2131 2356 2184 nimia
2411 2129 2706 2198 repletione
2753 2137 2922 2194 ortos,
2970 2144 3064 2197 pcr
3100 2127 3397 2186 orationem

1826 2229 2146 2291 purgantes.
2182 2220 2314 2274 Cum
2368 2228 2548 2273 autem
2600 2219 2827 2272 dixisset
2873 2225 3118 2279 sanctus,
3156 2211 3402 2267 avaritia)

1827 2312 2164 2368 all‘ectionem
2196 2313 2388 2366 animae
2415 2310 2702 2364 facultates
2723 2321 3092 2374 corrumpere,
3122 2316 3178 2360 et
3219 2305 3404 2365 multi-

1831 2405 2002 2474 plices
2037 2418 2102 2459 ex
2135 2419 2198 2458 ea
2231 2402 2542 2457 aﬂectioues
2576 2401 2730 2465 oriri,
2766 2414 2885 2452 eam
2919 2395 3232 2467 pletboricis
3270 2394 3402 2448 affe-

1829 2495 2098 2550 ctionibus
2143 2493 2485 2554 assimilavit,
2523 2507 2643 2559 qua:
2676 2507 2704 2543 a
2739 2488 2965 2543 medicis
2998 2488 3248 2543 dicuntur
3269 2501 3402 2540 exa-

1831 2587 2073 2642 ctissime
2093 2595 2301 2648 tenens,
2335 2592 2470 2636 utex
2496 2583 2613 2651 ejus
2635 2581 2855 2650 scriptis
2890 2581 3015 2634 licet
3043 2589 3396 2649 cognoscere.

1831 2679 2085 2734 Plethora
2129 2677 2270 2732 enim
2304 2677 2508 2745 (idest
2559 2674 2804 2743 repletio)
2844 2689 2870 2725 a
2907 2672 3129 2727 medicis
3181 2671 3402 2733 dicitur,

1835 2773 2048 2840 quando
2073 2779 2307 2838 quatuor
2355 2769 2637 2828 humores,
2672 2781 2736 2820 ex
2764 2765 2960 2834 quibus
2991 2771 3244 2820 constant
3279 2776 3405 2816 cor-

1837 2876 1994 2932 pora,
2033 2860 2177 2915 aucti
2219 2869 2272 2913 et
2303 2858 2666 2911 redundantes
2705 2855 2880 2910 effecti
2929 2864 3054 2908 sunt
3083 2868 3180 2924 pro
3212 2852 3402 2906 unius-

1837 2953 2097 3020 cujusque
2137 2948 2379 3003 humoris
2420 2949 2784 3016 proportione,
2822 2954 2876 2998 et
2923 2945 3239 3000 affectiones
3287 2957 3406 3011 qum

1840 3044 1971 3098 fiunt
2001 3058 2063 3096 ex
2095 3038 2428 3109 plenitudine
2459 3040 2740 3092 humorum
2769 3037 2926 3092 simul
2961 3045 3267 3092 coactorum
3293 3035 3406 3103 ple-

149 3105 322 3158 ’Ὥστε
373 3107 606 3172 εἰκότως
645 3111 926 3164 κάνταῦθα
956 3114 984 3166 ὁ
1019 3113 1180 3181 σοφὸς
1210 3109 1364 3177 οὗτος
1425 3114 1616 3184 Πατὴρ
1664 3115 1727 3168 τὰ

1840 3132 2031 3188 tliorici
2064 3130 2234 3184 morbi
2267 3129 2543 3184 dicuntur.
2579 3128 2766 3182 Merito
2795 3141 2924 3198 ergo
2949 3127 3035 3180 hic
3065 3126 3277 3194 sapiens
3307 3123 3403 3177 Pa-

148 3197 214 3289 ὲκ
265 3196 369 3265 τῆς
431 3198 746 3265 πλεονεξίας
801 3203 1150 3274 ἀναφυόμενα
1209 3205 1356 3274 πάθη
1409 3206 1727 3277 πληθωρικά

1841 3235 1920 3279 ter
1943 3223 2278 3287 affectiones,
2317 3235 2440 3289 qua:
2469 3234 2535 3274 ex
2573 3218 2799 3272 avaritia
2833 3217 3107 3281 oriuntur,
3138 3213 3403 3282 pletbori-

152 3281 346 3352 εἶπεν,
384 3289 460 3351 ὡς
488 3291 673 3354 πάσας
718 3291 818 3354 τὰς
847 3294 1085 3362 ψυχικὰς
1119 3297 1278 3365 ἡμῶν
1323 3297 1579 3365 δυνάμεις
1636 3316 1732 3350 πει

154 3381 556 3448 ριτρεπούσης,
637 3385 729 3435 καὶ
774 3383 1116 3456 αὐξανούσης
1166 3387 1370 3449 ταύτας
1423 3388 1733 3451 ὲπιὸλαὸῶς

147 3475 217 3540 τῇ
251 3473 425 3541 ψυγῇ.
486 3473 599 3537 Τὰς
661 3475 761 3543 μὲν
795 3476 890 3529 οὖν
945 3477 1130 3541 ἄλλας,
1175 3481 1331 3548 φησὶ,
1392 3480 1578 3542 νόσους
1634 3481 1733 3550 τῆς

152 3565 479 3643 πλεονεξίας
508 3565 586 3636 τῷ
617 3568 717 3636 τῆς
744 3569 1094 3633 διδασκαλίας
1127 3571 1542 3641 θεραπεύσομεν
1567 3573 1731 3643 λόγῳο

150 3654 254 3722 τὴν
277 3654 342 3706 δὲ
372 3655 588 3725 κλοπὴν.
644 3658 740 3710 καὶ
787 3661 888 3730 τὴν
939 3662 1263 3730 ἱεροσυλίαν,
1301 3663 1436 3716 ἀλλᾶ
1476 3663 1581 3734 μὴν
1643 3666 1736 3718 καὶ

147 3749 252 3815 τὴν
287 3748 707 3819 τυμϐωρυχίαν,
753 3754 1059 3807 κανονικῶν
1087 3757 1382 3826 ἐπιτιμίων
1407 3757 1736 3821 ἁξιωθείσας

147 3845 314 3914 παρὰ
337 3845 446 3897 τῶν
485 3847 767 3916 Πατέρων,
798 3852 907 3912 τοῖς
942 3851 1042 3920 ήδη
1071 3853 1287 3921 ῥηθεῖσι
1321 3854 1728 3925 προσθήσομεν.

150 3941 376 3998 Καίτοι,
409 3946 567 4006 φησι,
596 3942 659 4010 τῇ
715 3941 834 4012 θείᾳ
862 3943 1049 4012 Γραφῇ
1086 3947 1177 3997 καὶ
1203 3946 1232 3998 ὁ
1267 3947 1611 4016 πλεονασμὸς
1635 3950 1731 4002 καὶ

147 4033 173 4078 ὁ
213 4031 401 4091 τόλος,
435 4031 618 4082 καὶτὸ
652 4033 715 4083 ἐκ
769 4031 1092 4096 δυναστείας
1159 4036 1305 4100 τινδς
1361 4037 1429 4090 τὰ
1477 4038 1734 4110 ἀλλότρια

154 4119 513 4192 agema.“
566 4127 632 4193 τῇ
701 4123 807 4193 ίδίᾳ
848 4127 1059 4194 κτήσει,
1108 4125 1218 4178 τῶν
1265 4131 1732 4199 ἀπηγορευμένων

150 4213 293 4265 ἐστί.
339 4212 687 4281 Πλεονασμδς
742 4215 839 4281 μὲν
869 4211 964 4268 οὖν
1027 4217 1175 4269 ἐστιν
1227 4220 1302 4280 ὡς
1354 4221 1485 4272 ὅταν
1523 4239 1606 4283 τις
1658 4223 1732 4290 δῷ

149 4319 263 4353 τινι
309 4303 460 4352 σῖτον
495 4302 527 4370 ἢ
557 4299 698 4353 οίνον
732 4302 762 4370 ἢ
795 4304 975 4355 ἔλαιον
1008 4305 1040 4373 ἦ
1069 4305 1198 4357 ἄλλο
1224 4323 1295 4368 τι,
1337 4308 1430 4358 ἐπὶ
1455 4308 1529 4378 τῷ
1549 4307 1734 4360 λαεεῖν

146 4394 477 4459 ίμοιογενὲς
516 4395 680 4447 πλέον
716 4395 812 4447 τοῦ
827 4397 1099 4462 δοθέντος·
1131 4395 1241 4450 οἷον
1273 4398 1439 4452 ἔδωκὲ
1479 4417 1559 4462 τις
1582 4401 1731 4453 οἴνου

154 4484 447 4554 μετρητὰς
478 4489 814 4555 πεντήκοντα
868 4489 960 4539 ἐπὶ
996 4488 1104 4556 τῷκ
1132 4489 1319 4541 λαϐεῖν
1361 4490 1732 4559 ἐϐδομήκοντα
1766 4483 1812 4541 ί)

151 4577 181 4644 ἢ
227 4579 326 4628 καὶ
379 4577 653 4640 πλείονας.
682 4579 850 4640 Τόκος
905 4581 960 4632 δὲ
992 4581 1211 4646 λέγεται
1243 4581 1333 4632 ἐπὶ
1364 4583 1734 4651 νομισμάτων.

162 4671 265 4721 Ἐκ
328 4667 656 4732 δυναστείας
708 4670 763 4723 δέ
823 4688 968 4735 τινος
1015 4668 1189 4734 εἶπεν,
1234 4674 1338 4736 ὃτι,
1409 4675 1515 4726 xiv
1550 4674 1622 4743 μὴ
1680 4678 1736 4741 ἐξ

151 4762 374 4822 οἰκείας
407 4761 729 4824 δυναστείας
782 4779 867 4826 τις
902 4765 1292 4835 σφετερίσηται
1329 4767 1396 4818 τὰ
1456 4766 1735 4835 ἀλλότρια,

155 4854 226 4904 δι’
254 4851 448 4920 ἑτέρου
479 4853 535 4904 δὲ
571 4853 836 4905 δυνάστου
869 4856 1014 4918 τινὸς
1053 4859 1254 4926 ποιήσῃ
1288 4858 1466 4921 τοῦτο,
1487 4861 1737 4922 κάκεῖνος

151 4944 231 5012 τῷ
273 4943 430 5012 αὐτῷ
465 4943 747 4998 ὑπόκειται
781 4947 1031 5014 κρίματι.
1087 4950 1248 5015 Λέγει
1281 4952 1388 5019 γὰρ
1439 4954 1466 5003 ὁ
1514 4969 1730 5020 προφη-

151 5038 310 5096 erat);
341 5036 499 5102 λόγθ;
532 5053 547 5068 ο
601 5039 743 5091 Οὐαί
779 5041 831 5090 οί
871 5039 1290 5107 συνάπτοντες
1332 5044 1530 5096 οὶκίαν
1582 5043 1732 5110 πρὸς

153 5130 385 5189 οὶκίαν,
433 5127 530 5180 καί
562 5128 660 5195 (in.
678 5128 748 5180 ὸν
777 5131 927 5196 πρὸς
955 5130 1162 5198 ἀγρὸν,
1193 5133 1293 5186 ἵνα
1322 5151 1376 5186 τι
1422 5133 1530 5187 τοῦ
1577 5139 1736 5200 πλη-

153 5222 300 5273 σίον
325 5219 690 5286 ἀφέλωνται.
736 5219 898 5273 Ἀλλὰ
935 5223 1034 5276 κάν
1063 5222 1130 5275 τὰ
1183 5224 1388 5293 Γραφῇ,
1410 5226 1592 5295 φησὶν,
1634 5230 1738 5281 ἀπ-

155 5311 463 5379 ηγόρῑυται
514 5309 710 5374 ταῦτα,
753 5312 909 5380 ἡμεῖς
955 5313 1138 5376 αὐτοῖς
1187 5317 1446 5369 κανονικὰ
1489 5316 1587 5368 οὐκ
1639 5318 1736 5368 ἐπ-

156 5402 370 5466 άξομεν
427 5404 698 5469 ἐπιτίμια,
729 5404 812 5455 ὅτι
861 5404 927 5456 τὰ
984 5405 1106 5457 καθ’
1168 5407 1313 5476 ἡμᾶς
1366 5408 1445 5470 εἰς
1493 5407 1738 5474 ἐξουσίαν

160 5493 407 5547 κανόνων
435 5495 533 5545 οὒκ
562 5495 872 5559 ἀξιόπιστα,
904 5497 984 5548 ὅτι
1041 5497 1145 5551 οὐκ
1181 5498 1482 5562 ἀξιόπιστοι
1551 5500 1725 5567 κρινό-

164 5588 310 5655 μεοα
344 5587 424 5648 εἰς
447 5591 736 5657 κανονικὴν
763 5589 1034 5655 ἐξουσίαν,
1055 5591 1178 5645 ἀντὶ
1207 5595 1301 5644 τοῦ
1333 5593 1457 5647 κατ’
1487 5592 1734 5657 ἐξουσίαν

233 5702 244 5730 ¹
287 5699 301 5750 Ι
338 5697 480 5751 Tim.
516 5715 582 5759 τι,
619 5700 704 5754 10.
783 5701 801 5728 ¹
837 5701 935 5756 lsa.
972 5721 1021 5766 ν,
1055 5703 1104 5755 8.

1838 3332 1932 3372 cas
1986 3312 2306 3375 nominavit,
2349 3321 2406 3364 ut
2455 3326 2572 3380 qua:
2627 3323 2814 3362 omnes
2874 3307 3071 3360 animo!
3125 3303 3419 3357 facultates

1839 3407 2136 3469 subvertat,
2173 3416 2374 3471 easque
2425 3409 2618 3468 augeat
2672 3399 2725 3452 in
2763 3398 3147 3453 detrimentum
3191 3393 3408 3449 anima).

1842 3498 1987 3552 Alios
2013 3510 2162 3566 ergo.
2205 3494 2399 3563 inquit,
2455 3491 2694 3546 avaritiae
2743 3490 2957 3544 morbos
2997 3487 3254 3542 doctrina:
3291 3501 3410 3541 ser.

1840 3604 1998 3644 mone
2058 3587 2368 3642 curabimus
2413 3602 2426 3639 :
2464 3583 2661 3637 furtum
2699 3591 2876 3635 autem
2939 3590 2992 3635 et
3046 3578 3408 3647 sacrilegium,

1840 3690 1998 3748 atque
2016 3680 2174 3733 etiam
2199 3676 2567 3745 sepulcrorum
2591 3673 2964 3736 effossionem,
2988 3687 3105 3739 qua:
3134 3669 3414 3724 canonicis

1840 3770 2015 3838 pmnis
2049 3769 2209 3837 digna
2246 3767 2358 3822 visa
2391 3775 2534 3830 sunt,
2582 3765 2649 3819 iis
2673 3779 2793 3832 qua:
2829 3761 3080 3817 Patribus
3116 3762 3226 3828 jam
3262 3760 3406 3812 dicta

1839 3872 1963 3918 sunt
1990 3862 2325 3928 adjicicmus.
2358 3860 2517 3926 Atqui
2550 3858 2602 3911 in
2635 3857 2840 3918 divina,
2867 3857 3066 3923 inquit,
3102 3854 3407 3922 Scriptura,

1839 3965 1892 4009 et
1932 3955 2084 4008 lenus
2112 3965 2167 4007 et
2215 3968 2400 4013 usura,
2433 3961 2487 4006 et
2519 3965 2615 4019 per
2646 3949 2941 4018 potentiam
2973 3947 3202 4013 alicujus
3234 3946 3408 3998 aliena

1841 4060 1952 4098 sua:
1989 4043 2141 4096 unirc
2174 4040 2520 4109 possessioni,
2558 4038 2824 4105 prohibita
2854 4047 2999 4091 sunt.
3060 4037 3237 4090 Fenus
3282 4050 3411 4101 ergo

1837 4146 1937 4195 est,
1973 4143 2032 4194 ut
2066 4134 2276 4200 quando
2304 4131 2425 4200 quis
2472 4132 2563 4181 dat
2593 4128 2752 4181 alicui
2797 4126 3148 4190 frumentum,
3197 4125 3277 4178 vel
3323 4127 3407 4175 vi-

1839 4241 1990 4286 num,
2023 4225 2104 4277 vol
2134 4226 2333 4287 oleum,
2365 4221 2445 4275 vel
2472 4220 2678 4288 aliquid
2720 4218 2890 4282 aliud,
2926 4229 2984 4271 ut
3019 4219 3068 4271 in
3093 4217 3281 4272 eodem
3316 4231 3411 4281 ge-

1839 4330 1965 4369 nere
1996 4315 2113 4382 plus
2143 4328 2301 4382 quam
2339 4311 2546 4365 dederit
2577 4309 2812 4378 accipiat
2842 4327 2855 4363 :
2901 4319 2956 4360 ut
2983 4310 3027 4362 si
3052 4308 3172 4378 quis
3202 4307 3409 4359 dederit

1837 4411 1946 4465 vini
1979 4411 2364 4480 quinquaginta
2408 4418 2687 4469 metretas,
2724 4415 2780 4459 ut
2827 4401 3196 4472 septuaginta,
3232 4397 3310 4448 vel
3347 4411 3412 4448 co

1840 4506 2045 4574 plures,
2083 4504 2334 4571 accipiat.
2373 4500 2543 4555 Usura
2582 4508 2761 4551 autem
2809 4496 3007 4550 dicitur
3054 4493 3107 4545 in
3156 4491 3386 4543 nummis

1838 4599 1941 4653 Per
1969 4597 2263 4666 potentium
2298 4607 2476 4650 autem
2507 4593 2732 4660 alienius
2782 4591 2937 4652 dixit,
2972 4587 3114 4655 quod
3145 4587 3309 4639 etiam
3364 4583 3410 4635 εἰ

1839 4705 1943 4743 nun
1993 4688 2262 4756 pmpriam
2295 4686 2588 4754 potentiam
2640 4684 2813 4736 aliena
2861 4682 2982 4749 quis
3043 4673 3406 4743 usurpaverit.

1839 4797 1933 4848 per
1967 4781 2200 4845 aliquem
2249 4791 2428 4831 autem
2457 4777 2618 4827 alium
2655 4782 2926 4842 potentem
2967 4773 3068 4822 boc
3110 4764 3318 4827 fecerit,
3359 4772 3411 4815 et

1840 4868 1884 4921 is
1912 4869 2099 4922 eodem
2127 4865 2332 4931 judicio
2365 4865 2654 4918 tenebitur.
2705 4862 2840 4914 Dicit
2881 4860 3027 4910 enim
3065 4870 3244 4910 sermo
3283 4869 3408 4922 pro-

1841 4958 2085 5026 pheticus
2146 4973 2162 5012 :
2216 4955 2298 5009 Va:
2347 4952 2779 5023 conjungeutt'bus
2839 4956 3050 5004 domum
3101 4946 3279 4998 domui
3318 4952 3407 5007 ,ct

1832 5066 2012 5118 agrum
2053 5065 2202 5118 agro,
2237 5058 2291 5099 ut
2322 5066 2352 5099 α
2387 5049 2552 5100 vicino
2579 5047 2779 5112 aliquid
2818 5043 3120 5110 auferaut’.
3158 5039 3259 5093 Scel
3291 5048 3342 5090 ct
3366 5039 3407 5089 si

1837 5141 1970 5204 lunc,
2007 5141 2205 5208 inquit,
2241 5157 2266 5190 τι
2300 5138 2577 5206 Scriptura
2617 5148 2742 5190 sunt
2792 5135 3078 5204 prohibita,
3115 5132 3194 5184 eis
3231 5141 3408 5181 tamen

1843 5233 2128 5286 canonicas
2156 5247 2346 5300 pugnas
2403 5248 2507 5283 non
2551 5232 2909 5297 imponemus.
2970 5227 3093 5295 quia
3138 5232 3317 5275 nostra
3347 5221 3412 5271 ad

1847 5338 2115 5377 canonum
2148 5324 2541 5390 assequendam
2588 5333 2909 5389 potestatem
2952 5319 3053 5370 fido
3088 5316 3248 5384 digna
3303 5330 3408 5367 non

1844 5421 1973 5464 sunt
2011 5427 2076 5467 eo
2108 5413 2250 5478 quod
2290 5415 2354 5463 ad
2402 5413 2715 5465 canoniCam
2754 5418 3069 5477 potestatem
3128 5407 3230 5458 lidc
3263 5404 3412 5471 digni

1845 5518 1950 5555 non
1978 5503 2302 5572 judicamur,
2338 5504 2436 5557 hoc
2468 5514 2569 5568 est,
2601 5503 2664 5554 ad
2702 5501 2990 5556 cnnouit-as
3043 5511 3226 5552 nostra
3253 5506 3408 5564 potr-

1844 5605 1983 5649 State
2016 5606 2064 5648 ct
2097 5611 2286 5662 ptenas
2315 5594 2380 5648 iis
2410 5595 2498 5664 qui
2543 5605 2782 5664 pccrant.
2820 5593 2894 5648 De
2942 5594 3084 5646 furto
3118 5601 3293 5643 autem
3331 5587 3405 5640 lo.-
