4004 6448
221 328 327 387 885

937 329 1015 387 lN
1056 326 1295 389 EI’iST.
1342 329 1400 386 S.
1439 325 1829 387 CREGORiI
1871 324 2191 386 NYSSENI
2233 327 2332 386 AD
2367 325 2711 388 LETOILTM

3353 332 3459 394 886

216 435 374 493 οὗτος
430 437 781 506 ἀνέγκλητος,
837 437 1181 503 συγγνωστὶς
1235 431 1424 490 δὀὖν.
1482 434 1676 496 Δίθους
1732 434 1775 486 δῖ

1894 449 2031 502 nus;
2064 438 2171 490 erit
2208 446 2384 489 tamen
2423 437 2576 489 venia
2615 438 2826 503 dignus.
2862 438 3090 508 Lapides
3121 448 3321 505 autem,
3365 443 3456 509 (,ui

216 534 347 594 τοὺς
372 532 446 600 τῷ
477 535 542 584 τά
558 550 628 597 ρῳ
668 530 1159 600 προϐεϐλημένους,
1204 529 1323 599 οὐχὶ
1355 529 1480 589 τοὺς
1505 527 1652 580 αὐτὰ
1721 529 1788 580 τὰ

218 625 546 691 τεθαμμένα
580 619 807 690 σώματᾶ
845 621 1244 682 καλύπτοντας.
1275 623 1335 674 Ei
1371 620 1481 689 γὰρ
1512 618 1790 681 τοιούτους

217 711 404 776 λίθους
467 714 734 783 ἀφέληταί
791 729 894 774 τις,
954 712 1140 764 δίδωσι
1189 714 1405 775 πάντως
1450 710 1679 780 δρᾶσθαι
1728 711 1788 761 τὸ

217 807 603 874 κεκρυμμένον
641 805 825 872 σῶμα,
854 806 948 855 καὶ
976 804 1294 872 δημοσιεύει
1347 803 1442 872 τῆς
1474 801 1689 869 φύσεως
1721 801 1788 854 τὰ

222 898 527 963 μυστήρια,
577 896 670 945 rati
697 894 882 946 οὐκέτι
910 895 1258 970 συγγνωστός
1318 897 1486 957 ἐστιν,
1543 893 1658 946 ἀλλ’
1707 895 1788 955 είς

214 989 278 1040 τὸ
306 989 492 1055 ἕτερον
524 985 666 1046 εἶδος
692 989 791 1056 τῆς
849 987 1242 1058 τυμεωρυχίας
1283 987 1583 1055 ἐμπίπτειν
1615 985 1782 1050 δοκεῖ,

212 1080 240 1130 ὃ
275 1097 327 1128 τι
361 1079 468 1146 πέρ
505 1080 619 1130 ἐστι
651 1079 710 1130 τὺ
743 1078 868 1137 τοὺς
895 1079 1099 1147 τάφους
1137 1079 1375 1145 ἀνοίγειν
1415 1081 1507 1130 καὶ
1546 1077 1644 1147 τὴν
1675 1077 1769 1129 7.6-

215 1185 300 1217 νιν
331 1171 396 1219 ἐκ
437 1171 533 1236 τῆς
598 1168 902 1237 φθαρείσης
950 1171 1153 1238 σαρκὸς
1193 1167 1526 1240 ἀνορύττειν,
1563 1169 1655 1220 καὶ
1685 1181 1782 1233 μευ

211 1265 462 1311 τακινεῑν
489 1261 552 1312 τὰ
590 1261 726 1312 ὀστᾶ
759 1259 869 1312 τῶν
901 1263 1193 1328 κειμένων,
1227 1260 1432 1328 κόσμον
1462 1261 1584 1311 τινὰ
1600 1257 1784 1310 λαϐεῖν

209 1351 426 1402 ἐκεῖθεν
462 1349 728 1419 ζητοῦντα
771 1351 1188 1419 συντεθειμένον
1235 1352 1347 1410 τοῖς
1403 1348 1782 1418 τελευτήσασι.

208 1441 386 1492 Τοῦτο
409 1441 589 1495 τοίνυν
637 1441 696 1494 τὸ
735 1438 875 1502 εἶδος
909 1443 1008 1509 τῆς
1041 1439 1434 1508 τυμϐωρυχίας
1485 1439 1684 1507 ὁμοίως
1716 1443 1781 1509 τῇ

201 1532 338 1600 ψιλῇ
383 1534 609 1602 πορνείᾳ
636 1532 1105 1596 καταδικαξεσῖαι
1135 1532 1308 1599 λεγει.
1339 1531 1519 1601 Ψιλὴν
1560 1532 1616 1582 δὲ
1644 1547 1779 1602 πορ-

202 1628 355 1677 νείαν
383 1626 482 1695 τὴν
506 1629 582 1687 εἰς
615 1625 907 1692 ἐλευθέραν
938 1623 1132 1693 ἀνδρδς
1165 1625 1404 1690 γυναῖκα
1451 1621 1600 1692 μίξιν
1635 1622 1776 1674 ὼνὸ-

207 1731 376 1781 μασε.
406 1714 764 1766 Κάνταῦθαδὲ
781 1713 860 1784 τῷ
881 1712 1257 1781 οἰκονομοῦντι
1285 1714 1376 1766 τὸν
1411 1713 1779 1778 μετανοοῦντα

203 1803 394 1856 δίδωσι
419 1805 478 1856 τὸ
515 1807 804 1872 συεθτεμείν
831 1803 959 1867 ἴσως
994 1804 1087 1855 τὸν
1113 1803 1206 1856 τοῦ
1232 1806 1511 1872 ἐπιτιμίου
1561 1802 1776 1871 καιρὸν,

203 1898 253 1946 εί
291 1897 394 1966 ὁρᾷ
439 1895 645 1965 θερμὴν
675 1895 840 1948 αὑτοῦ
891 1897 989 1961 τὴν
1041 1896 1354 1964 μετάνοιαν.
1405 1893 1570 1947 Ἀλλὰ
1605 1893 1779 1946 ταῦτα

207 1987 309 2053 μέν
333 2003 466 2054 φησι
491 1989 620 2054 περὶ
643 1986 1023 2057 τυμϐωρύχων
1048 1989 1075 2040 ὁ
1100 1986 1276 2053 ἅγιος.
1321 1986 1378 2040 Ὀ
1394 1986 1465 2038 οι
1496 1985 1778 2046 πολιτικὸς

207 2077 364 2143 νόμος
398 2080 454 2126 ὲν
481 2075 670 2145 βιϐλίῳ
696 2074 738 2141 ξ’
761 2075 942 2128 τίτλον
967 2082 1053 2144 κγ’
1083 2076 1254 2131 ταῦτα
1285 2077 1630 2128 διατάττεται
1655 2092 1668 2105 ·
1707 2072 1776 2128 Οἱ

203 2169 308 2220 ἀπὸ
341 2168 448 2220 τῶν
478 2169 664 2236 τάφων
693 2169 826 2230 ὕλας
856 2170 1222 2239 ἀφαιροῦντες
1251 2167 1674 2222 ὑποκείσθωσαν
1697 2166 1774 2235 τῷ

206 2256 300 2324 τῆς
363 2259 672 2325 ἱεροσυλίας
735 2259 1044 2330 ἐγκλήματι
1081 2277 1094 2291 ·
1152 2261 1245 2313 καὶ
1300 2260 1487 2313 πάλιν·
1551 2260 1624 2312 Τὸ
1679 2261 1778 2327 τῆς

205 2368 229 2401 τ
251 2350 598 2420 ιμεώρυχίας
642 2353 896 2422 ἔγκλημα
926 2353 1155 2423 ἀτιμίαν
1187 2356 1442 2424 ἐπιφέρει
1475 2369 1488 2383 ·
1555 2356 1646 2408 καὶ
1676 2350 1775 2408 αὖ·

206 2448 286 2506 θις
311 2464 324 2474 ·
383 2448 512 2498 Ἐάν
537 2463 622 2506 τις
651 2447 758 2498 ἀπὸ
790 2445 884 2498 τοῦ
914 2447 1088 2515 τάφου
1113 2447 1385 2516 ἀφέληται
1419 2449 1451 2518 ἢ
1500 2449 1688 2508 λίθους
1743 2447 1776 2525 ἢ

206 2537 394 2595 κίονας
443 2537 866 2608 ἦμὰρμαρα,ῆ
917 2540 1087 2608 ἄλλην
1141 2541 1466 2608 οἱανδήποτε
1501 2538 1656 2609 ὕλην,
1711 2535 1777 2592 ετ·

207 2647 326 2681 κοσι
343 2632 659 2700 νομίσματα
676 2634 900 2703 χρυσίου
931 2631 1005 2700 τῷ
1029 2631 1279 2701 δημοσίῳ
1305 2634 1658 2686 κ-αταῦάλίνει·
1683 2635 1776 2686 καὶ

205 2725 271 2774 τὰ
295 2722 446 2789 ἑξῆς.

826 2818 1062 2871 ΚΑΝΩΝ
1094 2819 1174 2873 ιιι.

292 2909 352 2958 'il
383 2908 436 2958 δὲ
469 2909 753 2975 ἱεροσυλία,
785 2913 934 2980 παρὰ
963 2914 1058 2982 μὲν
1089 2917 1152 2984 τῇ
1189 2917 1386 2986 ἀρχαίᾳ
1409 2918 1615 2987 Γραφῇ,
1645 2915 1762 2972 οὐδὲ
1806 2915 1850 2977 C

210 2995 469 3064 ἐνομίσθη
541 2997 638 3065 τῆς
701 3001 924 3067 φονικῆς
993 3004 1362 3071 κατακρίσεως
1422 3006 1760 3075 ἁνεκτοτέρα.

222 3085 454 3152 Ὁμοίως
484 3089 590 3156 γὰρ
619 3089 646 3140 ὃ
686 3107 742 3140 τε
772 3092 859 3142 ἐπὶ
892 3092 1032 3159 φόνῳ
1077 3091 1258 3156 ἁλοὺς,
1305 3095 1396 3146 καὶ
1422 3095 1453 3145 ὁ
1484 3095 1548 3145 τὰ
1579 3096 1763 3148 ἀνατε-

208 3175 369 3227 θέντα
393 3176 468 3244 τῷ
496 3177 610 3246 Θεῷ
637 3179 979 3246 ὑφελόμενος,
1028 3181 1122 3250 τὴν
1151 3182 1236 3233 διὰ
1275 3182 1378 3234 τῶν
1403 3182 1561 3235 λίθων
1591 3200 1759 3252 τιμω-

207 3270 334 3335 ρίαν
367 3269 620 3336 ὑπέσχον.
665 3269 786 3321 Ἐπὶ
809 3269 861 3320 δε
886 3271 982 3336 τῆς
1012 3271 1458 3340 ὲκκλησιαστικῆς
1485 3271 1766 3341 συνηθείας

205 3359 309 3409 οὐκ
329 3354 444 3409 οἶδα
477 3359 590 3418 πῶς
619 3359 1013 3424 συγκατάὸασίς
1034 3377 1116 3421 τις
1138 3361 1368 3426 ἐγένετο,
1384 3363 1474 3413 καὶ
1504 3378 1764 3431 συμπερι-

211 3447 376 3514 φορὰ,
417 3446 553 3499 ὥστε
587 3448 930 3517 ἀνεκτότερον
957 3450 1270 3516 νομισθῆναι
1294 3449 1351 3501 τὸ
1383 3451 1481 3519 τῆς
1516 3451 1767 3519 τοιαύτης

210 3537 370 3587 νόσου
409 3538 701 3605 καθάρσιον
724 3553 736 3565 ·
787 3539 841 3588 ἐν
880 3537 1114 3588 ἐλάττονι
1147 3537 1253 3606 γὰρ
1281 3539 1455 3607 χρόνῳ
1495 3539 1644 3607 παρὰ
1668 3540 1765 3606 τὴν

213 3622 480 3689 μοιχείαν,
515 3625 622 3683 τοῖς
652 3623 906 3684 τοιούτοις
927 3622 985 3673 τὸ
1016 3624 1284 3693 ἐπιτίμιον
1309 3625 1582 3689 διετάξατο
1610 3626 1782 3695 ἡτῶν·

212 3709 468 3777 Πατέρων
489 3711 796 3778 παράδοσις.
824 3711 1098 3780 Πανταχοῦ
1123 3713 1214 3764 καὶ
1231 3715 1286 3764 ὲν
1310 3712 1594 3782 πλημμελή
1604 3728 1767 3781 ματος

209 3797 341 3849 εῖδει
361 3797 514 3849 τοῦτο
531 3798 762 3867 καθορᾷν
786 3802 1044 3869 προσήκει
1065 3801 1169 3870 πρὸ
1187 3802 1420 3861 πάντων,
1434 3801 1518 3853 οἵα
1541 3802 1655 3854 ἐστὶ
1672 3800 1763 3852 τοῦ

209 3888 644 3956 θεραπευομένου
689 3888 939 3950 διάθεσις.
969 3889 1040 3959 μὴ
1079 3891 1167 3942 τὸν
1191 3893 1375 3959 χρόνον
1410 3891 1613 3944 οἴεσθαι
1634 3891 1766 3959 πρὸς

207 3977 506 4045 θεραπείαν
533 3970 714 4045 ἀρκεῖν
736 3994 746 4004 ’
774 3979 851 4039 τίς
879 3978 984 4047 γὰρ
1006 3978 1069 4030 ἂν
1095 3983 1156 4031 ὲκ
1176 3979 1266 4030 τοῦ
1295 3981 1485 4049 χρόνου
1507 3981 1644 4042 ἴασις
1671 3980 1765 4046 γέ-

206 4082 383 4129 νοιτο;
432 4065 564 4116 ἀλλὰ
584 4067 678 4132 τὴν
712 4067 1019 4134 προαίρεσιν
1036 4068 1124 4119 τοῦ
1147 4068 1334 4120 ἑαυτὸν
1351 4068 1417 4118 δι’
1436 4067 1765 4137 ἐπιστροφῆς

212 4154 566 4222 ίατρεύοντος.
608 4155 787 4207 Ταῦτά
814 4173 911 4218 σοι,
957 4151 999 4207 ὅ)
1034 4155 1280 4224 ἄνθρωπε
1312 4156 1401 4208 τοῦ
1433 4156 1586 4218 Θεοῦ,
1627 4157 1766 4209 κατὰ

210 4247 410 4316 πολλὴν
451 4245 679 4310 σπουδὴν
705 4247 765 4296 ἑκ
795 4245 897 4296 τῶν
928 4247 1225 4314 προχείρων
1259 4247 1561 4308 συνθέντες,
1595 4247 1682 4299 διὰ
1704 4246 1765 4298 τὺ
1819 4267 1859 4322 D

205 4335 317 4386 δεῖν
350 4338 458 4394 τοῖς
491 4335 596 4385 τῶν
645 4334 878 4400 ἀδελφῶν
908 4337 1239 4404 ἐπιτάγμασι
1291 4336 1590 4396 πείθεσθαι,
1627 4336 1765 4389 κατὰ

209 4422 442 4489 σπουδὴν
463 4423 867 4490 ἀπεστείλαμεν.
902 4424 970 4475 Σὺ
995 4423 1050 4474 δὲ
1069 4425 1164 4486 τὰς
1191 4426 1432 4494 συνήθεις
1451 4425 1588 4494 ὑπὲρ
1611 4425 1764 4493 ἡμῶν

206 4510 371 4578 εὐχὰς
391 4510 466 4576 τῷ
487 4510 602 4578 Θεῷ
626 4512 910 4580 προσάγων
931 4511 1002 4580 μὴ
1025 4511 1315 4584 διαλείπῃς.
1336 4513 1638 4582 Χρεωστεῖς
1658 4512 1763 4583 γὰρ

205 4601 279 4660 ὡς
309 4597 598 4666 εὐγνώμων
624 4600 754 4660 υἱδς,
786 4599 860 4669 τῷ
900 4600 1036 4651 κατὰ
1054 4600 1183 4653 Θεόν
1217 4619 1274 4654 σε
1300 4603 1641 4669 γεννήσαντι.
1667 4600 1763 4670 τὴν

203 4688 290 4740 διὰ
337 4687 445 4739 τῶν
491 4689 798 4757 προσευχῶν
835 4691 1184 4760 γηροκομίαν,
1233 4692 1370 4743 κατὰ
1417 4691 1514 4760 τὴν
1549 4689 1761 4759 ἐντολὴν

203 4778 301 4845 τὴν
332 4777 650 4828 κελεύουσαν
694 4781 852 4848 τιμᾷν
889 4783 1013 4841 τοὺς
1039 4781 1226 4848 γονέας
1258 4822 1272 4843 ,
1323 4781 1422 4833 ἵνα
1447 4775 1514 4834 εὖ
1545 4796 1640 4832 σοι
1670 4782 1758 4846 γέ-

205 4883 398 4933 νηται,
437 4868 529 4918 καί
557 4867 669 4934 ἔσῃ
698 4871 1124 4936 μακροχρόνιος
1148 4871 1242 4922 ἐπὶ
1275 4869 1382 4936 τῆς
1417 4867 1549 4936 τῆς.
1597 4870 1764 4937 Δῆλον

204 4957 261 5008 δὲ
300 4959 380 5009 ὅτι
409 4956 481 5018 ὡς
522 4956 779 5024 σύμϐολον
807 4960 1092 5026 ἱερατικὸν,
1129 4959 1250 5029 δέξῃ
1289 4959 1348 5012 τὸ
1373 4961 1622 5027 γράμμα,
1667 4959 1760 5010 καὶ

205 5045 304 5097 οὐκ
348 5045 630 5112 ἀτιμάσεις
665 5046 724 5096 τὸ
759 5046 943 5108 ξένιον.
974 5048 1072 5100 κᾶν
1109 5065 1160 5099 τι
1195 5049 1508 5119 μικρότερον
1537 5047 1632 5116 τῆς
1665 5047 1759 5114 σὴς

209 5136 572 5206 μεγαλοφυῒας
605 5137 708 5204 εἴη.

285 5322 481 5374 ΒΑΛΣ.
521 5321 703 5374 Εἰπὼν
763 5322 892 5392 περὶ
953 5322 1163 5390 κλοπῆς
1209 5331 1304 5375 καὶ
1356 5322 1769 5392 τυμϐωρυχίας,

209 5415 307 5467 νῦν
337 5414 433 5466 καὶ
463 5413 591 5482 περὶ
620 5413 928 5481 ἱεροσυλίας
959 5413 1223 5479 διδάσκει,
1271 5413 1365 5467 καί
1418 5431 1583 5481 φησιν
1615 5415 1696 5466 ὅτι
1737 5415 1768 5484 ἡ

212 5507 315 5572 μὲν
351 5504 564 5557 Παλαιὰ
594 5504 782 5572 Γραφὴ
811 5505 1006 5572 ἐπίσης
1057 5504 1150 5556 τὸν
1185 5505 1349 5570 φονέα
1402 5505 1494 5556 καὶ
1523 5504 1613 5555 τὸν
1649 5504 1773 5556 κλέ-

206 5599 385 5663 ψαντα
435 5595 501 5646 τὰ
556 5593 632 5663 τῷ
663 5591 782 5663 Θεῷ
835 5576 1229 5663 ἀνατεθειμένα
1287 5594 1534 5658 ἐκόλασε,
1601 5594 1769 5658 λίθοις

287 5731 301 5769 ⁸
334 5727 498 5787 Exod.
531 5746 618 5794 xx,
668 5731 766 5795 l2;
811 5730 967 5784 Deut.
1017 5744 1066 5794 v,
1111 5727 1205 5796 l6;
1244 5729 1432 5784 Mittit.
1471 5746 1566 5794 xv,
1600 5730 1652 5786 ιί.

1891 537 2018 583 ante
2048 530 2351 597 sepulcrum
2382 527 2606 597 projceti
2659 541 2803 596 sunt,
2857 547 2963 586 non
2994 547 3087 588 eos
3119 535 3208 603 qni
3249 538 3456 604 sepulta

1889 636 2116 689 corpora
2144 631 2453 691 contegunt.
2494 620 2548 674 Si
2588 623 2713 691 quis
2739 625 2880 678 enim
2910 640 3003 680 eos
3034 628 3232 695 lapides
3266 629 3454 682 abstn-

1892 711 2035 776 lerit,
2072 728 2272 782 corpus
2313 721 2617 767 contectum
2661 717 2884 771 omnino
2916 719 3199 771 videndum
3233 721 3454 789 prtebet,

1889 816 1943 858 et
1975 817 2184 858 natura:
2220 805 2473 875 mysteria
2502 807 2759 874 publicat,
2809 818 2860 862 et
2922 825 3028 865 non
3085 823 3167 865 est
3224 813 3458 882 amplius

1888 896 2044 946 venia
2079 897 2313 963 dignus;
2347 898 2438 948 sed
2471 897 2521 947 in
2553 898 2777 950 alteram
2808 900 3040 966 speciem
3085 902 3454 969 sepulcrorum

1888 980 2189 1036 eﬂ‘ossionis
2218 983 2454 1039 incidere
2489 987 2717 1051 videtur,
2763 1003 2881 1056 qum
2925 1002 3008 1044 est
3043 993 3289 1059 sepulcra
3336 1007 3460 1058 ape-

1887 1073 2017 1136 rirc,
2054 1083 2108 1125 et
2136 1089 2202 1128 ex
2247 1087 2502 1143 corrupta
2549 1091 2717 1131 carne
2771 1079 3040 1146 pulverem
3100 1083 3354 1146 ell'oderc,
3403 1091 3458 1136 et

1887 1175 2072 1215 eorum
2107 1165 2196 1232 qui
2231 1164 2340 1218 illic
2375 1166 2557 1232 jaceat
2592 1181 2711 1220 ossa
2753 1181 2990 1231 movere,
3025 1169 3169 1224 illinc
3202 1181 3455 1229 ornatum

1888 1251 2122 1321 aliquem
2153 1267 2260 1321 quo
2283 1255 2477 1307 mortui
2503 1256 2686 1309 amicti
2726 1266 2850 1310 sunt
2871 1257 3117 1326 accipere
3149 1272 3456 1317 conantem.

1888 1341 1998 1395 lloc
2023 1345 2203 1411 itaque
2233 1347 2602 1412 sepulcrorum
2655 1345 2962 1404 eﬂ‘ossionis
3015 1363 3210 1414 genus,
3267 1351 3456 1404 eodem

1880 1434 2084 1502 judicio
2117 1451 2222 1504 quo
2248 1437 2475 1504 simplex
2509 1429 2820 1504 fornicatio,
2839 1439 3305 1495 condemnandum
3335 1457 3459 1497 esse

1885 1527 2034 1579 dicit.
2073 1525 2383 1596 Siutplicetn
2411 1537 2588 1581 autem
2616 1527 3051 1596 fornicationem,
3084 1547 3205 1584 cum
3236 1532 3464 1584 muliere

1887 1633 1913 1669 a
1945 1618 2061 1670 viro
2089 1619 2262 1671 soluta
2292 1619 2490 1672 coitum
2533 1621 2853 1673 nominavit.
2901 1619 3002 1675 Hic
3033 1638 3247 1692 quoque
3277 1623 3460 1691 pceni-

1885 1713 2047 1766 tentis
2080 1724 2363 1766 oeconomo
2393 1712 2484 1763 dat
2536 1711 2843 1765 facultatem
2879 1726 3049 1780 ptent:
3078 1723 3288 1780 tempus
3322 1728 3458 1767 con-

1885 1802 2157 1868 trahendi,
2187 1804 2230 1856 si
2275 1802 2389 1868 ejus
2423 1801 2560 1855 forte
2594 1804 2960 1857 vehementem
2986 1803 3156 1856 videat
3187 1806 3369 1872 pmniu
3389 1821 3456 1857 n-

1880 1897 2028 1949 tiam.
2064 1897 2326 1950 C:cterum
2363 1897 2475 1948 haec
2504 1896 2718 1961 quidem
2756 1896 2884 1950 dicit
2921 1907 3138 1952 sanctus
3173 1900 3237 1952 de
3265 1901 3455 1968 sepul-

1878 2001 2092 2041 crorum
2116 1986 2487 2040 elfossoribus.
2545 1985 2650 2040 Lex
2693 1997 2872 2040 autetn
2913 1989 3085 2044 civilis
3136 1990 3188 2043 in
3232 1991 3324 2044 lib.
3363 2007 3453 2054 ut,

1880 2079 1964 2133 tit.
2005 2078 2096 2141 95,
2133 2078 2245 2131 hzcc
2272 2075 2593 2130 coostituit:
2628 2075 2727 2141 Qui
2773 2079 3026 2132 materias
3077 2095 3142 2133 ex
3191 2082 3453 2148 sepulcris

1882 2171 2131 2224 auferunt
2167 2169 2436 2234 sacrilegii
2465 2168 2680 2221 crimini
2710 2171 2818 2222 sint
2850 2169 3087 2224 obnoxii.
3124 2171 3186 2224 Et
3224 2188 3406 2225 rursus
3434 2187 3450 2224 :

1882 2260 2262 2329 Sepulcmrum
2289 2259 2594 2313 ell'ussionis
2616 2257 2817 2312 crimen
2850 2259 3006 2313 :tﬂ'crt
3049 2259 3342 2315 infamiam.
3390 2262 3455 2318 Ει

1880 2353 2114 2407 iterum:
2146 2351 2200 2406 Si
2237 2352 2358 2420 quis
2391 2367 2453 2404 ex
2490 2351 2740 2418 sepulcro
2785 2351 3082 2411 abstulerit,
3115 2354 3195 2405 νισι
3228 2355 3452 2420 Ιτινίιιισς,

1887 2447 1965 2497 vcl
2017 2446 2316 2505 Columnas,
2374 2445 2455 2496 vel
2519 2459 2811 2506 marmora,
2865 2443 2944 2496 vel
3002 2443 3238 2512 aliquam
3297 2448 3452 2497 aliam

1887 2537 2185 2600 materiam,
2220 2535 2432 2603 publico
2461 2535 2647 2604 viginti
2671 2548 2862 2587 aureos
2892 2534 3051 2588 solvit
3080 2550 3094 2599 ;
3138 2548 3190 2589 et
3225 2551 3344 2604 qua:
3372 2555 3451 2591 sco

1885 2642 2141 2697 quuttlul‘.

2365 2806 2522 2877 εδει,
2557 2805 2785 2860 (ΣΑΚΟΝ
2826 2808 2961 2863 Vlll.

1977 2924 2333 2993 Stttrlit’gittltt
2393 2939 2597 2981 amem.
2666 2924 2715 2975 in
2774 2923 2991 2991 antiqua
3045 2925 3259 2991 quidem
3303 2925 3454 2979 Seli-

1883 3026 2062 3083 ptura,
2124 3028 2192 3067 ne
2252 3014 2417 3068 caedis
2483 3014 2704 3082 quidem
2770 3015 3222 3072 condemnatione
3274 3019 3450 3074 visum

1899 3111 1980 3158 est
2015 3103 2368 3156 tolerabilius.
2405 3102 2667 3155 Similiter
2693 3101 2858 3167 enim,
2883 3109 2935 3155 et
2957 3103 3049 3171 qui
3077 3102 3239 3159 caedis
3261 3104 3449 3159 convi-

1900 3200 2020 3246 ctus
2061 3201 2195 3252 erat,
2233 3200 2286 3244 et
2313 3192 2403 3259 qui
2432 3207 2516 3242 res
2558 3189 2665 3244 Deo
2704 3190 2978 3245 dedicatas
3021 3193 3337 3255 abstulerat,
3369 3194 3450 3245 la-

1901 3281 2186 3349 pi'lationis
2217 3281 2538 3348 supplicium
2580 3281 2813 3334 subibat.
2851 3280 2907 3333 ln
2947 3282 3314 3335 ecclesiastica
3349 3298 3440 3334 au-

1903 3379 2006 3424 tem
2040 3369 2456 3432 consuetudine,
2499 3369 2564 3423 de
2603 3385 2773 3438 pinnae
2825 3370 3087 3439 gravitate
3121 3371 3303 3424 nescio
3342 3388 3449 3440 quo

1902 3457 2059 3510 modo
2087 3457 2286 3524 aliquid
2315 3456 2636 3520 detractum,
2669 3468 2720 3511 et
2757 3473 2822 3511 eo
2854 3458 3087 3512 lenitatis
3127 3457 3447 3512 descensum

1903 3554 2004 3606 est,
2039 3554 2094 3598 ut
2133 3547 2278 3600 illius
2310 3548 2477 3600 morbi
2515 3547 2917 3600 existimaretur
2954 3547 3288 3604 tolerabilius
3335 3549 3450 3617 pia-

1903 3637 2081 3690 culum
2110 3653 2126 3702 ;
2159 3636 2210 3689 in
2239 3637 2432 3689 minori
2459 3637 2600 3690 enim
2638 3645 2875 3705 tempore
2904 3653 3062 3707 quam
3091 3640 3411 3692 adulterium
3433 3679 3446 3702 ,

1903 3723 1938 3775 ii
1969 3738 1995 3774 a
2031 3724 2250 3776 Patrum
2280 3724 2568 3776 traditione
2593 3737 2806 3791 ptenam
2839 3734 3212 3793 susceperunt.
3243 3725 3453 3794 Ubique

1904 3819 2082 3864 autem
2121 3811 2222 3863 hoe
2262 3812 2314 3863 in
2352 3813 2596 3880 supplicii
2643 3829 2837 3882 genere
2887 3824 3010 3867 ante
3043 3815 3224 3868 omnia
3268 3816 3452 3869 viden-

1903 3901 2031 3954 dum
2082 3909 2186 3962 est,
2230 3902 2407 3970 qualis
2445 3904 2512 3955 sit
2555 3905 2673 3969 ejus
2719 3905 2807 3956 cui
2877 3903 3160 3957 adhibetur
3202 3905 3450 3972 atl'ectio;

1907 3999 1958 4043 et
1990 4007 2097 4044 non
2140 3992 2447 4045 existimare
2497 4001 2706 4059 tempus
2761 3993 2826 4046 ad
2888 3994 3148 4046 medelam
3212 3994 3454 4049 suﬂiccre

1904 4079 2184 4150 (quamam
2211 4081 2351 4133 enim
2386 4081 2547 4133 fuerit
2578 4097 2638 4133 cx
2673 4091 2913 4150 tempore
2956 4081 3222 4137 medicina
3243 4085 3264 4136 ?
3285 4086 3324 4153 ),
3358 4086 3452 4140 sed

1902 4167 2041 4235 ejus,
2070 4170 2160 4235 qui
2188 4169 2289 4222 sibi
2339 4186 2434 4237 per
2467 4173 2874 4226 conversionem
2905 4174 3167 4237 medetur,
3205 4176 3446 4228 animum

1902 4263 1956 4309 et
1983 4257 2304 4310 institutum.
2350 4257 2471 4311 l-liec
2499 4261 2614 4324 tibi,
2657 4276 2689 4314 o
2719 4263 2879 4314 homo
2931 4261 3047 4326 Dei,
3107 4279 3169 4317 ex
3218 4264 3284 4317 iis
3335 4280 3454 4333 qum

1901 4356 2055 4401 erant
2089 4349 2153 4400 ad
2177 4363 2394 4401 manum
2432 4349 2672 4404 studiose
2695 4353 3014 4421 composita,
3039 4355 3182 4422 quod
3208 4363 3454 4423 oporteat

1904 4434 2132 4488 fratrum
2187 4437 2456 4490 mandatis
2507 4453 2718 4506 parere,
2773 4441 3017 4495 studiose
3067 4443 3335 4498 misimus.
3373 4443 3452 4501 Τιι

1902 4539 2031 4578 vero
2057 4535 2347 4579 consuetas
2381 4543 2476 4594 pro
2525 4529 2680 4581 nobis
2716 4545 2904 4598 preces
2968 4533 3075 4586 Deo
3139 4534 3331 4590 otl‘erre
3388 4553 3455 4592 ne

1903 4612 2247 4667 intermittas.
2285 4613 2454 4668 Debes
2483 4617 2628 4669 enim
2658 4625 2715 4669 ut
2743 4627 2934 4687 gratus
2974 4619 3137 4686 illius,
3191 4625 3238 4676 ei
3269 4625 3359 4694 qui
3402 4634 3454 4678 te

1902 4703 2196 4756 secundum
2234 4703 2396 4758 Deum
2422 4707 2627 4774 genuit,
2662 4707 2714 4760 in
2747 4721 3023 4766 senectute
3053 4727 3144 4780 per
3185 4723 3305 4768 tuas
3331 4731 3453 4768 ora-

1901 4794 2075 4846 tiones
2106 4795 2440 4860 alimentum,
2483 4799 2868 4854 convenienter
2895 4813 3164 4872 prmeepto
3195 4807 3338 4874 quod
3366 4807 3451 4874 ju-

1902 4882 1988 4936 bet
2025 4884 2292 4946 |tonorare
2327 4895 2597 4954 parentes,
2626 4899 2681 4941 ut
2717 4891 2812 4945 tibi
2840 4893 2964 4946 bene
2997 4896 3086 4956 sit,
3119 4906 3165 4948 et
3205 4898 3279 4950 sis
3335 4900 3450 4951 lon-

1901 4988 2070 5041 ga‘rus
2098 4990 2250 5042 super
2290 4985 2480 5028 terram
2537 4977 2570 5031 ⁸.
2620 4978 2836 5033 Clarum
2873 4993 2954 5037 est
2987 4994 3164 5039 autem
3204 4989 3346 5055 quod
3393 5001 3450 5045 ut

1903 5065 2201 5131 symbolum
2242 5069 2591 5128 sacerdotale,
2621 5070 2826 5126 litteras
2855 5075 3109 5144 accipies,
3146 5093 3449 5151 nuutusqttu

1904 5155 2164 5222 hospitale
2199 5172 2304 5210 non
2338 5169 2671 5224 contemnes,
2702 5165 2914 5222 etiamsi
2945 5168 3015 5221 sit
3070 5172 3246 5226 minus
3283 5189 3444 5242 quam

1905 5259 2000 5309 pro
2031 5260 2237 5299 summa
2279 5249 2351 5300 tui
2385 5249 2584 5316 ingenii
2615 5251 2876 5308 bonitate.

1954 5325 2146 5381 BALS.
2203 5326 2495 5397 Postquam
2546 5332 2683 5386 dixit
2742 5333 2809 5389 de
2867 5333 3010 5389 furto
3063 5347 3115 5391 et
3167 5339 3448 5407 sepulcrm

1881 5431 1996 5467 rum
2045 5417 2354 5485 etlossione,
2385 5436 2526 5474 nunc
2556 5423 2711 5476 ducet
2745 5423 2810 5478 de
2846 5428 3166 5495 sacrilegio;
3207 5439 3260 5482 et
3288 5431 3439 5495 dicit,

1877 5507 2018 5573 quod
2057 5509 2286 5578 Antiqua
2316 5512 2529 5580 quidem
2564 5513 2837 5581 Scriptura
2873 5518 3213 5584 homicidam,
3241 5533 3291 5574 et
3316 5537 3437 5578 eum

1879 5596 1966 5662 qui
2009 5595 2118 5652 Deo
2154 5599 2330 5653 oblata
2388 5601 2621 5668 sustulit,
2657 5620 2719 5658 cx
2758 5622 2910 5676 equo
2942 5610 3117 5677 punit,
3170 5612 3435 5681 lapidibus
