4004 6462
472 350 573 413 887

477 547 660 617 spoliis
690 520 966 600 lliericlto,
1009 552 1124 605 quae
1154 533 1330 587 omnia
1392 530 1498 583 Deo
1548 533 1699 581 erant
1756 520 2021 583 dedicata,

486 608 674 691 aurum
707 642 992 698 vestesque
1020 637 1192 680 textas
1224 620 1513 676 abstulerat
1545 637 1557 670 :
1594 613 1852 682 lapidibus
1879 608 2021 665 enim

478 729 700 781 obrutus
722 722 939 775 omnino
973 722 1275 786 peremptus
1300 722 1400 764 est.
1431 707 1662 762 Ecclesia
1696 714 1872 757 autem
1921 714 2028 753 non

478 818 668 871 eodem
710 814 865 867 modo
889 807 1215 863 homicidam
1250 813 1301 856 et
1330 801 1643 867 sacrilegum
1682 796 1836 865 punit
1868 810 1881 844 :
1935 790 2029 842 sed

484 904 665 956 mitius
698 904 748 954 in
794 898 1107 964 sacrilegum
1150 892 1333 946 aﬂecta
1370 897 1469 943 est.
1516 885 1707 940 Nescio
1740 881 2032 950 quomodo,

485 992 680 1061 inquit,
719 1006 813 1059 pro
835 1004 899 1041 eo
931 984 1069 1054 quod
1099 994 1204 1044 est,
1249 980 1503 1033 rationem
1535 976 1739 1044 ignoro.
1785 972 1829 1022 A
1859 968 2036 1021 Patri-

487 1086 606 1146 ltus,
638 1082 799 1143 enim,
824 1077 1013 1145 inquit,
1049 1074 1301 1129 traditum
1330 1078 1431 1131 est,
1486 1076 1543 1121 ut
1582 1062 1769 1116 minori
1800 1071 2038 1127 tempore

484 1188 644 1243 quam
691 1168 954 1224 adulterio
1008 1177 1164 1233 pmua
1216 1158 1495 1226 sacrilegio
1552 1156 1891 1208 decernatur.
1979 1148 2035 1199 In

487 1241 633 1315 omni
664 1270 836 1313 autem
868 1264 1086 1326 peccato
1115 1260 1323 1322 oportet
1353 1260 1475 1301 ante
1494 1246 1671 1299 omnia
1698 1241 2043 1296 considerare

491 1349 803 1421 paenitentis
825 1354 878 1401 et
912 1344 1045 1411 ejus,
1081 1342 1164 1396 cui
1208 1337 1411 1393 medela
1441 1335 1757 1404 applicatur,
1804 1329 2042 1383 atl'ectio—

506 1454 647 1500 nem,
686 1446 871 1489 etnon
917 1430 1094 1485 omnia
1136 1442 1305 1497 paena!
1362 1426 1537 1493 spatio
1589 1421 1877 1479 ascribere.
1933 1430 2045 1469 tan-

502 1527 657 1592 qu'am
700 1523 837 1591 quod
865 1522 929 1579 ad
960 1519 1325 1588 purgationem
1365 1513 1607 1567 sutliciat.
1642 1510 2047 1576 Quantumcun-

496 1627 600 1680 que
663 1611 805 1664 enim
861 1618 1068 1676 tempus
1122 1603 1473 1674 prmterierit,
1540 1600 1671 1654 nihil
1715 1598 1925 1667 juvabit
1980 1596 2047 1649 ad

498 1702 849 1756 curationem.
886 1699 990 1752 Sed
1023 1704 1232 1765 oportet
1278 1692 1584 1761 pmuitentis
1620 1690 1857 1743 animum
1884 1697 1936 1744 et
1966 1688 2051 1741 in-

1714 322 1987 386 TUEOD.
2032 314 2432 379 BALSAMON

473 409 568 516 eus
596 455 745 510 obrui
766 453 977 521 iubens.
1009 445 1156 515 Quod
1188 444 1238 497 in
1270 442 1448 495 Aeltaz
1485 438 1684 491 factum
1708 444 1807 494 est,
1844 430 1932 521 qui
1961 444 2024 483 ex

2170 424 2325 485 ὑτοὺς
2374 416 2715 487 ἀναιρεῖσθαι
2773 412 2995 475 ataui:
3009 409 3165 478 μένη.

3609 292 3718 354 888

3226 408 3410 476 Ὅπερ
3472 405 3566 457 ἐπὶ
3627 403 3726 455 τοῦ

2140 514 2319 581 Ἀχαξ
2349 512 2587 577 ἐγένετο,
2645 505 2978 574 ὑφελομένου
3013 506 3076 555 ὲκ
3120 504 3228 554 τῶν
3284 499 3390 566 τῆς
3453 494 3726 565 Ἱεριχοῦς

2137 605 2415 674 λαφύρων,
2438 602 2473 655 ἃ
2504 601 2682 652 πάντα
2712 598 2789 667 τῷ
2833 596 2950 664 θεῷ
2980 594 3338 659 ἀνετέθησαν,
3394 588 3611 658 χρυσόν
3666 602 3727 637 τε

2141 698 2236 750 καὶ
2260 694 2507 762 ὕφασμα·
2540 690 2711 751 λίθοις
2766 691 2874 757 γὰρ
2902 685 3120 756 βληθεὶς
3187 681 3465 750 παγγενεὶ
3518 678 3731 743 ἐξωλο-

2143 787 2367 857 θρεύθη.
2415 783 2475 836 'H
2508 783 2563 835 δὲ
2607 779 2906 848 Ἐκκλησία
2952 779 3055 846 οὐχ
3104 776 3306 844 ὁμοίως
3352 772 3595 840 ἐπιτιμᾷ
3653 771 3734 837 τῷ

2145 880 2295 946 φονεῖ
2327 878 2421 928 καὶ
2445 876 2523 943 τῷ
2554 876 2598 926 ίε
2611 873 2817 940 ροσύλῳ
2836 886 2851 900 ο
2907 870 3044 923 ἀλλὰ
3089 864 3734 934 συγκατασατικώτερον

2147 968 2361 1035 διετέθη
2390 967 2525 1034 πρὸς
2558 966 2649 1016 τὸν
2690 961 2985 1029 ἱερόσυλον.
3025 960 3138 1013 Οὐκ
3175 953 3294 1011 οἶδα
3328 956 3471 1017 πῶς,
3532 956 3734 1023 φησὶν,

2148 1060 2269 1112 ἀντὶ
2298 1055 2393 1109 τοῦ
2433 1058 2523 1109 τὸν
2574 1056 2732 1122 λόγον
2770 1054 2969 1121 ἀγνοῶ.
3004 1049 3381 1119 Παραδέεοται
3408 1048 3543 1116 γὰρ,
3573 1047 3737 1112 (pinei,

2150 1149 2298 1217 παρᾶ
2338 1148 2446 1199 τῶν
2469 1146 2726 1216 Πατιρων
2752 1146 2935 1214 ἥττονι
2965 1143 3144 1212 χρόνῳ
3162 1139 3310 1209 παρὰ
3346 1140 3452 1207 τὴν
3485 1136 3744 1206 μοιχείαν

2154 1245 2214 1296 τὸ
2246 1244 2520 1312 ἐπιτίμιον
2571 1244 2636 1309 τῇ
2669 1238 2945 1310 ἱεροσυλίᾳ
2973 1235 3275 1304 ὁρίζεσθαι.
3316 1234 3409 1285 Ἐν
3462 1233 3619 1301 πάσῃ
3681 1230 3745 1282 δὲ

2156 1336 2406 1405 ἁμαρτίᾳ
2435 1335 2518 1387 δεῖ
2552 1333 2656 1403 πρὸ
2670 1333 2886 1383 πάντων
2910 1330 3134 1382 σκοπεῖν
3152 1327 3250 1396 τὴν
3272 1324 3368 1378 τοῦ
3391 1320 3743 1395 μετανοοῦν-

2155 1444 2244 1485 τος
2278 1426 2369 1477 καὶ
2404 1421 2854 1492 θεραπευομένου
2887 1418 3157 1479 διάθεσιν,
3200 1419 3296 1469 καὶ
3328 1418 3410 1487 μὴ
3441 1415 3519 1484 τῷ
3549 1415 3748 1491 χρόνῳ

2156 1518 2252 1571 τοῦ
2293 1517 2571 1583 ὶπιτιμίου
2613 1512 2928 1566 ἀνατιθέναι
2953 1512 3014 1564 τὸ
3048 1511 3178 1573 πᾶν,
3205 1509 3281 1569 ὡς
3312 1507 3580 1575 ἀρκοῦντι
3600 1507 3750 1575 πρὸς

2163 1608 2446 1674 κάθαρσιν.
2491 1605 2549 1656 'O
2590 1603 2697 1670 γὰρ
2736 1602 2925 1672 χρόνος
2968 1602 3092 1663 ὅσος
3141 1598 3208 1651 ἂν
3256 1597 3528 1665 παρέλθῃ.
3581 1596 3755 1648 οὐδὲν

2162 1700 2433 1767 ὠφελήσει
2481 1697 2615 1763 πρὶς
2676 1695 2842 1747 ῐασιν.
2906 1691 3068 1745 Ἀλλὰ
3126 1688 3225 1757 τὴν
3283 1688 3614 1758 προαίρεσιν
3665 1688 3757 1739 δεῖ

501 1794 743 1847 stitutum
790 1789 1149 1849 considerare,
1205 1784 1423 1852 ejusque
1474 1782 1526 1834 in
1577 1779 1887 1848 pceniteutia
1942 1786 2056 1829 stu-

2166 1792 2386 1841 σκοττεῑν
2410 1790 2501 1839 τοῦ
2540 1783 2930 1853 μετανοοῦντος
2960 1781 3056 1835 καὶ
3086 1780 3186 1850 τὴν
3219 1779 3318 1831 ἐπὶ
3351 1782 3421 1849 τῇ
3474 1780 3757 1849 μετανοίᾳ

502 1885 649 1935 dium
679 1898 693 1943 ;
732 1889 786 1933 ut
814 1881 856 1933 si
898 1885 1113 1945 peccato
1141 1877 1351 1942 quidem
1406 1874 1815 1928 convenientem
1849 1877 1899 1922 et
1936 1881 2057 1920 cor-

504 1971 915 2039 respondentem
984 1968 1350 2035 ptrnitentiam
1399 1964 1713 2025 ostenderit,
1776 1961 2062 2013 contrahat

504 2076 673 2129 ruma:
696 2071 901 2126 tempus
937 2059 1056 2111 :sin
1082 2066 1257 2109 autem
1284 2056 1505 2110 remisse
1540 2064 1591 2107 et
1626 2052 1980 2121 negligentius
2002 2064 2061 2103 se

506 2155 748 2221 gesserit,
791 2167 960 2220 ptenze
989 2164 1201 2219 quoque
1235 2158 1444 2216 tempus
1499 2153 1710 2215 augeat.
1746 2145 1787 2195 Α
1842 2158 1925 2197 me
1970 2158 2060 2195 au-

508 2256 613 2297 tent
647 2243 937 2299 dubitatum
972 2250 1053 2293 est
1097 2239 1362 2306 quomodo
1410 2246 1629 2291 sanctus
1687 2235 1772 2287 hic
1826 2234 2063 2287 avaritia:

510 2336 695 2386 vitium
732 2334 859 2387 dicit
892 2347 919 2384 a
950 2330 1197 2383 Patribus
1249 2330 1364 2382 sine
1397 2329 1503 2382 ulla
1532 2342 1650 2381 esse
1695 2328 1899 2379 medela
1940 2325 2063 2377 reli-

508 2435 686 2489 ctum,
740 2439 860 2477 cum
894 2418 1183 2491 Gregorius
1236 2420 1666 2483 Tltaumaturgus
1698 2419 1795 2471 hoc
1826 2419 1876 2469 iu
1908 2417 2065 2470 tertio

512 2530 609 2570 Suo
635 2528 841 2569 cauoue
871 2514 1049 2567 dicat:
1086 2510 1273 2564 Gravis
1301 2525 1386 2564 res
1429 2520 1509 2563 est
1542 2509 1789 2569 avaritia,
1820 2520 1916 2559 uec
1948 2520 2068 2573 pos-

512 2616 764 2659 suutuna
797 2604 1018 2669 episwla
1063 2603 1277 2669 exponi,
1318 2616 1435 2669 qua:
1487 2615 1512 2651 a
1556 2601 1738 2650 divina
1795 2597 2069 2665 Scriptura

513 2696 659 2749 dicta
695 2706 840 2756 sunt,
913 2695 964 2746 in
1018 2693 1211 2761 quibus
1256 2705 1359 2744 nou
1404 2691 1575 2743 solum
1622 2689 1927 2743 latrocinari
1992 2689 2072 2741 fu—

516 2785 764 2853 giendum
810 2792 865 2837 et
900 2783 1223 2835 horrendum
1280 2786 1658 2841 annunttatur;
1712 2782 1804 2833 sed
1853 2780 2072 2831 omnino

518 2890 740 2929 avarum
772 2887 889 2927 esse
918 2884 972 2926 et
1003 2873 1173 2926 aliena
1207 2872 1510 2925 desiderare
1551 2882 1767 2939 propter
1806 2879 1958 2938 turpe
1994 2870 2073 2921 lu-

515 2978 665 3017 crum
693 2978 705 3014 :
737 2971 809 3024 et,
831 2962 1081 3028 Quisquis
1107 2972 1188 3013 est
1214 2959 1499 3027 ejusmodi,
1529 2975 1553 3009 a
1588 2958 1673 3012 Dei
1716 2959 1946 3013 Ecclesia
1981 2961 2075 3012 alt-

518 3054 749 3109 dicatur.
783 3052 1059 3125 Quomodo
1094 3067 1220 3120 ergo
1248 3053 1363 3104 sine
1418 3050 1621 3103 medela
1674 3052 1918 3104 relictum
1969 3059 2073 3116 est,

520 3146 715 3212 quoda
752 3143 845 3197 Dei
901 3141 1137 3196 Ecclesia
1203 3141 1503 3195 abdicatum
1560 3141 1737 3197 facere
1778 3142 2073 3211 iudicatum

519 3235 646 3290 est?
683 3236 832 3301 Quod
887 3243 1061 3286 autem
1096 3234 1407 3287 observatus
1454 3234 1523 3287 sit
1570 3234 1653 3287 hic
1698 3248 1865 3286 canon
1897 3233 2077 3288 Tuan--

525 3326 775 3393 tuaturgi,
824 3325 1027 3377 clarum
1085 3334 1167 3376 est
1224 3340 1287 3376 ex
1354 3323 1635 3392 Tlteopltili
1688 3327 2077 3392 archiepiscopi

524 3416 869 3469 Alexandrini
902 3415 1124 3484 epistola
1190 3416 1252 3466 ad
1315 3415 1530 3467 Illa-nam
1594 3417 1926 3484 episcopum,
1989 3420 2076 3483 qui

526 3510 742 3575 scripsit
798 3522 889 3560 eos
946 3523 1051 3559 rem
1092 3506 1279 3560 fecisse
1323 3508 1630 3573 legitimam,
1665 3510 1809 3575 quia
1840 3522 2082 3560 commu-

530 3600 686 3651 nione
716 3607 1102 3665 separaverunt
1150 3596 1421 3649 mulierem
1479 3598 1757 3653 facientem
1810 3598 2079 3665 injuriatn,

532 3703 628 3742 nec
660 3687 919 3740 volentem
957 3688 1021 3739 al)
1054 3686 1241 3753 injuria
1272 3686 1563 3740 abstinere.

2162 1880 2419 1947 σπουδὴν,
2477 1878 2639 1940 ὥστε,
2700 1878 2749 1927 εἰ
2817 1874 2918 1943 μὲν
2952 1874 3342 1941 προσήκουσαν
3370 1871 3447 1938 τῷ
3482 1871 3758 1940 ἁμαρτή-

2164 1989 2289 2040 ματι
2322 1971 2416 2021 καὶ
2444 1968 2709 2034 ἀνάλογον
2735 1965 3073 2017 ἐνδείκνυται
3109 1963 3211 2029 τὴν
3247 1963 3571 2029 μετάνοιαν,
3614 1976 3754 2011 συν-

2159 2061 2385 2130 τέμνειν
2416 2060 2508 2112 τδν
2536 2058 2631 2112 τοῦ
2660 2057 2944 2125 ἐπιτιμίου
2982 2056 3176 2125 καιρόν
3199 2073 3213 2086 ·
3279 2056 3328 2107 εί
3361 2054 3417 2106 δὲ
3452 2054 3756 2120 ἀνειμένος

2160 2155 2427 2205 διάκειται
2474 2153 2568 2205 καὶ
2600 2150 2969 2220 ἀμελέστερον
3003 2147 3329 2211 διατίθεται,
3387 2145 3482 2198 καὶ
3514 2161 3758 2215 προστι-

2163 2243 2315 2296 θέναι
2364 2242 2452 2295 τὸν
2484 2242 2675 2309 καιρὸν
2700 2240 2795 2294 τοῦ
2845 2239 3148 2307 ἐπιτιμίου.
3200 2237 3510 2306 Ἰῐπόρηται
3536 2237 3591 2289 δέ
3628 2254 3754 2305 μοι,

2166 2333 2283 2396 πῶς
2304 2333 2331 2384 ὁ
2358 2333 2512 2401 ἆγιος
2540 2327 2698 2395 οὗτος
2728 2332 2788 2384 τὸ
2816 2331 2917 2398 τῆς
2942 2329 3263 2393 πλεονεξίας
3302 2329 3479 2391 πάθος
3539 2328 3760 2397 ἁθερά-

2166 2441 2366 2476 πευτον
2408 2425 2510 2491 ἔφη
2554 2424 2707 2493 παρὰ
2737 2423 2844 2474 τῶν
2876 2423 3133 2491 Πατέρων
3164 2420 3631 2489 καταλειφθῆναι,
3655 2422 3762 2472 καὶ

2166 2516 2339 2569 ταῦτα
2380 2516 2473 2569 τοῦ
2500 2516 2659 2583 ἁγίου
2692 2514 3000 2584 Γρηγορίου
3040 2513 3132 2565 τοῦ
3187 2512 3629 2580 Θαυματουργοῦ
3687 2495 3763 2565 ἔν

2170 2606 2247 2674 τῷ
2274 2607 2441 2677 τρίτῳ
2465 2606 2573 2657 τῶν
2590 2604 2755 2657 αὑτοῦ
2780 2604 3021 2657 κανόνων
3053 2601 3229 2655 ταῦτα
3261 2603 3520 2670 λέγοντος
3540 2620 3553 2633 ο
3585 2602 3763 2671 Δεινὴ

2173 2700 2205 2768 ἡ
2233 2698 2535 2760 πλεονεξία,
2568 2698 2663 2749 καὶ
2699 2698 2799 2748 οὐκ
2826 2695 2943 2747 ἔστι
2991 2695 3058 2745 δι’
3092 2694 3389 2761 ἐπιστολῆς
3422 2694 3764 2761 περιθέσθαι

2174 2788 2238 2839 τὰ
2273 2788 2393 2839 θεία
2429 2787 2755 2855 Γράμματα,
2784 2787 2840 2835 ὲν
2886 2777 2967 2847 οἷς
3002 2782 3062 2835 οὐ
3116 2785 3177 2835 τι
3238 2783 3527 2853 λῃστεύειν
3588 2783 3767 2851 μόνον

2175 2879 2405 2945 φευκτὸν
2460 2880 2551 2929 καὶ
2582 2877 2851 2945 φρικῶδες
2912 2875 3383 2942 καταγγέλλεται·
3428 2875 3567 2927 ἀλλὰ
3617 2876 3766 2926 καθ-

2186 2972 2308 3023 όλου
2340 2971 2398 3023 τὸ
2442 2971 2780 3021 πλεονεκτεῖν
2831 2970 2923 3020 καλ⁵
2966 2969 3025 3019 τὸ
3072 2967 3373 3035 ἀλλοτρίων
3407 2966 3767 3035 ἐφάπτεσθαι

2181 3062 2275 3112 ἐπὶ
2308 3059 2745 3128 αἱσχροκερδείᾳο
2784 3060 2902 3123 καὶ,
2936 3059 3050 3118 Πᾶς
3079 3058 3105 3109 ὁ
3138 3056 3385 3119 τοιοῦτος
3408 3058 3767 3125 ὲκκήρυκτος

2195 3150 2517 3217 Ἐκκλησίας
2540 3148 2696 3201 Θεοῦ.
2717 3149 2837 3210 ῐῐῶς
2853 3144 2943 3200 οῦν
2976 3149 3345 3217 ἀθεράπευτον
3381 3148 3673 3216 περιώςρθη
3706 3150 3773 3202 τὸ

2183 3244 2521 3310 ὲκκὴρυκτνιν
2585 3238 2913 3307 Ἐκκλησίας
2976 3237 3111 3290 Θεοῦ
3176 3241 3350 3289 ποιεῖν
3386 3240 3764 3307 κεκριμένον;

2186 3333 2302 3384 ’Ότι
2356 3331 2411 3381 δὲ
2470 3330 2687 3399 ἐκράτει
2726 3330 2753 3379 ὁ
2814 3328 2992 3379 κανὼν
3022 3327 3174 3390 οὗτος
3202 3328 3294 3379 τοῦ
3318 3328 3768 3397 θαυματουργοῦ

2182 3418 2335 3485 δῆλον
2394 3420 2498 3469 ἁπδλ
2546 3420 2643 3486 τῆς
2698 3418 2833 3485 πρὸς
2887 3419 3076 3485 Μηνᾶν
3133 3416 3431 3469 ἐπίσκοπον
3470 3419 3771 3486 ἐπιστολῆς

2188 3509 2449 3572 Θεοφίλου
2506 3507 2941 3575 ἁρχιεπισκὸπου
2982 3507 3412 3574 ’Λλεξανδρείας,
3452 3512 3774 3576 γράψαντος

2200 3596 2427 3663 νόμιμον
2459 3598 2685 3663 πρᾶγμα
2723 3598 3081 3662 πεποιηκέναι
3110 3599 3233 3658 τοὺς
3266 3599 3610 3665 χωρίσαντας
3668 3604 3774 3666 τῆς

2194 3682 2461 3747 συνάξεως
2490 3685 2583 3752 τὴν
2620 3684 2905 3735 ἀδικοῦσαν
2935 3687 3187 3749 γυναῖκα,
3214 3689 3307 3739 καὶ
3339 3687 3413 3757 μὴ
3433 3688 3777 3759 βουλομένην

2196 3775 2510 3826 ἀναστεῖλαι
2571 3772 2669 3840 τὴν
2699 3773 2929 3826 ἀδικίαν.
3742 3764 3745 3765 ν
