4004 6450
238 323 339 400 ενι

853 458 1216 525 Ἀπόκρισις.

1268 316 1348 389 IN
1392 320 1741 388 CAXONES
1769 321 2154 385 ΤΙΜΟἸἮΕΙ
2184 322 2402 385 ALEX.

3377 323 3482 390 898

2543 450 2847 524 Responsio.

318 576 339 609 ο
363 553 716 611 ’Διιολύεσθαι
746 550 946 621 ὀφείλει
981 544 1413 619 μεταλαμϐάνειν
1445 542 1540 596 καὶ
1561 541 1659 611 τῆς
1688 557 1799 612 τρο-

1992 559 2010 591 ι
2040 538 2259 597 Αὺεοινί
2289 541 2447 596 debet
2489 551 2747 613 wgrotus,
2779 553 2839 599 ut
2867 546 3047 600 cibum
3080 558 3133 602 et
3157 562 3341 616 petum
3379 566 3473 603 ca-

243 647 351 717 φῆς
388 649 482 702 καὶ
519 645 615 701 τοῦ
662 641 823 697 ποτοῦ
854 643 882 696 6
908 639 1169 703 ἀσθενῶν,
1212 637 1347 709 πρὸς
1380 635 1409 689 6
1439 634 1663 688 δύναται
1710 630 1807 701 βαυ

246 738 459 791 στάσαι.
488 737 564 790 T6
584 734 693 805 γάρ
718 720 1148 804 μεταλαμῦάνειν
1173 728 1349 784 ἐλαίου
1370 726 1461 779 τὸν
1483 720 1630 787 ἀπαξ
1652 725 1808 775 ἐκτα-

244 827 430 890 κέντα,
462 824 669 878 δίκαιόν
699 824 862 876 ἐστιν.
893 839 913 872 ι

322 915 512 969 ΒΔΑΣ.
555 914 689 985 Περὶ
717 910 999 973 νοσοῦντος
1048 908 1140 969 καὶ
1181 904 1510 965 ἑκτακέντος
1562 899 1667 954 ὑπὸ
1711 897 1811 967 τῆς

244 1004 401 1057 νόσου
437 1007 469 1075 ἡ
507 1002 803 1075 ἐρώτησιςο
852 1002 899 1054 εί
945 997 1149 1066 ὀφείλει
1194 997 1251 1049 εν
1288 997 1354 1065 τῇ
1390 992 1480 1047 δίἀ
1520 992 1581 1044 τὸ
1622 989 1814 1057 Πάσχα

245 1096 468 1167 νηστείᾳ
506 1095 722 1158 πάντως
750 1089 1059 1164 νηστεῦσαι,
1099 1088 1217 1141 ἀντὶ
1261 1084 1378 1149 τοῦ,
1404 1080 1810 1151 ἀπαραιτήτως,

241 1185 604 1256 ἀσυμπαθῶς,
645 1183 680 1256 ἢ
718 1183 1005 1255 μετασχεῖν
1051 1181 1194 1233 οῐνου
1241 1176 1331 1231 καὶ
1377 1173 1558 1227 ἐλαίου
1603 1168 1690 1224 διά
1712 1166 1812 1238 τὴν

242 1275 549 1330 ἀσθένειαν.
567 1275 631 1328 Ἡ
655 1276 710 1328 δὲ
739 1274 1027 1345 ἀπόκρισις
1053 1269 1222 1336 λέγει,
1255 1267 1338 1321 ὅτι
1382 1264 1475 1318 τὸν
1516 1257 1813 1345 ὲκτακὲντα

241 1366 309 1419 ὲκ
350 1366 529 1427 νόσου,
560 1364 764 1418 δίκαιον
796 1361 889 1415 καὶ
926 1360 1070 1414 οίνου
1106 1359 1198 1412 καὶ
1242 1354 1423 1409 ελαίου
1472 1344 1816 1422 μεταλαμᾱὶ-

244 1474 380 1520 νειν,
427 1455 503 1519 ὡς
547 1456 769 1510 δύναται
810 1449 1116 1522 ὑπομεῖναι,
1148 1449 1335 1520 ἠγουν,
1385 1445 1419 1515 ἢ
1465 1441 1656 1503 διόλου,
1689 1438 1722 1509 ἢ
1753 1439 1813 1489 ὲν

243 1545 481 1615 ἡμέραις
506 1545 637 1607 τισὶ,
660 1542 800 1596 κατὰ
826 1540 922 1611 τὴν
951 1539 1130 1611 κρίσιν
1158 1535 1251 1590 τοῦ
1280 1528 1687 1601 οίκονομοῦντος
1714 1526 1812 1579 αὐ-

242 1635 356 1687 τόν.
404 1633 742 1704 Σημειωτέον
785 1627 878 1685 οὖν
917 1631 983 1682 ὲκ
1007 1626 1198 1681 τούτου
1231 1623 1324 1677 τοῦ
1372 1620 1591 1682 κανόνος
1626 1618 1717 1670 καὶ
1749 1617 1815 1669 ὲκ

242 1722 339 1777 τοῦ
368 1730 438 1793 η’,
471 1724 552 1775 ὃτι
579 1726 615 1792 ή
644 1721 869 1791 νηστεία
889 1719 989 1787 τῆς
1025 1710 1476 1786 Τεσσαρακοστῆς
1499 1706 1593 1760 τοῦ
1624 1704 1813 1774 Πάσχα

244 1812 553 1884 ξηροφαγία
581 1811 748 1876 ἐστὶν,
777 1808 911 1863 ἀλλά
940 1806 1035 1860 καὶ
1063 1804 1207 1858 οἴνου
1230 1802 1428 1871 ἀποχὴ.
1460 1797 1614 1860 Τινὲς
1640 1796 1696 1848 δὲ
1722 1794 1815 1848 καὶ

244 1903 304 1955 ὲν
344 1902 549 1971 ἀμφοῖν
573 1902 684 1963 τοῖς
716 1899 904 1952 κανόσι
928 1896 1160 1959 τούτοις,
1188 1893 1287 1964 τὴν
1310 1894 1366 1945 ὲν
1392 1890 1469 1961 τῷ
1501 1890 1689 1958 Πάσχα
1721 1902 1815 1971 νη-

247 1989 454 2053 στείαν,
489 1988 589 2057 τὴν
616 1987 722 2039 τῶν
754 1987 925 2054 ἁγίων
951 1983 1146 2038 Παθῶν
1175 1980 1444 2050 ἑϐδομάδα
1474 1977 1719 2046 λέγουσιν
1742 1992 1766 2028 ε

244 2096 351 2143 ναι,
379 2079 472 2132 καὶ
499 2079 560 2131 οὑ
593 2080 768 2131 πᾶσαν
789 2075 886 2147 τὴν
919 2073 1391 2146 Τεσσαρακοστήν.

869 2165 1210 2231 Ἐρώτησις.

319 2274 340 2306 ι
387 2256 485 2318 El;
511 2254 574 2308 τὺ
603 2252 790 2319 ζεῦξαι
830 2254 1004 2323 γάμον
1034 2253 1129 2305 ἐὰν
1157 2249 1361 2320 καλέσῃ
1404 2264 1488 2309 τις
1536 2242 1810 2314 κληρικὺν,

243 2346 453 2417 ἀκούσῃ
512 2345 570 2399 δὲ
631 2346 723 2399 τὸν
780 2345 957 2415 γάμον
1004 2344 1342 2416 παράνομον,
1389 2340 1421 2410 ἦ
1472 2338 1811 2406 θειογαμιαν,

244 2437 413 2507 ἧγουν
455 2435 688 2504 ἀδελφὴν
724 2434 1123 2505 τελευτησάσης
1166 2431 1422 2500 γυναικὸς
1462 2429 1559 2497 τὴν
1584 2426 1815 2497 μέλλου-

246 2543 346 2580 σαν
382 2524 727 2592 ζεύγνυσθαι,
758 2525 808 2576 εί
854 2522 1057 2592 ὀφείλει
1086 2520 1450 2589 ἀκολουθῆσαι
1475 2518 1503 2570 ὁ
1532 2514 1811 2587 κλτςρικὺς,

244 2617 278 2686 ἢ
312 2615 627 2687 προσφοράν
657 2614 910 2684 mutilam;
952 2631 972 2666 ι

855 2703 1207 2771 Ἀπόκρισις.

320 2818 339 2849 ι
365 2795 548 2861 ’Δπαξ
569 2795 777 2849 εἴπατε·
794 2793 919 2848 Ἐάν
959 2793 1167 2867 ἀκούσῃ
1186 2795 1214 2846 6
1240 2791 1495 2863 κληρικδς
1521 2788 1611 2842 τὸν
1638 2788 1814 2857 γάμον

244 2888 578 2959 παράνομον,
621 2888 683 2939 El
712 2882 803 2938 οὖν
832 2887 861 2938 6
907 2884 1083 2954 γάμος
1120 2883 1434 2953 παράνομός
1490 2882 1655 2941 ἔστιν,
1713 2878 1815 2930 οὐκ

241 2978 450 3047 ὀφείλει
498 2978 529 3029 6
579 2975 835 3048 κληρικδς
890 2976 1164 3028 κοινωνεῖν
1224 2971 1517 3042 ἁμαρτίαις
1573 2965 1814 3035 ἀλλοτρί-

245 3084 357 3129 αις.
386 3084 407 3119 ι

319 3154 499 3207 ΒΑΛΣ
575 3152 713 3216 Τοὺς
744 3147 1036 3222 κληςιικοὺς
1069 3147 1177 3211 δεῖ,
1236 3144 1390 3215 φησι,
1450 3140 1815 3211 καλουμένους

242 3247 326 3310 είς
369 3243 591 3312 τελετὴν
638 3242 830 3312 γάμων
866 3279 880 3304 ,
936 3238 1076 3292 ὥστε
1115 3233 1503 3303 εὖξασθαικαὶ
1555 3230 1812 3295 συζεῦξαι

240 3338 371 3400 τοὺς
399 3332 865 3405 νυμφευομένους,
906 3332 954 3383 εί
999 3328 1291 3384 ἀκούσουσι
1329 3323 1643 3392 παράνομον
1676 3316 1812 3373 εἶναι

239 3429 334 3481 τὸν
374 3428 573 3496 γᾷμον,
616 3422 691 3495 μὴ
729 3420 1084 3492 ἀπέρχεσθαι,
1148 3420 1282 3489 μήτε
1336 3412 1590 3483 εὔχεσθαι
1620 3450 1635 3476 ,
1676 3412 1812 3482 μήτε

242 3515 600 3588 προσςέρειν,
658 3512 749 3566 καὶ
802 3510 941 3564 οῦτω
993 3506 1266 3562 κοινωνεῖν
1313 3501 1608 3574 ἁμαρτίαις
1659 3500 1813 3555 ἀλλο-

240 3608 447 3679 τρίαις.

866 3688 1206 3757 Ἐρώτησις.

322 3805 342 3838 ι
365 3785 491 3838 Ἐὰν
515 3780 849 3854 ὀνειρασθεὶς
877 3783 905 3833 6
933 3780 1117 3843 λαῖκὸς
1157 3777 1409 3850 ἐρωτήσῃ
1442 3772 1725 3844 κληρικδν,
1761 3771 1810 3823 εί

240 3877 449 3949 όςείλει
477 3874 764 3947 ἐπιτρέψαι
803 3870 951 3942 αὐτῷ
984 3869 1332 3939 κοινωνῆσαι,
1370 3868 1404 3938 ἢ
1442 3864 1540 3932 οῦ;
1580 3886 1598 3918 ι

854 3962 1205 4030 Ἀπόκρισις.

314 4076 335 4110 ε
363 4058 423 4111 El
460 4056 557 4127 μὲν
592 4052 868 4107 ὑπόκειται
902 4049 1164 4121 ἐπιθυμία
1198 4048 1476 4119 γυναικὸς,
1514 4047 1612 4099 οὐκ
1655 4043 1809 4112 ὀφεί-

240 4152 361 4204 λει·
400 4150 452 4202 εί
491 4147 548 4201 δὲ
595 4147 623 4199 6
654 4144 895 4205 Σατανᾶς
933 4141 1181 4213 πειράζει
1226 4141 1409 4202 αὐτὸν,
1450 4140 1536 4191 ῖνα
1581 4137 1667 4191 διὰ
1709 4137 1810 4206 τῆς

243 4241 569 4311 προτάσεως
599 4234 805 4304 ταύτης
844 4232 1199 4305 ἀλλοτριῶται
1228 4232 1330 4301 τῆς
1367 4230 1650 4292 κοινωνίας
1699 4227 1808 4281 τῶν

242 4332 403 4383 θείων
435 4326 766 4398 μυστηρίων,
798 4323 1000 4393 ὀφείλει
1033 4321 1379 4390 κοινωνῆσαι.
1415 4321 1566 4373 Ἐπεὶ
1586 4319 1644 4371 οὗ
1672 4317 1804 4372 παύο

244 4437 394 4474 σεται
424 4421 453 4472 6
487 4417 760 4489 πειράζων
802 4416 920 4466 κατ’
955 4415 1160 4465 ἐκεῖνον
1191 4412 1281 4464 τὸν
1305 4411 1515 4481 καιρὸν,
1543 4410 1631 4462 ὅτε
1660 4407 1807 4476 ὀφεί-

241 4513 321 4573 λει
354 4507 645 4569 κοινωνεῖν,
671 4504 1044 4575 ἐπιτιθέμενος
1078 4502 1245 4574 αὐτῷ.
1275 4521 1293 4553 ι

1769 1942 1879 2028 μς

1917 631 2053 702 piat,
2088 641 2349 700 quantum
2386 631 2526 689 ferre
2556 645 2751 703 potest.
2784 635 2918 689 Eum
2963 638 3130 701 enim,
3171 639 3263 707 qui
3306 637 3476 692 semel

1916 730 2222 779 attenuatus
2263 731 2367 788 est,
2401 738 2523 779 esse
2563 724 2668 780 olei
2722 727 3038 795 participem
3082 743 3295 796 aequum
3326 737 3470 783 est.»
3515 741 3531 757 ‘

1985 893 2144 950 Bas.
2190 894 2262 951 De
2291 911 2376 959 eo,
2398 896 2493 966 qui
2537 907 2780 968 aegrotat,
2812 910 2866 956 et
2900 902 3090 956 morbo
3118 910 3476 971 consumptus

1915 992 2019 1049 est,
2053 986 2113 1038 lit
2146 984 2526 1055 interrogatio;
2557 987 2786 1044 debctne
2815 991 2867 1043 in
2887 990 3095 1059 jejunio
3126 980 3347 1059 propter
3375 990 3477 1044 Pa-

1915 1072 2045 1127 scha
2079 1075 2300 1128 omnino
2342 1075 2610 1144 jejunarc,
2658 1078 2762 1132 hoc
2805 1084 2908 1143 est,
2946 1079 3386 1133 inexcusabiliter
3423 1087 3478 1131 tt

1913 1164 2118 1233 absque
2166 1165 2272 1219 ulla
2316 1168 2808 1234 commiseratione,
2848 1184 2915 1222 au
2971 1170 3154 1222 vinum
3205 1179 3258 1222 et
3296 1169 3473 1222 oleum

1913 1268 2130 1308 sumere
2147 1263 2362 1324 propter
2381 1256 2836 1311 imbecillitatem?
2866 1255 3166 1325 Responsio
3198 1266 3377 1310 autem
3401 1256 3478 1309 di-

1912 1343 2005 1408 cit,
2057 1347 2202 1413 quod
2246 1346 2312 1418 is,
2341 1346 2433 1414 qui
2487 1348 2677 1400 morbo
2722 1358 3075 1417 consumptus
3127 1356 3228 1409 est,
3283 1363 3476 1415 capere

1918 1433 2070 1488 debet
2091 1433 2272 1488 vinum
2303 1444 2357 1489 et
2398 1437 2597 1500 oleum,
2627 1448 2887 1506 quantum
2936 1437 3076 1492 ferre
3106 1448 3281 1506 potest
3308 1454 3321 1489 :
3351 1454 3474 1506 per-

1912 1534 2073 1593 petuo
2118 1525 2342 1589 scilicet,
2373 1526 2456 1580 vel
2506 1527 2557 1579 in
2608 1528 2877 1595 aliquibus
2918 1528 3129 1592 diebus,
3173 1530 3470 1587 secundum

1912 1614 2167 1682 judicium
2211 1616 2332 1685 ejus
2367 1618 2459 1686 qui
2502 1617 2650 1671 illum
2692 1619 2988 1686 dispensat.
3021 1617 3155 1671 Nota
3189 1628 3369 1671 autem
3407 1632 3474 1670 et

1912 1704 2013 1757 hoc
2042 1719 2247 1760 canone
2293 1716 2348 1761 et
2395 1723 2514 1774 νιιι,
2545 1708 2685 1777 quod
2731 1708 2997 1777 jejunium
3036 1707 3475 1777 Quadragesimm

1911 1791 2129 1848 Pascha:
2160 1804 2244 1850 est
2285 1797 2564 1851 aridorum
2603 1813 2731 1851 csus
2787 1808 2840 1851 et
2873 1814 2904 1852 a
2958 1800 3085 1851 vino
3124 1798 3469 1851 abstinentia.

1911 1872 2161 1937 Nonnulli
2206 1895 2386 1939 autem
2418 1886 2624 1949 dicunt,
2674 1887 2725 1939 in
2772 1888 3018 1956 utrisque
3058 1888 3142 1940 his
3175 1887 3473 1941 canonihus

1901 1972 2166 2043 jejunium
2192 1974 2246 2029 in
2278 1974 2565 2041 Paschate,
2592 1992 2713 2030 esse
2738 1990 2944 2031 sancta:
2965 1977 3240 2032 Passionis
3271 1976 3474 2031 hebdo-

1906 2066 2139 2131 madam,
2163 2075 2217 2121 et
2247 2080 2356 2120 non
2386 2082 2604 2120 omnem
2640 2067 3142 2138 Quadragesimam.

2320 2150 2481 2219 168
2493 2156 2866 2229 Interrogatio.

1977 2264 1995 2298 ι
2031 2245 2087 2302 Si
2117 2248 2242 2317 quis
2266 2249 2525 2303 clericum
2556 2250 2853 2313 vocaverit,
2888 2259 2946 2304 ut
2972 2249 3324 2304 matrimonio
3347 2264 3470 2303 con-

1898 2338 2111 2408 jungat,
2144 2338 2327 2393 audiat
2372 2350 2549 2395 autem
2586 2356 2710 2395 esse
2741 2341 2985 2394 illicitqu
3037 2341 3469 2405 matrimonium,

1903 2438 2083 2497 utpote
2114 2430 2196 2484 vel
2240 2432 2419 2486 amita:
2462 2432 2799 2502 conjugium,
2831 2433 2912 2485 vel
2960 2433 3229 2486 defuncta:
3282 2433 3468 2484 uxoris

1900 2534 2021 2574 esse
2049 2537 2286 2576 sororem
2306 2539 2447 2588 eam,
2464 2541 2581 2591 quae
2604 2535 2681 2578 est
2702 2524 3054 2578 matrimonio
3069 2526 3465 2592 conjungeu‘n,

1899 2610 2125 2666 debetue
2151 2614 2304 2682 sequi
2333 2613 2565 2669 clericus
2588 2617 2669 2668 vel
2704 2614 2879 2670 facere
2911 2616 3279 2671 oblationem?
3303 2637 3322 2669 ι

2531 2704 2832 2773 Rcsponsio.

1972 2811 1992 2844 ι
2028 2790 2147 2849 Uno
2168 2795 2333 2850 verbo
2362 2795 2523 2852 dicite
2549 2816 2561 2851 :
2587 2796 2640 2851 Si
2664 2800 2929 2852 audiverit
2954 2798 3183 2853 clericus
3219 2799 3456 2853 illicitum
3521 2810 3527 2817 ·

1908 2882 2328 2938 natrimonium.
2367 2884 2422 2938 Si
2456 2901 2583 2953 ergo
2620 2896 2705 2940 est
2750 2888 2995 2940 illicitum
3030 2888 3459 2950 matrimonium,

1899 2984 2006 3024 non
2034 2971 2190 3026 debet
2216 2971 2447 3026 clericus
2481 2973 2671 3028 alienis
2700 2976 2935 3044 peccatis
2981 2977 3403 3031 communicare.
3438 2996 3455 3029 ι

1967 3147 2123 3204 Bus.
2156 3148 2399 3219 Oportet,
2437 3150 2632 3220 inquit,
2665 3151 2912 3218 clericos,
2943 3153 3033 3221 qui
3086 3152 3149 3207 ad
3184 3153 3461 3205 matrimo-

1898 3239 1971 3292 nii
2016 3240 2332 3309 mysterium
2371 3240 2753 3295 celebrandum
2789 3252 3054 3296 vocantur
3091 3251 3152 3295 ut
3200 3254 3377 3307 orent,
3410 3254 3463 3295 et

1896 3344 2126 3399 sponsos
2147 3331 2502 3402 conjungant,
2526 3334 2571 3387 si
2590 3333 2893 3388 audiverint
2918 3350 3039 3388 esse
3073 3334 3317 3388 illicitum
3346 3350 3463 3385 rna-

1895 3420 2232 3485 trimonium,
2270 3437 2367 3477 nec
2392 3423 2562 3486 abire,
2590 3440 2691 3478 nec
2725 3442 2787 3479 or
2827 3440 2903 3489 re,
2932 3442 3029 3480 nec
3059 3425 3272 3489 oﬂ’errc,
3306 3434 3357 3477 et
3384 3424 3461 3477 sic

1895 3508 2087 3565 alienis
2121 3513 2354 3581 peccatis
2381 3517 2809 3571 communicare.

2489 3691 2861 3763 Interrogatio.

1972 3795 1993 3830 ι
2033 3776 2089 3833 Si
2120 3779 2311 3848 laicus,
2346 3781 2438 3851 qui
2470 3784 2780 3847 somniavit,
2807 3785 3061 3839 clericum
3092 3785 3458 3854 interrogave-

1900 3869 1968 3925 rit
1993 3886 2059 3926 an
2089 3871 2246 3927 debet
2269 3873 2316 3927 ci
2346 3874 2655 3943 permittere
2689 3877 3109 3942 eonnnuuicare,
3146 3892 3212 3929 an
3244 3876 3426 3930 non?)

2522 3964 2828 4033 Responsio.

1969 4079 1987 4111 ι
2032 4056 2087 4112 Si
2133 4057 2321 4112 subest
2369 4056 2587 4126 quidem
2640 4058 2881 4111 mulieris
2933 4057 3292 4119 desiderium,
3351 4072 3457 4111 non

1893 4149 2090 4205 debet:
2122 4151 2206 4204 sin
2238 4160 2415 4203 autem
2456 4157 2625 4202 tentat
2651 4164 2773 4201 eum
2809 4146 3061 4213 Satanas,
3088 4157 3144 4201 ut
3189 4165 3282 4217 per
3322 4150 3461 4203 hanc

1892 4242 2233 4297 occasionem
2261 4256 2290 4295 a
2324 4241 2629 4294 dixiuorum
2666 4241 3047 4310 mysteriorum
3078 4256 3234 4293 eomn
3262 4240 3461 4293 unione

1892 4334 2178 4396 alicnetur,
2196 4332 2354 4386 debet
2384 4332 2811 4385 communicare.
2840 4329 3021 4397 Neque
3056 4332 3196 4384 enim
3228 4330 3461 4384 cessabit

1896 4418 2132 4475 téutator
2171 4435 2236 4474 eo
2280 4430 2544 4489 tempore,
2575 4421 2795 4489 quando
2828 4421 2985 4476 debet
3026 4422 3454 4486 communicare,

1895 4512 2044 4566 illum
2082 4510 2351 4563 invadere.
2386 4528 2406 4560 ι

311 4600 507 4655 ΒᾹΛΣ.
549 4597 683 4668 Περὶ
723 4596 831 4648 τῶν
886 4597 944 4647 ὲν
981 4593 1211 4665 ὀνείροις
1263 4589 1699 4662 φανταζομένων,
1728 4582 1808 4652 οἷς

1968 4596 2123 4651 Βλιε.
2162 4597 2234 4650 De
2260 4597 2345 4661 iis,
2379 4596 2577 4666 quibus
2607 4597 2718 4651 visa
2754 4613 2812 4652 se
2854 4597 2907 4651 in
2945 4599 3173 4654 somniis
3203 4598 3481 4663 oﬂ‘crunt,

240 4693 334 4745 καὶ
363 4690 676 4758 σπέρματος
708 4687 838 4749 ἴσως
870 4685 1077 4753 γίνεται
1119 4685 1307 4755 ὲκροὴ,
1340 4683 1504 4751 φησιν
1540 4684 1568 4735 6
1619 4683 1809 4750 Πατὴρ

239 4775 393 4842 οὗτος
413 4818 428 4843 ,
460 4780 543 4832 δτι
568 4778 616 4829 εί
645 4776 742 4847 μὲν
772 4774 878 4846 πρὸ
904 4775 1091 4829 τούτου
1114 4773 1445 4845 προσέϐαλλε
1484 4773 1559 4842 τῷ
1598 4772 1808 4842 δνειρα-

242 4871 420 4923 σθένει
455 4866 746 4936 ἐπιθυμίας
791 4865 1050 4934 γυναικὸς
1097 4864 1374 4934 λογισμὸς,
1416 4864 1509 4917 καὶ
1539 4865 1806 4933 ἐνέμεινεν

238 4961 268 5012 6
304 4958 429 5023 νοῦς
477 4957 569 5010 ἐπὶ
600 4958 664 5026 τῇ
698 4955 983 5025 ἐπιθυμία,
1018 4958 1112 5009 καὶ
1148 4954 1578 5025 ὲνεφιλοχὼρησε
1612 4954 1803 5026 ταύτῃ,

240 5048 534 5104 κάντεῦθεν
570 5050 603 5117 ἡ
632 5047 919 5115 φαντασία,
949 5046 1151 5116 ὲπῆλθε
1186 5048 1219 5117 ἡ
1252 5045 1406 5117 ῥύσις
1435 5046 1528 5098 τοῦ
1560 5047 1805 5117 σπέρμα·

238 5156 357 5202 τος·
393 5140 494 5191 οὐκ
536 5138 739 5206 ὀφείλει
793 5136 1131 5205 μεταλαϐεῖν.
1185 5138 1291 5188 Καὶ
1325 5137 1581 5201 είκότως’
1619 5139 1650 5205 ἢ
1697 5138 1805 5206 γὰρ

240 5228 640 5295 συγκατάθεσις
670 5227 893 5297 ὲμόλυνε
916 5228 1006 5279 τὸν
1034 5226 1292 5296 λογισμὸν
1337 5227 1430 5279 τοῦ
1465 5228 1802 5297 ὀνειρασθέν-

238 5339 347 5383 τος.
386 5319 495 5371 Καὶ
529 5317 643 5379 πῶς
685 5315 820 5385 μετά
868 5314 1107 5368 τοιούτου
1142 5315 1400 5384 λογισμοῦ
1448 5316 1803 5385 προσελεύσε-

237 5428 323 5463 ται
350 5410 465 5470 τοῖς
503 5406 737 5474 Ἀγίοιςς
770 5407 831 5458 Et
872 5406 924 5457 δὲ
963 5406 1112 5459 οὐδὲν
1151 5408 1387 5460 τοιοῦτον
1433 5409 1797 5478 προηγήσατο,

239 5499 329 5551 τοῦ
358 5482 626 5554 διαϐόλου.
660 5496 843 5566 φησὶν,
871 5496 987 5547 ἐστὶ
1014 5499 1198 5567 πεῖρα,
1227 5497 1313 5550 ἵνα
1336 5496 1507 5561 οὕτως
1538 5498 1803 5563 ἀποξενῶ-

239 5607 327 5641 ται
358 5588 521 5640 αὐτὸν
548 5588 647 5656 τῆς
689 5588 838 5649 θείας
882 5589 1163 5649 κοινωνίας
1188 5604 1201 5616 ·
1243 5587 1334 5639 καὶ
1384 5587 1464 5639 δεῖ
1497 5587 1657 5640 αὑτὸν
1690 5605 1800 5641 κοι-

240 5683 445 5733 νωνεῖν.
476 5680 540 5732 Ei
572 5680 680 5750 γάρ
725 5679 807 5750 ίδῃ
855 5679 883 5729 6
932 5678 1169 5749 Πονηρὸς
1205 5677 1345 5731 οῦτω
1375 5679 1799 5751 κατορθούμενον

1894 4688 2093 4757 quibus
2138 4687 2297 4740 etiam
2344 4687 2401 4740 lit
2460 4685 2688 4741 fortasse
2727 4685 2901 4741 ﬂuxus
2937 4688 3181 4753 seminis,
3208 4688 3339 4742 dicit
3372 4689 3458 4742 hic

1896 4777 2083 4839 Pater,
2109 4778 2248 4845 quod
2281 4776 2323 4830 si
2359 4777 2604 4831 mulieris
2646 4778 2973 4832 desiderium
3005 4779 3060 4832 iu
3094 4793 3160 4832 eo
3186 4779 3278 4847 qui
3312 4794 3459 4832 som-

1897 4867 2027 4930 niat,
2066 4866 2316 4935 cogitatio
2349 4876 2504 4919 antea
2531 4866 2859 4927 accenderit.
2890 4878 2942 4921 ct
2982 4884 3137 4922 meus
3166 4869 3217 4921 in
3244 4870 3460 4923 deside-

1894 4957 1975 5010 rio
2010 4957 2322 5026 perstiterit,
2350 4958 2508 5024 eique
2540 4971 2795 5010 assensus
2832 4968 2933 5021 est,
2955 4968 3007 5011 ct
3035 4975 3099 5011 cx
3121 4973 3187 5012 eo
3216 4959 3292 5011 illi
3320 4960 3456 5011 νίδίιι

1894 5047 2073 5101 oblata
2103 5055 2202 5107 est,
2230 5055 2282 5099 et
2316 5045 2481 5098 ﬂuxio
2520 5046 2744 5099 seminis
2778 5056 2862 5099 est
2892 5056 3202 5111 consecuta,
3229 5049 3459 5104 nonde-

1895 5136 1982 5189 bct
2023 5133 2442 5188 communicare.
2483 5131 2555 5185 Et
2584 5134 2774 5187 merito
2809 5152 2821 5186 :
2852 5134 3100 5189 assensio
3126 5136 3269 5188 enim
3313 5136 3451 5203 cjus,

1893 5227 1983 5294 qui
2002 5226 2308 5283 somniavit.
2331 5239 2561 5279 mentem
2587 5226 2804 5291 polluit,
2829 5236 2879 5279 et
2908 5226 3179 5293 quomodo
3200 5242 3322 5279 eum
3355 5228 3454 5279 hac

1892 5316 2214 5384 cogitatione
2253 5316 2319 5369 ad
2349 5315 2543 5368 Sancta
2574 5315 2825 5368 accedet?
2862 5315 2954 5368 Sin
2981 5324 3159 5368 autem
3190 5316 3321 5367 nihil
3351 5317 3455 5369 tale

1892 5407 2188 5477 praeessit,
2224 5413 2307 5459 est
2346 5404 2565 5467 diaboli,
2604 5402 2799 5473 inquit,
2834 5406 3091 5469 tentatio‘;
3124 5414 3179 5459 ut
3220 5406 3300 5459 sic
3328 5422 3451 5459 euut

1892 5500 2089 5552 alienet
2113 5512 2143 5550 a
2174 5496 2352 5550 divina
2378 5496 2760 5550 communione
2793 5514 2805 5549 :
2838 5507 2888 5549 et
2913 5504 3127 5562 oportet
3163 5510 3285 5549 eum
3311 5512 3453 5550 com—

1896 5590 2193 5643 municare.
2261 5587 2318 5642 Si
2370 5586 2511 5639 enim
2550 5586 2764 5641 sciverit
2806 5586 2977 5639 Malus
3031 5602 3088 5639 sc
3146 5602 3240 5655 per
3305 5603 3449 5640 som-

1896 5679 2043 5733 nium
2076 5678 2305 5738 efficere.
2337 5693 2401 5733 uc
2423 5680 2491 5733 sit
2518 5659 2838 5733 sn‘cranicuti
2868 5680 3168 5748 purticvps:
3198 5696 3302 5733 nou
3331 5694 3446 5734 ces-
