4004 6478
517 330 621 395 903
1773 328 2051 390 TUEOD.
2091 326 2489 388 BALSAMON
3653 322 3763 383 904

783 472 1880 494 *ῌώ--κ--φ-ῄ-
1901 479 2410 487 -———————-—'——

1330 573 1394 647 Τ
1401 569 1553 654 ΟΥ
1613 569 1987 654 ΑΥΤΟΥ
2041 570 2941 656 ΥΠΟΜΝΗΣΤΙΚΟΝ

1578 744 1752 817 Ὅπερ
1781 745 1939 800 ἔλαϐε
1968 744 2218 815 Ἀμμῶν,
2257 745 2343 799 διὰ
2377 747 2476 817 τὴν
2511 747 2694 803 Λυκώ.

540 481 778 497 w

791 955 1148 1018 EIUSDEM
1183 950 1880 1014 COMMONITORIUM
1911 953 2134 1026 QUOD
2164 954 2498 1016 ACCEPIT
2537 954 2831 1015 AMMON
2883 952 3249 1015 PROPTER
3281 955 3522 1016 LYCO.

1151 1139 1377 1193 clauos
1417 1139 1453 1192 ι.
2117 1155 2162 1208 Α

2117 1155 2162 1208 Α
2791 1143 3028 1198 ΚΔΝΩΝ
3083 1143 3161 1195 A’.

595 1231 668 1284 De
698 1233 761 1285 iis
785 1233 870 1301 qui
901 1233 1112 1284 Arianis
1154 1233 1687 1295 communicaverunt,
1729 1240 1778 1284 et
1819 1231 2082 1288 Ecclesias

2257 1235 2397 1303 Περὶ
2437 1234 2553 1288 τῶν
2589 1234 3084 1300 κοινωνησάντων
3132 1230 3255 1296 τοῖς
3313 1229 3638 1298 Ἄρειανοῒς
3677 1226 3787 1283 καὶ

521 1323 620 1374 huc
654 1338 812 1390 usque
843 1323 1095 1387 detinent,
1126 1333 1177 1374 ut
1205 1340 1256 1375 se
1287 1321 1437 1374 habet
1465 1323 1803 1382 consuetudo,
1834 1325 1931 1390 ﬁat
1963 1340 1981 1377 .'
2007 1327 2082 1377 ita

2207 1326 2358 1394 ιέχρι
2389 1326 2505 1379 νῦν
2550 1325 2656 1389 τὰς
2685 1326 3053 1391 Ἐκκλησίας
3085 1323 3483 1388 κατεχόντων,
3519 1321 3599 1385 ὡς
3641 1321 3788 1385 ἔθος

522 1422 694 1465 tamen
730 1424 784 1464 ut
815 1415 908 1465 alii
943 1416 1356 1473 constituantur,
1393 1414 1478 1480 qui
1510 1414 1561 1464 in
1599 1413 1910 1466 orthodoxia
1942 1417 2086 1468 testi-

2210 1415 2460 1474 ~tw500w,
2492 1414 2643 1466 οὕτω
2683 1412 2883 1481 μέντοι
2928 1411 3169 1478 ἐτέρους
3209 1409 3587 1478 καταστῆναι
3627 1424 3791 1481 μαρ-

521 1502 764 1568 ﬁcentur,
790 1513 836 1554 et
869 1503 947 1554 illi
988 1512 1350 1571 permaneant.
1388 1502 1482 1554 llis
1510 1519 1708 1570 quoque
1759 1503 1833 1554 ita
1879 1503 2088 1570 dispen-

2209 1504 2591 1572 rvpovpérovq
2647 1505 2714 1556 ἐν
2777 1504 3122 1570 ὀρθοδοξίᾳ,
3170 1502 3496 1566 κάκείνους
3540 1497 3790 1558 αὐλίζε-

521 1593 673 1653 satis,
701 1604 754 1643 ut
792 1593 912 1645 aliis
950 1592 1162 1645 urbibus
1184 1591 1464 1644 orthodoxi
1492 1594 1540 1643 in
1572 1591 1831 1645 Thebaide
1863 1595 2090 1660 episcopi

2211 1599 2346 1648 r0ut.
2392 1596 2588 1658 Οὕτως
2625 1594 3133 1663 οἰκονομουμένων
3172 1592 3543 1653 καὶτούτων,
3571 1589 3792 1656 ὥσπερ

520 1678 773 1746 fecerunt,
806 1681 892 1749 qui
932 1679 994 1731 ab
1033 1680 1270 1746 episcopo
1302 1679 1541 1746 Apolline
1575 1681 1872 1745 constituti,
1915 1691 1964 1733 et
2003 1683 2090 1749 qui

2210 1687 2287 1738 ταὶ
2321 1687 2389 1736 ἐν
2421 1688 2549 1749 ταῖς
2575 1685 2793 1750 ἄλλαις
2823 1688 3039 1738 πόλεσι
3086 1683 3497 1748 πεποιήκασιν
3524 1685 3579 1735 οἱ
3604 1682 3680 1733 ἐν
3705 1678 3791 1748 τῇ

519 1785 636 1820 cum
685 1769 897 1822 Arionis
931 1768 1195 1820 Ecclesias
1244 1770 1553 1821 habentibus
1615 1771 2085 1832 communicantes,

2214 1761 2431 1839 ἱιιδαῖδι
2491 1773 2798 1839 ὀρθόδοξοι
2848 1777 3203 1835 ἐτίσκοποι,
3257 1774 3310 1824 οί
3362 1769 3795 1831 καταστάντες

520 1859 846 1925 puniantur;
892 1859 937 1910 si
982 1857 1185 1926 quidem
1230 1859 1462 1923 ipsorum
1506 1860 1772 1910 voluntate
1812 1860 1905 1910 hoc
1955 1859 2090 1926 fece-

2207 1865 2349 1931 ταρὰ
2379 1864 2483 1917 τοῦ
2526 1866 2894 1926 Ἀπόλλωνος
2939 1862 3044 1914 τοῦ
3098 1863 3461 1925 ἐπισκόπου,
3507 1861 3608 1912 καὶ
3655 1877 3788 1911 κοι-

523 1958 676 2011 runt,‘
717 1949 798 2001 sin
832 1960 1004 2000 autem
1047 1950 1262 2015 proprio
1302 1951 1538 2016 episcopo
1587 1950 1922 2009 obedierunt,
1973 1966 2086 2017 per-

2211 1955 2571 2020 ρωνήσαντες
2618 1953 2738 2018 τοῖς
2770 1952 2980 2020 ἔχουσι
3010 1952 3114 2016 τὰς
3149 1951 3522 2016 Ἑκκλησίας
3561 1951 3792 2016 Ἀρεία-

522 2048 800 2102 maneant,
844 2040 941 2090 etsi
1001 2039 1137 2107 quod
1162 2039 1368 2106 justum
1406 2050 1479 2091 est
1516 2057 1613 2092 non
1658 2041 1905 2092 noverint.
1943 2041 2007 2091 Et
2047 2042 2093 2092 si

2207 2046 2338 2110 νὊῖς,
2365 2045 2868 2110 ἐπιτιιιάσθωσαν,
2908 2043 3031 2110 εῑγε
3059 2041 3258 2110 γνώμῃ
3289 2039 3490 2094 αὐτῶν
3518 2038 3788 2102 πεποιή-

521 2145 700 2181 omnes
738 2128 947 2198 quidem
983 2129 1162 2196 populi
1204 2145 1289 2180 eos
1352 2145 1470 2180 cum
1523 2128 1644 2179 aliis
1683 2128 1946 2190 reiiciant,
1997 2129 2093 2180 alii

2214 2150 2335 2190 ιασι
2369 2136 2541 2187 τοῦτο
2564 2151 2576 2162 °
2649 2137 2702 2186 εί
2734 2133 2806 2185 δὲ
2837 2135 3094 2201 ὑπήκοοι
3134 2133 3416 2200 γεγόνασι
3450 2130 3532 2194 τῷ
3583 2130 3795 2194 οἰκείῳ

522 2220 865 2282 ordinentur;
910 2221 991 2272 sin
1021 2231 1196 2273 autem
1226 2237 1311 2272 eos
1351 2221 1568 2271 retinent
1611 2236 1726 2271 cum
1765 2219 1870 2270 illis
1909 2220 2092 2288 quibus

2214 2227 2519 2290 ἑπισκόπῳ,
2575 2223 3042 2286 αὐλιζέσθωσαν,
3089 2223 3185 2276 καὶ
3233 2221 3320 2290 μὴ
3372 2223 3795 2288 ἐπεγνωκότες

519 2312 1001 2373 communicaruut,
1040 2311 1077 2362 ii
1113 2311 1313 2378 quoque
1342 2327 1454 2362 eam
1485 2312 1914 2360 consuetudinem
1943 2323 2094 2367 expe-

2215 2314 2257 2364 'b
2287 2313 2560 2380 εὔλογον.
2596 2313 2704 2365 Kal
2737 2315 2788 2365 εὶ
2817 2313 2932 2380 μὲν
2974 2313 3197 2378 πάντες
3242 2315 3296 2364 οί
3344 2311 3481 2365 λαοὶ
3527 2311 3796 2374 τούτους

522 2401 750 2462 riantur,
775 2417 877 2468 qua
906 2402 989 2452 usi
1032 2410 1153 2454 sunt
1190 2417 1366 2452 omnes
1417 2398 1695 2450 orthodoxi
1738 2399 1787 2450 in
1834 2397 2092 2452 Thebaide

2213 2398 2626 2454 ὶποποιοῦνται
2663 2402 2812 2470 μετὰ
2855 2403 2972 2455 τῶν
2994 2388 3234 2465 αλλων,
3284 2401 3474 2467 ἕτεροι
3515 2414 3794 2469 χειροτοο

519 2491 770 2559 episcopi.
2124 2475 2163 2526 Β
2193 2493 2530 2545 νείσθωσαν
2553 2511 2562 2520 ·
2599 2496 2650 2545 εὶ
2677 2492 2741 2545 δὲ
2764 2493 3210 2546 ἀντιποιοῦνται
3244 2490 3449 2544 αὐτῶν
3465 2489 3597 2558 μετ’
3622 2487 3794 2542 ἐκεί-

519 2601 642 2638 νων
697 2578 788 2646 οἷς
829 2581 1298 2647 κεκοινωνςῆκασι
1343 2582 1546 2646 ταῦτα,
1596 2580 1692 2633 καὶ
1744 2576 1908 2635 οὗτοι
1971 2579 2513 2648 ἀποπειράσθωσαν
2552 2585 2660 2653 τῆς
2705 2587 3049 2651 συνηθείας,
3089 2578 3129 2653 ᾖ
3187 2581 3534 2651 ἐχρήσαντο
3598 2581 3654 2635 οι
3717 2579 3794 2632 ἐν

524 2677 765 2745 Θηϐαΐδι
799 2675 1023 2741 πάντες
1055 2677 1374 2730 ἐπίσκοποι
1415 2675 1745 2742 ὀρθόΰοξοι.

1143 2787 1371 2841 CANON
1415 2787 1479 2840 ΙΙ.
2796 2788 3030 2838 ΚΑΝΩΝ
3093 2788 3169 2840 B'.

595 2878 671 2933 De
700 2878 868 2944 Bisto,
900 2879 990 2948 qui
1037 2880 1090 2931 in
1125 2876 1297 2929 Ereba
1347 2878 1661 2929 constitutus
1698 2884 1773 2929 est
1805 2876 2095 2946 presbyter,

2268 2876 2406 2944 Περὶ
2435 2876 2658 2930 Βιστου
2685 2877 3095 2941 καταστάντος
3143 2878 3214 2930 ἐν
3267 2879 3480 2946 Ἐρέϐῃ
3521 2885 3792 2949 πρεσϐυ..

522 2967 860 3038 quaerendum
881 2977 954 3021 est
977 2977 1053 3031 ;et
1085 2969 1129 3020 si
1155 2967 1319 3018 alicui
1340 2965 1544 3033 quidem
1572 2966 1779 3018 mulieri
1811 2976 2094 3034 separate,

2212 2967 2369 3035 ιέρου
2399 2966 2709 3035 ζητητέονι
2758 2965 2853 3018 καὶ
2890 2968 2942 3018 ει
2985 2967 3103 3034 μὲν
3144 2968 3618 3038 ἀποταξαμένην
3649 2975 3793 3028 τινὰ

523 3056 719 3110 vivente
749 3056 964 3119 marito,
985 3055 1089 3107 vim
1133 3055 1333 3116 attulit,
1372 3067 1473 3105 non
1507 3054 1713 3105 sinatur
1743 3069 1853 3106 esse
1894 3056 2102 3123 presby-

2211 3056 2412 3121 ζῶντος
2459 3057 2564 3109 τοῦ
2603 3056 2820 3121 ἀνδρὸς
2868 3055 3169 3115 ἐϐιάσατο,
3214 3057 3301 3125 μὴ
3349 3063 3792 3128 συγχωρεῖσθω

524 3157 637 3207 ter;
666 3161 788 3197 nam
827 3161 889 3198 ne
924 3157 980 3196 ut
1021 3144 1186 3198 laicus
1236 3145 1442 3214 quidem
1487 3145 1634 3197 debet
1686 3147 2092 3208 communicare,

2212 3135 2347 3198 εἶναι
2375 3146 2792 3214 πρεσϐύτερος,
2826 3143 2976 3196 ὅπου
3006 3161 3070 3212 γε
3099 3144 3242 3197 οὐδὲ
3274 3145 3356 3212 ὡς
3376 3147 3592 3214 λαϊιιὸς
3624 3148 3793 3217 (5508i-

525 3251 642 3288 cum
670 3251 756 3288 eos
783 3236 872 3304 qui
897 3235 1025 3288 tales
1053 3247 1172 3288 sunt
1199 3252 1444 3302 separare
1473 3236 1791 3288 consueverit
1830 3235 2090 3289 Ecclesia.

2211 3237 2293 3286 λει
2331 3231 2720 3301 συνάγεσθαι,
2758 3231 2865 3297 τῆς
2921 3232 3283 3298 Ἐκκλησίας
3322 3235 3602 3300 εἰωθυίας
3641 3235 3792 3302 τοὺς

529 3322 644 3377 Hoc
679 3334 854 3378 autem
891 3326 1096 3377 nullum
1123 3326 1274 3392 aﬂ'ert
1310 3326 1552 3392 episcopo
1585 3324 1816 3392 Apollini
1842 3324 2097 3391 prazjutli-

2212 3325 2504 3387 τοιούτους
2545 3322 2822 3389 χωρίζειν.
2854 3324 2942 3374 Ui)
2979 3323 3144 3390 saepes
3169 3324 3238 3375 δὲ
3263 3325 3438 3377 τοῦτο
3486 3329 3793 3397 πρόκριμα

525 3416 686 3475 cium,
712 3415 756 3465 si
781 3431 896 3467 eum
925 3431 1016 3483 per
1047 3416 1402 3483 ignorantiam
1438 3415 1742 3473 constituit;
1771 3427 1888 3463 cum
1912 3422 2096 3464 sancta

2212 3415 2282 3479 τῷ
2322 3416 2628 3476 ἐπισκόπῳ
2687 3414 3042 3475 Ἀπόλλωνι,
3088 3417 3141 3466 εὶ
3185 3415 3254 3478 ἐξ
3308 3417 3564 3484 ἀγνοίας
3599 3421 3793 3472 αὐτὸν

526 3507 757 3573 synodus
789 3506 1008 3573 jusserit
1032 3523 1140 3569 eos,
1180 3508 1267 3573 qui
1311 3517 1426 3575 post
1471 3507 1856 3559 ordinationem
1888 3514 2098 3571 propter

2211 3506 2555 3570 κατέστησε,
2595 3501 2704 3569 τῆς
2737 3504 2909 3570 ἁγίας
2937 3505 3202 3557 συνόδου
3231 3507 3622 3574 κελευσὰσης
3645 3510 3792 3576 τοὺς

528 3595 724 3647 crimen
755 3596 958 3663 indiqni
981 3612 1092 3648 esse
1125 3597 1524 3660 convincuntur",
1560 3595 1774 3660 expelli.

2210 3595 2351 3657 ἄναξ
2358 3595 2482 3659 [ους
2508 3595 2655 3662 μετὰ
2679 3592 2793 3659 τ’ὴν
2823 3594 3192 3660 χειροτονίαν
3217 3595 3663 3664 ἐλεγχομένους
3687 3601 3791 3654 ἐπὶ

2200 3683 2468 3750 ἔγκλημα
2492 3680 2867 3756 ἐμϐαλέσθαι.

601 3771 791 3826 BALS.
846 3773 1028 3827 Bistus
1082 3773 1150 3862 ali
1209 3772 1461 3862 Apolline
1514 3773 1774 3840 episcopo
1817 3771 2170 3862 presbytero

2273 3771 2462 3822 ΒΑΛΣ.
2522 3755 2583 3822 ⁵0
2633 3769 2819 3831 Bia-.04
2880 3755 3030 3838 παρᾶ
3087 3770 3421 3836 Ἀπόλλωνος
3480 3776 3792 3830 ἐπισκόπου

527 3862 866 3915 constitutus
915 3862 1090 3914 fuerat
1140 3859 1194 3913 in
1243 3859 1447 3924 Ereba;
1494 3869 1577 3914 est
1630 3868 1807 3913 autem
1851 3875 1916 3912 ea
1949 3859 2098 3928 regio

2212 3858 2436 3928 κατέστη
2467 3858 2831 3928 πρεσϐύτερος
2853 3857 2910 3910 ὲν
2954 3858 3185 3930 Ἐρέ6ῃ’
3223 3861 3380 3932 χώρα
3414 3862 3475 3916 δὲ
3516 3863 3656 3934 αὕτη
3693 3866 3793 3918 Αἱ-

531 3950 752 4022 Egypti
777 3953 918 4006 sicut
947 3963 1000 4007 et
1026 3952 1191 4024 Lyco.
1228 3953 1278 4008 Is
1313 3969 1441 4007 vero
1472 3952 1756 4005 dicebatur
1788 3959 1912 4005 ante
1949 3951 2101 4004 ordi-

2212 3950 2442 4017 γυπτίων
2500 3951 2676 4013 ἐστὶν,
2733 3951 2922 4021 ὥσπερ
2971 3952 3065 4004 καὶ
3112 3953 3145 4022 ἡ
3185 3953 3368 4008 Λυκὼ.
3432 3955 3691 4025 Ἐλέγετο
3733 3958 3793 4012 δὲ

532 4045 808 4098 mtionem
843 4046 1058 4100 mulieri
1090 4053 1354 4114 separata:
1395 4045 1499 4098 vim
1521 4045 1794 4101 attulisse.
1836 4044 1958 4098 vivo
1989 4058 2105 4095 ma-

2214 4043 2332 4111 περὶ
2395 4041 2634 4105 ἐκείνου,
2706 4042 2787 4094 ὅτι
2843 4042 2947 4112 πρὸ
3000 4043 3099 4112 τῆς
3157 4045 3492 4114 χειροτονίας
3550 4051 3795 4116 γυναῖκα

534 4139 660 4189 rilo.
700 4136 775 4190 De
815 4152 879 4191 eo
910 4137 1074 4207 igitur
1107 4138 1472 4207 interrogatus
1504 4134 1860 4203 TheOphilus,
1887 4133 2102 4203 inquit:

2213 4132 2456 4184 ἐϐιάσατο
2497 4132 2916 4203 ἀπυταξαμένην
2968 4133 3171 4198 ζῶντος
3224 4132 3340 4189 τοῦὝ
3379 4139 3596 4208 ἀνδρός.
3651 4142 3794 4212 Περὶ

532 4227 818 4292 Quam-dtur
847 4243 914 4280 an
955 4229 1026 4282 sit
1062 4227 1247 4282 verum
1280 4243 1403 4281 eum
1443 4227 1656 4281 mulieri
1691 4227 1796 4278 vim
1838 4226 2105 4290 attulisse,

2214 4224 2390 4274 τούτου
2424 4219 2514 4276 οὖν
2544 4224 2835 4295 ἐρωτηθεὶς
2872 4227 2900 4277 ὁ
2942 4225 3220 4295 Θεόφιλος,
3261 4226 3391 4295 ἔφη,
3436 4229 3519 4279 ὅτι
3563 4231 3795 4302 ἐρευνη-

533 4328 590 4372 et
623 4318 668 4371 si
705 4319 776 4371 ita
817 4319 908 4380 sit,
953 4334 1019 4372 ne
1062 4318 1110 4372 ci
1148 4333 1268 4372 esse
1316 4318 1694 4386 presbyterum
1741 4316 2104 4383 permittatur.

2213 4313 2372 4383 θήτω,
2420 4313 2511 4365 καὶ
2546 4314 2599 4365 εἰ
2633 4313 2833 4382 ἀληθές
2868 4316 2982 4366 ἐστι
3026 4315 3088 4368 τὸ
3133 4314 3427 4385 βιάσασθαι
3478 4317 3643 4370 αὑτὸν
3687 4321 3794 4388 τὴν

536 4409 820 4472 Quomodo
859 4408 1004 4461 enim
1041 4408 1202 4461 fuerit
1248 4407 1294 4461 is
1331 4407 1634 4476 presbyter,
1685 4404 1776 4458 cui
1823 4419 1922 4459 nec
1968 4406 2108 4458 laico

2211 4406 2461 4471 γυναῖκα,
2505 4403 2578 4474 μὴ
2620 4404 3006 4473 συγχωρείσθω
3045 4401 3185 4459 εἶναι
3227 4406 3623 4478 πρεσϐύτερος.
3662 4409 3792 4472 Πῶς

539 4497 592 4550 in
626 4497 911 4550 ecclesiam
956 4496 1176 4565 quidem
1222 4494 1561 4564 permittitur
1608 4492 1843 4563 ingredi,
1880 4507 2003 4545 cum
2040 4495 2111 4546 sit

2212 4495 2313 4564 γὰρ
2360 4496 2441 4563 εἴη
2485 4495 2885 4564 πρεσϐύτερος,
2934 4494 2993 4558 ὃς
3035 4493 3156 4547 οὐδὲ
3199 4496 3386 4560 λαῖκδς
3422 4502 3793 4568 συγχωρεῖται

541 4599 759 4657 propter
789 4595 1067 4656 peccatum
1104 4585 1455 4655 segregatus?
1493 4583 1596 4639 Eos
1624 4587 1791 4646 enim,
1845 4585 1936 4653 qui
1982 4596 2112 4638 sunt

2212 4583 2433 4634 εἰσιέναι
2461 4585 2539 4644 εἰς
2567 4581 2877 4652 ἐκκλησίαν,
2904 4570 3294 4653 ἀφοριζόμενος
3314 4585 3404 4638 διὰ
3528 4588 3793 4657 ἁμάρτη-

539 4679 829 4747 ejusmodi,
861 4676 1102 4732 extrudit
1145 4674 1388 4728 Ecclesia
1428 4685 1481 4729 et
1524 4681 1740 4744 separat
1775 4689 1803 4725 a
1840 4673 2108 4728 ﬁdelibus.

2214 4689 2321 4741 μα;
2355 4671 2543 4736 ἐξωθεί
2568 4672 2673 4742 γὰρ
2697 4672 2823 4734 τοὺς
2855 4671 3128 4736 τοιούτους
3164 4675 3196 4742 ἡ
3227 4671 3531 4744 Ἐκκλησία
3555 4677 3650 4728 καὶ
3679 4696 3791 4744 xeo.

544 4769 658 4824 Hoc
684 4777 859 4822 autem
899 4782 928 4820 a
969 4767 1270 4836 TheOphilo
1312 4781 1657 4835 nequaquam
1715 4766 1982 4818 canonice
2030 4764 2114 4816 di-

2216 4762 2349 4831 ρίζει
2387 4762 2492 4814 ἀπὸ
2533 4762 2640 4815 τῶν
2679 4762 2904 4816 πιστῶν.
2955 4762 3126 4815 Τοῦτο
3169 4762 3227 4815 δὲ
3266 4764 3327 4816 οὗ
3371 4767 3671 4830 κανονικῶς
3713 4768 3797 4838 τῷ

545 4871 690 4914 ctum
729 4867 812 4914 est
846 4877 860 4913 :
896 4858 1336 4926 quandoquidem
1379 4867 1690 4911 sanctorum
1744 4858 2110 4924 apostolorum

2214 4852 2449 4922 Θεοφίλῳ
2479 4853 2717 4923 εἴρηται’
2752 4853 2780 4904 ὃ
2804 4868 2863 4904 τε
2891 4854 2998 4923 γὰρ
3027 4847 3135 4906 τῶν
3171 4855 3343 4921 ἁγίων
3371 4855 3690 4910 ἀποστόλων
3713 4865 3795 4911 κε’

544 4971 643 5008 xxv
661 4957 926 5015 canou,ct
950 4961 1125 5014 magni
1149 4943 1327 4997 Basilii
1346 4941 1537 4994 tertius
1553 4949 1606 4992 et
1631 4953 1798 5002 χχιιι,
1822 4947 1875 4989 et
1896 4937 2120 4991 Cartha-

2213 4939 2410 5002 κανὼν,
2438 4943 2527 4992 καὶ
2546 4944 2571 4993 ό
2603 4942 2692 4993 τοῦ
2730 4941 2963 5010 μεγάλου
2987 4941 3267 4995 Βασιλείαν
3294 4943 3479 5013 τρίτος
3513 4947 3607 5017 καὶ
3626 4948 3655 4999 ό
3685 4946 3792 5017 λβ⁹,

543 5045 657 5114 gin.
708 5058 828 5110 syn.
855 5053 984 5101 χχιι,
1015 5038 1266 5095 clericos,
1314 5033 1406 5102 qui
1449 5042 1763 5100 pet-carum,
1803 5040 1856 5083 et
1882 5030 2118 5099 depositi

2213 5034 2305 5085 καὶ
2331 5034 2356 5084 ὁ
2387 5034 2484 5101 τῆς
2510 5033 2566 5084 ὲν
2608 5032 2933 5102 Καρθαγένῃ
2972 5031 3055 5102 κβ⁹
3101 5033 3226 5096 τοὺς
3271 5013 3586 5103 κληρικοὺςί
3605 5013 3794 5106 ἁμαρ-

547 5137 793 5194 fuerunt,
846 5147 873 5181 a
919 5128 1305 5182 communione
1350 5141 1458 5178 non
1513 5135 1720 5184 arcent.
1766 5123 1919 5190 171
1961 5122 2116 5187 Quod

2218 5121 2509 5190 τήσαντας,
2565 5121 2656 5172 καὶ
2709 5120 3163 5189 καθαιρεθέντας,
3214 5123 3315 5193 τῆς
3359 5126 3646 5189 κοινωνίας
3689 5131 3799 5183 οὐκ

550 5235 731 5278 autem
773 5223 1059 5275 ordinatus
1090 5223 1180 5283 sit,
1222 5219 1272 5270 id
1298 5234 1404 5271 non
1434 5216 1595 5269 aﬂ'ert
1619 5217 1870 5268 daninum
1900 5217 2117 5284 episco-

2219 5211 2555 5279 ἀπείργουσι.
2606 5212 2677 5262 Τὸ
2727 5212 2782 5263 δὲ
2832 5213 3271 5285 χειροτονηθῆναι
3321 5215 3484 5267 αὑτὸν
3529 5217 3588 5268 οὐ
3638 5218 3800 5290 φέρει

551 5328 640 5384 po,
679 5313 774 5383 qui
803 5327 949 5375 eum,
996 5319 1276 5381 peccatum
1311 5309 1605 5377 ignorans,
1651 5308 1946 5360 ordinavit.
1991 5307 2113 5360 Sta-

2221 5301 2421 5371 βλάϐην
2486 5301 2560 5370 τῷ
2621 5308 3052 5374 χειροτονήσαντι
3134 5305 3296 5357 αὑτὸν
3372 5309 3659 5379 ὲπισκόπῳ
3739 5311 3802 5376 ἑξ

554 5407 656 5459 tnit
709 5405 852 5458 cnim
909 5402 1171 5474 synodus,
1225 5408 1285 5454 ut
1326 5400 1416 5468 qui
1479 5408 1825 5468 peccatorum
1879 5399 2114 5452 convicti

2221 5393 2438 5460 ἀγνοίας
2464 5393 2553 5444 τοῦ
2581 5395 2998 5464 ἁμαρτήματος·
3027 5397 3059 5464 ὴ
3083 5396 3190 5465 γὰρ
3223 5395 3439 5459 σύνοδος
3469 5397 3638 5471 ὥρισε
3666 5400 3802 5462 τοὺς

555 5495 792 5556 fuerunt,
827 5495 990 5550 etiam
1022 5501 1142 5564 post
1175 5493 1575 5546 ordinationem
1601 5491 1910 5559 cjicinntur.
1941 5489 1994 5542 Id
2022 5506 2117 5542 au-

2223 5482 2607 5551 ὲλεγχομένους
2645 5484 2735 5535 ἐπὶ
2771 5485 3073 5559 ἐγκλήματι
3105 5486 3198 5537 καὶ
3242 5487 3380 5555 μετὰ
3419 5486 3518 5556 τὴν
3554 5504 3803 5558 χειροτο-

556 5596 661 5639 tem
689 5593 772 5639 est
795 5584 979 5653 primae
1003 5583 1193 5655 synodi
1217 5581 1448 5634 Nicmnas
1472 5597 1594 5635 can.
1631 5597 1705 5634 Ix.
1736 5580 1869 5634 Illud
1896 5590 2072 5635 autem
2099 5597 2111 5633 :

2223 5572 2336 5624 νίαν
2375 5573 2747 5627 ἐκϐάλλεσθαι.
2801 5573 2969 5626 Τοῦτο
3008 5575 3064 5626 δὲ
3106 5576 3202 5643 τῆς
3241 5578 3298 5628 ὲν
3335 5576 3538 5646 Nntan
3573 5578 3799 5632 συνόδου

558 5674 830 5744 Separata:
858 5677 966 5730 vivo
1011 5675 1237 5738 marito;
1275 5674 1397 5732 facti
1437 5682 1540 5736 est,
1574 5680 1625 5726 ct
1674 5673 1794 5727 ideo
1843 5658 2113 5742 adjectum

2223 5665 2442 5735 πρώτης
2471 5667 2583 5718 ἐστὶ
2614 5666 2789 5719 κανὼν
2835 5666 3072 5729 ἔννατος.
3105 5666 3177 5718 Τὸ
3213 5667 3292 5733 δὲ,
3326 5665 3793 5737 ἀποταξαμένην
