4004 6496
469 337 568 400 9οἹ

1731 332 2000 393 TllEOD.
2047 328 2446 389 BALSAMON

3609 321 3726 384 908

465 467 791 535 'llieopliilus
831 466 1072 536 diligenti
1131 461 1525 515 examinatione
1580 462 1753 522 facta,
1803 460 1850 512 si
1897 472 2019 511 eum

2151 449 2211 507 ὗν
2253 453 2280 504 ὁ
2315 450 2588 516 Θεόφιλος,
2622 448 2703 500 ὅτι
2735 447 3026 511 ἐξετάσεως
3073 443 3337 515 ἀκριϐοῦς
3377 453 3724 509 γενομένης,

465 575 718 631 peccasse
738 565 1072 626 compertum
1093 553 1274 614 fuerit,
1300 552 1445 604 clero
1467 550 1730 619 ejiciatur.
1749 547 1864 602 Non
1885 548 2025 600 enim

463 654 676 713 oportet
699 658 765 696 ex
811 640 969 708 172
997 637 1243 691 susurris
1272 649 1368 689 seu
1398 633 1761 688 clandestinis
1817 647 2031 686 sermo-

467 737 646 799 nibus,
695 733 777 785 vel
831 728 1135 785 maledictis
1187 740 1280 780 seu
1339 725 1546 794 apertis
1590 723 1864 778 conviciis
1918 733 2033 774 orta

466 827 802 893 suspicione,
850 820 1202 877 condemnari
1253 818 1515 885 aliquem.
1567 815 1723 881 Quod
1766 815 1811 869 si
1875 825 2035 866 causa

466 927 771 974 examinata
792 917 977 970 insons
999 921 1313 976 compertus
1337 908 1518 972 fuerit,
1557 916 1770 962 maneat
1788 906 1841 960 in
1867 906 2035 959 clero.

1071 1006 1296 1063 CANON
1342 1005 1428 1059 Vl.

539 1129 612 1182 De
646 1129 710 1179 iis
736 1126 822 1195 qui
847 1124 1128 1178 ordinandi
1149 1134 1264 1177 sunt
1290 1124 1399 1176 Itwc
1421 1124 1517 1176 erit
1548 1123 1716 1190 [arma
1743 1137 1759 1172 :
1791 1119 1854 1172 Ut
1877 1118 2031 1187 quid-

466 1216 590 1286 quid
619 1225 695 1268 est
728 1213 1076 1267 sacerdotalis
1118 1211 1319 1265 ordinis
1359 1210 1648 1262 consentiat
1682 1218 1728 1259 et
1767 1209 1943 1275 eligat,
1982 1216 2031 1259 et

471 1319 592 1360 tunc
644 1307 926 1375 episcopus‘
968 1305 1255 1367 examinet,
1305 1303 1382 1354 vel
1427 1303 1472 1355 ei
1521 1300 1679 1354 etiam
1724 1299 2032 1351 assentiente

469 1397 789 1450 sacerdotali
839 1395 1019 1448 ordine
1053 1396 1105 1447 in
1152 1395 1320 1446 media
1374 1392 1593 1446 ecclesia
1632 1391 1854 1450 ordinet,
1893 1406 2029 1458 pra:-

468 1499 608 1539 sente
642 1488 850 1553 populo,
886 1497 933 1538 et
959 1488 1196 1553 episcopo
1228 1485 1544 1552 alloquente,
1583 1499 1649 1534 an
1678 1483 1835 1534 etiam
1867 1481 2030 1547 possit

463 1576 514 1627 ei
542 1577 759 1641 populus
802 1575 938 1641 ferre
972 1576 1343 1627 testimonium.
1381 1573 1661 1626 Ordinatio
1712 1581 1883 1623 autem
1927 1586 2029 1622 non

471 1666 565 1732 fiat
607 1662 926 1716 clanculum.
966 1659 1201 1713 Ecclesia
1249 1660 1385 1711 enim
1419 1674 1597 1723 pacem
1641 1655 1855 1708 habente
1889 1655 2029 1708 decet

2127 545 2220 598 ἐὰν
2268 543 2461 613 εὑρεθῇ
2495 540 2849 611 ἡμαρτηκὼς,
2889 539 3209 606 ἐκϐληθήτω
3250 535 3343 588 τοῦ
3376 535 3617 603 κλήροιν⁹
3653 534 3725 586 υὸ

2125 635 2204 686 δεῖ
2230 632 2337 702 γὰρ
2369 633 2432 683 ἐκ
2464 630 2805 700 ψιθυρισμῶν
2829 631 2944 698 ἢτοι
2979 627 3309 688 καταλαλιᾰς
3346 625 3646 694 λαθραίας,
3679 623 3724 694 ἢ

2129 721 2457 788 κακολογιῶν
2483 721 2599 789 ἦτοι
2641 718 2916 788 λοιδοριῶν
2944 716 3191 787 φανερῶν
3227 715 3469 782 ὑποψίας
3493 714 3731 782 γινομέ-

2128 831 2224 882 νης
2259 811 2677 879 κατακρίνεσθαι
2704 828 2841 862 τινα.
2865 810 2930 862 Εἰ
2953 808 3010 859 δὲ
3036 809 3133 878 τῆς
3180 806 3491 868 ὑποθέσεως
3525 806 3734 869 ἐξεταο

2129 902 2359 972 ζομένης
2393 900 2678 963 ἀνεύθυνος
2703 899 2970 968 εὑρεθείη,
3001 899 3206 968 μενέτω
3237 899 3295 950 ἐν
3321 895 3403 966 τῷ
3424 896 3646 965 κλήρῳ.

2721 1008 2960 1061 ΚΑΝΩΝ
3011 1005 3102 1072 (Γ.

2197 1125 2334 1190 Περὶ
2389 1121 2508 1175 τῶν
2571 1124 2920 1191 μελλόντων
2992 1118 3470 1190 χειροτονεῖσοιιε
3531 1111 3735 1183 οὗτος

2130 1213 2296 1264 ἔσται
2329 1214 2516 1278 τύπος
2541 1229 2553 1243 ·
2588 1213 2766 1264 Ὥστε
2796 1210 2918 1265 πᾶν
2947 1211 3013 1264 τὸ
3043 1209 3332 1278 ἱερατεῒον
3361 1205 3737 1276 συμφωνεῖν

2131 1304 2228 1355 καί
2272 1302 2582 1370 αἱρεῖσθαι,
2619 1303 2714 1356 καὶ
2766 1305 2897 1356 τότε
2941 1302 3047 1356 τὸν
3083 1303 3424 1354 ἐπίσκοπον
3473 1294 3741 1365 δοκιμά-

2131 1392 2266 1454 ζειν,
2303 1394 2339 1456 ἢ
2360 1395 2453 1446 καί
2484 1392 2922 1456 συναινοῦντος
2952 1392 3111 1456 αὐτῷ
3140 1389 3246 1443 τοῦ
3273 1388 3566 1455 ἱερατείου
3606 1401 3740 1453 χει-

2122 1481 2396 1548 ροτονεῖν
2450 1483 2517 1534 ἐν
2571 1481 2723 1552 μέσῃ
2777 1480 2851 1548 τῇ
2887 1481 3214 1546 ἐκκλησίᾳ,
3267 1478 3569 1545 παρόντος
3615 1475 3742 1528 τσῦ

2128 1572 2301 1634 λαοῦ,
2333 1573 2430 1625 καὶ
2463 1572 2968 1640 προσφωνοῦντος
3000 1570 3108 1622 τοῦ
3139 1568 3506 1625 ἐπισκόπου,
3535 1567 3592 1618 εὖ
3620 1565 3740 1617 καὶ

2130 1664 2162 1714 d
2195 1661 2344 1726 λαὸς
2385 1660 2632 1713 δύναται
2671 1657 2828 1722 αὐτῷ
2866 1655 3209 1725 μαρτυρεῖν.
3267 1655 3622 1721 Χειροτονία
3661 1650 3745 1704 δὲ

472 1753 809 1821 prwsentibus
863 1752 1058 1804 sanctis
1111 1749 1465 1801 ordinationes
1518 1746 1630 1815 ﬁeri
1683 1747 1734 1797 in
1776 1745 2023 1798 ccclesiis.

2149 1752 2422 1818 ιαθραΙως
2451 1749 2535 1818 μὴ
2567 1749 2840 1818 γινέσθω.
2880 1747 2993 1814 Τῆς
3019 1747 3128 1816 γὰρ
3169 1744 3536 1810 Ἑκκλησιάς
3562 1741 3745 1807 εἰρή-

472 1845 537 1898 1η
568 1846 766 1912 regione
803 1855 973 1894 autem
1017 1842 1062 1893 si
1100 1842 1188 1908 qui
1233 1841 1360 1903 sint,
1407 1840 1493 1907 qui
1528 1836 2024 1890 communicantium

2149 1857 2239 1906 -ην
2251 1841 2513 1907 ἐχούσης
2528 1841 2736 1907 πρέπει
2754 1840 3064 1905 παρόντων
3077 1834 3194 1887 τῶν
3209 1834 3394 1902 ἁγίων
3411 1832 3517 1895 τὰς
3532 1847 3743 1898 χειρο-

469 1934 662 1984 animis
719 1929 1256 1990 communicaverint;
1318 1943 1418 1978 non
1477 1926 1630 1976 aliter
1697 1923 2026 1988 ordinentur,

2149 1931 2322 1993 ὀνίας
2353 1930 2452 1981 ἐπι
2500 1929 2629 1994 ταῖς
2659 1929 3010 1995 ἐκκλησίαις
3052 1926 3347 1995 τίνεσθαι.
3398 1923 3501 1974 Ἐν
3540 1920 3614 1972 δὲ
3657 1919 3745 1988 τῆ

468 2034 625 2076 quam
657 2018 747 2079 iis,
788 2019 876 2086 qui
913 2026 1034 2070 sunt
1063 2031 1174 2068 vere
1205 2013 1481 2066 orthodoxi
1503 2011 1697 2069 clerici.
1723 2012 2032 2063 examinan-

2149 2018 2344 2083 ’νορίᾳ,
2366 2020 2424 2070 ει
2447 2018 2563 2086 μὲν
2585 2015 3066 2083 κοινωνήσαντές
3095 2016 3216 2068 εἰσί
3240 2031 3403 2078 τινες
3435 2012 3566 2075 ταῖς
3607 2008 3748 2062 τῶν

474 2110 633 2168 tibus,
668 2115 920 2174 prtcsente
947 2120 1130 2156 rursus
1164 2105 1420 2170 episcopo,
1455 2113 1502 2154 et
1527 2110 1829 2168 prwsentcm
1862 2116 2031 2168 popu-

476 2214 582 2265 lum
616 2197 924 2263 alloquente,
962 2210 1022 2246 ne
1051 2193 1337 2244 intercedat
1373 2192 1549 2259 aliqua
1579 2192 1964 2243 circumventio.

2127 2106 2624 2173 κοινωνησάντων
2678 2106 2957 2172 γνώμαις,
2996 2104 3081 2172 μὴ
3118 2104 3324 2167 ἄλλως
3368 2099 3749 2170 χειροτονεί-

2133 2199 2396 2261 σθωσιιν,
2427 2197 2583 2248 ἀλλὰ
2620 2195 2735 2247 τῶν
2769 2192 3007 2260 ἀληθῶς
3047 2193 3383 2260 ὀρθοδόξων
3422 2185 3750 2256 κληρικῶν

473 2286 917 2355 δοκιμαζόντων,
947 2283 1239 2349 παρόντος
1265 2281 1447 2334 πάλιν
1501 2281 1602 2333 τοῦ
1629 2282 1960 2335 ἐπισκόπου
1996 2282 2088 2335 καὶ
2130 2287 2627 2355 προσερωι-Ὂῦντος
2671 2286 2915 2352 παρόντι
2949 2282 3028 2348 τῷ
3066 2283 3217 2347 λαῷ,
3246 2284 3348 2336 ἵνα
3407 2280 3496 2350 μὴ
3529 2279 3750 2348 μέσον

473 2377 790 2446 περιδρομή
819 2395 906 2440 τις
938 2376 1174 2444 γένηται
1188 2412 1200 2426 .

547 2489 737 2543 BALS.
775 2490 847 2543 De
887 2489 953 2544 iis
993 2489 1085 2558 qui
1124 2489 1179 2542 in
1241 2489 1386 2542 clero
1437 2489 1718 2544 ordinandi
1775 2497 1903 2545 sunt
1943 2489 2037 2544 dat

475 2591 687 2654 typum,
723 2588 776 2635 et.
810 2579 942 2633 dicit
977 2580 1121 2648 quod
1152 2587 1365 2647 oportet
1401 2595 1520 2632 curn
1555 2581 1646 2648 qui
1678 2591 1760 2634 est
1789 2581 2040 2635 ordinan-

475 2675 578 2727 dus
612 2687 641 2726 a
685 2679 797 2725 toto
843 2670 1035 2724 ordine
1079 2669 1402 2723 sacerdotali
1443 2669 1591 2738 eligi,
1631 2670 1732 2724 hoc
1774 2679 1876 2735 est,
1905 2686 2040 2724 una-

478 2763 611 2816 nimi
642 2776 910 2815 consensu
944 2759 1229 2828 approbari
1265 2766 1317 2812 et
1345 2757 1622 2826 praeferri;
1654 2769 1706 2812 et
1735 2774 1858 2813 cum
1894 2761 2041 2828 ejus-

479 2852 624 2906 modi
655 2851 894 2905 delectus
930 2850 997 2903 de
1039 2865 1103 2903 eo
1150 2848 1325 2902 lactus
1367 2849 1546 2911 fuerit,
1588 2859 1716 2902 tunc
1759 2851 1935 2918 ipsum
1975 2849 2041 2902 ab

477 2944 732 3012 episcopo
783 2939 1102 3001 examinari,
1138 2947 1189 2991 et
1228 2937 1445 3006 quando
1498 2939 1574 2990 illi
1618 2952 1831 3006 quoque
1881 2937 2041 2989 homo

2213 2489 2405 2542 ΒΑΛΣ,
2441 2489 2574 2560 Περὶ
2593 2487 2698 2540 τῶν
2732 2485 3031 2556 μελλόντων
3055 2487 3484 2556 χειροτονεῖσθαι
3505 2491 3563 2542 ἐν
3592 2491 3749 2562 adﬁ—

2145 2597 2222 2650 ρῳ
2270 2580 2447 2632 δίδωσι
2492 2580 2681 2639 τύπον,
2738 2579 2831 2629 καί
2874 2595 3036 2648 φησιν
3070 2579 3151 2630 ὃτι
3205 2578 3284 2629 δεῖ
3337 2579 3432 2631 τὸν
3463 2580 3752 2649 μέλλοντα,

2142 2669 2557 2738 χειροτονεῖσθαι
2587 2668 2734 2737 παρὰ
2760 2669 2957 2728 παντὸς
2984 2667 3248 2736 ίερατείου
3279 2669 3578 2738 αἱρεῖσθαι,
3604 2673 3753 2726 ἀντὶ

2143 2759 2235 2812 τοῦ
2267 2758 2652 2828 προκρίνεσθαι
2694 2755 3012 2826 συμφώνως,
3055 2757 3197 2809 οὕτω
3228 2757 3285 2810 δὲ
3333 2760 3747 2829 προκριθέντα,

2143 2848 2261 2900 τότε
2308 2848 2695 2917 δοκιμάζεσθαι
2744 2847 2903 2900 αὑτὸν
2950 2847 3098 2916 παρὰ
3128 2846 3221 2899 τοῦ
3269 2849 3602 2912 ἐπισκόπου,
3644 2852 3753 2904 καὶ

2145 2940 2232 2991 ὅτε
2257 2940 2492 3008 κάκείνῳ
2515 2939 2651 3002 δόξει
2676 2942 2704 2990 ὁ
2725 2939 3008 3009 ἄνθρωπος
3033 2938 3334 3008 ἐπιτήδειος
3375 2941 3459 3002 είς
3487 2957 3749 3010 χειροτο-

480 3037 631 3088 visus
660 3033 818 3087 fuerit
853 3039 1011 3100 aptus
1047 3037 1106 3083 ut
1136 3028 1440 3092 ordinetur,
1469 3035 1599 3080 tunc
1645 3041 1768 3080 eum
1800 3025 2041 3078 ordinati

2149 3033 2284 3097 νίαν,
2317 3034 2436 3084 τότε
2490 3033 2910 3103 χειροτονεῖσθαι
2958 3032 3388 3085 συναινέσειτοῦ
3436 3035 3748 3105 ίερατείου,

481 3137 752 3176 consensu
801 3118 1148 3175 sacerdotalis
1182 3117 1408 3178 ordinis,
1447 3125 1712 3184 prazsente
1740 3114 1902 3169 etiam
1945 3128 2044 3182 po-

479 3209 630 3278 pulo.
659 3209 768 3262 Cur
805 3217 980 3260 autem
1025 3207 1181 3269 dixit,
1221 3221 1342 3258 eum
1380 3203 1738 3258 ordinandum
1775 3217 2045 3255 consensu

482 3299 831 3352 sacerdotalis
859 3297 1102 3350 ordinis?
1126 3295 1255 3347 Nam
1291 3309 1412 3346 cum
1443 3309 1471 3344 a
1505 3293 1823 3346 sacerdotali
1857 3291 2047 3343 ordine

481 3391 683 3447 electus
719 3397 821 3450 cst,
849 3387 914 3440 ad
939 3385 1334 3439 ordinationem
1366 3396 1668 3437 consensus
1698 3395 1804 3433 non
1837 3381 2048 3432 videtur

478 3494 602 3533 esse
637 3477 1000 3530 necessarius.
1038 3473 1141 3527 Sed
1168 3484 1251 3526 est
1275 3472 1567 3524 verisimile
1596 3485 1753 3540 posse
1783 3479 1907 3537 post
1941 3471 2049 3522 elc-

483 3570 715 3621 crioncm
744 3564 944 3632 aliquid
971 3563 1228 3630 temporis
1259 3563 1600 3628 przeteriisse,
1625 3570 1676 3614 et
1708 3576 1804 3614 eos
1835 3562 2048 3612 interim

484 3660 577 3725 qui
630 3657 991 3708 ordinandum
1045 3651 1402 3719 praejudieaut
1464 3651 1752 3704 rescivisse
1806 3649 2050 3717 aliquid,

485 3749 628 3816 quod
676 3747 794 3813 ejus
851 3744 1245 3797 ordinationem
1299 3742 1598 3808 prohibeat.
1629 3741 1690 3792 Et.
1755 3741 1876 3795 ideo
1924 3741 2056 3792 dicit

486 3852 631 3904 ipsos
657 3834 986 3892 consentire,
1009 3840 1060 3883 et
1097 3831 1224 3883 dum
1247 3833 1531 3883 ordinatur
1554 3832 1807 3899 populum
1840 3845 2055 3897 quoque

482 3931 553 3981 ab
581 3927 833 3994 episc'Opo
864 3922 1208 3990 interrogari,
1246 3937 1311 3973 an
1337 3921 1530 3989 dignus
1561 3921 1649 3980 sit,
1694 3919 1778 3972 cui
1811 3920 2054 3973 testimo-

487 4022 635 4071 nium
663 4017 832 4068 ienuit
867 4014 930 4066 ad
976 4013 1397 4066 ordinationem.
1427 4011 1715 4065 Dissuadet
1747 4017 1949 4069 autem,
1987 4025 2055 4062 ne

490 4110 618 4159 liaut
652 4105 1025 4156 ordinationes
1067 4099 1440 4154 clandestime.
1477 4099 1608 4152 Cum
1651 4099 1818 4160 enim,
1855 4099 2050 4166 inquit,

487 4212 590 4262 pax
620 4203 701 4247 est
732 4195 782 4244 in
829 4191 1091 4254 Ecclesia,
1137 4189 1345 4242 scilicet
1375 4203 1496 4240 cum
1535 4202 1679 4240 nunc
1725 4203 1830 4240 non
1862 4198 1940 4240 est
1977 4189 2056 4240 di-

489 4285 640 4336 visus
667 4281 895 4349 populus
915 4279 1258 4331 cessantibus
1277 4278 1592 4341 haeresibus,
1612 4278 1703 4330 sed
1726 4285 1851 4330 sunt
1867 4291 2055 4331 omnes

2147 3123 2410 3191 παρόντος
2439 3124 2530 3174 καὶ
2557 3123 2650 3174 τοῦ
2680 3123 2830 3176 λαοῦ.
2859 3124 3011 3174 Διατί
3039 3124 3084 3175 δ’
3117 3119 3257 3185 εἷπε,
3286 3127 3620 3192 χειροτονεῖν
3651 3127 3754 3178 αὐ-

2145 3212 2235 3263 τὸν
2263 3211 2564 3262 συναινέσει
2589 3210 2679 3262 τοῦ
2710 3211 2999 3279 ίερατείου;
3019 3211 3172 3262 Ἐπεὶ
3185 3211 3301 3278 γὰρ
3328 3211 3553 3281 ἐξελέγη
3583 3215 3754 3283 παρὰ

2145 3299 2239 3350 τοῦ
2283 3299 2569 3366 ίερατείου,
2604 3301 2635 3368 ή
2679 3300 2768 3349 ἐπὶ
2803 3299 3105 3368 χειροτονίᾳ
3134 3298 3441 3362 συναίνεσις
3480 3300 3634 3353 δοκεῖ
3671 3303 3753 3373 μὴ

2146 3385 2418 3450 ἀναγκαία
2469 3380 2624 3437 εἶναι.
2675 3383 2810 3436 Ἀλλ’
2846 3387 2989 3445 etut;
3038 3385 3228 3454 καιρόν
3273 3401 3397 3438 τινα
3445 3388 3585 3456 μετᾶ
3645 3390 3754 3458 τὴν

2149 3473 2376 3544 ἐκλογὴν
2394 3473 2699 3543 παρελθεῖν,
2723 3475 2817 3526 καὶ
2835 3475 2891 3526 ἐν
2904 3473 2981 3543 τῷ
3002 3475 3152 3542 μέσῳ
3174 3474 3378 3541 γνῶναί
3394 3493 3448 3527 τι
3465 3479 3592 3539 τοὺς
3608 3496 3756 3548 προ-

2150 3562 2430 3628 κρίνοντας
2467 3562 2558 3614 τὸν
2592 3561 2850 3630 μέλλοντα
2876 3561 3324 3632 ,χειροτονηθῆναι
3360 3565 3755 3637 κωλύον

2151 3651 2246 3719 τὴν
2263 3651 2610 3719 χειροτονίαν.
2635 3651 2731 3702 Διὰ
2744 3652 2900 3702 τοῦτο
2925 3646 3018 3702 οὖν
3046 3657 3315 3705 συναινεῖν
3343 3654 3545 3718 αὐτοὺς
3561 3672 3754 3726 κεχει-

2155 3741 2512 3809 ροτονημένου
2545 3741 2705 3793 αὐτοῦ
2735 3750 2873 3802 ετπε,
2908 3745 2999 3793 καὶ
3028 3742 3118 3793 τὸν
3152 3744 3451 3796 ἐπίσκοπον
3496 3749 3589 3799 καὶ
3621 3752 3752 3801 τότε

2154 3833 2487 3899 προσφωνεῖν
2509 3830 2586 3898 τῷ
2603 3830 2733 3898 λαῷ,
2755 3832 3042 3900 ἐρωτῶντα
3067 3834 3113 3883 εί
3140 3836 3582 3902 μαρτυρεῖαύτὺν
3606 3840 3754 3908 πρὸς

2152 3918 2483 3986 χειροτονίαν
2512 3916 2680 3981 ἄξιον.
2719 3917 2995 3987 Λαθραίας
3029 3919 3082 3970 δὲ
3123 3923 3460 3989 χειροτονίας
3498 3925 3752 3990 γίνεσθαι

2153 4007 2468 4075 ἀποτρέπει.
2527 4008 2676 4061 Ἐπεὶ
2722 4010 2849 4075 γὰρ,
2883 4009 3065 4078 φησιν,
3102 4011 3292 4080 εἰρήνη
3328 4014 3447 4063 ἐστὶ
3480 4016 3636 4084 παρὰ
3671 4021 3740 4088 τῇ

2168 4097 2480 4166 Ἐκκλησία,
2505 4098 2669 4166 ἧγουν
2696 4099 2816 4149 ἐπεὶ
2841 4098 2934 4149 νῦν
2961 4100 3019 4150 ού
3051 4100 3377 4168 μεμέρισται
3401 4105 3430 4153 ὁ
3454 4104 3583 4166 λαὸς
3609 4124 3754 4160 παυ-

2155 4188 2266 4248 θεὶς
2288 4187 2394 4238 τῶν
2415 4188 2693 4255 αἱρέσεων,
2721 4188 2854 4240 ἀλλὰ
2878 4189 3078 4249 πάντες
3111 4191 3205 4259 τῆς
3235 4192 3521 4262 ὀρθοδόξου
3550 4197 3755 4266 μοίρας

2159 4277 2288 4336 εἰσὶ,
2320 4278 2518 4339 πάντες
2551 4280 2676 4346 μιᾶς
2703 4277 2915 4329 ἔσονται
2943 4280 3184 4348 γνώμης,
3215 4282 3308 4332 καὶ
3337 4282 3419 4333 δεῖ
3471 4289 3755 4358 παρουσίᾳ

491 4370 803 4424 orthodoxa:
851 4370 1051 4437 partis;
1100 4383 1290 4420 omnes
1349 4367 1509 4420 unius
1549 4374 1708 4420 erunt
1750 4367 2045 4428 sententize,

2158 4365 2265 4416 τῶν
2293 4366 2462 4432 ἁγίων
2491 4367 2604 4436 ἦτοι
2630 4367 2738 4418 τῶν
2769 4368 2975 4419 πιστῶν
3005 4370 3104 4432 τὰς
3126 4371 3465 4440 χειροτονίας
3495 4375 3754 4440 γίνεσθαι

491 4474 543 4516 et
573 4471 776 4530 Oportet
820 4461 872 4511 in
905 4457 1190 4528 praesentia
1224 4465 1536 4510 sanctorum
1574 4472 1666 4509 seu
1697 4456 1932 4510 fidelium
1963 4472 2054 4509 or-

493 4552 801 4604 dinationes
832 4550 946 4600 tieri
993 4549 1046 4599 in
1084 4546 1336 4600 ecclesia.
1370 4546 1604 4598 Sanctos
1650 4554 1828 4600 autem
1874 4546 2054 4599 lidcles

501 4641 806 4708 appellavit,
831 4653 892 4690 ex
920 4646 1108 4689 sancto
1138 4636 1237 4688 boc
1263 4634 1431 4687 Paulo
1461 4650 1764 4688 assumens.
1791 4636 1878 4687 Ille
1911 4636 2052 4687 enim

499 4731 578 4783 sic
612 4727 793 4779 ﬁdeles
830 4726 883 4777 in
907 4725 1021 4778 suis
1055 4723 1311 4791 Epistolis
1343 4723 1593 4790 appellat.
1629 4722 1750 4775 Haec
1785 4723 1965 4789 itaque
1992 4724 2056 4774 de

501 4819 589 4878 iis,
616 4818 707 4885 qui
744 4818 793 4867 in
835 4815 1062 4867 urbibus
1106 4813 1368 4875 habitant,
1420 4813 1629 4864 videtur
1667 4812 1863 4864 dicere.
1897 4810 1966 4864 De
1991 4812 2056 4862 iis

499 4915 702 4969 autem,
729 4905 820 4973 qui
846 4912 969 4957 sunt
1001 4905 1052 4955 in
1084 4903 1318 4971 regione,
1346 4917 1439 4954 seu
1465 4902 1516 4953 in
1543 4902 1673 4955 vicis
1729 4902 1879 4961 dicit,
1911 4902 2056 4967 quod

502 4998 754 5065 quoniam
794 4994 947 5047 multi
979 4994 1142 5046 etiam
1185 4993 1336 5044 inviti
1381 4993 1851 5044 cominuuicabant
1887 4993 2058 5044 luere-

505 5088 658 5150 ticis;
689 5100 871 5137 eorum
915 5091 1091 5134 autem
1129 5081 1281 5132 multi
1316 5079 1545 5133 ﬁdelium
1585 5080 1780 5132 animis
1815 5095 2057 5132 commu-

505 5176 757 5227 nicabant
795 5174 904 5225 sive
953 5170 1342 5223 conveniebant
1390 5176 1441 5220 et
1495 5171 1928 5221 assentiebantur
1959 5188 1968 5219 :
2002 5169 2057 5221 Si

505 5264 626 5331 quis
647 5277 829 5315 eorum
857 5261 924 5314 sit
951 5258 1280 5312 ordinandus
1310 5259 1362 5310 in
1389 5260 1616 5318 clermn,
1645 5273 1767 5310 einu
1796 5273 1898 5310 non
1924 5260 2057 5312 alias

507 5347 882 5407 ordinandum,
917 5360 1075 5411 quam
1111 5361 1230 5397 cum
1279 5346 1664 5412 approbatione
1710 5346 2052 5410 clerieorum,

509 5451 642 5503 quos
674 5443 885 5486 constat
917 5450 1037 5488 esse
1074 5434 1424 5498 ortliodoxos,
1461 5443 1722 5500 pricseutc
1753 5435 1912 5487 etiam
1946 5438 2056 5500 ιυρι-

511 5540 694 5590 εςιεοιιο,
726 5532 776 5575 ct
811 5525 1114 5591 ulloquente
1152 5524 1427 5590 populum,
1467 5535 1523 5574 ut
1567 5523 1816 5590 superius
1851 5525 2053 5575 dit-tum

510 5624 611 5670 est.
648 5613 764 5667 ll.th
796 5623 970 5667 autem
1005 5614 1133 5667 diiit
1163 5615 1297 5676 ﬁeri,
1327 5630 1390 5667 ne
1424 5615 1714 5667 intercedat
1742 5617 1920 5686 aliqua
1950 5619 2054 5669 cir-

2159 4455 2247 4505 ἐπ’
2287 4455 2597 4524 ἐκκλησίας.
2636 4457 2848 4522 Ἀγίους
2880 4457 2935 4508 δὲ
2964 4459 3090 4520 τοὺς
3122 4461 3346 4521 πιστοὺς
3367 4461 3652 4525 ἐκάλεσεν,
3687 4467 3757 4519 ὲκ

2158 4544 2250 4595 τοῦ
2287 4544 2570 4595 θεσπεσίου
2620 4545 2830 4596 Παύλου
2871 4547 3028 4597 τούτο
3071 4547 3396 4616 παραλαῦών
3419 4566 3431 4578 ·
3463 4550 3607 4602 οὔτω
3638 4554 3756 4624 γὰρ

2160 4636 2409 4695 κάκεῖνος
2437 4636 2493 4686 ὲν
2517 4637 2633 4697 ταῖς
2669 4636 3004 4698 Ἐπιστολαῖς
3032 4638 3196 4689 αὐτοῦ
3223 4641 3348 4700 τοὺς
3379 4641 3610 4702 πιστοὺς
3631 4643 3757 4694 ὀνο-

2163 4726 2340 4794 μάζει.
2376 4728 2557 4778 Ταῦτα
2612 4729 2713 4796 μὲν
2761 4725 2851 4780 οὖν
2883 4731 3010 4799 περὶ
3060 4731 3166 4782 τῶν
3215 4733 3273 4783 ἐν
3307 4733 3532 4788 πόλεσιν
3577 4735 3756 4791 ὄντων

2160 4816 2302 4868 ἔοικε
2336 4817 2531 4883 λέγειν.
2565 4819 2698 4886 Περί⁵
2725 4817 2780 4868 δὲ
2810 4818 2914 4869 τῶν
2955 4821 3012 4870 ἐν
3043 4823 3107 4888 τῇ
3152 4820 3352 4890 ἐνορίᾳ,
3394 4823 3516 4890 ἦτοι
3545 4827 3653 4876 τῶν
3693 4829 3759 4883 ἐν

2157 4907 2223 4973 τῇ
2257 4904 2425 4974 χώρᾳ,
2456 4907 2636 4973 φησὶν,
2670 4907 2750 4957 ὅτι
2778 4907 2897 4957 ἐπεὶ
2928 4907 3111 4960 πολλοὶ
3143 4912 3253 4970 τοῖς
3277 4911 3577 4979 αίρετικοῖς
3606 4916 3756 4968 ἐκοιο

2161 4994 2360 5047 νώνουν
2392 4997 2485 5047 καὶ
2518 4997 2758 5059 ἄκοντες,
2790 4997 2895 5048 τῶν
2924 4997 3175 5050 τοιούτων
3205 4999 3260 5050 δὲ
3295 5000 3483 5054 πολλοὶ
3517 5003 3626 5056 τῶν
3658 5023 3756 5058 ττι-

2162 5084 2299 5135 στῶν
2333 5085 2647 5137 ἐκοινώνουν
2671 5088 2788 5146 ταῖς
2817 5085 3083 5154 γνώμαις,
3112 5088 3280 5155 ἤγουν
3315 5095 3756 5157 συγκατέϐαινον

2160 5172 2252 5223 καὶ
2291 5172 2585 5241 συνῄνουν’
2618 5174 2679 5224 Ei
2727 5175 2788 5224 ἐκ
2823 5175 3026 5226 τούτων
3073 5175 3257 5242 μέλλει
3294 5195 3379 5240 τις
3425 5187 3758 5250 χειροτονεῖ.

2162 5261 2284 5312 σΟαι
2314 5265 2390 5324 εἰς
2426 5263 2514 5314 τὸν
2550 5263 2765 5333 κλῆρον,
2806 5264 2879 5333 μὴ
2911 5265 3084 5327 ἄλλως
3120 5270 3566 5337 χειροτονεῖσθαι,
3593 5274 3638 5322 εί
3677 5273 3758 5344 μὴ

2164 5351 2302 5416 μετὰ
2324 5353 2641 5421 δοκιμασίας
2673 5353 2777 5406 τῶν
2808 5353 3251 5422 ὁμολογουμένως
3289 5357 3592 5426 ὀρθοδόξων
3618 5361 3764 5432 κληέ

2167 5441 2347 5506 ρικῶν,
2378 5443 2639 5510 παρόντος
2665 5442 2756 5493 καὶ
2785 5441 2875 5493 τοῦ
2900 5443 3222 5504 ἐπισκόπου,
3253 5446 3344 5497 καὶ
3370 5450 3760 5515 προσφωνοῦν-

2162 5548 2250 5592 τος
2278 5531 2353 5598 τῷ
2386 5531 2518 5600 λαῷ,
2554 5532 2626 5592 ὡς
2657 5531 2860 5584 ἄνωθεν
2903 5533 3138 5602 εἴρηται.
3173 5533 3358 5587 Ταῦτα
3392 5539 3446 5588 δὲ
3479 5539 3627 5604 λέγει
3665 5539 3757 5598 γέ-

2160 5621 2362 5682 νεσθαι,
2403 5623 2486 5672 ἵνα
2523 5621 2594 5690 μὴ
2640 5621 2801 5691 μέσον
2835 5622 3060 5690 γένηταί
3096 5641 3176 5684 τις
3216 5627 3542 5688 περιδοομῦτ,
3581 5631 3756 5688 ἤγουν
