4004 6456
202 337 313 404 913

1267 330 1348 390 IN
1399 325 1738 390 CANONES
1768 325 2152 386 ΤΙΜΟΤΗΕῙ
2193 325 2411 387 ALEX.

3321 324 3437 393 ςιι

209 460 345 515 κατ’
369 461 589 529 αὐτοὺς
623 463 997 534 ἐπιστύψεως
1019 506 1032 528 ,
1073 465 1217 533 ὅπερ
1254 467 1286 519 ό
1327 467 1470 532 Θεὸς
1501 464 1775 532 ὑποϐάλῃ

1894 460 2013 529 {uad
2051 462 2104 514 in
2131 478 2230 516 usu
2258 470 2334 516 est
2372 460 2570 530 vimque
2597 459 2809 517 obtinet.
2854 458 2992 514 Nam
3031 474 3145 513 cum
3174 454 3240 512 iis
3269 458 3341 512 sis
3369 457 3425 511 in

209 571 315 609 σοι
339 598 354 622 ,
401 557 576 612 τοῦτο
618 561 874 627 ποίησον
897 601 910 624 ,
944 563 1253 634 πανταχοῦ
1286 563 1432 630 πρὸς
1461 561 1526 614 τὸ
1561 557 1779 626 ἐπέχοι·

211 644 639 715 ὁδητιούμενος.
681 652 808 704 Ἐπὶ
847 652 955 720 γὰρ
982 650 1100 706 τῶν
1127 655 1324 706 τόπων
1346 649 1652 719 τυγχάνων
1673 649 1778 711 τὰς

212 736 454 801 γνώμας
483 736 681 789 αὐτῶν
695 738 935 807 μᾶλλον
957 739 1176 793 ειδέναι
1209 740 1482 793 δύνασαι.

287 823 478 877 ΒᾹΛΣ.
525 828 772 897 utagmen;
825 846 944 891 τις,
975 830 1051 892 ὡς
1099 831 1396 907 παρανόμῳ
1443 829 1604 898 γάμῳ
1656 843 1780 881 συν-

213 915 410 981 αφθεὶς
432 920 664 983 γυναικὶ,
690 920 972 989 ἀφωρίσθη
1001 922 1091 973 καὶ
1113 922 1210 989 τῆς
1237 921 1502 984 συνάξεως
1523 920 1619 988 τῆς
1644 917 1780 988 μετά

209 1004 323 1058 τῶν
379 1007 584 1060 πιστῶν
632 1009 864 1078 εἴργετο.
907 1012 966 1064 '0
999 1012 1054 1064 δὲ
1103 1012 1286 1079 ἔλεγεν
1312 1051 1326 1075 ,
1369 1012 1448 1064 ὅτι
1495 1010 1553 1063 ἐν
1589 1009 1781 1079 ἀγνοίᾳ

212 1093 437 1164 ἐποίησε
464 1097 524 1149 τὸ
561 1100 896 1170 παράνομον,
926 1102 1018 1155 καὶ
1051 1101 1266 1170 ἕτοιμός
1309 1104 1456 1153 ἐστιν
1482 1100 1779 1170 ἀποστῆναι

201 1183 306 1236 τοῦ
337 1186 536 1256 γάμου,
575 1186 732 1240 τῶτο
757 1189 850 1241 καὶ
879 1189 977 1257 τῆς
1003 1189 1259 1256 γυναικὸς
1292 1188 1644 1258 βουλομένης·
1686 1187 1780 1241 καὶ

211 1272 398 1343 ἐζήτει
456 1277 814 1346 ἀφιστάμενος
848 1278 1119 1348 δεχθῆναι.
1153 1278 1297 1348 Πρὸς
1332 1277 1500 1330 ταῦτα
1551 1271 1643 1329 οὖν
1677 1275 1780 1344 ἔφη

211 1365 242 1415 δ
269 1363 530 1432 Θεόφιλος
550 1408 564 1429 ,
585 1367 659 1429 ὡς
696 1368 760 1420 ἂν
792 1369 1048 1432 ἐξετάσας
1071 1371 1321 1440 εὑρήσεις
1337 1411 1350 1431 ,
1367 1368 1447 1420 ὅτι
1475 1369 1539 1420 ὲκ
1563 1367 1783 1435 συμφώ-

212 1470 330 1517 νου,
359 1454 480 1508 ἀντί
504 1456 600 1509 τοῦ
635 1459 699 1511 ὲκ
733 1461 916 1528 κοινῆς
943 1460 1140 1528 βουλῆς
1163 1499 1176 1523 ,
1205 1457 1524 1526 ἀφίστανται
1550 1455 1640 1508 τοῦ
1684 1455 1781 1523 γά·-

218 1558 323 1612 μου
353 1583 367 1604 .
408 1544 504 1596 καὶ
549 1547 648 1598 οὐκ
702 1546 988 1611 ἀπατῶσι,
1038 1547 1319 1600 δεκαετίαν
1370 1545 1781 1614 συνοικήσαντες

214 1632 471 1702 ἀλλήλοις
492 1676 507 1699 ,
538 1636 796 1707 δυσχερὲς
825 1637 953 1701 ἴσως
989 1637 1054 1692 ἂν
1082 1638 1348 1705 λογίζοιτο
1379 1636 1559 1698 αὐτοῖς
1600 1636 1633 1703 ή
1665 1633 1780 1685 διάη

214 1719 397 1789 ξευξις
417 1765 432 1785 ,
461 1725 556 1778 καὶ
586 1727 792 1797 μήποτε
824 1726 1124 1781 ἀπατῶσιν.
1151 1727 1220 1779 Et
1247 1727 1499 1787 σκοπεῖς,
1540 1722 1657 1775 ἀντὶ
1687 1720 1781 1772 τοῦ

1879 552 2029 618 locis.
2064 568 2242 606 eorum
2270 562 2465 607 mentes
2495 551 2680 608 melius
2708 569 2865 607 nosse
2884 561 3048 618 potes.

1947 806 2141 861 BALS.
2168 807 2428 863 Maximus
2461 807 2677 878 quidam
2704 846 2720 870 ,
2752 814 2812 861 ut
2865 805 3053 860 illicito
3084 802 3430 860 matrimonio

1879 897 2090 951 mulieri
2122 898 2447 964 coniunctus
2476 906 2786 966 segregatus
2820 895 3014 957 fuerat,
3056 903 3106 947 et
3139 908 3166 945 a
3197 907 3426 962 congre-

1879 987 2094 1057 gatione
2119 1000 2240 1040 cum
2275 986 2523 1040 ﬁdelibus
2547 985 2950 1055 prohibebatur.
2985 981 3032 1038 Is
3065 997 3190 1036 vero
3219 983 3429 1035 dicebat

1880 1093 1938 1131 se
1963 1092 2057 1145 per
2092 1077 2450 1145 ignorantiam
2481 1076 2672 1130 fecisse
2697 1085 2886 1128 contra
2913 1075 3076 1142 leges,
3102 1082 3154 1127 et
3184 1085 3425 1143 paratum

1879 1181 2000 1222 esse
2032 1165 2100 1219 ab
2150 1166 2252 1220 hoc
2296 1166 2642 1219 matrimonio
2673 1164 2922 1220 recedere
2950 1204 2965 1226 ,
3015 1164 3238 1217 muliere
3268 1163 3427 1216 etiam

1881 1261 2093 1314 volente
2119 1266 2216 1318 ενοι
2250 1261 2464 1329 petebat
2487 1299 2500 1322 ,
2528 1267 2586 1313 ut
2614 1259 2681 1311 ab
2709 1274 2772 1313 ea
2799 1257 3095 1312 abscedens
3124 1257 3432 1308 admittere-

1887 1358 1995 1404 tur.
2028 1348 2109 1402 A‘d
2143 1348 2256 1403 haec
2279 1363 2407 1420 ergo
2435 1349 2566 1402 dicit
2595 1347 2945 1415 Theophilus.
2978 1345 3118 1414 quod
3156 1345 3202 1398 si
3251 1344 3430 1413 inqui-

1883 1453 2006 1493 rens
2032 1437 2304 1491 inveneris
2333 1451 2429 1492 eos
2451 1451 2512 1491 ex
2545 1451 2848 1499 consensu,
2882 1436 2982 1488 hoc
3013 1441 3127 1496 est,
3159 1431 3432 1486 communi

1882 1528 2143 1592 consilio,
2189 1544 2218 1581 a
2251 1527 2597 1580 matrimonio
2649 1526 2945 1586 absistere,
2998 1531 3055 1578 et
3083 1537 3191 1576 non
3229 1522 3431 1582 fallere.

1882 1632 2004 1673 cum
2035 1619 2221 1673 decem
2255 1618 2412 1671 annis
2444 1617 2606 1672 simul
2653 1614 3041 1676 cobabitarint,
3073 1612 3303 1665 diﬂicilis
3327 1597 3434 1662 τοι·

1884 1723 1980 1762 san
2015 1708 2083 1762 iis
2131 1707 2427 1761 existimari
2462 1712 2642 1774 posset
2687 1719 2717 1758 a
2752 1719 2810 1758 se
2857 1705 3084 1757 invicem
3116 1701 3429 1768 disjunctio.

213 1815 264 1866 εί
299 1816 503 1883 κρίνεις
550 1789 686 1886 μετά
712 1818 821 1870 τῶν
849 1816 1270 1887 κατηχουμένων
1310 1815 1506 1875 αὐτοὺς
1535 1809 1783 1864 ἵστασθαι

1894 1807 1934 1850 3t
1962 1812 2028 1850 ne
2059 1793 2266 1849 fallant.
2297 1794 2352 1849 Si
2387 1795 2712 1854 consideras.
2747 1793 2850 1847 hoc
2880 1799 2982 1856 est.
3017 1791 3062 1846 si
3098 1789 3311 1860 judicas
3339 1805 3434 1845 eos

213 1880 353 1967 τέως
372 1944 384 1962 .
426 1880 594 1974 mrko
624 1907 759 1977 πρὸς
791 1908 850 1959 τὸ
877 1880 1070 1976 nepos.
1094 1880 1267 1968 οὕτως
1303 1902 1464 1956 αὐτὸν
1494 1899 1781 1968 οίκονόμη-

1894 1894 2037 1941 stare.
2064 1885 2261 1939 debere
2293 1900 2416 1938 cum
2448 1884 2884 1945 catechumenis.
2920 1897 3062 1936 nunc
3084 1922 3098 1946 ,
3149 1882 3200 1934 id
3253 1887 3334 1934 est
3380 1880 3432 1933 in

215 2008 329 2046 σον.
378 1972 523 2046 Eii-Bt
552 1972 719 2058 νοεῖς,
756 1972 1070 2067 φησὶνίὸτι
1119 1994 1260 2048 κατά
1308 1993 1521 2059 ἀπάτην
1567 1990 1780 2056 λέγουσι

1894 1977 2169 2046 praesentia
2190 2015 2205 2038 .
2239 1977 2319 2031 sic
2352 1991 2446 2031 eos
2493 1976 2767 2045 dispensa.
2798 1974 2949 2040 Quod
2984 1975 3031 2028 si
3086 1972 3434 2034 intellexeris.

217 2081 408 2143 ταῦτα,
446 2086 537 2136 καὶ
565 2087 644 2138 ὅτι
679 2062 776 2138 ἔτι
808 2062 1014 2140 δέονται
1055 2085 1298 2154 στύψεως
1321 2123 1336 2146 ,
1377 2084 1494 2152 ἦτοι
1519 2080 1784 2146 αὐστηρο-

1894 2066 2085 2132 inquit,
2113 2065 2256 2134 quod
2284 2082 2378 2136 per
2404 2067 2645 2120 fraudem
2678 2066 2790 2119 haec
2816 2065 3001 2118 dicunt
3030 2103 3045 2126 ,
3073 2073 3126 2117 et
3158 2062 3302 2131 quod
3342 2062 3438 2116 nd-

219 2173 389 2243 τέρων
441 2176 758 2244 ἐπιτιμίων,
790 2178 1013 2246 ποίησον
1043 2149 1276 2248 amem
1319 2175 1347 2226 ὁ
1382 2149 1512 2235 Θεὸς
1538 2168 1781 2237 ὕποδάλῆ

1894 2153 1992 2208 huc
2021 2155 2314 2208 acerbitate
2335 2156 2595 2224 indigent,
2621 2171 2714 2209 seu
2739 2155 3105 2208 acerbioribus
3130 2153 3321 2222 pcenis,
3351 2149 3438 2204 fac

217 2242 324 2325 σοι,
358 2264 479 2314 ἀντὶ
505 2242 602 2315 τοῦν
629 2266 866 2335 ὲνηχήσῃ
998 2242 1238 2334 λογισμῷ
1273 2279 1366 2316 σου
1392 2302 1408 2326 ,
1437 2262 1573 2330 ὅπερ
1600 2261 1629 2312 ὁ
1654 2259 1784 2321 Θεὸς

1894 2243 2028 2314 quod
2060 2243 2198 2297 Deus
2230 2245 2326 2299 tibi
2360 2246 2722 2314 suggesserit,
2755 2245 2857 2299 hoc
2881 2255 2960 2299 est
2980 2286 2993 2307 ,
3024 2253 3128 2298 lure
3158 2243 3319 2297 menti
3352 2242 3437 2296 in-

220 2351 514 2422 ινθυμήσει
542 2369 621 2416 σε,
647 2353 916 2424 πανταχοῦ
946 2353 1080 2424 πρὸς
1098 2353 1156 2405 τὸ
1185 2353 1378 2420 ὲπέχον
1404 2345 1782 2418 ὁδηγούμενοςι

217 2440 340 2507 ἦτοι
371 2442 508 2513 πρὸς
531 2443 591 2496 τὸ
616 2445 943 2514 ἐπικρατοῦν
973 2445 1004 2514 ἢ
1038 2445 1100 2498 τὸ
1127 2443 1469 2507 κατεπεῖγον.

1884 2334 2167 2402 Spiraverit
2193 2373 2206 2394 ,
2245 2336 2386 2402 quod
2421 2335 2472 2387 in
2501 2337 2738 2389 animum
2772 2336 3054 2388 immiserit
3095 2333 3230 2387 Deus
3251 2373 3265 2394 .
3299 2347 3440 2387 sem»

1883 2439 1981 2492 per
2012 2425 2062 2478 id
2087 2425 2231 2493 quod
2251 2433 2335 2479 est
2363 2426 2416 2478 in
2442 2441 2539 2478 usu
2559 2434 2612 2479 et
2631 2425 2772 2494 quod
2797 2426 2939 2478 viros
2959 2425 3163 2477 obtinet
3185 2436 3436 2494 sequens.

1886 2513 1940 2570 id
1974 2523 2078 2580 est,
2111 2515 2256 2584 quod
2294 2516 2465 2587 magis
2496 2525 2577 2570 est
2605 2524 2778 2570 ratum
2809 2530 2871 2570 ac
2905 2515 3159 2568 validum.

997 2712 1221 2798 ΤΟΥ
1285 2705 1649 2795 ΑΥΤΟΥ
1710 2633 2028 2818 ΜῇΝᾼ
2080 2692 2684 2810 ΕΠΙΣΚΟΠῼ.

1507 2898 1984 2970 175EJUSDEM

1317 3034 1680 3121 ΜΕΝΑέ
1753 3025 2370 3119 EPISCOPO.

299 3269 562 3335 Νόμιμον
602 3261 836 3328 πρᾶγμα
881 3255 1278 3321 πεποιήκασιν
1310 3256 1361 3307 οἱ
1403 3253 1790 3320 πρεσϐύτεροι

1965 3246 2089 3300 Rem
2123 3245 2320 3309 iustam
2365 3242 2590 3308 fecerant
2635 3237 2917 3306 presbyteri
2953 3238 3006 3288 in
3041 3234 3250 3288 Gemino
3288 3249 3443 3302 pago.

226 3357 298 3412 ἐν
321 3356 553 3423 Γεμίνφ
579 3351 652 3418 τῆ
682 3350 840 3418 κώμῃ
858 3388 872 3409 ,
907 3351 959 3402 εὶ
985 3347 1263 3414 ἀληθεύει
1291 3345 1329 3411 ἠ
1369 3344 1695 3410 κομίζουσα
1725 3340 1789 3395 τὸ

228 3445 463 3515 γράμμα
514 3437 875 3503 Εὑσταοοῦς.
913 3437 1133 3490 Φάσκει
1183 3435 1324 3503 γὰρ,
1376 3433 1462 3486 ὅτι
1501 3430 1793 3498 Κυρὰδιον

227 3532 564 3588 ἀδικοῦσαν
593 3529 686 3583 καὶ
733 3527 817 3596 μὴ
863 3523 1247 3592 βουλομένην
1292 3519 1637 3576 ἀναστεῖλαι
1680 3519 1794 3585 τὴν

229 3625 489 3686 ἀδικίαν,
520 3623 812 3688 ἐχώρισαν
841 3617 949 3684 τῆς
969 3615 1298 3678 συνάξεως.
1329 3611 1558 3678 Ἐπειδὴ
1587 3611 1795 3664 τοίνυν

231 3709 411 3782 εὖρον
429 3752 442 3773 ,
486 3712 566 3776 ὡς
596 3710 657 3763 τὸ
688 3706 904 3773 ἑαυτῆς
929 3705 1116 3760 κακὸν
1145 3705 1555 3773 θεραπεύουσα
1571 3703 1789 3765 ,βούλεο

232 3819 324 3859 τοι
365 3800 777 3869 συναχθῆναι,
805 3799 1065 3863 θέλησον
1109 3793 1560 3862 παρασκευάσαι
1603 3792 1796 3857 αὐτὴν

233 3893 564 3948 ἀποθέσθαι
619 3889 852 3956 πρῶτον
880 3887 993 3952 τὴν
1025 3885 1280 3949 ἀδικίαν,
1319 3884 1414 3936 καὶ
1451 3882 1652 3935 πεῖσαι
1693 3897 1795 3949 μεθ

234 3983 530 4049 τανοῆσαι
554 4020 568 4042 ,
597 3982 673 4032 ἵν’
702 3980 885 4043 οὕτως
905 4016 917 4039 ,
949 3979 1000 4030 εί
1027 3975 1283 4042 συνίδῃς
1330 3974 1416 4026 ὅτι
1463 3973 1622 4040 νόμῳ
1650 3969 1793 4024 Θεοῦ

235 4073 625 4142 προσέρχεται
654 4070 763 4135 τῆς
783 4067 1091 4131 συνάξεως
1117 4065 1454 4133 ὀρεγομένη,
1473 4061 1795 4129 ὲπιτρέψῃς

235 4165 428 4230 αὐτὴν
449 4162 598 4230 μετὰ
621 4160 738 4214 τῶν
765 4157 929 4213 λαῶν
952 4155 1337 4222 συνάγεσθαι.

306 4253 502 4306 ΒΑΛΣ.
528 4247 766 4302 Γυναίκά
793 4265 910 4300 τινα
936 4245 1201 4314 Κυράδιον
1231 4239 1524 4309 λεγομένην
1557 4240 1648 4290 καὶ
1681 4238 1798 4290 acr-

237 4345 441 4398 κοῦσαν
469 4345 517 4395 oi
547 4343 604 4394 ὲν
624 4341 835 4409 Γεμίνῳ
867 4337 1220 4409 πρεσόύτεροι
1245 4333 1523 4404 ἀφώρισαν
1551 4331 1648 4399 τῆς
1672 4331 1798 4381 Ἐκ-

235 4435 463 4502 κλησίας
483 4473 496 4495 ,
536 4431 609 4500 μὴ
639 4428 980 4499 ἀπεχομένην
1012 4425 1108 4494 τῆς
1132 4423 1359 4484 ἀδικίας.
1393 4421 1457 4472 Ἦ
1494 4419 1570 4480 δὲ,
1599 4417 1683 4475 διά
1708 4417 1797 4469 τὸν

237 4523 560 4592 ἀφορισμδν,
595 4521 903 4588 ὑπισχνεῖτο
931 4515 1262 4586 θεραπεῦσαι
1288 4512 1384 4581 τὴν
1419 4510 1631 4563 ἀδικίαν
1658 4549 1672 4570 ,
1707 4507 1798 4560 καὶ

237 4612 400 4683 ἤθελε
432 4611 704 4683 δεχθῆναι..
727 4609 929 4682 Γράφει
949 4602 1041 4659 οὖν
1077 4607 1105 4659 δ
1136 4602 1389 4671 Θεόφιλος
1411 4601 1543 4671 πρὸς
1572 4599 1660 4652 τὸν
1697 4597 1796 4664 τῆς

239 4677 425 4775 χώρας
457 4677 787 4762 ἐπίσκοπον,
818 4699 899 4751 δτι
929 4693 1354 4763 Παρασκεύασον
1406 4691 1571 4759 αὐτὴν
1605 4687 1799 4742 ἀποθέ-

243 4793 369 4844 σθαι
399 4789 610 4860 πρῶτον
640 4789 736 4856 τὴν
768 4785 996 4847 ἀδικίαν,
1026 4784 1189 4852 ἦγουν
1218 4777 1505 4834 ἀποδοῦναι
1540 4776 1576 4830 ἃ
1605 4776 1800 4836 ἀδίκως

242 4883 530 4951 ὶκτήσατο,
553 4880 642 4930 καὶ
675 4878 1028 4946 μετανοῆσαι,
1063 4873 1182 4926 ἀντὶ
1212 4872 1305 4925 τοῦ
1338 4871 1438 4932 ,ἐπὶ
1465 4871 1529 4938 τῇ
1559 4865 1802 4935 ἁμαρτίᾳ

242 4975 340 5043 τῆς
385 4971 598 5030 ἀδικίας
635 4966 1094 5038 μεταμεληθῆναι,
1122 4963 1215 5016 καὶ
1246 4960 1498 5030 δεηθῆναι
1545 4957 1637 5010 τοῦ
1668 4954 1798 5008 Θεοῦ

243 5060 509 5130 ἀφεθῆναι
537 5058 671 5126 αὐτῇ
703 5056 762 5108 τὸ
796 5055 1113 5124 ἁμάρτημα.
1146 5052 1253 5104 Καὶ
1295 5048 1463 5101 ταῦτα
1501 5045 1799 5115 ποιησάσης

247 5147 453 5216 αὔτῆς,
485 5148 532 5198 εἰ
573 5145 818 5214 συνίδῃς,
866 5142 1140 5202 τουτέστι,
1185 5139 1326 5208 γνῷς
1363 5138 1442 5191 ὅτι
1484 5135 1632 5205 νόμῳ
1672 5133 1804 5186 Θεοῦ

247 5237 633 5306 προσέρχεται,
677 5235 841 5304 ἤγουν
873 5231 1174 5300 συνειδήσει
1201 5227 1373 5296 ἀγαθῇ
1406 5227 1479 5296 μὴ
1509 5223 1804 5292 ἀνεχομένη

247 5325 577 5398 κεχωρίσθαι
609 5324 706 5393 τῆς
732 5321 839 5374 τῶν
887 5319 1089 5373 πιστῶν
1122 5316 1388 5380 συνάξεως
1406 5354 1421 5376 ,
1447 5315 1531 5367 διὰ
1561 5313 1650 5364 τὸν
1674 5311 1806 5364 Θεὸν

249 5419 346 5470 καὶ
376 5415 449 5486 μὴ
479 5415 543 5466 δι’
578 5413 837 5483 αἰσχύνην
862 5408 1181 5478 ἀνθρώπων,
1217 5408 1334 5459 τότε
1357 5402 1643 5474 ἐπίτρεψον
1668 5400 1804 5468 αὐτῇ

249 5505 349 5574 τὴν
378 5503 514 5575 μετά
542 5502 648 5556 τῶν
679 5500 881 5554 πιστῶν
907 5496 1050 5551 λαῶν
1082 5494 1296 5560 σύναξιν
1339 5493 1430 5545 καὶ
1465 5493 1719 5543 σύστασιν
1749 5486 1807 5538 ὲν

251 5597 363 5657 τοῖς
403 5592 609 5663 ὖμνοις.

1891 3340 1938 3392 si
1969 3351 2140 3391 verum
2190 3333 2355 3395 dicit,
2386 3345 2500 3398 qua:
2548 3328 2712 3394 defert
2749 3329 2947 3380 litteras
2989 3323 3273 3377 Eustathii.
3307 3322 3446 3376 Dicit

1890 3427 2050 3486 enim.
2092 3422 2228 3494 quod
2257 3419 2543 3488 Cyradium
2568 3417 2842 3486 facientem
2876 3415 3146 3483 injuriam,
3173 3428 3261 3465 nec
3293 3412 3356 3463 ab
3387 3428 3447 3464 ea

1892 3518 2138 3571 desistere
2166 3513 2436 3569 volentem.
2463 3524 2494 3562 a
2519 3507 2877 3562 communione
2899 3512 3285 3569 separaverunt.
3310 3501 3448 3565 Quia

1891 3623 2012 3676 ergo
2047 3605 2215 3658 inveni
2240 3642 2254 3665 ,
2298 3601 2432 3672 quod
2480 3615 2574 3652 suo
2610 3596 2750 3650 man
2798 3610 2977 3648 curam
3035 3593 3284 3646 adhibens
3339 3591 3448 3644 vult

1893 3696 2275 3752 communicare
2301 3732 2315 3755 ,
2345 3693 2429 3759 fac
2459 3707 2522 3743 ea
2567 3690 2644 3741 ita
2670 3703 2725 3741 se
2768 3692 3028 3750 comparet
3053 3723 3066 3744 ,
3105 3691 3159 3734 ut
3196 3683 3446 3750 injuricm

1892 3789 2114 3856 primum
2147 3784 2403 3851 deponat.
2448 3789 2495 3833 et
2541 3777 2891 3846 paenitentiam
2923 3790 3071 3843 agere
3118 3774 3168 3825 in
3217 3774 3449 3824 animum

1894 3877 2133 3938 inducat,
2163 3883 2216 3925 ut
2248 3873 2294 3926 si
2323 3872 2398 3925 sic
2427 3867 2762 3926 intellexeris.
2795 3863 2931 3933 quod
2962 3864 3177 3923 accedit,
3216 3877 3444 3915 canunt;-

1895 3967 2098 4020 nionem
2126 3963 2450 4022 desiderans,
2473 3959 2744 4028 permittas
2773 3956 2821 4010 ei
2848 3963 2904 4007 ut
2930 3969 3043 4008 cum
3069 3955 3266 4017 populis
3298 3969 3440 4006 com-

1894 4056 2138 4110 municet.

1969 4224 2163 4279 BALS.
2200 4221 2472 4277 Mulierem
2503 4218 2790 4289 quamdam
2816 4255 2831 4279 .
2873 4231 2991 4284 quae
3021 4213 3308 4279 Cyradium
3355 4226 3449 4280 ap-

1898 4317 2196 4386 pellabatur
2216 4353 2229 4376 .
2259 4320 2312 4365 et
2340 4310 2595 4378 injuriam
2629 4316 2753 4361 ante
2784 4305 3011 4360 iaciebat
3041 4343 3053 4364 .
3084 4304 3174 4370 qui
3208 4309 3362 4354 erant
3397 4303 3450 4352 in

1899 4407 2124 4461 Gemino
2154 4400 2449 4473 presbyteri
2497 4399 2566 4454 ab
2597 4396 2834 4452 Ecclesia
2876 4400 3285 4463 separaverant.
3326 4405 3461 4442 cum.

1901 4496 1968 4549 ab
2007 4494 2202 4562 injuria
2231 4506 2337 4545 non
2366 4490 2683 4545 abstineret.
2713 4485 2803 4539 llla
2831 4498 2960 4538 vero
3015 4489 3168 4550 propt
3187 4497 3228 4533 ~r
3267 4495 3444 4549 segrec

1901 4584 2172 4655 gationem
2207 4580 2559 4650 pollicebatur
2596 4592 2655 4633 se
2684 4574 2895 4644 injuriae
2924 4571 3216 4627 remedium
3256 4569 3446 4621 allatu-

1903 4689 2016 4727 ram
2049 4711 2063 4736 ,
2092 4679 2145 4726 et
2177 4670 2243 4724 ad
2273 4668 2707 4723 communionem
2748 4662 2959 4717 admitti
2987 4661 3216 4714 volebat.
3251 4657 3451 4711 Scribit

1903 4778 2032 4833 ergo
2072 4760 2407 4830 Theophilus
2432 4759 2498 4813 ad
2526 4757 2836 4827 episcopum
2868 4753 3134 4821 regionis:
3165 4748 3270 4803 Fac
3308 4758 3365 4801 ut
3390 4762 3454 4802 ea

1905 4855 2136 4922 primum
2165 4854 2398 4920 deponat
2428 4848 2681 4916 injuriam
2703 4885 2716 4907 .
2749 4844 2849 4898 boe
2871 4848 2952 4896 est
2971 4881 2986 4904 .
3015 4840 3202 4893 reddat
3249 4853 3310 4890 ea
3336 4851 3455 4906 quae

1905 4944 2105 5010 injuste
2138 4938 2454 5009 acquisivit,
2483 4945 2536 4992 et
2563 4932 2933 5005 paenitentiam
2987 4935 3106 4996 agat
3127 4965 3140 4989 ,
3173 4927 3222 4980 id
3248 4934 3330 4979 est
3353 4967 3366 4990 .
3396 4941 3461 4980 se

1906 5032 2159 5100 injuriam
2191 5028 2388 5084 fecisse
2425 5040 2564 5094 aegre
2615 5023 2782 5084 ferat.
2814 5027 2867 5072 et
2895 5016 3062 5070 Deum
3094 5022 3211 5069 oret
3244 5022 3303 5067 ut
3353 5015 3454 5067 sibi

1908 5124 2127 5190 peccata
2156 5116 2551 5172 condonantur.
2577 5110 2643 5164 Et
2675 5125 2798 5164 cum
2829 5107 2943 5161 haec
2974 5105 3182 5166 fecerit,
3214 5105 3257 5156 si
3292 5103 3452 5156 intol-

1907 5209 2124 5270 teseris.
2155 5207 2257 5260 hoc
2288 5213 2369 5259 est
2393 5246 2407 5267 .
2450 5203 2494 5255 si
2518 5197 2836 5268 cognoveris
2857 5236 2870 5260 ,
2906 5193 3048 5263 quod
3081 5194 3195 5262 lege
3239 5190 3329 5244 Dei
3366 5204 3455 5242 ac-

1909 5297 2082 5361 cedit,
2141 5310 2231 5351 seu
2279 5295 2419 5347 bona
2447 5286 2817 5350 conscientia.
2873 5298 2992 5353 qua:
3045 5296 3150 5334 non
3187 5279 3286 5333 fert
3322 5291 3379 5330 se
3425 5290 3456 5328 ιι

1910 5386 2145 5440 fidelium
2168 5381 2544 5436 communione
2559 5392 2679 5434 esse
2696 5381 3017 5443 separatam,
3031 5377 3252 5438 propter
3264 5365 3426 5418 Deum
3439 5401 3458 5426 ,

1908 5483 1962 5529 et
1994 5488 2101 5527 non
2129 5481 2345 5541 prapter
2373 5468 2647 5524 hominum
2675 5463 2930 5536 pudorem
2956 5501 2969 5524 ,
2994 5467 3123 5513 tunc
3149 5456 3200 5511 ei
3231 5455 3454 5525 permit-

1913 5575 1993 5620 tes
2016 5577 2138 5618 cum
2177 5561 2425 5616 ﬁdelibus
2450 5558 2660 5631 populis
2694 5551 3093 5612 communicare
3129 5557 3182 5604 et
3212 5547 3268 5602 in
3301 5545 3455 5616 bym-

1913 5653 2000 5710 nis
2019 5651 2334 5708 consistere.
