4004 6490
530 337 631 404 915
1801 341 2074 405 ΤΗΕΟῙ).
2100 344 2111 404 l

2228 344 2495 406 .SAMON
3693 332 3809 397 916

872 579 1342 703 BEATI
1440 578 2012 705 NOSTRI
2109 577 2679 703 PATRIS
2777 578 3427 702 CYRILLI

1611 766 2136 827 AllCHlEPlSCOPl
2171 767 2665 824 ALEXANDRINI.

1488 857 1874 950 EPISTOLA
1922 887 2333 951 CANONICA
2373 889 2454 948 1N
2497 883 2805 948 HYMNIS

2109 1024 2185 1038 ﬂ

1610 1096 1745 1151 ΤΟΥ
1782 1097 1873 1152 ΕΝ
1911 1095 2134 1150 ΔῙἸΟῙΣ
2165 1094 2432 1150 ΠΑΤΡΟΣ
2468 1095 2671 1152 ΗΜΩΝ

889 1219 1473 1308 ΚΥΡΙΛΛΟΥ
1537 1219 2465 1306 ΑΡΧΙΕΠΙΣΚΟΠΟΥ
2537 1212 3374 1310 ΑΛΕΞΑΝΔΡΕΙΑΣ

1435 1361 1780 1416 ΕΠιΣΤυΑΗ
1831 1360 2199 1414 ΚΔΝΟΝΙΚΗ
2241 1361 2332 1415 ΕΝ
2370 1359 2532 1416 ΤΟΙΣ.
2562 1362 2848 1420 ΥΜΝΟΙΣ.

593 1513 834 1584 Cyrillus
865 1511 935 1566 ad
971 1511 1264 1567 Domuum.

2267 1505 2536 1581 Κύριλλος
2564 1511 2702 1578 πρὸς
2735 1513 2961 1585 Δόμνον.

598 1638 944 1709 Unaquaeque
990 1653 1078 1693 res
1109 1649 1317 1703 nostra,
1349 1641 1564 1709 quando
1597 1643 1788 1698 ordine
1827 1646 2088 1700 canonico
2109 1649 2152 1703 A

2256 1646 2499 1700 Ἕκαστα
2536 1645 2643 1698 τῶν
2698 1644 2818 1700 καθ’
2866 1646 3013 1717 ἡμᾶς
3063 1647 3411 1716 πραγμάτων
3452 1646 3580 1698 ὅταν
3630 1643 3791 1698 εὖθδ

524 1741 672 1784 recta
700 1729 977 1799 procedit,
1015 1730 1223 1784 nullum
1253 1731 1474 1799 quidem
1519 1733 1571 1785 in
1607 1733 1766 1788 nobis
1798 1736 2089 1790 tumultum

2223 1733 2412 1806 έρηται
2434 1733 2726 1803 κανονικῆς
2754 1734 3035 1808 εὐταξίας,
3095 1733 3288 1786 οὐδένα
3326 1734 3429 1801 μὲν
3458 1735 3592 1803 ἡμῖν
3623 1731 3800 1786 ἐντί-

529 1818 830 1888 ingenerat,
878 1827 934 1872 et
963 1835 991 1873 a
1031 1821 1419 1874 nonnullorum
1451 1821 1829 1877 maledicentia
1855 1823 2088 1890 liberat,

2212 1842 2296 1878 est
2321 1824 2563 1895 θόρυϐον,
2600 1825 2927 1878 ἀπαλλάττει
2960 1825 3014 1877 δὲ
3039 1826 3245 1894 καὶτῆς
3271 1825 3423 1896 παρά
3450 1841 3614 1878 τινων
3640 1825 3793 1880 δυσ-

527 1910 612 1963 vel
645 1911 826 1978 potius
852 1925 1043 1964 eorum
1089 1912 1181 1980 qui
1211 1913 1427 1982 sapiunt
1469 1913 1684 1968 laudem
1719 1916 1878 1969 nobis
1908 1917 2092 1972 conci-

2212 1915 2408 1985 ιημίας,
2445 1915 2642 1984 μᾶλλον
2660 1915 2716 1966 δὲ
2743 1915 2836 1968 καὶ
2864 1917 2962 1978 τὰς
2993 1915 3143 1983 παρὰ
3171 1916 3280 1967 τῶν
3319 1911 3381 1969 εὖ
3417 1915 3793 1984 φρονούντων

524 1993 640 2049 liat.
668 1996 799 2061 Quis
828 1997 974 2050 enim
1003 2013 1109 2052 non
1133 1999 1309 2053 obviis
1335 2041 1348 2061 ,
1378 2008 1435 2054 ut
1467 2001 1640 2068 aiunt,
1681 2002 1826 2057 ulnis
1857 2004 2093 2075 excipiat

2212 2007 2457 2078 ὑφημίας
2479 2009 2612 2078 ἡμῖν
2647 2005 2914 2076 προξενεῖ.
2946 2005 3042 2068 Τίς
3067 2005 3176 2075 γάρ
3206 2006 3308 2058 οὐκ
3341 2006 3410 2058 ἂν
3439 2007 3789 2073 ἀποδέξαιτο

525 2087 592 2141 tle
627 2087 898 2154 aliquibus
950 2088 1215 2155 prolatam
1282 2092 1637 2156 sententiam,
1685 2109 1806 2163 qua:
1841 2109 1942 2149 nec
1985 2096 2094 2151 huc

2208 2101 2356 2169 r'qtpov
2383 2096 2739 2170 ἀπροσκλινῆ,
2765 2099 2919 2167 εἴπερ
2951 2096 3016 2150 ἂν
3045 2097 3247 2164 γίνοιτο
3277 2097 3430 2166 παρά
3457 2115 3623 2150 τινων
3647 2115 3663 2161 ;
3702 2099 3789 2150 Ἦ

525 2187 628 2230 nec
669 2176 797 2230 illuc
833 2175 1165 2229 inclinetur?
1197 2177 1288 2230 Vel
1319 2180 1590 2246 quomodo
1617 2197 1725 2236 non
1755 2183 1826 2237 sit
1851 2183 1919 2238 ab
1944 2185 2093 2241 omni

2197 2191 2300 2253 πῶς
2326 2191 2386 2242 τὸ
2411 2189 2612 2260 κρίνειν
2633 2188 2806 2259 ὀρθῶς
2834 2189 2928 2239 καὶ
2957 2187 3195 2256 ἐννόμως
3227 2188 3326 2239 οὑκ
3353 2187 3778 2257 ἀνεπίπληκτον

526 2268 951 2338 reprehensione
987 2268 1246 2330 alienum,
1286 2269 1370 2323 vel
1407 2271 1588 2339 potius
1616 2287 1945 2344 magnopere
1980 2275 2097 2331 lau-

1820 2289 1945 2344 pere
1980 2275 2097 2331 lau-
2183 2282 2352 2346 ἔσται,
2388 2281 2586 2351 μᾶλλον
2615 2280 2670 2332 δὲ
2695 2280 2894 2342 παντὸς
2917 2279 3134 2332 ἐπαίνου
3169 2279 3401 2347 μεστόν;

529 2359 789 2421 dandum,
817 2360 860 2412 si
894 2368 1038 2412 recte
1073 2371 1128 2414 et
1150 2361 1295 2428 juste
1323 2360 1635 2428 judicetur?
2451 2362 2456 2371 ’

597 2449 663 2501 Et
683 2449 795 2502 luce
810 2448 1030 2517 quidem
1057 2465 1201 2504 nunc
1225 2450 1404 2504 scribo
1425 2451 1489 2504 ad
1512 2453 1767 2520 pietatem
1790 2461 1956 2518 tuam,
1976 2470 2096 2526 quze

2254 2456 2366 2510 Καὶ
2393 2455 2563 2508 ταῦτα
2599 2453 2792 2524 γράφω
2837 2452 2954 2505 νυνὶ
2995 2455 3058 2523 τῇ
3094 2454 3158 2523 σῇ
3195 2451 3510 2523 θεοσεϐείᾳ,
3554 2453 3614 2505 ὲν
3651 2453 3786 2516 τοῖς

531 2534 585 2586 iu
658 2537 847 2590 litteris
919 2538 982 2591 ad
1154 2553 1240 2592 me
1272 2546 1327 2593 et
1359 2539 1826 2610 religiosissimum
1872 2544 2087 2601 fratrem

2200 2548 2380 2617 ἑαυτῆς
2406 2547 2693 2617 γράμμασι
2721 2547 2832 2607 τοῖς
2868 2544 3106 2596 σταλεῖσι
3142 2542 3274 2612 πρὸς
3305 2543 3404 2612 ἐμέ
3445 2559 3505 2595 τε
3547 2545 3644 2596 καὶ
3675 2543 3781 2595 τὸν

529 2633 769 2690 nostrum
792 2634 847 2679 et
867 2627 1246 2696 coepiscopum
1281 2628 1526 2682 Proelum
1551 2631 1752 2694 missis,
1782 2634 2096 2704 episcopum

2199 2638 2478 2692 ἱσιὼτατον
2501 2637 2594 2690 καὶ
2620 2636 3033 2690 θεοσεϐέστατον
3059 2635 3284 2702 ἀδελφὸν
3315 2637 3347 2704 ἡ
3358 2634 3477 2703 μῶν
3508 2636 3606 2686 καὶ
3637 2651 3780 2688 συν·

527 2716 746 2782 quidem
795 2716 1080 2776 nominet,
1128 2717 1395 2786 imprimis
1454 2719 1606 2788 piutn
1663 2736 1726 2776 ac
1781 2721 2094 2793 religiosum

2199 2730 2480 2782 ῑπίσκοπον
2535 2727 2809 2797 Πρόκλον,
2870 2727 3167 2778 ἐπίσκοπον
3217 2726 3318 2794 μὲν
3381 2725 3780 2794 ὀνομαζούσης

527 2803 747 2856 Petrum
783 2822 795 2856 :
839 2820 961 2858 cum
1003 2806 1117 2874 ipse
1148 2807 1496 2873 lamentetur,
1547 2824 1711 2878 seque
1753 2811 1820 2865 ab
1855 2813 2097 2868 Ecclesia

2199 2817 2273 2870 τὸν
2303 2816 2692 2868 εὐλαϐέστατον
2716 2815 2805 2864 καὶ
2829 2812 3238 2880 θεοφιλέστατον
3263 2812 3470 2883 Πέτρον
3489 2829 3502 2841 °
3524 2813 3696 2866 αὐτοῦ
3716 2815 3780 2865 δὲ

530 2893 634 2946 sibi
667 2893 926 2947 attributa
956 2902 1151 2962 praeter
1197 2895 1464 2950 rationem
1505 2897 1738 2966 ejectum
1769 2915 1889 2954 esse
1931 2901 2095 2955 dicat.

2200 2907 2481 2970 κλαίοντος,
2527 2904 2620 2958 καὶ
2660 2905 2760 2971 τῆς
2803 2903 3197 2972 ἐκνεμηθείσης
3244 2903 3392 2972 αὐτῷ
3432 2903 3781 2973 Ἐκκλησίας

529 2980 660 3039 Erat
685 2992 865 3037 autem
907 2992 1330 3038 consentaneum
1361 2995 1420 3039 ut
1450 2989 1532 3040 vel
1561 2988 1852 3044 sacerdotii
1897 3007 2096 3045 nomen

2196 2996 2513 3068 παραλόγως
2540 2994 2857 3063 κεκινῆσθαι
2881 2993 3147 3061 λέγοντος.
3179 2989 3287 3045 Ἦν
3317 2991 3362 3045 δ’
3396 2995 3700 3048 ἀκόλουθον
3741 2996 3777 3064 ἦ

531 3089 653 3126 eum
675 3089 732 3127 re
749 3073 993 3132 haberet.
1022 3073 1128 3136 vel,
1153 3072 1196 3126 si
1219 3089 1326 3126 non
1355 3085 1470 3128 erat
1487 3076 1682 3146 dignus
1705 3087 1764 3132 ut
1782 3080 1938 3133 altari
1964 3095 2101 3149 prae-

2201 3088 2246 3138 ιδ
2283 3088 2378 3154 τῆς
2410 3085 2706 3155 ἱερωσύνης
2749 3085 2922 3153 ὄνομα
2963 3084 3101 3154 μετὰ
3130 3084 3223 3136 τοῦ
3257 3085 3592 3154 πράγματος
3623 3085 3782 3154 ἔχειν

531 3175 696 3230 esset,
718 3181 819 3219 nec
843 3166 958 3235 ipsa
977 3165 1198 3234 quidem
1223 3165 1568 3235 episcopatus
1588 3170 1872 3223 vocatione
1903 3170 2098 3240 dignus

2199 3177 2369 3237 ιῦτδν,
2390 3178 2553 3244 ἤγουν
2584 3177 2738 3244 εἴπερ
2759 3174 2834 3244 μὴ
2862 3169 2929 3243 ἦν
2959 3175 3106 3240 diro;
3131 3175 3224 3228 τοῦ
3250 3177 3588 3242 προεστάναι
3620 3177 3780 3228 θείου

532 3257 849 3311 haberetur.
885 3255 987 3311 Sed
1017 3257 1069 3310 id
1100 3256 1329 3311 fortasse
1360 3257 1504 3325 quod
1527 3257 1668 3319 dico,
1693 3258 1891 3312 durum
1909 3275 2028 3315 esse
2044 3271 2100 3315 et

2202 3263 2606 3333 luotaotqptou,
2647 3264 2771 3332 μηδ’
2817 3264 2952 3332 αὑτῇ
2987 3264 3247 3331 τιμᾶσθαι
3294 3267 3359 3333 τῇ
3412 3267 3608 3331 κλήσει
3674 3264 3783 3332 τῆς

531 3348 816 3402 eharitatis
840 3364 1038 3417 expers
1074 3348 1370 3401 videbitur.
1405 3348 1512 3402 Res
1541 3357 1723 3403 autem
1756 3365 1945 3405 revera
1987 3366 2099 3406 non

2202 3353 2513 3420 ἐπισκοπῆς.
2566 3349 2704 3402 Ἀλλ’
2757 3351 2886 3413 ἴσως
2922 3349 3121 3414 δόξειεν
3169 3351 3234 3404 ἂν
3272 3355 3338 3421 τῇ
3377 3355 3444 3422 σῇ
3491 3352 3783 3422 θεοφιλείᾳ.

534 3441 607 3492 ita
632 3455 688 3493 se
727 3440 906 3493 habet.
944 3439 1050 3492 Nos
1076 3439 1219 3492 enim
1258 3437 1404 3492 senis
1437 3440 1624 3508 utique
1663 3439 1908 3495 misereri
1941 3452 2098 3510 puta-

2204 3441 2422 3510 ςκληρὸς
2466 3434 2604 3491 εἷναί
2633 3456 2715 3501 τις
2744 3439 2838 3491 καὶ
2882 3439 3242 3509 άφιλάλληλος
3279 3442 3307 3491 ό
3337 3442 3468 3509 παρ’
3506 3440 3651 3507 ἐμοῦ
3689 3440 3785 3491 λό-

532 3546 676 3592 inus,
702 3531 746 3582 si
785 3531 959 3583 solum
995 3530 1043 3581 ei
1079 3543 1276 3581 nomen
1317 3528 1699 3596 reliquerimus
1733 3545 1745 3591 ;
1792 3528 1885 3582 sed
1925 3531 2098 3584 multo

2202 3550 2303 3599 γης.
2344 3532 2498 3600 Ἔχει
2528 3529 2583 3581 δὲ
2622 3530 2720 3599 οὐχ
2752 3529 2922 3591 οὕτως
2963 3530 3104 3582 κατά
3150 3532 3211 3582 τὸ
3243 3530 3464 3599 ἀληθές.
3518 3532 3783 3601 Ἐλεῆσαι

535 3622 729 3674 melius
753 3629 871 3673 erat
902 3619 1047 3674 aliud
1077 3633 1291 3688 quoque
1311 3619 1674 3672 considerare.
1704 3620 1842 3672 Dicit
1870 3621 2016 3674 enim
2041 3637 2100 3675 se

2202 3621 2295 3690 γάρ
2325 3619 2462 3689 τάχα
2494 3635 2593 3670 που
2621 3619 2916 3688 νομίζομεν
2948 3619 3038 3670 τὸν
3070 3618 3387 3688 πρεσϐύτην
3417 3621 3594 3690 μόνην
3624 3621 3783 3691 αὐτῷ

535 3725 688 3762 suam
710 3709 928 3777 quidem
963 3723 1121 3777 posse
1147 3723 1362 3761 causam
1393 3709 1641 3776 probare,
1677 3717 1730 3762 at
1773 3709 2104 3769 defensionis

2202 3711 2287 3778 τὴν
2316 3709 2504 3776 κλῆσιν
2531 3707 2759 3776 ἀφέντες
2781 3722 2794 3735 ·
2835 3706 3029 3777 μακρῷ
3058 3708 3114 3759 δὲ
3142 3702 3209 3776 ἦν
3253 3709 3481 3776 άμεινον
3516 3710 3783 3778 ἐννοῆσαι

538 3808 754 3868 tempus
777 3798 878 3852 sibi
907 3814 1015 3852 non
1051 3812 1170 3851 esse
1193 3797 1379 3850 datum
1407 3838 1420 3864 ,
1446 3812 1547 3851 nec
1578 3797 1911 3852 auditionem
1936 3814 2102 3854 cano-

2198 3799 2282 3849 καὶ
2312 3797 2370 3848 τὸ
2391 3797 2596 3865 ἓτερον.
2643 3795 2843 3849 Φάσκει
2869 3795 2975 3864 γὰρ
3003 3796 3062 3847 οὑ
3084 3794 3348 3848 δύνασθαι
3381 3797 3480 3864 μὲν
3503 3800 3779 3867 συστῆναι

539 3889 720 3941 nicam
763 3887 866 3940 sibi
914 3886 1079 3940 fuisse
1119 3899 1451 3940 concessam.
1486 3885 1581 3939 Sin
1622 3896 1802 3940 autem
1839 3886 1944 3941 tale
1969 3887 2104 3957 quid

2196 3890 2254 3955 τῇ
2292 3886 2470 3954 οἰκείᾳ
2496 3883 2756 3953 ὑπολήψει
2783 3900 2795 3913 ·
2825 3884 2886 3936 οὑ
2915 3884 3099 3936 λαϐεῖν
3129 3885 3184 3937 δὲ
3209 3885 3403 3955 καιρὸν
3443 3887 3777 3953 ἀπολογίας,

539 3980 742 4032 factum
792 3985 956 4041 esset,
991 3979 1108 4047 ipsa
1145 3986 1386 4032 actorum
1428 3977 1715 4046 productio
1761 3994 1887 4034 eum
1915 3979 2104 4033 eonvi-

2200 3977 2315 4030 οὔτε
2354 3977 2460 4047 μὴν
2500 3975 2761 4045 ἀκρόασιν
2810 3973 2956 4044 αὐτῷ
2994 3974 3328 4045 προτεθῆναι
3360 3979 3684 4046 κανονικήν.
3715 3980 3781 4032 Et

539 4071 706 4124 cisset
739 4085 889 4124 reum
932 4069 1305 4137 impositorum
1338 4069 1439 4137 ipsi
1476 4068 1765 4122 criminum
1787 4111 1800 4134 ,
1829 4085 1931 4125 nec
1961 4078 2106 4125 esset

2201 4068 2236 4120 δ’
2269 4068 2510 4136 ἐγεγόνει
2558 4083 2611 4117 τι
2649 4063 2911 4127 τοιοῦτον,
2952 4065 3090 4134 αὐτὴ
3142 4066 3248 4119 τῶν
3283 4066 3702 4136 ὑπομνημάτων
3745 4070 3782 4139 ἡ

541 4160 690 4229 quod
740 4175 796 4213 se
847 4159 1044 4228 injuria
1095 4158 1351 4213 allectum
1411 4167 1771 4227 quereretur;
1822 4160 1903 4214 vel
1956 4167 2104 4214 certe

2199 4159 2451 4220 σύστασις
2472 4156 2749 4226 διήλεγξεν
2773 4154 2838 4206 ἂν
2855 4155 3015 4208 αὑτεν
3036 4156 3066 4225 ἢ
3084 4157 3280 4209 ἁλόντα
3300 4157 3411 4216 τοῖς
3425 4157 3780 4225 αίτιάμασιν,

541 4249 850 4302 absolutum
877 4263 1001 4300 eum
1029 4248 1532 4310 declarans,rursus
1553 4248 1876 4303 concederet
1898 4256 2108 4318 utprae-

2203 4250 2434 4320 ῆένοχον
2459 4244 2915 4314 άποπεφασμένον
2946 4246 3040 4297 καὶ
3066 4246 3216 4298 οὐδὲν
3253 4246 3450 4315 ἔχοντα
3477 4245 3670 4298 λοιπὸν
3703 4248 3784 4298 εί-

543 4347 688 4393 esset
735 4338 988 4391 Ecclesia:
1026 4352 1148 4406 qua:
1177 4338 1254 4390 illi
1297 4338 1538 4407 subjecta
1578 4340 1697 4393 fuit.
1747 4340 1884 4395 Cum
1925 4352 2105 4397 autem

2198 4345 2316 4394 πεῖν
2349 4340 2422 4404 ὡς
2468 4337 2818 4407 ἠδικημένον,
2863 4337 3031 4406 ἡγουν
3074 4336 3358 4405 ἐλεύθερον
3398 4337 3736 4404 ἀποφήνασα
3762 4376 3779 4399 ,

543 4430 680 4483 nihil
717 4429 917 4482 factum
949 4429 1020 4482 sit
1053 4425 1320 4496 ejusmodi
1347 4466 1360 4489 ,
1390 4427 1457 4480 de
1489 4443 1546 4481 re
1582 4428 1802 4496 quidem
1841 4430 1947 4483 alta
1974 4445 2107 4486 voce

2203 4432 2354 4485 πάλιν
2388 4428 2555 4481 ὲδίδου
2601 4428 2660 4479 τὸ
2694 4425 3022 4497 προεστάναι
3053 4425 3152 4493 τῆς
3191 4426 3557 4496 Ἐκκλησίας,
3602 4426 3636 4495 ῆ
3683 4428 3784 4480 καὶ

543 4519 814 4587 queritur,
832 4525 886 4571 et
904 4516 1301 4571 intolerabilem
1316 4515 1568 4585 injuriam
1589 4530 1646 4569 se
1659 4515 1794 4570 dicit
1811 4517 2083 4585 accepisse
2091 4557 2107 4590 _,

2206 4522 2300 4577 ὕπὸ
2323 4521 2476 4590 χεῖρα
2511 4517 2700 4585 γέγονε
2738 4518 2836 4587 τὴν
2879 4515 3062 4568 αὑτοῦ.
3097 4516 3323 4577 Οὐδενὸς
3349 4516 3408 4569 δὲ
3452 4517 3787 4585 πεπραγμέ-

545 4630 600 4675 et
625 4620 807 4687 imque
830 4622 1060 4685 ejectum
1087 4626 1226 4672 esse,
1258 4607 1520 4676 adjicicns
1555 4623 1666 4661 rem
1703 4622 1919 4662 omnem
1954 4604 2108 4658 fami-

2210 4621 2297 4656 νου
2323 4587 2590 4663 τοιούτου,
2625 4598 2870 4668 καταϐοᾷ
2899 4614 2992 4651 του
3037 4613 3359 4667 πράγματος
3382 4635 3396 4657 ,
3427 4614 3526 4649 και
3567 4599 3791 4654 ἀδικίαν

548 4711 737 4766 liarem
759 4721 912 4762 suam
934 4703 1236 4771 ademptam
1260 4700 1364 4755 sibi
1396 4699 1579 4753 fuisse.

2206 4693 2478 4762 ἀφόρητον
2504 4688 2797 4756 ὑποστῆναι
2826 4705 2982 4757 φησι,
3000 4688 3094 4740 καὶ
3113 4679 3370 4756 ἀθέσμως
3394 4688 3786 4758 ἐκϐεϐλῆσθαι,

2209 4782 2572 4852 προσεπάγων
2619 4781 2703 4832 ὅτι
2756 4781 2852 4832 καὶ
2879 4778 3103 4848 ἡρπάγη
3151 4777 3330 4829 πάντα
3381 4777 3451 4860 τὰ
3509 4779 3792 4849 προσόντα

2208 4872 2354 4940 αὐτῷ
2382 4873 2658 4941 χρήματα.

620 4993 732 5045 Tua
756 4991 933 5056 itaque
968 4984 1242 5048 sanctitas,
1276 4981 1628 5039 considerans
1650 4989 1706 5034 et
1735 4979 1879 5048 quod
1906 4978 2107 5032 divinis

2292 4966 2354 5017 Ἢ
2379 4964 2444 5032 σὴ
2465 4961 2749 5031 τοιγαροῦν
2762 4961 2996 5029 ὁσιότης,
3014 4958 3266 5012 ἐννοοῦσα
3279 4958 3375 5010 καὶ¹
3396 4958 3456 5009 τὸ
3478 4961 3591 5020 τοῖς
3621 4959 3788 5023 θείοις

549 5083 846 5138 canonibus
875 5080 1139 5132 sancitum
1167 5087 1266 5139 est,
1296 5085 1349 5128 et
1386 5074 1527 5144 quod
1555 5073 1808 5128 Ecclesia:
1831 5071 2105 5131 convenit,

2211 5055 2399 5109 κανόσι
2427 5052 2632 5116 δοκοῦν,
2664 5053 2756 5104 καὶ
2782 5051 2843 5102 τὸ
2873 5049 3082 5119 πρέπον
3111 5051 3177 5118 τῇ
3223 5047 3521 5117 Ἐκκλησία
3555 5050 3650 5100 καὶ
3679 5051 3791 5109 τοῖς

550 5177 724 5243 iisque
753 5171 844 5240 qui
885 5179 1011 5224 sunt
1063 5168 1114 5220 in
1156 5183 1308 5220 sacro
1349 5153 1654 5219 ministerio
1685 5162 1904 5224 initiati,
1929 5170 2103 5215 etno—

2210 5148 2560 5214 τεταγμένοις
2591 5146 2670 5206 είς
2707 5143 2857 5213 ἱερὰν
2881 5141 3222 5210 λειτουργίαν
3249 5156 3262 5168 θ
3297 5139 3373 5190 ἔτι
3403 5156 3461 5190 τε
3495 5140 3634 5208 πρὸς
3666 5139 3790 5190 τού-

549 5228 780 5318 strarum
804 5269 1060 5330 prtcterea
1093 5258 1392 5310 litterarum
1417 5254 1683 5307 rationem
1700 5252 1925 5313 ducens,
1953 5251 2106 5304 sistat

2208 5253 2341 5299 τοις,
2378 5237 2471 5287 καὶ
2510 5235 2579 5286 τὰ
2628 5236 2757 5302 παρ’
2813 5230 2970 5300 ἡμῶν
3015 5228 3399 5297 δυσωπηθεῖσα
3445 5229 3786 5296 γράμματα,

552 5353 698 5406 senis
731 5351 992 5418 lacrytnas
1020 5364 1032 5410 ;
1065 5355 1120 5399 et
1161 5345 1204 5397 si
1246 5343 1374 5397 velit
1401 5342 1618 5411 quidem
1654 5355 1778 5394 cum
1809 5340 1875 5394 iis
1902 5339 2108 5409 judicio

2213 5326 2463 5396 στησάτω
2511 5321 2600 5374 τοῦ
2650 5320 2961 5390 πρεσϐύτου
3021 5319 3080 5370 τὸ
3132 5319 3385 5386 δάκρυον.
3435 5317 3548 5367 Καὶ
3589 5319 3636 5367 εί
3695 5318 3791 5384 μὲν

2212 5418 2290 5437 ιρις-
2331 5434 2376 5437 -,
2431 5413 2747 5437 ιι.--ε,..-ο...
2812 5411 2944 5437 --λ-
2981 5412 3100 5437 --3.-
3143 5411 3450 5437 2--.ιυΑυ-..ρ
3487 5407 3639 5437 -.Ἃ-ιτ.
3695 5409 3791 5437 ,λη

551 5439 874 5494 contendere
896 5436 985 5504 qui
1009 5435 1235 5487 crimina
1261 5433 1313 5485 in
1338 5445 1462 5484 eum
1495 5429 1798 5491 intendunt,
1826 5426 1968 5495 apud
1991 5441 2111 5480 san-

2212 5418 2385 5470 ’έλοιτο
2427 5413 2750 5468 δικάσασθαι
2811 5411 2944 5481 πρὸς
2981 5412 3100 5473 τοὺς
3143 5411 3450 5474 ἐπάγοντας
3486 5409 3641 5475 αὐτῷ
3695 5409 3791 5468 τὰς

553 5534 792 5585 (ιὶιιιεριιι
827 5537 971 5579 tuam
1024 5541 1121 5594 pro
1159 5538 1306 5576 more
1345 5521 1554 5590 litiget,
1589 5535 1694 5573 una
1725 5519 1932 5573 scilicet
1973 5517 2110 5570 assi-

2213 5509 2412 5572 αίτίας,
2437 5503 2739 5568 δικαζέσθω
2765 5503 2903 5554 κατὰ
2925 5502 2983 5552 τὸ
3001 5501 3188 5561 εἰωθὸς
3209 5498 3302 5550 ἐπὶ
3325 5498 3423 5565 τῆς
3453 5497 3785 5556 θεοσεϐείας·

554 5622 821 5675 stentihus
849 5619 939 5685 qui
975 5617 1070 5668 tibi
1106 5614 1336 5667 subsunt
1368 5611 1667 5679 episcopis,
1697 5609 1804 5662 nisi
1841 5608 1977 5662 forte
2009 5606 2107 5659 ali-

2215 5596 2609 5668 συμπαρόντων
2662 5593 2902 5661 δηλονότι
2949 5592 3055 5641 τὼν
3115 5591 3217 5640 ὑπδ
3252 5588 3348 5653 τὴν
3410 5589 3581 5650 αὐτῆς
3637 5590 3785 5654 χεῖρα

555 5723 690 5777 quos
722 5715 928 5761 recusat
952 5715 1004 5756 ut
1049 5711 1344 5769 suspectos.
1382 5699 1599 5752 Nulium
1640 5699 1783 5751 (uim
1818 5693 2110 5763 religiosis~

2216 5689 2642 5743 θεοσεϐεττὰτων
2683 5686 2995 5737 ζπ’.ττ>’τῖττινὶν
3026 5698 3032 5705 ’
3068 5681 3220 5741 ἐκτθος
3258 5681 3301 5727 Τί
3347 5680 3421 5745 νὴ
3473 5676 3789 5747 ταρτιιττρῖῖά
