4004 6448
220 338 327 412 911

1202 346 1278 407 ΙΝ
1319 344 1562 407 EPIST.
1598 347 1661 407 S.
1701 344 2004 408 (LYillLLl
2033 349 2131 408 Μ)
2175 347 2522 411 DOMNUM.

3361 351 3467 413 918

222 480 379 528 τινας
407 467 480 529 ὡς
511 467 804 531 ὑπόπτους.
839 465 1039 520 Οὐδένα
1069 465 1164 536 μὲν
1189 463 1295 540 γὰρ
1323 467 1430 521 τῶν
1454 466 1802 525 θεοσεϐεστά·

1916 469 2172 523 simorum
2197 468 2574 539 episcoporum
2593 466 2646 522 in
2667 469 2886 525 fratrem
2910 472 3128 527 inimico
3150 485 3268 525 esse
3293 479 3475 524 animo

224 573 335 609 των
382 558 695 612 ἐπισκόπων
743 558 910 628 ἐχθρά
940 561 1154 630 φρονεῖν
1199 559 1411 630 ἀδελφῷ
1452 560 1794 632 πιστεύομεν.

227 646 348 700 Ἵνα
389 648 446 700 δὲ
492 649 566 721 μὴ
608 649 874 719 πρόφασις
914 648 1051 719 αὕτη
1103 649 1360 720 γένηται,
1390 649 1488 719 τὴν
1533 653 1797 723 ἐσομένην

221 738 313 788 ἐπ’
361 739 508 808 αὐτῷ
549 740 729 810 κρίσιν
769 739 1146 808 παραλύουσα,
1185 740 1318 810 πρὸς
1357 740 1416 792 τὸ
1461 739 1535 809 μὴ
1565 741 1620 792 ἐν
1670 740 1796 812 δίκῃ

222 828 555 898 πεποιῆσθαι
588 830 784 893 δοκεῖν,
825 830 976 883 οὐδέν
1003 831 1120 884 ἐστι
1146 831 1206 884 τὸ
1227 829 1430 882 λυποῦν
1460 831 1676 885 ἀπεῖναι
1706 833 1796 886 τοῦ

220 920 504 990 συνεδρίου
534 919 642 974 τῶν
671 921 728 973 ἐν
755 919 963 990 ὑποψίᾳ.
986 921 1159 984 τίνάς.

296 1014 494 1070 ΒΑΛΣ.
517 1016 590 1069 Τὸ
621 1020 908 1089 προοίμιον
933 1023 1029 1090 τῆς
1055 1023 1342 1094 ἐπιστολῆς
1362 1025 1620 1094 τοιαύτης
1651 1025 1797 1078 ἐστὶν

220 1099 453 1165 ἐννοίας.
471 1104 638 1173 Φησὶν
658 1109 685 1160 6
701 1106 858 1177 ἀγιος
875 1126 889 1140 ·
912 1111 1032 1163 Ὀτι
1063 1113 1131 1166 τὰ
1157 1113 1280 1167 καθ’
1312 1115 1457 1185 ἡμᾶς
1479 1116 1797 1186 πράγματα.

220 1190 292 1242 τά
321 1192 756 1263 ἐκκλησιαστικὲ
785 1199 1047 1270 δηλονότι,
1074 1202 1106 1273 ἤ
1139 1203 1324 1271 ἀπλῶς
1353 1206 1419 1260 τὰ
1461 1205 1796 1276 ἀνθρώπινα,

219 1279 355 1333 δθαν
381 1283 509 1337 κατ’
535 1287 801 1359 εὐθύτητα
834 1292 1121 1363 κανονικὴν
1145 1294 1520 1363 διεξάγωνται,
1550 1295 1675 1350 οὔτε
1705 1296 1798 1350 θόγ

219 1370 390 1442 ρυϐον
421 1375 553 1445 ἡμίν
582 1377 895 1446 ἐπάγουσιν,
917 1380 1042 1435 οὔτε
1073 1385 1387 1457 δυσφημίαν
1414 1388 1563 1456 παρά
1598 1405 1758 1442 τινων
1783 1407 1795 1421 ·

217 1468 364 1523 ἀλλά
427 1474 628 1542 μᾶλλον
716 1476 973 1541 ἐπαίνους
1030 1481 1164 1548 ἡμῖν
1235 1483 1507 1551 προξενεῖ.
1573 1480 1640 1536 Ἦ
1693 1484 1803 1552 γὰρ

1912 559 2208 614 credimus.
2252 559 2330 613 Ne
2371 566 2554 613 autem
2583 558 2675 613 hic
2703 569 2998 629 praatextus
3034 564 3280 616 futurum
3317 560 3384 615 dc
3409 576 3475 615 eo

1905 650 2172 720 judicium
2207 649 2496 718 dissolvat,
2524 663 2584 708 ut
2611 670 2721 708 non
2753 655 2875 722 jure
2906 653 3109 708 iactum
3139 669 3257 708 esse
3285 653 3476 707 videa-

1911 748 2018 804 tur,
2046 755 2150 794 non
2182 756 2338 810 grave
2368 753 2450 798 est
2477 756 2506 796 a
2537 758 2793 800 consessu
2818 743 3006 799 abesse
3029 761 3217 800 eorum
3269 746 3363 816 qui
3387 761 3478 800 su-

1907 832 2078 900 specti
2107 840 2234 886 sunt
2255 833 2486 902 aliquos.

1981 1026 2178 1082 BALS.
2220 1027 2546 1083 Prommium
2574 1026 2818 1096 epistola:
2859 1027 3000 1081 hunc
3040 1024 3200 1078 habet.
3233 1037 3473 1077 sensum.

1909 1117 2049 1173 Dicit
2075 1130 2293 1175 sanctus
2327 1137 2340 1173 :
2369 1121 2470 1173 Res
2505 1127 2724 1182 nostrae,
2751 1117 2957 1172 scilicet
2975 1114 3372 1176 ecclesiastiezc,
3398 1112 3480 1167 vel

1905 1210 2221 1279 simpliciter
2272 1210 2536 1276 humanm,
2571 1211 2790 1280 quando
2849 1209 3108 1264 canonica
3157 1205 3486 1262 rectitudine

1906 1301 2222 1368 procedunt,
2275 1316 2370 1354 nec
2423 1300 2578 1355 nobis
2630 1301 2914 1355 tumultum
2977 1300 3317 1368 ingenerant,
3381 1313 3485 1354 nec

1909 1389 2210 1457 aliquorum
2235 1391 2542 1453 maledicta,
2574 1391 2665 1445 sed
2693 1389 2880 1446 laudes
2907 1390 3060 1446 nobis
3093 1391 3273 1459 potius
3302 1391 3487 1446 conci-

1911 1479 2066 1533 liant.
2097 1477 2365 1536 Judicium
2400 1485 2564 1546 enim.
2597 1480 2741 1551 quod
2771 1496 2869 1537 nec
2905 1482 3008 1536 huc
3039 1496 3137 1537 nec
3171 1481 3296 1536 illuc
3319 1480 3481 1535 incli-

220 1561 594 1635 ἀπροσκλινὴς
623 1568 802 1637 κρίσις
836 1569 867 1639 ἦ
901 1571 1167 1642 ἁρῤεπῆς,
1205 1573 1236 1642 ἠ
1295 1574 1587 1638 εὐθυτάτη,
1638 1575 1805 1629 πᾶσίν

1918 1580 1990 1622 lat
2015 1585 2113 1624 nec
2134 1573 2459 1642 propendet,
2481 1571 2574 1626 sed
2601 1579 2680 1625 est
2703 1570 3096 1632 rectissimum.
3119 1581 3203 1625 est
3222 1571 3289 1624 ab
3307 1570 3484 1625 omni-

219 1651 372 1706 ἐστιν
401 1655 698 1710 ἀποδεκτέα
723 1675 736 1692 ο
772 1662 866 1714 καὶ
899 1663 960 1714 ού
1012 1663 1170 1732 μόνον
1203 1662 1605 1734 ἀνεπίπληκτόν
1631 1666 1803 1730 ἐστιν,

1916 1677 2002 1715 ωε
2025 1662 2457 1733 suscipiendum;
2477 1675 2531 1720 et
2553 1679 2661 1719 non
2684 1664 2843 1735 176
2859 1665 3033 1718 solum
3055 1678 3162 1718 non
3183 1673 3312 1719 esta
3347 1665 3486 1718 vitu-

217 1743 394 1828 ἤγουν
422 1748 827 1817 ἀκαταιτίατον,
861 1755 960 1807 οὐκ
993 1754 1341 1824 ἐπιπλήξεως
1384 1755 1553 1822 ἄξιον,
1589 1748 1649 1811 τὸ
1682 1760 1803 1828 κρί-

1910 1755 2184 1819 paratione
2218 1763 2273 1812 et
2303 1756 2644 1812 accusatione
2673 1757 2928 1818 alienum,
2960 1754 3378 1825 reprehensione
3404 1754 3487 1806 in-

217 1853 336 1891 νειν
363 1839 556 1909 ὀρθῶς,
585 1843 715 1896 ἀλλὰ
740 1845 835 1896 καὶ
875 1846 1289 1914 ἐπαινούμενον.
1327 1846 1483 1902 Οὕτω
1528 1849 1582 1902 δὲ
1617 1867 1799 1919 προοι-

1916 1847 2147 1912 ηιίιζιιιιηι,
2181 1858 2327 1904 recte
2349 1849 2592 1920 judicare
2617 1864 2631 1910 ;
2661 1846 2754 1902 sed
2792 1847 2954 1901 etiam
2990 1845 3340 1900 laudantium.
3376 1841 3489 1897 lloc

222 1931 564 1997 μιασάμενος
589 1935 751 2004 φησὶν
777 1938 860 1989 ὅτι
879 1936 1063 1992 Ταῦτα
1093 1938 1409 2007 γράφω,δτι
1442 1941 1504 1993 σὺ
1540 1942 1787 1995 ἐπέστει-

216 2020 321 2082 λας
347 2023 480 2092 ἡμῖν
506 2025 596 2077 τὸν
632 2027 1028 2082 εύλαϐέστατον
1089 2033 1460 2102 πρεσϐύτερον
1506 2034 1804 2087 ἐπίσκοπον

217 2113 499 2182 ὀνομάσας
521 2135 533 2147 ·
564 2119 656 2172 καὶ
686 2121 857 2175 ταῦτα
905 2121 1072 2176 αὐτοῦ
1103 2124 1404 2189 κλαίοντος,
1437 2126 1529 2178 καὶ
1559 2125 1807 2191 λέγοντος

219 2207 551 2275 κεκινῆσθαι
591 2212 688 2279 τῆς
718 2214 1051 2283 νεμηθείσης
1103 2216 1249 2288 αύτῷ
1283 2217 1602 2286 ἐκκλησίας,
1636 2219 1804 2287 ἤγουν

219 2298 592 2368 ἐκϐεϐλῆσθαι
621 2302 719 2372 τῆς
755 2305 1003 2374 Hlalm;
1030 2307 1178 2378 αύτῷ
1225 2309 1550 2378 ἐπισκοπῆς,
1586 2304 1694 2362 Ἦν
1751 2309 1806 2362 δὲ

220 2387 520 2442 ἀκόλουθον
551 2391 581 2460 ἦ
611 2396 704 2446 καὶ
730 2394 789 2446 τὸ
810 2396 980 2465 ὄνομα
1011 2398 1105 2450 τοῦ
1135 2399 1437 2452 ἐπισκόπου
1467 2399 1614 2470 ἔχειν
1645 2399 1807 2452 αὐτὸν

221 2475 324 2528 καὶ
368 2479 428 2530 τδ
457 2483 712 2551 πρᾶγμα,
745 2485 912 2554 1ἧγουν
940 2493 1038 2558 την
1078 2490 1383 2562 ἐπισκοπὴν
1412 2493 1506 2546 καὶ
1531 2491 1631 2561 τὴν
1657 2494 1807 2562 ἐνέρ-

225 2583 388 2633 γειαν
416 2570 508 2622 τοῦ
545 2574 842 2628 ἐπισκόπου
867 2593 878 2608 ·
913 2578 944 2648 ἢ
982 2580 1029 2631 εί
1059 2580 1134 2650 μὴ
1166 2577 1231 2650 ἦν
1265 2581 1414 2645 ἄξιος
1446 2583 1806 2652 προΐστασθαι

227 2654 642 2730 θυσιαστηρίου,
669 2665 806 2735 μηδὲ
847 2667 1146 2722 ἐπίσκοπον
1181 2669 1452 2738 λέγεσθαι.
1511 2671 1651 2724 Ἀλλ’
1675 2672 1807 2736 ἴσως

225 2748 390 2805 τοῦτο
431 2752 488 2804 τὸ
527 2754 816 2826 λεγόμενον
875 2759 939 2813 ἀν
982 2777 1064 2812 σοι
1113 2762 1237 2833 δόξῃ
1271 2763 1526 2834 σκληρὸν,
1571 2763 1728 2833 κάγὼ
1780 2767 1807 2817 ό

225 2840 407 2910 λέγων
432 2845 561 2899 αὐτὸ
588 2849 977 2925 ἁφιλάλληλοςο
1012 2853 1111 2906 οὐκ
1141 2855 1255 2907 ἐστι
1281 2855 1334 2908 δὲ
1360 2855 1538 2911 τοῦτο.
1557 2857 1808 2927 Ἐλεῆσαι

228 2933 377 3003 τάχα
399 2954 502 2989 που
536 2941 836 3011 νομίζομεν
866 2945 958 2997 τὸν
995 2946 1332 3016 πρεσϐύτην.
1363 2948 1583 3016 Είσάγει
1617 2949 1674 3003 δὲ
1717 2951 1805 3001 ἐν-

225 3025 408 3080 ταῦθα
427 3028 517 3082 τὸν
541 3029 703 3099 λόγον
725 3033 1120 3103 πληθυντικῶς,
1142 3037 1330 3108 ὥσπερ
1361 3038 1454 3091 καὶ
1483 3038 1612 3106 περὶ
1637 3040 1802 3094 αὑτοῦ

227 3115 409 3183 λόγων
437 3117 471 3172 ἃ
508 3117 678 3188 λέγει,
704 3122 790 3176 ἵνα
819 3126 1286 3198 ἀνεπαχθέστερος
1337 3127 1511 3193 οὕτως
1541 3130 1624 3200 εἴη
1657 3133 1683 3184 6
1713 3131 1802 3184 λό-

1913 1931 2040 1991 usus
2070 1942 2334 2008 praemio
2359 1941 2528 1996 dicit:
2553 1939 2677 1996 Haec
2699 1939 2898 2003 scribo,
2923 1940 3047 2010 quia
3081 1947 3135 1993 tu
3169 1937 3232 1992 ad
3257 1946 3361 1992 'nos
3391 1936 3489 1990 mia

1909 2032 2066 2094 sisti,
2103 2032 2566 2101 religiosissimum
2621 2034 2996 2104 presbyterum
3043 2034 3352 2100 episcopum
3389 2045 3490 2082 no-

1911 2124 2122 2179 minans
2148 2141 2162 2178 :
2191 2140 2312 2179 cum
2340 2126 2452 2193 ipse
2472 2125 2686 2180 interim
2731 2123 2944 2186 deﬂeat,
2971 2135 3024 2179 et
3054 2123 3196 2178 dicat
3222 2139 3278 2177 se
3311 2137 3338 2174 a
3369 2133 3489 2188 pos-

1910 2230 2054 2270 sessa
2090 2215 2191 2270 sibi
2220 2217 2443 2271 ecclesia
2475 2217 2706 2286 ejectum
2749 2230 2890 2279 esse,
2916 2230 3009 2269 seu
3047 2231 3072 2266 a
3105 2215 3206 2269 sibi
3229 2214 3351 2268 dato
3373 2214 3489 2283 epi-

1908 2317 2131 2377 scopatu
2179 2309 2486 2379 expulsum.
2537 2309 2666 2363 Erat
2699 2317 2877 2365 autem
2934 2316 3379 2372 consentaneum,
3433 2317 3492 2360 ut

1909 2401 1990 2456 vel
2021 2416 2219 2456 nomen
2255 2403 2479 2457 haheret
2511 2403 2769 2474 episcopi,
2806 2411 2858 2458 et
2900 2417 3032 2464 rem,
3067 2418 3159 2456 seu
3210 2401 3490 2468 episeopa-

1911 2501 2022 2548 tum
2054 2503 2107 2547 et
2135 2493 2372 2562 episcopi
2410 2510 2607 2549 munus
2638 2512 2650 2548 :
2688 2495 2770 2548 vel
2796 2494 2840 2549 si
2873 2510 2976 2547 non
3013 2503 3135 2548 erat
3181 2493 3371 2558 dignus
3397 2490 3490 2558 qui

1909 2582 2064 2636 altari
2093 2589 2367 2650 praeesset,
2391 2597 2489 2638 nec
2509 2584 2796 2653 episcOpus
2820 2584 3035 2652 quidem
3061 2582 3353 2636 diceretur.
3385 2579 3492 2633 Sed

1910 2671 2144 2728 fortaSSe
2165 2672 2238 2738 id,
2259 2675 2403 2743 quod
2436 2675 2636 2728 dictum
2665 2681 2768 2741 est,
2801 2673 2896 2728 tibi
2928 2673 3174 2727 videatur
3195 2671 3415 2735 durum,
3441 2680 3496 2724 et

1909 2776 2008 2833 ego
2038 2778 2272 2834 quoque,
2302 2765 2391 2836 qui
2419 2766 2470 2820 id
2503 2749 2644 2830 dico.
2677 2765 3101 2820 immisericors:
3136 2763 3228 2818 sed
3265 2777 3369 2816 non
3419 2761 3492 2814 ita

1908 2864 2011 2909 est.
2045 2853 2156 2910 Nos
2179 2857 2324 2911 enim
2369 2857 2513 2913 senis
2555 2856 2743 2926 utique
2796 2870 2899 2911 nos
2925 2854 3168 2910 misereri
3218 2862 3492 2920 putamus.

1910 2945 2221 3001 OratiOnem
2247 2957 2427 3002 autem
2457 2947 2737 3018 pluraliter
2767 2945 3033 3011 enuntiat,
3062 2954 3316 3012 tanquam
3345 2944 3410 2996 de
3434 2958 3493 2996 se

1908 3039 2024 3105 ipso
2075 3048 2288 3107 quoque
2333 3037 2518 3093 dicens
2569 3052 2688 3107 quae
2730 3037 2880 3103 dicit,
2921 3036 3089 3110 utsic
3127 3035 3310 3088 mimis
3347 3045 3494 3088 esset

1927 3126 2149 3181 molesta
2186 3126 2383 3188 oratio.
2413 3135 2469 3182 et
2500 3142 2602 3181 non
2636 3125 2702 3180 ad
2729 3126 2847 3195 ejus
2879 3125 3049 3181 solius
3079 3123 3490 3178 insectationem

225 3225 350 3277 γος,
378 3210 473 3264 καὶ
511 3213 585 3284 μὴ
611 3215 689 3277 είς
719 3219 1069 3290 καταδρομὴν
1104 3220 1268 3290 μόνου
1304 3222 1518 3276 ἐκείνου
1548 3223 1676 3294 δοκῇ
1727 3224 1808 3291 γί-

1916 3215 2055 3270 facta
2090 3231 2210 3271 esse
2235 3216 2530 3273 videretur.
2563 3217 2630 3270 Et
2662 3216 2816 3271 nobis
2842 3214 3012 3284 ipsius
3037 3213 3198 3268 veluti
3233 3213 3497 3266 miseram

228 3303 443 3358 νεσθαι.
479 3307 588 3359 Καὶ
607 3308 682 3372 ὡς
715 3309 1009 3365 ἐλεούντων
1057 3313 1216 3384 ἡμῶν
1247 3316 1428 3381 αύτδν,
1469 3316 1623 3386 φησὶ,
1676 3317 1810 3386 μόνη

229 3394 384 3464 αὐτῷ
415 3398 740 3470 κατελείφθη
766 3403 796 3469 ἡ
833 3401 1022 3472 κλῆσις
1050 3404 1142 3457 τοῦ
1187 3406 1512 3459 ἐπισκόπου.
1542 3407 1728 3476 Πολλῷ
1755 3407 1810 3459 δὲ

227 3478 300 3551 ἦν
323 3487 578 3552 κρεῖσσον
607 3489 860 3559 ἐννοῆσαι
888 3491 1059 3546 καὶτὸ
1077 3493 1284 3564 ἕτερον.
1307 3497 1464 3548 Ποῖον
1500 3496 1658 3548 τοῦτο
1689 3514 1703 3560 ;
1737 3499 1811 3550 Ού

228 3572 456 3643 δοθῆναι
519 3578 667 3646 αύτῷ
740 3581 935 3649 καιρὸν
999 3582 1315 3650 ἀπολογίας,
1372 3587 1465 3637 καὶ
1533 3586 1814 3655 ἀκρόασιν

230 3666 605 3736 προστεθῆναι
634 3670 947 3740 κανονικὴν,
998 3671 1165 3741 ῆγουν
1210 3673 1558 3745 δικαστήριον
1606 3677 1815 3729 συνοδί-

231 3756 353 3811 κόν.
395 3759 561 3827 Λέγει
585 3761 691 3828 γὰρ
720 3761 976 3816 δύνασθαι
1014 3766 1276 3832 συστῆναι
1303 3767 1369 3835 τῇ
1411 3767 1586 3837 οἰκείᾳ
1614 3768 1815 3836 ὑπολήο

229 3847 351 3918 ψει,
386 3849 507 3903 ἀντὶ
541 3849 634 3903 τοῦ
665 3851 905 3905 ἀναίτιον
928 3853 1118 3905 ἑαυτὸν
1152 3853 1451 3918 ἀποδεῖξαι.
1486 3856 1549 3908 Εί
1606 3855 1660 3907 δὲ
1690 3857 1814 3921 ἐγέ-

231 3956 358 3993 νετο
377 3940 722 4005 ταῦτα,αὒτὰ
741 3942 810 3995 τὰ
840 3944 1230 4014 ὑπομνήματα,
1251 3946 1321 3999 τὰ
1353 3947 1446 3999 ἐπὶ
1476 3950 1543 4016 τῇ
1568 3948 1814 4013 ἐξετάσει

232 4031 530 4100 γενόμενα,
556 4032 790 4102 ἤλεγξαν
835 4034 903 4086 ἃν
962 4034 1144 4101 αὑτὸν,
1179 4036 1210 4104 ἢ
1253 4037 1688 4108 κεκρατημένον,
1725 4041 1822 4092 καὶ

236 4123 427 4194 ἔνοχον
452 4127 559 4188 τοίς
592 4127 906 4197 αίτιάμασι,
945 4128 1042 4182 καὶ
1074 4129 1150 4199 μὴ
1177 4129 1476 4200 δυνάμενον
1533 4130 1714 4200 λέγειν
1737 4133 1816 4186 ὅτι

233 4217 515 4287 ἠδίκηται,
562 4219 592 4288 ἢ
637 4221 730 4273 ἐάν
785 4221 1076 4284 ἀνεύθυνος
1141 4222 1336 4290 ἐφάνη,
1386 4223 1552 4278 πάλιν
1614 4225 1813 4278 ἐδίδοτο

232 4309 386 4379 αύτῷ
417 4312 448 4380 ἡ
479 4312 782 4379 προστασία
802 4313 900 4382 τῆς
939 4313 1284 4378 Ἐκκλησίας.
1330 4315 1451 4368 Ὀτι
1473 4315 1528 4368 δὲ
1553 4317 1811 4384 οὐκέγέ-

232 4418 359 4454 νετο
385 4401 628 4455 τοιοῦτόν
655 4420 707 4455 τι
731 4405 974 4475 καταϐοᾷ
1019 4406 1093 4468 ὡς
1132 4406 1415 4476 ἀδικηθεὶς
1458 4408 1552 4460 καλ⁸
1577 4410 1819 4479 παρανό-

1921 3308 2086 3371 tibus,
2113 3308 2304 3376 inquit,
2337 3308 2451 3363 sola
2481 3309 2578 3377 ipsi
2603 3307 2838 3378 episcOpi
2870 3306 3157 3376 appellatio
3181 3304 3364 3359 relicta
3388 3313 3494 3357 est.

1919 3395 2084 3450 Multo
2117 3404 2292 3450 autem
2325 3405 2441 3450 erat
2477 3397 2666 3450 melius
2698 3396 2842 3450 aliud
2871 3410 3086 3466 quoque
3118 3395 3491 3450 considerare.

1922 3487 2092 3553 Quale
2145 3488 2270 3541 illud
2306 3489 2328 3540 ?
2364 3489 2480 3541 Non
2532 3490 2696 3543 fuisse
2743 3489 2791 3544 ei
2839 3487 3023 3541 datum
3058 3495 3271 3555 tempus
3309 3480 3498 3539 defen-

1919 3579 2105 3644 sionis,
2140 3596 2239 3636 nec
2272 3580 2436 3636 fuisse
2482 3581 2809 3651 propositam
2863 3579 3230 3635 defensionem
3275 3579 3500 3633 canoni-

1919 3682 2060 3730 cam,
2089 3683 2182 3722 seu
2240 3669 2495 3738 synodale
2532 3670 2811 3739 judicium.
2871 3668 3011 3723 Dicit
3051 3669 3192 3722 enim
3237 3682 3296 3722 se
3341 3682 3501 3736 posse

1920 3771 2135 3812 causam
2168 3775 2318 3813 suam
2365 3762 2612 3828 probare,
2651 3759 2699 3814 id
2739 3770 2819 3814 est
2851 3773 2910 3814 se
2950 3760 3289 3813 innocentem
3319 3770 3502 3813 osten-

1921 3849 2068 3903 dere.
2103 3848 2197 3903 Sin
2228 3861 2405 3904 autem
2427 3851 2542 3905 inec
2573 3850 2712 3904 facta
2737 3858 2943 3915 essent,
2975 3849 3088 3919 ipsa
3121 3859 3262 3914 acta,
3295 3863 3421 3918 quas
3442 3844 3501 3902 in

1934 3943 2334 3998 examinatione
2366 3942 2507 3997 iacta
2543 3952 2691 4006 sunt,
2725 3944 2900 4013 ipsum
2925 3941 3009 3996 vel
3038 3956 3158 3996 esse
3190 3940 3421 3994 evictum
3445 3949 3503 3992 et

1923 4035 2243 4090 criminibus
2270 4037 2586 4101 obnoxium,
2620 4050 2717 4090 nec
2747 4050 2906 4104 posse
2937 4049 2996 4091 se
3023 4033 3216 4103 injuria
3244 4030 3496 4086 allectum

1924 4142 2045 4181 esse
2073 4127 2258 4181 dicere
2311 4127 2697 4196 ostenderent;
2731 4128 2812 4182 vel
2848 4129 2892 4182 si
2927 4129 3184 4181 innocens
3213 4125 3499 4194 apparuise

1926 4227 2027 4281 set,
2056 4219 2104 4274 ei
2138 4234 2451 4275 concessum
2482 4227 2644 4284 esset,
2679 4231 2736 4274 ut
2776 4234 2963 4274 rursus
3011 4227 3264 4288 praesset
3311 4215 3500 4270 Eccle-

1923 4311 2036 4364 siae.
2066 4309 2198 4376 Quia
2250 4321 2432 4366 autem
2472 4311 2602 4366 nihil
2655 4313 2760 4366 tale
2796 4310 2995 4366 factum
3050 4319 3153 4374 est,
3187 4323 3244 4363 se
3299 4308 3499 4374 injuria

1926 4401 2175 4457 aii‘ectum
2201 4419 2321 4458 esse
2351 4404 2697 4469 vociferatur,
2728 4414 2781 4458 et
2828 4413 3024 4472 przeter
3057 4403 3202 4470 leges
3241 4401 3498 4468 ejectum,

237 4511 356 4563 μως
379 4494 686 4564 ἐκϐληθεὶς,
709 4495 882 4564 λέγων
912 4498 994 4549 ὅτι
1042 4497 1136 4550 καὶ
1167 4499 1496 4567 ήρπάγησαν
1549 4500 1648 4552 ὅσα
1706 4499 1808 4570 εἶχε

1928 4494 2110 4550 dicens
2140 4509 2489 4564 quascunque
2524 4496 2688 4550 etiam
2723 4496 2955 4550 habebat
2983 4493 3242 4563 pecunias
3266 4492 3498 4546 ablatas.

233 4587 518 4657 χρήματα.
548 4587 620 4639 Σὺ
634 4586 834 4654 τοίνυν,
861 4588 939 4658 τῷ
965 4590 1153 4659 Δόμνῳ
1182 4591 1381 4657 γράφει
1410 4591 1436 4641 ὁ
1454 4590 1606 4656 ἅγιος
1629 4629 1644 4652 ,
1665 4591 1818 4656 εἰδὼς

233 4675 332 4728 καὶ
362 4674 489 4736 τοὺς
517 4674 694 4737 θείους
720 4677 949 4738 κανόνας
975 4676 1066 4730 καὶ
1080 4677 1143 4728 τδ
1169 4675 1381 4744 πρέπον
1407 4681 1473 4747 τῇ
1518 4678 1817 4750 Ἐκκλησία.

235 4767 481 4828 καὶτοῖς
506 4765 843 4836 λειτουργοῖς
867 4766 962 4819 τοῦ
985 4767 1142 4830 Θεοῦ,
1178 4769 1348 4837 ἤγουν
1395 4768 1455 4820 τὸ
1485 4768 1811 4838 δικαιοπρα-

238 4859 379 4927 γεῖν,
419 4859 765 4928 δυσωπηθεὶς
833 4861 888 4912 δὲ
950 4861 1045 4912 καὶ
1095 4859 1193 4928 τὴν
1251 4859 1529 4929 ἡμετέραν
1569 4861 1812 4932 γραφὴν,

241 4953 440 5021 στῆσον
472 4951 566 5004 τοῦ
600 4950 913 5023 πρεσϐύτου
948 4953 1009 5005 τὸ
1037 4951 1294 5022 δάκρυον,
1355 4953 1450 5005 καὶ
1499 4954 1548 5005 εί
1602 4953 1820 5022 θελήσει

241 5043 671 5111 συνδικασθῆναι
715 5047 826 5107 τοῖς
875 5043 1203 5112 κατηγόροις
1259 5041 1447 5106 αὑτοῦ,
1504 5044 1817 5114 δικασθήτω

241 5139 398 5206 παρά
434 5154 514 5189 σοι
549 5137 644 5189 καὶ
687 5140 798 5198 τοῖς
842 5136 946 5188 ύπὸ
999 5153 1058 5188 σε
1097 5136 1445 5198 ἐπισκόποιςο
1480 5137 1527 5188 εί
1575 5136 1631 5188 δέ
1666 5154 1820 5200 τινας

241 5229 519 5290 ὑπόπτους
549 5227 660 5298 ἔχει
688 5228 796 5280 τῶν
822 5227 1160 5292 ἐπισκόπων,
1212 5225 1286 5289 ὡς
1342 5227 1416 5297 μὴ
1475 5226 1656 5289 καλῶς
1709 5228 1817 5280 δια-

242 5323 530 5392 κειμένους
560 5321 697 5391 πρδς
725 5321 908 5387 αὑτὸν,
941 5325 1033 5373 καὶ
1066 5321 1417 5389 παραιτεῖται
1447 5319 1642 5380 αὐτοὺς
1671 5319 1819 5371 ἐκεί-

243 5433 325 5468 νοι
359 5414 436 5483 μὴ
462 5413 814 5482 παρίστωσαν
845 5414 927 5474 εἰς
969 5412 1031 5464 τὸ
1084 5411 1457 5480 δικαστήριον.
1489 5407 1681 5478 Ἡμεῖς
1720 5410 1819 5478 μὲν

243 5508 395 5577 γάρ,
431 5506 616 5576 φησὶν,
648 5505 835 5557 οὐδέ-να
886 5503 994 5556 τῶν
1051 5501 1366 5555 ἐπισκόπων
1417 5501 1620 5571 ἔχθραν
1674 5501 1818 5572 ἔχειν

245 5599 582 5668 πιστεύομεν
606 5599 746 5651 κατά
766 5596 1015 5666 ἀδελφοῦ,
1042 5595 1165 5649 οὐδὲ
1199 5595 1286 5648 διὰ
1325 5594 1482 5646 τοῦτο
1538 5594 1818 5664 κωλύομεν

246 5693 450 5754 αὐτοὺς
481 5689 801 5744 συνδικάσαι
848 5691 1009 5758 ἡμῖν’
1046 5688 1132 5740 ἵνα
1183 5687 1238 5738 δὲ
1274 5687 1346 5756 μὴ
1396 5692 1556 5738 τοῦτο
1593 5685 1817 5755 ἀφορμὴ

1926 4585 2008 4638 Tu
2039 4599 2189 4655 ergo,
2222 4586 2411 4640 scribit
2451 4596 2672 4640 sanctus
2715 4585 2781 4640 ad
2831 4584 3120 4651 Domuum,
3155 4584 3250 4654 qui
3298 4583 3404 4638 seis
3449 4591 3502 4636 et

1927 4679 2139 4734 divinos
2190 4692 2453 4741 canones,
2479 4688 2534 4733 et
2567 4680 2708 4747 quod
2744 4679 2997 4734 convenit
3038 4678 3289 4734 Ecclesia:
3320 4688 3385 4730 et-
3405 4675 3498 4729 Dei

1929 4770 2212 4838 ministris,
2247 4783 2438 4838 nempe
2462 4771 2604 4838 juste
2634 4785 2814 4840 agere,
2847 4780 3158 4827 nostrarum
3194 4769 3357 4824 etiam
3411 4769 3500 4821 lit-

1926 4870 2162 4917 terarum
2198 4863 2460 4917 rationem
2490 4865 2712 4926 ducens,
2750 4863 2982 4931 reprime
3008 4861 3158 4916 senis
3199 4861 3496 4929 lacrymas,

1924 4963 1978 5008 et
2012 4955 2058 5008 si
2095 4953 2222 5008 velit
2263 4969 2384 5010 cum
2421 4955 2533 5009 suis
2574 4954 2982 5008 aceusatoribus
3022 4952 3226 5022 judicio
3272 4961 3498 5005 conten-

1921 5047 2071 5110 dere,
2112 5047 2250 5115 apud
2286 5054 2335 5099 te
2367 5055 2422 5099 et
2450 5045 2540 5114 qui
2569 5045 2662 5098 tibi
2685 5047 2913 5099 subsunt
2946 5043 3232 5113 episcopos
3285 5041 3494 5111 litiget:

1922 5137 2006 5192 sin
2041 5145 2222 5191 autem
2259 5136 2630 5205 episcOporum
2691 5136 2904 5204 aliquos
2941 5143 3224 5203 suspectos
3275 5133 3492 5197 habeat,

1923 5238 1978 5282 ut
2014 5243 2118 5283 non
2148 5228 2283 5282 bene
2314 5228 2364 5282 in
2415 5228 2587 5296 ipsum
2615 5225 2860 5292 affectos,
2892 5236 2959 5280 et-
2983 5239 3077 5280 eos
3123 5232 3366 5284 recuset.
3418 5223 3494 5278 illi

1919 5321 1973 5374 in
1996 5320 2202 5391 judicio
2225 5336 2327 5375 non
2363 5320 2563 5374 adsint.
2601 5317 2708 5373 Nos
2739 5319 2904 5380 enim.
2932 5317 3122 5386 inquit,
3149 5315 3351 5374 nullum
3379 5315 3496 5383 epio

1917 5423 2134 5478 scopum
2168 5407 2479 5463 inimicitias
2526 5408 2726 5463 habere
2759 5406 3018 5460 adversus
3054 5403 3274 5458 fratrem
3313 5403 3493 5457 credi-

1917 5517 2063 5562 mus,
2108 5515 2206 5554 nec
2235 5508 2516 5570 propterea
2541 5509 2781 5554 velamus
2821 5511 2888 5551 ne
2929 5496 3003 5550 illi
3055 5495 3332 5549 nobiscum
3387 5508 3493 5547 una

1919 5593 2161 5662 judicent
2198 5609 2210 5644 :
2243 5591 2336 5646 sed
2380 5606 2446 5646 ne
2481 5590 2582 5645 hoc
2624 5592 2693 5645 sit
2720 5589 2956 5649 occasio.
2979 5586 3265 5657 quominus
3297 5584 3411 5652 ipse
3439 5584 3502 5637 in.

1919 5683 2120 5753 judicio
2149 5697 2382 5739 causans
2416 5697 2519 5738 non
2554 5692 2696 5752 agat,
2748 5679 2819 5735 illi
2850 5695 2878 5733 a
2912 5692 3162 5734 consessu
3217 5675 3505 5733 recedant.

247 5787 470 5858 γένηται
503 5785 596 5840 τοῦ
631 5786 705 5859 μὴ
739 5786 1058 5856 δικασθῆναι
1090 5784 1205 5838 αὑτ⁸
1223 5803 1270 5851 ν,
1297 5779 1795 5854 ἐκεῐπιίάπίτωσεν
1838 5776 2130 5849 συνεδρίου.
