4004 6438
580 335 694 406 919

1839 332 2115 396 THEOD.
2146 331 2235 388 BA
2247 327 2548 388 LSMIOX

3695 322 3788 386 9'20

644 463 940 520 Pecuniam
958 470 1141 518 autem
1158 476 1279 533 qua:
1301 476 1400 532 per
1428 461 1680 534 iniuriam
1703 459 1805 532 ipsi
1826 468 2017 531 erepta
2038 468 2140 522 est,

2311 450 2355 503 T
2359 449 2394 502 ἀ
2416 446 2475 500 δι
2502 446 2702 510 ἀδίκως
2721 446 2994 517 ληᾳοέντα
3014 446 3145 518 παρ’
3175 443 3344 498 αὐτοῦ
3373 443 3648 512 χρήματα,
3679 443 3794 492 ἁνα-

576 559 778 632 duplici
800 561 1023 615 nomine
1041 561 1102 622 ei
1126 558 1278 615 reddi
1294 573 1510 629 aequum
1530 565 1640 612 est.
1660 555 1904 610 Primum
1919 552 2141 622 quidem

573 650 721 722 quod
742 665 844 706 nec
866 651 970 705 tale
990 650 1118 721 quid
1149 651 1372 714 omnino
1399 649 1512 703 fieri
1541 645 1826 716 oportebat
1850 665 1864 703 :
1906 644 2069 716 177'
2087 650 2143 695 et

573 740 720 811 quod
768 741 923 794 valde
966 741 1108 794 male
1160 737 1325 792 habet
1371 751 1675 807 magnaque
1717 734 1945 789 tristitia
1977 731 2142 786 allicit

573 831 946 888 sanctissimos
985 831 1271 900 episcopos
1316 827 1411 897 qui
1439 834 1567 881 sunt
1595 826 1798 895 ubique
1829 831 2102 878 terrarum
2123 862 2136 887 ,

571 920 718 992 quod
771 929 1088 991 sumptuum
1131 917 1226 988 qui
1279 917 1387 972 illis
1419 916 1679 971 eveniunt
1717 912 2141 984 dispensationis

573 1013 713 1066 ratio
747 1010 815 1066 ab
846 1011 928 1065 eis
952 1011 1233 1080 exigatur,
1265 1008 1381 1063 sive
1409 1023 1475 1062 ex
1503 1005 1889 1062 ecclesiasticis
1914 1002 2141 1057 redditi-

571 1099 697 1163 bus,
739 1098 853 1152 sive
888 1113 956 1152 cx
982 1097 1164 1152 fructu
1194 1097 1413 1152 aliunde
1436 1103 1714 1165 percepto.
1754 1092 2140 1162 Unusquisque

569 1192 715 1246 enim
759 1198 1009 1244 nostrum
1067 1189 1222 1243 dabit
1279 1203 1504 1242 suorum
1551 1187 1820 1240 malorum
1868 1185 2144 1239 rationem

569 1279 814 1334 omnium
840 1277 1029 1349 judiei.
1065 1278 1201 1332 Vasa
1230 1277 1375 1331 enim
1409 1275 1647 1346 pretiosa
1673 1285 1730 1330 et
1764 1275 2137 1344 possessiones

569 1370 878 1427 immobiles
911 1377 1128 1438 oportet
1169 1368 1372 1423 servari
1409 1367 1708 1432 Ecclesiis;
1738 1365 2011 1434 episcopis
2043 1379 2137 1417 au-

573 1472 680 1518 tem
711 1461 803 1531 qui
837 1467 966 1514 tunc
994 1458 1254 1528 temporis
1295 1458 1539 1512 divinum
1569 1456 1934 1512 sacerdotium
1964 1454 2138 1508 admi-

568 1553 826 1615 nistrant,
849 1549 1206 1606 incidentium
1232 1558 1550 1620 sumptuum
1573 1546 2137 1618 diSpensationetnse-

568 1659 704 1701 cure
738 1640 913 1698 credi.

2239 541 2458 609 δοθῆναι
2490 539 2699 593 δίκαιον
2730 540 2870 594 κατά
2911 539 3005 591 δύο
3046 538 3302 607 τρόπους.
3340 535 3569 604 Πρῶτον
3600 533 3690 598 μὲν
3725 534 3793 584 δτι

2238 633 2359 686 οὐδὲ
2387 634 2555 704 ἐχρῆν
2581 633 2718 694 diu»;
2751 631 3013 700 γενέσθαι
3034 647 3087 683 τι
3119 627 3359 682 τοιοῦτον
3385 643 3396 655 ·
3434 627 3528 678 καὶ
3560 626 3638 677 ὅτι
3658 623 3794 674 λυπεί

2241 724 2444 796 σφόδρα
2500 725 2595 778 καὶ
2643 726 2723 786 εἰς
2767 722 3001 792 ἐσχάτην
3047 718 3280 788 ἀκηδίαν
3337 715 3641 784 καταφέρει
3686 714 3794 775 τοὺς

2240 816 2586 885 ἁπανταχόσε
2606 815 2708 883 γῆς
2733 813 2893 876 ὄντας
2914 809 3369 870 θεοσεϐεστάτους
3392 806 3455 858 τὸ
3474 803 3794 859 ἁπαιτείσίὶαι

2240 906 2430 974 λόγους
2472 906 2570 974 τῆς
2606 903 2920 972 οἰκονομίας
2968 899 3086 954 τῶν
3126 895 3596 969 παραπιπτόντων
3634 893 3795 952 αὐτοῖς

2240 997 2634 1066 ἀναλωμάτων,
2667 994 2776 1048 εῐτε
2801 993 2866 1046 ἐκ
2896 991 3177 1062 προσόδων
3201 984 3688 1056 ἐκκλησιαστικιῖη,
3711 983 3794 1036 εἴτ’

2239 1080 2332 1139 οὖν
2359 1087 2452 1137 καὶ
2484 1084 2592 1136 ἀπὸ
2635 1083 2734 1150 τῆς
2768 1098 2931 1134 τινων
2963 1076 3366 1149 καρποιρορίας.
3407 1075 3677 1134 Ἕκαστος
3703 1070 3795 1138 γάρ

2241 1178 2272 1242 ἢ
2281 1173 2397 1243 μῶν
2414 1172 2522 1225 τῶν
2541 1171 2686 1225 ἰδίων
2706 1169 2888 1224 κακῶν
2913 1168 3075 1222 δώσει
3104 1169 3263 1233 λόγον
3285 1165 3364 1235 τῷ
3398 1165 3614 1218 πάντων
3634 1163 3793 1232 κριτῇ.

2241 1263 2517 1333 Κειμήλια
2559 1264 2659 1332 μὲν
2689 1261 2796 1331 γὰρ
2827 1262 2922 1313 καὶ
2962 1261 3185 1328 κτήσεις
3217 1257 3513 1326 ἀκινήτους
3540 1255 3654 1316 ταῖς
3699 1252 3798 1304 Ἐκ·

2245 1355 2495 1423 κἰησίαις
2551 1353 2820 1417 σώζεσθαι
2856 1353 2960 1422 χρή
2985 1367 3002 1381 θ
3059 1349 3382 1420 θαρσεῖσθαι
3421 1347 3480 1399 δὲ
3526 1349 3634 1406 τοῖς
3673 1343 3798 1396 κατι

2245 1449 2432 1516 καιρὸν
2461 1446 2558 1516 τὴν
2605 1445 2754 1498 θείαν
2787 1444 3064 1496 διέπουσιν
3103 1441 3407 1512 ἱερωσύνην
3439 1440 3796 1509 τῷν-παραπι-

2243 1540 2483 1594 πτόντων
2519 1536 2893 1606 ἀναλωμάτων
2915 1535 3014 1605 τὴν
3040 1531 3353 1602 οἰκονομίαν
3379 1571 3392 1581 .

646 1728 841 1785 BALS.
867 1729 974 1784 Res
999 1738 1200 1794 autem,
1222 1727 1418 1798 inquit,
1444 1741 1562 1796 qua:
1601 1723 1792 1779 ablata
1829 1729 1975 1786 sunt,
2007 1719 2131 1774 dua-

2320 1716 2517 1771 ΒΑΛΣ.
2555 1715 2621 1769 Ἀ
2651 1713 2732 1780 δὲ,
2769 1713 2957 1785 φησὶν,
2986 1712 3239 1787 ἀφῃρέθη
3267 1714 3594 1783 πράγματα,
3614 1707 3802 1762 δίκαιόν

573 1823 676 1879 bus
700 1822 749 1878 ei
778 1822 846 1876 de
877 1820 1056 1875 causis
1098 1818 1382 1873 reddendae
1412 1823 1562 1880 sunt,
1605 1828 1709 1867 una
1734 1811 1973 1884 quidem,
2000 1809 2142 1878 quod

573 1913 796 1970 omnino
843 1910 1088 1979 iniquum
1139 1916 1224 1964 est
1244 1908 1406 1962 ullam
1435 1921 1622 1961 earum
1663 1902 1862 1957 factam
1910 1898 2141 1955 ablatio-

577 2015 698 2055 nem
730 2016 746 2063 ;
775 1997 942 2052 altera
987 2010 1138 2059 vero,
1171 1995 1313 2066 quod
1339 2007 1527 2047 omnes
1554 1990 1833 2061 episcopos
1870 1986 2008 2041 male
2052 1985 2147 2040 lta-

575 2092 687 2154 bet,
715 2098 770 2146 et
805 2089 1049 2144 molestia
1091 2086 1276 2151 allicit,
1319 2083 1461 2156 quod
1507 2084 1576 2139 ab
1618 2083 1698 2138 eis
1741 2079 1880 2135 ratio
1923 2075 2148 2132 admini-

576 2178 855 2234 stratiouis
883 2191 1066 2233 eorum
1097 2185 1407 2245 sumptuum
1441 2187 1558 2243 quae
1585 2171 1826 2226 incidunt
1847 2167 1960 2223 sive
1984 2165 2144 2221 obve-

579 2271 732 2324 niunt
753 2268 1021 2340 exigatur.
1048 2265 1402 2335 undecunque
1433 2265 1674 2334 pecunia
1689 2258 2001 2320 obveniant,
2035 2256 2149 2310 sive

575 2377 642 2416 cx
690 2358 1068 2414 ecclesiasticis
1107 2355 1429 2419 redditibus,
1455 2354 1569 2410 sive
1595 2366 1661 2406 ex
1702 2351 1879 2406 fructu
1907 2349 2150 2403 alicunde

578 2458 852 2520 percepto,
874 2447 1190 2520 quibusdam
1209 2445 1418 2502 scilicet
1432 2442 1814 2500 oblationibus.
1832 2438 1964 2495 Nam
1987 2455 2152 2495 unus-

578 2542 806 2611 quisque
869 2549 1173 2596 nostrorum
1203 2577 1220 2605 ,
1266 2537 1461 2607 inquit.
1504 2535 1882 2606 episcoporum
1911 2572 1928 2599 ,
1972 2533 2152 2586 ratio-

579 2646 703 2686 nem
739 2629 1226 2684 administrationis
1257 2641 1436 2682 rerum
1473 2641 1582 2682 sua:
1604 2623 1884 2688 Ecclesiae,
1916 2637 2012 2691 pro
2038 2621 2152 2676 suis

580 2721 935 2789 temporibus.
980 2721 1082 2773 hoc
1133 2725 1238 2782 est,
1279 2733 1378 2788 pro
1435 2726 1675 2784 tempore
1726 2728 1840 2784 qno-
1887 2712 1988 2767 fuit
2036 2713 2152 2780 epi-

580 2829 797 2882 scopus,
822 2811 929 2867 Deo
951 2811 1157 2866 reddet.
1187 2808 1324 2863 Vasa
1351 2809 1491 2862 enim
1519 2806 1752 2875 pretiosa
1777 2803 2152 2868 ecclesiarum,

2249 1811 2396 1862 ἐστιν
2424 1805 2758 1876 ἀποδοθῆναι
2792 1805 2940 1876 αὐτῷ
2970 1807 3112 1860 κατά
3147 1806 3244 1858 δύο
3274 1806 3512 1873 τρόπους
3532 1818 3545 1833 ·
3573 1802 3667 1855 ἕνα
3696 1799 3802 1868 μὲν.

2249 1901 2332 1954 ὅτι
2361 1900 2460 1953 καὶ
2487 1899 2547 1952 τὸ
2577 1899 2712 1960 ὅλως
2745 1899 2999 1966 γενέσθαι
3030 1899 3130 1968 τὴν
3155 1897 3452 1968 ἀφαίρεσιν
3506 1895 3677 1948 αὐτῶν
3705 1893 3803 1945 ἄδι·

2249 1992 2346 2045 κόν
2367 1992 2552 2044 ἐστιν·
2596 1990 2786 2060 ἕτερον
2805 1989 2890 2056 δέ,
2933 1990 3018 2042 ὅτι
3062 1990 3272 2052 πάντας
3320 1990 3449 2050 τοὺς
3495 1985 3806 2044 ἐπισκόπους

2250 2084 2455 2154 σφόδρα
2485 2083 2665 2146 λυπεῖ,
2710 2085 2800 2136 καὶ
2842 2082 3075 2152 ἀκηδίαν
3119 2079 3404 2149 ἐμϐάλλει.
3452 2079 3510 2130 τὸ
3554 2076 3804 2142 λογοπρι-

2249 2175 2464 2246 γεῖσοαι
2497 2173 2693 2236 αὐτοὺς
2721 2171 2816 2226 ἐπὶ
2843 2174 2910 2242 τῇ
2942 2169 3227 2240 οἰκονομίᾳ
3276 2167 3387 2221 τῶν
3442 2162 3803 2246 παραπιπτόνέ

2247 2284 2356 2320 των
2383 2265 2503 2334 ἦτοι
2544 2259 2956 2332 συμϐαινόντων
2993 2257 3394 2326 ἀναλωμάτων,
3455 2253 3575 2305 ὃῡεν
3636 2249 3698 2302 ἂν
3743 2245 3804 2298 τὰ

2251 2357 2512 2428 χρήματα
2554 2351 2932 2421 περιέλθωσιν,
2956 2351 3067 2404 εἴτε
3107 2350 3170 2402 ἐκ
3199 2346 3484 2418 προσόδων
3533 2341 3805 2408 ἐκκλησια-

2251 2447 2474 2510 στικῶν,
2498 2445 2606 2500 εἴτε
2648 2441 3188 2514 καρποφορίας,ῆτοι
3211 2435 3588 2508 προσαγωγῶν
3642 2446 3804 2482 τινων.

2255 2541 2528 2600 Ἕκαστος
2554 2538 2691 2607 γὰρ,
2723 2535 2882 2606 φησὶ,
2919 2534 3026 2587 τῶν
3071 2533 3392 2587 ἐπισκόπων
3422 2528 3578 2599 ἡμῶν
3609 2524 3684 2593 τῷ
3703 2521 3807 2589 Θεῷ

2250 2631 2588 2698 δὼσειλόγον
2623 2625 2892 2698 περὶτῆς
2952 2625 3276 2691 διοικήσεως
3333 2622 3443 2675 τῶν
3491 2615 3807 2688 πραγμάτων

2251 2723 2349 2789 τῆς
2397 2719 2724 2790 Ἐκκλησίας
2750 2715 2912 2771 αὑτοῦ
2931 2716 3074 2786 ὑπὲρ
3095 2715 3206 2768 τῶν
3239 2715 3388 2766 ἰδίων
3419 2710 3646 2782 καιρῶν,
3678 2723 3808 2760 τουτο

2255 2817 2404 2871 έστιν
2427 2815 2566 2885 ὑπὲρ
2600 2813 2693 2866 τοῦ
2744 2807 2941 2879 καιροῦ
2990 2809 3114 2862 καθ’
3162 2806 3221 2860 ὃν
3260 2802 3330 2877 ἦν
3375 2804 3690 2862 ἐπίσκοπος.
3736 2797 3806 2851 Τά

579 2918 680 2961 seu
700 2917 875 2967 sacra,
901 2911 957 2956 ct
984 2900 1186 2970 reliqua
1215 2899 1325 2955 Deo
1342 2906 1692 2963 consecrata,
1713 2905 1766 2951 et
1785 2895 2146 2965 possessiones

2257 2904 2358 2976 μὲν
2389 2903 2496 2975 γὰρ
2523 2901 2786 2972 κειμήλια
2810 2900 2916 2954 τῶν
2954 2897 3266 2968 ἐκκλησιῶν
3293 2899 3413 2968 ἢτοι
3463 2894 3531 2946 τά
3563 2892 3676 2960 ἱερά
3727 2887 3809 2939 καὶ

579 2993 909 3056 immobiles,
941 3006 1046 3045 non
1078 2999 1208 3046 sunt
1233 2989 1561 3054 slienabilia,
1588 2997 1642 3042 et
1663 2986 1910 3042 ecclesiis
1929 3000 2153 3039 servan-

2253 2998 2323 3050 τά
2353 2995 2516 3048 λοιπά
2564 2992 2893 3061 ἀναθήματα
2961 2991 3055 3042 καὶ
3112 2988 3212 3051 τὰς
3265 2985 3556 3054 ἀκινήτους
3605 2981 3807 3048 κτήσεις

585 3091 676 3137 tur
703 3079 1235 3149 ;ecclesiasticorum
1266 3086 1444 3130 autem
1475 3075 1779 3131 reddituum
1802 3073 2146 3128 administra-

2251 3085 2644 3156 ἀνεκποιήτους
2727 3082 3004 3151 ἐνδέχεται
3069 3075 3233 3140 εἶναι,
3297 3078 3394 3130 καὶ
3460 3069 3806 3142 φυλάττεσθαι

586 3176 788 3230 tionem
823 3186 1018 3228 secure
1058 3169 1205 3226 credi
1246 3170 1608 3236 audacterque
1649 3165 1912 3221 committi
1951 3165 2146 3220 debere

2250 3181 2370 3240 ταῖς
2407 3177 2726 3245 ἐκκλησιαις
2745 3191 2759 3205 ο
2791 3175 2890 3242 τὴν
2908 3171 2966 3225 δέ
2999 3171 3315 3239 οἰκονομίαν
3338 3168 3448 3220 τῶν
3479 3166 3674 3230 ἐξόδων
3700 3161 3795 3212 τῶν

586 3265 716 3332 illis,
745 3264 835 3336 qui
870 3263 1026 3320 statis
1057 3259 1389 3330 temporibus
1412 3269 1539 3315 sunt
1559 3257 1818 3329 episcopi.

660 3559 1099 3620 “enuntiationis
1119 3565 1300 3610 autem
1333 3555 1547 3610 libellos
1578 3568 1688 3609 non
1711 3568 1810 3609 sua
1847 3555 2150 3614 voluntate,

589 3651 686 3709 sed
710 3650 877 3706 veluti
909 3649 964 3703 vi
1001 3661 1063 3700 ac
1097 3652 1265 3708 metu,
1292 3652 1348 3700 et
1377 3644 1682 3714 aliquorum
1711 3640 1875 3696 minis
1894 3654 1952 3694 se
1981 3639 2151 3693 tradi-

589 3743 736 3798 disse
775 3739 924 3796 dicit.
961 3737 1079 3794 Jam
1118 3751 1251 3791 vero
1283 3735 1388 3790 alia
1417 3749 1633 3805 quoque
1667 3747 1756 3786 res
1777 3739 1884 3795 est,
1913 3744 2032 3799 qum
2065 3745 2154 3783 ec—

590 3830 906 3888 clesiastica;
934 3823 1314 3882 consuetudini
1356 3838 1463 3878 non
1503 3823 1706 3892 placet,
1744 3819 1940 3874 oli‘erre
1979 3832 2155 3872 sacer-

591 3921 751 3976 dotes
796 3919 1007 3988 aliquos
1033 3914 1458 3971 renuntiationis
1501 3912 1737 3967 libellos.
1772 3910 1908 3964 Nam
1939 3909 1981 3963 si
2025 3917 2152 3962 sunt

591 4010 741 4080 digni
776 4008 870 4078 qui
905 4021 1058 4062 saera
1102 4007 1358 4077 mysteria
1394 4004 1593 4058 obeant
1621 4041 1636 4066 ,
1668 4003 1723 4056 in
1753 4001 1820 4055 iis
1856 4007 2150 4065 maneant;

593 4099 678 4152 sin
708 4105 887 4152 autem
913 4094 1143 4166 indigni,
1168 4109 1271 4149 nec
1304 4109 1400 4163 per
1434 4091 1896 4148 renuntiationem
1926 4087 2149 4144 autdcm

594 4197 818 4253 exeant,
855 4188 948 4243 sed
982 4187 1166 4258 potius
1205 4197 1428 4256 propter
1483 4193 1630 4255 gesta
1667 4182 2011 4238 condemnati
2038 4222 2051 4245 ,
2083 4181 2151 4235 de

593 4280 791 4347 quibus
809 4279 1092 4348 quisquam
1116 4282 1444 4345 conquestus
1461 4275 1617 4328 fuerit
1642 4275 1716 4327 uti
1741 4289 1770 4327 a
1793 4283 1943 4328 recto
1961 4272 2152 4326 ordine

594 4369 992 4423 sberrantibus.
1019 4365 1202 4421 Saluta
1226 4363 1623 4418 fraternitatem
1653 4378 1772 4431 quae
1797 4361 1939 4431 apud
1973 4370 2024 4415 te
2044 4369 2152 4422 est;

594 4469 714 4522 quae
737 4461 821 4508 est
863 4452 1004 4522 apud
1035 4469 1154 4514 nos,
1187 4459 1240 4506 te
1271 4452 1324 4504 in
1357 4451 1586 4504 Domino
1616 4456 1833 4505 salutat.

659 4673 852 4728 BALS.
896 4674 1075 4730 Allata
1102 4690 1316 4744 quoque
1355 4686 1470 4730 erat
1512 4673 1750 4745 episcopi
1807 4669 2151 4734 renuntiatio,

583 4767 652 4822 tle
673 4779 780 4835 quo
811 4765 1027 4833 scripsit
1055 4768 1141 4820 hic
1164 4781 1388 4836 magnus
1415 4765 1590 4820 Pater.
1627 4764 1700 4818 De
1731 4778 1797 4817 eo
1834 4777 1961 4831 ergo
1983 4760 2106 4814 dicit
2135 4779 2149 4815 ε

585 4850 881 4920 Epist-opus
906 4852 982 4904 ait
1015 4865 1074 4905 se
1102 4868 1208 4907 non
1231 4862 1422 4922 sponte
1446 4853 1861 4907 renuntiationis
1885 4851 2144 4916 scriptum

586 4941 820 5004 dedisse,
847 4942 937 4996 sed
965 4942 1289 4996 necessitate
1318 4953 1535 5011 promer
1579 4952 1776 4996 metum
1813 4951 1864 4994 et
1897 4955 2148 5007 quorum-

588 5037 708 5087 tlatn
745 5036 937 5088 minas.
973 5033 1174 5088 Deinde
1202 5033 1493 5104 subiungit,
1519 5035 1661 5104 quod
1697 5033 1908 5089 etiamsi
1949 5033 2143 5100 alioqui

587 5139 712 5178 eum
750 5139 845 5178 sua
877 5133 1065 5190 sponte
1090 5125 1428 5179 renuntiasse
1458 5133 1722 5193 putemus,
1752 5134 1834 5180 est
1859 5133 2037 5178 tamen
2072 5123 2147 5175 ir-

592 5213 777 5278 ritum,
811 5223 869 5265 ut
896 5215 1036 5280 quod
1060 5211 1448 5268 ecclesiasticis
1469 5215 1677 5282 legibus
1705 5229 1809 5268 non
1840 5213 2070 5282 placeat,
2092 5221 2148 5262 ut

590 5302 798 5357 scilicet
831 5303 1138 5359 sacerdotes
1173 5305 1283 5358 suis
1320 5305 1574 5360 Ecclcsiis
1609 5306 1939 5361 renuntient.
1965 5303 2021 5357 Si
2043 5303 2149 5357 sint

591 5390 733 5443 enim
755 5389 925 5458 digni,
961 5390 1160 5460 inquit,
1186 5392 1276 5460 qui
1307 5407 1458 5447 sacra
1487 5395 1741 5464 mysteria
1765 5395 1979 5457 obeant,
2004 5392 2055 5445 in
2082 5392 2147 5445 iis

591 5488 863 5545 maneant,
889 5489 944 5535 et
974 5495 1081 5536 non
1125 5481 1477 5538 admittantur
1516 5485 1960 5539 utrenuntiautes
1996 5500 2012 5536 :
2061 5482 2144 5536 siu

591 5579 768 5625 autem
792 5571 990 5640 indigni
1011 5585 1108 5627 nec
1123 5583 1218 5640 per
1233 5574 1682 5630 renuntiationetn
1705 5583 1918 5639 exeant,
1943 5587 2039 5628 nec
2063 5587 2147 5626 re-

593 5662 786 5716 cedant
817 5671 875 5717 nt
907 5661 1296 5729 renuntiantes,
1327 5667 1421 5721 sed
1456 5674 1514 5721 ut
1541 5666 1704 5723 rebus
1739 5667 1869 5735 ipsis
1892 5669 2148 5721 condcmo

597 5750 704 5806 nati
731 5766 746 5806 :
773 5752 839 5809 de
861 5752 1054 5821 quibus
1080 5751 1302 5811 multam
1319 5755 1442 5826 quis
1464 5756 1910 5814 exclamationem
1933 5756 2144 5825 fecerit,

2259 3272 2320 3322 ἐν
2346 3270 2463 3330 ταῖς
2487 3265 2810 3335 ἐκκλησίαις
2842 3262 3187 3335 θαρσεῖσθαι,
3223 3261 3344 3312 ἀντὶ
3369 3257 3465 3311 τοῦ
3519 3255 3654 3324 μετά
3691 3251 3807 3322 Θάρ-

2258 3376 2384 3423 σους
2425 3354 2854 3429 ἐμπιστεύεσθαι
2889 3395 2904 3417 ,
2971 3357 3083 3416 τοῖς
3138 3353 3284 3406 κατὰ
3333 3352 3562 3420 καιροὺς
3612 3345 3807 3399 ἐπισκό-

2253 3468 2398 3514 ποις.

2329 3540 2466 3605 Τοὺς
2491 3541 2547 3594 δὲ
2582 3539 2680 3608 τῆς
2717 3543 3097 3607 παραιτήσεως
3139 3537 3416 3601 λισέλλους
3444 3539 3507 3590 οὐ
3540 3537 3676 3589 κατά
3709 3551 3809 3603 προ-

2258 3628 2467 3699 αίρεσιν
2505 3630 2727 3691 οἰκείαν,
2764 3627 2879 3679 ἀλλ’
2917 3628 2992 3689 ὼς
3022 3628 3080 3691 ἐξ
3124 3627 3370 3697 ἀνάγκης
3410 3629 3506 3680 καὶ
3539 3629 3696 3694 φόϐου
3735 3623 3809 3678 καὶ

2258 3721 2354 3788 τῆς
2401 3735 2563 3770 τινων
2613 3717 2843 3787 ἀπειλῆς
2891 3716 3170 3770 ἐπιδοῦναί
3209 3735 3363 3785 φησι.
3407 3718 3517 3770 Καὶ
3563 3716 3737 3785 ἕτερον
3764 3713 3810 3764 δὲ

2261 3809 2492 3878 πρᾶγμά
2544 3809 2689 3860 ἐστιν
2743 3807 2864 3860 οὗτε
2904 3810 3014 3872 τοῖς
3063 3809 3160 3878 τῆς
3224 3808 3553 3876 Ἑκκλησίας
3603 3807 3811 3877 ἀρέσκον

2260 3898 2476 3965 θεσμοῖς
2504 3937 2519 3961 ,
2547 3897 2607 3948 τὸ
2632 3895 2906 3958 λιϐέλλους
2933 3898 3322 3967 παραιτήσεων
3355 3897 3651 3966 προσάγειν
3682 3898 3810 3953 suac

2257 3985 2365 4038 τῶν
2403 3985 2720 4055 ἰερουργῶν.
2760 3985 2822 4038 Εἰ
2854 3985 2959 4054 γάρ
2993 3989 3130 4039 εἰσιν
3173 3986 3313 4050 ἄξιοι
3342 3987 3438 4040 τοῦ
3479 3986 3809 4055 λειτουργεῖν.

2259 4077 2498 4130 ἔστωσαν
2539 4079 2596 4129 ἐν
2641 4075 2848 4146 τούτῳ·
2889 4079 2938 4130 εί
2970 4077 3015 4130 δ’
3044 4077 3274 4142 ἀνάξιοι,
3311 4078 3390 4148 μὴ
3428 4079 3538 4130 ἀπὸ
3566 4075 3807 4147 παραιτή-

2261 4185 2397 4229 σεως
2428 4165 2710 4230 ἐξίτωσαν,
2764 4167 3209 4236 κατεγνωσμένοι
3253 4167 3310 4220 δὲ
3345 4167 3546 4236 μᾶλλον
3576 4167 3666 4217 ἐπὶ
3690 4165 3809 4230 πρᾶο

2259 4274 2480 4326 γμασιν,
2507 4249 2580 4309 ὧν
2608 4257 2672 4309 ἀν
2710 4272 2793 4319 τις
2844 4256 3046 4325 πολλὴν
3085 4258 3371 4326 ποιήσαιτο
3401 4257 3500 4327 τὴν
3540 4253 3808 4322 καταϐοὴν,

2259 4350 2330 4409 ὡς
2364 4345 2465 4410 ἐξω
2493 4347 2792 4416 τρεχόντων
2827 4348 3007 4416 πάσης
3037 4347 3380 4410 ἀκολουθίας.
3415 4348 3680 4418 Πρόσειπε
3726 4343 3808 4412 τὴν

2257 4441 2405 4509 παρὰ
2433 4439 2514 4489 σοὶ
2540 4439 2872 4506 ἀδελφότητα
2893 4457 2905 4469 ·
2941 4441 2997 4492 σὲ
3029 4443 3061 4510 ἡ
3092 4441 3188 4491 σὺν
3218 4441 3348 4509 ἡμῖν
3371 4444 3427 4494 ἐν
3447 4442 3632 4511 Κυρίω
3664 4454 3724 4508 πε
3746 4451 3807 4487 ισσ

2259 4545 2534 4597 αγορευει.

2329 4670 2522 4726 ΒΔΛΣ.
2568 4669 2680 4724 Καὶ
2719 4669 3048 4739 παραίτησις
3107 4671 3336 4742 ἐφέρετο
3366 4672 3463 4727 τοῦ
3501 4674 3802 4728 ἐπισκόπους

2255 4764 2383 4831 περὶ
2420 4762 2480 4816 οὗ
2511 4747 2752 4832 ἔγραψεν
2791 4763 2818 4814 ὀ
2855 4763 3031 4832 μέγας
3081 4761 3238 4828 οὗτος
3283 4767 3495 4836 Πατήρ.
3539 4768 3692 4834 Λέγει
3725 4760 3804 4816 οὖν

2250 4856 2341 4906 καὶ
2380 4854 2508 4923 περί
2536 4853 2690 4906 τοῦτο
2720 4855 2801 4906 ὅτι
2835 4857 3011 4922 ,φησιν
3040 4855 3069 4906 ό
3101 4857 3405 4918 ἐπίσκοπος
3435 4858 3511 4919 ὡς
3544 4857 3639 4925 οὐχ
3667 4857 3802 4908 ἐκου-

2248 4946 2378 5006 aito;
2403 4944 2462 4995 τὸ
2490 4944 2587 5011 τῆς
2620 4945 3009 5014 παραιτήσεως
3042 4946 3281 5017 ἔγραφον
3328 4947 3582 5008 δέδωκεν,
3622 4945 3729 5000 ἀλλ’
3752 4944 3802 5007 ἐξ

2248 5037 2493 5102 ἀνάγκης
2513 5034 2600 5087 διὰ
2636 5035 2802 5101 φόϐον
2828 5037 2924 5090 καὶ
2957 5040 3187 5101 ἀπειὶὰς
3233 5041 3417 5097 τινῶν,
3453 5039 3582 5093 Εἶτα
3629 5040 3801 5104 ἐπάγει

2247 5128 2329 5179 ὅτι
2359 5129 2454 5180 καὶ
2471 5125 2643 5188 ἄλλως
2671 5126 2751 5188 δὲ.
2785 5128 2888 5181 κάν
2916 5129 3162 5200 δοκῶμεν
3192 5133 3266 5191 ὡς
3281 5131 3422 5182 ἑκὼν
3449 5134 3798 5201 παρῃτήσατο.

2249 5220 2343 5272 καὶ
2376 5218 2532 5272 τοῦτο
2561 5219 2852 5291 ἀνίσχυρον
2889 5224 3060 5288 ἐστὶν,
3093 5224 3170 5285 ὡς
3207 5225 3278 5293 μὴ
3332 5226 3448 5285 τοῖς
3479 5224 3692 5292 θεσμοῖς
3715 5223 3798 5289 τῆς

2261 5310 2593 5380 Ἐκκλησίας
2628 5313 2880 5383 ἀρέσκον,
2919 5316 2981 5368 τὸ
3014 5315 3400 5384 παραιτεῖσθαι
3433 5317 3564 5378 τοὺς
3614 5319 3799 5384 lepos!»

2249 5401 2378 5466 γους
2404 5401 2502 5464 τὰς
2529 5402 2828 5475 ἐκκλησίας
2867 5405 3069 5458 αὐτῶν.
3106 5405 3283 5468 Ἀξιοι
3329 5405 3430 5472 μὲν
3459 5407 3586 5474 γὰρ,
3628 5403 3798 5472 φησὶν.

2252 5489 2406 5552 ὄντες
2451 5491 2548 5544 τοῦ
2598 5493 2924 5562 ἱερουργεῖν,
2976 5493 3220 5546 εστωσαν
3257 5495 3319 5547 ἐν
3363 5496 3560 5563 τούτῳ,
3618 5491 3797 5559 καὶμὴ

2252 5597 2326 5633 πα
2339 5580 2744 5651 ραδεχέσθωσαν
2765 5583 2840 5645 ὡς
2866 5584 3297 5654 παραιτούμενοι
3318 5602 3332 5616 °
3359 5587 3570 5652 ἀνάξιοι
3587 5585 3639 5638 δέ
3665 5584 3794 5640 ὅντες

2257 5669 2331 5739 μὲκ
2367 5669 2476 5722 ἀπὸ
2514 5674 2899 5741 παραιτήσεως
2935 5673 3225 5741 ἐξίτωσαν,
3281 5678 3408 5748 μηδ’
3441 5674 3793 5746 ὐποχωρείτωο

2256 5775 2354 5814 σαν
2378 5759 2452 5825 ὡς
2484 5761 2933 5833 παραιτούμενδιν
2969 5765 3085 5821 ἀλλ’
3135 5767 3213 5831 ὼς
3243 5770 3675 5839 κατεγνωσμένοι
3712 5761 3790 5814 ἐπὶ
