4004 6454
197 321 297 384 921

1043 335 1125 395 IN
1169 335 1408 396 EPIST.
1451 337 1509 396 S.
1553 338 1858 401 CYRILLI
1897 345 1999 405 AD
2037 344 2250 406 EPISC
2315 346 2555 407 AFRIC.

3327 346 3440 409 9Ξέ

192 438 536 508 πράγμασιν,
567 434 642 495 ὧν
665 442 730 496 ἂν
755 460 837 507 τις
868 443 1069 515 πολλὴν
1115 448 1402 516 ποιήσαιτο
1461 448 1754 519 καταϐοὴν,

1860 454 1961 508 Ιιοο
1987 463 2090 518 est,
2119 471 2238 524 qua:
2274 455 2452 523 digna:
2482 462 2610 509 sunt
2651 461 2717 510 de
2751 454 2947 526 quibus
2983 454 3338 518 exelametur,
3375 467 3432 512 ιιι

189 528 475 584 τουτέστιν
522 534 690 598 ἀξίων
742 535 1138 598 καταϐοᾶσθαι,
1171 537 1246 598 ὡς
1307 539 1385 606 μὴ
1435 540 1758 608 τηραύστων

187 618 484 686 ἀκρίϐειαν
513 624 604 675 καὶ
637 625 953 678 ἀκολουθίαν
999 628 1463 698 ἑκκλησιαστικήν
1487 643 1501 658 ·
1528 629 1562 698 ἢ
1600 629 1659 682 τὸ
1684 624 1758 684 ὧν

186 711 399 780 πολλὴν
422 731 505 776 τις
540 716 802 786 ποήσαιτο
833 717 1126 788 καταϐοὴν,
1163 719 1289 787 περὶ
1321 719 1430 771 τῶν
1457 735 1758 789 παραιτου-

189 803 372 866 μένων
396 805 595 871 μᾶλλον
622 807 872 878 εἰρῆσθαι
896 810 1239 881 νοηθήσεται.

1866 561 1988 617 quae
2020 548 2439 601 ecclesiasticam
2472 549 2873 602 accurationem
2899 559 2953 604 et
2985 549 3427 616 consequentiam

1866 651 1970 689 non
1994 645 2245 690 servent:
2282 637 2363 690 vel
2391 636 2517 691 illud
2553 637 2667 691 :De
2694 638 2889 706 quibus
2933 637 3150 691 multam
3193 637 3315 704 quis
3339 652 3427 688 ex-

1864 725 2236 779 clamationem
2279 726 2501 791 fecerit;
2530 727 2596 780 de
2641 728 2706 782 iis
2751 726 2842 796 qui
2897 730 3208 782 renuntiant
3257 728 3424 796 potius

1866 815 1970 870 dici
2002 815 2354 886 intelligetur.

207 988 3389 1024 “Mm

1455 1137 1684 1223 ΤΟΥ
1774 1139 2154 1228 ΑΥΤΟΥ

898 1300 1051 1355 ’ῙὈΙΣ
1106 1302 1291 1356 ΚΑΤΑ
1324 1302 1588 1357 ΔΙΒΥΗΝ
1637 1304 1757 1359 ΚΑΙ
1793 1305 2245 1361 ΠΕΝΤΛΠΟΔΙΝ
2287 1307 2718 1364 ΕΠΙΣΚΟΠυΙΣ.

1403 1580 1566 1651 1⁷⁸
1611 1587 2142 1678 EJUSDEM

819 1767 1207 1829 El’lJSCOPIS
1282 1771 1417 1843 QUI
1459 1768 1662 1831 SUNT
1735 1770 1820 1832 IN
1889 1771 2116 1832 LIBYA
2183 1774 2280 1833 ET
2345 1774 2793 1834 PENTAPOLL

263 1957 480 2020 Παντὸς
507 1955 602 2009 τοῦ
633 1957 904 2026 χρησίμου
934 1957 1028 2008 καὶ
1059 1957 1358 2025 ἀναγκαίου
1390 1964 1528 2032 πρὸς
1559 1964 1752 2019 οἰκοδο-

1917 1973 2222 2045 Cujuslibet
2251 1972 2349 2036 rei,
2396 1985 2516 2039 quae
2545 1968 2611 2023 ad
2646 1967 2972 2037 populorum
3001 1963 3415 2019 tediﬁeationem

188 2050 297 2116 μὴν
334 2049 446 2100 τῶν
495 2047 662 2114 λαῶν,
699 2047 982 2111 τελοῦντος
1027 2049 1082 2101 δὲ
1113 2052 1206 2104 καὶ
1250 2053 1327 2113 είς
1356 2053 1619 2124 ὑπόληψιν
1652 2056 1762 2110 τῶν

183 2142 363 2209 ἁγίων
413 2142 773 2210 Ἐκκλήσιῶν,
805 2143 1059 2210 φροντίδα
1091 2145 1360 2198 ποιεῖσθαι
1393 2148 1519 2216 χρή.
1555 2148 1760 2217 Γέγρα-

183 2251 318 2285 πται
343 2233 471 2301 γάρ,
493 2233 575 2284 δτι
603 2251 620 2284 ι
650 2232 910 2295 Εὑλαϐεῖς
928 2236 1128 2286 ποιεῖτε
1147 2236 1270 2299 τοὺς
1293 2238 1440 2299 υίους
1472 2239 1707 2309 Ἰσραήλ.
1735 2259 1753 2292 ι

177 2323 578 2392 Μοναστηρίων
604 2323 782 2374 τοίνυν
813 2323 1050 2395 Πατέρες
1081 2326 1188 2378 τῶν
1223 2329 1361 2380 κατά
1389 2328 1485 2397 τὴν
1510 2328 1761 2396 Θηϐαίων

184 2408 476 2476 ἐπαρχίαν,
496 2410 687 2481 ἄνδρες
706 2412 951 2476 εὐλαϐεῖς
983 2416 1076 2466 καὶ
1103 2417 1204 2467 οὐκ
1227 2414 1577 2484 ἀθαύμαστον
1606 2415 1754 2484 έχον-

179 2513 274 2561 τες
296 2500 594 2564 πολιτείαν,
624 2501 866 2564 ἐλθόντες
895 2506 952 2555 έν
984 2504 1380 2574 Ἀλεξανδρείᾳ,
1412 2504 1752 2574 ἐρωτώμενοι

179 2588 315 2656 παρ’
345 2588 478 2657 ἐμοῦ
510 2592 607 2660 τὴν
630 2592 963 2645 κατάστασιν
987 2593 1094 2645 τῶν
1121 2595 1313 2647 αὐτόσε
1355 2595 1750 2663 μοναστηρίων,

178 2679 485 2747 ἐδίδασκον,
520 2680 602 2732 ὅτι
637 2681 1075 2746 σκανδαλίζονται
1103 2683 1286 2735 πολλοὶ
1321 2684 1408 2735 διὰ
1434 2687 1531 2753 τὴν
1569 2683 1751 2735 τοιαυ-

173 2785 280 2841 την
310 2770 511 2825 αἰτίαν.

248 2861 468 2913 Νεωστὶ
493 2864 873 2933 γεγαμηκότες
907 2864 1050 2926 τινὲς
1083 2865 1176 2917 καὶ
1200 2860 1311 2916 οἷον
1341 2864 1398 2928 ἐξ
1429 2864 1609 2916 αὐτῶν
1653 2883 1751 2918 κα-

174 2952 448 3014 ταϐάντες
492 2955 600 3005 τῶν
635 2958 959 3024 νυμφὼνων,
1014 2957 1421 3024 συναρπάζουσί
1454 2973 1606 3017 τινας
1639 2957 1748 3008 τῶν

173 3043 605 3110 θεοφιλεστάτων
641 3046 973 3104 ἐπισκόπων,
1011 3046 1102 3096 καὶ
1131 3045 1340 3106 οὐδενὸς
1373 3045 1513 3112 τάχα
1545 3062 1644 3096 που
1681 3045 1749 3096 τά

173 3132 297 3184 κατ’
332 3133 528 3192 αὐτοὺς
578 3131 1068 3198 καταγγέλλοντος,
1101 3131 1531 3201 χειροτονοῦνται
1562 3131 1750 3201 κληρι-

171 3222 285 3287 κοὶ,
323 3223 490 3290 ἤγουν
523 3205 900 3294 πρεσϐύτεροι.
942 3223 1159 3290 Ἔτεροι
1204 3222 1262 3274 δέ
1292 3240 1434 3284 τινες
1476 3221 1534 3288 ἐξ
1569 3222 1747 3275 αὐτῶν

170 3277 285 3363 τῶν
327 3277 706 3380 μοναστηρίων
757 3277 832 3373 ὡς
868 3277 1093 3363 ἄτακτοί
1126 3277 1542 3380 ἐκϐαλλόμενοιῠ,
1583 3310 1746 3363 πάλιν
1775 3277 1814 3330 C

171 3401 536 3469 ὑποτρέχουσι
560 3403 656 3464 τὰς
680 3403 1022 3470 χειροτονίας,
1054 3403 1146 3453 καὶ
1168 3403 1446 3471 γενόμενοι
1473 3402 1742 3471 κληρικοὶ,

170 3490 515 3559 εἰσέρχονται
561 3491 654 3541 καὶ
696 3493 753 3541 ὲν
803 3491 984 3551 αὐτοῖς
1037 3492 1150 3552 τοῖς
1203 3492 1582 3560 μοναστηρίοις
1623 3491 1745 3544 ὅθεν

168 3579 549 3647 ὲκϐἐϐληνται,
578 3581 670 3631 καὶ
698 3579 976 3648 βούλονται
1002 3577 1351 3648 προσφέρειν,
1381 3582 1473 3633 καὶ
1491 3582 1592 3634 ὅσα
1615 3583 1744 3651 κλη-

168 3671 344 3737 ρικοῖς
381 3669 500 3731 ἔθος
527 3669 796 3739 πληροῦν,
841 3670 933 3722 καὶ
959 3669 1130 3723 ταῦτα
1155 3670 1284 3740 δρᾷν
1307 3709 1322 3733 ,
1361 3672 1437 3734 ὼς
1467 3672 1558 3723 καί
1591 3689 1741 3737 τινας

166 3758 275 3809 τῶν
307 3759 523 3811 είδότων
553 3761 747 3822 αὐτοὺς
775 3761 1157 3831 παραιτεῖσθαι
1192 3765 1286 3814 καὶ
1321 3763 1420 3825 τὰς
1455 3765 1702 3827 συνάξεις
1724 3805 1739 3828 ,

168 3851 263 3900 καὶ
299 3850 372 3916 μὴ
406 3849 688 3916 ἀνέχεσθαι
714 3853 988 3902 κοινωνεῖν
1013 3851 1469 3917 λειτουργούντων
1492 3854 1736 3905 ἐκείνων.

254 3940 471 4010 Ἐπειδὴ
494 3941 669 3992 τοίνυν
693 3944 825 4010 πρὸς
845 3943 1155 4013 οίκοδομὴν,
1183 3943 1256 4005 ὼς
1277 3943 1431 4012 ἔφην,
1457 3943 1564 3994 τῶν
1595 3943 1739 3995 λαῶν

165 4032 345 4083 πάντα
377 4031 483 4101 χρὴ
507 4032 838 4100 πράττεσθαι
861 4033 988 4101 παρ’
1011 4034 1187 4103 ἡμῶν,
1216 4034 1544 4103 ὲπιτηρείτω
1566 4034 1740 4087 ταῦτα

165 4125 198 4189 ἡ
229 4123 510 4174 θεοσέϐεια
543 4122 729 4191 ὑμῶν·
779 4124 873 4176 καὶ
907 4126 952 4176 εί
994 4124 1173 4193 μέλλει
1204 4141 1286 4185 τις
1318 4125 1736 4192 χειροτονεῖσθαι

163 4210 446 4280 κληρικὸς,
489 4212 937 4281 περιεργαζέσθω
966 4213 1054 4265 τὸν
1091 4213 1203 4281 βίον
1233 4211 1417 4273 αὑτοῦ,
1453 4213 1546 4264 καὶ
1577 4213 1732 4264 πότε-

165 4301 259 4368 ρόν
289 4317 419 4352 ποτε
456 4304 698 4372 γαμετὴν
727 4303 837 4371 ἔχει
865 4303 896 4372 ἢ
923 4302 1006 4366 οὓ,
1047 4304 1138 4356 καὶ
1163 4303 1278 4365 πῶς
1317 4303 1410 4356 καὶ¹
1446 4303 1572 4355 πότε
1596 4304 1736 4369 ἠγά-

162 4407 314 4456 γετο,
354 4394 449 4444 καὶ
472 4396 518 4444 εἰ
551 4395 622 4462 μή
653 4395 733 4456 τίς
763 4397 876 4447 ἐστι
906 4396 1013 4446 τῶν
1045 4396 1485 4462 ἐκϐαλλομένων,
1531 4394 1562 4464 ἢ
1604 4395 1734 4463 παρ’

163 4485 352 4552 ἑτέρου
384 4482 800 4536 θεοσεϐεστάτου
829 4487 1150 4546 ἐπισκόπου,
1179 4485 1211 4553 ἢ
1246 4486 1307 4536 ὲκ
1346 4484 1733 4553 μοναστηρίου,

1851 2066 2001 2120 utilis
2033 2075 2134 2129 est,
2166 2073 2220 2118 et
2241 2061 2565 2124 necessaria,
2597 2068 2651 2113 et
2675 2059 2741 2112 ad
2780 2066 3087 2112 sanctarum
3115 2056 3278 2108 etiam
3307 2055 3413 2107 Ec-

1850 2154 2146 2208 clesiarum
2201 2152 2654 2206 existimationem
2701 2149 2946 2210 confert,
2996 2162 3125 2200 cura
3181 2144 3412 2212 gerenda

1851 2241 2258 2309 cst.‘Seriptum
2297 2248 2379 2293 est
2409 2240 2598 2293 enim:
2640 2256 2655 2288 ι
2694 2237 2923 2290 Sanctos
2966 2235 3125 2288 facite
3172 2233 3311 2285 ﬁlios
3339 2232 3416 2283 ls-

1853 2328 1961 2382 rael
1991 2330 2029 2380 ¹.
2062 2346 2079 2379 ι
2121 2329 2309 2381 Patres
2348 2327 2526 2393 itaque
2556 2324 3010 2378 monasteriorum
3049 2337 3169 2390 quas
3203 2331 3329 2373 sunt
3359 2319 3416 2372 in

1856 2415 2241 2469 Thebanorum
2280 2416 2559 2484 provincia
2582 2455 2597 2480 ,
2626 2415 2730 2468 viri
2758 2415 2832 2483 pii
2862 2430 2924 2466 ac
2953 2413 3147 2473 sancti,
3181 2428 3243 2466 ac
3281 2412 3415 2466 satis

1854 2504 2231 2558 admirabilem
2272 2507 2395 2558 vitae
2425 2505 2655 2558 formam
2695 2514 2749 2558 et
2780 2504 3174 2558 institutionem
3210 2501 3416 2556 haben-

1854 2604 1935 2649 tes
1955 2635 1968 2658 ,
2001 2611 2125 2649 cum
2156 2597 2538 2649 Alexandriam
2567 2597 2864 2658 venissent,
2907 2611 2935 2647 a
2964 2609 3047 2646 me
3096 2591 3415 2661 interrogati

1852 2684 1919 2738 de
1943 2685 2398 2736 monasteriorum
2430 2699 2550 2752 qua:
2579 2684 2691 2737 illic
2718 2692 2846 2736 sunt
2871 2681 3282 2743 constitutione,
3314 2679 3415 2733 do-

1851 2784 2082 2828 cuerunt
2108 2774 2306 2827 multos
2339 2774 2538 2828 offendi
2569 2781 2790 2843 propter
2818 2772 2957 2826 hanc
2997 2785 3237 2825 causam.

1922 2866 2152 2932 Quidam
2192 2866 2284 2934 qui
2323 2881 2520 2920 uxores
2556 2874 2806 2920 recenter
2835 2862 3130 2924 duxerunt,
3157 2869 3210 2916 et
3231 2876 3298 2914 ex
3331 2859 3414 2930 ip~

1850 2957 1925 3010 sis
1961 2957 2130 3010 veluti
2165 2957 2414 3010 thalamis
2443 2957 2671 3027 egressi,
2719 2956 2930 3025 aliquos
2955 2971 3022 3010 ex
3051 2953 3417 3008 sanctissimis

1849 3043 2116 3111 episcopis
2134 3044 2483 3111 arripiunt,et
2498 3044 2648 3096 nullo
2666 3044 2734 3097 de
2750 3044 2830 3097 eis
2845 3044 3030 3109 utique
3046 3041 3414 3107 renuntiante,

1850 3131 2180 3185 ordinantur
2210 3133 2393 3186 clerici
2424 3147 2520 3186 seu
2548 3133 2870 3203 presbyteri.
2909 3133 3088 3200 Aliqui
3119 3137 3299 3184 autem
3319 3129 3413 3183 alii

1799 3277 1814 3293 ,
1845 3237 1913 3278 ex
1947 3222 2082 3292 ipsis
2136 3224 2518 3286 monasteriis,
2561 3233 2620 3277 ut
2655 3223 2963 3276 immodesti
3006 3222 3414 3288 insolentesque

1846 3313 2030 3382 ejecti,
2061 3329 2253 3367 rursus
2285 3313 2655 3367 ordinationes
2681 3323 2930 3382 captant;
2965 3321 3018 3367 et
3049 3312 3172 3364 facti
3203 3309 3409 3372 clerici,

1847 3403 1902 3455 in
1936 3417 1998 3455 ea
2030 3403 2144 3471 ipsa
2169 3403 2496 3459 monasteria
2525 3401 2904 3470 ingrediuntur
2935 3416 3000 3453 ex
3027 3400 3228 3469 quibus
3253 3398 3412 3468 ejecti

1847 3499 1995 3554 sunt,
2032 3501 2088 3544 et
2113 3491 2652 3544 voluntoblationem
2696 3506 2853 3560 agere
2950 3498 3005 3542 et
3075 3504 3138 3543 ea
3228 3488 3411 3542 omnia

1848 3580 2025 3635 facere
2063 3596 2184 3650 quae
2212 3596 2329 3635 mos
2356 3591 2440 3635 est
2467 3581 2705 3645 clericis,
2734 3587 2794 3633 u'.
2818 3579 2983 3633 etiam
3016 3578 3182 3647 aliqui
3212 3594 3406 3632 eorum

1845 3671 1938 3739 qui
1970 3672 2117 3740 ipsos
2145 3681 2366 3733 norunt,
2396 3687 2624 3742 synaxes
2648 3670 2912 3732 devitent,
2936 3679 2990 3723 et
3009 3669 3412 3724 communicare

1847 3767 1901 3817 in
1941 3765 2183 3818 animum
2213 3781 2320 3817 non
2349 3765 2610 3818 inducant
2632 3764 2742 3818 illis
2772 3762 3232 3816 ministrantibus.

1915 3942 2184 4009 Quoniam
2211 3956 2340 4011 ergo
2371 3939 2438 3993 ad
2468 3937 2905 3998 adiﬁcationem,
2931 3947 2990 3990 ut
3015 3936 3146 4000 dixi,
3179 3937 3410 4015 populo-

1845 4050 1988 4097 rum,
2021 4032 2203 4086 omnia
2231 4047 2260 4084 a
2286 4030 2447 4084 nobis
2484 4028 2730 4083 facienda
2763 4037 2924 4092 sunt,
2954 4028 3070 4082 hare
3098 4039 3274 4081 vestra
3313 4029 3411 4082 ob-

1844 4131 2026 4178 servet
2055 4123 2257 4191 pietas;
2289 4130 2346 4174 et
2370 4121 2412 4174 si
2441 4128 2523 4174 est
2549 4119 2769 4188 quidem
2797 4118 3408 4182 ordinandusclericus,

1843 4215 1910 4268 de
1938 4215 2050 4268 vita
2077 4215 2197 4283 ejus
2225 4213 2485 4282 inquirat,
2509 4220 2565 4264 et
2593 4225 2662 4263 an
2687 4225 2908 4264 uxorem
2931 4210 3146 4271 habeat,
3179 4225 3246 4261 an
3277 4223 3409 4272 non,

1841 4318 1896 4361 et
1925 4321 2160 4374 quonam
2199 4305 2360 4358 modo
2389 4303 2562 4366 duxit,
2604 4311 2659 4356 et
2690 4302 2990 4364 abstinuit,
3025 4309 3080 4354 ct
3114 4302 3157 4354 si
3187 4317 3294 4356 non
3326 4311 3411 4355 est

1843 4397 2040 4466 aliquis
2069 4413 2137 4450 ex
2169 4397 2234 4448 iis
2268 4395 2359 4463 qui
2388 4395 2545 4464 ejecti
2575 4401 2700 4446 sunt
2729 4411 2758 4447 a
2788 4393 3130 4446 sanctissimo
3153 4393 3412 4461 episeopo

1843 4487 1926 4540 vel
1951 4502 2018 4539 ex
2045 4485 2375 4539 monasterio
2404 4502 2415 4536 :
2444 4492 2571 4536 tunc
2598 4483 2641 4535 si
2673 4482 2978 4551 inculpatus
3007 4482 3258 4535 inventus
3287 4480 3405 4533 fue-

163 4574 256 4626 καὶ
308 4573 427 4625 τότε
477 4572 882 4641 χειροτονείτω,
924 4573 1241 4642 ἀδιάϐλητον
1273 4573 1582 4642 εὑρεθέντα.
1628 4574 1735 4641 Τη-

1845 4577 1934 4636 rit.
1959 4575 2194 4630 ordinet.
2237 4576 2312 4628 lta
2347 4575 2492 4628 enim
2529 4583 2584 4628 et
2615 4583 2858 4628 nostram
2892 4574 3277 4628 conscientiam
3302 4588 3407 4641 pu-

167 4667 409 4734 ρήσομεν
437 4666 544 4733 γὰρ
575 4664 714 4717 οὕτω
744 4666 834 4717 καὶ
860 4666 918 4716 τὸ
953 4665 1159 4716 ἑαυτῶν
1202 4664 1435 4726 συνειδὸς
1470 4664 1731 4732 καθαρὸν.

165 4756 260 4806 καὶ
304 4755 626 4822 ἀδιάϐλητον
671 4756 768 4822 τὴν
803 4755 951 4823 ἱερὰν
994 4755 1088 4807 καὶ
1123 4754 1322 4823 σεπτὴν
1373 4754 1730 4821 λειτουργίαν.

176 4845 304 4897 Ἐὰν
350 4843 405 4894 δὲ
441 4843 716 4914 χωρισμὸν
753 4844 1086 4913 ὑπομείνωσί
1130 4861 1272 4906 τινες
1322 4843 1732 4912 ὲπιτιμηθέντες

163 4935 521 5004 πταισμάτων
549 4937 726 4998 ἕνεκα,
757 4933 874 4987 εἶτα
907 4936 1141 5004 μέλλωσι
1175 4935 1429 5004 τελευέᾷν
1468 4934 1733 5004 κατηχού-

166 5043 320 5095 μενοι
346 5028 514 5089 ὄντες,
549 5027 1012 5095 βαπτιξέσθωσαν,
1043 5028 1136 5080 καὶ
1169 5028 1242 5096 μὴ
1283 5026 1732 5095 ἀποδημείτωσαν

162 5117 274 5170 τῶν
303 5118 654 5186 ἀνθρωπίνων
695 5121 950 5189 ἀμέτοχοι
978 5121 1074 5188 τῆς
1120 5121 1361 5186 χάριτος,
1395 5120 1556 5186 ἤγουν
1581 5121 1728 5170 ἀκοι-

163 5211 412 5279 νώνητοι.
446 5213 602 5261 Δοκεῖ
630 5213 736 5279 γὰρ
763 5211 1048 5280 προσέχειν
1076 5209 1171 5260 καὶ
1197 5208 1352 5260 τοῦτο
1370 5212 1480 5270 τοῖς
1505 5208 1738 5276 τῆςἙκ-

163 5302 395 5369 κ’..ησίας
433 5301 672 5369 θεσμοῖς.
714 5301 1052 5368 Προσείπατε
1101 5299 1194 5368 τὴν
1237 5301 1368 5367 παρ’
1410 5300 1536 5365 ὑμῖν
1583 5300 1735 5351 ἀδελ-

164 5397 374 5463 φότητα
398 5410 408 5422 ⁸
451 5395 590 5460 ὑμᾶς
621 5395 651 5461 ἡ
702 5394 796 5444 συν
829 5394 956 5460 ἡμῖν
1009 5395 1063 5442 ὲν
1097 5393 1285 5459 Κυρίῳ
1319 5389 1738 5459 προσαγορεύει.

237 5497 275 5547 ιι
298 5493 429 5546 ιΛΣ.
464 5493 534 5543 Τὸ
565 5489 916 5559 ἀκοινώνητοι
965 5485 1195 5539 ἐνταῦθα
1235 5488 1262 5539 ὁ
1298 5484 1448 5552 ᾶγιος
1482 5485 1540 5534 οὐ
1571 5483 1728 5547 μόνον

170 5588 296 5656 περὶ
326 5589 420 5652 τῆς
446 5586 606 5649 ἁγίας
642 5581 993 5652 μεταλήψεως
1048 5580 1216 5643 λέγει,
1254 5577 1314 5627 οὺ
1349 5576 1458 5643 γὰρ
1496 5573 1730 5639 ἀξιωθή-

168 5697 355 5732 σἰντειι
385 5678 491 5728 τῶν
531 5675 687 5727 θείων
724 5675 1035 5742 μυστηρίων
1067 5670 1170 5740 πρὸ
1197 5667 1290 5722 τοῦ
1320 5667 1730 5737 βαπτίσματος·

258 5776 268 5802 ³
299 5779 460 5834 JOsue
494 5797 580 5846 in,
619 5781 702 5840 l5.

1842 4681 1955 4721 ram
1990 4666 2458 4723 conservabimus.
2500 4675 2557 4718 et
2594 4665 2928 4732 inculpatum
2973 4678 3186 4717 sacrum
3215 4678 3277 4715 ac
3315 4677 3408 4715 ve-

1841 4757 2082 4812 nerabile
2106 4758 2442 4827 mysterium.
2467 4757 2557 4808 Sin
2577 4765 2758 4809 autem
2789 4754 3213 4824 segregationem
3239 4752 3405 4820 aliqui

1841 4849 2202 4903 sustinuerint
2232 4859 2454 4916 propter
2483 4850 2665 4917 lapsus
2693 4849 2891 4916 puniti,
2921 4847 3116 4901 deinde
3155 4847 3261 4899 sint
3287 4862 3405 4899 mo-

1843 4940 2000 4993 rituri
2030 4938 2351 4993 exsistentes
2375 4938 2773 5002 catechumcni,
2791 4938 3151 5007 baptizentur.
3172 4946 3226 4990 et
3254 4951 3318 4989 ne
3337 4937 3407 4988 ab

1842 5029 2098 5082 humanis
2132 5029 2403 5081 excedant
2451 5029 2643 5096 gratiae
2689 5044 2796 5080 non
2837 5027 3128 5096 participes
3153 5067 3166 5088 ,
3195 5025 3406 5078 scilicet

1836 5120 2220 5172 communione
2266 5127 2532 5172 carentes.
2584 5117 2806 5171 Videtur
2850 5117 2997 5169 enim
3037 5118 3138 5169 hoc
3186 5129 3407 5184 quoque

1836 5209 2090 5263 Ecclesia:
2118 5209 2500 5263 consuetudini
2541 5208 2837 5262 adlirerere.
2860 5207 3102 5262 Salutate
3133 5221 3250 5260 eam
3285 5221 3408 5275 quae

1836 5312 1918 5354 est
1947 5301 2090 5370 apud
2133 5305 2232 5354 vos
2261 5300 2658 5353 fraternitatem
2694 5316 2710 5364 ;
2737 5315 2855 5368 qua:
2877 5298 3160 5351 nobiscum
3186 5306 3269 5351 est
3313 5312 3406 5350 vos

1841 5391 1891 5442 in
1929 5390 2159 5443 Domino
2177 5373 2414 5442 ‘salutat.

1911 5477 2103 5531 BALS.
2134 5473 2519 5532 Communione
2553 5483 2739 5524 carere
2784 5474 3002 5520 sanctus
3050 5464 3135 5518 hic
3172 5481 3274 5518 non
3317 5480 3407 5519 so-

1837 5569 1946 5624 lum
1979 5567 2106 5621 dicit
2131 5568 2195 5620 de
2218 5573 2402 5618 sancta
2429 5559 2878 5632 participatione;
2908 5571 3079 5623 neque
3108 5558 3252 5608 enim
3279 5565 3403 5608 ante

1839 5661 2160 5732 baptismum
2192 5657 2382 5713 divinis
2407 5652 2675 5725 mysteriis
2704 5650 2849 5721 digni
2879 5647 3223 5703 habebuntur
3249 5664 3264 5702 :
3300 5649 3396 5702 sed
