4004 6442
544 300 652 366 923

1809 321 2089 386 TIIEUD.
2133 323 2224 381 BA
2234 321 2537 382 LSAMON

3712 341 3807 406 92l

543 415 709 469 etiam
748 413 839 471 de'
865 415 982 486 ipso
1021 417 1261 488 loquitur
1304 423 1598 494 baptismo.
1639 431 1945 502 Antequam
1987 437 2120 491 enim

2237 435 2372 488 ἀλλὰ
2413 436 2506 488 καὶ
2543 435 2673 506 περὶ
2694 438 2863 491 αὑτοῦ
2899 434 3034 511 φήσὶ
3069 459 3161 495 του
3184 443 3595 515 βαπτίσματος.
3665 450 3809 502 Ἐπεὶ

541 505 849 574 baptizatus
887 506 1071 575 luerit,
1112 527 1219 567 non
1272 528 1594 586 assequetur
1619 530 1678 576 ιιι
1701 539 1823 578 cttm
1880 526 2127 585 ﬁdelibus

537 596 842 664 consistat;
882 611 1001 667 qua:
1030 609 1085 655 et
1115 602 1228 672 ipsa
1259 609 1570 665 communio
1608 612 1659 666 in
1688 614 1918 672 diversis
1961 633 2127 674 cano-

545 683 700 773 nibus
719 686 864 741 dicta
890 696 994 744 est.
1028 691 1092 746 Et
1116 691 1237 749 ideo
1259 695 1360 752 hoc
1386 713 1604 769 quoque
1627 703 1858 773 adjecit:
1903 706 2127 764 Videtur

544 771 683 825 enim
717 773 821 829 hoc
869 777 1033 832 etiam
1084 779 1339 841 Ecclesiae
1393 789 1592 845 ritibus
1653 771 1953 852 adhaerere.
2011 798 2124 854 lloc

540 1044 668 1100 nino
692 1049 1092 1122 catechumeni,
1127 1057 1210 1113 vel
1238 1059 1273 1115 ii
1309 1062 1504 1131 quibus
1530 1080 1691 1136 pana
1720 1079 1804 1125 est
1847 1071 2122 1142 imposita.

2234 526 2341 596 πρὸ
2365 526 2460 578 τοῦ
2495 526 2868 598 βαπτισθῆναι
2921 532 3042 586 οὐδὲ
3099 534 3198 604 τῆς
3267 536 3412 605 μετά
3463 539 3575 590 τῶν
3617 541 3811 593 πιστῶν

2231 617 2552 679 συστάσεως
2581 616 2861 684 τεύξεται·
2920 622 3042 691 ἥτις
3096 625 3192 679 καὶ
3249 627 3394 699 αὐτὴ
3444 631 3701 683 κοινωνία
3758 634 3810 684 ὲν

2227 705 2510 774 διαφόροις
2536 707 2754 780 εἴρηται
2786 713 2998 766 κανόσι.
3066 714 3158 767 Διὸ
3207 719 3301 770 καὶ
3350 719 3433 785 τὸ,
3491 722 3655 774 Δοκεῖ
3709 724 3809 794 γὰρ

2225 801 2522 871 προσέχειν
2561 803 2839 858 καὶτοῦτο
2871 807 2984 870 τοῖς
3020 808 3120 878 τῆς
3185 811 3522 882 Ἔκκλησίας
3576 814 3809 885 θεσμοῖς,

2229 892 2552 962 προσέθετο.
2595 885 2703 950 Καὶ
2723 896 2882 950 τοῦτο
2926 900 3056 971 γὰρ,
3089 902 3246 971 φησὶ,
3292 903 3531 974 νόμιμον
3585 907 3679 959 καὶ
3727 908 3812 960 ἐκ.

2096 1012 2124 1026 -
2227 982 2613 1053 κλησιαστικόν
2643 988 2780 1054 ἐστι,
2817 989 2877 1043 τὸ
2908 991 2985 1062 μὴ
3018 992 3376 1047 συνίστασθαι
3435 998 3554 1058 τοῖς
3608 999 3812 1059 πιστοῖς

2225 1071 2286 1124 ὲν
2307 1075 2426 1135 ταῖς
2456 1074 2642 1143 εὐχαῖς
2681 1077 2856 1132 διόλου
2888 1081 3015 1145 τοὺς
3081 1086 3539 1154 κατηχουμένους
3613 1087 3646 1155 ἢ
3693 1087 3811 1148 τοὺς

2226 1163 2694 1236 ἑπιτιμωμένους.

551 1312 3102 1375 _____________________________

1015 1485 1248 1572 ΤΟΥ
1317 1484 1664 1581 ΑΓΙΟΥ
1701 1496 2331 1590 ΓΡΗΓΟΡΙΟΥ
2403 1507 2633 1592 ΤΟΥ
2709 1507 3324 1599 ΘΕΟΛΟΓΟΥ

1459 1659 1551 1712 ΕΚ
1582 1661 1719 1715 ΤΩΝ
1751 1662 2136 1720 ΕΜΜΕΤΡΩΝ
2165 1667 2402 1723 ΑΥΤΟΥ
2453 1671 2889 1742 ΠΟΙΗΜΛΤΩΝ,

604 1784 781 1841 ΠΕΡΙ
824 1790 954 1844 ΤΟΥ
1004 1791 1172 1850 ΤΙΝΑ
1237 1796 1392 1851 XPH
1419 1800 2120 1860 ΑΝΑΓΙΝΩΣΚΕΣΘΑΙᾹ

2229 1811 2362 1863 ΡΛῙΑ
2412 1814 2553 1867 ΤΗΣ
2591 1815 2898 1871 ΠΛΑΑΙΑΣ
2936 1818 3069 1871 ΚΑΙ
3116 1817 3320 1872 ΝΕΑΣ
3349 1818 3753 1873 ΔΙΑΘΗΚΗΣ.

1262 2089 1680 2183 SANCTI
1763 2096 2346 2192 GREGORII
2448 2105 3070 2199 THEOLOGI

1605 2265 1695 2319 EX
1731 2267 2056 2325 METRICIS
2085 2268 2250 2329 EJUS
2283 2272 2729 2330 POEMATlBUS

768 2399 1110 2475 QUINAM
1154 2401 1394 2465 LIBRI
1465 2408 1666 2471 SINT
1708 2412 2091 2474 LEGENDI
2134 2415 2496 2478 VETERIS
2556 2418 3112 2483 TESTAMENTI
3155 2423 3271 2484 ET
3337 2424 3566 2488 NOVI.

528 2658 624 2723 At,
660 2666 751 2712 tua
782 2673 849 2713 no
877 2658 1041 2715 libris
1084 2661 1310 2716 labatur
1347 2678 1504 2720 mens
1566 2666 1765 2723 alienis

533 2749 805 2821 (Namque
869 2752 1165 2823 ascriplitii
1236 2756 1399 2810 multi
1455 2757 1693 2830 falsique
1755 2765 2071 2833 vagantur),

533 2840 694 2898 llunc
729 2844 936 2900 habeas
962 2853 1171 2900 certum
1196 2863 1510 2913 numerum,
1546 2866 1576 2906 a
1594 2866 1702 2917 tne,
1724 2853 1896 2910 lector
1920 2858 2118 2912 amice.

530 2933 748 2990 Bisseni
772 2935 900 2991 libri
934 2935 1150 2994 Veteris
1181 2947 1310 2994 sunt
1345 2939 1595 2997 Fmderis
1637 2958 1832 3000 omnes

530 3024 826 3084 Historici.
883 3026 1117 3086 Genesis
1178 3032 1392 3100 primus
1473 3034 1635 3091 liber.
1701 3035 1920 3093 Exodus
1990 3039 2115 3094 inde

529 3120 833 3186 Leviticus,
866 3120 1120 3187 Numeri,
1163 3123 1482 3195 Legistunc
1511 3128 1648 3183 scita
1681 3127 1973 3186 Secundae.

530 3211 661 3268 Post
705 3213 891 3282 Jesus,
948 3215 1136 3282 Critae,
1201 3217 1373 3284 Ruth,
1431 3219 1644 3292 Regum
1704 3237 1971 3295 geSIaque
2008 3226 2120 3280 bini

532 3304 863 3361 Describunt
917 3309 1067 3364 libri.
1097 3309 1362 3381 Sequitur
1393 3312 1533 3370 liber
1592 3316 1706 3382 ille,
1766 3326 1996 3372 vocatur

530 3397 635 3465 Qui
667 3398 1153 3470 Paralipomenon.
1169 3403 1510 3461 Cunctorum
1531 3417 1617 3464 est
1638 3408 1868 3466 ultimus
1892 3410 1998 3466 Esd
2010 3425 2100 3464 ras

529 3489 786 3558 Quinque
802 3492 992 3544 metris
1009 3500 1286 3560 constant,
1302 3494 1426 3562 Job,
1450 3495 1642 3565 David,
1661 3506 1773 3552 tres
1787 3497 2120 3566 Salomonis,

535 3581 698 3650 179
720 3581 952 3649 Concio,
996 3593 1050 3637 et
1086 3584 1330 3655 insignes
1348 3587 1585 3650 Cantus,
1608 3589 1905 3646 Proverbia
1935 3608 2118 3647 sacra.

532 3674 791 3744 Quinque
851 3675 1254 3745 prophetarum
1292 3688 1425 3734 sunt
1474 3680 1602 3734 libri
1649 3696 1868 3748 rursus,
1923 3683 1977 3737 in
2007 3699 2119 3738 uno

532 3765 747 3821 Bisseni
778 3773 930 3821 vates
953 3778 1081 3822 sunt
1109 3769 1311 3838 juncti,
1347 3771 1573 3827 nomina
1610 3788 1870 3841 quorum,

533 3853 728 3920 Oseas,
764 3856 953 3920 Amos,
979 3856 1238 3912 Michaaas
1273 3860 1491 3927 tertius,
1535 3862 1665 3917 inde

529 3945 676 4011 Joel,
711 3962 774 4001 ac
804 3945 995 4014 Jonas,
1031 3949 1242 4007 Abdias
1277 3963 1491 4019 sextus,
1524 3963 1578 4008 at
1604 3956 1748 4009 hunc
1777 3963 1906 4024 post

531 4035 843 4108 Nanmque,
879 4038 1288 4112 llabbacucque
1321 4046 1731 4101 octavus.Tum
1750 4046 2118 4118 SOpIionacus,

517 4130 793 4202 .Aggaaus,
852 4139 978 4202 post
1043 4130 1367 4202 Zacharias,
1435 4146 1602 4207 atque
1655 4139 1878 4192 ultimus
1922 4138 2118 4191 horum

533 4222 854 4279 Malacbias.
896 4224 1065 4282 Liber
1097 4226 1198 4282 hos
1242 4243 1383 4282 unus
1427 4230 1818 4299 complectitur
1881 4245 2118 4294 omnes;

538 4313 766 4369 Esaiam
800 4326 886 4371 est
920 4317 1398 4382 alter,Jeremiam
1454 4322 1653 4378 tertius
1693 4332 1901 4376 autem.

535 4404 794 4463 Ezechiel
824 4421 1048 4477 quarto,
1086 4411 1274 4467 Daniel
1305 4425 1430 4482 post
1468 4415 1661 4470 ordine
1684 4417 1899 4486 quinto.
2142 4446 2182 4498 ρ

536 4542 673 4596 Ilinc
702 4545 867 4599 libros
900 4563 1184 4602 numerare
1205 4549 1310 4604 duo
1341 4551 1507 4606 datur
1543 4562 1698 4622 atque
1726 4553 1936 4623 viginti,

537 4680 645 4735 'l'ot
674 4696 872 4751 nempe
891 4681 1138 4740 Hebraeae
1190 4698 1322 4755 quot
1353 4699 1480 4742 sunt
1516 4690 1799 4745 elementa
1868 4693 2117 4761 loquelae.

539 4773 714 4842 Perge
747 4788 845 4843 age
874 4773 988 4842 jam
1015 4775 1168 4829 Pacti
1201 4779 1372 4831 libros
1404 4795 1697 4834 numerare
1732 4780 2014 4835 Recentis.

538 4865 829 4921 Matthaeus
857 4867 1065 4922 Christi
1098 4867 1344 4926 Hebraeis
1379 4873 1645 4926 miracula
1668 4875 1921 4942 scripsit,

541 4959 864 5014 Ausonibus
897 4958 1132 5025 Marcus,
1164 4961 1344 5017 Lucas
1369 4975 1423 5015 at
1463 4966 1660 5019 doctus
1694 4967 1943 5032 Achivis,

538 5052 766 5106 Cunctis
793 5051 1058 5118 Joannes,
1103 5065 1403 5122 penetrans
1448 5059 1702 5112 ccclestia
1738 5069 1938 5112 mente.

542 5143 752 5213 Inclyta
784 5146 1100 5213 apostolica:
1160 5147 1357 5202 classis
1409 5158 1520 5200 tum
1586 5160 1738 5219 gesta
1790 5161 2123 5220 sequuntur.

543 5231 684 5287 Hinc
719 5234 802 5286 bis
835 5247 1075 5302 septena:
1098 5235 1342 5301 Litterae,
1375 5254 1509 5307 quas
1558 5241 1781 5294 numine
1814 5240 2016 5297 Paulus

545 5325 815 5380 lﬁthereo
849 5327 1097 5394 scripsit.
1145 5331 1410 5398 Sequitur
1438 5341 1563 5400 post
1589 5349 1692 5385 una
1724 5332 1913 5388 Jacobi

547 5417 729 5484 Atque
756 5415 958 5486 duplex
985 5419 1155 5485 Petri,
1194 5431 1307 5477 tres
1347 5439 1564 5477 rursum
1601 5435 1828 5479 auctore
1863 5427 2021 5481 beato

549 5507 764 5564 Joanne
793 5528 806 5573 ;
840 5525 903 5564 ac
935 5509 1088 5565 Judze
1115 5523 1392 5582 postremo
1416 5528 1499 5572 est
1525 5519 1705 5571 unica.
1747 5518 2018 5573 Suntlncc

552 5598 746 5652 Omnia
769 5599 966 5655 divinae
990 5618 1247 5670 germana
1275 5606 1556 5661 volumina
1583 5609 1787 5661 charta:

553 5688 832 5762 Quidquid
857 5704 1122 5764 praetcrea
1156 5697 1426 5762 cSt,haud
1479 5700 1622 5756 inter
1659 5709 1807 5755 certa
1836 5700 2126 5757 locandum

2233 2673 2416 2742 Ὀιρρα
2458 2674 2514 2725 δὲ
2544 2675 2618 2744 μὴ
2650 2673 2856 2747 ξείνῃσι
2906 2676 3027 2730 νόον
3061 2675 3319 2739 κλέπτοιο
3351 2679 3605 2748 βίϐλοισι.

2232 2765 2458 2835 (Πολλαὶ
2487 2766 2596 2835 γὰρ
2641 2768 2924 2821 τελέθουσι
2977 2770 3414 2843 παρέγγραπτοι
3465 2773 3814 2847 κακότητες),

2231 2857 2475 2926 Λέχνυσο
2501 2857 2692 2912 τοῦτον
2717 2859 2871 2929 ὲμεῖο
2888 2860 2982 2912 τὸν
3008 2862 3290 2932 ἔγκριτον,
3314 2857 3359 2917 ὦ
3378 2865 3514 2933 φίλ’,
3546 2868 3804 2936 ἀριθμόν·

2239 2950 2538 3016 Ἰστορικαὶ
2569 2950 2666 3019 μὲν
2695 2950 2824 3003 ἔασι
2852 2951 3031 3020 βίϐλοι
3065 2953 3399 3008 δυοκαίδεκα
3433 2958 3608 3010 πᾶσαι

2292 3039 2402 3105 Τῆς
2429 3039 2801 3108 ἀρχαιοτέρης
2838 3039 3140 3110 Ἐϐραῖκῆς
3176 3042 3395 3112 σοφίης.

2231 3129 2547 3199 Πρωτίστη,
2575 3129 2824 3195 Γένεσις,
2861 3124 2960 3182 εἴτ’
2995 3130 3241 3196 Ἐξοδος,
3275 3133 3569 3186 Δενιτικόν
3591 3151 3674 3187 τε.

2309 3219 2511 3270 Ἐπειτ’
2556 3219 2610 3271 Ἀ
2625 3219 2827 3289 ρ.θμοί.
2863 3215 2996 3274 Εἶτα
3035 3221 3304 3293 Δεύτερος
3335 3223 3546 3292 Νόμος.

2298 3309 2511 3362 Ἐπειτ’
2574 3309 2806 3378 Ἰησοῦς,
2840 3311 2936 3364 καὶ
2967 3313 3188 3382 Κριταί.
3244 3313 3410 3366 Ῥοὺο
3454 3315 3642 3386 ὀγδόη.

2241 3403 2303 3457 Ἦ
2329 3403 2374 3456 δ’
2407 3402 2574 3472 ἐνάτη
2603 3403 2805 3474 δεκάτη
2840 3421 2897 3456 τε
2931 3405 3130 3474 βίϐλοι.
3166 3407 3408 3477 Πράξεις
3435 3408 3747 3478 βασιλήων,

2299 3497 2408 3549 Καὶ
2441 3495 2959 3565 Παραλειπόμεναι.
2997 3498 3273 3567 Ἔσχατον
3304 3500 3548 3568 Ἔσδραν
3583 3500 3748 3570 ἔχεις.

2365 3587 2430 3639 Δί
2460 3586 2515 3639 δὲ
2555 3588 2810 3654 στιχηραὶ
2842 3589 3029 3652 πέντε,
3065 3582 3143 3640 ὧν
3173 3588 3391 3658 πρῶτός
3433 3597 3481 3657 γ’
3531 3591 3676 3643 Ἰώδ·

2369 3680 2604 3732 Ἔπειτα
2643 3679 2813 3731 Λαυῖδ
2843 3717 2858 3732 .
2889 3676 3010 3732 εἷτα
3037 3682 3192 3750 τρεῖς
3220 3682 3593 3749 Σολομωντίαι
3621 3695 3636 3710 ’

2378 3769 2842 3841 Ἐκκλησιαστὴς,
2883 3772 3067 3841 Ἀσμα
3109 3776 3206 3825 καὶ
3237 3775 3568 3844 Παροιμίαι.

2367 3863 2478 3915 Καὶ
2514 3864 2672 3915 πένθ’
2696 3866 2904 3933 ὁμοίως
2935 3864 3264 3936 Πνεύματος
3300 3863 3674 3935 προφητικοῦ.

2369 3956 2516 4009 Μίαν
2555 3957 2655 4025 μέν
2695 3961 2837 4010 εἰσιν
2867 3960 2925 4021 ἐς
2952 3960 3176 4028 γραφὴν
3219 3960 3269 4011 οί
3303 3960 3535 4013 δώδεκα·

2381 4050 2541 4120 Ὠσηὲ
2575 4050 2628 4103 κ’
2673 4053 2726 4103 Ἀ
2742 4052 2880 4120 μὼς.
2935 4053 3031 4105 καὶ
3062 4051 3305 4122 Μιχαίας
3335 4056 3363 4105 ὁ
3395 4055 3602 4123 ’τρίτος⁸

2369 4143 2580 4196 Ἔπειτ⁹
2633 4144 2811 4213 Ἰωὴλ,
2849 4141 2948 4198 εἶτ’
2985 4145 3194 4206 Ἰωνᾶς,
3245 4143 3494 4207 ’Δὸδίας.

2363 4233 2563 4302 Ναούμ
2589 4251 2648 4286 τε
2697 4235 3021 4303 ’Λ66ακούμ
3051 4251 3134 4298 τε,
3175 4235 3268 4286 καὶ
3307 4235 3602 4303 Σοφονίας,

2374 4323 2650 4391 Ἀγγαῖος,
2680 4323 2801 4377 εἶτα
2831 4324 3131 4394 Ζαχαρίας,
3159 4323 3478 4392 Μαλαχίας.

2359 4417 2472 4469 Μία
2506 4417 2606 4486 μὲν
2631 4418 2759 4470 οἵδε.
2789 4418 3031 4484 Δευτὲρα
3059 4413 3102 4467 δ’
3139 4415 3392 4478 Ἡσαΐας.

2369 4509 2588 4562 Ἔπειθ’
2623 4514 2648 4563 ὁ
2679 4512 2900 4580 κληθεὶς
2941 4510 3217 4579 Ἱερεμίας
3253 4512 3318 4562 ἐκ
3348 4511 3608 4580 βρέφους.

2374 4601 2486 4656 Εἶτ’
2531 4603 2820 4673 Ἰεζεκιὴ).,
2855 4605 2948 4654 καὶ
2981 4601 3258 4672 Δανιήλου
3280 4604 3467 4672 χάρις.

2236 4696 2503 4766 Ἀρχαίας
2547 4695 2645 4764 μὲν
2678 4693 2850 4761 ἔθηκα
2878 4693 2989 4746 δύω
3014 4694 3110 4745 κει)⁵
3147 4693 3326 4744 εἴκοσι
3359 4693 3604 4761 βίϐλους,

2297 4789 2422 4846 Τοῖς
2454 4785 2562 4837 τῶν
2605 4783 2875 4853 Ἰἰὸραίων
2902 4786 3238 4855 γράμμασιν
3266 4786 3610 4847 ἀντιθέτους.

2302 4881 2438 4947 Ἤδη
2473 4877 2516 4929 δ’
2553 4877 2778 4945 ἁρίθμει
2813 4877 2910 4929 καὶ
2957 4879 3078 4930 νέου
3124 4880 3457 4948 μυστηρίου.

2224 4968 2505 5028 Ματθαῖος
2537 4966 2638 5034 μὲν
2669 4965 2913 5035 ἔγραψεν
2947 4967 3226 5038 Ἑϐραίοις
3259 4968 3519 5036 θαύματι
3557 4966 3811 5033 Χριστυῦ-

2295 5060 2523 5127 Μάρκος
2563 5058 2606 5110 δ’
2655 5057 2872 5129 Ἰταλίῃ,
2910 5063 3128 5122 Λουκᾶς
3165 5063 3405 5130 Ἀχαῖὰδι
3452 5081 3465 5092 ·

2227 5153 2366 5202 llis:
2395 5151 2440 5202 δ’
2485 5152 2766 5219 Ἰωάννης,
2807 5153 2984 5222 κήρυξ
3018 5156 3210 5223 μέγας,
3243 5155 3303 5204 οὐ
3337 5155 3684 5221 ρανοφοῗτςς.

2304 5244 2535 5296 Ἔπειτα
2564 5245 2796 5314 Πράξεις
2825 5245 2932 5298 τῶν
2969 5247 3150 5314 σοφῶν
3181 5246 3527 5321 ἀποστόλων.

2298 5335 2439 5385 Δέκα
2467 5335 2520 5386 δὲ
2556 5335 2768 5388 Παύλου
2797 5337 3060 5406 τέσσαρές
3093 5339 3141 5388 τ’
3195 5337 3530 5392 Ἐπιστολαί.

2383 5426 2555 5478 Ἑπτὰ
2586 5427 2639 5478 δὲ
2683 5428 2994 5489 καθολικαὶ,
3019 5423 3115 5491 ὧν,
3161 5428 3424 5480 Ἰακώϐου
3462 5431 3577 5498 μία,

2372 5515 2491 5566 Δύω
2521 5516 2575 5566 δὲ
2607 5517 2839 5585 Πέτρου,
2877 5520 3024 5583 τρεῖς
3051 5516 3095 5567 δ’
3146 5517 3397 5570 Ἰωάννου
3437 5522 3618 5573 πάλινο

2393 5609 2563 5660 Ἰούδα
2597 5610 2642 5660 δ’
2665 5609 2813 5659 ἐστὶν
2848 5608 3074 5677 ὲῦδόμη.
3112 5608 3300 5672 Πάσας
3332 5611 3499 5680 ἔχεις.

2378 5702 2441 5752 Εἰ
2467 5720 2517 5754 τι
2559 5703 2613 5754 δὲ
2645 5701 2854 5754 τούτων
2885 5702 3060 5765 ἐκτὸς,
3097 5702 3199 5755 οὐκ
3232 5703 3291 5757 ἐν
3323 5706 3597 5774 γνησίαις.
