4004 6452
173 326 286 394 σεε

959 330 1042 393 ΙΝ
1080 333 1142 394 S.
1181 329 1693 392 AMPHILOCHII
1733 330 2008 394 IAMBOS
2031 333 2130 393 AD
2167 331 2589 394 SELEUCUM.

3314 326 3421 392 926

248 449 441 505 ΒΛΛΣ.
483 450 601 504 Ἷνα
623 450 680 504 δὶ
729 448 805 520 μὴ
856 448 1166 520 ἀλλοτρίαις
1216 449 1309 502 τὸν
1378 449 1501 503 νοῦν
1565 448 1748 518 ἀπατᾷ
1775 455 1796 510 Α

1920 447 2115 503 BALS.
2147 446 2224 503 Ne
2258 457 2438 502 autem
2477 445 2668 503 alienis
2715 445 2867 502 libris
2902 449 3135 501 mentem
3165 446 3415 500 seducas.

179 539 405 607 βίϐλοις,
444 539 624 593 Πολλὰ
652 539 759 609 γάρ
784 540 891 591 είσι
923 537 1136 608 ψευδῶς
1165 539 1550 608 γεγραμμένα,
1592 538 1746 608 δέχου

176 628 369 683 τοῦτον
407 629 543 696 ἰμοῡ
573 629 664 682 τὸν
701 629 1186 698 δεδοκιμασμένον,
1224 622 1269 682 ὦ
1306 627 1451 696 φίλε,
1493 627 1746 698 ἀριθμόν.

188 717 460 788 Ἱστορίας
530 721 628 790 μὶν
707 721 1055 790 περιέχουσαι
1121 719 1294 789 βίϐλοι
1353 717 1561 772 δώδεκα
1617 718 1746 782 εἰσὶ,

173 809 274 876 τῆς
303 810 543 873 Παλαιᾶς
576 810 819 880 δηλονότι
846 809 1202 880 Γραφῆς,καὶ
1231 810 1288 861 at
1311 807 1480 878 βίϐλοι
1513 807 1621 860 τῶν
1647 807 1750 859 Ba-

175 897 419 962 σιλειῶν,
466 899 514 951 εί
546 898 807 968 τέσσαρες
858 899 1015 963 εἰσὶν,
1051 896 1167 952 ἀλλ’
1195 898 1277 959 είς
1314 897 1407 950 δύο
1453 895 1748 966 παραλαμ-

174 987 433 1042 ϐάνονται
481 991 577 1042 καὶ
637 988 1002 1059 ἀριθμοῦνται
1030 1004 1046 1022 ·
1091 990 1188 1042 καὶ
1225 989 1281 1041 al
1314 986 1522 1042 δώδεκα
1574 986 1748 1057 βίϐλοι

171 1078 287 1129 τῶν
336 1077 810 1148 ἁπηριθμημόνων
857 1077 1176 1150 προφητῶν,
1220 1077 1339 1148 μία,
1385 1077 1540 1148 φησὶ,
1601 1077 1748 1145 λογί-

173 1169 387 1231 ζονται.
415 1169 690 1241 Τέσσαρες
709 1170 767 1223 δὲ
801 1169 978 1223 αίτῶν
1002 1169 1178 1223 άλλων
1199 1170 1515 1240 προφητῶν,
1542 1169 1745 1240 ἑκάστη

177 1261 284 1330 μία
324 1260 674 1332 λογιζομένη.
706 1263 815 1330 Τῆς
852 1263 953 1333 μέν
977 1279 1059 1316 τοι
1087 1263 1322 1334 ἀρχαίας
1353 1263 1472 1334 ἦτοι
1495 1266 1599 1331 τῆς
1633 1265 1748 1317 ﬂat-

172 1349 337 1414 λαιᾶς
371 1350 594 1422 Γραφῆς
622 1352 828 1424 ἔγραψε
857 1352 1070 1422 βίϐλους
1096 1353 1180 1422 κβ¹
1205 1355 1317 1418 τοῖς
1345 1352 1458 1407 τῶν
1487 1352 1748 1423 Ἑϐραίων

171 1441 506 1512 γράμμασιν
541 1442 872 1507 ἀντιθιίτους,
931 1443 1101 1513 ἤγουν
1164 1443 1438 1506 ίσοθέτους
1494 1443 1590 1496 καὶ
1629 1444 1750 1497 ίσα-

177 1531 430 1603 ρίθμους.
462 1534 814 1604 Λαμϐἀνεται
871 1535 980 1605 γὰρ
1019 1536 1051 1603 ἡ
1078 1535 1217 1588 ἀντὶ
1254 1535 1512 1606 πρόθεσις
1544 1534 1636 1588 καὶ
1656 1533 1750 1586 ἐπὶ

172 1625 270 1676 τοῦ
298 1624 434 1680 ίσου.
471 1625 681 1697 ’Ὥσπερ
701 1626 928 1697 λέγομεν
952 1627 1264 1696 ἀντίτεχνον
1307 1627 1398 1678 τὸν
1433 1626 1748 1696 ὁμότεχνον.

171 1715 427 1786 Στοιχεῖα
455 1718 512 1771 δὲ
541 1719 688 1789 παρὰ
712 1720 821 1780 τοῖς
852 1716 1120 1786 Ἑϐραίοις
1167 1717 1250 1787 κβ¹
1280 1717 1527 1786 λέγονται
1586 1712 1746 1768 εἶναι.

1850 538 1999 593 Multi
2032 540 2175 594 enim
2205 548 2332 594 sunt
2359 537 2497 594 falso
2518 538 2756 608 inscripti
2784 555 2799 605 ;
2827 552 2977 605 cape,
3000 552 3033 592 ο
3062 538 3254 603 amice,
3278 538 3422 591 hunc

1851 643 2133 684 numerum
2168 643 2198 683 a
2231 644 2318 684 me
2353 629 2632 693 selectum,
2667 636 2761 683 seu
2802 630 3088 698 probatum
3119 636 3174 681 et
3221 628 3420 682 conllr-

1850 729 2073 774 marum.
2107 719 2244 774 Sunt
2277 719 2557 774 duodecim
2592 718 2806 788 quidem
2836 719 2979 784 libri,
3004 720 3101 812 qui
3163 721 3418 775 historias

1850 807 2150 872 continent,
2193 809 2426 877 antiqua
2465 807 2670 864 scilicet
2720 807 3033 878 Scriptum}
3066 819 3122 863 ct
3151 809 3271 863 libri
3314 809 3418 863 Re-

1849 913 1995 968 gum.
2030 900 2240 955 etiamsi
2273 901 2380 954 sint
2410 911 2661 968 quatuor,
2693 899 2744 954 in
2777 900 2911 954 duos
2937 910 3112 954 tamen
3134 898 3420 954 conferun-

1849 995 1938 1041 tur
1970 997 2025 1044 et
2051 999 2453 1056 enumerantur,
2478 1000 2530 1045 et
2554 991 2833 1046 duodecim
2865 989 2986 1046 libri
3024 991 3417 1061 prophetarum

1849 1079 1943 1150 qui
1963 1091 2375 1145 enumerantur,
2397 1096 2555 1147 unus,
2583 1081 2778 1150 inquit,
2807 1090 3143 1152 reputantur.
3173 1081 3414 1147 Quatuor

1850 1176 2029 1223 autem
2055 1169 2180 1225 libri
2210 1169 2439 1225 aliorum
2468 1171 2854 1239 prephetarum
2879 1170 3250 1238 unusquisque
3275 1185 3414 1224 unus

1848 1266 2147 1327 reputatur.
2198 1259 2364 1316 Porro
2390 1259 2594 1315 Veteris
2642 1263 2757 1316 sive
2814 1260 3032 1330 Antiqui
3083 1259 3418 1314 Testamenti

1847 1347 2065 1416 scripsit
2094 1347 2228 1402 duos
2260 1359 2313 1403 et
2347 1349 2530 1419 viginti
2585 1349 2771 1414 libros,
2804 1348 2892 1419 qui
2931 1348 3124 1404 litteris
3166 1347 3417 1417 Hebraeo-

1849 1451 1967 1491 rum
1992 1437 2341 1507 respondent,
2370 1439 2484 1492 sive
2504 1438 2882 1507 azquivalentes
2907 1450 2961 1494 et
2981 1455 3204 1493 numero
3230 1454 3414 1507 aequa:-

1847 1528 1929 1583 les
1955 1536 2099 1583 sunt.
2132 1529 2411 1598 Accipitur
2437 1529 2582 1584 enim
2613 1530 2920 1600 praepositio
2965 1530 3106 1593 ἀντῑ,
3131 1531 3291 1585 etiam
3320 1543 3416 1599 pro

1850 1619 2070 1690 .Equah'
2089 1635 2110 1684 ;
2139 1621 2587 1689 quemadmodum
2616 1621 2844 1676 dicimus
2885 1621 3195 1692 ἀντίτεχνον
3223 1620 3416 1692 όμότεο

1811 1768 1814 1770 γ
1849 1717 1998 1784 χνον,
2027 1713 2128 1766 hoc
2162 1719 2266 1776 est,
2297 1724 2418 1765 eum
2449 1711 2540 1780 qui
2571 1725 2651 1767 est
2677 1711 2918 1781 ejusdem
2951 1715 3101 1767 artis.
3135 1713 3411 1768 Elementa

185 1807 606 1879 Ἀπαριθμήσας
642 1809 741 1878 μέν
772 1826 857 1862 τοι
897 1809 988 1863 καὶ
1018 1809 1086 1862 τὰ
1115 1809 1213 1878 τῆς
1245 1806 1384 1871 Νέας
1422 1807 1642 1878 Γμφῆς
1672 1804 1756 1876 βιο
1782 1804 1796 1864 1

1857 1813 2033 1858 autem
2061 1801 2198 1872 apud
2227 1802 2480 1857 Hebraeos
2499 1817 2619 1856 esse
2647 1805 2892 1857 dicuntur
2916 1803 3101 1873 viginti
3127 1805 3252 1857 duo.
3279 1802 3411 1857 Cum

175 1895 305 1949 ϐλία
336 1900 362 1949 ὁ
391 1897 568 1965 ἆγιος,
608 1900 934 1970 ἐπήνεγκεν,
963 1901 1045 1953 ὅτι
1084 1900 1138 1954 εί
1155 1918 1206 1954 τι
1227 1899 1430 1953 τούτων
1455 1900 1565 1953 τῶν
1595 1902 1741 1968 ἀπη-

171 1987 544 2129 ρξὲμημένων
585 1990 690 2056 ἔξω
718 1994 897 2059 ἐστιν,
913 1993 972 2046 οὐ
999 1994 1221 2065 γνήσιον
1259 1993 1550 2063 λογίζεται,
1606 1996 1743 2050 ἀλλὰ

271 2093 353 2129 ον.

271 2093 353 2135 ον.

1848 1903 2026 1948 autem
2056 1893 2176 1948 novi
2207 1881 2420 1962 quoque
2461 1891 2792 1948 Testamenti
2838 1892 3001 1947 libros
3043 1901 3412 1946 enumerasset

1855 1996 2096 2049 sanctus,
2151 1985 2428 2054 subjunxit
2458 2000 2471 2036 :
2505 1984 2656 2051 Quod
2705 1983 2900 2055 siquis
2940 1994 3042 2048 est,
3088 1991 3278 2052 praeter
3323 1996 3416 2036 eos

1848 2077 1938 2146 qui
1965 2084 2088 2132 sunt
2109 2076 2436 2141 enumerati,
2478 2090 2583 2130 non
2619 2075 2958 2130 existimetur
2990 2088 3299 2144 germanus,
3321 2072 3414 2128 sed

1853 2165 2208 2222 adulterinus.

1087 2511 1318 2597 ΤΟΥ
1395 2509 1734 2598 ΑΓΙΟΥ
1797 2507 2519 2602 ΑΜΦΙΛΟΧΙΟΥ

1589 2697 1987 2753 ΕΠΙΣΚΟΠΟΥ

600 2859 702 2913 ΕΚ
740 2858 1102 2928 ΤΩΝ,ΙΙΡΟΣ
1141 2861 1531 2917 ΣΕΛΕΥΚΟΝ
1553 2859 1838 2917 ΙΑΜΒΩΝ
1871 2864 2058 2917 ΠΕΡΙ
2116 2864 2252 2917 ΤΗΣ
2279 2863 2511 2916 ΑΥΤΗΣ
2553 2854 2994 2913 ΥΙΙΟΘΕΣΕΩΣ.

1748 3014 1784 3036 υ

1151 3142 1557 3232 SANCTI
1649 3087 2447 3230 AMPHILOCHII

1644 3316 1953 3372 EPISCUPI

696 3451 813 3511 EX
852 3451 1158 3514 IAMBIS
1199 3451 1313 3513 AD
1359 3451 1810 3514 SELEUCUM
1847 3451 1960 3510 DE
2009 3451 2314 3514 EODEM
2348 3448 2899 3513 ARGUMENTO.

249 3733 398 3804 Πλὴν
425 3732 542 3788 ἀλλ’
577 3732 748 3786 ἐκεῖνο
781 3730 1114 3804 προσμαθεῖν
1143 3729 1384 3802 μάλιστά
1419 3746 1501 3783 cos

169 3826 465 3895 Προσῆκον
485 3841 500 3856 ο
528 3825 628 3895 οὐχ
665 3823 852 3878 ἅπασα
886 3822 1065 3894 βίϐλος
1100 3822 1368 3893 ἀσφαλὴς,

181 3917 256 3970 Ἦ
284 3917 482 3987 σεμνδν
507 3917 679 3986 ὄνομα
708 3916 805 3985 τῆς
837 3916 1062 3986 Γραφῆς
1094 3914 1434 3986 κεκτημένη.

169 4008 337 4063 Εἰσὶν
366 4007 496 4078 γὰρ,
531 4007 668 4060 είσὶν
697 4007 809 4060 ἔσθ’
839 4007 926 4060 ὅτε
956 4005 1293 4076 ψευδώνυμοι

168 4099 366 4154 Βίϐλοι
392 4114 406 4128 ο
433 4097 578 4160 τινὲς
605 4097 704 4167 μὲν
734 4096 987 4166 ἐμμεσοι,
1017 4095 1107 4148 καὶ
1137 4094 1400 4163 γείτονες,

179 4192 280 4255 Ὠς
314 4192 381 4245 άν
413 4207 496 4252 τις
529 4189 696 4252 εἴποι,
727 4188 837 4240 τῶν
867 4187 1125 4258 ἀληθείας
1147 4188 1324 4256 λόγων
1351 4204 1365 4218 ·

167 4284 242 4337 Δί
275 4283 320 4334 δ’
350 4280 418 4335 αὖ
452 4280 594 4334 νόθοι
629 4297 688 4333 τε
724 4282 817 4333 καὶ
847 4280 965 4333 λίαν
997 4279 1340 4346 ἐπισφαλεῖς,

185 4371 282 4434 Ὠς
310 4372 616 4440 παράσημα
642 4371 737 4423 καὶ
761 4369 892 4422 νόθα
923 4369 1259 4438 νομίσματα,

175 4466 255 4517 ’Δ
285 4461 551 4531 βασιλέως
583 4461 680 4531 μὶν
709 4461 807 4530 τὴν
841 4460 1158 4530 ἐπιγραφὴν
1189 4460 1366 4531 φέρει,

170 4551 426 4618 Κίϐδηλα
458 4549 504 4603 δ’
541 4552 679 4615 lori,
709 4552 824 4612 ταῖς
865 4549 1018 4612 ὕλαις
1047 4549 1367 4619 δολούμενα.

171 4646 403 4700 Τούτων
434 4643 595 4714 χάριν
627 4659 710 4695 σοι
748 4642 854 4695 τῶν
889 4642 1268 4695 θεοπνεύστων
1295 4641 1404 4711 ἐρῶ

171 4735 389 4790 Βεϐλων
423 4733 658 4802 ἑκάστην
679 4747 693 4761 ⁸
727 4731 804 4794 ὡς
839 4731 882 4785 δ’
915 4732 981 4786 ἂν
1009 4731 1277 4802 εὖκρινῶς
1309 4730 1508 4804 μάθῃς,

171 4829 288 4888 Τὰς
319 4827 419 4895 τῆς
446 4825 686 4888 Παλαιᾶς
717 4825 907 4894 πρῶτα
941 4823 1217 4894 Διαθήκης
1245 4823 1375 4892 ἐρῶ.

263 4919 326 4970 'll
362 4918 728 4986 Πεντὰτευχος
758 4915 855 4986 τὴν
889 4916 1103 4982 Κτίσιν,
1131 4911 1233 4967 εἶτ’
1269 4914 1504 4980 Ἔξοδον,

172 5009 468 5066 Λευῖτικδν
504 5009 560 5061 δὲ
591 5009 688 5076 τὴν
724 5009 892 5076 μέσην
929 5007 1041 5076 ἔχει
1074 5006 1272 5077 βίϐλον,

174 5105 318 5157 Μεθ’
358 5103 424 5171 ἣν
465 5100 777 5169 Ἀριθμοὺς,
813 5096 931 5152 εἶτα
959 5099 1396 5167 Δευτερονόμιον.

172 5194 405 5256 Τούτοις
451 5193 656 5258 Ἰησουν
686 5191 988 5258 προστίθει,
1030 5193 1127 5244 καὶ
1152 5191 1277 5253 τοὺς
1311 5193 1536 5261 Κριτάς.

175 5286 416 5337 Ἔπειτα
455 5285 554 5352 τὴν
596 5282 777 5348 Ῥοὺθ,
805 5281 1104 5334 Βασιλειῶν
1133 5298 1191 5334 τε
1222 5282 1494 5351 τέσσαρας

171 5377 430 5439 Βίϐλους,
462 5375 954 5446 Παραλειπομένων
994 5373 1050 5426 δέ
1079 5390 1141 5435 γε
1168 5373 1437 5442 ξυνωρίδα
1461 5387 1474 5402 °

175 5467 416 5537 Ἔσδρας
456 5469 542 5518 ἐπ’
570 5467 760 5529 αὐταῖς
788 5465 1022 5536 πρῶτος,
1060 5460 1158 5517 εἷθ’
1193 5465 1220 5515 ὁ
1246 5463 1516 5534 δεύτερος,

187 5559 353 5626 Ἐξῆς
386 5559 646 5627 στιχηρὰς
685 5560 846 5612 πέντε
883 5574 968 5611 σοι
994 5557 1206 5627 βίϐλους
1243 5555 1354 5624 ἐρῶ
1384 5573 1396 5586 ·

171 5653 508 5720 Ere-guno;
542 5653 723 5717 ἄθλοις
758 5651 1014 5706 ποικίλων
1040 5651 1228 5706 παθῶν
1267 5648 1408 5716 Ἰὼϐ,

1777 3742 1820 3801 c
1921 3734 2022 3788 Ast
2057 3732 2184 3789 illud
2215 3734 2379 3789 etiam
2412 3735 2663 3788 convenit
2693 3744 2745 3789 te
2771 3734 2982 3790 discere
3013 3751 3028 3788 :

1853 3820 1969 3877 Non
1997 3832 2146 3878 tutus
2173 3824 2353 3879 omnis
2387 3834 2470 3880 est
2502 3825 2656 3890 liber,
2681 3827 2823 3881 sacri
2857 3825 3004 3880 Libri

1852 3915 1910 3969 In
1937 3914 2110 3970 fronte
2137 3931 2332 3970 nomen
2359 3917 2608 3986 quisquis
2645 3927 2935 3987 augustum
2973 3919 3126 3989 gerit.

1856 4003 1995 4059 Sunt
2023 4020 2275 4075 namque,
2299 4005 2496 4060 falsum
2526 4009 2619 4077 qui
2654 4019 2847 4078 gerant
2877 4025 3094 4077 nomen,
3133 4012 3270 4070 libri.

1855 4093 1995 4149 Sunt
2022 4095 2212 4160 medii,
2242 4097 2308 4152 ab
2339 4097 2445 4152 illis
2477 4099 2653 4152 dissiti
2680 4099 2822 4152 haud
2850 4115 2978 4154 sane
3007 4103 3212 4169 procul,

1853 4185 2001 4251 Quos
2024 4201 2146 4242 esse
2169 4202 2326 4243 veros
2358 4187 2544 4242 nullus
2573 4196 2656 4242 est
2686 4189 2778 4257 qui
2810 4189 3069 4256 deneget,

1853 4277 1931 4331 Ac
1961 4292 2154 4333 rursus
2187 4277 2279 4331 alii
2317 4288 2447 4333 sunt
2473 4279 2625 4333 nothi
2660 4288 2821 4351 atque
2843 4281 3013 4347 noxii,

1855 4367 2201 4422 Adulterinos
2233 4383 2457 4423 cernere
2480 4377 2562 4425 est
2589 4384 2845 4426 nummos
2871 4373 3034 4440 velut,

1855 4456 2264 4528 lnscriptionem
2289 4462 2494 4531 regiam
2532 4463 2626 4533 qui
2657 4477 2782 4517 cum
2819 4475 3030 4532 gerant,

1854 4548 2015 4604 Nothi
2047 4560 2226 4606 tamen
2259 4563 2406 4616 sunt,
2438 4567 2564 4618 aere,
2593 4569 2699 4608 non
2734 4569 2868 4610 auro
2891 4557 3042 4613 editi.

1855 4641 1974 4710 Ipse
2000 4658 2129 4713 ergo
2155 4647 2298 4699 sacri
2324 4645 2540 4700 Codicis
2573 4647 2802 4716 pandam
2836 4648 2933 4702 tibi

1856 4733 2057 4790 Omnes
2083 4736 2328 4804 libellos;
2362 4753 2576 4808 quoque
2607 4754 2800 4797 noscas
2829 4743 3064 4810 planius,

1856 4828 2096 4883 Primum
2132 4827 2337 4884 Velusti
2370 4827 2612 4886 Foederis
2641 4831 2818 4886 dicam
2850 4834 3039 4891 libros.

1931 4919 1986 4972 In
2019 4919 2379 4975 Pentateucho
2413 4919 2663 4976 Genesim
2695 4924 2884 4987 habes,
2907 4935 2960 4979 et
2982 4923 3243 4995 Exodum,

1857 5010 2283 5081 chiticumque,
2314 5012 2442 5066 sede
2465 5012 2557 5080 qui
2593 5014 2766 5068 media
2797 5023 2881 5069 est
2910 5017 3066 5080 situs,

1787 5116 1830 5171 ι)
1858 5095 2164 5168 Numeros;
2202 5103 2441 5157 secunda
2473 5100 2588 5155 Ler
2605 5102 2778 5155 locum
2812 5104 3041 5158 alterum
3084 5105 3308 5162 obtinet.

1863 5193 2022 5261 180
2047 5191 2140 5248 His
2172 5192 2545 5257 adde'lcsum;
2578 5208 2703 5247 mox
2733 5205 3038 5263 sequuntur
3068 5193 3306 5262 Judices,

1857 5281 2003 5335 Ruth
2037 5283 2256 5348 deinde,
2295 5281 2502 5350 Regum
2543 5291 2777 5349 quatuor
2806 5284 2926 5337 libri
2963 5285 3121 5338 simul
3157 5303 3172 5341 :

1856 5373 2319 5442 Paralipomenwn
2365 5371 2538 5440 adjice
2565 5371 2652 5425 bis
2683 5372 2848 5428 libros
2885 5373 3020 5428 duos
3053 5391 3066 5426 :

1856 5468 1924 5520 At
1953 5469 2203 5538 geminus
2233 5467 2418 5522 Esdraz
2446 5466 2694 5533 sequitur
2727 5469 2824 5522 hos
2851 5468 3033 5522 statim
3066 5469 3219 5526 liber.

1860 5557 1994 5612 Tum
2031 5559 2270 5629 quinque
2299 5575 2458 5615 versu
2493 5560 2745 5615 conditos
2785 5560 2951 5615 libros
2985 5561 3170 5628 hahcs,

1859 5650 1963 5706 Job
1996 5652 2080 5707 cui
2111 5651 2374 5721 palmstrze
2401 5651 2647 5723 plurimae
2675 5651 2896 5722 cingunt
2923 5662 3106 5722 caput,
