4004 6444
553 319 661 383 '93!

1855 305 2136 371 ΤΗΕΟῙ).
2189 305 2599 370 BALSAMON

3695 304 3799 368 93!

565 420 861 487 σύνδεσμον
896 416 1106 475 ἀδικίας
1146 412 1194 467 οἱ
1230 408 1481 476 τοιοῦτοι,
1539 408 1680 463 κατὰ
1716 407 1811 480 τήν
1839 409 2116 478 ἀπόφασιν
2170 410 2264 463 τοῦ
2307 411 2463 478 ἁγίου
2515 409 2747 477 Πέτρου,
2783 406 3090 479 ὑπάρχουσι
3151 405 3552 476 συλληφθέντες
3587 406 3683 458 ὑπ),
3709 409 3798 474 τῆς

562 509 778 571 ἑαυτῶν
809 505 1197 575 φιλαργυρίας.

636 599 790 653 Unde
817 606 866 650 ct
899 605 1209 650 sanctorum
1240 602 1292 648 et
1329 592 1614 647 beatorum
1656 591 1875 646 Patrum
1926 601 2126 644 sancta:
2151 601 2197 654 Α

563 706 769 760 magna;
807 689 997 758 synodi
1034 686 1384 742 meumenica:
1418 683 1757 739 Chalcedone
1790 688 2126 748 congregata:

565 783 685 834 huic
715 778 817 847 legi
859 777 1151 830 Deminicae
1171 775 1430 828 convenit
1456 787 1653 837 canon,
1677 771 1766 841 qui
1803 771 1884 825 sic
1912 785 1941 823 a
1965 769 2126 823 nobis

559 879 742 939 aperte
767 869 954 924 iisdem
983 867 1164 921 verbis
1193 865 1374 920 editus
1395 874 1477 917 est
1511 879 1526 916 :

638 1067 659 1102 ι
693 1051 750 1106 Si
775 1051 891 1119 quis
916 1050 1204 1119 episcopus
1223 1048 1465 1118 pecuniis
1491 1046 1887 1102 ordinationem
1913 1043 2125 1110 fecerit,

560 1143 648 1196 vel
676 1159 781 1196 nou
817 1144 1059 1196 venalem
1105 1141 1330 1210 gratiam
1369 1140 1434 1194 ad
1483 1139 1844 1193 venditionem
1893 1137 2131 1191 deduxe-

557 1233 649 1296 rit,
681 1241 728 1286 et
760 1233 1001 1301 pecuniis
1027 1231 1364 1286 ordinaverit
1391 1230 1730 1298 episcopum,
1766 1225 1849 1280 vel
1877 1225 2129 1293 chorepi-

558 1336 807 1390 Scoputtt,
833 1323 914 1375 vel
941 1323 1332 1391 presbyterum,
1352 1321 1436 1373 vel
1459 1318 1770 1382 diaconum,
1789 1316 1866 1369 vel
1891 1316 2128 1383 aliquem

556 1425 746 1466 eorum
792 1414 883 1479 qui
938 1414 990 1466 in
1048 1413 1192 1465 clero
1224 1417 1705 1473 connumerantur,
1747 1407 1830 1460 vel
1880 1403 2126 1473 pecuniis

565 1500 823 1571 provehat
855 1508 1213 1555 teconomum,
1245 1491 1325 1544 vel
1359 1487 1719 1550 defensorem,
1753 1483 1837 1536 vel
1872 1497 2122 1550 paramu-

568 1590 801 1653 narium,
829 1585 910 1640 vel
943 1583 1158 1639 omnino
1178 1581 1408 1650 aliquem
1432 1592 1498 1631 ex
1527 1576 1693 1638 clero,
1727 1582 1945 1642 propter
1968 1587 2124 1625 suum

571 1691 725 1747 turpe
760 1679 966 1729 lucrum
1014 1693 1026 1728 :
1072 1673 1162 1741 qui
1210 1673 1310 1724 hoc
1353 1681 1636 1736 aggressus
1683 1679 1805 1718 esse
1853 1663 2129 1717 convictus

570 1769 751 1833 fuerit,
785 1768 847 1819 de
881 1763 1097 1834 proprio
1121 1761 1285 1831 gradu
1314 1759 1494 1812 veniat
1524 1756 1576 1808 in
1602 1753 1932 1822 periculum;
1960 1762 2014 1806 et
2037 1754 2128 1822 qui

2288 593 2451 648 Ὅθεν
2481 595 2576 648 καὶ⁵
2605 596 2714 648 τῶν
2745 594 2928 658 ὁσίων,
2968 591 3059 647 καὶ
3091 596 3383 666 μακαρίων
3410 597 3674 667 Πατέρων
3701 599 3797 650 τῶν

2223 677 2321 748 τῆς
2348 683 2510 751 ἁγίας
2537 683 2631 736 καὶ
2662 684 2905 754 μεγάλης
2937 685 3324 754 οίκουμενικῆς
3370 686 3470 756 τῆς
3502 688 3560 738 ἐν
3593 687 3802 756 Χαλκη-

2224 771 2333 824 δόνι
2365 774 2725 844 συναχθείσης
2745 815 2759 840 ,
2783 773 2866 844 τῷ
2892 774 3209 844 Δεσποτικῷ
3239 775 3414 844 τούτῳ
3455 777 3610 847 νόμῳ
3647 779 3802 848 συνᾲ-

2224 865 2303 914 δει
2332 864 2360 917 ὁ
2403 865 2533 935 περὶ
2554 864 2746 916 τούτου
2782 865 2983 929 κανὼν,
3016 865 3075 926 ὃς
3103 868 3238 936 ήμῖν
3267 867 3457 934 σαφῶς
3491 869 3696 920 οὑτωσὶ
3727 869 3805 920 διέ-

2228 952 2370 1019 ξεσιν
2399 956 2589 1019 αὑταῖς
2628 955 3035 1022 ἐκπεφώνηται·

2302 1061 2321 1095 ι
2360 1045 2428 1097 El!
2453 1062 2534 1108 τις
2567 1047 2862 1108 ἐπίσκοπος
2893 1047 2986 1098 ἐπὶ
3010 1046 3260 1115 χρήμασι
3289 1047 3631 1116 χειροτονίαν
3663 1055 3806 1120 ποιήο

2230 1150 2407 1197 σαιτο,
2436 1136 2530 1186 καὶ
2550 1136 2628 1197 είς
2652 1137 2854 1205 πρὰσιν
2889 1139 3195 1203 καταγάγοι
3224 1137 3325 1204 τὴν
3353 1135 3607 1206 ἄπρατον
3634 1140 3805 1210 χάριν,

2229 1223 2320 1277 καὶ
2351 1226 2728 1294 χειροτονῆσαι
2772 1226 2868 1277 ἐπὶ
2914 1226 3192 1295 χρήμασιν
3227 1226 3560 1291 ἐπίσκοπον,
3605 1228 3639 1298 ἢ
3679 1249 3809 1301 χωρ-

2226 1313 2546 1379 επίσκοπον,
2573 1315 2604 1384 ἢ
2633 1315 3026 1386 πρεσϐύτερον,
3061 1317 3093 1386 ἢ
3120 1316 3385 1380 διάκονον,
3419 1318 3453 1388 ἢ
3487 1318 3682 1389 ἕτερόν
3701 1337 3809 1374 τινα

2228 1403 2334 1456 τῶν
2363 1405 2418 1458 ἐν
2447 1405 2524 1474 τῷ
2555 1405 2742 1476 κλήρῳ
2774 1406 3326 1476 καταριθμουμένων,
3375 1408 3409 1478 ἢ
3458 1409 3808 1478 προδάλλοιτο

2228 1493 2320 1544 ἐπὶ
2353 1494 2626 1562 χρήμασιν
2664 1495 2972 1562 οἰκονόμον,
2996 1495 3028 1565 ἢ
3053 1495 3287 1558 ἔκδικον,
3310 1497 3345 1567 ἢ
3371 1500 3807 1567 παραμονὰριον,

2229 1583 2263 1654 ἢ
2299 1583 2472 1648 ἄλλως
2500 1585 2625 1638 τινὰ
2646 1585 2740 1638 τοῦ
2767 1586 2995 1656 κλήρου,
3027 1587 3093 1639 δι’
3115 1588 3573 1660 αίσχροκέρδειαν
3592 1591 3810 1654 οἰκείαν,

2229 1677 2257 1726 ὁ
2279 1675 2454 1744 τούτῳ
2483 1676 2838 1746 ἐπιχειρήσας
2866 1677 3141 1746 ἐλεγχθεὶς
3163 1678 3532 1731 κινδυνευέτω
3565 1679 3702 1750 περὶ
3731 1681 3812 1731 τὸν

2230 1766 2429 1818 οίκεῖον
2457 1765 2691 1834 βαθμόνο¹
2727 1767 2819 1818 καὶ
2851 1767 2878 1818 ὁ
2902 1767 3405 1837 χειροτονούμενος,
3435 1769 3608 1838 μηδὲν
3634 1771 3698 1821 ἐκ
3723 1771 3811 1838 τῆς

572 1860 848 1914 ordinatur
876 1893 889 1915 ,
927 1853 1058 1905 nihil
1096 1866 1159 1903 ex
1193 1847 1564 1908 ordinatione,
1619 1843 1701 1896 vel
1755 1843 2128 1910 promotione,

2237 1855 2350 1904 κατ’
2377 1855 2646 1922 ἐμπορίαν
2669 1853 2986 1920 ὡφελείσθω
3019 1853 3360 1924 χειροτονίας
3381 1892 3396 1917 ,
3445 1854 3477 1922 ἢ
3521 1855 3808 1925 προϐολῆς*

580 1964 694 2017 quze
735 1947 791 2000 ﬁt
817 1947 986 1997 instar
1016 1949 1351 2003 mercaturae,
1373 1938 1610 2006 juvetur,
1647 1933 1738 1986 sed
1768 1933 1836 1985 sit
1865 1933 2071 1986 alienus
2099 1948 2128 1986 a

571 2037 860 2106 dignitate,
901 2032 981 2086 vel
1024 2030 1340 2090 curatione,
1367 2040 1524 2094 quam
1553 2023 1798 2092 pecuniis
1852 2033 2132 2077 assecutus

570 2138 670 2180 est.
700 2126 752 2178 Si
791 2125 909 2191 quis
960 2132 1138 2174 autem
1171 2119 1256 2171 his
1294 2115 1542 2183 turpibus
1585 2128 1646 2166 ac
1695 2111 1918 2165 nefariis
1969 2110 2132 2164 lueris

571 2223 848 2283 sequester
884 2213 1272 2264 intercessorve
1298 2207 1631 2274 apparuerit,
1661 2204 1706 2255 is
1742 2215 1953 2270 quoque
1984 2201 2027 2253 si
2063 2201 2133 2253 sit

573 2306 800 2359 clericus
825 2345 839 2370 ,
886 2318 912 2355 ο
946 2303 1120 2372 primo
1148 2299 1312 2369 gradu
1347 2295 1558 2350 excidat
1593 2311 1607 2347 :
1641 2294 1684 2348 si
1723 2303 1899 2348 autem
1928 2292 2130 2355 laicus,

573 2396 656 2452 vel
691 2394 1004 2455 monachus,
1034 2385 1540 2443 anathematizetur.
1579 2401 1597 2433 ι

658 2493 816 2562 182
835 2490 1029 2544 BALS.
1047 2487 1422 2545 Pulcherrima
1460 2497 1515 2541 ct
1533 2485 1687 2539 valde
1717 2484 1806 2554 pia
1827 2492 1952 2538 Sunt
1981 2484 2147 2552 huius

576 2586 800 2639 canonis
825 2595 1136 2638 sanctorum
1161 2583 1381 2636 Patrum
1405 2585 1693 2648 prmcepta,
1713 2577 1805 2647 qui
1825 2591 2040 2629 omnem
2062 2575 2149 2627 in-

575 2675 853 2730 vasionem
871 2676 1191 2735 satanicam,
1217 2671 1661 2736 diabolicumqne
1675 2677 1950 2728 conatum,
1971 2668 2062 2735 qui
2088 2669 2142 2723 in

573 2769 776 2821 donum
793 2768 1078 2837 spirituale
1099 2764 1420 2828 intenditur,
1437 2761 1715 2832 repellitet
1732 2759 2150 2813 rescindit.an-

574 2855 626 2909 lo
643 2856 968 2911 enimmodo
986 2856 1097 2908 vult
1113 2851 1474 2909 ordinationis
1491 2850 1885 2920 promotionem
1906 2848 2152 2914 pecuniis

573 2952 664 2995 aut
697 2942 836 3009 ﬁeri,
869 2950 960 2994 aut
1023 2942 1246 3009 suscipi,
1274 2957 1372 2995 nec
1402 2942 1468 2995 ab
1497 2956 1562 2995 eo
1592 2943 1681 3010 qui
1720 2941 1862 2994 illam
1892 2950 2133 3008 exercet,

575 3041 674 3081 nec
705 3029 772 3082 ab
819 3043 884 3082 eo
921 3029 1008 3095 qui
1047 3028 1404 3083 ordinationis
1448 3029 1842 3094 promotionem
1883 3028 2080 3097 accipit
2117 3045 2132 3083 :

577 3116 668 3169 sed
705 3131 800 3170 nec
835 3126 957 3170 ante
1006 3129 1211 3184 tempus
1258 3117 1611 3170 Ol'dlllaliOIIiS
1633 3154 1646 3178 ,
1697 3130 1795 3168 nec
1828 3125 1984 3183 post,
2019 3117 2133 3168 dari

2230 1945 2343 2000 ἁλλ’
2377 1944 2517 1998 ἔστω
2548 1946 2827 2014 ἀλλότριος
2853 1945 2953 2014 τῆς
2983 1944 3140 2009 ἀξίας
3162 1944 3232 2014 ,ἦ
3262 1943 3358 1996 τοῦ
3387 1949 3807 2014 φροντίσματος,

2231 2032 2401 2106 οὗπερ
2430 2037 2520 2088 ἐπὶ
2545 2039 2822 2107 χρήμασιν
2845 2036 3055 2105 ἔτυχεν.
3087 2037 3146 2087 Εί
3178 2035 3235 2087 δέ
3272 2052 3360 2098 τις
3386 2037 3484 2088 καὶ
3516 2036 3813 2104 μεσιτεύων

2232 2131 2377 2196 φανῇ
2410 2130 2521 2188 τοῖς
2552 2130 2795 2198 αἰσχροῖς
2826 2127 3069 2192 τούτοις,
3094 2128 3187 2178 καὶ
3211 2125 3500 2193 ἀθεμίτοις
3531 2125 3810 2194 λήμμασι,

2234 2218 2327 2268 καὶ
2355 2211 2507 2278 οὗτος
2530 2219 2577 2266 εἰ
2603 2217 2699 2285 μέν
2727 2216 2989 2284 κληρικὸς
3014 2215 3120 2284 εἴη,
3148 2212 3241 2266 τοῦ
3268 2215 3475 2265 οἰκείου
3509 2215 3815 2265 ἐκπιπτέτω

2237 2303 2470 2373 βαθμοῦ·
2505 2303 2631 2357 εἰδὲ
2654 2303 2923 2372 λσῖκὸς,ἢ
2953 2301 3222 2372 μοναζων,
3253 2300 3761 2369 ἁναθεματιζέσθω.
3792 2319 3808 2347 ι

2321 2478 2517 2534 ΒΑΛΣ.
2543 2478 2825 2533 Κάλλιστα
2846 2481 2939 2532 καὶ
2967 2479 3088 2533 λίαν
3108 2479 3307 2548 εὐσεϐῆ
3357 2479 3454 2532 τοῦ
3475 2482 3696 2543 κανόνος
3721 2484 3817 2533 τῶι.

2241 2571 2410 2639 ἁγίων
2433 2571 2687 2640 Πατέρων
2702 2571 2936 2641 ὑπάρχει
2955 2574 3018 2627 τὰ
3037 2572 3505 2640 παραγγέλματα,
3530 2576 3708 2626 πᾶσαν
3725 2577 3817 2639 ἒς·-

2241 2661 2358 2713 οδον
2401 2659 2718 2730 σατανικὴν,
2751 2661 2844 2712 καὶ
2875 2661 2983 2714 πᾶν
3024 2660 3332 2729 ἐγχείρημα
3364 2661 3649 2714 δαδολικδν
3684 2668 3817 2715 κατὰ

2242 2753 2339 2819 τῆς
2379 2751 2756 2818 πνευματικῆς
2779 2752 3080 2820 φερόμενον
3111 2751 3341 2821 δωρεᾶς,
3369 2754 3737 2823 ἀπωθούμενὰ
3766 2774 3818 2807 τε

2242 2843 2338 2893 καὶ
2363 2842 2758 2894 ἀνακύπτοντα.
2781 2842 2855 2894 Οὐ
2877 2840 3124 2910 βούλεται
3158 2846 3266 2915 γὰρ
3305 2845 3561 2911 οὐδαμῶς
3588 2847 3672 2900 διὰ
3691 2866 3817 2914 χρη·

2242 2941 2425 3010 μάτων
2475 2945 2718 3010 γίνεσθαι
2763 2948 2859 3015 τῆς
2903 2950 3241 3017 χειροτονίας
3284 2951 3385 3020 τὴν
3439 2952 3726 3021 προϐολήν,
3786 2954 3815 3022 ἢ

2238 3030 2614 3100 ὑποδέχεσθαι,
2637 3034 2757 3086 οὕτε
2783 3036 2930 3106 παρὰ
2954 3036 3042 3088 τοῦ
3066 3037 3272 3105 ταύτην
3293 3041 3668 3107 ἐνεργοῦντος,
3694 3043 3816 3093 σεῖε

2239 3122 2388 3188 παρὰ
2428 3122 2520 3173 τοῦ
2563 3125 2660 3192 τῆς
2708 3128 3039 3194 χειροτονίας
3086 3127 3180 3197 τὴν
3240 3129 3514 3198 προϐολὴν
3560 3131 3809 3198 ὑποδεχο-

583 3207 834 3274 pecunias
860 3207 1103 3260 concedit
1135 3224 1148 3260 :
1181 3207 1416 3260 omnium
1447 3206 1585 3258 enim
1616 3206 1666 3257 in
1707 3206 1804 3257 hac
1832 3219 2045 3273 quoque
2079 3220 2128 3259 re

2242 3209 2426 3277 μένου,
2464 3212 2578 3263 ἀλλ’
2608 3192 2736 3265 οὑδέ
2771 3192 2875 3284 πρὸ
2906 3216 3099 3286 καιροῦ
3137 3192 3233 3286 τῆς
3277 3192 3648 3288 χειροτονίας,
3690 3192 3813 3271 οῦδὲ

574 3309 690 3346 esse
719 3300 919 3358 sordes,
947 3311 1331 3362 n‘tuncrumque
1372 3295 1764 3359 corruptionem
1799 3296 2126 3361 pronuntiat.

2241 3300 2373 3365 μετὰ
2403 3300 2490 3352 τὸν
2531 3304 2719 3373 καιρὸν
2745 3305 2845 3372 τῆς
2869 3308 3227 3374 χειροτονίας,
3255 3307 3375 3360 οὐδὲ
3405 3310 3550 3362 κατὰ
3576 3310 3664 3362 τὸν
3693 3327 3811 3362 και·-

573 3384 666 3449 ρὸν
699 3385 969 3452 αὐτὸντῆς
999 3386 1349 3454 χειροτονίας,
1380 3383 1517 3451 ὑπὲρ
1548 3383 1642 3451 τῆς
1672 3383 2006 3451 χειροτονίας
2034 3381 2265 3437 δίδοσθαι
2285 3391 2540 3457 χρήματα
2572 3398 2863 3462 συγχωρεῖ·
2895 3396 3126 3448 καθόλου
3158 3398 3265 3468 γὰρ
3298 3398 3396 3469 τήν
3420 3401 3514 3452 ἐπὶ
3539 3399 3617 3470 τῷ
3637 3400 3808 3469 apir-

575 3489 706 3540 ματι
732 3473 903 3541 τούτῳ
931 3472 1250 3541 δωροδοκίαν
1275 3472 1567 3537 ἀπέφηνεν.

645 3558 906 3620 Quoniam
940 3566 1113 3608 tamen
1151 3557 1218 3608 iis
1243 3556 1314 3607 ita
1343 3565 1523 3622 aperte
1554 3553 1836 3620 prohibitis
1860 3591 1876 3619 ,
1909 3553 2125 3623 quidam

573 3657 696 3698 sunt
728 3648 779 3698 in
803 3647 1108 3699 Galatarum
1132 3645 1366 3698 Ecclesia
1385 3644 1700 3713 deprehensi
1729 3653 1946 3713 propter
1975 3656 2126 3712 turpe

574 3733 779 3786 lucrum
818 3743 870 3786 et
898 3734 1177 3786 avaritiam
1213 3733 1326 3786 huic
1357 3733 1609 3786 salutaria
1644 3743 1699 3786 et
1729 3736 1962 3788 humana
1989 3751 2129 3803 pra:-

573 3834 723 3889 cepta
759 3827 1024 3893 negligere
1052 3833 1102 3878 et
1135 3824 1428 3893 transgredi
1463 3837 1556 3876 :ea
1586 3826 1930 3894 quoqueipsa
1966 3809 2121 3881 nobis

573 3929 832 3967 renovare
865 3916 1032 3967 visum
1073 3924 1153 3968 est
1186 3930 1307 3968 cum
1339 3916 1439 3970 hac
1459 3927 1641 3970 sancta
1669 3918 1892 3984 synodo,
1926 3932 2042 3985 quae
2068 3918 2116 3968 in

572 4004 675 4058 hac
705 4014 960 4070 regnante
989 4019 1121 4057 nova
1155 4004 1344 4067 Roma.
1387 4021 1525 4060 nunc
1560 4006 1669 4072 agit
1700 4023 1711 4057 :
1748 4017 1803 4058 ut
1833 4009 1952 4063 sine
1982 4009 2125 4059 onmi

573 4094 785 4159 penitus
844 4092 1147 4145 inventione
1172 4129 1187 4152 ,
1223 4102 1278 4144 et
1327 4093 1470 4146 omni
1503 4101 1761 4160 praetextu
1783 4135 1796 4158 ,
1827 4095 2127 4162 callidoque

573 4191 878 4234 commento
903 4221 917 4245 ,
949 4180 1167 4248 impiam
1203 4182 1341 4234 hanc
1370 4191 1420 4234 et
1473 4183 1742 4245 odiosam,
1774 4199 1889 4251 qum
1944 4187 2124 4238 nescio

574 4273 839 4338 quomodo
863 4271 912 4322 in
943 4270 1309 4323 sanctissimas
1333 4270 1597 4325 Ecclesias
1623 4273 1804 4334 subiit,
1843 4285 2131 4327 consuetu-

573 4363 747 4416 dinem
773 4363 989 4414 omnino
1019 4361 1436 4426 exscindamus;
1463 4371 1520 4414 ut
1547 4378 1665 4416 cum
1693 4380 1822 4431 pura
1847 4375 1900 4417 et
1929 4368 2126 4433 absque

573 4453 674 4504 ulla
705 4453 1095 4519 cauponatioue
1124 4467 1316 4504 eorum
1344 4454 1431 4520 qui
1476 4454 1810 4518 ordinantur,
1852 4457 2125 4508 renuntia-

2309 3562 2493 3632 Ὅμως
2528 3567 2718 3638 ἐπειδὴ
2744 3567 2860 3630 νῦν,
2893 3567 3068 3620 καίτοι
3110 3570 3395 3639 προδήλως
3421 3571 3634 3626 τούτων
3667 3573 3806 3628 οὕτω

2237 3653 2647 3723 κεκωλυμένων,
2675 3657 3037 3727 ἐφωράθησὰν
3067 3677 3210 3721 τινες
3239 3661 3382 3712 κατὰ
3420 3662 3532 3714 τῶν
3554 3664 3805 3716 Γαλατῶν

2233 3743 2642 3812 ὀλιγωροῦντες,
2670 3748 2762 3800 καὶ
2787 3749 3216 3818 παραϐαίνοντες
3246 3751 3310 3802 δι’
3332 3753 3804 3823 αίσχροκέρδειαν,

2234 3835 2326 3885 καὶ
2348 3835 2727 3907 φιλαργυρίαν·
2751 3839 2818 3891 τὰ
2840 3841 3081 3909 σωτήρια
3108 3841 3301 3905 ταῦτα,
3330 3844 3426 3895 καὶ
3448 3845 3808 3913 φιλάνθρωπα

2240 3926 2666 3994 παραγγέλματα
2685 3969 2697 3992 ,
2733 3925 2790 3979 εὖ
2818 3927 2958 3997 ἔχειν
2986 3930 3132 3993 εδοξε
3156 3932 3247 3982 καὶ
3281 3934 3412 4000 ἡμῖν
3445 3935 3622 3988 ταῦτα
3656 3937 3808 3987 πάλιν

2237 4013 2646 4068 ἀνανεώσασθαι
2671 4019 2808 4085 μετὰ
2830 4019 2924 4086 τῆς
2951 4019 3108 4085 ἁγίας
3149 4022 3388 4084 συνόδου,
3421 4027 3524 4092 τῆς
3549 4027 3671 4093 ἐνδη
3685 4026 3809 4093 μού-

2237 4117 2334 4168 σης
2357 4107 2411 4155 ἐν
2439 4105 2610 4175 ταύτῃ
2632 4109 2697 4174 τῇ
2727 4107 3085 4180 βασιλευούσῃ
3132 4109 3228 4178 νέᾳ
3267 4110 3454 4182 Ῥώμῃ
3481 4153 3495 4176 ,
3527 4115 3669 4167 ὥστε
3695 4118 3810 4184 δίχα

2236 4191 2416 4259 πάσης
2438 4195 2679 4256 ἐπινοίας
2698 4235 2711 4257 ,
2744 4197 2837 4248 καὶ
2863 4198 3041 4266 πάσης
3077 4200 3435 4268 προφάσεως,
3471 4207 3567 4256 καὶ
3618 4207 3811 4267 παντὸς

2237 4283 2525 4350 σοφισμοῦ,
2564 4284 2660 4354 τὴν
2688 4285 2948 4357 βδελυρὰν
2980 4289 3208 4358 ταύτην,
3245 4291 3338 4342 καὶ
3370 4293 3550 4363 ἁσεὸἦ
3583 4296 3683 4347 οὐκ
3715 4295 3810 4347 οἶδ’

2236 4371 2378 4433 ὅπως
2405 4375 2823 4428 ἐπεισελθοῦσαν
2848 4379 3136 4447 συνήθειαν
3165 4383 3282 4441 ταῖς
3315 4383 3658 4448 ἁγιωτάταις
3697 4388 3812 4438 Ἐκ·

2237 4461 2483 4528 κλησίαις
2517 4465 2793 4528 παντελῶς
2839 4468 3112 4535 ἐκτεμεῖν
3164 4471 3250 4521 ίνα
3303 4472 3525 4540 ἀληθῶς
3594 4479 3811 4543 ἀκαπηο

575 4543 647 4595 tio
675 4543 740 4595 ab
765 4543 1089 4595 antistitibus
1115 4542 1246 4594 facta
1277 4544 1454 4606 fuerit,
1493 4545 1658 4610 gratia
1697 4544 1926 4612 Spiritus
1953 4547 2122 4600 sancti

2237 4549 2420 4601 λεύτου
2445 4589 2459 4613 ,
2504 4552 2600 4602 καὶ
2631 4553 2873 4622 καθαρᾶς
2905 4557 3056 4626 παρὰ
3097 4559 3204 4611 τῶν
3241 4561 3548 4632 ἀρχιερέων
3579 4567 3679 4634 τῆς
3724 4542 3815 4617 ἐπὶ

573 4647 802 4700 superne
852 4634 1048 4684 veniat.
1105 4632 1308 4696 Quibus
1349 4635 1533 4687 nescio
1582 4649 1646 4686 an
1697 4651 1792 4703 per
1839 4639 2117 4704 pecuniam

573 4722 959 4788 promotionem
1005 4721 1346 4784 facientibus,
1378 4732 1431 4776 et
1481 4738 1640 4778 manu
1694 4742 1795 4776 non
1829 4741 1958 4792 pure
1995 4742 2122 4793 ope-

576 4822 746 4874 rante,
787 4813 850 4863 ad
895 4827 1015 4865 cum
1046 4814 1135 4880 qui
1172 4824 1520 4881 promovetur
1555 4815 1782 4878 accedit,
1825 4817 2117 4869 secundum

577 4916 756 4953 vocem
793 4901 1097 4970 Evangelii,
1153 4913 1207 4955 et
1254 4919 1357 4956 non
1412 4905 1587 4972 potius
1628 4906 1917 4958 retrahitur
1951 4909 2120 4974 gratia

572 4991 736 5043 sancti
770 4989 1022 5058 Spiritus.

642 5169 791 5222 Scias
823 5186 966 5238 ergo,
1004 5186 1036 5225 ο
1067 5169 1148 5224 vir
1182 5171 1584 5237 religiosissime
1612 5181 1666 5223 et
1694 5171 1835 5223 omni
1870 5187 1932 5224 ex
1960 5182 2114 5239 parte

572 5263 922 5324 sanctissime,
954 5265 1094 5330 quod
1127 5269 1432 5330 quicunque
1465 5265 1618 5331 hujus
1650 5266 1924 5317 convictus
1956 5263 2110 5319 fuerit

573 5354 864 5419 episcopus,
891 5354 970 5406 vel
995 5355 1425 5423 cliorepiscopus,
1457 5355 1540 5406 vel
1573 5357 1761 5418 viator,
1784 5355 1863 5407 vel
1898 5356 2116 5426 presby-

572 5452 670 5505 ter,
710 5443 785 5494 vcl
825 5444 1103 5507 diaconus,
1133 5444 1211 5496 vel
1241 5445 1415 5512 quivis
1439 5447 1572 5498 alius
1604 5460 1668 5497 ex
1693 5459 1915 5506 canone,
1943 5445 2022 5498 vei
2051 5461 2114 5499 ex

572 5533 753 5591 laicis,
802 5536 1068 5586 communi
1111 5535 1406 5587 antistitum
1469 5535 1702 5596 decreto,
1745 5536 2116 5603 communique

576 5623 828 5676 sententia
883 5626 1270 5678 condemnatus
1323 5635 1434 5684 est,
1471 5625 1610 5677 sicut
1655 5627 1719 5679 de
1754 5627 1853 5678 hoc
1904 5640 2114 5693 quoque

579 5719 884 5763 sanctormn
905 5711 1130 5766 Patrum
1152 5715 1458 5775 prrcccdcns
1480 5727 1646 5766 canon
1674 5711 1922 5779 loquitur.
1949 5710 2111 5778 Opor-

2235 4638 2342 4689 τῶν
2364 4643 2844 4709 χειροτονουμένων
2874 4646 3230 4716 ἀναρρήσεως
3256 4653 3573 4723 γινομένης,
3614 4655 3814 4707 ἄνωθεν

2237 4725 2269 4794 ὴ
2297 4725 2387 4778 τοῦ
2413 4728 2725 4797 Πνεύματος
2755 4734 2912 4801 χάρις
2941 4738 3214 4806 ἐπιφοιτᾷ·
3247 4732 3323 4790 ὧν
3353 4740 3450 4792 νῦν
3483 4759 3546 4808 γε
3578 4747 3679 4796 οὐκ
3705 4743 3814 4796 οἶδα

2235 4815 2319 4867 διὰ
2357 4818 2650 4886 χρημάτων
2677 4821 2774 4889 τὴν
2807 4823 3077 4894 προϐολὴν
3107 4829 3472 4896 ποιουμένων,
3508 4834 3604 4885 καὶ
3636 4836 3693 4885 ού
3725 4835 3812 4902 τῆς

2234 4907 2411 4992 χειρὸς
2446 4909 2700 4978 καθαρῶς
2738 4912 3069 4982 ἐνεργούσης
3091 4956 3104 4977 ,
3138 4917 3394 4988 ἐπιφοιτᾷ
3419 4921 3500 4990 τῷ
3532 4941 3810 4992 προχειρι·

2234 4991 2442 5063 ζομένῳ
2483 4997 2621 5047 κατὰ
2650 4995 2746 5064 τὴν
2781 4999 2961 5068 φωνὴν
2993 5000 3087 5052 τοῦ
3126 5003 3485 5072 κηρύγματος
3510 5047 3524 5071 ,
3562 4991 3656 5060 καὶ
3695 5012 3808 5079 οὐχὶ

2235 5084 2580 5137 συστέλλεται
2615 5087 2812 5154 μᾶλλον
2849 5091 2879 5156 ἡ
2928 5091 3021 5142 τοῦ
3066 5093 3218 5158 ἁγίου
3272 5097 3598 5164 Πνεύματος
3631 5103 3806 5168 χάρις.

2305 5174 2440 5225 "tam
2471 5176 2667 5240 τοίνυν,
2704 5178 2767 5228 τὰ
2807 5180 2982 5233 πάντα
3031 5181 3454 5249 θεοσεϐέστατε,
3500 5191 3678 5242 πάντα
3723 5193 3806 5243 τὸν

2231 5263 2503 5315 ὁντιναοῦν
2535 5265 2822 5334 ἁλίσκομεν
2853 5269 2942 5319 ἐπὶ
2996 5270 3072 5338 τῷ
3099 5274 3322 5342 τοιούτῳ
3348 5277 3454 5328 τινὶ
3488 5279 3804 5342 ἐπίσκοπον,

2232 5349 2263 5416 ἢ
2303 5353 2734 5419 χωρετείσκοπσν,
2771 5355 2800 5422 ἦ
2837 5358 3211 5428 περιοδευτὴν,
3257 5360 3287 5428 ἢ
3343 5357 3739 5433 πρεσϐύτερον,
3777 5366 3804 5433 ἢ

2231 5439 2488 5502 διάκονον,
2522 5443 2552 5510 ἢ
2584 5443 2738 5495 ἄλλον
2760 5445 2879 5497 τινὰ
2905 5445 3103 5514 δήποτε
3133 5449 3223 5500 τοῦ
3261 5452 3507 5515 κανόνος,
3537 5454 3569 5523 ἢ
3599 5455 3802 5514 λαῖκὸν,

2231 5529 2389 5598 κοινῷ
2435 5532 2662 5601 δόγματι
2697 5533 2806 5587 τῶν
2841 5536 3143 5605 ἀρχιερέων
3180 5543 3656 5610 κατακεκρίσθαι,
3716 5545 3800 5594 xz!

2228 5624 2377 5690 κοινῇ
2411 5623 2575 5692 ψήφῳ
2602 5665 2613 5683 ,
2655 5625 2835 5686 καθὼς
2881 5628 3004 5694 περὶ
3045 5629 3233 5681 τούτου
3285 5632 3380 5682 καὶ
3407 5636 3434 5684 ὁ
3482 5634 3589 5684 τῶν
3637 5636 3799 5696 ἁγίων

2233 5711 2490 5778 Πατέρων
2515 5713 2691 5767 κανὼν
2726 5715 2932 5777 φθάσας
2957 5715 3213 5770 διαλαλεῖ.
3251 5721 3338 5770 Δεῖ
3391 5720 3496 5775 γὰο
3545 5718 3681 5772 εἶναι
3715 5719 3796 5779 χὰ-
