4004 6450
204 279 312 344 933

1136 295 1217 358 IN
1256 299 1496 366 EPIST.
1535 307 1592 367 S.
1643 311 1926 373 BASlLll
1961 315 2061 375 AD
2101 314 2524 378 NICOPOLIT.

3336 326 3447 392 934

205 419 298 476 ριν
336 406 435 476 τὴν
468 409 648 480 χάριν,
689 415 782 469 καὶ
824 418 1075 489 μηδαμοῦ
1116 424 1426 488 μεσιτεύειν
1472 432 1602 499 παρ’
1649 433 1732 483 αὐτ

209 497 471 518 ληίην
529 502 592 518 ..ς
807 505 821 518 ,
1026 509 1099 518 .-
1266 515 1275 518 Α

1882 446 1953 491 tet
1986 444 2126 495 enim
2162 447 2390 512 gratiam
2418 461 2626 514 semper
2656 462 2776 504 esse
2804 449 3050 518 gratiam,
3079 457 3132 504 et
3164 461 3443 517 argentum

204 497 495 568 ἀργύριον.
529 502 710 556 Ἔστω
738 505 919 559 τοίνυν
952 509 1048 562 καὶ
1075 509 1222 566 εστιν
1253 497 1654 586 ἀποκήρυκτος,
1687 497 1782 574 καί

203 587 387 659 πάσης
418 589 694 664 ἱερατικῆς
718 594 873 660 ἀξίας
901 615 982 662 τε,
1006 601 1100 653 καὶ
1119 601 1458 674 λειτουργίας
1480 606 1777 679 ἀλλότριος,

204 680 300 740 καὶ
346 683 414 751 τῇ
449 683 666 755 κατάρᾳ.
701 687 796 740 τοῦ
841 689 1182 760 anesum;
1214 695 1574 767 ὑποκείμενος
1599 741 1614 765 ,
1650 702 1677 753 ὅ
1719 719 1777 755 τε

199 765 409 836 ταύτην
442 773 671 825 κτᾶσθαι
709 774 795 828 διὰ
829 779 1126 848 χρημάτων
1156 765 1431 851 οἰόμενος,
1465 788 1556 839 καὶ
1586 790 1613 840 ὁ
1643 789 1776 842 ταύ-

197 871 303 924 την
325 859 585 929 παρέχειν
607 863 698 915 ἐπὶ
728 868 1005 936 χρήμασιν
1030 870 1479 942 ὑπισχνούμενος,
1507 878 1614 930 εἴτε
1645 880 1779 948 κλη-

199 946 376 1012 ρικὸς,
403 949 511 1000 είτε
546 950 730 1014 λαῖκδς
759 954 874 1025 εἴη,
903 957 1006 1010 κᾶν
1039 958 1330 1029 ὲλὲγχοιτο,
1368 963 1468 1017 κᾶν
1509 966 1583 1036 μὴ
1616 946 1777 1035 ελεγ--

196 1051 354 1104 χοιτο
399 1043 589 1104 ποιεῖν,
649 1043 730 1096 ὅτι
776 1045 897 1098 οὐδὲ
931 1041 1040 1102 οἷόν
1074 1065 1132 1101 τε
1183 1052 1618 1125 συμϐιϐασθῆναί
1650 1075 1777 1111 ποτε

194 1123 268 1176 τὰ
298 1123 564 1194 σύμϐολα,
595 1132 715 1186 οὐδὲ
763 1134 881 1204 Θεῷ
919 1140 1283 1210 συμφωνῆσαι
1313 1142 1407 1196 τὸν
1444 1123 1774 1216 μανμμωνᾶν,

190 1211 231 1284 ἦ
265 1216 392 1277 τοὺς
416 1217 589 1290 τούτῳ
616 1221 963 1290 δουλεύοντας
994 1229 1275 1285 δουλεῦσαι
1299 1232 1437 1304 Θεῷ.
1473 1237 1776 1309 Δεσποτικὴ

191 1303 293 1355 καὶ
329 1303 464 1376 αὕτη
497 1310 640 1362 ἐστὶν
667 1311 938 1380 ἀπόφασις
969 1317 1363 1387 ἀναμφίὸολος’
1396 1326 1480 1378 Οὐ
1509 1303 1774 1382 δύνασθε

192 1392 321 1457 Θεῷ
352 1393 685 1466 δουλεύειν,
716 1404 814 1455 καὶ
843 1407 1158 1477 μαμμωνᾷ.

268 1482 492 1549 Τούτοις
532 1490 954 1563 ὲπιθαρῤοὺντες
1000 1499 1160 1568 ἡμεῖς
1199 1501 1341 1556 κατὰ
1377 1504 1624 1576 δύναμιν,
1679 1510 1772 1563 καὶ

187 1571 403 1637 τούτοις
432 1576 752 1647 ύπήκοντες,
794 1587 933 1653 μετὰ
958 1587 1052 1640 τοῦ
1095 1590 1268 1644 ταῦτα
1298 1595 1588 1664 φήσαντος,
1629 1600 1770 1653 κατὰ

184 1661 298 1713 τῶν
317 1663 490 1716 ταῦτα
508 1673 967 1740 παρανομούντων
985 1679 1083 1749 τήν
1100 1681 1375 1750 ἀπόφασιν
1403 1689 1763 1757 πεποιήμεθα.

186 1749 539 1820 Φροντισάτω
567 1756 620 1809 δὲ
651 1762 746 1812 καὶ
776 1764 806 1831 ή
846 1763 912 1834 σὴ
942 1765 1159 1838 ὁσιότης
1191 1749 1280 1824 διὰ
1317 1773 1498 1844 πάσης
1537 1749 1765 1847 περιφυο
1799 1768 1839 1821 Β

184 1837 363 1909 λακῆς
393 1846 712 1916 ποιουμένη,
761 1849 896 1920 δῆλα
924 1837 1260 1928 καταστῆσαι
1298 1861 1386 1915 διὰ
1415 1837 1765 1936 ἀντιγραιέων

184 1928 284 1982 καὶ
317 1934 430 1995 τοῖς
470 1933 574 1986 ὑπὸ
607 1937 665 1989 σὲ
685 1938 1121 2010 θεοφιλεστάτοις
1159 1951 1510 2019 ἐπισκόποις,
1545 1928 1637 2009 παὶ
1659 1928 1764 2011 *πε-

185 2018 520 2089 ριοδευταϊς,
553 2026 648 2078 καὶ
680 2033 792 2094 τοῖς
821 2031 1004 2098 ἄλλοις
1028 2037 1251 2091 ἂπασιν·
1286 2041 1373 2095 ἵνα
1405 2045 1462 2096 ὲν
1489 2018 1570 2098 ἐνὶ
1601 2049 1762 2101 πνεύ-

181 2123 318 2175 ματι
339 2147 355 2172 ,
387 2111 481 2166 καὶ
531 2117 629 2184 μιᾷ
661 2117 806 2190 ψυχῇ
840 2123 1043 2188 πάντες
1071 2127 1205 2195 ὁμοῦ
1245 2131 1564 2203 Χριστιανοὶ
1619 2154 1758 2208 συμ-

179 2196 520 2268 φραξάμενοι
559 2205 699 2260 κατὰ
743 2210 836 2262 τοῦ
884 2215 1066 2268 κοινοῦ
1097 2217 1397 2287 δυσμενοῦς
1447 2224 1756 2295 ἰσχύσωμεν

178 2287 280 2339 σὺν
322 2287 476 2358 Θεῷ,
509 2294 608 2362 τὴν
647 2297 738 2350 ὑπ’
769 2301 978 2356 ἐκείνου
1013 2307 1371 2374 φυτευθεῖσαν
1410 2314 1466 2366 ὲν
1501 2287 1629 2383 ήμϊν
1655 2287 1754 2387 τῆς

176 2374 543 2448 φιλαργυρίας
597 2384 774 2454 ῥίζαν,
828 2391 944 2461 ἅμα
987 2396 1152 2449 πᾶσιν
1197 2399 1384 2464 αὐτοῖς
1411 2374 1752 2458 τῶνηκακιῖίν

171 2467 288 2527 τοῖς
327 2465 700 2540 βλαστήμασιν
733 2476 1003 2549 ἐκτεμεῖν.
1054 2486 1242 2541 Ηᾶσαν
1283 2489 1383 2561 τὴν
1418 2493 1515 2545 σὺν
1564 2494 1644 2547 σοὶ
1693 2496 1750 2549 ἐν

169 2552 397 2623 Χριστῷ
435 2557 769 2634 ἀδελφότητα
817 2575 1229 2643 προσαγορεύω.
1298 2552 1635 2650 ’ἐρρωμένος
1685 2584 1742 2636 ὲν

166 2643 365 2739 Κυρίιρ
395 2645 698 2720 ὑπερεύχου
725 2656 900 2725 ήμῶν,
935 2659 1318 2730 θεοφιλέστατε
1347 2643 1565 2739 αδελξρέ.

245 2732 437 2830 Τούτῳ
465 2736 544 2801 τῷ
578 2739 1004 2816 ἐπιστολιμαίῳ
1039 2755 1203 2822 λόγῳ
1231 2757 1350 2810 σὺν
1375 2732 1536 2825 αὐτο)
1559 2761 1634 2830 δὴ
1665 2761 1744 2827 τῷ

1886 534 2022 602 apud
2053 550 2170 588 eam
2203 553 2542 606 nequaquam
2602 541 2952 595 intercedere.
2998 538 3081 595 Sit
3125 554 3253 609 ergo
3297 550 3351 594 et
3377 541 3446 595 ab

1885 626 2028 678 onmi
2068 628 2392 682 sacerdotali
2427 629 2690 698 dignitate
2730 642 2786 688 et
2812 633 3110 688 ministerio
3139 633 3366 696 alienus,
3392 639 3448 685 et

1883 717 2244 773 analhematis
2280 721 2399 775 loco
2429 722 2704 790 subjectus
2723 763 2737 786 ,
2780 725 2871 792 qui
2899 732 2951 778 et
2980 739 3036 778 se
3065 739 3158 793 per
3185 723 3445 792 pecunias

1884 807 2164 875 acquirere
2187 810 2480 875 existimat,
2511 822 2564 865 et
2588 813 2677 881 qui
2705 827 2823 867 eam
2853 815 3088 882 pecuniis
3117 813 3314 867 habere
3335 813 3444 880 pol-

1885 895 2096 963 licetur,
2122 900 2235 952 sive
2263 901 2336 955 sit
2365 899 2616 967 clericus,
2649 903 2760 956 sive
2783 901 2972 967 laicus,
3002 904 3115 959 sive
3141 903 3240 956 hoc
3269 901 3444 955 facere

1881 988 2253 1054 convincatur,
2286 993 2403 1046 sive
2448 1007 2555 1045 non
2593 1006 2608 1045 :
2659 993 2784 1062 quia
2835 992 2947 1046 fieri
2997 1009 3100 1047 non
3140 1001 3349 1062 potest,
3384 997 3443 1042 ut

1881 1078 2201 1131 conveniant
2235 1093 2352 1147 quae
2381 1082 2672 1136 convenire
2708 1092 3014 1150 nequeunt,
3040 1098 3136 1138 nec
3166 1091 3225 1136 ut
3267 1094 3442 1135 mam-

1877 1179 2037 1219 mona
2088 1166 2196 1222 Deo
2228 1171 2565 1236 consentiat;
2602 1172 2685 1226 vel
2716 1181 2773 1225 ut
2802 1173 2891 1240 qui
2932 1171 2980 1225 ei
3021 1172 3296 1236 serviunt,
3328 1171 3436 1225 Deo

1878 1259 2138 1313 serviant.
2178 1262 2384 1315 Domini
2419 1272 2501 1316 est
2537 1264 2828 1326 sententia,
2870 1263 2956 1319 cui
2998 1262 3294 1318 contradici
3327 1275 3436 1318 non

1871 1358 2048 1419 potest
2079 1366 2097 1404 :
2123 1349 2242 1402 Non
2271 1353 2488 1420 potestis
2512 1350 2620 1406 Deo
2649 1353 2840 1408 servire
2872 1360 2919 1406 et
2948 1369 3276 1408 mammona.

1941 1523 2051 1578 Nos
2083 1525 2133 1578 in
2167 1526 2248 1578 his
2290 1541 2384 1594 pro
2426 1527 2630 1582 viribus
2682 1529 3059 1595 consulentes,
3100 1540 3152 1585 et
3181 1531 3262 1586 eis
3309 1545 3420 1589 cre-

1871 1614 2081 1678 dentes,
2114 1629 2235 1668 cum
2267 1630 2331 1669 eo
2366 1618 2453 1685 qui
2481 1618 2593 1672 haec
2622 1618 2790 1684 dixit,
2821 1621 3082 1676 adversus
3108 1637 3202 1676 eos
3240 1623 3329 1690 qui
3376 1622 3428 1680 in

1870 1702 1935 1758 iis
1987 1713 2230 1772 peccant,
2270 1707 2589 1761 sententiam
2639 1709 2980 1775 protulimus.
3015 1709 3129 1765 Tua
3170 1713 3431 1768 sanctitas

1871 1806 2052 1846 curam
2081 1802 2254 1860 gerat,
2292 1795 2436 1847 omni
2489 1795 2730 1851 adhibita
2760 1797 3060 1866 diligentia,
3097 1812 3152 1854 ttt
3187 1801 3302 1854 hac
3334 1816 3430 1870 per

1868 1885 2190 1953 transcripta
2224 1886 2550 1954 exemplaria
2592 1887 2932 1943 innotescant
2968 1899 3021 1944 et
3062 1894 3426 1949 sanctissimis

1863 1972 2132 2041 episcopis
2163 1975 2250 2041 qui
2283 1975 2375 2028 tibi
2417 1976 2662 2042 subsunt,
2692 1990 2746 2031 et
2773 1979 3172 2048 περιοδευταϊς.
3220 1993 3270 2036 et
3298 1982 3424 2037 aliis

1863 2063 2112 2117 omnibus
2143 2081 2156 2116 :
2190 2072 2248 2118 ut
2281 2065 2331 2117 in
2363 2081 2470 2118 uno
2497 2067 2685 2134 spiritu
2721 2080 2771 2122 et
2801 2085 2903 2123 una
2936 2071 3109 2124 anima
3137 2087 3325 2126 omnes
3347 2076 3424 2128 si-

1862 2153 1970 2206 mul
2003 2154 2286 2220 constipati
2317 2152 2613 2210 Christiani
2643 2161 2901 2214 adversus
2937 2175 3276 2216 communem
3310 2164 3418 2216 ini-

1859 2242 2077 2306 micum,
2104 2240 2198 2297 Dei
2224 2243 2440 2307 auxilio,
2464 2246 2733 2313 possimus
2755 2248 2991 2303 avaritia:
3017 2250 3272 2314 radicem,
3299 2265 3420 2320 qua

1856 2333 1924 2387 ab
1957 2333 2045 2388 illo
2071 2334 2122 2387 in
2151 2333 2300 2387 nobis
2330 2335 2486 2389 insita
2514 2346 2616 2402 est,
2651 2352 2775 2392 cum
2807 2340 3055 2396 omnibus
3084 2356 3268 2395 eorum
3305 2356 3418 2395 ma-

1855 2424 2027 2478 lorum
2060 2425 2393 2494 germinibus
2447 2427 2784 2483 exscindere.
2832 2429 3054 2484 Omnem
3083 2445 3202 2498 qua:
3237 2441 3411 2484 tecum

1853 2526 1936 2570 est
1966 2517 2019 2569 in
2062 2517 2276 2571 Christe
2305 2516 2694 2573 fraternitatem
2723 2521 3037 2576 salutamus.
3068 2521 3245 2576 Fortis
3268 2522 3411 2576 exsi-

1854 2616 1995 2662 stens
2031 2608 2085 2662 in
2111 2607 2344 2676 Christo,
2365 2623 2455 2664 ora
2481 2625 2576 2678 pro
2597 2611 2771 2675 nobis,
2803 2612 3144 2667 sanctissime
3177 2611 3365 2667 frater.

1922 2779 2056 2833 "uir.
2084 2779 2312 2845 epistola:
2357 2797 2472 2833 cum
2502 2781 2613 2848 ipso
2656 2781 2922 2836 Gennadio
2977 2783 3397 2852 subscripserunt

157 2817 466 2889 Γενναδίῳ
493 2827 848 2900 ὑπέγραψαν
879 2840 975 2892 καὶ
1007 2844 1060 2895 οι
1088 2817 1725 2918 ἐδδομήκονταντρεῖςί

2084 2817 2307 2845 «φωνην
2357 2817 2472 2833 ιω...
2503 2817 2517 2833 .

1873 2873 1999 2924 tiam
2033 2872 2363 2939 septuaginta
2391 2881 2517 2924 tres.

575 3093 676 3148 ἘΚ
709 3097 846 3150 ΤΗΣ
883 3100 1060 3156 ΠΡΟΣ
1100 3104 1578 3162 ΝῐΚΟΠΟΔΙΤΔΣ
1612 3109 1997 3166 ΕΠΙΣΤΟΛΗΣ
2031 3116 2169 3169 ΤΟΥ
2220 3121 2552 3179 ΜΕΓΛΛΟΥ
2598 3128 2974 3192 ΒΑΣΙΛΕΙΟΥ.

710 3337 870 3410 183
905 3347 1007 3410 EX
1044 3352 1424 3418 EPISTOLA
1464 3361 1714 3426 MAGNI
1753 3366 2042 3431 BASILIl
2078 3376 2183 3436 AD
2226 3377 2858 3452 NlCOPOLl'fANOS.

135 3504 204 3556 Ἥ
248 3503 514 3574 ἐπιστολὴ
554 3503 866 3576 διαλέγεται
920 3515 1050 3584 περὶ
1116 3518 1211 3571 τοῦ
1270 3520 1563 3590 ὑπομενεῖν
1617 3527 1712 3580 καὶ

1870 3529 2055 3597 pistola
2087 3543 2284 3589 tractat
2317 3541 2382 3593 de

198 3593 542 3664 εὐχαρίστως
559 3598 751 3669 φέρειν
778 3605 907 3666 τοὺς
943 3609 1282 3677 πειρασμούς
1301 3628 1317 3644 ο
1348 3607 1464 3665 εἶτα
1491 3615 1706 3684 ἐπάγει,

199 3685 268 3738 Τί
303 3687 659 3757 πεπόνθαμεν
674 3691 882 3758 δεινόν;
912 3695 960 3748 εί
993 3698 1068 3766 μὴ
1087 3698 1225 3767 τάχα
1257 3702 1412 3755 τοῦτο
1441 3704 1707 3776 λυπηρὸν,

195 3777 282 3830 δτι
327 3778 495 3846 μηδὲν
552 3782 929 3854 πεπόνθαμεν,
981 3789 1117 3858 μηδὲ
1149 3791 1520 3864 ὲνομίσθημεν
1565 3797 1706 3862 ἄξιοι

189 3863 304 3915 τῶν
334 3865 476 3935 ὑπὲρ
524 3868 766 3935 Χριστοῦ
795 3876 1165 3946 παθημάτων.
1197 3881 1257 3935 El
1291 3883 1348 3936 δὲ
1377 3863 1457 3937 ὅτι
1487 3886 1514 3938 ό
1554 3887 1704 3941 δεῖνα

188 3957 420 4026 κατέχει
449 3959 541 4012 τὸν
575 3956 724 4014 οἷκον
781 3968 878 4036 τῆς
935 3971 1269 4041 προσευχῆς,
1325 3973 1486 4043 ὑμεῖς
1527 3976 1581 4029 δὲ
1641 3979 1700 4031 ὲν

186 4047 452 4120 ὑπαίθρῳ
486 4059 847 4121 προσκυνεῖτε
883 4057 976 4110 τὸν
1006 4061 1242 4131 ούρανοῦ
1290 4067 1382 4118 καὶ
1417 4069 1520 4137 γῆς
1574 4087 1697 4123 ποι-

184 4139 346 4208 ητὴν,
377 4141 532 4195 τοῦτο
553 4143 698 4213 ὑμᾶς
751 4148 917 4219 ἀνιᾷ·
977 4152 1102 4204 ἑνθυ
1137 4155 1321 4225 ’ήθητε
1375 4158 1455 4212 ὅτι
1506 4163 1553 4214 oi
1597 4165 1695 4232 μὲν

181 4229 378 4282 ινδεκα
413 4234 654 4302 μαθηταὶ
681 4237 738 4289 ὲν
777 4239 856 4308 τῷ
890 4242 1128 4314 ὑπερῴῳ
1168 4241 1311 4317 ἦσαν
1371 4229 1699 4306 ύποκεκλειο

179 4317 408 4387 σμένοι·
443 4322 492 4374 oi
521 4323 577 4375 δὲ
617 4325 1040 4394 σταυρώσαντες
1093 4333 1182 4386 τὸν
1244 4334 1449 4406 Κύριον
1515 4339 1572 4390 ὲν
1613 4338 1692 4409 τῷ

180 4407 495 4480 περιϐοήτῳ
516 4412 629 4481 ναῷ
667 4414 767 4484 τὴν
806 4416 1100 4490 Ἰουδαῖκὴν
1117 4420 1375 4494 λατρείαν
1393 4407 1688 4499 ἐπλήρουν.

189 4501 396 4565 Ἰούδας
435 4503 566 4573 γὰρ,
609 4505 700 4558 τὸν
743 4508 810 4561 δι’
851 4512 1089 4583 ἀγχόνης
1141 4516 1373 4571 θάνατον
1421 4522 1516 4573 τοῦ
1571 4527 1689 4592 μετ’

179 4592 448 4662 αἰσχύνης
488 4593 586 4665 ζῇν
619 4602 995 4673 προτιμήσας,
1059 4606 1232 4673 ἔδειξε
1272 4611 1414 4681 τάχα
1448 4614 1559 4667 τῶν
1595 4616 1691 4668 νῦν

177 4683 710 4754 ἀπερυθριασάντων
772 4693 911 4762 πρὸς
958 4697 1139 4750 πᾶσαν
1165 4700 1472 4772 ἀνθρώπων
1519 4709 1688 4761 κατά-

178 4791 296 4842 γνω
311 4794 407 4840 τιν,
439 4779 530 4832 καὶ
558 4780 647 4833 διὰ
678 4782 837 4837 τοῦτο
868 4788 1106 4850 ἀναιδῶς
1153 4793 1290 4862 πρὸς
1346 4795 1416 4850 τὰ
1483 4800 1686 4870 αίσχρέι

173 4866 554 4936 διακειμένων
576 4873 773 4926 ἑαυτὸν
803 4877 1193 4949 αἱρετώτερον.
1227 4886 1406 4940 Μόνον
1435 4889 1511 4959 μὴ
1537 4866 1684 4943 ἀπα-

173 4957 383 5026 τηθῆτε
418 4960 526 5013 ὑπὸ
556 4962 664 5015 τῶν
709 4964 1077 5038 ψευδολογιῶν
1111 4975 1293 5027 αὐτῶν
1335 4957 1680 5048 ἀπαγχελλο-

176 5051 359 5117 μένων
397 5051 669 5123 ὀρθότητα
705 5058 964 5124 πίστεως.
1022 5063 1434 5138 Χριστέμποροι
1471 5073 1579 5141 γὰρ
1627 5075 1678 5126 οἱ

170 5140 430 5206 τοιοῦτοι,
466 5145 562 5197 καὶ
593 5148 712 5217 οὐχὶ
763 5148 1107 5220 Χριστιανοὶ,
1151 5156 1212 5209 τὸ
1260 5158 1348 5212 ἀεὶ
1398 5140 1556 5215 ma
1587 5166 1677 5218 τὸν

171 5232 288 5302 βίον
318 5233 506 5298 αὐτοῖς
550 5237 869 5295 λυσιτελοῦν
926 5243 1019 5297 τοῦ
1069 5248 1207 5300 κατὰ
1251 5249 1515 5320 ἀλήθειαν
1574 5255 1676 5326 ζῇν

169 5325 573 5394 προτιμῶντες.
614 5330 744 5384 Ὅτε
767 5333 822 5385 δὲ
861 5335 1124 5406 ἐνόμισαν
1157 5342 1389 5395 κτᾶσθαι
1442 5351 1543 5414 τὴν
1577 5365 1670 5400 κε-

169 5414 270 5484 νὴν
301 5417 511 5487 ταύτην
543 5420 739 5491 ἀρχὴν,
787 5427 1119 5495 προσέθεντο
1149 5432 1264 5494 τοῖς
1314 5433 1531 5504 ἐχθροῖς
1575 5436 1669 5490 τοῦ

165 5505 340 5558 Θεοῦο
384 5507 473 5560 ὅτε
506 5507 646 5563 εἶδον
703 5515 828 5579 τοὺς
880 5515 1041 5582 λαοὺς
1085 5523 1493 5591 ἀγριαίνον-τας,
1531 5545 1666 5597 σχη-

172 5601 494 5668 ματίζονται
525 5604 682 5658 πάλιν
712 5608 808 5677 τὴν
841 5610 1130 5681 ὀρθότητα.
1164 5615 1276 5669 Οὐκ
1300 5612 1417 5671 οῖδα
1459 5622 1507 5674 εί
1545 5623 1665 5674 ἐπί-

166 5707 358 5744 σκοποι
444 5689 577 5762 εἷεν,
642 5699 775 5769 μηδὲ
841 5702 1264 5778 ἀριθμησαίμην
1342 5712 1398 5764 ὲν
1461 5713 1660 5784 ἱερεῦσι

2427 3545 2764 3600 sustinendis
2800 3561 2852 3602 et
2899 3567 3056 3620 πτηυο
3092 3559 3276 3614 animo
3316 3562 3397 3620 fe-

1884 3621 2065 3676 rendis
2081 3626 2507 3698 tentationibus;
2543 3633 2738 3692 deinde
2785 3640 3082 3714 subjungit,
3105 3647 3240 3714 Quid
3265 3654 3392 3709 mali

1881 3714 2027 3780 passi
2075 3720 2305 3775 sumus?
2347 3723 2448 3779 nisi
2507 3729 2689 3781 forsan
2734 3731 2872 3786 istud
2920 3737 3073 3792 triste
3114 3741 3204 3806 sit,
3245 3747 3388 3812 quod

1890 3806 2029 3862 nihil
2058 3811 2223 3877 passi,
2252 3827 2350 3867 nec
2379 3817 2721 3882 passionibus
2750 3838 2846 3890 pro
2864 3823 3082 3883 Christo
3105 3806 3388 3902 digni-ha-

1883 3901 1979 3956 biti
2012 3915 2218 3956 smnus.
2241 3901 2297 3957 Si
2319 3914 2521 3973 autem,
2554 3913 2694 3977 quod
2725 3913 2943 3971 domum
2996 3901 3260 3979 orationis
3295 3943 3387 3982 ue-

1876 3992 1992 4046 scio
2022 3991 2141 4059 quis
2164 3993 2395 4048 detineat
2417 4012 2433 4062 ;
2452 4011 2545 4052 vos
2569 4009 2749 4057 autem
2771 4006 2869 4062 sub
2893 4006 2981 4062 dio
3001 4012 3120 4065 caeli
3145 4025 3197 4068 et
3228 4027 3382 4072 terra-

1877 4081 2224 4136 Conditorem
2258 4084 2520 4151 adoratis,
2550 4089 2649 4145 hoc
2678 4109 2774 4149 vos
2801 4099 2938 4153 male
2971 4100 3165 4170 habet;
3199 4110 3380 4163 t-ousi-

1875 4171 2080 4238 derate,
2113 4174 2254 4240 quod
2295 4178 2541 4232 undecim
2578 4182 2798 4250 quidem
2832 4187 3081 4259 discipuli
3124 4208 3279 4251 erant
3322 4201 3377 4256 in

1873 4262 2155 4316 caenaculo
2179 4264 2370 4320 inclusi
2403 4283 2416 4320 :
2446 4271 2535 4337 qui
2565 4284 2744 4330 autem
2777 4277 3059 4337 Dominum
3090 4291 3378 4345 crucifixe-

1874 4361 2002 4407 runt
2041 4354 2094 4408 iu
2128 4354 2331 4410 celebri
2361 4360 2560 4430 templo
2584 4364 2869 4423 Iudaicum
2901 4374 3106 4429 cultum
3144 4393 3373 4449 perage-

1871 4444 2023 4500 bant.
2049 4447 2219 4508 Judas
2241 4456 2408 4514 enim.
2443 4456 2532 4520 qui
2563 4462 2856 4528 suspendio
2882 4466 3044 4520 vitam
3073 4444 3226 4526 finire
3254 4444 3370 4528 nia-

1864 4538 1964 4594 luit
1986 4557 2145 4611 qttam
2169 4545 2434 4604 dedecore
2453 4549 2654 4617 vivere,
2677 4557 2912 4611 ostendit
2939 4574 2995 4613 se
3026 4563 3092 4616 iis
3115 4579 3235 4620 esse
3259 4581 3371 4622 me-

1860 4629 2070 4699 liorem,
2095 4638 2185 4705 qui
2210 4639 2276 4691 ad
2300 4655 2516 4694 omnem
2543 4643 2819 4700 hominum
2852 4653 3362 4714 condemnationem

1861 4720 2091 4777 frontem
2113 4727 2537 4797 perfricueruut,
2565 4745 2614 4789 et
2643 4735 2762 4793 ideo
2794 4740 3133 4811 impudenter
3158 4749 3223 4802 ad
3246 4766 3365 4804 om-

1858 4815 1947 4868 nia
1974 4816 2150 4873 affecti
2200 4831 2348 4876 sunt.
2387 4825 2586 4878 Eorqu
2635 4837 2843 4886 tantum
2899 4833 3240 4907 falsiloquiis,
3267 4845 3359 4914 qui

1856 4905 1980 4961 fidei
2047 4911 2423 4968 rectitudinem
2485 4919 2829 4985 profitentur.
2864 4940 2929 4979 ne
2985 4905 3356 5000 seducamini,

1851 4996 2052 5053 Christi
2081 5001 2224 5057 enim
2256 5016 2648 5075 cauponatores
2683 5025 2808 5065 sunt
2857 5017 2914 5081 ii,
2944 5027 2997 5071 et
3047 5035 3150 5075 non
3195 5023 3354 5080 Chri-

1851 5091 2032 5156 stiani,
2069 5094 2159 5160 qui
2197 5095 2270 5160 id,
2300 5101 2440 5163 quod
2475 5101 2553 5153 eis
2591 5117 2808 5172 semper
2841 5106 2895 5160 in
2930 5110 3034 5163 vita
3075 5123 3158 5167 est
3197 5117 3348 5184 utile,

1854 5195 1993 5237 verte
2019 5184 2137 5239 vitm
2168 5187 2478 5252 praeferunt.
2507 5191 2731 5258 Quando
2755 5204 2931 5253 autem
2963 5203 3347 5264 existimarunt

1845 5287 1905 5327 se
1954 5289 2109 5343 posse
2163 5278 2264 5331 hoc
2299 5295 2492 5335 vanum
2547 5283 2832 5352 imperium
2893 5295 3195 5361 acquirere,
3251 5298 3343 5358 Dei

1849 5365 2083 5419 inimicis
2125 5368 2285 5422 add'ti
2316 5380 2439 5424 sunt
2468 5389 2481 5424 :
2516 5378 2728 5442 quando
2759 5381 3006 5438 viderunt
3038 5390 3338 5447 concitatos

1845 5451 2085 5518 populos,
2116 5469 2303 5509 rursus
2337 5459 2709 5516 rectitudiucm
2740 5467 3016 5528 simulant.
3049 5471 3242 5530 Nescio
3267 5493 3334 5532 an

1843 5542 1949 5594 sint
1993 5542 2250 5614 episcopi,
2297 5562 2394 5601 nec
2447 5550 2496 5602 in
2539 5551 2738 5610 Christi
2786 5564 3156 5621 sacerdotibus
3205 5587 3330 5626 cum

1839 5636 2386 5706 enumeraverim.qui
2415 5655 2442 5694 a
2489 5643 2733 5710 profanis
2767 5653 3016 5710 manibus
3053 5657 3118 5713 ad
3152 5660 3249 5717 hoc
3274 5673 3331 5721 ut

1838 5725 2059 5793 prmsint
2093 5726 2143 5782 in
2168 5727 2579 5792 dissolutionem
2613 5739 2734 5796 tidci
2770 5752 3053 5812 promotus
3079 5763 3180 5812 est.
3219 5755 3331 5817 llos
