  <div class='ocr_page' id='page_1' title='image "/cluster/home/n/w/nwhite01/storage/ocr_20150623/138/ien.35556001660133/483.png"; bbox 0 0 4004 6448; ppageno 0'>
   <div class='ocr_carea' id='block_1_1' title="bbox 552 346 655 436">
    <p class='ocr_par' dir='ltr' id='par_1_1' title="bbox 552 346 655 436">
     <span class='ocr_line' id='line_1_1' title="bbox 552 346 655 436; baseline -0.019 -26"><span class='ocrx_word' id='word_1_1' title='bbox 552 346 655 436; x_wconf 71' lang='lat'><strong><em>939</em></strong></span> 
     </span>
    </p>
   </div>
   <div class='ocr_carea' id='block_1_2' title="bbox 1776 345 2581 407">
    <p class='ocr_par' dir='ltr' id='par_1_2' title="bbox 1776 345 2581 407">
     <span class='ocr_line' id='line_1_2' title="bbox 1776 345 2581 407; baseline 0.005 -4"><span class='ocrx_word' id='word_1_2' title='bbox 1776 345 2050 405; x_wconf 83' lang='lat' dir='ltr'><strong><em>THEUD.</em></strong></span> <span class='ocrx_word' id='word_1_3' title='bbox 2100 345 2581 407; x_wconf 64' lang='lat' dir='ltr'><strong><em>BALSAMO’NIS</em></strong></span> 
     </span>
    </p>
   </div>
   <div class='ocr_carea' id='block_1_3' title="bbox 3720 358 3813 419">
    <p class='ocr_par' dir='ltr' id='par_1_3' title="bbox 3720 358 3813 419">
     <span class='ocr_line' id='line_1_3' title="bbox 3720 358 3813 419; baseline 0 -1"><span class='ocrx_word' id='word_1_4' title='bbox 3720 358 3813 419; x_wconf 65' lang='lat'><strong><em>940</em></strong></span> 
     </span>
    </p>
   </div>
   <div class='ocr_carea' id='block_1_4' title="bbox 548 452 2128 527">
    <p class='ocr_par' dir='ltr' id='par_1_4' title="bbox 548 454 2128 522">
     <span class='ocr_line' id='line_1_4' title="bbox 548 454 2128 522; baseline -0.004 -12"><span class='ocrx_word' id='word_1_5' title='bbox 548 457 709 510; x_wconf 82' lang='lat' dir='ltr'><strong><em>bitum</em></strong></span> <span class='ocrx_word' id='word_1_6' title='bbox 755 463 832 508; x_wconf 72' lang='lat' dir='ltr'><strong><em>est</em></strong></span> <span class='ocrx_word' id='word_1_7' title='bbox 873 469 892 508; x_wconf 89' lang='lat'><strong><em>:</em></strong></span> <span class='ocrx_word' id='word_1_8' title='bbox 920 455 989 507; x_wconf 85' lang='lat' dir='ltr'><strong><em>ad</em></strong></span> <span class='ocrx_word' id='word_1_9' title='bbox 1014 454 1183 508; x_wconf 79' lang='lat' dir='ltr'><strong><em>altare</em></strong></span> <span class='ocrx_word' id='word_1_10' title='bbox 1218 465 1392 508; x_wconf 82' lang='lat' dir='ltr'><strong><em>autem</em></strong></span> <span class='ocrx_word' id='word_1_11' title='bbox 1432 458 1672 509; x_wconf 80' lang='lat' dir='ltr'><strong><em>accedere</em></strong></span> <span class='ocrx_word' id='word_1_12' title='bbox 1711 469 1804 522; x_wconf 84' lang='lat' dir='ltr'><strong><em>pro</em></strong></span> <span class='ocrx_word' id='word_1_13' title='bbox 1844 454 2128 506; x_wconf 82' lang='lat' dir='ltr'><strong><em>accenden-</em></strong></span> 
     </span>
    </p>
   </div>
   <div class='ocr_carea' id='block_1_5' title="bbox 2239 452 3812 527">
    <p class='ocr_par' dir='ltr' id='par_1_5' title="bbox 2239 452 3812 527">
     <span class='ocr_line' id='line_1_5' title="bbox 2239 452 3812 527; baseline 0.01 -24"><span class='ocrx_word' id='word_1_14' title='bbox 2239 452 2341 506; x_wconf 86' lang='grc' dir='ltr'><em>τοῦ</em></span> <span class='ocrx_word' id='word_1_15' title='bbox 2373 455 2769 523; x_wconf 80' lang='grc' dir='ltr'><strong><em>ἀναγνώστου</em></strong></span> <span class='ocrx_word' id='word_1_16' title='bbox 2822 459 3157 527; x_wconf 72' lang='grc' dir='ltr'><em>ὑπηρεσίας</em></span> <span class='ocrx_word' id='word_1_17' title='bbox 3233 466 3580 519; x_wconf 77' lang='grc' dir='ltr'><strong><em>κεκώλυται</em></strong></span> <span class='ocrx_word' id='word_1_18' title='bbox 3615 468 3711 520; x_wconf 73' lang='grc' dir='ltr'><strong><em>’τὸ</em></strong></span> <span class='ocrx_word' id='word_1_19' title='bbox 3757 466 3812 520; x_wconf 76' lang='grc' dir='ltr'><strong><em>δὲ</em></strong></span> 
     </span>
    </p>
   </div>
   <div class='ocr_carea' id='block_1_6' title="bbox 547 545 2125 616">
    <p class='ocr_par' dir='ltr' id='par_1_6' title="bbox 547 545 2125 616">
     <span class='ocr_line' id='line_1_6' title="bbox 547 545 2125 616; baseline -0.005 -13"><span class='ocrx_word' id='word_1_20' title='bbox 547 549 625 610; x_wconf 71' lang='lat' dir='ltr'><strong><em>die</em></strong></span> <span class='ocrx_word' id='word_1_21' title='bbox 652 549 812 603; x_wconf 78' lang='lat' dir='ltr'><strong><em>cereis</em></strong></span> <span class='ocrx_word' id='word_1_22' title='bbox 846 545 927 601; x_wconf 81' lang='lat' dir='ltr'><strong><em>vel</em></strong></span> <span class='ocrx_word' id='word_1_23' title='bbox 949 547 1205 612; x_wconf 72' lang='lat' dir='ltr'><strong><em>candelis,</em></strong></span> <span class='ocrx_word' id='word_1_24' title='bbox 1257 550 1534 612; x_wconf 82' lang='lat' dir='ltr'><strong><em>monacho,</em></strong></span> <span class='ocrx_word' id='word_1_25' title='bbox 1581 547 1670 616; x_wconf 87' lang='lat' dir='ltr'><strong><em>qui</em></strong></span> <span class='ocrx_word' id='word_1_26' title='bbox 1729 546 1873 599; x_wconf 85' lang='lat' dir='ltr'><strong><em>nullo</em></strong></span> <span class='ocrx_word' id='word_1_27' title='bbox 1920 556 2125 598; x_wconf 79' lang='lat' dir='ltr'><strong><em>tenetur</em></strong></span> 
     </span>
    </p>
   </div>
   <div class='ocr_carea' id='block_1_7' title="bbox 547 637 2122 707">
    <p class='ocr_par' dir='ltr' id='par_1_7' title="bbox 547 637 2122 707">
     <span class='ocr_line' id='line_1_7' title="bbox 547 637 2122 707; baseline -0.004 -12"><span class='ocrx_word' id='word_1_28' title='bbox 547 640 783 703; x_wconf 77' lang='lat' dir='ltr'><strong><em>crimine,</em></strong></span> <span class='ocrx_word' id='word_1_29' title='bbox 838 653 942 693; x_wconf 86' lang='lat' dir='ltr'><strong><em>non</em></strong></span> <span class='ocrx_word' id='word_1_30' title='bbox 984 638 1234 693; x_wconf 77' lang='lat' dir='ltr'><strong><em>existimo</em></strong></span> <span class='ocrx_word' id='word_1_31' title='bbox 1292 648 1530 707; x_wconf 78' lang='lat' dir='ltr'><strong><em>oportere</em></strong></span> <span class='ocrx_word' id='word_1_32' title='bbox 1567 637 1854 707; x_wconf 77' lang='lat' dir='ltr'><strong><em>prohiberi,</em></strong></span> <span class='ocrx_word' id='word_1_33' title='bbox 1909 650 2122 705; x_wconf 83' lang='lat' dir='ltr'><strong><em>prop:er</em></strong></span> 
     </span>
    </p>
   </div>
   <div class='ocr_carea' id='block_1_8' title="bbox 547 731 1483 786">
    <p class='ocr_par' dir='ltr' id='par_1_8' title="bbox 547 731 1483 786">
     <span class='ocr_line' id='line_1_8' title="bbox 547 731 1483 786; baseline -0.003 0"><span class='ocrx_word' id='word_1_34' title='bbox 547 732 875 786; x_wconf 73' lang='lat' dir='ltr'><strong><em>monachaiis</em></strong></span> <span class='ocrx_word' id='word_1_35' title='bbox 901 731 1111 784; x_wconf 79' lang='lat' dir='ltr'><strong><em>habitus</em></strong></span> <span class='ocrx_word' id='word_1_36' title='bbox 1136 731 1483 785; x_wconf 69' lang='lat' dir='ltr'><strong><em>honestatem.</em></strong></span> 
     </span>
    </p>
   </div>
   <div class='ocr_carea' id='block_1_9' title="bbox 615 910 2125 984">
    <p class='ocr_par' dir='ltr' id='par_1_9' title="bbox 615 910 2125 984">
     <span class='ocr_line' id='line_1_9' title="bbox 615 910 2125 984; baseline -0.002 -17"><span class='ocrx_word' id='word_1_37' title='bbox 615 910 1035 970; x_wconf 75' lang='lat' dir='ltr'><strong><em>INTERPRET.</em></strong></span> <span class='ocrx_word' id='word_1_38' title='bbox 1067 913 1201 969; x_wconf 85' lang='lat' dir='ltr'><strong><em>Cum</em></strong></span> <span class='ocrx_word' id='word_1_39' title='bbox 1243 922 1431 970; x_wconf 86' lang='lat' dir='ltr'><strong><em>sancta</em></strong></span> <span class='ocrx_word' id='word_1_40' title='bbox 1464 913 1709 984; x_wconf 81' lang='lat' dir='ltr'><strong><em>synodus</em></strong></span> <span class='ocrx_word' id='word_1_41' title='bbox 1760 920 1912 966; x_wconf 90' lang='lat' dir='ltr'><strong><em>recte</em></strong></span> <span class='ocrx_word' id='word_1_42' title='bbox 1957 921 2011 965; x_wconf 88' lang='lat' dir='ltr'><strong><em>et</em></strong></span> <span class='ocrx_word' id='word_1_43' title='bbox 2044 910 2125 964; x_wconf 90' lang='lat' dir='ltr'><strong><em>di—</em></strong></span> 
     </span>
    </p>
   </div>
   <div class='ocr_carea' id='block_1_10' title="bbox 546 1003 2122 1061">
    <p class='ocr_par' dir='ltr' id='par_1_10' title="bbox 546 1003 2122 1061">
     <span class='ocr_line' id='line_1_10' title="bbox 546 1003 2122 1061; baseline -0.004 0"><span class='ocrx_word' id='word_1_44' title='bbox 546 1006 798 1061; x_wconf 85' lang='lat' dir='ltr'><strong><em>vinorum</em></strong></span> <span class='ocrx_word' id='word_1_45' title='bbox 824 1020 1093 1060; x_wconf 87' lang='lat' dir='ltr'><strong><em>canonum</em></strong></span> <span class='ocrx_word' id='word_1_46' title='bbox 1123 1006 1403 1061; x_wconf 92' lang='lat' dir='ltr'><strong><em>traditioni</em></strong></span> <span class='ocrx_word' id='word_1_47' title='bbox 1430 1006 1820 1061; x_wconf 74' lang='lat' dir='ltr'><strong><em>convenienter</em></strong></span> <span class='ocrx_word' id='word_1_48' title='bbox 1843 1005 1908 1058; x_wconf 88' lang='lat' dir='ltr'><strong><em>ad</em></strong></span> <span class='ocrx_word' id='word_1_49' title='bbox 1945 1003 2122 1057; x_wconf 84' lang='lat' dir='ltr'><strong><em>inter-</em></strong></span> 
     </span>
    </p>
   </div>
   <div class='ocr_carea' id='block_1_11' title="bbox 544 1097 2124 1169">
    <p class='ocr_par' dir='ltr' id='par_1_11' title="bbox 544 1097 2124 1169">
     <span class='ocr_line' id='line_1_11' title="bbox 544 1097 2124 1169; baseline -0.001 -17"><span class='ocrx_word' id='word_1_50' title='bbox 544 1099 882 1167; x_wconf 75' lang='lat' dir='ltr'><strong><em>rogationem</em></strong></span> <span class='ocrx_word' id='word_1_51' title='bbox 916 1099 1278 1169; x_wconf 89' lang='lat' dir='ltr'><strong><em>responderit,</em></strong></span> <span class='ocrx_word' id='word_1_52' title='bbox 1298 1100 1551 1154; x_wconf 80' lang='lat' dir='ltr'><strong><em>dixerunt</em></strong></span> <span class='ocrx_word' id='word_1_53' title='bbox 1573 1098 1813 1168; x_wconf 90' lang='lat' dir='ltr'><strong><em>quidam,</em></strong></span> <span class='ocrx_word' id='word_1_54' title='bbox 1846 1097 1986 1166; x_wconf 85' lang='lat' dir='ltr'><strong><em>quod</em></strong></span> <span class='ocrx_word' id='word_1_55' title='bbox 2008 1111 2124 1150; x_wconf 89' lang='lat' dir='ltr'><strong><em>mo-</em></strong></span> 
     </span>
    </p>
   </div>
   <div class='ocr_carea' id='block_1_12' title="bbox 545 1188 2122 1258">
    <p class='ocr_par' dir='ltr' id='par_1_12' title="bbox 545 1188 2122 1258">
     <span class='ocr_line' id='line_1_12' title="bbox 545 1188 2122 1258; baseline -0.002 -16"><span class='ocrx_word' id='word_1_56' title='bbox 545 1188 750 1243; x_wconf 85' lang='lat' dir='ltr'><strong><em>nachos</em></strong></span> <span class='ocrx_word' id='word_1_57' title='bbox 793 1188 1008 1258; x_wconf 88' lang='lat' dir='ltr'><strong><em>quidem</em></strong></span> <span class='ocrx_word' id='word_1_58' title='bbox 1063 1188 1155 1258; x_wconf 85' lang='lat' dir='ltr'><strong><em>qui</em></strong></span> <span class='ocrx_word' id='word_1_59' title='bbox 1216 1188 1439 1244; x_wconf 87' lang='lat' dir='ltr'><strong><em>lectoris</em></strong></span> <span class='ocrx_word' id='word_1_60' title='bbox 1476 1188 1850 1243; x_wconf 88' lang='lat' dir='ltr'><strong><em>characterem</em></strong></span> <span class='ocrx_word' id='word_1_61' title='bbox 1876 1201 1979 1239; x_wconf 90' lang='lat' dir='ltr'><strong><em>non</em></strong></span> <span class='ocrx_word' id='word_1_62' title='bbox 2030 1199 2122 1240; x_wconf 88' lang='lat' dir='ltr'><strong><em>ac-</em></strong></span> 
     </span>
    </p>
   </div>
   <div class='ocr_carea' id='block_1_13' title="bbox 546 1279 2125 1352">
    <p class='ocr_par' dir='ltr' id='par_1_13' title="bbox 546 1279 2125 1352">
     <span class='ocr_line' id='line_1_13' title="bbox 546 1279 2125 1352; baseline -0.001 -19"><span class='ocrx_word' id='word_1_63' title='bbox 546 1281 825 1350; x_wconf 72' lang='lat' dir='ltr'><strong><em>ceperint,</em></strong></span> <span class='ocrx_word' id='word_1_64' title='bbox 843 1283 899 1335; x_wconf 90' lang='lat' dir='ltr'><strong><em>in</em></strong></span> <span class='ocrx_word' id='word_1_65' title='bbox 930 1282 1158 1335; x_wconf 85' lang='lat' dir='ltr'><strong><em>amboue</em></strong></span> <span class='ocrx_word' id='word_1_66' title='bbox 1178 1296 1286 1335; x_wconf 89' lang='lat' dir='ltr'><strong><em>non</em></strong></span> <span class='ocrx_word' id='word_1_67' title='bbox 1309 1281 1507 1352; x_wconf 76' lang='lat' dir='ltr'><strong><em>legere,</em></strong></span> <span class='ocrx_word' id='word_1_68' title='bbox 1542 1279 1911 1334; x_wconf 84' lang='lat' dir='ltr'><strong><em>indistinctum</em></strong></span> <span class='ocrx_word' id='word_1_69' title='bbox 1928 1285 2010 1333; x_wconf 89' lang='lat' dir='ltr'><strong><em>est</em></strong></span> <span class='ocrx_word' id='word_1_70' title='bbox 2035 1296 2045 1330; x_wconf 91' lang='lat'><strong>:</strong></span> <span class='ocrx_word' id='word_1_71' title='bbox 2066 1287 2125 1331; x_wconf 93' lang='lat' dir='ltr'><strong><em>ut</em></strong></span> 
     </span>
    </p>
   </div>
   <div class='ocr_carea' id='block_1_14' title="bbox 548 1368 2124 1437">
    <p class='ocr_par' dir='ltr' id='par_1_14' title="bbox 548 1368 2124 1437">
     <span class='ocr_line' id='line_1_14' title="bbox 548 1368 2124 1437; baseline 0.001 -16"><span class='ocrx_word' id='word_1_72' title='bbox 548 1378 726 1424; x_wconf 89' lang='lat' dir='ltr'><strong><em>autem</em></strong></span> <span class='ocrx_word' id='word_1_73' title='bbox 757 1370 983 1437; x_wconf 87' lang='lat' dir='ltr'><strong><em>quilibet</em></strong></span> <span class='ocrx_word' id='word_1_74' title='bbox 1017 1369 1200 1423; x_wconf 81' lang='lat' dir='ltr'><strong><em>habitu</em></strong></span> <span class='ocrx_word' id='word_1_75' title='bbox 1238 1369 1559 1423; x_wconf 83' lang='lat' dir='ltr'><strong><em>monachico</em></strong></span> <span class='ocrx_word' id='word_1_76' title='bbox 1610 1368 1832 1422; x_wconf 87' lang='lat' dir='ltr'><strong><em>indutus</em></strong></span> <span class='ocrx_word' id='word_1_77' title='bbox 1867 1369 1931 1420; x_wconf 87' lang='lat' dir='ltr'><strong><em>ad</em></strong></span> <span class='ocrx_word' id='word_1_78' title='bbox 1957 1368 2124 1422; x_wconf 84' lang='lat' dir='ltr'><strong><em>altare</em></strong></span> 
     </span>
    </p>
   </div>
   <div class='ocr_carea' id='block_1_15' title="bbox 546 1458 2125 1530">
    <p class='ocr_par' dir='ltr' id='par_1_15' title="bbox 546 1458 2125 1530">
     <span class='ocr_line' id='line_1_15' title="bbox 546 1458 2125 1530; baseline -0.001 -18"><span class='ocrx_word' id='word_1_79' title='bbox 546 1460 792 1524; x_wconf 83' lang='lat' dir='ltr'><strong><em>accedat,</em></strong></span> <span class='ocrx_word' id='word_1_80' title='bbox 822 1475 929 1515; x_wconf 92' lang='lat' dir='ltr'><strong><em>non</em></strong></span> <span class='ocrx_word' id='word_1_81' title='bbox 955 1460 1266 1515; x_wconf 81' lang='lat' dir='ltr'><strong><em>indistincte</em></strong></span> <span class='ocrx_word' id='word_1_82' title='bbox 1289 1459 1604 1530; x_wconf 83' lang='lat' dir='ltr'><strong><em>accipietur.</em></strong></span> <span class='ocrx_word' id='word_1_83' title='bbox 1624 1458 1731 1514; x_wconf 89' lang='lat' dir='ltr'><strong><em>Sed</em></strong></span> <span class='ocrx_word' id='word_1_84' title='bbox 1757 1459 2010 1529; x_wconf 85' lang='lat' dir='ltr'><strong><em>quoniam</em></strong></span> <span class='ocrx_word' id='word_1_85' title='bbox 2034 1473 2125 1513; x_wconf 79' lang='lat' dir='ltr'><strong><em>ea-</em></strong></span> 
     </span>
    </p>
   </div>
   <div class='ocr_carea' id='block_1_16' title="bbox 547 1544 2122 1622">
    <p class='ocr_par' dir='ltr' id='par_1_16' title="bbox 547 1544 2122 1622">
     <span class='ocr_line' id='line_1_16' title="bbox 547 1544 2122 1622; baseline 0.001 -19"><span class='ocrx_word' id='word_1_86' title='bbox 547 1564 654 1605; x_wconf 91' lang='lat' dir='ltr'><strong><em>non</em></strong></span> <span class='ocrx_word' id='word_1_87' title='bbox 678 1551 747 1606; x_wconf 67' lang='grc'>49</span> <span class='ocrx_word' id='word_1_88' title='bbox 779 1567 899 1622; x_wconf 82' lang='lat' dir='ltr'><strong><em>syn.</em></strong></span> <span class='ocrx_word' id='word_1_89' title='bbox 928 1552 981 1606; x_wconf 90' lang='lat' dir='ltr'><strong><em>in</em></strong></span> <span class='ocrx_word' id='word_1_90' title='bbox 1031 1544 1217 1607; x_wconf 86' lang='lat' dir='ltr'><strong><em>Trullo</em></strong></span> <span class='ocrx_word' id='word_1_91' title='bbox 1254 1552 1451 1607; x_wconf 83' lang='lat' dir='ltr'><strong><em>statuit</em></strong></span> <span class='ocrx_word' id='word_1_92' title='bbox 1488 1552 1656 1606; x_wconf 85' lang='lat' dir='ltr'><strong><em>laicos</em></strong></span> <span class='ocrx_word' id='word_1_93' title='bbox 1708 1566 1813 1605; x_wconf 91' lang='lat' dir='ltr'><strong><em>non</em></strong></span> <span class='ocrx_word' id='word_1_94' title='bbox 1866 1566 2023 1620; x_wconf 84' lang='lat' dir='ltr'><strong><em>posse</em></strong></span> <span class='ocrx_word' id='word_1_95' title='bbox 2057 1552 2122 1604; x_wconf 88' lang='lat' dir='ltr'><strong><em>ad</em></strong></span> 
     </span>
    </p>
   </div>
   <div class='ocr_carea' id='block_1_17' title="bbox 546 1643 2122 1713">
    <p class='ocr_par' dir='ltr' id='par_1_17' title="bbox 546 1643 2122 1713">
     <span class='ocr_line' id='line_1_17' title="bbox 546 1643 2122 1713; baseline -0.003 -14"><span class='ocrx_word' id='word_1_96' title='bbox 546 1652 795 1699; x_wconf 74' lang='lat' dir='ltr'><strong><em>sanetum</em></strong></span> <span class='ocrx_word' id='word_1_97' title='bbox 831 1644 1003 1699; x_wconf 86' lang='lat' dir='ltr'><strong><em>altare</em></strong></span> <span class='ocrx_word' id='word_1_98' title='bbox 1046 1643 1347 1710; x_wconf 84' lang='lat' dir='ltr'><strong><em>accedere;</em></strong></span> <span class='ocrx_word' id='word_1_99' title='bbox 1402 1644 1447 1698; x_wconf 88' lang='lat' dir='ltr'><strong><em>si</em></strong></span> <span class='ocrx_word' id='word_1_100' title='bbox 1478 1644 1522 1697; x_wconf 90' lang='lat' dir='ltr'><strong><em>is</em></strong></span> <span class='ocrx_word' id='word_1_101' title='bbox 1552 1643 1768 1713; x_wconf 83' lang='lat' dir='ltr'><strong><em>quidem</em></strong></span> <span class='ocrx_word' id='word_1_102' title='bbox 1805 1645 1895 1712; x_wconf 89' lang='lat' dir='ltr'><strong><em>qui</em></strong></span> <span class='ocrx_word' id='word_1_103' title='bbox 1934 1656 2122 1697; x_wconf 84' lang='lat' dir='ltr'><strong><em>mona-</em></strong></span> 
     </span>
    </p>
   </div>
   <div class='ocr_carea' id='block_1_18' title="bbox 2229 548 3814 625">
    <p class='ocr_par' dir='ltr' id='par_1_18' title="bbox 2229 548 3814 625">
     <span class='ocr_line' id='line_1_18' title="bbox 2229 548 3814 625; baseline 0.009 -27"><span class='ocrx_word' id='word_1_104' title='bbox 2229 548 2317 612; x_wconf 84' lang='grc' dir='ltr'><strong><em>είς</em></strong></span> <span class='ocrx_word' id='word_1_105' title='bbox 2345 550 2785 617; x_wconf 76' lang='grc' dir='ltr'><strong><em>θυσιαστήριον</em></strong></span> <span class='ocrx_word' id='word_1_106' title='bbox 2802 550 3061 605; x_wconf 74' lang='grc' dir='ltr'><strong><em>εἰσιέναι</em></strong></span> <span class='ocrx_word' id='word_1_107' title='bbox 3090 555 3267 622; x_wconf 75' lang='grc' dir='ltr'><em>χάριν</em></span> <span class='ocrx_word' id='word_1_108' title='bbox 3286 559 3583 625; x_wconf 52' lang='lat' dir='ltr'><strong><em>timid-stuc</em></strong></span> <span class='ocrx_word' id='word_1_109' title='bbox 3620 562 3814 624; x_wconf 80' lang='grc' dir='ltr'><strong><em>κηρίον</em></strong></span> 
     </span>
    </p>
   </div>
   <div class='ocr_carea' id='block_1_19' title="bbox 2227 637 3814 720">
    <p class='ocr_par' dir='ltr' id='par_1_19' title="bbox 2227 637 3814 720">
     <span class='ocr_line' id='line_1_19' title="bbox 2227 637 3814 720; baseline 0.009 -30"><span class='ocrx_word' id='word_1_110' title='bbox 2227 637 2266 707; x_wconf 80' lang='grc' dir='ltr'><em>ἢ</em></span> <span class='ocrx_word' id='word_1_111' title='bbox 2302 640 2616 708; x_wconf 70' lang='grc' dir='ltr'><em>κανδήλας</em></span> <span class='ocrx_word' id='word_1_112' title='bbox 2684 643 2791 695; x_wconf 87' lang='grc' dir='ltr'><em>τὸν</em></span> <span class='ocrx_word' id='word_1_113' title='bbox 2842 645 3059 712; x_wconf 70' lang='grc' dir='ltr'><em>μηδενὶ</em></span> <span class='ocrx_word' id='word_1_114' title='bbox 3108 648 3447 718; x_wconf 67' lang='grc' dir='ltr'><em>ἐγκλήματι</em></span> <span class='ocrx_word' id='word_1_115' title='bbox 3500 653 3814 720; x_wconf 79' lang='grc' dir='ltr'><em>γενόμενον</em></span> 
     </span>
    </p>
   </div>
   <div class='ocr_carea' id='block_1_20' title="bbox 2227 731 3815 812">
    <p class='ocr_par' dir='ltr' id='par_1_20' title="bbox 2227 731 3815 812">
     <span class='ocr_line' id='line_1_20' title="bbox 2227 731 3815 812; baseline 0.009 -28"><span class='ocrx_word' id='word_1_116' title='bbox 2227 731 2451 801; x_wconf 75' lang='grc' dir='ltr'><em>ἔνοχον</em></span> <span class='ocrx_word' id='word_1_117' title='bbox 2499 737 2613 788; x_wconf 79' lang='grc' dir='ltr'><em>οὐκ</em></span> <span class='ocrx_word' id='word_1_118' title='bbox 2643 737 2803 804; x_wconf 75' lang='grc' dir='ltr'><em>οἶμαι</em></span> <span class='ocrx_word' id='word_1_119' title='bbox 2832 737 2968 790; x_wconf 82' lang='grc' dir='ltr'><em>δεῖν</em></span> <span class='ocrx_word' id='word_1_120' title='bbox 2999 741 3350 809; x_wconf 78' lang='grc' dir='ltr'><em>κωλυθῆναι</em></span> <span class='ocrx_word' id='word_1_121' title='bbox 3399 744 3501 798; x_wconf 79' lang='grc' dir='ltr'><em>διὰ</em></span> <span class='ocrx_word' id='word_1_122' title='bbox 3558 745 3677 812; x_wconf 77' lang='grc' dir='ltr'><em>τὴν</em></span> <span class='ocrx_word' id='word_1_123' title='bbox 3724 746 3815 798; x_wconf 78' lang='grc' dir='ltr'><em>τοῦ</em></span> 
     </span>
    </p>
   </div>
   <div class='ocr_carea' id='block_1_21' title="bbox 2220 829 3327 900">
    <p class='ocr_par' dir='ltr' id='par_1_21' title="bbox 2220 829 3327 900">
     <span class='ocr_line' id='line_1_21' title="bbox 2220 829 3327 900; baseline 0.007 -21"><span class='ocrx_word' id='word_1_124' title='bbox 2220 829 2568 897; x_wconf 81' lang='grc' dir='ltr'><em>μοναχικοῦ</em></span> <span class='ocrx_word' id='word_1_125' title='bbox 2601 831 2918 897; x_wconf 79' lang='grc' dir='ltr'><em>σχήματος</em></span> <span class='ocrx_word' id='word_1_126' title='bbox 2959 834 3327 900; x_wconf 84' lang='grc' dir='ltr'><em>σεμνότητα.</em></span> 
     </span>
    </p>
   </div>
   <div class='ocr_carea' id='block_1_22' title="bbox 2308 920 3810 994">
    <p class='ocr_par' dir='ltr' id='par_1_22' title="bbox 2308 920 3810 994">
     <span class='ocr_line' id='line_1_22' title="bbox 2308 920 3810 994; baseline 0.005 -21"><span class='ocrx_word' id='word_1_127' title='bbox 2308 920 2577 975; x_wconf 77' lang='lat' dir='ltr'><strong><em>EPMHN.</em></strong></span> <span class='ocrx_word' id='word_1_128' title='bbox 2625 923 2821 985; x_wconf 80' lang='grc' dir='ltr'><em>Καλῶς</em></span> <span class='ocrx_word' id='word_1_129' title='bbox 2856 924 2948 975; x_wconf 78' lang='grc' dir='ltr'><em>καὶ</em></span> <span class='ocrx_word' id='word_1_130' title='bbox 2984 925 3128 976; x_wconf 71' lang='grc' dir='ltr'><em>κατὰ</em></span> <span class='ocrx_word' id='word_1_131' title='bbox 3154 925 3257 994; x_wconf 81' lang='grc' dir='ltr'><em>τὴν</em></span> <span class='ocrx_word' id='word_1_132' title='bbox 3291 925 3403 977; x_wconf 82' lang='grc' dir='ltr'><em>τῶν</em></span> <span class='ocrx_word' id='word_1_133' title='bbox 3437 926 3605 979; x_wconf 79' lang='grc' dir='ltr'><em>ϐείων</em></span> <span class='ocrx_word' id='word_1_134' title='bbox 3660 928 3810 980; x_wconf 62' lang='lat' dir='ltr'><strong><em>xcvi-</em></strong></span> 
     </span>
    </p>
   </div>
   <div class='ocr_carea' id='block_1_23' title="bbox 2226 1015 3817 1087">
    <p class='ocr_par' dir='ltr' id='par_1_23' title="bbox 2226 1015 3817 1087">
     <span class='ocr_line' id='line_1_23' title="bbox 2226 1015 3817 1087; baseline 0.002 -19"><span class='ocrx_word' id='word_1_135' title='bbox 2226 1032 2333 1068; x_wconf 87' lang='grc' dir='ltr'><strong><em>νων</em></strong></span> <span class='ocrx_word' id='word_1_136' title='bbox 2366 1015 2666 1083; x_wconf 78' lang='grc' dir='ltr'><em>παράδοσιν</em></span> <span class='ocrx_word' id='word_1_137' title='bbox 2695 1016 3149 1087; x_wconf 76' lang='grc' dir='ltr'><strong><em>ἀποκριναμένης</em></strong></span> <span class='ocrx_word' id='word_1_138' title='bbox 3180 1018 3282 1085; x_wconf 82' lang='grc' dir='ltr'><em>τῆς</em></span> <span class='ocrx_word' id='word_1_139' title='bbox 3354 1018 3524 1085; x_wconf 79' lang='grc' dir='ltr'><em>ἁγίας</em></span> <span class='ocrx_word' id='word_1_140' title='bbox 3609 1020 3817 1071; x_wconf 77' lang='grc' dir='ltr'><em>συνόδου</em></span> 
     </span>
    </p>
   </div>
   <div class='ocr_carea' id='block_1_24' title="bbox 2232 1104 3821 1181">
    <p class='ocr_par' dir='ltr' id='par_1_24' title="bbox 2232 1104 3821 1181">
     <span class='ocr_line' id='line_1_24' title="bbox 2232 1104 3821 1181; baseline 0.004 -23"><span class='ocrx_word' id='word_1_141' title='bbox 2232 1107 2372 1176; x_wconf 76' lang='grc' dir='ltr'><em>πρὸς</em></span> <span class='ocrx_word' id='word_1_142' title='bbox 2407 1106 2506 1177; x_wconf 80' lang='grc' dir='ltr'><em>τὴν</em></span> <span class='ocrx_word' id='word_1_143' title='bbox 2534 1107 2825 1178; x_wconf 75' lang='grc' dir='ltr'><em>ἐρώτησιν,</em></span> <span class='ocrx_word' id='word_1_144' title='bbox 2859 1104 3016 1161; x_wconf 77' lang='grc' dir='ltr'><em>εἶπόν</em></span> <span class='ocrx_word' id='word_1_145' title='bbox 3050 1126 3193 1171; x_wconf 74' lang='grc' dir='ltr'><em>τινες</em></span> <span class='ocrx_word' id='word_1_146' title='bbox 3234 1110 3308 1171; x_wconf 84' lang='grc' dir='ltr'><em>ὡς</em></span> <span class='ocrx_word' id='word_1_147' title='bbox 3343 1112 3404 1162; x_wconf 62' lang='grc' dir='ltr'><strong><em>τδ</em></strong></span> <span class='ocrx_word' id='word_1_148' title='bbox 3449 1111 3555 1179; x_wconf 81' lang='grc' dir='ltr'><em>μὲν</em></span> <span class='ocrx_word' id='word_1_149' title='bbox 3589 1113 3664 1181; x_wconf 80' lang='grc' dir='ltr'><em>μὴ</em></span> <span class='ocrx_word' id='word_1_150' title='bbox 3700 1115 3821 1165; x_wconf 75' lang='lat' dir='ltr'><strong><em>tiva-</em></strong></span> 
     </span>
    </p>
   </div>
   <div class='ocr_carea' id='block_1_25' title="bbox 2224 1196 3819 1272">
    <p class='ocr_par' dir='ltr' id='par_1_25' title="bbox 2224 1196 3819 1272">
     <span class='ocr_line' id='line_1_25' title="bbox 2224 1196 3819 1272; baseline 0.003 -22"><span class='ocrx_word' id='word_1_151' title='bbox 2224 1196 2515 1267; x_wconf 75' lang='grc' dir='ltr'><em>γινώσκειν</em></span> <span class='ocrx_word' id='word_1_152' title='bbox 2571 1199 2660 1252; x_wconf 74' lang='grc' dir='ltr'><strong><em>ἐπ’</em></strong></span> <span class='ocrx_word' id='word_1_153' title='bbox 2692 1199 2947 1269; x_wconf 82' lang='grc' dir='ltr'><em>ἄμϐωνος</em></span> <span class='ocrx_word' id='word_1_154' title='bbox 2983 1202 3109 1264; x_wconf 63' lang='grc' dir='ltr'><em>τοῦς</em></span> <span class='ocrx_word' id='word_1_155' title='bbox 3156 1201 3232 1272; x_wconf 81' lang='grc' dir='ltr'><em>μὴ</em></span> <span class='ocrx_word' id='word_1_156' title='bbox 3275 1202 3550 1265; x_wconf 72' lang='grc' dir='ltr'><em>λαϐόντας</em></span> <span class='ocrx_word' id='word_1_157' title='bbox 3584 1203 3819 1268; x_wconf 69' lang='grc' dir='ltr'><em>ἀναγνώ-</em></span> 
     </span>
    </p>
   </div>
   <div class='ocr_carea' id='block_1_26' title="bbox 2225 1290 3820 1360">
    <p class='ocr_par' dir='ltr' id='par_1_26' title="bbox 2225 1290 3820 1360">
     <span class='ocr_line' id='line_1_26' title="bbox 2225 1290 3820 1360; baseline 0.001 -20"><span class='ocrx_word' id='word_1_158' title='bbox 2225 1304 2354 1341; x_wconf 88' lang='grc' dir='ltr'><em>στου</em></span> <span class='ocrx_word' id='word_1_159' title='bbox 2388 1290 2665 1359; x_wconf 79' lang='grc' dir='ltr'><em>σφραγῖδα</em></span> <span class='ocrx_word' id='word_1_160' title='bbox 2693 1292 2964 1360; x_wconf 71' lang='grc' dir='ltr'><em>μοναχοὺς</em></span> <span class='ocrx_word' id='word_1_161' title='bbox 2994 1292 3341 1345; x_wconf 81' lang='grc' dir='ltr'><em>άδιάστικτόν</em></span> <span class='ocrx_word' id='word_1_162' title='bbox 3374 1295 3495 1345; x_wconf 72' lang='grc' dir='ltr'><em>ἐστι</em></span> <span class='ocrx_word' id='word_1_163' title='bbox 3521 1312 3533 1325; x_wconf 92' lang='grc'>·</span> <span class='ocrx_word' id='word_1_164' title='bbox 3573 1294 3636 1345; x_wconf 77' lang='grc' dir='ltr'><em>τὸ</em></span> <span class='ocrx_word' id='word_1_165' title='bbox 3662 1294 3716 1345; x_wconf 74' lang='grc' dir='ltr'><em>δὲ</em></span> <span class='ocrx_word' id='word_1_166' title='bbox 3740 1296 3820 1344; x_wconf 77' lang='grc' dir='ltr'><strong><em>ἐγ-</em></strong></span> 
     </span>
    </p>
   </div>
   <div class='ocr_carea' id='block_1_27' title="bbox 2224 1381 3821 1454">
    <p class='ocr_par' dir='ltr' id='par_1_27' title="bbox 2224 1381 3821 1454">
     <span class='ocr_line' id='line_1_27' title="bbox 2224 1381 3821 1454; baseline 0.002 -21"><span class='ocrx_word' id='word_1_167' title='bbox 2224 1381 2537 1452; x_wconf 79' lang='grc' dir='ltr'><em>χωρηϐἦναι</em></span> <span class='ocrx_word' id='word_1_168' title='bbox 2564 1382 2739 1435; x_wconf 77' lang='grc' dir='ltr'><em>πάντα</em></span> <span class='ocrx_word' id='word_1_169' title='bbox 2772 1383 3246 1453; x_wconf 77' lang='grc' dir='ltr'><em>περιϐεϐλημένον</em></span> <span class='ocrx_word' id='word_1_170' title='bbox 3302 1385 3494 1452; x_wconf 76' lang='grc' dir='ltr'><em>σχῆμα</em></span> <span class='ocrx_word' id='word_1_171' title='bbox 3529 1385 3821 1454; x_wconf 74' lang='grc' dir='ltr'><em>μοναχικδν</em></span> 
     </span>
    </p>
   </div>
   <div class='ocr_carea' id='block_1_28' title="bbox 2221 1472 3823 1545">
    <p class='ocr_par' dir='ltr' id='par_1_28' title="bbox 2221 1472 3823 1545">
     <span class='ocr_line' id='line_1_28' title="bbox 2221 1472 3823 1545; baseline 0.001 -20"><span class='ocrx_word' id='word_1_172' title='bbox 2221 1473 2449 1525; x_wconf 79' lang='grc' dir='ltr'><em>εἰσιέναι</em></span> <span class='ocrx_word' id='word_1_173' title='bbox 2482 1473 2561 1537; x_wconf 81' lang='grc' dir='ltr'><strong><em>είς</em></strong></span> <span class='ocrx_word' id='word_1_174' title='bbox 2583 1473 2645 1525; x_wconf 82' lang='grc' dir='ltr'><em>τὸ</em></span> <span class='ocrx_word' id='word_1_175' title='bbox 2677 1472 3067 1545; x_wconf 60' lang='grc' dir='ltr'><em>(θυσιαστήριον</em></span> <span class='ocrx_word' id='word_1_176' title='bbox 3135 1476 3257 1528; x_wconf 70' lang='grc' dir='ltr'><em>οὐδὲ</em></span> <span class='ocrx_word' id='word_1_177' title='bbox 3308 1475 3689 1538; x_wconf 79' lang='grc' dir='ltr'><em>άδιαστίκτως</em></span> <span class='ocrx_word' id='word_1_178' title='bbox 3725 1494 3823 1527; x_wconf 74' lang='grc' dir='ltr'><em>πα-</em></span> 
     </span>
    </p>
   </div>
   <div class='ocr_carea' id='block_1_29' title="bbox 2226 1564 3825 1635">
    <p class='ocr_par' dir='ltr' id='par_1_29' title="bbox 2226 1564 3825 1635">
     <span class='ocr_line' id='line_1_29' title="bbox 2226 1564 3825 1635; baseline 0 -18"><span class='ocrx_word' id='word_1_179' title='bbox 2226 1564 2665 1635; x_wconf 79' lang='grc' dir='ltr'><em>ραληφθήσεται.</em></span> <span class='ocrx_word' id='word_1_180' title='bbox 2719 1565 2860 1619; x_wconf 83' lang='grc' dir='ltr'><em>Ἀλλ’</em></span> <span class='ocrx_word' id='word_1_181' title='bbox 2893 1566 3177 1633; x_wconf 77' lang='grc' dir='ltr'><strong><em>ὲπεὶόξῢ¹</em></strong></span> <span class='ocrx_word' id='word_1_182' title='bbox 3241 1568 3425 1621; x_wconf 77' lang='grc' dir='ltr'><em>κανὼν</em></span> <span class='ocrx_word' id='word_1_183' title='bbox 3483 1570 3588 1635; x_wconf 74' lang='grc' dir='ltr'><em>τῆς</em></span> <span class='ocrx_word' id='word_1_184' title='bbox 3648 1570 3707 1620; x_wconf 81' lang='grc' dir='ltr'><em>ἐν</em></span> <span class='ocrx_word' id='word_1_185' title='bbox 3754 1569 3825 1632; x_wconf 61' lang='grc' dir='ltr'><em>τῷ</em></span> 
     </span>
    </p>
   </div>
   <div class='ocr_carea' id='block_1_30' title="bbox 2224 1654 3826 1727">
    <p class='ocr_par' dir='ltr' id='par_1_30' title="bbox 2224 1654 3826 1727">
     <span class='ocr_line' id='line_1_30' title="bbox 2224 1654 3826 1727; baseline 0.001 -19"><span class='ocrx_word' id='word_1_186' title='bbox 2224 1656 2486 1727; x_wconf 87' lang='grc' dir='ltr'><em>Τρούλλῳ</em></span> <span class='ocrx_word' id='word_1_187' title='bbox 2523 1656 2748 1709; x_wconf 85' lang='grc' dir='ltr'><em>συνόδου</em></span> <span class='ocrx_word' id='word_1_188' title='bbox 2782 1657 3084 1727; x_wconf 77' lang='grc' dir='ltr'><em>διορίζεται</em></span> <span class='ocrx_word' id='word_1_189' title='bbox 3119 1658 3322 1712; x_wconf 78' lang='grc' dir='ltr'><em>ἄϐατον</em></span> <span class='ocrx_word' id='word_1_190' title='bbox 3354 1654 3502 1710; x_wconf 85' lang='grc' dir='ltr'><em>εἶναι</em></span> <span class='ocrx_word' id='word_1_191' title='bbox 3534 1660 3651 1719; x_wconf 87' lang='grc' dir='ltr'><em>τοῖς</em></span> <span class='ocrx_word' id='word_1_192' title='bbox 3717 1658 3826 1709; x_wconf 74' lang='grc' dir='ltr'><em>λαῖ-</em></span> 
     </span>
    </p>
   </div>
   <div class='ocr_carea' id='block_1_31' title="bbox 546 1734 2128 1822">
    <p class='ocr_par' dir='ltr' id='par_1_31' title="bbox 546 1734 2123 1805">
     <span class='ocr_line' id='line_1_31' title="bbox 546 1734 2123 1805; baseline -0.004 -12"><span class='ocrx_word' id='word_1_193' title='bbox 546 1736 690 1793; x_wconf 77' lang='lat' dir='ltr'><strong><em>chali</em></strong></span> <span class='ocrx_word' id='word_1_194' title='bbox 723 1736 907 1790; x_wconf 84' lang='lat' dir='ltr'><strong><em>habitu</em></strong></span> <span class='ocrx_word' id='word_1_195' title='bbox 941 1736 1193 1805; x_wconf 78' lang='lat' dir='ltr'><strong><em>dignatus</em></strong></span> <span class='ocrx_word' id='word_1_196' title='bbox 1226 1745 1330 1801; x_wconf 85' lang='lat' dir='ltr'><strong><em>est,</em></strong></span> <span class='ocrx_word' id='word_1_197' title='bbox 1363 1747 1641 1790; x_wconf 84' lang='lat' dir='ltr'><strong><em>tonsuram</em></strong></span> <span class='ocrx_word' id='word_1_198' title='bbox 1668 1734 1833 1789; x_wconf 77' lang='lat' dir='ltr'><strong><em>etiam</em></strong></span> <span class='ocrx_word' id='word_1_199' title='bbox 1859 1742 1944 1788; x_wconf 91' lang='lat' dir='ltr'><strong><em>est</em></strong></span> <span class='ocrx_word' id='word_1_200' title='bbox 1970 1746 2123 1787; x_wconf 86' lang='lat' dir='ltr'><strong><em>asse-</em></strong></span> 
     </span>
    </p>
   </div>
   <div class='ocr_carea' id='block_1_32' title="bbox 2239 1734 3829 1822">
    <p class='ocr_par' dir='ltr' id='par_1_32' title="bbox 2239 1748 3829 1822">
     <span class='ocr_line' id='line_1_32' title="bbox 2239 1748 3829 1822; baseline 0.001 -21"><span class='ocrx_word' id='word_1_201' title='bbox 2239 1753 2343 1813; x_wconf 65' lang='grc' dir='ltr'><em>κοῖς</em></span> <span class='ocrx_word' id='word_1_202' title='bbox 2370 1748 2430 1803; x_wconf 84' lang='grc' dir='ltr'><em>τὺ</em></span> <span class='ocrx_word' id='word_1_203' title='bbox 2487 1749 2645 1816; x_wconf 81' lang='grc' dir='ltr'><em>ἆγιον</em></span> <span class='ocrx_word' id='word_1_204' title='bbox 2674 1749 3093 1822; x_wconf 82' lang='grc' dir='ltr'><em>θυσιαστήριον,</em></span> <span class='ocrx_word' id='word_1_205' title='bbox 3128 1754 3176 1803; x_wconf 85' lang='grc' dir='ltr'><strong><em>εί</em></strong></span> <span class='ocrx_word' id='word_1_206' title='bbox 3214 1753 3313 1822; x_wconf 76' lang='grc' dir='ltr'><em>μὲν</em></span> <span class='ocrx_word' id='word_1_207' title='bbox 3346 1754 3373 1804; x_wconf 90' lang='grc' dir='ltr'><strong>ὀ</strong></span> <span class='ocrx_word' id='word_1_208' title='bbox 3431 1751 3528 1802; x_wconf 74' lang='grc' dir='ltr'><em>τοῦ</em></span> <span class='ocrx_word' id='word_1_209' title='bbox 3602 1768 3829 1821; x_wconf 77' lang='grc' dir='ltr'><em>μοναχι-</em></span> 
     </span>
    </p>
   </div>
   <div class='ocr_carea' id='block_1_33' title="bbox 553 1815 2128 1914">
    <p class='ocr_par' dir='ltr' id='par_1_33' title="bbox 553 1825 2125 1896">
     <span class='ocr_line' id='line_1_33' title="bbox 553 1825 2125 1896; baseline -0.003 -14"><span class='ocrx_word' id='word_1_210' title='bbox 553 1837 727 1893; x_wconf 77' lang='lat' dir='ltr'><strong><em>entus,</em></strong></span> <span class='ocrx_word' id='word_1_211' title='bbox 787 1828 854 1881; x_wconf 87' lang='lat' dir='ltr'><strong><em>ad</em></strong></span> <span class='ocrx_word' id='word_1_212' title='bbox 899 1839 1147 1881; x_wconf 89' lang='lat' dir='ltr'><strong><em>sanctum</em></strong></span> <span class='ocrx_word' id='word_1_213' title='bbox 1200 1826 1372 1880; x_wconf 88' lang='lat' dir='ltr'><strong><em>altare</em></strong></span> <span class='ocrx_word' id='word_1_214' title='bbox 1408 1832 1527 1881; x_wconf 85' lang='lat' dir='ltr'><strong><em>sine</em></strong></span> <span class='ocrx_word' id='word_1_215' title='bbox 1576 1826 1682 1880; x_wconf 90' lang='lat' dir='ltr'><strong><em>ullo</em></strong></span> <span class='ocrx_word' id='word_1_216' title='bbox 1735 1825 2125 1896; x_wconf 73' lang='lat' dir='ltr'><strong><em>impedimento</em></strong></span> 
     </span>
    </p>
   </div>
   <div class='ocr_carea' id='block_1_34' title="bbox 2239 1815 3801 1914">
    <p class='ocr_par' dir='ltr' id='par_1_34' title="bbox 2239 1842 3801 1914">
     <span class='ocr_line' id='line_1_34' title="bbox 2239 1842 3801 1914; baseline 0.001 -20"><span class='ocrx_word' id='word_1_217' title='bbox 2239 1842 2339 1895; x_wconf 71' lang='grc' dir='ltr'><em>κοῦ</em></span> <span class='ocrx_word' id='word_1_218' title='bbox 2363 1843 2646 1913; x_wconf 84' lang='grc' dir='ltr'><em>σχήματος</em></span> <span class='ocrx_word' id='word_1_219' title='bbox 2712 1844 3075 1908; x_wconf 76' lang='grc' dir='ltr'><em>καταξιωΘεὶς</em></span> <span class='ocrx_word' id='word_1_220' title='bbox 3126 1847 3226 1898; x_wconf 70' lang='grc' dir='ltr'><em>καὶ</em></span> <span class='ocrx_word' id='word_1_221' title='bbox 3274 1846 3657 1914; x_wconf 81' lang='grc' dir='ltr'><em>ἀποκάρσεως</em></span> <span class='ocrx_word' id='word_1_222' title='bbox 3714 1846 3801 1896; x_wconf 79' lang='grc' dir='ltr'><em>ἕτυ</em></span> 
     </span>
    </p>
   </div>
   <div class='ocr_carea' id='block_1_35' title="bbox 555 1919 2122 1990">
    <p class='ocr_par' dir='ltr' id='par_1_35' title="bbox 555 1919 2122 1990">
     <span class='ocr_line' id='line_1_35' title="bbox 555 1919 2122 1990; baseline -0.001 -17"><span class='ocrx_word' id='word_1_223' title='bbox 555 1920 805 1975; x_wconf 73' lang='lat' dir='ltr'><strong><em>accedet:</em></strong></span> <span class='ocrx_word' id='word_1_224' title='bbox 842 1920 924 1974; x_wconf 91' lang='lat' dir='ltr'><strong><em>sin</em></strong></span> <span class='ocrx_word' id='word_1_225' title='bbox 965 1930 1185 1989; x_wconf 86' lang='lat' dir='ltr'><strong><em>propter</em></strong></span> <span class='ocrx_word' id='word_1_226' title='bbox 1224 1919 1600 1990; x_wconf 89' lang='lat' dir='ltr'><strong><em>probationem</em></strong></span> <span class='ocrx_word' id='word_1_227' title='bbox 1648 1919 1805 1987; x_wconf 81' lang='lat' dir='ltr'><strong><em>juxta</em></strong></span> <span class='ocrx_word' id='word_1_228' title='bbox 1862 1933 2122 1983; x_wconf 83' lang='lat' dir='ltr'><strong><em>canones,</em></strong></span> 
     </span>
    </p>
   </div>
   <div class='ocr_carea' id='block_1_36' title="bbox 553 2012 2124 2081">
    <p class='ocr_par' dir='ltr' id='par_1_36' title="bbox 553 2012 2124 2081">
     <span class='ocr_line' id='line_1_36' title="bbox 553 2012 2124 2081; baseline -0.002 -15"><span class='ocrx_word' id='word_1_229' title='bbox 553 2013 882 2067; x_wconf 81' lang='lat' dir='ltr'><strong><em>monasticas</em></strong></span> <span class='ocrx_word' id='word_1_230' title='bbox 910 2014 1147 2067; x_wconf 87' lang='lat' dir='ltr'><strong><em>induerit</em></strong></span> <span class='ocrx_word' id='word_1_231' title='bbox 1179 2022 1384 2077; x_wconf 81' lang='lat' dir='ltr'><strong><em>vestes,</em></strong></span> <span class='ocrx_word' id='word_1_232' title='bbox 1415 2027 1552 2081; x_wconf 86' lang='lat' dir='ltr'><strong><em>quas</em></strong></span> <span class='ocrx_word' id='word_1_233' title='bbox 1585 2014 1747 2066; x_wconf 88' lang='lat' dir='ltr'><strong><em>etiam</em></strong></span> <span class='ocrx_word' id='word_1_234' title='bbox 1774 2012 1919 2065; x_wconf 89' lang='lat' dir='ltr'><strong><em>inter</em></strong></span> <span class='ocrx_word' id='word_1_235' title='bbox 1954 2012 2124 2065; x_wconf 86' lang='lat' dir='ltr'><strong><em>trien-</em></strong></span> 
     </span>
    </p>
   </div>
   <div class='ocr_carea' id='block_1_37' title="bbox 552 2100 2126 2173">
    <p class='ocr_par' dir='ltr' id='par_1_37' title="bbox 552 2100 2126 2173">
     <span class='ocr_line' id='line_1_37' title="bbox 552 2100 2126 2173; baseline -0.003 -17"><span class='ocrx_word' id='word_1_236' title='bbox 552 2105 692 2157; x_wconf 88' lang='lat' dir='ltr'><strong><em>nium</em></strong></span> <span class='ocrx_word' id='word_1_237' title='bbox 712 2102 983 2172; x_wconf 87' lang='lat' dir='ltr'><strong><em>deponere</em></strong></span> <span class='ocrx_word' id='word_1_238' title='bbox 1012 2105 1059 2157; x_wconf 87' lang='lat' dir='ltr'><strong><em>ei</em></strong></span> <span class='ocrx_word' id='word_1_239' title='bbox 1085 2104 1411 2173; x_wconf 86' lang='lat' dir='ltr'><strong><em>permissum</em></strong></span> <span class='ocrx_word' id='word_1_240' title='bbox 1442 2109 1548 2167; x_wconf 87' lang='lat' dir='ltr'><strong><em>est,</em></strong></span> <span class='ocrx_word' id='word_1_241' title='bbox 1573 2104 1639 2157; x_wconf 88' lang='lat' dir='ltr'><strong><em>ad</em></strong></span> <span class='ocrx_word' id='word_1_242' title='bbox 1666 2110 1918 2156; x_wconf 90' lang='lat' dir='ltr'><strong><em>sanctum</em></strong></span> <span class='ocrx_word' id='word_1_243' title='bbox 1952 2100 2126 2154; x_wconf 85' lang='lat' dir='ltr'><strong><em>altare</em></strong></span> 
     </span>
    </p>
   </div>
   <div class='ocr_carea' id='block_1_38' title="bbox 555 2190 2122 2265">
    <p class='ocr_par' dir='ltr' id='par_1_38' title="bbox 555 2190 2122 2265">
     <span class='ocr_line' id='line_1_38' title="bbox 555 2190 2122 2265; baseline -0.004 -16"><span class='ocrx_word' id='word_1_244' title='bbox 555 2209 647 2265; x_wconf 89' lang='lat' dir='ltr'><strong><em>pro</em></strong></span> <span class='ocrx_word' id='word_1_245' title='bbox 679 2194 783 2249; x_wconf 88' lang='lat' dir='ltr'><strong><em>ulla</em></strong></span> <span class='ocrx_word' id='word_1_246' title='bbox 812 2210 976 2250; x_wconf 87' lang='lat' dir='ltr'><strong><em>causa</em></strong></span> <span class='ocrx_word' id='word_1_247' title='bbox 1020 2209 1126 2249; x_wconf 92' lang='lat' dir='ltr'><strong><em>non</em></strong></span> <span class='ocrx_word' id='word_1_248' title='bbox 1162 2195 1520 2264; x_wconf 75' lang='lat' dir='ltr'><strong><em>ingredietur,</em></strong></span> <span class='ocrx_word' id='word_1_249' title='bbox 1558 2203 1617 2248; x_wconf 89' lang='lat' dir='ltr'><strong><em>ut</em></strong></span> <span class='ocrx_word' id='word_1_250' title='bbox 1665 2193 1755 2261; x_wconf 90' lang='lat' dir='ltr'><strong><em>qui</em></strong></span> <span class='ocrx_word' id='word_1_251' title='bbox 1790 2190 2036 2246; x_wconf 90' lang='lat' dir='ltr'><strong><em>nondum</em></strong></span> <span class='ocrx_word' id='word_1_252' title='bbox 2073 2192 2122 2243; x_wconf 94' lang='lat' dir='ltr'><strong><em>in</em></strong></span> 
     </span>
    </p>
   </div>
   <div class='ocr_carea' id='block_1_39' title="bbox 555 2284 2126 2351">
    <p class='ocr_par' dir='ltr' id='par_1_39' title="bbox 555 2284 2126 2351">
     <span class='ocr_line' id='line_1_39' title="bbox 555 2284 2126 2351; baseline -0.003 -11"><span class='ocrx_word' id='word_1_253' title='bbox 555 2288 939 2343; x_wconf 85' lang='lat' dir='ltr'><strong><em>monachorum</em></strong></span> <span class='ocrx_word' id='word_1_254' title='bbox 971 2289 1216 2341; x_wconf 87' lang='lat' dir='ltr'><strong><em>ordinem</em></strong></span> <span class='ocrx_word' id='word_1_255' title='bbox 1276 2288 1478 2343; x_wconf 87' lang='lat' dir='ltr'><strong><em>relatus</em></strong></span> <span class='ocrx_word' id='word_1_256' title='bbox 1511 2288 1601 2351; x_wconf 90' lang='lat' dir='ltr'><strong><em>sil,</em></strong></span> <span class='ocrx_word' id='word_1_257' title='bbox 1631 2287 1723 2339; x_wconf 90' lang='lat' dir='ltr'><strong><em>sed</em></strong></span> <span class='ocrx_word' id='word_1_258' title='bbox 1756 2286 1931 2337; x_wconf 83' lang='lat' dir='ltr'><strong><em>adhuc</em></strong></span> <span class='ocrx_word' id='word_1_259' title='bbox 1957 2284 2126 2336; x_wconf 80' lang='lat' dir='ltr'><strong><em>laicus</em></strong></span> 
     </span>
    </p>
   </div>
   <div class='ocr_carea' id='block_1_40' title="bbox 556 2375 2125 2448">
    <p class='ocr_par' dir='ltr' id='par_1_40' title="bbox 556 2375 2125 2448">
     <span class='ocr_line' id='line_1_40' title="bbox 556 2375 2125 2448; baseline -0.003 -16"><span class='ocrx_word' id='word_1_260' title='bbox 556 2389 652 2432; x_wconf 78' lang='lat' dir='ltr'><strong><em>est.</em></strong></span> <span class='ocrx_word' id='word_1_261' title='bbox 686 2377 1011 2432; x_wconf 82' lang='lat' dir='ltr'><strong><em>Mihiautem</em></strong></span> <span class='ocrx_word' id='word_1_262' title='bbox 1050 2379 1263 2433; x_wconf 84' lang='lat' dir='ltr'><strong><em>videtur</em></strong></span> <span class='ocrx_word' id='word_1_263' title='bbox 1293 2395 1398 2433; x_wconf 89' lang='lat' dir='ltr'><strong><em>non</em></strong></span> <span class='ocrx_word' id='word_1_264' title='bbox 1452 2393 1611 2448; x_wconf 88' lang='lat' dir='ltr'><strong><em>posse</em></strong></span> <span class='ocrx_word' id='word_1_265' title='bbox 1661 2378 1995 2445; x_wconf 87' lang='lat' dir='ltr'><strong><em>quempiam,</em></strong></span> <span class='ocrx_word' id='word_1_266' title='bbox 2031 2375 2125 2444; x_wconf 90' lang='lat' dir='ltr'><strong><em>qui</em></strong></span> 
     </span>
    </p>
   </div>
   <div class='ocr_carea' id='block_1_41' title="bbox 554 2467 2121 2536">
    <p class='ocr_par' dir='ltr' id='par_1_41' title="bbox 554 2467 2121 2536">
     <span class='ocr_line' id='line_1_41' title="bbox 554 2467 2121 2536; baseline -0.004 -13"><span class='ocrx_word' id='word_1_267' title='bbox 554 2479 767 2523; x_wconf 62' lang='lat' dir='ltr'><strong><em>sanctas</em></strong></span> <span class='ocrx_word' id='word_1_268' title='bbox 798 2480 975 2524; x_wconf 78' lang='lat' dir='ltr'><strong><em>vestes</em></strong></span> <span class='ocrx_word' id='word_1_269' title='bbox 1013 2470 1120 2524; x_wconf 92' lang='lat' dir='ltr'><strong><em>ullo</em></strong></span> <span class='ocrx_word' id='word_1_270' title='bbox 1144 2470 1304 2524; x_wconf 90' lang='lat' dir='ltr'><strong><em>modo</em></strong></span> <span class='ocrx_word' id='word_1_271' title='bbox 1334 2470 1559 2523; x_wconf 89' lang='lat' dir='ltr'><strong><em>indutus</em></strong></span> <span class='ocrx_word' id='word_1_272' title='bbox 1588 2478 1693 2535; x_wconf 90' lang='lat' dir='ltr'><strong><em>est,</em></strong></span> <span class='ocrx_word' id='word_1_273' title='bbox 1732 2483 1826 2523; x_wconf 87' lang='lat' dir='ltr'><strong><em>eas</em></strong></span> <span class='ocrx_word' id='word_1_274' title='bbox 1861 2467 2121 2536; x_wconf 76' lang='lat' dir='ltr'><strong><em>abjiecre,</em></strong></span> 
     </span>
    </p>
   </div>
   <div class='ocr_carea' id='block_1_42' title="bbox 554 2559 2127 2616">
    <p class='ocr_par' dir='ltr' id='par_1_42' title="bbox 554 2559 2127 2616">
     <span class='ocr_line' id='line_1_42' title="bbox 554 2559 2127 2616; baseline 0 -3"><span class='ocrx_word' id='word_1_275' title='bbox 554 2572 601 2614; x_wconf 78' lang='lat' dir='ltr'><strong><em>et</em></strong></span> <span class='ocrx_word' id='word_1_276' title='bbox 640 2562 870 2616; x_wconf 87' lang='lat' dir='ltr'><strong><em>ludibrio</em></strong></span> <span class='ocrx_word' id='word_1_277' title='bbox 898 2574 995 2615; x_wconf 85' lang='lat' dir='ltr'><strong><em>eas</em></strong></span> <span class='ocrx_word' id='word_1_278' title='bbox 1058 2563 1281 2616; x_wconf 84' lang='lat' dir='ltr'><strong><em>habere.</em></strong></span> <span class='ocrx_word' id='word_1_279' title='bbox 1321 2559 1440 2615; x_wconf 83' lang='lat' dir='ltr'><strong><em>Non</em></strong></span> <span class='ocrx_word' id='word_1_280' title='bbox 1492 2562 1634 2615; x_wconf 89' lang='lat' dir='ltr'><strong><em>enim</em></strong></span> <span class='ocrx_word' id='word_1_281' title='bbox 1689 2560 2001 2616; x_wconf 89' lang='lat' dir='ltr'><strong><em>debetcum</em></strong></span> <span class='ocrx_word' id='word_1_282' title='bbox 2035 2573 2127 2614; x_wconf 86' lang='lat' dir='ltr'><strong><em>ve-</em></strong></span> 
     </span>
    </p>
   </div>
   <div class='ocr_carea' id='block_1_43' title="bbox 555 2651 2127 2721">
    <p class='ocr_par' dir='ltr' id='par_1_43' title="bbox 555 2651 2127 2721">
     <span class='ocr_line' id='line_1_43' title="bbox 555 2651 2127 2721; baseline -0.003 -15"><span class='ocrx_word' id='word_1_283' title='bbox 555 2651 726 2706; x_wconf 79' lang='lat' dir='ltr'><strong><em>Stibus</em></strong></span> <span class='ocrx_word' id='word_1_284' title='bbox 759 2652 1076 2713; x_wconf 81' lang='lat' dir='ltr'><strong><em>monasticis</em></strong></span> <span class='ocrx_word' id='word_1_285' title='bbox 1110 2653 1350 2721; x_wconf 87' lang='lat' dir='ltr'><strong><em>probari,</em></strong></span> <span class='ocrx_word' id='word_1_286' title='bbox 1394 2651 1487 2705; x_wconf 85' lang='lat' dir='ltr'><strong><em>sed</em></strong></span> <span class='ocrx_word' id='word_1_287' title='bbox 1512 2666 1636 2705; x_wconf 92' lang='lat' dir='ltr'><strong><em>cum</em></strong></span> <span class='ocrx_word' id='word_1_288' title='bbox 1666 2652 1848 2705; x_wconf 83' lang='lat' dir='ltr'><strong><em>habitu</em></strong></span> <span class='ocrx_word' id='word_1_289' title='bbox 1888 2652 2046 2715; x_wconf 86' lang='lat' dir='ltr'><strong><em>laico,</em></strong></span> <span class='ocrx_word' id='word_1_290' title='bbox 2072 2659 2127 2703; x_wconf 88' lang='lat' dir='ltr'><strong><em>et</em></strong></span> 
     </span>
    </p>
   </div>
   <div class='ocr_carea' id='block_1_44' title="bbox 555 2743 2127 2813">
    <p class='ocr_par' dir='ltr' id='par_1_44' title="bbox 555 2743 2127 2813">
     <span class='ocr_line' id='line_1_44' title="bbox 555 2743 2127 2813; baseline 0 -18"><span class='ocrx_word' id='word_1_291' title='bbox 555 2744 677 2796; x_wconf 91' lang='lat' dir='ltr'><strong><em>ideo</em></strong></span> <span class='ocrx_word' id='word_1_292' title='bbox 717 2744 967 2797; x_wconf 89' lang='lat' dir='ltr'><strong><em>omnibus</em></strong></span> <span class='ocrx_word' id='word_1_293' title='bbox 1024 2744 1118 2813; x_wconf 89' lang='lat' dir='ltr'><strong><em>qui</em></strong></span> <span class='ocrx_word' id='word_1_294' title='bbox 1178 2758 1333 2798; x_wconf 89' lang='lat' dir='ltr'><strong><em>sacra</em></strong></span> <span class='ocrx_word' id='word_1_295' title='bbox 1380 2751 1531 2797; x_wconf 84' lang='lat' dir='ltr'><strong><em>veste</em></strong></span> <span class='ocrx_word' id='word_1_296' title='bbox 1589 2743 1762 2797; x_wconf 88' lang='lat' dir='ltr'><strong><em>induti</em></strong></span> <span class='ocrx_word' id='word_1_297' title='bbox 1823 2754 1974 2807; x_wconf 89' lang='lat' dir='ltr'><strong><em>sunt,</em></strong></span> <span class='ocrx_word' id='word_1_298' title='bbox 2023 2743 2127 2795; x_wconf 86' lang='lat' dir='ltr'><strong><em>erit</em></strong></span> 
     </span>
    </p>
   </div>
   <div class='ocr_carea' id='block_1_45' title="bbox 556 2832 2121 2901">
    <p class='ocr_par' dir='ltr' id='par_1_45' title="bbox 556 2832 2121 2901">
     <span class='ocr_line' id='line_1_45' title="bbox 556 2832 2121 2901; baseline 0 -17"><span class='ocrx_word' id='word_1_299' title='bbox 556 2832 752 2901; x_wconf 69' lang='lat' dir='ltr'><strong><em>absque</em></strong></span> <span class='ocrx_word' id='word_1_300' title='bbox 786 2832 895 2885; x_wconf 89' lang='lat' dir='ltr'><strong><em>ullo</em></strong></span> <span class='ocrx_word' id='word_1_301' title='bbox 940 2834 1253 2901; x_wconf 72' lang='lat' dir='ltr'><strong><em>praejudicio</em></strong></span> <span class='ocrx_word' id='word_1_302' title='bbox 1282 2835 1465 2887; x_wconf 84' lang='lat' dir='ltr'><strong><em>aditus</em></strong></span> <span class='ocrx_word' id='word_1_303' title='bbox 1496 2832 1565 2887; x_wconf 90' lang='lat' dir='ltr'><strong><em>ad</em></strong></span> <span class='ocrx_word' id='word_1_304' title='bbox 1633 2844 1885 2888; x_wconf 87' lang='lat' dir='ltr'><strong><em>sanctum</em></strong></span> <span class='ocrx_word' id='word_1_305' title='bbox 1931 2832 2121 2894; x_wconf 82' lang='lat' dir='ltr'><strong><em>altare,</em></strong></span> 
     </span>
    </p>
   </div>
   <div class='ocr_carea' id='block_1_46' title="bbox 554 2923 2124 2993">
    <p class='ocr_par' dir='ltr' id='par_1_46' title="bbox 554 2923 2124 2993">
     <span class='ocr_line' id='line_1_46' title="bbox 554 2923 2124 2993; baseline -0.001 -16"><span class='ocrx_word' id='word_1_306' title='bbox 554 2933 612 2977; x_wconf 89' lang='lat' dir='ltr'><strong><em>ut</em></strong></span> <span class='ocrx_word' id='word_1_307' title='bbox 682 2924 775 2993; x_wconf 90' lang='lat' dir='ltr'><strong><em>qui</em></strong></span> <span class='ocrx_word' id='word_1_308' title='bbox 822 2923 874 2977; x_wconf 91' lang='lat' dir='ltr'><strong><em>in</em></strong></span> <span class='ocrx_word' id='word_1_309' title='bbox 929 2923 1191 2977; x_wconf 89' lang='lat' dir='ltr'><strong><em>laicorum</em></strong></span> <span class='ocrx_word' id='word_1_310' title='bbox 1254 2924 1434 2978; x_wconf 86' lang='lat' dir='ltr'><strong><em>locum</em></strong></span> <span class='ocrx_word' id='word_1_311' title='bbox 1497 2926 1683 2979; x_wconf 83' lang='lat' dir='ltr'><strong><em>venire</em></strong></span> <span class='ocrx_word' id='word_1_312' title='bbox 1737 2940 1843 2979; x_wconf 89' lang='lat' dir='ltr'><strong><em>non</em></strong></span> <span class='ocrx_word' id='word_1_313' title='bbox 1892 2929 2124 2993; x_wconf 83' lang='lat' dir='ltr'><strong><em>possint.</em></strong></span> 
     </span>
    </p>
   </div>
   <div class='ocr_carea' id='block_1_47' title="bbox 552 3015 2115 3086">
    <p class='ocr_par' dir='ltr' id='par_1_47' title="bbox 552 3015 2115 3086">
     <span class='ocr_line' id='line_1_47' title="bbox 552 3015 2115 3086; baseline 0 -17"><span class='ocrx_word' id='word_1_314' title='bbox 552 3016 690 3086; x_wconf 76' lang='lat' dir='ltr'><strong><em>Lege</em></strong></span> <span class='ocrx_word' id='word_1_315' title='bbox 719 3015 881 3069; x_wconf 92' lang='lat' dir='ltr'><strong><em>etiam</em></strong></span> <span class='ocrx_word' id='word_1_316' title='bbox 915 3030 1035 3085; x_wconf 75' lang='lat' dir='ltr'><strong><em>quae</em></strong></span> <span class='ocrx_word' id='word_1_317' title='bbox 1085 3029 1113 3067; x_wconf 71' lang='grc' dir='ltr'><strong><em>ιι</em></strong></span> <span class='ocrx_word' id='word_1_318' title='bbox 1154 3016 1307 3069; x_wconf 83' lang='lat' dir='ltr'><strong><em>nobis</em></strong></span> <span class='ocrx_word' id='word_1_319' title='bbox 1349 3017 1548 3085; x_wconf 83' lang='lat' dir='ltr'><strong><em>scripta</em></strong></span> <span class='ocrx_word' id='word_1_320' title='bbox 1594 3026 1722 3072; x_wconf 77' lang='lat' dir='ltr'><strong><em>stitit</em></strong></span> <span class='ocrx_word' id='word_1_321' title='bbox 1792 3016 1845 3068; x_wconf 94' lang='lat' dir='ltr'><strong><em>in</em></strong></span> <span class='ocrx_word' id='word_1_322' title='bbox 1887 3032 2009 3069; x_wconf 77' lang='lat' dir='ltr'><strong><em>ean.</em></strong></span> <span class='ocrx_word' id='word_1_323' title='bbox 2049 3016 2115 3069; x_wconf 78' lang='grc'><strong><em>15</em></strong></span> 
     </span>
    </p>
   </div>
   <div class='ocr_carea' id='block_1_48' title="bbox 552 3106 750 3176">
    <p class='ocr_par' dir='ltr' id='par_1_48' title="bbox 552 3106 750 3176">
     <span class='ocr_line' id='line_1_48' title="bbox 552 3106 750 3176; baseline -0.005 -17"><span class='ocrx_word' id='word_1_324' title='bbox 552 3122 668 3176; x_wconf 77' lang='lat' dir='ltr'><strong><em>syn.</em></strong></span> <span class='ocrx_word' id='word_1_325' title='bbox 700 3106 750 3158; x_wconf 90' lang='lat'><strong><em>7.</em></strong></span> 
     </span>
    </p>
   </div>
   <div class='ocr_carea' id='block_1_49' title="bbox 1007 3282 1660 3344">
    <p class='ocr_par' dir='ltr' id='par_1_49' title="bbox 1007 3282 1660 3344">
     <span class='ocr_line' id='line_1_49' title="bbox 1007 3282 1660 3344; baseline -0.002 -1"><span class='ocrx_word' id='word_1_326' title='bbox 1007 3282 1534 3344; x_wconf 64' lang='lat' dir='ltr'><strong><em>iNTERROGSTlO</em></strong></span> <span class='ocrx_word' id='word_1_327' title='bbox 1596 3288 1660 3343; x_wconf 92' lang='lat' dir='ltr'><strong><em>ll.</em></strong></span> 
     </span>
    </p>
   </div>
   <div class='ocr_carea' id='block_1_50' title="bbox 620 3379 2117 3453">
    <p class='ocr_par' dir='ltr' id='par_1_50' title="bbox 620 3379 2117 3453">
     <span class='ocr_line' id='line_1_50' title="bbox 620 3379 2117 3453; baseline 0.003 -19"><span class='ocrx_word' id='word_1_328' title='bbox 620 3380 829 3435; x_wconf 78' lang='lat' dir='ltr'><strong><em>Annon</em></strong></span> <span class='ocrx_word' id='word_1_329' title='bbox 859 3392 1090 3450; x_wconf 78' lang='lat' dir='ltr'><strong><em>oporteat</em></strong></span> <span class='ocrx_word' id='word_1_330' title='bbox 1128 3384 1180 3435; x_wconf 88' lang='lat' dir='ltr'><strong><em>in</em></strong></span> <span class='ocrx_word' id='word_1_331' title='bbox 1227 3379 1459 3436; x_wconf 84' lang='lat' dir='ltr'><strong><em>Sabbato</em></strong></span> <span class='ocrx_word' id='word_1_332' title='bbox 1516 3397 1647 3451; x_wconf 86' lang='lat' dir='ltr'><strong><em>genu</em></strong></span> <span class='ocrx_word' id='word_1_333' title='bbox 1698 3384 1933 3453; x_wconf 82' lang='lat' dir='ltr'><strong><em>ﬂectere,</em></strong></span> <span class='ocrx_word' id='word_1_334' title='bbox 1981 3388 2117 3440; x_wconf 70' lang='lat' dir='ltr'><strong><em>sicut</em></strong></span> 
     </span>
    </p>
   </div>
   <div class='ocr_carea' id='block_1_51' title="bbox 554 3473 1569 3539">
    <p class='ocr_par' dir='ltr' id='par_1_51' title="bbox 554 3473 1569 3539">
     <span class='ocr_line' id='line_1_51' title="bbox 554 3473 1569 3539; baseline -0.002 -12"><span class='ocrx_word' id='word_1_335' title='bbox 554 3489 644 3527; x_wconf 85' lang='lat' dir='ltr'><strong><em>nec</em></strong></span> <span class='ocrx_word' id='word_1_336' title='bbox 671 3476 723 3527; x_wconf 86' lang='lat' dir='ltr'><strong><em>in</em></strong></span> <span class='ocrx_word' id='word_1_337' title='bbox 762 3474 1058 3539; x_wconf 85' lang='lat' dir='ltr'><strong><em>Dontinico,</em></strong></span> <span class='ocrx_word' id='word_1_338' title='bbox 1102 3474 1179 3528; x_wconf 81' lang='lat' dir='ltr'><strong><em>vel</em></strong></span> <span class='ocrx_word' id='word_1_339' title='bbox 1220 3473 1569 3526; x_wconf 80' lang='lat' dir='ltr'><strong><em>Pentecoste?</em></strong></span> 
     </span>
    </p>
   </div>
   <div class='ocr_carea' id='block_1_52' title="bbox 624 3561 2125 3635">
    <p class='ocr_par' dir='ltr' id='par_1_52' title="bbox 624 3561 2125 3635">
     <span class='ocr_line' id='line_1_52' title="bbox 624 3561 2125 3635; baseline 0.003 -17"><span class='ocrx_word' id='word_1_340' title='bbox 624 3563 836 3620; x_wconf 83' lang='lat' dir='ltr'><strong><em>RESP.</em></strong></span> <span class='ocrx_word' id='word_1_341' title='bbox 892 3565 933 3619; x_wconf 82' lang='lat' dir='ltr'><strong><em>A</em></strong></span> <span class='ocrx_word' id='word_1_342' title='bbox 995 3581 1192 3618; x_wconf 87' lang='lat' dir='ltr'><strong><em>canone</em></strong></span> <span class='ocrx_word' id='word_1_343' title='bbox 1252 3566 1459 3634; x_wconf 83' lang='lat' dir='ltr'><strong><em>quidem</em></strong></span> <span class='ocrx_word' id='word_1_344' title='bbox 1511 3584 1613 3621; x_wconf 85' lang='lat' dir='ltr'><strong><em>non</em></strong></span> <span class='ocrx_word' id='word_1_345' title='bbox 1660 3561 1972 3635; x_wconf 77' lang='lat' dir='ltr'><strong><em>prohibitum</em></strong></span> <span class='ocrx_word' id='word_1_346' title='bbox 2027 3580 2125 3623; x_wconf 74' lang='lat' dir='ltr'><strong><em>est.</em></strong></span> 
     </span>
    </p>
   </div>
   <div class='ocr_carea' id='block_1_53' title="bbox 556 3654 2124 3730">
    <p class='ocr_par' dir='ltr' id='par_1_53' title="bbox 556 3654 2124 3730">
     <span class='ocr_line' id='line_1_53' title="bbox 556 3654 2124 3730; baseline 0.002 -20"><span class='ocrx_word' id='word_1_347' title='bbox 556 3654 712 3710; x_wconf 72' lang='lat' dir='ltr'><strong><em>Multi</em></strong></span> <span class='ocrx_word' id='word_1_348' title='bbox 736 3667 909 3708; x_wconf 80' lang='lat' dir='ltr'><strong><em>au:em</em></strong></span> <span class='ocrx_word' id='word_1_349' title='bbox 936 3656 1061 3724; x_wconf 85' lang='lat' dir='ltr'><strong><em>quia</em></strong></span> <span class='ocrx_word' id='word_1_350' title='bbox 1084 3655 1346 3724; x_wconf 79' lang='lat' dir='ltr'><strong><em>jejunium</em></strong></span> <span class='ocrx_word' id='word_1_351' title='bbox 1381 3659 1435 3711; x_wconf 88' lang='lat' dir='ltr'><strong><em>in</em></strong></span> <span class='ocrx_word' id='word_1_352' title='bbox 1460 3656 1690 3712; x_wconf 90' lang='lat' dir='ltr'><strong><em>Sabbato</em></strong></span> <span class='ocrx_word' id='word_1_353' title='bbox 1717 3675 1817 3713; x_wconf 91' lang='lat' dir='ltr'><strong><em>non</em></strong></span> <span class='ocrx_word' id='word_1_354' title='bbox 1852 3669 2124 3730; x_wconf 80' lang='lat' dir='ltr'><strong><em>sequatur,</em></strong></span> 
     </span>
    </p>
   </div>
   <div class='ocr_carea' id='block_1_54' title="bbox 555 3745 1077 3812">
    <p class='ocr_par' dir='ltr' id='par_1_54' title="bbox 555 3745 1077 3812">
     <span class='ocr_line' id='line_1_54' title="bbox 555 3745 1077 3812; baseline -0.002 -14"><span class='ocrx_word' id='word_1_355' title='bbox 555 3759 645 3798; x_wconf 87' lang='lat' dir='ltr'><strong><em>nec</em></strong></span> <span class='ocrx_word' id='word_1_356' title='bbox 681 3760 813 3812; x_wconf 88' lang='lat' dir='ltr'><strong><em>genu</em></strong></span> <span class='ocrx_word' id='word_1_357' title='bbox 843 3745 1077 3812; x_wconf 83' lang='lat' dir='ltr'><strong><em>ﬂectunt.</em></strong></span> 
     </span>
    </p>
   </div>
   <div class='ocr_carea' id='block_1_55' title="bbox 625 3834 2126 3911">
    <p class='ocr_par' dir='ltr' id='par_1_55' title="bbox 625 3834 2126 3911">
     <span class='ocr_line' id='line_1_55' title="bbox 625 3834 2126 3911; baseline 0.003 -21"><span class='ocrx_word' id='word_1_358' title='bbox 625 3834 1043 3892; x_wconf 79' lang='lat' dir='ltr'><strong><em>INTERPRET.</em></strong></span> <span class='ocrx_word' id='word_1_359' title='bbox 1088 3836 1403 3893; x_wconf 81' lang='lat' dir='ltr'><strong><em>Veneranda</em></strong></span> <span class='ocrx_word' id='word_1_360' title='bbox 1428 3841 1713 3911; x_wconf 88' lang='lat' dir='ltr'><strong><em>responsio</em></strong></span> <span class='ocrx_word' id='word_1_361' title='bbox 1762 3840 1960 3895; x_wconf 85' lang='lat' dir='ltr'><strong><em>multas</em></strong></span> <span class='ocrx_word' id='word_1_362' title='bbox 2002 3842 2126 3896; x_wconf 87' lang='lat' dir='ltr'><strong><em>bre-</em></strong></span> 
     </span>
    </p>
   </div>
   <div class='ocr_carea' id='block_1_56' title="bbox 553 3914 2127 4004">
    <p class='ocr_par' dir='ltr' id='par_1_56' title="bbox 553 3914 2127 4004">
     <span class='ocr_line' id='line_1_56' title="bbox 553 3914 2127 4004; baseline 0.004 -21"><span class='ocrx_word' id='word_1_363' title='bbox 553 3928 694 3983; x_wconf 88' lang='lat' dir='ltr'><strong><em>viter</em></strong></span> <span class='ocrx_word' id='word_1_364' title='bbox 740 3932 1200 3986; x_wconf 84' lang='lat' dir='ltr'><strong><em>contradictiones</em></strong></span> <span class='ocrx_word' id='word_1_365' title='bbox 1261 3933 1531 3988; x_wconf 86' lang='lat' dir='ltr'><strong><em>dissolvit.</em></strong></span> <span class='ocrx_word' id='word_1_366' title='bbox 1588 3932 1735 3988; x_wconf 81' lang='lat' dir='ltr'><strong><em>Dixit</em></strong></span> <span class='ocrx_word' id='word_1_367' title='bbox 1784 3914 1929 3989; x_wconf 83' lang='lat' dir='ltr'><strong><em>enim</em></strong></span> <span class='ocrx_word' id='word_1_368' title='bbox 1987 3935 2127 4004; x_wconf 89' lang='lat' dir='ltr'><strong><em>quod</em></strong></span> 
     </span>
    </p>
   </div>
   <div class='ocr_carea' id='block_1_57' title="bbox 555 4018 2128 4095">
    <p class='ocr_par' dir='ltr' id='par_1_57' title="bbox 555 4018 2128 4095">
     <span class='ocr_line' id='line_1_57' title="bbox 555 4018 2128 4095; baseline 0.005 -24"><span class='ocrx_word' id='word_1_369' title='bbox 555 4018 807 4088; x_wconf 88' lang='lat' dir='ltr'><strong><em>quoniam</em></strong></span> <span class='ocrx_word' id='word_1_370' title='bbox 847 4036 876 4073; x_wconf 90' lang='lat' dir='ltr'><strong><em>a</em></strong></span> <span class='ocrx_word' id='word_1_371' title='bbox 914 4022 1115 4076; x_wconf 88' lang='lat' dir='ltr'><strong><em>sanctis</em></strong></span> <span class='ocrx_word' id='word_1_372' title='bbox 1152 4023 1401 4078; x_wconf 68' lang='lat' dir='ltr'><strong><em>Patribus</em></strong></span> <span class='ocrx_word' id='word_1_373' title='bbox 1430 4039 1534 4077; x_wconf 92' lang='lat' dir='ltr'><strong><em>nou</em></strong></span> <span class='ocrx_word' id='word_1_374' title='bbox 1560 4032 1641 4078; x_wconf 80' lang='lat' dir='ltr'><strong><em>est</em></strong></span> <span class='ocrx_word' id='word_1_375' title='bbox 1691 4039 1950 4093; x_wconf 81' lang='lat' dir='ltr'><strong><em>expresse</em></strong></span> <span class='ocrx_word' id='word_1_376' title='bbox 2001 4039 2128 4095; x_wconf 87' lang='lat' dir='ltr'><strong><em>pro-</em></strong></span> 
     </span>
    </p>
   </div>
   <div class='ocr_carea' id='block_1_58' title="bbox 554 4110 2131 4185">
    <p class='ocr_par' dir='ltr' id='par_1_58' title="bbox 554 4110 2131 4185">
     <span class='ocr_line' id='line_1_58' title="bbox 554 4110 2131 4185; baseline 0.004 -21"><span class='ocrx_word' id='word_1_377' title='bbox 554 4110 784 4164; x_wconf 84' lang='lat' dir='ltr'><strong><em>hibitum</em></strong></span> <span class='ocrx_word' id='word_1_378' title='bbox 818 4111 872 4164; x_wconf 90' lang='lat' dir='ltr'><strong><em>in</em></strong></span> <span class='ocrx_word' id='word_1_379' title='bbox 918 4111 1153 4167; x_wconf 84' lang='lat' dir='ltr'><strong><em>Sabbato</em></strong></span> <span class='ocrx_word' id='word_1_380' title='bbox 1180 4129 1316 4183; x_wconf 78' lang='lat' dir='ltr'><strong><em>genu</em></strong></span> <span class='ocrx_word' id='word_1_381' title='bbox 1351 4113 1567 4169; x_wconf 75' lang='lat' dir='ltr'><strong><em>ﬂectere</em></strong></span> <span class='ocrx_word' id='word_1_382' title='bbox 1605 4114 1745 4169; x_wconf 89' lang='lat' dir='ltr'><strong><em>sicut</em></strong></span> <span class='ocrx_word' id='word_1_383' title='bbox 1775 4122 1857 4170; x_wconf 90' lang='lat' dir='ltr'><strong><em>est</em></strong></span> <span class='ocrx_word' id='word_1_384' title='bbox 1881 4115 2131 4185; x_wconf 86' lang='lat' dir='ltr'><strong><em>jejunare</em></strong></span> 
     </span>
    </p>
   </div>
   <div class='ocr_carea' id='block_1_59' title="bbox 556 4202 2131 4277">
    <p class='ocr_par' dir='ltr' id='par_1_59' title="bbox 556 4202 2131 4277">
     <span class='ocr_line' id='line_1_59' title="bbox 556 4202 2131 4277; baseline 0.009 -28"><span class='ocrx_word' id='word_1_385' title='bbox 556 4202 905 4269; x_wconf 81' lang='lat' dir='ltr'><strong><em>prohibitum,</em></strong></span> <span class='ocrx_word' id='word_1_386' title='bbox 961 4204 1051 4272; x_wconf 67' lang='lat' dir='ltr'><strong><em>qui</em></strong></span> <span class='ocrx_word' id='word_1_387' title='bbox 1100 4218 1235 4274; x_wconf 75' lang='lat' dir='ltr'><strong><em>genu</em></strong></span> <span class='ocrx_word' id='word_1_388' title='bbox 1290 4204 1456 4259; x_wconf 82' lang='lat' dir='ltr'><strong><em>ﬂectit</em></strong></span> <span class='ocrx_word' id='word_1_389' title='bbox 1506 4223 1611 4261; x_wconf 89' lang='lat' dir='ltr'><strong><em>non</em></strong></span> <span class='ocrx_word' id='word_1_390' title='bbox 1672 4207 2007 4277; x_wconf 87' lang='lat' dir='ltr'><strong><em>reputabitur</em></strong></span> <span class='ocrx_word' id='word_1_391' title='bbox 2036 4208 2131 4262; x_wconf 90' lang='lat' dir='ltr'><strong><em>ad-</em></strong></span> 
     </span>
    </p>
   </div>
   <div class='ocr_carea' id='block_1_60' title="bbox 556 4294 2133 4371">
    <p class='ocr_par' dir='ltr' id='par_1_60' title="bbox 556 4294 2133 4371">
     <span class='ocr_line' id='line_1_60' title="bbox 556 4294 2133 4371; baseline 0.006 -26"><span class='ocrx_word' id='word_1_392' title='bbox 556 4295 759 4346; x_wconf 83' lang='lat' dir='ltr'><strong><em>versari</em></strong></span> <span class='ocrx_word' id='word_1_393' title='bbox 791 4294 1185 4351; x_wconf 83' lang='lat' dir='ltr'><strong><em>ecclesiasticis</em></strong></span> <span class='ocrx_word' id='word_1_394' title='bbox 1210 4298 1613 4364; x_wconf 85' lang='lat' dir='ltr'><strong><em>traditionibus,</em></strong></span> <span class='ocrx_word' id='word_1_395' title='bbox 1638 4308 1691 4355; x_wconf 90' lang='lat' dir='ltr'><strong><em>et</em></strong></span> <span class='ocrx_word' id='word_1_396' title='bbox 1713 4301 1881 4355; x_wconf 86' lang='lat' dir='ltr'><strong><em>multo</em></strong></span> <span class='ocrx_word' id='word_1_397' title='bbox 1901 4301 2069 4371; x_wconf 79' lang='lat' dir='ltr'><strong><em>magis</em></strong></span> <span class='ocrx_word' id='word_1_398' title='bbox 2087 4301 2133 4355; x_wconf 86' lang='lat' dir='ltr'><strong><em>si</em></strong></span> 
     </span>
    </p>
   </div>
   <div class='ocr_carea' id='block_1_61' title="bbox 555 4385 2127 4461">
    <p class='ocr_par' dir='ltr' id='par_1_61' title="bbox 555 4385 2127 4461">
     <span class='ocr_line' id='line_1_61' title="bbox 555 4385 2127 4461; baseline 0.004 -23"><span class='ocrx_word' id='word_1_399' title='bbox 555 4385 718 4455; x_wconf 78' lang='lat'><strong><em>216</em></strong></span> <span class='ocrx_word' id='word_1_400' title='bbox 753 4388 853 4442; x_wconf 84' lang='lat' dir='ltr'><strong><em>hoc</em></strong></span> <span class='ocrx_word' id='word_1_401' title='bbox 884 4395 1102 4457; x_wconf 75' lang='lat' dir='ltr'><strong><em>propter</em></strong></span> <span class='ocrx_word' id='word_1_402' title='bbox 1133 4392 1576 4446; x_wconf 83' lang='lat' dir='ltr'><strong><em>exercitationem</em></strong></span> <span class='ocrx_word' id='word_1_403' title='bbox 1611 4392 1819 4461; x_wconf 77' lang='lat' dir='ltr'><strong><em>iecerit.</em></strong></span> <span class='ocrx_word' id='word_1_404' title='bbox 1862 4393 2127 4457; x_wconf 87' lang='lat' dir='ltr'><strong><em>Quoniam</em></strong></span> 
     </span>
    </p>
   </div>
   <div class='ocr_carea' id='block_1_62' title="bbox 557 4479 2216 4555">
    <p class='ocr_par' dir='ltr' id='par_1_62' title="bbox 557 4479 2216 4555">
     <span class='ocr_line' id='line_1_62' title="bbox 557 4479 2216 4555; baseline 0.007 -26"><span class='ocrx_word' id='word_1_405' title='bbox 557 4490 735 4531; x_wconf 76' lang='lat' dir='ltr'><strong><em>auLeni</em></strong></span> <span class='ocrx_word' id='word_1_406' title='bbox 792 4494 821 4531; x_wconf 87' lang='lat' dir='ltr'><strong><em>a</em></strong></span> <span class='ocrx_word' id='word_1_407' title='bbox 866 4481 1068 4533; x_wconf 82' lang='lat' dir='ltr'><strong><em>sanctis</em></strong></span> <span class='ocrx_word' id='word_1_408' title='bbox 1117 4479 1365 4536; x_wconf 82' lang='lat' dir='ltr'><strong><em>Patribus</em></strong></span> <span class='ocrx_word' id='word_1_409' title='bbox 1407 4486 1629 4537; x_wconf 87' lang='lat' dir='ltr'><strong><em>omnino</em></strong></span> <span class='ocrx_word' id='word_1_410' title='bbox 1667 4493 1791 4537; x_wconf 88' lang='lat' dir='ltr'><strong><em>sunt</em></strong></span> <span class='ocrx_word' id='word_1_411' title='bbox 1832 4498 1996 4555; x_wconf 87' lang='lat' dir='ltr'><strong><em>prope</em></strong></span> <span class='ocrx_word' id='word_1_412' title='bbox 2043 4479 2216 4540; x_wconf 86' lang='lat' dir='ltr'><strong><em>ex-D</em></strong></span> 
     </span>
    </p>
   </div>
   <div class='ocr_carea' id='block_1_63' title="bbox 559 4568 2127 4647">
    <p class='ocr_par' dir='ltr' id='par_1_63' title="bbox 559 4568 2127 4647">
     <span class='ocr_line' id='line_1_63' title="bbox 559 4568 2127 4647; baseline 0.006 -27"><span class='ocrx_word' id='word_1_413' title='bbox 559 4581 765 4636; x_wconf 76' lang='lat' dir='ltr'><strong><em>aequata</em></strong></span> <span class='ocrx_word' id='word_1_414' title='bbox 820 4568 1051 4624; x_wconf 73' lang='lat' dir='ltr'><strong><em>Sabbato</em></strong></span> <span class='ocrx_word' id='word_1_415' title='bbox 1109 4569 1421 4635; x_wconf 86' lang='lat' dir='ltr'><strong><em>Dominicis,</em></strong></span> <span class='ocrx_word' id='word_1_416' title='bbox 1470 4584 1523 4627; x_wconf 88' lang='lat' dir='ltr'><strong><em>et</em></strong></span> <span class='ocrx_word' id='word_1_417' title='bbox 1543 4575 1634 4644; x_wconf 91' lang='lat' dir='ltr'><strong><em>qui</em></strong></span> <span class='ocrx_word' id='word_1_418' title='bbox 1672 4575 1725 4628; x_wconf 90' lang='lat' dir='ltr'><strong><em>in</em></strong></span> <span class='ocrx_word' id='word_1_419' title='bbox 1777 4576 2127 4647; x_wconf 86' lang='lat' dir='ltr'><strong><em>iisjejuuent,</em></strong></span> 
     </span>
    </p>
   </div>
   <div class='ocr_carea' id='block_1_64' title="bbox 558 4660 2132 4738">
    <p class='ocr_par' dir='ltr' id='par_1_64' title="bbox 558 4660 2132 4738">
     <span class='ocr_line' id='line_1_64' title="bbox 558 4660 2132 4738; baseline 0.009 -29"><span class='ocrx_word' id='word_1_420' title='bbox 558 4660 874 4728; x_wconf 88' lang='lat' dir='ltr'><strong><em>puniuntur,</em></strong></span> <span class='ocrx_word' id='word_1_421' title='bbox 922 4677 1023 4715; x_wconf 82' lang='lat' dir='ltr'><strong><em>nec</em></strong></span> <span class='ocrx_word' id='word_1_422' title='bbox 1084 4662 1127 4715; x_wconf 89' lang='lat' dir='ltr'><strong><em>ei</em></strong></span> <span class='ocrx_word' id='word_1_423' title='bbox 1179 4663 1268 4732; x_wconf 91' lang='lat' dir='ltr'><strong><em>qui</em></strong></span> <span class='ocrx_word' id='word_1_424' title='bbox 1312 4678 1447 4733; x_wconf 87' lang='lat' dir='ltr'><strong><em>genu</em></strong></span> <span class='ocrx_word' id='word_1_425' title='bbox 1484 4681 1588 4719; x_wconf 89' lang='lat' dir='ltr'><strong><em>non</em></strong></span> <span class='ocrx_word' id='word_1_426' title='bbox 1638 4665 1829 4733; x_wconf 89' lang='lat' dir='ltr'><strong><em>ﬂectit,</em></strong></span> <span class='ocrx_word' id='word_1_427' title='bbox 1881 4668 2132 4738; x_wconf 74' lang='lat' dir='ltr'><strong><em>przejudi-</em></strong></span> 
     </span>
    </p>
   </div>
   <div class='ocr_carea' id='block_1_65' title="bbox 557 4750 2134 4828">
    <p class='ocr_par' dir='ltr' id='par_1_65' title="bbox 557 4750 2134 4828">
     <span class='ocr_line' id='line_1_65' title="bbox 557 4750 2134 4828; baseline 0.008 -25"><span class='ocrx_word' id='word_1_428' title='bbox 557 4752 697 4803; x_wconf 83' lang='lat' dir='ltr'><strong><em>cium</em></strong></span> <span class='ocrx_word' id='word_1_429' title='bbox 747 4750 1022 4805; x_wconf 72' lang='lat' dir='ltr'><strong><em>afferetur.</em></strong></span> <span class='ocrx_word' id='word_1_430' title='bbox 1053 4752 1193 4807; x_wconf 85' lang='lat' dir='ltr'><strong><em>Dicit</em></strong></span> <span class='ocrx_word' id='word_1_431' title='bbox 1236 4755 1380 4809; x_wconf 88' lang='lat' dir='ltr'><strong><em>enim</em></strong></span> <span class='ocrx_word' id='word_1_432' title='bbox 1436 4759 1703 4826; x_wconf 89' lang='lat' dir='ltr'><strong><em>quoddam</em></strong></span> <span class='ocrx_word' id='word_1_433' title='bbox 1747 4759 1882 4826; x_wconf 86' lang='lat' dir='ltr'><strong><em>juris</em></strong></span> <span class='ocrx_word' id='word_1_434' title='bbox 1930 4773 2134 4828; x_wconf 72' lang='lat' dir='ltr'><strong><em>praece—</em></strong></span> 
     </span>
    </p>
   </div>
   <div class='ocr_carea' id='block_1_66' title="bbox 554 4844 2134 4920">
    <p class='ocr_par' dir='ltr' id='par_1_66' title="bbox 554 4844 2134 4920">
     <span class='ocr_line' id='line_1_66' title="bbox 554 4844 2134 4920; baseline 0.01 -27"><span class='ocrx_word' id='word_1_435' title='bbox 554 4850 705 4910; x_wconf 85' lang='lat' dir='ltr'><strong><em>ptum</em></strong></span> <span class='ocrx_word' id='word_1_436' title='bbox 754 4845 853 4897; x_wconf 86' lang='lat' dir='ltr'><strong><em>hoc</em></strong></span> <span class='ocrx_word' id='word_1_437' title='bbox 911 4846 1106 4907; x_wconf 87' lang='lat' dir='ltr'><strong><em>modo,</em></strong></span> <span class='ocrx_word' id='word_1_438' title='bbox 1158 4844 1274 4902; x_wconf 85' lang='lat' dir='ltr'><strong><em>Non</em></strong></span> <span class='ocrx_word' id='word_1_439' title='bbox 1325 4863 1483 4903; x_wconf 89' lang='lat' dir='ltr'><strong><em>omne</em></strong></span> <span class='ocrx_word' id='word_1_440' title='bbox 1532 4851 1675 4920; x_wconf 92' lang='lat' dir='ltr'><strong><em>quod</em></strong></span> <span class='ocrx_word' id='word_1_441' title='bbox 1730 4866 1839 4908; x_wconf 89' lang='lat' dir='ltr'><strong><em>non</em></strong></span> <span class='ocrx_word' id='word_1_442' title='bbox 1896 4852 2134 4920; x_wconf 88' lang='lat' dir='ltr'><strong><em>prohibi—</em></strong></span> 
     </span>
    </p>
   </div>
   <div class='ocr_carea' id='block_1_67' title="bbox 557 4937 1179 5003">
    <p class='ocr_par' dir='ltr' id='par_1_67' title="bbox 557 4937 1179 5003">
     <span class='ocr_line' id='line_1_67' title="bbox 557 4937 1179 5003; baseline 0.014 -18"><span class='ocrx_word' id='word_1_443' title='bbox 557 4946 691 4997; x_wconf 86' lang='lat' dir='ltr'><strong><em>tum,</em></strong></span> <span class='ocrx_word' id='word_1_444' title='bbox 722 4937 1042 5003; x_wconf 87' lang='lat' dir='ltr'><strong><em>permissum</em></strong></span> <span class='ocrx_word' id='word_1_445' title='bbox 1079 4948 1179 4994; x_wconf 89' lang='lat' dir='ltr'><strong><em>est.</em></strong></span> 
     </span>
    </p>
   </div>
   <div class='ocr_carea' id='block_1_68' title="bbox 1015 5030 1676 5091">
    <p class='ocr_par' dir='ltr' id='par_1_68' title="bbox 1015 5030 1676 5091">
     <span class='ocr_line' id='line_1_68' title="bbox 1015 5030 1676 5091; baseline 0.012 -8"><span class='ocrx_word' id='word_1_446' title='bbox 1015 5030 1526 5090; x_wconf 75' lang='lat' dir='ltr'><strong><em>INTERROGATIO</em></strong></span> <span class='ocrx_word' id='word_1_447' title='bbox 1583 5036 1676 5091; x_wconf 88' lang='lat' dir='ltr'><strong><em>Ill.</em></strong></span> 
     </span>
    </p>
   </div>
   <div class='ocr_carea' id='block_1_69' title="bbox 665 5123 2026 5203">
    <p class='ocr_par' dir='ltr' id='par_1_69' title="bbox 665 5123 2026 5203">
     <span class='ocr_line' id='line_1_69' title="bbox 665 5123 2026 5203; baseline 0.007 -27"><span class='ocrx_word' id='word_1_448' title='bbox 665 5123 747 5177; x_wconf 83' lang='grc' dir='ltr'><em>Αη</em></span> <span class='ocrx_word' id='word_1_449' title='bbox 780 5134 1014 5203; x_wconf 77' lang='lat' dir='ltr'><strong><em>oporteat</em></strong></span> <span class='ocrx_word' id='word_1_450' title='bbox 1063 5127 1326 5196; x_wconf 84' lang='lat' dir='ltr'><strong><em>jejunium</em></strong></span> <span class='ocrx_word' id='word_1_451' title='bbox 1342 5131 1402 5182; x_wconf 79' lang='lat' dir='ltr'><strong><em>in</em></strong></span> <span class='ocrx_word' id='word_1_452' title='bbox 1460 5130 1696 5199; x_wconf 78' lang='lat' dir='ltr'><strong><em>Augusto</em></strong></span> <span class='ocrx_word' id='word_1_453' title='bbox 1733 5133 2026 5201; x_wconf 84' lang='lat' dir='ltr'><strong><em>peragere?</em></strong></span> 
     </span>
    </p>
   </div>
   <div class='ocr_carea' id='block_1_70' title="bbox 627 5216 2130 5301">
    <p class='ocr_par' dir='ltr' id='par_1_70' title="bbox 627 5216 2130 5301">
     <span class='ocr_line' id='line_1_70' title="bbox 627 5216 2130 5301; baseline 0.002 -28"><span class='ocrx_word' id='word_1_454' title='bbox 627 5216 828 5273; x_wconf 81' lang='lat' dir='ltr'><strong><em>RESP.</em></strong></span> <span class='ocrx_word' id='word_1_455' title='bbox 864 5218 995 5271; x_wconf 83' lang='lat' dir='ltr'><strong><em>Erat</em></strong></span> <span class='ocrx_word' id='word_1_456' title='bbox 1026 5223 1171 5288; x_wconf 79' lang='lat' dir='ltr'><strong><em>prius</em></strong></span> <span class='ocrx_word' id='word_1_457' title='bbox 1216 5221 1267 5273; x_wconf 85' lang='lat' dir='ltr'><strong><em>in</em></strong></span> <span class='ocrx_word' id='word_1_458' title='bbox 1300 5223 1395 5275; x_wconf 83' lang='lat' dir='ltr'><strong><em>hoc</em></strong></span> <span class='ocrx_word' id='word_1_459' title='bbox 1441 5232 1668 5289; x_wconf 86' lang='lat' dir='ltr'><strong><em>tempore</em></strong></span> <span class='ocrx_word' id='word_1_460' title='bbox 1696 5224 1985 5301; x_wconf 65' lang='lat' dir='ltr'><strong><em>jejunium,</em></strong></span> <span class='ocrx_word' id='word_1_461' title='bbox 2024 5226 2130 5294; x_wconf 58' lang='lat' dir='ltr'><strong><em>sed</em></strong></span> 
     </span>
    </p>
   </div>
   <div class='ocr_carea' id='block_1_71' title="bbox 564 5310 2123 5386">
    <p class='ocr_par' dir='ltr' id='par_1_71' title="bbox 564 5310 2123 5386">
     <span class='ocr_line' id='line_1_71' title="bbox 564 5310 2123 5386; baseline 0.006 -24"><span class='ocrx_word' id='word_1_462' title='bbox 564 5310 877 5363; x_wconf 79' lang='lat' dir='ltr'><strong><em>translatum</em></strong></span> <span class='ocrx_word' id='word_1_463' title='bbox 898 5323 996 5375; x_wconf 75' lang='lat' dir='ltr'><strong><em>est,</em></strong></span> <span class='ocrx_word' id='word_1_464' title='bbox 1046 5328 1107 5365; x_wconf 90' lang='lat' dir='ltr'><strong><em>ne</em></strong></span> <span class='ocrx_word' id='word_1_465' title='bbox 1127 5328 1243 5365; x_wconf 87' lang='lat' dir='ltr'><strong><em>cum</em></strong></span> <span class='ocrx_word' id='word_1_466' title='bbox 1281 5315 1575 5382; x_wconf 78' lang='lat' dir='ltr'><strong><em>gentilium,</em></strong></span> <span class='ocrx_word' id='word_1_467' title='bbox 1604 5332 1720 5386; x_wconf 81' lang='lat' dir='ltr'><strong><em>qua:</em></strong></span> <span class='ocrx_word' id='word_1_468' title='bbox 1767 5320 1862 5370; x_wconf 81' lang='lat' dir='ltr'><strong><em>hoc</em></strong></span> <span class='ocrx_word' id='word_1_469' title='bbox 1896 5325 2123 5385; x_wconf 88' lang='lat' dir='ltr'><strong><em>tempore</em></strong></span> 
     </span>
    </p>
   </div>
   <div class='ocr_carea' id='block_1_72' title="bbox 563 5400 2131 5471">
    <p class='ocr_par' dir='ltr' id='par_1_72' title="bbox 563 5400 2131 5471">
     <span class='ocr_line' id='line_1_72' title="bbox 563 5400 2131 5471; baseline 0.008 -19"><span class='ocrx_word' id='word_1_470' title='bbox 563 5400 1014 5471; x_wconf 79' lang='lat' dir='ltr'><strong><em>ﬁebant,jejuniis</em></strong></span> <span class='ocrx_word' id='word_1_471' title='bbox 1040 5404 1312 5458; x_wconf 85' lang='lat' dir='ltr'><strong><em>incideret.</em></strong></span> <span class='ocrx_word' id='word_1_472' title='bbox 1350 5406 1451 5460; x_wconf 81' lang='lat' dir='ltr'><strong><em>Sed</em></strong></span> <span class='ocrx_word' id='word_1_473' title='bbox 1508 5418 1682 5463; x_wconf 84' lang='lat' dir='ltr'><strong><em>tamen</em></strong></span> <span class='ocrx_word' id='word_1_474' title='bbox 1739 5410 1912 5463; x_wconf 78' lang='lat' dir='ltr'><strong><em>adhuc</em></strong></span> <span class='ocrx_word' id='word_1_475' title='bbox 1978 5411 2131 5464; x_wconf 82' lang='lat' dir='ltr'><strong><em>multi</em></strong></span> 
     </span>
    </p>
   </div>
   <div class='ocr_carea' id='block_1_73' title="bbox 564 5494 1503 5565">
    <p class='ocr_par' dir='ltr' id='par_1_73' title="bbox 564 5494 1503 5565">
     <span class='ocr_line' id='line_1_73' title="bbox 564 5494 1503 5565; baseline 0.007 -21"><span class='ocrx_word' id='word_1_476' title='bbox 564 5494 794 5547; x_wconf 75' lang='lat' dir='ltr'><strong><em>homines</em></strong></span> <span class='ocrx_word' id='word_1_477' title='bbox 829 5495 922 5546; x_wconf 80' lang='lat' dir='ltr'><strong><em>hoc</em></strong></span> <span class='ocrx_word' id='word_1_478' title='bbox 943 5496 1209 5563; x_wconf 78' lang='lat' dir='ltr'><strong><em>jejunium</em></strong></span> <span class='ocrx_word' id='word_1_479' title='bbox 1230 5497 1503 5565; x_wconf 81' lang='lat' dir='ltr'><strong><em>jejunant.</em></strong></span> 
     </span>
    </p>
   </div>
   <div class='ocr_carea' id='block_1_74' title="bbox 636 5586 2130 5667">
    <p class='ocr_par' dir='ltr' id='par_1_74' title="bbox 636 5586 2130 5667">
     <span class='ocr_line' id='line_1_74' title="bbox 636 5586 2130 5667; baseline 0.008 -28"><span class='ocrx_word' id='word_1_480' title='bbox 636 5586 1054 5642; x_wconf 76' lang='lat' dir='ltr'><strong><em>INTERPRET.</em></strong></span> <span class='ocrx_word' id='word_1_481' title='bbox 1096 5590 1167 5645; x_wconf 90' lang='lat' dir='ltr'><strong><em>De</em></strong></span> <span class='ocrx_word' id='word_1_482' title='bbox 1201 5593 1303 5647; x_wconf 85' lang='lat' dir='ltr'><strong><em>hoc</em></strong></span> <span class='ocrx_word' id='word_1_483' title='bbox 1331 5593 1537 5662; x_wconf 81' lang='lat' dir='ltr'><strong><em>jejunio</em></strong></span> <span class='ocrx_word' id='word_1_484' title='bbox 1581 5595 1871 5663; x_wconf 75' lang='lat' dir='ltr'><strong><em>aliquando</em></strong></span> <span class='ocrx_word' id='word_1_485' title='bbox 1930 5600 2130 5667; x_wconf 78' lang='lat' dir='ltr'><strong><em>quzesi-</em></strong></span> 
     </span>
    </p>
   </div>
   <div class='ocr_carea' id='block_1_75' title="bbox 579 5685 2134 5748">
    <p class='ocr_par' dir='ltr' id='par_1_75' title="bbox 579 5685 2134 5748">
     <span class='ocr_line' id='line_1_75' title="bbox 579 5685 2134 5748; baseline 0.01 -19"><span class='ocrx_word' id='word_1_486' title='bbox 579 5688 685 5730; x_wconf 87' lang='lat' dir='ltr'><strong><em>tum</em></strong></span> <span class='ocrx_word' id='word_1_487' title='bbox 721 5690 803 5734; x_wconf 88' lang='lat' dir='ltr'><strong><em>est</em></strong></span> <span class='ocrx_word' id='word_1_488' title='bbox 836 5694 1017 5735; x_wconf 80' lang='lat' dir='ltr'><strong><em>coram</em></strong></span> <span class='ocrx_word' id='word_1_489' title='bbox 1058 5685 1258 5748; x_wconf 79' lang='lat' dir='ltr'><strong><em>petenti</em></strong></span> <span class='ocrx_word' id='word_1_490' title='bbox 1291 5692 1344 5739; x_wconf 86' lang='lat' dir='ltr'><strong><em>et</em></strong></span> <span class='ocrx_word' id='word_1_491' title='bbox 1377 5696 1562 5740; x_wconf 90' lang='lat' dir='ltr'><strong><em>sancto</em></strong></span> <span class='ocrx_word' id='word_1_492' title='bbox 1596 5697 1783 5743; x_wconf 91' lang='lat' dir='ltr'><strong><em>nostro</em></strong></span> <span class='ocrx_word' id='word_1_493' title='bbox 1815 5690 2033 5747; x_wconf 87' lang='lat' dir='ltr'><strong><em>domino</em></strong></span> <span class='ocrx_word' id='word_1_494' title='bbox 2081 5702 2134 5747; x_wconf 90' lang='lat' dir='ltr'><strong><em>et</em></strong></span> 
     </span>
    </p>
   </div>
   <div class='ocr_carea' id='block_1_76' title="bbox 570 5771 2131 5847">
    <p class='ocr_par' dir='ltr' id='par_1_76' title="bbox 570 5771 2131 5847">
     <span class='ocr_line' id='line_1_76' title="bbox 570 5771 2131 5847; baseline 0.013 -25"><span class='ocrx_word' id='word_1_495' title='bbox 570 5771 913 5838; x_wconf 78' lang='lat' dir='ltr'><strong><em>imperatore,</em></strong></span> <span class='ocrx_word' id='word_1_496' title='bbox 980 5784 1245 5840; x_wconf 63' lang='lat' dir='ltr'><strong><em>praesente</em></strong></span> <span class='ocrx_word' id='word_1_497' title='bbox 1287 5780 1630 5836; x_wconf 78' lang='lat' dir='ltr'><strong><em>sanctissimo</em></strong></span> <span class='ocrx_word' id='word_1_498' title='bbox 1685 5782 1777 5838; x_wconf 88' lang='lat' dir='ltr'><strong><em>illo</em></strong></span> <span class='ocrx_word' id='word_1_499' title='bbox 1823 5784 2131 5847; x_wconf 82' lang='lat' dir='ltr'><strong><em>patriarcha</em></strong></span> 
     </span>
    </p>
   </div>
   <div class='ocr_carea' id='block_1_77' title="bbox 2229 1935 3828 2006">
    <p class='ocr_par' dir='ltr' id='par_1_77' title="bbox 2229 1935 3828 2006">
     <span class='ocr_line' id='line_1_77' title="bbox 2229 1935 3828 2006; baseline 0.001 -19"><span class='ocrx_word' id='word_1_500' title='bbox 2229 1951 2349 2004; x_wconf 86' lang='grc' dir='ltr'><em>χεν,</em></span> <span class='ocrx_word' id='word_1_501' title='bbox 2384 1935 2682 1999; x_wconf 83' lang='grc' dir='ltr'><strong><em>ἀκωλύτως</em></strong></span> <span class='ocrx_word' id='word_1_502' title='bbox 2713 1936 3086 1990; x_wconf 74' lang='grc' dir='ltr'><em>εἰσελεύσεται</em></span> <span class='ocrx_word' id='word_1_503' title='bbox 3118 1939 3199 1999; x_wconf 84' lang='grc' dir='ltr'><strong><em>είς</em></strong></span> <span class='ocrx_word' id='word_1_504' title='bbox 3226 1938 3286 1990; x_wconf 83' lang='grc' dir='ltr'><em>τὸ</em></span> <span class='ocrx_word' id='word_1_505' title='bbox 3315 1938 3475 2006; x_wconf 78' lang='grc' dir='ltr'><em>ἅγιον</em></span> <span class='ocrx_word' id='word_1_506' title='bbox 3534 1939 3828 2005; x_wconf 74' lang='grc' dir='ltr'><em>θυσιαστή-</em></span> 
     </span>
    </p>
   </div>
   <div class='ocr_carea' id='block_1_78' title="bbox 2232 2029 3826 2099">
    <p class='ocr_par' dir='ltr' id='par_1_78' title="bbox 2232 2029 3826 2099">
     <span class='ocr_line' id='line_1_78' title="bbox 2232 2029 3826 2099; baseline 0.001 -19"><span class='ocrx_word' id='word_1_507' title='bbox 2232 2045 2349 2098; x_wconf 92' lang='grc' dir='ltr'><em>ριον</em></span> <span class='ocrx_word' id='word_1_508' title='bbox 2380 2045 2391 2058; x_wconf 90' lang='grc'><strong>·</strong></span> <span class='ocrx_word' id='word_1_509' title='bbox 2428 2030 2475 2080; x_wconf 78' lang='grc' dir='ltr'><em>εἰ</em></span> <span class='ocrx_word' id='word_1_510' title='bbox 2506 2029 2565 2082; x_wconf 84' lang='grc' dir='ltr'><em>δὲ</em></span> <span class='ocrx_word' id='word_1_511' title='bbox 2596 2030 2686 2082; x_wconf 83' lang='grc' dir='ltr'><em>διὰ</em></span> <span class='ocrx_word' id='word_1_512' title='bbox 2728 2029 3065 2099; x_wconf 80' lang='grc' dir='ltr'><em>δοκιμασίαν</em></span> <span class='ocrx_word' id='word_1_513' title='bbox 3119 2031 3262 2083; x_wconf 69' lang='grc' dir='ltr'><em>κατὰ</em></span> <span class='ocrx_word' id='word_1_514' title='bbox 3296 2032 3428 2092; x_wconf 77' lang='grc' dir='ltr'><em>τοὺς</em></span> <span class='ocrx_word' id='word_1_515' title='bbox 3487 2032 3731 2092; x_wconf 75' lang='grc' dir='ltr'><em>κανόνας</em></span> <span class='ocrx_word' id='word_1_516' title='bbox 3763 2035 3826 2081; x_wconf 69' lang='grc' dir='ltr'><em>τὰ</em></span> 
     </span>
    </p>
   </div>
   <div class='ocr_carea' id='block_1_79' title="bbox 2234 2119 3826 2189">
    <p class='ocr_par' dir='ltr' id='par_1_79' title="bbox 2234 2119 3826 2189">
     <span class='ocr_line' id='line_1_79' title="bbox 2234 2119 3826 2189; baseline 0.001 -18"><span class='ocrx_word' id='word_1_517' title='bbox 2234 2120 2510 2189; x_wconf 71' lang='grc' dir='ltr'><em>μοναχικὰ</em></span> <span class='ocrx_word' id='word_1_518' title='bbox 2573 2119 2890 2187; x_wconf 75' lang='grc' dir='ltr'><em>ἐνεδύσατο,</em></span> <span class='ocrx_word' id='word_1_519' title='bbox 2980 2121 3015 2173; x_wconf 75' lang='grc' dir='ltr'>ἃ</span> <span class='ocrx_word' id='word_1_520' title='bbox 3083 2121 3180 2172; x_wconf 76' lang='grc' dir='ltr'><em>καὶ</em></span> <span class='ocrx_word' id='word_1_521' title='bbox 3256 2122 3627 2175; x_wconf 80' lang='grc' dir='ltr'><em>ἀποτίθεσθαι</em></span> <span class='ocrx_word' id='word_1_522' title='bbox 3684 2124 3826 2181; x_wconf 66' lang='grc' dir='ltr'><em>ἐντὸς</em></span> 
     </span>
    </p>
   </div>
   <div class='ocr_carea' id='block_1_80' title="bbox 2232 2211 3817 2284">
    <p class='ocr_par' dir='ltr' id='par_1_80' title="bbox 2232 2211 3817 2284">
     <span class='ocr_line' id='line_1_80' title="bbox 2232 2211 3817 2284; baseline -0.001 -20"><span class='ocrx_word' id='word_1_523' title='bbox 2232 2212 2482 2281; x_wconf 86' lang='grc' dir='ltr'><em>τριετίας</em></span> <span class='ocrx_word' id='word_1_524' title='bbox 2517 2211 2858 2284; x_wconf 73' lang='grc' dir='ltr'><em>ἐξεχωρήθη,</em></span> <span class='ocrx_word' id='word_1_525' title='bbox 2894 2214 2996 2265; x_wconf 83' lang='grc' dir='ltr'><em>οὐκ</em></span> <span class='ocrx_word' id='word_1_526' title='bbox 3025 2213 3401 2267; x_wconf 70' lang='grc' dir='ltr'><strong><em>εἰσελεύσεται</em></strong></span> <span class='ocrx_word' id='word_1_527' title='bbox 3435 2217 3519 2275; x_wconf 81' lang='grc' dir='ltr'><strong><em>είς</em></strong></span> <span class='ocrx_word' id='word_1_528' title='bbox 3574 2214 3636 2265; x_wconf 71' lang='grc' dir='ltr'><em>τὸ</em></span> <span class='ocrx_word' id='word_1_529' title='bbox 3668 2214 3817 2273; x_wconf 79' lang='grc' dir='ltr'><em>ἆγιον</em></span> 
     </span>
    </p>
   </div>
   <div class='ocr_carea' id='block_1_81' title="bbox 2236 2301 3823 2374">
    <p class='ocr_par' dir='ltr' id='par_1_81' title="bbox 2236 2301 3823 2374">
     <span class='ocr_line' id='line_1_81' title="bbox 2236 2301 3823 2374; baseline 0 -20"><span class='ocrx_word' id='word_1_530' title='bbox 2236 2301 2632 2374; x_wconf 73' lang='grc' dir='ltr'><em>θυσιαστήριον</em></span> <span class='ocrx_word' id='word_1_531' title='bbox 2666 2306 2837 2374; x_wconf 70' lang='grc' dir='ltr'><em>χωρὶς</em></span> <span class='ocrx_word' id='word_1_532' title='bbox 2864 2305 3193 2374; x_wconf 80' lang='grc' dir='ltr'><em>οἱασδήποτε</em></span> <span class='ocrx_word' id='word_1_533' title='bbox 3220 2304 3659 2369; x_wconf 80' lang='grc' dir='ltr'><em>ὑποθέσεω;,ὼς</em></span> <span class='ocrx_word' id='word_1_534' title='bbox 3694 2305 3823 2373; x_wconf 73' lang='grc' dir='ltr'><em>μηδὲ</em></span> 
     </span>
    </p>
   </div>
   <div class='ocr_carea' id='block_1_82' title="bbox 2230 2391 3825 2468">
    <p class='ocr_par' dir='ltr' id='par_1_82' title="bbox 2230 2391 3825 2468">
     <span class='ocr_line' id='line_1_82' title="bbox 2230 2391 3825 2468; baseline 0.001 -23"><span class='ocrx_word' id='word_1_535' title='bbox 2230 2396 2375 2464; x_wconf 72' lang='grc' dir='ltr'><em>μετὰ</em></span> <span class='ocrx_word' id='word_1_536' title='bbox 2398 2395 2508 2449; x_wconf 85' lang='grc' dir='ltr'><em>τῶν</em></span> <span class='ocrx_word' id='word_1_537' title='bbox 2544 2396 2801 2466; x_wconf 75' lang='grc' dir='ltr'><em>μοναχῶν</em></span> <span class='ocrx_word' id='word_1_538' title='bbox 2828 2398 3287 2468; x_wconf 78' lang='grc' dir='ltr'><em>συνταττόμενος,</em></span> <span class='ocrx_word' id='word_1_539' title='bbox 3346 2397 3464 2450; x_wconf 78' lang='grc' dir='ltr'><em>ἀλλ’</em></span> <span class='ocrx_word' id='word_1_540' title='bbox 3496 2399 3576 2449; x_wconf 80' lang='grc' dir='ltr'><em>ἔτι</em></span> <span class='ocrx_word' id='word_1_541' title='bbox 3609 2396 3685 2448; x_wconf 79' lang='grc' dir='ltr'><em>ὢν</em></span> <span class='ocrx_word' id='word_1_542' title='bbox 3719 2391 3825 2450; x_wconf 63' lang='lat' dir='ltr'><strong><em>lai-</em></strong></span> 
     </span>
    </p>
   </div>
   <div class='ocr_carea' id='block_1_83' title="bbox 2229 2486 3823 2559">
    <p class='ocr_par' dir='ltr' id='par_1_83' title="bbox 2229 2486 3823 2559">
     <span class='ocr_line' id='line_1_83' title="bbox 2229 2486 3823 2559; baseline 0.003 -23"><span class='ocrx_word' id='word_1_543' title='bbox 2229 2486 2348 2548; x_wconf 74' lang='grc' dir='ltr'><em>κός.</em></span> <span class='ocrx_word' id='word_1_544' title='bbox 2400 2486 2556 2554; x_wconf 73' lang='grc' dir='ltr'><em>Ἐμοὶ</em></span> <span class='ocrx_word' id='word_1_545' title='bbox 2587 2488 2640 2540; x_wconf 77' lang='grc' dir='ltr'><em>δὲ</em></span> <span class='ocrx_word' id='word_1_546' title='bbox 2671 2488 2822 2540; x_wconf 79' lang='grc' dir='ltr'><em>δοκεῖ</em></span> <span class='ocrx_word' id='word_1_547' title='bbox 2844 2488 2929 2541; x_wconf 86' lang='grc' dir='ltr'><strong><em>δτι</em></strong></span> <span class='ocrx_word' id='word_1_548' title='bbox 2964 2489 3026 2541; x_wconf 82' lang='grc' dir='ltr'><em>οὐ</em></span> <span class='ocrx_word' id='word_1_549' title='bbox 3052 2490 3276 2542; x_wconf 74' lang='grc' dir='ltr'><em>δύναταί</em></span> <span class='ocrx_word' id='word_1_550' title='bbox 3320 2507 3405 2553; x_wconf 89' lang='grc' dir='ltr'><strong><em>τις</em></strong></span> <span class='ocrx_word' id='word_1_551' title='bbox 3456 2491 3529 2542; x_wconf 76' lang='grc' dir='ltr'><em>τὰ</em></span> <span class='ocrx_word' id='word_1_552' title='bbox 3560 2507 3823 2559; x_wconf 75' lang='grc' dir='ltr'><em>μοναχικι</em></span> 
     </span>
    </p>
   </div>
   <div class='ocr_carea' id='block_1_84' title="bbox 2229 2582 3821 2655">
    <p class='ocr_par' dir='ltr' id='par_1_84' title="bbox 2229 2582 3821 2655">
     <span class='ocr_line' id='line_1_84' title="bbox 2229 2582 3821 2655; baseline 0.001 -20"><span class='ocrx_word' id='word_1_553' title='bbox 2229 2582 2584 2652; x_wconf 72' lang='grc' dir='ltr'><em>ὁπωσδήποτε</em></span> <span class='ocrx_word' id='word_1_554' title='bbox 2616 2584 3081 2654; x_wconf 76' lang='grc' dir='ltr'><em>περιϐαλλόμενος</em></span> <span class='ocrx_word' id='word_1_555' title='bbox 3132 2586 3315 2655; x_wconf 64' lang='grc' dir='ltr'><em>ἇμξια</em></span> <span class='ocrx_word' id='word_1_556' title='bbox 3370 2586 3532 2655; x_wconf 68' lang='grc' dir='ltr'><em>ῥίψαι</em></span> <span class='ocrx_word' id='word_1_557' title='bbox 3590 2589 3683 2637; x_wconf 80' lang='grc' dir='ltr'><em>καὶ</em></span> <span class='ocrx_word' id='word_1_558' title='bbox 3716 2587 3821 2637; x_wconf 78' lang='grc' dir='ltr'><em>δια-</em></span> 
     </span>
    </p>
   </div>
   <div class='ocr_carea' id='block_1_85' title="bbox 2232 2675 3817 2747">
    <p class='ocr_par' dir='ltr' id='par_1_85' title="bbox 2232 2675 3817 2747">
     <span class='ocr_line' id='line_1_85' title="bbox 2232 2675 3817 2747; baseline 0 -20"><span class='ocrx_word' id='word_1_559' title='bbox 2232 2675 2427 2740; x_wconf 74' lang='grc' dir='ltr'><em>παῖξαι</em></span> <span class='ocrx_word' id='word_1_560' title='bbox 2457 2676 2618 2729; x_wconf 79' lang='grc' dir='ltr'><em>αὑτά.</em></span> <span class='ocrx_word' id='word_1_561' title='bbox 2648 2677 2722 2728; x_wconf 70' lang='lat' dir='ltr'><strong><em>Ob</em></strong></span> <span class='ocrx_word' id='word_1_562' title='bbox 2752 2677 2862 2747; x_wconf 77' lang='grc' dir='ltr'><em>γὰρ</em></span> <span class='ocrx_word' id='word_1_563' title='bbox 2889 2679 3027 2745; x_wconf 81' lang='grc' dir='ltr'><em>μετᾶ</em></span> <span class='ocrx_word' id='word_1_564' title='bbox 3058 2678 3376 2747; x_wconf 81' lang='grc' dir='ltr'><em>μοναχικῶν</em></span> <span class='ocrx_word' id='word_1_565' title='bbox 3413 2679 3640 2747; x_wconf 80' lang='grc' dir='ltr'><em>ἀμφίων</em></span> <span class='ocrx_word' id='word_1_566' title='bbox 3672 2680 3817 2746; x_wconf 69' lang='grc' dir='ltr'><em>ὀφεί-</em></span> 
     </span>
    </p>
   </div>
   <div class='ocr_carea' id='block_1_86' title="bbox 2231 2766 3818 2839">
    <p class='ocr_par' dir='ltr' id='par_1_86' title="bbox 2231 2766 3818 2839">
     <span class='ocr_line' id='line_1_86' title="bbox 2231 2766 3818 2839; baseline 0.003 -22"><span class='ocrx_word' id='word_1_567' title='bbox 2231 2767 2311 2818; x_wconf 82' lang='grc' dir='ltr'><strong><em>λει</em></strong></span> <span class='ocrx_word' id='word_1_568' title='bbox 2346 2766 2772 2836; x_wconf 74' lang='grc' dir='ltr'><em>δοκιμάζεσθαι,</em></span> <span class='ocrx_word' id='word_1_569' title='bbox 2807 2768 2943 2821; x_wconf 79' lang='grc' dir='ltr'><em>ἀλλὰ</em></span> <span class='ocrx_word' id='word_1_570' title='bbox 2974 2772 3116 2838; x_wconf 85' lang='grc' dir='ltr'><em>μετά</em></span> <span class='ocrx_word' id='word_1_571' title='bbox 3172 2771 3461 2839; x_wconf 72' lang='grc' dir='ltr'><em>σχήματος</em></span> <span class='ocrx_word' id='word_1_572' title='bbox 3492 2771 3685 2823; x_wconf 82' lang='grc' dir='ltr'><strong><em>λαῖκοῦ</em></strong></span> <span class='ocrx_word' id='word_1_573' title='bbox 3714 2771 3818 2822; x_wconf 71' lang='grc' dir='ltr'><em>’διδ</em></span> 
     </span>
    </p>
   </div>
   <div class='ocr_carea' id='block_1_87' title="bbox 2231 2860 3817 2931">
    <p class='ocr_par' dir='ltr' id='par_1_87' title="bbox 2231 2860 3817 2931">
     <span class='ocr_line' id='line_1_87' title="bbox 2231 2860 3817 2931; baseline 0.003 -22"><span class='ocrx_word' id='word_1_574' title='bbox 2231 2861 2487 2912; x_wconf 72' lang='grc' dir='ltr'><em>καὶπᾶσι</em></span> <span class='ocrx_word' id='word_1_575' title='bbox 2519 2863 2635 2922; x_wconf 84' lang='grc' dir='ltr'><em>τοῖς</em></span> <span class='ocrx_word' id='word_1_576' title='bbox 2657 2860 2717 2911; x_wconf 75' lang='grc' dir='ltr'><em>τὸ</em></span> <span class='ocrx_word' id='word_1_577' title='bbox 2778 2862 2924 2930; x_wconf 71' lang='grc' dir='ltr'><em>ίερδν</em></span> <span class='ocrx_word' id='word_1_578' title='bbox 2989 2862 3179 2930; x_wconf 78' lang='grc' dir='ltr'><em>σχῆμα</em></span> <span class='ocrx_word' id='word_1_579' title='bbox 3227 2863 3640 2931; x_wconf 71' lang='grc' dir='ltr'><em>ἡμφιεσμένοις</em></span> <span class='ocrx_word' id='word_1_580' title='bbox 3696 2865 3817 2915; x_wconf 83' lang='grc' dir='ltr'><em>ἀπο-</em></span> 
     </span>
    </p>
   </div>
   <div class='ocr_carea' id='block_1_88' title="bbox 2230 2946 3815 3023">
    <p class='ocr_par' dir='ltr' id='par_1_88' title="bbox 2230 2946 3815 3023">
     <span class='ocr_line' id='line_1_88' title="bbox 2230 2946 3815 3023; baseline 0.003 -25"><span class='ocrx_word' id='word_1_581' title='bbox 2230 2946 2601 3016; x_wconf 19' lang='grc' dir='ltr'><em>Ἲκριμάτιστος</em></span> <span class='ocrx_word' id='word_1_582' title='bbox 2647 2949 2804 3003; x_wconf 81' lang='grc' dir='ltr'><em>ἔσται</em></span> <span class='ocrx_word' id='word_1_583' title='bbox 2826 2953 2858 3017; x_wconf 81' lang='grc' dir='ltr'>ἡ</span> <span class='ocrx_word' id='word_1_584' title='bbox 2884 2953 2963 3012; x_wconf 86' lang='grc' dir='ltr'><strong><em>είς</em></strong></span> <span class='ocrx_word' id='word_1_585' title='bbox 2995 2952 3054 3003; x_wconf 85' lang='grc' dir='ltr'><em>τὸ</em></span> <span class='ocrx_word' id='word_1_586' title='bbox 3085 2952 3241 3019; x_wconf 85' lang='grc' dir='ltr'><em>ἆγιον</em></span> <span class='ocrx_word' id='word_1_587' title='bbox 3278 2952 3679 3023; x_wconf 76' lang='grc' dir='ltr'><em>Θυσιαστήριον</em></span> <span class='ocrx_word' id='word_1_588' title='bbox 3709 2956 3815 3004; x_wconf 76' lang='grc' dir='ltr'><em>εἰσ-</em></span> 
     </span>
    </p>
   </div>
   <div class='ocr_carea' id='block_1_89' title="bbox 2233 3038 3814 3110">
    <p class='ocr_par' dir='ltr' id='par_1_89' title="bbox 2233 3038 3814 3110">
     <span class='ocr_line' id='line_1_89' title="bbox 2233 3038 3814 3110; baseline 0.005 -23"><span class='ocrx_word' id='word_1_589' title='bbox 2233 3038 2463 3097; x_wconf 69' lang='grc' dir='ltr'><em>ἐλευσις,</em></span> <span class='ocrx_word' id='word_1_590' title='bbox 2496 3038 2571 3100; x_wconf 87' lang='grc' dir='ltr'><em>ὡς</em></span> <span class='ocrx_word' id='word_1_591' title='bbox 2608 3039 2746 3109; x_wconf 81' lang='grc' dir='ltr'><em>μηδὲ</em></span> <span class='ocrx_word' id='word_1_592' title='bbox 2788 3040 3109 3110; x_wconf 74' lang='grc' dir='ltr'><em>δυναμένοις</em></span> <span class='ocrx_word' id='word_1_593' title='bbox 3152 3044 3233 3104; x_wconf 71' lang='grc' dir='ltr'><em>εἰς</em></span> <span class='ocrx_word' id='word_1_594' title='bbox 3268 3043 3441 3096; x_wconf 82' lang='grc' dir='ltr'><em>τόπον</em></span> <span class='ocrx_word' id='word_1_595' title='bbox 3482 3044 3661 3096; x_wconf 74' lang='grc' dir='ltr'><em>ἐλθεῖν</em></span> <span class='ocrx_word' id='word_1_596' title='bbox 3703 3044 3814 3095; x_wconf 81' lang='grc' dir='ltr'><em>λαῖ-</em></span> 
     </span>
    </p>
   </div>
   <div class='ocr_carea' id='block_1_90' title="bbox 2159 3128 3817 3206">
    <p class='ocr_par' dir='ltr' id='par_1_90' title="bbox 2159 3128 3817 3206">
     <span class='ocr_line' id='line_1_90' title="bbox 2159 3128 3817 3206; baseline 0.005 -26"><span class='ocrx_word' id='word_1_597' title='bbox 2159 3145 2200 3201; x_wconf 78' lang='lat' dir='ltr'><strong><em>C</em></strong></span> <span class='ocrx_word' id='word_1_598' title='bbox 2236 3128 2354 3181; x_wconf 78' lang='grc' dir='ltr'><em>κοῦ.</em></span> <span class='ocrx_word' id='word_1_599' title='bbox 2397 3130 2701 3197; x_wconf 79' lang='grc' dir='ltr'><em>’Λνάγνωθι</em></span> <span class='ocrx_word' id='word_1_600' title='bbox 2752 3134 2846 3185; x_wconf 81' lang='grc' dir='ltr'><em>καὶ</em></span> <span class='ocrx_word' id='word_1_601' title='bbox 2885 3136 2955 3186; x_wconf 73' lang='grc' dir='ltr'><em>τὰ</em></span> <span class='ocrx_word' id='word_1_602' title='bbox 3004 3134 3139 3204; x_wconf 74' lang='grc' dir='ltr'><em>παρ’</em></span> <span class='ocrx_word' id='word_1_603' title='bbox 3203 3134 3367 3205; x_wconf 76' lang='grc' dir='ltr'><em>ἡμῶν</em></span> <span class='ocrx_word' id='word_1_604' title='bbox 3421 3137 3703 3206; x_wconf 78' lang='grc' dir='ltr'><em>γραφέντα</em></span> <span class='ocrx_word' id='word_1_605' title='bbox 3745 3139 3817 3195; x_wconf 84' lang='grc' dir='ltr'><em>εἰς</em></span> 
     </span>
    </p>
   </div>
   <div class='ocr_carea' id='block_1_91' title="bbox 2234 3222 3166 3295">
    <p class='ocr_par' dir='ltr' id='par_1_91' title="bbox 2234 3222 3166 3295">
     <span class='ocr_line' id='line_1_91' title="bbox 2234 3222 3166 3295; baseline 0.006 -20"><span class='ocrx_word' id='word_1_606' title='bbox 2234 3222 2325 3275; x_wconf 74' lang='grc' dir='ltr'><em>τὸν</em></span> <span class='ocrx_word' id='word_1_607' title='bbox 2360 3222 2425 3274; x_wconf 85' lang='grc' dir='ltr'><strong><em>ιθ¹</em></strong></span> <span class='ocrx_word' id='word_1_608' title='bbox 2472 3224 2680 3277; x_wconf 81' lang='grc' dir='ltr'><em>κανόνα</em></span> <span class='ocrx_word' id='word_1_609' title='bbox 2706 3226 2806 3295; x_wconf 77' lang='grc' dir='ltr'><em>τῆς</em></span> <span class='ocrx_word' id='word_1_610' title='bbox 2834 3225 2879 3288; x_wconf 76' lang='grc' dir='ltr'><strong><em>ζ’</em></strong></span> <span class='ocrx_word' id='word_1_611' title='bbox 2918 3228 3166 3281; x_wconf 86' lang='grc' dir='ltr'><em>συνόδου.</em></span> 
     </span>
    </p>
   </div>
   <div class='ocr_carea' id='block_1_92' title="bbox 2804 3317 3256 3375">
    <p class='ocr_par' dir='ltr' id='par_1_92' title="bbox 2804 3317 3256 3375">
     <span class='ocr_line' id='line_1_92' title="bbox 2804 3317 3256 3375; baseline 0.015 -7"><span class='ocrx_word' id='word_1_612' title='bbox 2804 3317 3142 3371; x_wconf 83' lang='grc' dir='ltr'><strong><em>ΕΡΩἸῊΣΙΣ</em></strong></span> <span class='ocrx_word' id='word_1_613' title='bbox 3177 3317 3256 3375; x_wconf 87' lang='grc' dir='ltr'><strong><em>Β¹.</em></strong></span> 
     </span>
    </p>
   </div>
   <div class='ocr_carea' id='block_1_93' title="bbox 2300 3411 3818 3483">
    <p class='ocr_par' dir='ltr' id='par_1_93' title="bbox 2300 3411 3818 3483">
     <span class='ocr_line' id='line_1_93' title="bbox 2300 3411 3818 3483; baseline -0.001 -16"><span class='ocrx_word' id='word_1_614' title='bbox 2300 3415 2369 3467; x_wconf 81' lang='grc' dir='ltr'><strong><em>Εἰ</em></strong></span> <span class='ocrx_word' id='word_1_615' title='bbox 2396 3414 2514 3481; x_wconf 77' lang='grc' dir='ltr'><strong><em>χρὴ</em></strong></span> <span class='ocrx_word' id='word_1_616' title='bbox 2541 3411 2654 3480; x_wconf 83' lang='grc' dir='ltr'><em>μὲν</em></span> <span class='ocrx_word' id='word_1_617' title='bbox 2722 3411 2955 3466; x_wconf 76' lang='grc' dir='ltr'><em>κλίνειν</em></span> <span class='ocrx_word' id='word_1_618' title='bbox 2986 3411 3054 3464; x_wconf 85' lang='grc' dir='ltr'><em>ἐν</em></span> <span class='ocrx_word' id='word_1_619' title='bbox 3098 3413 3381 3479; x_wconf 81' lang='grc' dir='ltr'><em>Σαϐϐάτῳ</em></span> <span class='ocrx_word' id='word_1_620' title='bbox 3416 3414 3593 3483; x_wconf 76' lang='grc' dir='ltr'><em>γόνυ,</em></span> <span class='ocrx_word' id='word_1_621' title='bbox 3627 3412 3818 3480; x_wconf 71' lang='grc' dir='ltr'><em>ὥσπερ</em></span> 
     </span>
    </p>
   </div>
   <div class='ocr_carea' id='block_1_94' title="bbox 2231 3502 3382 3573">
    <p class='ocr_par' dir='ltr' id='par_1_94' title="bbox 2231 3502 3382 3573">
     <span class='ocr_line' id='line_1_94' title="bbox 2231 3502 3382 3573; baseline -0.002 -13"><span class='ocrx_word' id='word_1_622' title='bbox 2231 3504 2375 3560; x_wconf 79' lang='grc' dir='ltr'><em>οὐδὲ</em></span> <span class='ocrx_word' id='word_1_623' title='bbox 2400 3506 2468 3557; x_wconf 85' lang='grc' dir='ltr'><em>ἐν</em></span> <span class='ocrx_word' id='word_1_624' title='bbox 2485 3502 2754 3571; x_wconf 73' lang='grc' dir='ltr'><em>κυριακῇ</em></span> <span class='ocrx_word' id='word_1_625' title='bbox 2786 3503 2822 3571; x_wconf 79' lang='grc' dir='ltr'><strong><em>ἦ</em></strong></span> <span class='ocrx_word' id='word_1_626' title='bbox 2854 3504 2924 3556; x_wconf 86' lang='grc' dir='ltr'><em>ἐν</em></span> <span class='ocrx_word' id='word_1_627' title='bbox 2946 3504 3345 3573; x_wconf 79' lang='grc' dir='ltr'><em>Πεντηκοστῇ</em></span> <span class='ocrx_word' id='word_1_628' title='bbox 3363 3523 3382 3571; x_wconf 69' lang='lat'><strong><em>,-</em></strong></span> 
     </span>
    </p>
   </div>
   <div class='ocr_carea' id='block_1_95' title="bbox 2289 3595 3819 3665">
    <p class='ocr_par' dir='ltr' id='par_1_95' title="bbox 2289 3595 3819 3665">
     <span class='ocr_line' id='line_1_95' title="bbox 2289 3595 3819 3665; baseline 0.001 -15"><span class='ocrx_word' id='word_1_629' title='bbox 2289 3595 2556 3650; x_wconf 83' lang='grc' dir='ltr'><strong><em>ΑΠΟΚΡ.</em></strong></span> <span class='ocrx_word' id='word_1_630' title='bbox 2610 3596 2742 3649; x_wconf 77' lang='grc' dir='ltr'><strong><em>Ἀπὸ</em></strong></span> <span class='ocrx_word' id='word_1_631' title='bbox 2782 3595 2889 3648; x_wconf 88' lang='grc' dir='ltr'><em>τοῦ</em></span> <span class='ocrx_word' id='word_1_632' title='bbox 2918 3598 3180 3662; x_wconf 83' lang='grc' dir='ltr'><em>κανόνος</em></span> <span class='ocrx_word' id='word_1_633' title='bbox 3196 3596 3316 3665; x_wconf 82' lang='grc' dir='ltr'><em>μὲν</em></span> <span class='ocrx_word' id='word_1_634' title='bbox 3341 3599 3415 3651; x_wconf 84' lang='grc' dir='ltr'><em>οὐ</em></span> <span class='ocrx_word' id='word_1_635' title='bbox 3442 3598 3779 3655; x_wconf 78' lang='grc' dir='ltr'><em>κεκώλυται</em></span> <span class='ocrx_word' id='word_1_636' title='bbox 3807 3614 3819 3627; x_wconf 92' lang='grc'>·</span> 
     </span>
    </p>
   </div>
   <div class='ocr_carea' id='block_1_96' title="bbox 2229 3685 3825 3756">
    <p class='ocr_par' dir='ltr' id='par_1_96' title="bbox 2229 3685 3825 3756">
     <span class='ocr_line' id='line_1_96' title="bbox 2229 3685 3825 3756; baseline 0 -13"><span class='ocrx_word' id='word_1_637' title='bbox 2229 3692 2284 3744; x_wconf 91' lang='grc' dir='ltr'><strong><em>οί</em></strong></span> <span class='ocrx_word' id='word_1_638' title='bbox 2318 3688 2537 3741; x_wconf 76' lang='grc' dir='ltr'><em>πολλοὶ</em></span> <span class='ocrx_word' id='word_1_639' title='bbox 2571 3685 2640 3741; x_wconf 84' lang='grc' dir='ltr'><em>δὲ</em></span> <span class='ocrx_word' id='word_1_640' title='bbox 2674 3686 2854 3741; x_wconf 84' lang='grc' dir='ltr'><em>διὰτὸ</em></span> <span class='ocrx_word' id='word_1_641' title='bbox 2873 3688 2957 3756; x_wconf 82' lang='grc' dir='ltr'><em>μὴ</em></span> <span class='ocrx_word' id='word_1_642' title='bbox 2987 3688 3428 3744; x_wconf 73' lang='grc' dir='ltr'><em>ἐπακολουθεῖν</em></span> <span class='ocrx_word' id='word_1_643' title='bbox 3457 3692 3529 3745; x_wconf 82' lang='grc' dir='ltr'><em>ἐν</em></span> <span class='ocrx_word' id='word_1_644' title='bbox 3554 3691 3825 3753; x_wconf 80' lang='grc' dir='ltr'><em>Σαϐϐάτῳ</em></span> 
     </span>
    </p>
   </div>
   <div class='ocr_carea' id='block_1_97' title="bbox 2229 3775 3247 3843">
    <p class='ocr_par' dir='ltr' id='par_1_97' title="bbox 2229 3775 3247 3843">
     <span class='ocr_line' id='line_1_97' title="bbox 2229 3775 3247 3843; baseline 0.003 -14"><span class='ocrx_word' id='word_1_645' title='bbox 2229 3777 2525 3843; x_wconf 82' lang='grc' dir='ltr'><em>νηστείαν</em></span> <span class='ocrx_word' id='word_1_646' title='bbox 2548 3775 2690 3829; x_wconf 84' lang='grc' dir='ltr'><em>οὐδὲ</em></span> <span class='ocrx_word' id='word_1_647' title='bbox 2725 3777 2876 3843; x_wconf 76' lang='grc' dir='ltr'><em>γόνυ</em></span> <span class='ocrx_word' id='word_1_648' title='bbox 2899 3778 3247 3833; x_wconf 70' lang='grc' dir='ltr'><em>κλίνουσιν.</em></span> 
     </span>
    </p>
   </div>
   <div class='ocr_carea' id='block_1_98' title="bbox 2301 3866 3823 3942">
    <p class='ocr_par' dir='ltr' id='par_1_98' title="bbox 2301 3866 3823 3942">
     <span class='ocr_line' id='line_1_98' title="bbox 2301 3866 3823 3942; baseline 0.004 -21"><span class='ocrx_word' id='word_1_649' title='bbox 2301 3866 2563 3922; x_wconf 85' lang='grc' dir='ltr'><strong><em>ΕΡΜΗΝ.</em></strong></span> <span class='ocrx_word' id='word_1_650' title='bbox 2609 3866 2675 3919; x_wconf 84' lang='lat' dir='ltr'><strong><em>&#39;H</em></strong></span> <span class='ocrx_word' id='word_1_651' title='bbox 2730 3870 3115 3939; x_wconf 83' lang='grc' dir='ltr'><em>προσκυνητέα</em></span> <span class='ocrx_word' id='word_1_652' title='bbox 3162 3871 3463 3941; x_wconf 81' lang='grc' dir='ltr'><em>ἀπόκρισις</em></span> <span class='ocrx_word' id='word_1_653' title='bbox 3519 3875 3589 3927; x_wconf 84' lang='grc' dir='ltr'><em>δι’</em></span> <span class='ocrx_word' id='word_1_654' title='bbox 3644 3875 3823 3942; x_wconf 80' lang='grc' dir='ltr'><em>ὀλίγου</em></span> 
     </span>
    </p>
   </div>
   <div class='ocr_carea' id='block_1_99' title="bbox 2231 3957 3829 4037">
    <p class='ocr_par' dir='ltr' id='par_1_99' title="bbox 2231 3957 3829 4037">
     <span class='ocr_line' id='line_1_99' title="bbox 2231 3957 3829 4037; baseline 0.006 -24"><span class='ocrx_word' id='word_1_655' title='bbox 2231 3958 2433 4022; x_wconf 84' lang='grc' dir='ltr'><em>πολλὰς</em></span> <span class='ocrx_word' id='word_1_656' title='bbox 2449 3959 2758 4026; x_wconf 77' lang='grc' dir='ltr'><em>ἀντιλογίας</em></span> <span class='ocrx_word' id='word_1_657' title='bbox 2778 3958 2987 4014; x_wconf 79' lang='grc' dir='ltr'><em>ἔλυσεν.</em></span> <span class='ocrx_word' id='word_1_658' title='bbox 3013 3957 3145 4015; x_wconf 67' lang='lat' dir='ltr'><strong><em>Eine</em></strong></span> <span class='ocrx_word' id='word_1_659' title='bbox 3165 3962 3277 4034; x_wconf 83' lang='grc' dir='ltr'><em>γὰρ</em></span> <span class='ocrx_word' id='word_1_660' title='bbox 3292 3963 3391 4029; x_wconf 81' lang='grc' dir='ltr'><em>ὡς,</em></span> <span class='ocrx_word' id='word_1_661' title='bbox 3408 3967 3531 4018; x_wconf 72' lang='grc' dir='ltr'><em>ἐπεὶ</em></span> <span class='ocrx_word' id='word_1_662' title='bbox 3559 3968 3709 4037; x_wconf 78' lang='grc' dir='ltr'><em>παρὰ</em></span> <span class='ocrx_word' id='word_1_663' title='bbox 3728 3970 3829 4021; x_wconf 80' lang='grc' dir='ltr'><em>τῶν</em></span> 
     </span>
    </p>
   </div>
   <div class='ocr_carea' id='block_1_100' title="bbox 2230 4048 3832 4130">
    <p class='ocr_par' dir='ltr' id='par_1_100' title="bbox 2230 4048 3832 4130">
     <span class='ocr_line' id='line_1_100' title="bbox 2230 4048 3832 4130; baseline 0.007 -27"><span class='ocrx_word' id='word_1_664' title='bbox 2230 4050 2403 4117; x_wconf 85' lang='grc' dir='ltr'><em>ἁγίων</em></span> <span class='ocrx_word' id='word_1_665' title='bbox 2444 4048 2706 4120; x_wconf 79' lang='grc' dir='ltr'><em>Πατέρων</em></span> <span class='ocrx_word' id='word_1_666' title='bbox 2756 4052 2863 4105; x_wconf 81' lang='grc' dir='ltr'><em>οὐκ</em></span> <span class='ocrx_word' id='word_1_667' title='bbox 2897 4053 3147 4123; x_wconf 76' lang='grc' dir='ltr'><strong><em>ἐκωλύθη</em></strong></span> <span class='ocrx_word' id='word_1_668' title='bbox 3193 4056 3377 4125; x_wconf 73' lang='grc' dir='ltr'><em>ῥητῶς</em></span> <span class='ocrx_word' id='word_1_669' title='bbox 3428 4058 3491 4109; x_wconf 79' lang='grc' dir='ltr'><em>τὸ</em></span> <span class='ocrx_word' id='word_1_670' title='bbox 3530 4060 3668 4127; x_wconf 80' lang='grc' dir='ltr'><em>γόνυ</em></span> <span class='ocrx_word' id='word_1_671' title='bbox 3697 4062 3832 4130; x_wconf 77' lang='grc' dir='ltr'><em>κάμ-</em></span> 
     </span>
    </p>
   </div>
   <div class='ocr_carea' id='block_1_101' title="bbox 2233 4141 3831 4219">
    <p class='ocr_par' dir='ltr' id='par_1_101' title="bbox 2233 4141 3831 4219">
     <span class='ocr_line' id='line_1_101' title="bbox 2233 4141 3831 4219; baseline 0.008 -26"><span class='ocrx_word' id='word_1_672' title='bbox 2233 4158 2389 4193; x_wconf 88' lang='grc' dir='ltr'><em>πτειν</em></span> <span class='ocrx_word' id='word_1_673' title='bbox 2416 4145 2557 4194; x_wconf 79' lang='grc' dir='ltr'><em>κατᾶ</em></span> <span class='ocrx_word' id='word_1_674' title='bbox 2588 4144 2655 4194; x_wconf 74' lang='grc' dir='ltr'><em>τὰ</em></span> <span class='ocrx_word' id='word_1_675' title='bbox 2685 4141 2965 4207; x_wconf 82' lang='grc' dir='ltr'><em>Σάϐϐατα,</em></span> <span class='ocrx_word' id='word_1_676' title='bbox 3030 4144 3223 4216; x_wconf 78' lang='grc' dir='ltr'><em>ὥσπερ</em></span> <span class='ocrx_word' id='word_1_677' title='bbox 3267 4146 3330 4198; x_wconf 83' lang='grc' dir='ltr'><em>τὺ</em></span> <span class='ocrx_word' id='word_1_678' title='bbox 3384 4151 3683 4219; x_wconf 79' lang='grc' dir='ltr'><em>νηστεύειν</em></span> <span class='ocrx_word' id='word_1_679' title='bbox 3747 4170 3831 4205; x_wconf 80' lang='grc' dir='ltr'><em>κε-</em></span> 
     </span>
    </p>
   </div>
   <div class='ocr_carea' id='block_1_102' title="bbox 2234 4227 3831 4307">
    <p class='ocr_par' dir='ltr' id='par_1_102' title="bbox 2234 4227 3831 4307">
     <span class='ocr_line' id='line_1_102' title="bbox 2234 4227 3831 4307; baseline 0.009 -28"><span class='ocrx_word' id='word_1_680' title='bbox 2234 4227 2501 4294; x_wconf 85' lang='grc' dir='ltr'><em>κώλυται,</em></span> <span class='ocrx_word' id='word_1_681' title='bbox 2572 4231 2599 4282; x_wconf 88' lang='grc' dir='ltr'><strong><em>ό</em></strong></span> <span class='ocrx_word' id='word_1_682' title='bbox 2652 4230 2782 4298; x_wconf 86' lang='grc' dir='ltr'><em>γόνυ</em></span> <span class='ocrx_word' id='word_1_683' title='bbox 2833 4232 3111 4301; x_wconf 83' lang='grc' dir='ltr'><strong><em>κάμπτων</em></strong></span> <span class='ocrx_word' id='word_1_684' title='bbox 3140 4235 3201 4286; x_wconf 85' lang='grc' dir='ltr'><strong><em>ού</em></strong></span> <span class='ocrx_word' id='word_1_685' title='bbox 3252 4235 3655 4307; x_wconf 82' lang='grc' dir='ltr'><em>λογισθήσεται</em></span> <span class='ocrx_word' id='word_1_686' title='bbox 3716 4246 3831 4304; x_wconf 85' lang='grc' dir='ltr'><em>ταῖς</em></span> 
     </span>
    </p>
   </div>
   <div class='ocr_carea' id='block_1_103' title="bbox 2234 4314 3829 4404">
    <p class='ocr_par' dir='ltr' id='par_1_103' title="bbox 2234 4314 3829 4404">
     <span class='ocr_line' id='line_1_103' title="bbox 2234 4314 3829 4404; baseline 0.01 -32"><span class='ocrx_word' id='word_1_687' title='bbox 2234 4320 2724 4389; x_wconf 76' lang='grc' dir='ltr'><em>ἐκκλησιαστικαῖς</em></span> <span class='ocrx_word' id='word_1_688' title='bbox 2750 4314 3174 4395; x_wconf 78' lang='grc' dir='ltr'><em>ἐναντιούμενος</em></span> <span class='ocrx_word' id='word_1_689' title='bbox 3192 4331 3559 4399; x_wconf 84' lang='grc' dir='ltr'><em>παραδόσεσι,</em></span> <span class='ocrx_word' id='word_1_690' title='bbox 3581 4336 3677 4386; x_wconf 56' lang='grc' dir='ltr'><strong><em>καὶ⁵</em></strong></span> <span class='ocrx_word' id='word_1_691' title='bbox 3701 4336 3829 4404; x_wconf 77' lang='grc' dir='ltr'><em>μᾶλ-</em></span> 
     </span>
    </p>
   </div>
   <div class='ocr_carea' id='block_1_104' title="bbox 2237 4412 3830 4495">
    <p class='ocr_par' dir='ltr' id='par_1_104' title="bbox 2237 4412 3830 4495">
     <span class='ocr_line' id='line_1_104' title="bbox 2237 4412 3830 4495; baseline 0.008 -31"><span class='ocrx_word' id='word_1_692' title='bbox 2237 4412 2330 4465; x_wconf 85' lang='grc' dir='ltr'><strong><em>λον</em></strong></span> <span class='ocrx_word' id='word_1_693' title='bbox 2365 4414 2523 4484; x_wconf 81' lang='grc' dir='ltr'><em>εἴπερ</em></span> <span class='ocrx_word' id='word_1_694' title='bbox 2554 4416 2728 4484; x_wconf 21' lang='grc' dir='ltr'><em>τοῦτο,</em></span> <span class='ocrx_word' id='word_1_695' title='bbox 2746 4419 2891 4469; x_wconf 76' lang='grc' dir='ltr'><em>ποιεῖ</em></span> <span class='ocrx_word' id='word_1_696' title='bbox 2943 4417 3030 4470; x_wconf 83' lang='grc' dir='ltr'><em>διὰ</em></span> <span class='ocrx_word' id='word_1_697' title='bbox 3069 4419 3333 4489; x_wconf 82' lang='grc' dir='ltr'><em>ἄσκησιν.</em></span> <span class='ocrx_word' id='word_1_698' title='bbox 3365 4423 3491 4476; x_wconf 83' lang='grc' dir='ltr'><em>Ὀτι</em></span> <span class='ocrx_word' id='word_1_699' title='bbox 3564 4425 3625 4477; x_wconf 80' lang='grc' dir='ltr'><em>δὲ</em></span> <span class='ocrx_word' id='word_1_700' title='bbox 3686 4427 3830 4495; x_wconf 70' lang='grc' dir='ltr'><em>παρὰ</em></span> 
     </span>
    </p>
   </div>
   <div class='ocr_carea' id='block_1_105' title="bbox 2241 4504 3829 4581">
    <p class='ocr_par' dir='ltr' id='par_1_105' title="bbox 2241 4504 3829 4581">
     <span class='ocr_line' id='line_1_105' title="bbox 2241 4504 3829 4581; baseline 0.004 -24"><span class='ocrx_word' id='word_1_701' title='bbox 2241 4504 2350 4557; x_wconf 82' lang='grc' dir='ltr'><em>τῶν</em></span> <span class='ocrx_word' id='word_1_702' title='bbox 2382 4506 2553 4573; x_wconf 80' lang='grc' dir='ltr'><em>ἁγίων</em></span> <span class='ocrx_word' id='word_1_703' title='bbox 2587 4507 2851 4576; x_wconf 83' lang='grc' dir='ltr'><em>Πατέρων</em></span> <span class='ocrx_word' id='word_1_704' title='bbox 2883 4506 3229 4577; x_wconf 80' lang='grc' dir='ltr'><em>ὲξισώθησαν</em></span> <span class='ocrx_word' id='word_1_705' title='bbox 3258 4510 3440 4563; x_wconf 87' lang='grc' dir='ltr'><em>διόλου</em></span> <span class='ocrx_word' id='word_1_706' title='bbox 3500 4514 3694 4581; x_wconf 79' lang='grc' dir='ltr'><em>σχεδὸν</em></span> <span class='ocrx_word' id='word_1_707' title='bbox 3716 4519 3829 4576; x_wconf 83' lang='grc' dir='ltr'><em>ταῖς</em></span> 
     </span>
    </p>
   </div>
   <div class='ocr_carea' id='block_1_106' title="bbox 2244 4594 3827 4671">
    <p class='ocr_par' dir='ltr' id='par_1_106' title="bbox 2244 4594 3827 4671">
     <span class='ocr_line' id='line_1_106' title="bbox 2244 4594 3827 4671; baseline 0.003 -20"><span class='ocrx_word' id='word_1_708' title='bbox 2244 4600 2554 4668; x_wconf 84' lang='grc' dir='ltr'><em>Κυριακαῖς</em></span> <span class='ocrx_word' id='word_1_709' title='bbox 2608 4600 2676 4652; x_wconf 63' lang='grc' dir='ltr'><em>τὰ</em></span> <span class='ocrx_word' id='word_1_710' title='bbox 2744 4594 3021 4665; x_wconf 84' lang='grc' dir='ltr'><em>Σάϐϐατα,</em></span> <span class='ocrx_word' id='word_1_711' title='bbox 3102 4600 3200 4654; x_wconf 80' lang='grc' dir='ltr'><em>καὶ</em></span> <span class='ocrx_word' id='word_1_712' title='bbox 3256 4604 3308 4654; x_wconf 90' lang='grc' dir='ltr'><em>οἱ</em></span> <span class='ocrx_word' id='word_1_713' title='bbox 3368 4605 3728 4671; x_wconf 76' lang='grc' dir='ltr'><em>νηστεύοντες</em></span> <span class='ocrx_word' id='word_1_714' title='bbox 3776 4610 3827 4659; x_wconf 75' lang='grc' dir='ltr'><em>ὲν</em></span> 
     </span>
    </p>
   </div>
   <div class='ocr_carea' id='block_1_107' title="bbox 2232 4688 3821 4768">
    <p class='ocr_par' dir='ltr' id='par_1_107' title="bbox 2232 4688 3821 4768">
     <span class='ocr_line' id='line_1_107' title="bbox 2232 4688 3821 4768; baseline 0.007 -28"><span class='ocrx_word' id='word_1_715' title='bbox 2232 4688 2446 4752; x_wconf 81' lang='grc' dir='ltr'><em>τούτοις</em></span> <span class='ocrx_word' id='word_1_716' title='bbox 2480 4690 2829 4755; x_wconf 80' lang='grc' dir='ltr'><em>κολάζονται,</em></span> <span class='ocrx_word' id='word_1_717' title='bbox 2861 4691 2982 4744; x_wconf 78' lang='grc' dir='ltr'><em>οὐδὲ</em></span> <span class='ocrx_word' id='word_1_718' title='bbox 3013 4694 3041 4745; x_wconf 85' lang='grc' dir='ltr'><strong><em>δ</em></strong></span> <span class='ocrx_word' id='word_1_719' title='bbox 3068 4693 3197 4760; x_wconf 83' lang='grc' dir='ltr'><em>γόνυ</em></span> <span class='ocrx_word' id='word_1_720' title='bbox 3240 4695 3317 4763; x_wconf 79' lang='grc' dir='ltr'><em>μὴ</em></span> <span class='ocrx_word' id='word_1_721' title='bbox 3360 4695 3642 4764; x_wconf 82' lang='grc' dir='ltr'><strong><em>κάμπτων</em></strong></span> <span class='ocrx_word' id='word_1_722' title='bbox 3696 4715 3821 4768; x_wconf 82' lang='grc' dir='ltr'><em>προ-</em></span> 
     </span>
    </p>
   </div>
   <div class='ocr_carea' id='block_1_108' title="bbox 2234 4778 3819 4858">
    <p class='ocr_par' dir='ltr' id='par_1_108' title="bbox 2234 4778 3819 4858">
     <span class='ocr_line' id='line_1_108' title="bbox 2234 4778 3819 4858; baseline 0.008 -28"><span class='ocrx_word' id='word_1_723' title='bbox 2234 4778 2737 4850; x_wconf 80' lang='grc' dir='ltr'><em>κριματιοθήσεται</em></span> <span class='ocrx_word' id='word_1_724' title='bbox 2761 4798 2775 4812; x_wconf 78' lang='grc' dir='ltr'><strong><em>ο</em></strong></span> <span class='ocrx_word' id='word_1_725' title='bbox 2810 4783 2928 4851; x_wconf 81' lang='grc' dir='ltr'><em>ἐρεῖ</em></span> <span class='ocrx_word' id='word_1_726' title='bbox 2951 4783 3063 4852; x_wconf 81' lang='grc' dir='ltr'><em>γὰρ</em></span> <span class='ocrx_word' id='word_1_727' title='bbox 3093 4788 3321 4853; x_wconf 81' lang='grc' dir='ltr'><em>νομικόν</em></span> <span class='ocrx_word' id='word_1_728' title='bbox 3350 4803 3406 4839; x_wconf 84' lang='grc' dir='ltr'><strong><em>τι</em></strong></span> <span class='ocrx_word' id='word_1_729' title='bbox 3435 4789 3819 4858; x_wconf 83' lang='grc' dir='ltr'><em>παράγγελμα,</em></span> 
     </span>
    </p>
   </div>
   <div class='ocr_carea' id='block_1_109' title="bbox 2234 4870 3821 4950">
    <p class='ocr_par' dir='ltr' id='par_1_109' title="bbox 2234 4870 3821 4950">
     <span class='ocr_line' id='line_1_109' title="bbox 2234 4870 3821 4950; baseline 0.008 -29"><span class='ocrx_word' id='word_1_730' title='bbox 2234 4870 2374 4924; x_wconf 72' lang='grc' dir='ltr'><em>οὕτω</em></span> <span class='ocrx_word' id='word_1_731' title='bbox 2393 4871 2690 4937; x_wconf 72' lang='grc' dir='ltr'><em>διεξιὸν,ού</em></span> <span class='ocrx_word' id='word_1_732' title='bbox 2713 4874 2819 4926; x_wconf 79' lang='grc' dir='ltr'><em>πᾶν</em></span> <span class='ocrx_word' id='word_1_733' title='bbox 2836 4875 2894 4926; x_wconf 86' lang='grc' dir='ltr'><em>τὸ</em></span> <span class='ocrx_word' id='word_1_734' title='bbox 2914 4877 2989 4944; x_wconf 84' lang='grc' dir='ltr'><em>μὴ</em></span> <span class='ocrx_word' id='word_1_735' title='bbox 3008 4876 3391 4947; x_wconf 82' lang='grc' dir='ltr'><em>κεκωλυμένον</em></span> <span class='ocrx_word' id='word_1_736' title='bbox 3408 4878 3821 4950; x_wconf 74' lang='grc' dir='ltr'><em>ἐπιτέτραπται.</em></span> 
     </span>
    </p>
   </div>
   <div class='ocr_carea' id='block_1_110' title="bbox 2792 4966 3233 5021">
    <p class='ocr_par' dir='ltr' id='par_1_110' title="bbox 2792 4966 3233 5021">
     <span class='ocr_line' id='line_1_110' title="bbox 2792 4966 3233 5021; baseline 0.007 -3"><span class='ocrx_word' id='word_1_737' title='bbox 2792 4966 3131 5019; x_wconf 82' lang='grc' dir='ltr'><strong><em>ΕΡΩΤΗΣΙΣ</em></strong></span> <span class='ocrx_word' id='word_1_738' title='bbox 3157 4969 3233 5021; x_wconf 83' lang='grc' dir='ltr'><strong><em>Γ’.</em></strong></span> 
     </span>
    </p>
   </div>
   <div class='ocr_carea' id='block_1_111' title="bbox 2258 5055 3787 5129">
    <p class='ocr_par' dir='ltr' id='par_1_111' title="bbox 2258 5055 3787 5129">
     <span class='ocr_line' id='line_1_111' title="bbox 2258 5055 3787 5129; baseline -0.011 17"><span class='ocrx_word' id='word_1_739' title='bbox 2258 5057 2323 5110; x_wconf 60' lang='lat' dir='ltr'><strong><em>El</em></strong></span> <span class='ocrx_word' id='word_1_740' title='bbox 2353 5055 2467 5125; x_wconf 69' lang='grc' dir='ltr'><strong><em>χρὴ</em></strong></span> <span class='ocrx_word' id='word_1_741' title='bbox 2488 5056 2557 5109; x_wconf 59' lang='grc' dir='ltr'><strong><em>ἐν</em></strong></span> <span class='ocrx_word' id='word_1_742' title='bbox 2616 5056 2696 5121; x_wconf 68' lang='grc' dir='ltr'><strong><em>τῷ</em></strong></span> <span class='ocrx_word' id='word_1_743' title='bbox 2734 5059 3065 5128; x_wconf 66' lang='grc' dir='ltr'><strong><em>Αὐγούστῳ</em></strong></span> <span class='ocrx_word' id='word_1_744' title='bbox 3104 5064 3399 5127; x_wconf 78' lang='grc' dir='ltr'><em>νηστείαν</em></span> <span class='ocrx_word' id='word_1_745' title='bbox 3456 5066 3787 5129; x_wconf 75' lang='grc' dir='ltr'><em>ἐπιτελεῖνὶ</em></span> 
     </span>
    </p>
   </div>
   <div class='ocr_carea' id='block_1_112' title="bbox 2315 5144 3823 5223">
    <p class='ocr_par' dir='ltr' id='par_1_112' title="bbox 2315 5144 3823 5223">
     <span class='ocr_line' id='line_1_112' title="bbox 2315 5144 3823 5223; baseline 0.005 -20"><span class='ocrx_word' id='word_1_746' title='bbox 2315 5149 2581 5203; x_wconf 76' lang='grc' dir='ltr'><strong><em>ΑΙΙΟΚΡ.</em></strong></span> <span class='ocrx_word' id='word_1_747' title='bbox 2624 5144 2735 5202; x_wconf 87' lang='grc' dir='ltr'><em>Ἦν</em></span> <span class='ocrx_word' id='word_1_748' title='bbox 2766 5152 2802 5217; x_wconf 72' lang='grc' dir='ltr'>ἡ</span> <span class='ocrx_word' id='word_1_749' title='bbox 2834 5155 3091 5218; x_wconf 85' lang='grc' dir='ltr'><em>νηστειά</em></span> <span class='ocrx_word' id='word_1_750' title='bbox 3143 5159 3443 5223; x_wconf 81' lang='grc' dir='ltr'><em>πρότερον</em></span> <span class='ocrx_word' id='word_1_751' title='bbox 3481 5158 3553 5211; x_wconf 85' lang='grc' dir='ltr'><em>ἐν</em></span> <span class='ocrx_word' id='word_1_752' title='bbox 3587 5160 3667 5223; x_wconf 85' lang='grc' dir='ltr'><em>τῷ</em></span> <span class='ocrx_word' id='word_1_753' title='bbox 3708 5175 3823 5211; x_wconf 84' lang='grc' dir='ltr'><em>και-</em></span> 
     </span>
    </p>
   </div>
   <div class='ocr_carea' id='block_1_113' title="bbox 2248 5238 3825 5315">
    <p class='ocr_par' dir='ltr' id='par_1_113' title="bbox 2248 5238 3825 5315">
     <span class='ocr_line' id='line_1_113' title="bbox 2248 5238 3825 5315; baseline 0.007 -26"><span class='ocrx_word' id='word_1_754' title='bbox 2248 5238 2337 5305; x_wconf 81' lang='grc' dir='ltr'><em>ρῷ</em></span> <span class='ocrx_word' id='word_1_755' title='bbox 2388 5242 2595 5305; x_wconf 79' lang='grc' dir='ltr'><em>τούτῳ,</em></span> <span class='ocrx_word' id='word_1_756' title='bbox 2646 5242 2931 5308; x_wconf 78' lang='grc' dir='ltr'><em>μετετέθη</em></span> <span class='ocrx_word' id='word_1_757' title='bbox 2972 5244 3040 5296; x_wconf 80' lang='grc' dir='ltr'><em>δὲ</em></span> <span class='ocrx_word' id='word_1_758' title='bbox 3074 5246 3171 5298; x_wconf 82' lang='grc' dir='ltr'><strong><em>διὰ</em></strong></span> <span class='ocrx_word' id='word_1_759' title='bbox 3213 5247 3283 5301; x_wconf 83' lang='grc' dir='ltr'><em>τὸ</em></span> <span class='ocrx_word' id='word_1_760' title='bbox 3307 5246 3396 5315; x_wconf 76' lang='grc' dir='ltr'><em>μὴ</em></span> <span class='ocrx_word' id='word_1_761' title='bbox 3455 5254 3825 5315; x_wconf 74' lang='grc' dir='ltr'><em>περιπίπτειν</em></span> 
     </span>
    </p>
   </div>
   <div class='ocr_carea' id='block_1_114' title="bbox 2234 5331 3823 5408">
    <p class='ocr_par' dir='ltr' id='par_1_114' title="bbox 2234 5331 3823 5408">
     <span class='ocr_line' id='line_1_114' title="bbox 2234 5331 3823 5408; baseline 0.006 -26"><span class='ocrx_word' id='word_1_762' title='bbox 2234 5331 2363 5396; x_wconf 83' lang='grc' dir='ltr'><em>ταῖς</em></span> <span class='ocrx_word' id='word_1_763' title='bbox 2412 5331 2561 5384; x_wconf 81' lang='grc' dir='ltr'><em>κατὰ</em></span> <span class='ocrx_word' id='word_1_764' title='bbox 2612 5332 2722 5386; x_wconf 79' lang='grc' dir='ltr'><em>τὸν</em></span> <span class='ocrx_word' id='word_1_765' title='bbox 2764 5335 2974 5401; x_wconf 75' lang='grc' dir='ltr'><em>καιρὸν</em></span> <span class='ocrx_word' id='word_1_766' title='bbox 3010 5336 3231 5391; x_wconf 86' lang='grc' dir='ltr'><em>τοῦτον</em></span> <span class='ocrx_word' id='word_1_767' title='bbox 3270 5341 3617 5408; x_wconf 73' lang='grc' dir='ltr'><em>γινομέναις</em></span> <span class='ocrx_word' id='word_1_768' title='bbox 3679 5343 3823 5394; x_wconf 80' lang='grc' dir='ltr'><em>ἐθνι-</em></span> 
     </span>
    </p>
   </div>
   <div class='ocr_carea' id='block_1_115' title="bbox 2234 5423 3821 5501">
    <p class='ocr_par' dir='ltr' id='par_1_115' title="bbox 2234 5423 3821 5501">
     <span class='ocr_line' id='line_1_115' title="bbox 2234 5423 3821 5501; baseline 0.005 -24"><span class='ocrx_word' id='word_1_769' title='bbox 2234 5423 2368 5489; x_wconf 82' lang='grc' dir='ltr'><em>καῖς</em></span> <span class='ocrx_word' id='word_1_770' title='bbox 2399 5426 2729 5491; x_wconf 83' lang='grc' dir='ltr'><em>νηστείαις.</em></span> <span class='ocrx_word' id='word_1_771' title='bbox 2768 5428 2942 5495; x_wconf 77' lang='grc' dir='ltr'><em>Πλὴν</em></span> <span class='ocrx_word' id='word_1_772' title='bbox 2969 5431 3067 5482; x_wconf 78' lang='grc' dir='ltr'><em>καὶ</em></span> <span class='ocrx_word' id='word_1_773' title='bbox 3098 5430 3187 5484; x_wconf 77' lang='grc' dir='ltr'><em>ἔτι</em></span> <span class='ocrx_word' id='word_1_774' title='bbox 3213 5433 3438 5486; x_wconf 67' lang='grc' dir='ltr'><em>πολλοὶ</em></span> <span class='ocrx_word' id='word_1_775' title='bbox 3462 5433 3584 5487; x_wconf 86' lang='grc' dir='ltr'><em>τῶν</em></span> <span class='ocrx_word' id='word_1_776' title='bbox 3609 5432 3821 5501; x_wconf 49' lang='grc' dir='ltr'><strong><em>ἀνθρὼ-</em></strong></span> 
     </span>
    </p>
   </div>
   <div class='ocr_carea' id='block_1_116' title="bbox 2234 5519 3677 5593">
    <p class='ocr_par' dir='ltr' id='par_1_116' title="bbox 2234 5519 3677 5593">
     <span class='ocr_line' id='line_1_116' title="bbox 2234 5519 3677 5593; baseline 0.01 -24"><span class='ocrx_word' id='word_1_777' title='bbox 2234 5533 2363 5571; x_wconf 76' lang='grc' dir='ltr'><em>πων</em></span> <span class='ocrx_word' id='word_1_778' title='bbox 2392 5520 2618 5586; x_wconf 82' lang='grc' dir='ltr'><em>ταύτην</em></span> <span class='ocrx_word' id='word_1_779' title='bbox 2642 5519 2755 5587; x_wconf 81' lang='grc' dir='ltr'><em>τὴν</em></span> <span class='ocrx_word' id='word_1_780' title='bbox 2783 5526 3079 5589; x_wconf 81' lang='grc' dir='ltr'><em>νηστείαν</em></span> <span class='ocrx_word' id='word_1_781' title='bbox 3103 5528 3545 5593; x_wconf 82' lang='grc' dir='ltr'><em>νηστεύουσιν.</em></span> <span class='ocrx_word' id='word_1_782' title='bbox 3673 5525 3677 5527; x_wconf 26' lang='grc' dir='ltr'><strong><em>λ</em></strong></span> 
     </span>
    </p>
   </div>
   <div class='ocr_carea' id='block_1_117' title="bbox 2305 5609 3816 5691">
    <p class='ocr_par' dir='ltr' id='par_1_117' title="bbox 2305 5609 3816 5691">
     <span class='ocr_line' id='line_1_117' title="bbox 2305 5609 3816 5691; baseline 0.006 -29"><span class='ocrx_word' id='word_1_783' title='bbox 2305 5609 2565 5663; x_wconf 81' lang='lat' dir='ltr'><strong><em>EPMHN.</em></strong></span> <span class='ocrx_word' id='word_1_784' title='bbox 2617 5612 2692 5663; x_wconf 86' lang='grc' dir='ltr'>Τὸ</span> <span class='ocrx_word' id='word_1_785' title='bbox 2723 5614 2853 5683; x_wconf 74' lang='grc' dir='ltr'><em>περὶ</em></span> <span class='ocrx_word' id='word_1_786' title='bbox 2903 5614 3005 5683; x_wconf 86' lang='grc' dir='ltr'><em>τῆς</em></span> <span class='ocrx_word' id='word_1_787' title='bbox 3045 5617 3305 5686; x_wconf 82' lang='grc' dir='ltr'><em>νηστείας</em></span> <span class='ocrx_word' id='word_1_788' title='bbox 3352 5620 3562 5689; x_wconf 85' lang='grc' dir='ltr'><em>ταύτης</em></span> <span class='ocrx_word' id='word_1_789' title='bbox 3590 5619 3816 5691; x_wconf 76' lang='grc' dir='ltr'><em>ὲζητήθη</em></span> 
     </span>
    </p>
   </div>
   <div class='ocr_carea' id='block_1_118' title="bbox 2241 5700 3816 5781">
    <p class='ocr_par' dir='ltr' id='par_1_118' title="bbox 2241 5700 3816 5781">
     <span class='ocr_line' id='line_1_118' title="bbox 2241 5700 3816 5781; baseline 0.008 -30"><span class='ocrx_word' id='word_1_790' title='bbox 2241 5700 2374 5752; x_wconf 80' lang='grc' dir='ltr'><em>ποτὲ</em></span> <span class='ocrx_word' id='word_1_791' title='bbox 2405 5700 2637 5754; x_wconf 75' lang='grc' dir='ltr'><em>ἐνώπιον</em></span> <span class='ocrx_word' id='word_1_792' title='bbox 2668 5701 2764 5754; x_wconf 71' lang='grc' dir='ltr'><em>τοῦ</em></span> <span class='ocrx_word' id='word_1_793' title='bbox 2804 5705 3074 5773; x_wconf 88' lang='grc' dir='ltr'><em>κραταιοῦ</em></span> <span class='ocrx_word' id='word_1_794' title='bbox 3109 5709 3204 5760; x_wconf 78' lang='grc' dir='ltr'><em>καὶ</em></span> <span class='ocrx_word' id='word_1_795' title='bbox 3236 5708 3399 5776; x_wconf 85' lang='grc' dir='ltr'><em>ἁγίου</em></span> <span class='ocrx_word' id='word_1_796' title='bbox 3472 5712 3635 5781; x_wconf 83' lang='grc' dir='ltr'><em>ήμῶν</em></span> <span class='ocrx_word' id='word_1_797' title='bbox 3668 5710 3816 5781; x_wconf 82' lang='grc' dir='ltr'><em>βασι-</em></span> 
     </span>
    </p>
   </div>
   <div class='ocr_carea' id='block_1_119' title="bbox 2236 5792 3806 5862">
    <p class='ocr_par' dir='ltr' id='par_1_119' title="bbox 2236 5792 3806 5862">
     <span class='ocr_line' id='line_1_119' title="bbox 2236 5792 3806 5862; baseline 0.009 -19"><span class='ocrx_word' id='word_1_798' title='bbox 2236 5792 2370 5852; x_wconf 83' lang='grc' dir='ltr'><em>λέως</em></span> <span class='ocrx_word' id='word_1_799' title='bbox 2399 5794 2538 5861; x_wconf 71' lang='grc' dir='ltr'><em>κατὰ</em></span> <span class='ocrx_word' id='word_1_800' title='bbox 2577 5796 2881 5858; x_wconf 77' lang='grc' dir='ltr'><em>παρουσίαν</em></span> <span class='ocrx_word' id='word_1_801' title='bbox 2916 5797 3009 5851; x_wconf 79' lang='grc' dir='ltr'><em>τοῦ</em></span> <span class='ocrx_word' id='word_1_802' title='bbox 3042 5798 3351 5862; x_wconf 81' lang='grc' dir='ltr'><em>ἁγιωτάτου</em></span> <span class='ocrx_word' id='word_1_803' title='bbox 3410 5802 3625 5857; x_wconf 70' lang='grc' dir='ltr'><em>ἐκείνου</em></span> <span class='ocrx_word' id='word_1_804' title='bbox 3708 5816 3806 5852; x_wconf 77' lang='grc' dir='ltr'><em>πα·</em></span> 
     </span>
    </p>
   </div>
  </div>
