4004 6450
167 327 277 391 945

1167 332 1948 394 ΙΝΤΕΒΡΠΕΤᾹΤΙΟΝΕΞ
1978 333 2394 398 CANONICIE.

3318 338 3421 400 956

171 442 367 511 ρίσατο
400 458 414 474 ’
453 442 546 497 καὶ⁵
582 442 658 506 ὡς
692 444 918 514 νομίζω,
949 440 1131 507 καλῶς
1163 461 1178 475 ·
1218 445 1338 499 οὑδὲ
1376 447 1484 514 γὰρ
1518 446 1746 514 ὑψοῦται

1857 460 2026 504 catur.
2070 449 2212 519 Lege
2248 452 2407 505 etiam
2442 459 2752 505 sanctorum
2783 449 3149 520 apostolorum
3189 466 3315 507 can.
3352 456 3416 508 72

178 537 209 589 δ
244 532 410 600 οἶνος,
473 536 612 589 ἀλλά
661 536 820 605 μόνον
885 539 1201 606 ἁγιάζεται.
1281 538 1580 606 Ἀνάγνωθι
1640 539 1749 591 τῶν

168 627 348 691 ἁγίων
419 626 730 681 ἀποστόλων
790 628 989 681 κανόνα
1049 627 1124 699 οβ’
1181 630 1275 681 καὶ
1360 632 1456 699 τῆς
1503 630 1560 681 ἐν
1622 630 1747 694 Ἀγ-

171 718 322 789 κύρα
345 720 561 770 συνόδου
591 718 792 771 κανόνα
814 717 858 781 ζ’
892 721 985 771 καὶ
1006 726 1078 784 η’.
1139 719 1449 789 Σημείωσαι
1496 718 1552 772 δὲ
1597 720 1663 772 τὰ
1691 720 1750 771 ὲν

166 813 237 878 τῇ
271 811 522 879 παρούσῃ
554 811 843 878 ἀποκρίσει
875 811 1261 879 περιεχόμενα,
1307 813 1398 862 καὶ
1453 810 1745 879 θρήνησον,

168 902 290 956 τῶε
326 905 742 969 καταφρονεῖται
773 902 957 970 σχεδὸν
986 903 1093 955 ἀπὸ
1122 904 1338 956 πάντων
1395 901 1504 954 τῶν
1559 903 1749 972 ἱερέων

169 989 202 1054 ἡ
268 989 479 1059 δαπάνη
535 1007 643 1042 των
706 993 779 1063 μὴ
833 992 1133 1061 ὑψωμένων
1207 1010 1534 1063 προσφορων
1565 1010 1578 1025 ο
1667 994 1749 1047 ὅτι

167 1078 395 1163 πλείους
427 1081 536 1149 γὰρ
566 1081 661 1134 καὶ
695 1084 830 1151 μετά
861 1087 1110 1153 κρεάτων
1141 1084 1409 1138 ἐσθίουσιν
1435 1085 1622 1152 αὑτὰς,
1653 1083 1748 1139 καὶ

166 1168 525 1239 ἀλλοτρὸπως
554 1173 972 1227 κοινοποιοῦσιν.

766 1266 1102 1323 sparum:
1139 1272 1230 1336 ς’.

242 1356 316 1406 El
341 1354 724 1423 ὁπουδήποτε
749 1357 1076 1426 ἀποκαρείς
1125 1365 1392 1430 μοναχός
1451 1379 1544 1427 τις
1590 1363 1738 1426 ,βλὰ-

166 1465 384 1502 utetur.
406 1449 557 1504 κατά
584 1468 638 1504 τι
671 1453 912 1519 συμϐὰν
941 1455 1238 1522 ψυχικῶς,
1301 1458 1394 1510 καὶ
1445 1457 1744 1524 ,ϐουλόμε-

164 1558 279 1606 νος
300 1540 689 1609 ὑποχωρῆσαι
718 1541 992 1611 δεσμηθῇ
1021 1547 1181 1613 παρὰ
1212 1546 1317 1599 τοῦ
1349 1551 1571 1602 οἰκείου
1606 1564 1748 1614 apo-

164 1633 452 1699 εστῶτος,
483 1635 538 1687 τί
561 1633 839 1701 nomine;
871 1635 981 1704 τῆς
1014 1637 1250 1707 βλάϐης
1275 1642 1744 1710 καταφρονήσει,

169 1731 208 1796 ἢ
238 1727 350 1780 τοῦ
386 1729 619 1798 δεσμοῦ
644 1745 662 1791 ;

1853 543 2112 612 ctsynodi
2143 546 2437 614 Aucyranae
2495 557 2614 598 can.
2650 542 2679 594 7
2724 553 2778 596 et
2818 542 2873 600 8.
2929 541 3196 598 Observes
3234 556 3414 599 autem

1851 648 1971 702 qua
2014 635 2066 685 in
2108 633 2358 700 praesenti
2419 633 2769 701 responsione
2820 633 3206 698 continentur;
3254 647 3309 690 et
3343 638 3421 691 la-

1853 727 2051 781 mentis
2082 740 2259 790 vaces,
2292 725 2435 794 quod
2497 724 2564 779 ab
2595 726 2845 779 omnibus
2888 728 3272 795 propemodum
3332 743 3420 782 sa-

1851 819 2167 874 cerdotibus
2224 817 2486 886 neglectui
2542 818 2807 871 habeatur
2851 817 3207 872 exaltatarum
3253 820 3416 889 218

1850 911 2182 964 oblotionum
2210 911 2551 975 consumptio
2587 927 2601 963 :
2635 909 2877 978 plerique
2920 910 3066 964 enim
3123 925 3215 965 eos
3250 913 3410 965 etiam

1851 1017 1975 1056 cum
2012 1004 2270 1058 carnibus
2297 1000 2608 1071 comedunt,
2635 1011 2688 1055 et
2722 1001 2842 1057 aliis
2875 1003 3048 1058 modis
3099 1003 3410 1072 profanant.

2306 1287 2820 1345 INTERROGATIO
2873 1286 2960 1340 νι.

1906 1382 1964 1436 Si
1984 1382 2121 1435 ullus
2138 1397 2441 1450 quocunque
2453 1381 2506 1432 in
2525 1381 2639 1432 loco
2657 1387 2840 1433 tonsus
2854 1376 3136 1430 monachus
3155 1376 3207 1430 in
3221 1376 3418 1444 aliquo,

1849 1476 1987 1542 quod
2011 1475 2124 1542 ejus
2155 1474 2390 1528 animam
2429 1476 2670 1543 oﬂendit,
2703 1474 2934 1537 (ceditur,
2984 1482 3030 1527 et
3066 1472 3239 1526 volens
3284 1487 3422 1524 rece-

1848 1565 1989 1629 dere,
2025 1585 2055 1618 ιι
2094 1582 2187 1619 suo
2238 1567 2519 1634 prtrposito
2589 1566 2786 1635 ligatus
2817 1565 2998 1632 fuerit,
3051 1564 3176 1634 quid
3224 1562 3423 1632 faciet?

1849 1659 2099 1709 damnum
2122 1667 2436 1723 contemnet,
2478 1674 2546 1710 an
2579 1656 2848 1711 vinculum
2871 1657 2897 1710 .’

235 1822 504 1873 ΑΠΟΚΡ.
569 1822 690 1890 Χρὴ
742 1825 954 1880 τοῦτον
1012 1825 1214 1893 λέγειν
1282 1823 1360 1887 τῷ
1417 1823 1744 1892 προεστῶτι

1918 1833 2130 1891 RESP.
2193 1836 2403 1906 Oportet
2447 1851 2564 1890 eum
2623 1835 2797 1890 dicere
2840 1836 3119 1903 praeposito
3172 1850 3328 1902 quam
3360 1833 3421 1887 ob

167 1910 246 1964 δι’
275 1912 308 1966 ὃ
329 1912 664 1976 βλάπτεται
696 1930 712 1948 ο
739 1918 834 1970 καί
862 1920 912 1971 εί
937 1918 1068 1972 ἔστι
1109 1916 1426 1984 προφανὴς
1462 1916 1746 1982 κίνδυνος

167 2005 238 2058 ἐκ
264 2005 499 2063 τούτου.
539 2008 872 2075 ὑποχωρεῖν
934 2009 1184 2074 ἐκεῖθεν,
1222 2010 1322 2063 καὶ
1363 2008 1447 2078 μὴ
1486 2008 1593 2063 τοῦ
1649 2007 1745 2061 δε-

166 2100 336 2166 σμοῦ
390 2101 741 2168 φροντίζειν.

242 2191 508 2246 ΕΡΜΗΝ.
553 2193 611 2245 '0
668 2194 853 2260 τρίτος
889 2194 1068 2248 κανὼν
1100 2195 1198 2263 τῆς
1229 2196 1287 2247 ἐν
1341 2190 1422 2255 τῷ
1475 2192 1586 2261 ναῷ
1636 2191 1745 2247 τῶν

178 2283 387 2348 Ἀγίων
421 2284 763 2337 Ἀποστόλων
789 2287 1060 2351 συστάσης
1092 2287 1316 2354 πρώτης
1363 2287 1456 2340 καὶ
1499 2287 1595 2354 τῆς
1623 2288 1744 2340 δευ-

166 2373 333 2442 τέρας
352 2375 568 2427 συνόδου
587 2375 943 2445 ἀφορίζεσθαι
965 2377 1258 2445 διορίζεται
1283 2377 1373 2428 τὸν
1401 2377 1749 2445 καθηγούμεο

170 2482 289 2527 νον,
337 2465 411 2534 μὴ
445 2465 818 2534 ἀναζητοῦντα
856 2468 995 2534 μετά
1053 2469 1373 2534 ἐπιμελείας
1425 2470 1518 2521 τὸν
1557 2469 1746 2521 ἀποδιο

165 2558 476 2626 δράσκοντα
506 2560 736 2626 μοναχὸν
753 2558 918 2611 αὑτοῦ
942 2575 957 2590 ο
989 2560 1081 2612 καὶ
1111 2562 1138 2610 ὀ
1165 2561 1207 2612 δ’
1237 2560 1417 2612 κανὼν
1447 2561 1547 2628 τῆς
1575 2560 1746 2628 αὐτῆς

172 2649 400 2703 συνόδου
457 2648 706 2718 ἀφορίζει
742 2649 832 2700 τὸν
861 2651 1028 2718 χωρὶς
1069 2650 1290 2716 εὐλόγου
1348 2651 1528 2712 αἰτιας
1585 2668 1746 2717 μετα-

166 2735 442 2794 πίπτοντα
478 2739 732 2809 μοναχὸν,
769 2741 863 2791 καὶ
889 2743 979 2792 τὸν
1003 2742 1292 2812 δεχόμενον
1343 2744 1530 2795 αὑτὸν.
1581 2744 1744 2795 Ὅθεν

167 2835 264 2886 καὶ
293 2833 326 2898 ή
360 2833 489 2898 ἀγία
513 2832 732 2895 σύνοδος
760 2833 1135 2902 ἀπελογήσατο
1165 2836 1237 2904 μὴ
1269 2836 1743 2905 ἀπεριμερίμνως,

170 2923 271 2972 καὶ
301 2920 444 2972 κατά
479 2922 539 2972 τὸ
588 2921 745 2985 δόξαν
778 2923 1072 2974 σκάνδαλον
1104 2925 1182 2975 ἑνὶ
1217 2925 1431 2993 ἑκάστῳ
1482 2926 1591 2976 τῶν
1655 2944 1744 2993 μου

172 3011 385 3079 ναχῶν,
414 3012 721 3081 ὑποχωρεῖν
744 3013 800 3076 ἐξ
833 3009 898 3083 ἧς
929 3014 1180 3082 ἀπεκάρη
1221 3016 1406 3082 μονῆς,
1439 3015 1572 3067 ἀλλά
1614 3016 1743 3067 ἀνα-

168 3104 450 3157 διδάσκειν
472 3103 631 3155 τοῦτο
687 3103 779 3155 τὸν
805 3102 1238 3171 καθηγούμενον,
1270 3103 1364 3155 καὶ
1388 3106 1435 3156 εί
1477 3104 1549 3172 μὴ
1588 3103 1744 3171 τύχοι

167 3195 532 3266 διορθώσεως,
590 3197 897 3265 ὑποχωρεῖν
931 3195 1038 3247 ἀπὸ
1107 3199 1202 3261 τῆς
1260 3195 1449 3263 μονῆς,
1521 3196 1614 3248 καὶ
1673 3196 1748 3264 μὴ

172 3285 608 3352 ἐπιστρέφεσθαι
640 3285 733 3336 τοῦ
768 3283 1096 3354 ἡγεμονικοῦ
1129 3283 1352 3352 δεσμοῦ.
1393 3284 1748 3338 Ἐκλαόοὖδδ

169 3379 230 3428 τδ
271 3376 346 3445 μὴ
386 3375 808 3444 ἐπιστρέφεσθαι
840 3375 1004 3427 αὑτὸν
1035 3375 1127 3426 τοῦ
1168 3373 1366 3442 δεσμοῦ
1438 3378 1517 3435 εἰς
1580 3374 1639 3426 τὸ
1675 3374 1750 3444 μὴ

171 3465 506 3518 ὑποπτεύειν
537 3464 779 3516 κίνδυνον
813 3468 874 3515 ὲκ
906 3462 1004 3515 τοῦ
1066 3463 1421 3531 ὑποχωρῆσαι
1487 3465 1592 3532 πρξ
1654 3464 1750 3515 τοῦ

171 3557 524 3624 λυθῆναι-τὸν
556 3555 753 3622 δεσμόν
781 3570 794 3583 ·
839 3557 912 3623 μὴ
942 3555 1122 3621 μέντοι
1160 3572 1222 3621 γε
1285 3553 1378 3606 καὶ
1409 3557 1485 3615 είς
1551 3554 1610 3605 τὸ
1656 3569 1750 3619 γε-

170 3648 365 3700 νέσθαι
398 3648 697 3699 αύτὸλυπον
733 3661 746 3674 ⁸
777 3646 1253 3713 ἀναγκασθήσεται
1285 3649 1392 3714 γὰρ
1437 3645 1752 3712 προσελθεῖν

169 3741 250 3807 τῷ
273 3740 416 3791 κατά
446 3737 630 3808 χώραν
658 3739 966 3805 ὲπισκόπῳ,
1005 3739 1098 3789 καὶ
1140 3737 1370 3804 λυθῆναι
1427 3735 1522 3788 τοῦ
1550 3736 1750 3806 δεσμοῦ

172 3833 206 3900 ἢ
242 3831 386 3884 κατά
413 3830 844 3897 παρουσίανκτοῦ
896 3830 1265 3896 ἐπαγαγόντος
1322 3831 1504 3890 αὑτὸν,
1563 3830 1594 3898 ἥ
1656 3831 1752 3881 καὶ

173 3923 392 3974 ἐκείνου
426 3921 573 3990 δίχα,
629 3922 762 3990 μετά
792 3919 887 3990 τὴν
956 3919 1292 3990 μετάκλησιν
1323 3920 1398 3989 μὴ
1454 3919 1751 3989 παρουσιά-

173 4028 392 4074 σαντος.

834 4103 1164 4158 ΕΡΩΤΗΣΙΣ
1201 4108 1272 4158 Z'.

251 4195 614 4262 ’ῙΙγούμενος
645 4195 940 4248 τελευτῶν
983 4199 1307 4250 κατέλιπεν
1366 4197 1568 4264 ἕτερον
1618 4197 1750 4249 ἀνθ’

171 4284 766 4351 ἐίιυτοῦηδεσμήσας
797 4289 984 4338 αὑτὸν
1006 4287 1090 4354 μὴ
1129 4288 1543 4355 ὑποχωρῆσαι,
1590 4289 1752 4342 Ἀλλ’

171 4377 204 4426 ό
238 4372 507 4437 τοιοῦτος
538 4373 871 4441 καταγνοὺς
944 4375 1162 4428 ἑαυτοῦ
1232 4378 1552 4430 ἀσθένειαν
1607 4381 1751 4431 iisre-

169 4467 432 4537 χώρησε.
458 4468 525 4570 3‘1
557 4467 706 4534 γοῦν
727 4468 842 4534 χρὴ
872 4469 1122 4534 ποιῆσαι
1166 4471 1294 4534 περὶ
1350 4472 1455 4524 τοῦ
1483 4472 1746 4539 δεσμοῦ;
1777 4511 1827 4570 D
1854 4473 1971 4524 culo
1996 4470 2021 4520 ἵ

242 4556 511 4612 ΛΠΟΚΡ.
587 4561 840 4626 Ἀλογος
900 4564 932 4612 d
977 4559 1225 4630 δεσμὸς,
1271 4563 1369 4615 καὶ
1428 4563 1526 4616 διὰ
1571 4565 1749 4618 τοῦτο

173 4650 638 4717 ἀνίσχυροςικαὶ
664 4653 695 4703 d
728 4650 1044 4719 δεσμηθείς
1071 4653 1518 4718 ἀπολυθήσεται
1545 4655 1745 4722 ἀρχιε-

165 4741 270 4808 ρεῖ
326 4741 705 4806 προσελθὼν,
769 4743 867 4795 καί
937 4744 1009 4796 τὰ
1077 4747 1207 4799 καθ’
1287 4745 1504 4799 ἑαυτὸν
1555 4748 1746 4816 ἀπαγ-

173 4835 406 4902 rauce.

245 4922 511 4976 EPMHN.
580 4921 641 4974 Ὀ
671 4922 752 4990 λβ⁹
777 4923 956 4976 κανὼν
986 4925 1093 4980 τῶν
1173 4928 1347 4993 ἀγίων
1419 4930 1736 4984 ἀποστόλων

179 5015 317 5082 φησὶ
343 5015 433 5064 τὴν
459 5013 821 5082 ἀφορισθέντα
843 5017 973 5084 παρ’
1008 5020 1308 5072 ἐπισκόπου
1360 5022 1433 5092 μὴ
1490 5021 1741 5090 δέχεσθαι

177 5102 310 5171 παρ’
348 5103 534 5171 ἑτέρου
572 5105 692 5157 ἀλλ’
727 5106 758 5174 ἢ
801 5109 948 5176 παρά
978 5107 1071 5160 τοῦ
1147 5110 1508 5178 ἀφορίσαντος
1560 5115 1743 5177 αὐτὸν,

177 5199 224 5247 εξ
265 5195 339 5262 μὴ
368 5195 514 5246 κατά
560 5196 864 5266 συγκυρίαν
891 5198 1206 5266 τελευτήσει
1231 5203 1258 5252 ὁ
1308 5202 1578 5269 ἀφορίσας
1615 5205 1744 5258 τοῦ-

175 5303 289 5338 τον.
320 5285 477 5337 Κατά
520 5285 652 5352 γοῦν
691 5286 790 5354 τὴν
813 5287 1000 5340 τούτου
1041 5290 1334 5358 περίληψιν
1362 5293 1745 5360 ἀπελογήσατο

177 5377 212 5444 ἡ
245 5375 374 5438 ἀγία
411 5374 630 5437 σύνοδος
667 5376 757 5426 τὸν
786 5377 1078 5443 ἀνεύλογον
1102 5379 1301 5448 δεσμὸν
1343 5383 1435 5434 τοῦ
1492 5385 1744 5454 τελευτή-

181 5481 376 5525 σαντος
435 5465 857 5532 καθηγουμένου
941 5466 1160 5520 λύεσθαι
1221 5471 1371 5539 παρά
1437 5473 1740 5540 ἀρχιερέως

180 5558 397 5616 πάντως
450 5557 546 5606 τοῦ
596 5561 733 5608 κατὰ
768 5557 973 5627 χώραν.
1002 5561 1076 5611 Οὐ
1138 5563 1242 5630 γὰρ
1299 5562 1514 5632 ἐνεδόθη
1547 5566 1739 5634 ἑτέρας

183 5647 400 5715 ενορίας
442 5649 689 5716 ἀρχιερεῖ
716 5648 861 5700 λύειν
906 5651 1101 5718 δεσμὸν
1147 5653 1583 5723 καθηγουμένου,
1664 5658 1738 5728 μὴ

185 5739 553 5807 ὑποκειμένον
580 5739 743 5808 αὐτῷ.
778 5739 888 5792 Καὶ
919 5741 944 5791 ὁ
982 5743 1078 5808 μὲν
1106 5743 1410 5813 παράλογος
1437 5749 1576 5815 ἀφορ
1603 5748 1738 5814 σμὸς

1855 1944 1958 1980 rem
1991 1928 2242 1982 (ceditur:
2268 1937 2314 1980 et
2344 1928 2390 1980 si
2434 1937 2510 1981 est
2536 1941 2600 1980 ex
2626 1943 2685 1980 eo
2731 1927 3071 1996 manifestum
3113 1923 3422 1994 periculum,

1854 2021 2110 2086 recedere,
2145 2028 2193 2072 et
2220 2018 2483 2073 vinculum
2501 2034 2606 2073 non
2635 2034 2846 2074 curare.

1925 2199 2346 2256 INTERPRET.
2392 2198 2610 2255 Tertius
2649 2213 2823 2254 canon
2864 2199 3054 2268 primze
3077 2204 3128 2250 et
3170 2194 3424 2249 secunda:

1854 2310 1972 2363 syn.
2016 2296 2069 2348 in
2104 2294 2302 2362 templo
2339 2292 2438 2345 SS.
2477 2273 2843 2357 apostolorum
2899 2289 3115 2353 habitae,
3148 2286 3420 2346 decernit,

1856 2395 2252 2454 utsegregetur
2288 2383 2606 2438 monasterii
2637 2383 2977 2450 prmpositus,
3005 2381 3095 2448 qui
3135 2378 3423 2444 diligenter

1857 2494 1960 2531 non
2019 2476 2248 2548 requirit
2305 2475 2627 2528 monachum
2676 2487 2831 2527 suum
2893 2473 2983 2540 qui
3055 2470 3312 2539 aufugit:
3371 2476 3423 2522 et

1853 2577 2079 2634 quartus
2097 2580 2272 2620 canon
2301 2565 2541 2632 ejusdem
2573 2562 2763 2632 synodi
2801 2567 3054 2630 segregat
3098 2559 3422 2612 monachum

1854 2660 1944 2728 qui
1974 2658 2246 2723 smejnsta
2299 2671 2463 2711 causa
2517 2655 2740 2719 recedit,
2782 2663 2830 2707 el
2875 2668 2998 2706 eum
3029 2653 3117 2721 qui
3156 2651 3300 2704 illum
3344 2664 3431 2703 re-

1854 2751 2002 2818 cipit.
2040 2749 2189 2804 Unde
2225 2749 2384 2802 etiam
2415 2749 2471 2801 S.
2493 2762 2611 2816 syn.
2642 2743 2926 2814 respondit
2981 2759 3090 2797 non
3122 2741 3426 2796 inconside-

1856 2854 1970 2896 rate
1994 2853 2047 2895 et
2113 2857 2210 2910 pro
2278 2856 2340 2892 ea
2399 2855 2516 2908 qntP.
2567 2839 2668 2894 sibi
2730 2838 3044 2906 apparuerit
3103 2835 3426 2893 offensione,

1855 2933 2017 2984 licere
2066 2931 2358 2996 unicuique
2385 2930 2650 2980 monacho
2706 2942 2771 2979 ex
2834 2941 2898 2979 eo
2955 2940 3064 2992 quo
3119 2934 3304 2978 tonsus
3345 2935 3427 2977 est

1857 3021 2189 3073 monasterio
2216 3017 2468 3073 recedere
2495 3034 2507 3068 :
2539 3018 2630 3070 sed
2665 3016 2766 3069 hoc
2816 3014 3161 3083 praepositum
3209 3013 3422 3072 docere.

1855 3111 1974 3163 etsi
2010 3125 2114 3162 non
2147 3108 2541 3162 correctionem
2573 3115 2850 3158 assecutus
2889 3105 2980 3166 sit,
3016 3118 3045 3156 a
3093 3102 3428 3156 monasterio

1854 3204 2130 3264 recedere,
2163 3210 2218 3254 et
2247 3199 2449 3252 vinculi
2516 3198 2598 3252 sui
2651 3196 2926 3265 praepositi
2984 3193 3187 3248 nullam
3241 3207 3426 3248 curam

1855 3293 2072 3347 habere.
2108 3291 2303 3359 Accipe
2353 3298 2531 3342 autem
2568 3288 2697 3340 illud
2746 3286 2943 3341 vinCuli
3008 3286 3210 3343 nullam
3244 3299 3428 3339 curam

1857 3385 2056 3438 habere
2091 3381 2155 3434 ad
2190 3383 2312 3445 hoc,
2371 3390 2426 3430 ut
2461 3393 2568 3432 non
2602 3379 2911 3446 suspicetur
2944 3378 3162 3446 aliquod
3186 3377 3286 3430 sibi
3329 3378 3402 3430 im

1855 3474 2064 3526 mittere
2095 3471 2416 3540 periculum,
2448 3485 2512 3522 eo
2540 3470 2680 3537 quod
2709 3468 2997 3522 recesserit
3021 3477 3309 3535 antequam
3352 3466 3423 3519 sit

1856 3566 2089 3618 solutum
2118 3563 2387 3616 vinculum
2416 3580 2427 3614 :
2466 3577 2573 3614 non
2600 3564 2761 3614 etiam
2788 3561 2854 3614 ad
2891 3561 3014 3624 hoc,
3069 3570 3124 3612 ut
3154 3559 3266 3627 ipse
3316 3571 3411 3625 per

1857 3671 1914 3710 se
1944 3655 2277 3708 absolvatur;
2305 3652 2538 3721 Cogetnr
2562 3653 2704 3705 enim
2752 3651 3009 3706 accedere
3064 3651 3128 3704 ad
3181 3649 3282 3702 loci
3314 3648 3426 3714 epil-

1857 3763 2100 3813 scOpmn,
2140 3755 2192 3798 et
2221 3745 2422 3797 abSolvi
2450 3761 2478 3797 a
2514 3745 2751 3807 vinculo,
2783 3743 2864 3797 vel
2905 3758 2969 3797 eo
3013 3748 3280 3809 praesente
3332 3741 3423 3807 qui

1857 3840 2130 3905 imposuit.
2202 3839 2282 3889 vel
2319 3837 2481 3890 etiam
2516 3837 2635 3890 sine
2695 3836 2810 3901 illo,
2871 3845 3159 3906 postquam
3207 3842 3428 3887 vocatus

1860 3946 1967 3983 non
2005 3926 2262 3982 :zdlucrit.

2311 4093 2827 4151 INTERROGATIO
2861 4093 2967 4150 VII.

1931 4196 2160 4249 Moriens
2192 4193 2502 4261 pra’positus
2544 4189 2753 4258 reliquit
2779 4205 2871 4258 pro
2896 4204 2948 4241 se
3002 4187 3190 4250 alium,
3248 4185 3310 4236 ab
3367 4197 3422 4235 eo

1855 4290 2074 4358 ligatum
2104 4303 2163 4338 ne
2201 4286 2475 4339 recederet.
2501 4282 2554 4336 Is
2587 4291 2785 4344 autem,
2821 4296 2918 4330 sua
2947 4276 3309 4329 imbecillitate
3341 4289 3418 4326 co-

1857 4381 2026 4449 gnita,
2063 4377 2296 4430 recessit.
2337 4374 2478 4443 Quid
2541 4375 2716 4438 itaque
2757 4369 3060 4439 faciendum
3099 4377 3172 4419 est
3212 4368 3274 4419 de
3308 4365 3421 4416 vin-

1923 4558 2127 4618 RESP.
2159 4559 2384 4614 Ratione
2418 4566 2557 4611 caret
2585 4553 2869 4618 vinculum,
2897 4560 3051 4619 atque
3095 4550 3210 4602 ideo
3240 4545 3428 4600 invali-

1851 4659 1974 4710 dum
2002 4664 2098 4716 est,
2159 4662 2209 4706 et
2235 4650 2480 4705 accedens
2513 4648 2579 4700 ad
2610 4647 2907 4715 episcopum
2962 4645 3158 4712 ligatus
3191 4637 3425 4693 absolve-

1850 4759 1956 4812 tur,
1989 4763 2107 4799 cum
2137 4761 2236 4798 sua
2269 4745 2316 4796 ei
2346 4743 2664 4810 exposuerit.

1922 4920 2690 4981 lNTERPRET.Trieesimus
2753 4919 3022 4973 secundus
3077 4931 3248 4971 canon
3300 4927 3423 4967 san-

1849 5029 2058 5076 ctorum
2092 5015 2477 5085 apostolorum,
2502 5011 2634 5065 dicit
2669 5026 2793 5063 eum
2829 5010 2919 5076 qui
2951 5010 3018 5062 ab
3047 5009 3299 5076 episcopo
3335 5019 3424 5060 se-

1850 5120 2104 5182 gregatus
2128 5117 2210 5163 est
2231 5107 2298 5162 ab
2334 5107 2441 5161 alio
2473 5120 2576 5158 non
2608 5105 2829 5172 suscipi,
2863 5111 3220 5171 praeterquam
3259 5099 3326 5152 ab
3352 5111 3416 5151 eo

1848 5203 1938 5272 qui
1975 5203 2148 5270 ipsum
2196 5197 2524 5265 segregavit,
2561 5195 2665 5248 nisi
2720 5194 2859 5248 forte
2918 5205 3160 5245 mortuus
3203 5191 3273 5243 sit
3327 5187 3419 5257 qui

1847 5309 1970 5349 eum
2021 5291 2345 5360 segregavit.
2413 5289 2563 5342 Sicut
2619 5301 2747 5353 ergo
2794 5300 2857 5337 eo
2916 5282 3420 5351 cumpreltenditur,

1855 5385 2132 5450 respondit
2163 5393 2344 5436 sancta
2394 5380 2634 5450 synodus
2693 5377 2947 5445 iujustum
2996 5373 3270 5428 vinculum
3325 5373 3420 5426 de-

1848 5476 2015 5530 functi
2047 5475 2315 5543 praepositi
2346 5473 2483 5527 solvi
2515 5471 2736 5524 omnino
2774 5471 2840 5523 al)
2873 5469 3122 5535 episcopo
3160 5464 3419 5535 regionis.

1847 5568 2032 5634 Neque
2062 5567 2205 5618 enim
2249 5567 2430 5617 datum
2491 5572 2572 5617 est
2605 5561 2827 5615 alterius
2891 5559 3126 5629 regionis
3184 5557 3414 5613 alitistiti

1847 5658 2056 5712 solvere
2078 5655 2288 5708 vincula
2325 5652 2598 5723 praepositi
2630 5653 2733 5706 sibi
2795 5665 2900 5704 non
2937 5648 3162 5703 subditi.
3215 5647 3278 5699 Et
3335 5647 3416 5700 iu-

1849 5747 1997 5815 justa
2029 5747 2245 5815 quidem
2271 5744 2575 5816 segregatio
2599 5744 2680 5798 sic
2715 5742 2975 5798 solvetur.
3012 5740 3086 5794 De
3136 5753 3200 5793 eo
3231 5747 3407 5793 autem
