4004 6468
213 338 319 402 953

1026 334 1408 394 llESi’ONSA
1453 336 1553 394 AD
1599 335 2332 400 INTERROGATIONES
2371 340 2611 402 MARCI

3300 341 3406 410 951

210 451 588 523 οἱκουμενικοῦ
647 456 980 523 πατριάρχου
1019 456 1205 523 κυρίου
1247 454 1538 533 Γεωργίου.
1568 448 1667 506 Ὧν
1698 453 1765 506 τά

1873 466 2045 510 annos
2075 464 2266 526 augeat
2299 457 2438 513 Deus
2468 461 2522 511 in
2548 459 2756 512 dierum
2784 455 3184 525 longitudinem.
3216 454 3401 509 Mense

211 549 305 614 ἔτη
337 547 554 610 αὑξανει
593 549 620 598 ὁ
659 547 787 607 Θεὸς
831 549 908 609 είς
947 547 1264 615 μακρότητα
1321 547 1563 614 ἡμερῶν.
1611 545 1760 614 Μηνὶ⁹

208 639 556 706 Φεϐρουαρίῳ
613 637 984 703 ὲπινεμήσεως
1015 643 1104 702 ιγ’,
1160 638 1252 688 καὶ
1302 636 1436 688 ἑτῶν
1478 636 1614 704 μετὰ
1661 636 1760 702 τὴν

212 726 487 794 σάρκωσιν
525 723 616 776 τοῦ
659 724 862 791 Κυρίου
896 724 990 774 καὶ
1027 721 1162 774 Θεοῦ
1196 722 1290 773 καὶ
1319 721 1562 788 Σωτῆρος
1606 721 1760 788 ἡμῶν

209 815 386 885 Ἰησοῦ
406 814 665 882 Χριστοῦ,
704 810 858 878 ,ασγ’.

297 907 641 970 Ἐρώτησις.
669 905 730 956 Al
779 905 904 972 mp“.
938 903 1005 953 τά
1047 901 1183 971 μέρη
1217 902 1318 969 τῆς
1363 900 1761 969 Ἀλεξανδρείας

213 1000 306 1052 καὶ
329 997 437 1049 τῶν
474 994 859 1063 Ἰεροσολύμων
888 991 1391 1058 ἀναγινωσκόμεναι
1413 989 1760 1058 λειτουργίαι,

211 1091 306 1144 καὶ
330 1087 618 1154 λεγόμεναι
663 1084 1040 1154 συγγραφῆναι
1087 1080 1236 1148 παρά
1277 1080 1384 1131 τῶν
1417 1079 1585 1146 ἁγίων
1621 1081 1756 1131 ἁπο-

214 1180 438 1238 στὸλων,
501 1174 756 1228 Ἰακώϐου
814 1170 907 1224 τοῦ
970 1171 1312 1236 ἀδελφοθὲου,
1363 1171 1454 1221 καὶ
1511 1169 1758 1236 Μάρκου,

209 1270 397 1324 δεκταί
421 1269 524 1320 είσι
549 1269 614 1338 τῇ
643 1266 772 1334 ἁγίᾳ
798 1265 888 1318 καὶ
917 1264 1172 1331 καθολικῇ
1217 1262 1531 1330 Ἐκκλησία,
1563 1261 1596 1329 ἢ
1627 1258 1687 1311 οῦ
1711 1275 1726 1322 ;

279 1365 412 1415 ‘Ax.
469 1361 526 1411 ὐ
557 1358 731 1428 μέγας
775 1353 1070 1415 ἀπόστολος
1098 1352 1331 1416 Παῦλος,
1379 1354 1407 1404 ό
1435 1353 1543 1404 τῶν
1595 1348 1764 1418 ἁγίων

224 1449 564 1520 Ἐκκλησιῶν
593 1446 685 1500 τοῦ
711 1445 845 1498 Θεοῦ
875 1447 1057 1512 ῥήτωρ
1081 1445 1174 1503 καὶ
1200 1442 1536 1506 διδάσκαλος,
1568 1444 1763 1510 Κοριν·

212 1543 345 1602 θίοις
372 1537 718 1602 ἐπιστέλλων,
754 1535 913 1604 φησίν
937 1549 950 1564 ·
991 1534 1252 1602 Ἀδελφοὶ,
1289 1532 1592 1604 παρακαλῶ
1619 1533 1763 1602 ὑμᾶς

211 1632 299 1684 διὰ
329 1631 420 1682 τοῦ
453 1629 713 1694 ὀνόματος
742 1629 834 1680 τοῦ
866 1626 1063 1694 Κυρίου
1099 1625 1252 1693 ήμῶν
1287 1625 1458 1692 Ἰησοῦ
1509 1621 1761 1691 Χριστοῦ,

217 1723 306 1777 ἶνα
332 1723 390 1774 τὸ
428 1721 564 1772 αὐτὸ
595 1721 785 1787 λέγητε
821 1719 1038 1778 πάντες,
1071 1716 1166 1768 καὶ⁸
1198 1716 1270 1783 μὴ
1391 1717 1446 1764 ἐν
1494 1714 1620 1781 ὑμῖν
1648 1713 1764 1779 σχί-

217 1831 401 1882 σματα
432 1829 442 1840 ·
477 1808 574 1880 ἦτε
601 1812 654 1862 δὲ
683 1809 1103 1877 κατηρτισμένοι
1156 1808 1213 1857 ὲν
1248 1807 1322 1878 τῷ
1359 1805 1505 1873 αὐτῷ
1531 1804 1632 1867 νοῒ,
1672 1807 1762 1857 καὶ

212 1906 270 1955 ὲν
291 1908 354 1972 τῇ
387 1904 520 1969 αὑτῇ
548 1900 756 1972 γνώμῃ.
781 1898 962 1968 Φαμὲν
988 1898 1183 1958 τοίνυν,
1208 1897 1281 1958 ὡς
1312 1895 1433 1948 οῦτε
1464 1897 1570 1947 ἀπὸ
1612 1895 1762 1957 θείας

213 1995 461 2063 Γραφῆς.
494 1991 615 2043 οὔτε
652 1992 757 2042 ἀπὸ
793 1990 1009 2049 κανόνος
1045 1986 1443 2054 ἐκφωνηθέντος
1477 1986 1762 2046 συνοδικῶς

213 2079 655 2148 ἀνεδιδάχθημεν,
677 2077 1065 2145 ίεροτελεστίαν
1099 2073 1202 2126 ὑπὸ
1234 2073 1328 2125 τοῦ
1356 2073 1508 2138 ἁγίου
1540 2073 1764 2124 ἀποστό-

219 2171 313 2222 λου
347 2171 573 2236 Μάρκου
607 2166 963 2235 παραδοθῆναι
987 2181 1000 2194 ο
1040 2163 1194 2232 μόνος
1235 2164 1286 2214 δὲ
1315 2165 1342 2214 ό
1369 2159 1446 2230 λβ⁶
1475 2159 1647 2213 κανὼν
1667 2163 1765 2228 τῆς

217 2263 275 2312 ἰν
309 2259 382 2326 τῷ
425 2256 680 2325 Τρούλλῳ
729 2255 820 2307 τοῦ
875 2253 1113 2322 μεγάλου
1169 2250 1431 2304 παλατίου
1494 2250 1764 2318 συστάσης

216 2349 374 2410 ἁγίας
409 2349 508 2399 καὶ
558 2346 940 2414 οίκουμενικῆς
998 2344 1235 2403 συνόδου,
1277 2340 1444 2410 φησὶν
1516 2342 1619 2394 ὑπὸ
1670 2341 1763 2395 τοῦ

217 2440 376 2506 ἁγίου
405 2437 659 2491 Ἰακώϐου
688 2439 782 2489 τοῦ
811 2435 1132 2504 ἀδελφοθὲου
1162 2433 1426 2504 μυστικὴν
1458 2435 1762 2503 ἱερουργίαν

219 2526 559 2593 συντεθῆναι.
580 2524 638 2579 '0
666 2528 842 2596 μέντοι
865 2525 950 2577 πε⁹
974 2523 1150 2578 κανὼν
1171 2524 1279 2577 τῶν
1307 2524 1476 2592 ἁγίων
1512 2525 1606 2577 καὶ
1629 2542 1765 2578 παν-

221 2620 488 2684 ευφήμων
526 2615 855 2676 ἀποστόλων,
887 2615 983 2667 καὶ⁵
1031 2615 1059 2666 ό
1087 2613 1163 2666 νθ¹
1193 2613 1372 2667 κανὼν
1415 2615 1510 2680 τῆς
1545 2617 1603 2667 ὲν
1628 2616 1766 2668 Λαο-

217 2706 393 2775 δικείᾳ
420 2706 657 2766 συνόδου,
683 2703 1153 2774 ἀπαριθμούμενοι
1200 2703 1267 2754 τὰ
1315 2703 1595 2770 ὀφείλοντα
1640 2705 1766 2773 παρ’

220 2794 354 2862 ἡμῖν
399 2790 777 2844 πολιτεύεσθαι
854 2789 1032 2860 βιϐλία
1071 2791 1168 2858 τῆς
1216 2790 1458 2852 Παλαιᾶς
1495 2792 1768 2862 Διαθήκης

221 2881 317 2935 καὶ
377 2881 476 2948 τῆς
522 2881 752 2948 Καινῆς,
817 2881 909 2932 καὶ
973 2879 1113 2932 αὑτά
1163 2879 1226 2949 δὴ
1286 2880 1350 2931 τά
1415 2880 1767 2944 ἀποστολικά,

229 2971 545 3040 ἱερουργίας
567 2969 658 3021 τοῦ
689 2969 842 3035 ἁγίου
879 2967 1131 3021 Ἰακώϐου
1163 2969 1194 3036 ἢ
1225 2967 1318 3020 τοῦ
1365 2968 1520 3035 ἁγίου
1542 2969 1767 3036 Μάρκου

1863 539 2175 608 Februario,
2233 545 2544 600 indictionis
2602 547 2683 610 15,
2739 546 2862 597 anui
2902 554 3020 613 pes“.
3075 542 3402 596 incarnatio-

1863 647 1982 685 nem
2041 633 2277 698 Domini,
2327 643 2380 689 et
2439 635 2550 699 Dei,
2585 643 2640 687 ct
2695 633 2999 688 Servatoris
3052 632 3224 687 nostri
3281 626 3405 688 Iesu

1862 722 2083 789 Christi,
2114 723 2268 777 nos.

1935 901 2100 954 Inter.
2128 902 2176 954 i.
2205 900 2331 966 Quae
2359 901 2411 953 in
2443 902 2685 969 partibus
2710 901 3048 956 Alexandriae
3071 908 3124 954 ct
3153 899 3407 955 Hieroso-

1864 992 2124 1062 lymorum
2166 991 2411 1059 leguntur
2440 990 2689 1059 liturgiaa,
2722 998 2776 1044 et
2808 992 3126 1057 conscripta:
3155 992 3411 1045 dicuntur

1865 1081 2033 1134 fuisse
2080 1094 2110 1132 a
2149 1081 2355 1134 sanctis
2400 1081 2687 1149 apostolis,
2725 1079 2927 1134 Jacobo
2961 1079 3128 1134 fratre
3179 1082 3410 1143 Domini.

1864 1180 1916 1223 et
1955 1169 2158 1234 Marco,
2194 1170 2518 1238 recipienda:
2548 1180 2678 1225 sunt
2728 1185 2759 1224 a
2804 1183 2993 1227 sancta
3045 1182 3096 1226 et
3146 1174 3413 1229 catholica

1865 1256 2126 1317 Ecclesia.
2161 1273 2328 1312 necne
2354 1258 2377 1310 i

1934 1345 2055 1400 Res.
2101 1346 2324 1416 Magnus
2365 1347 2648 1416 apostolus
2685 1344 2909 1412 Paulus,
2959 1355 3271 1402 sanctarum
3321 1349 3415 1406 Del

1864 1431 2230 1487 Ecclesiarum
2263 1443 2447 1488 orator
2474 1444 2526 1488 et
2570 1433 2784 1502 doctor,
2826 1436 2890 1488 ad
2935 1433 3250 1492 Corinthios
3282 1440 3422 1494 scri-

1864 1522 2018 1586 bens,
2073 1523 2150 1574 ait
2186 1539 2199 1575 :
2233 1520 2473 1586 Fratres,
2521 1522 2751 1580 obsecro
2807 1539 2901 1579 vos
2947 1537 3045 1593 per
3082 1543 3280 1584 nomen
3317 1529 3421 1585 Do-

1865 1611 1996 1663 mini
2027 1610 2197 1663 nostri
2235 1607 2362 1663 Jesu
2410 1608 2642 1675 Christi,
2693 1619 2750 1665 ut
2803 1614 2937 1668 idem
2968 1617 3164 1673 dicatis
3206 1633 3418 1684 omnes,

1866 1715 1966 1754 nec
2013 1702 2122 1753 sint
2178 1700 2230 1754 in
2281 1701 2434 1756 vobis
2481 1702 2704 1756 dissidia
2749 1704 2912 1760 :sitis
2971 1719 3148 1763 autem
3195 1723 3420 1778 compo-

1867 1790 1955 1844 siti
1993 1792 2009 1830 ί
2043 1791 2229 1844 eadem
2267 1801 2467 1857 mente,
2517 1791 2810 1860 eademque
2844 1795 3137 1852 voluntate.
3179 1797 3420 1855 Dicimus

1867 1882 2043 1951 igitur,
2103 1897 2201 1936 nos
2255 1898 2432 1951 neque
2489 1898 2520 1936 a
2565 1898 2722 1938 sacra
2791 1883 3100 1956 Scriptura,
3164 1903 3340 1957 neque
3387 1904 3420 1945 a

1864 1989 2073 2028 canone
2131 1977 2386 2044 synodice
2449 1978 2613 2040 edito,
2665 1978 2890 2035 edoctos
2971 1981 3138 2036 fuisse
3202 1997 3420 2037 sacrum

1866 2061 2272 2115 niiuisteriumi
2318 2078 2346 2117 a
2386 2062 2442 2116 S.
2477 2065 2721 2132 apostolo
2763 2063 2945 2119 Marco
2989 2065 3271 2119 traditum.
3319 2066 3419 2120 So-

1866 2154 1949 2207 lus
1979 2151 2123 2204 enim
2153 2151 2222 2204 32
2265 2166 2436 2206 canon
2487 2162 2687 2207 sancta:
2731 2162 2782 2208 et
2836 2156 3184 2209 mcumenicze
3229 2155 3420 2225 synodi

1866 2253 2065 2295 coacta:
2094 2243 2146 2296 in
2179 2241 2364 2296 Trullo
2391 2245 2568 2312 magni
2593 2246 2801 2313 palatii,
2842 2246 2916 2298 ait
2944 2260 2973 2298 a
3001 2246 3060 2300 S.
3083 2243 3288 2300 Jacobo
3325 2245 3423 2300 Dei

1866 2332 2034 2388 fratre
2079 2336 2364 2404 mysticum
2423 2337 2750 2390 sacrificium
2804 2337 2974 2393 fuisse
3035 2340 3419 2408 compositum.

1863 2422 2111 2477 Attamen
2149 2423 2218 2477 85
2254 2439 2426 2479 canon
2473 2435 2787 2480 sanctorum
2820 2436 2874 2481 et
2917 2428 3062 2482 omni
3095 2428 3249 2482 laude
3283 2430 3427 2483 cele-

1864 2511 2042 2566 brium
2113 2514 2519 2583 Apostolorum,
2594 2526 2646 2571 et
2731 2515 2803 2572 59
2860 2533 3035 2572 canon
3105 2517 3425 2574 Laodicenis

1866 2602 2080 2671 synodi,
2111 2613 2490 2659 enumerantes
2531 2603 2742 2661 Veteris
2781 2604 3114 2660 Testamenti
3171 2616 3224 2659 et
3264 2605 3424 2672 Novi,

1867 2692 2123 2761 ipsosque
2150 2696 2478 2763 apostolicos
2531 2697 2724 2760 libros,
2763 2698 2854 2765 qui
2895 2696 2950 2748 in
2981 2711 3078 2750 usu
3116 2697 3274 2750 nobis
3301 2711 3426 2752 esse

1869 2783 2086 2848 debent,
2123 2785 2321 2838 nullam
2354 2785 2603 2840 sacriﬁcii
2634 2786 2662 2825 ιι
2703 2787 2876 2841 sancti
2907 2785 3094 2840 Jacobi
3123 2789 3207 2842 vel
3245 2789 3424 2842 sancti

1868 2875 2035 2930 Marci
2081 2875 2408 2929 mentionem
2467 2874 2693 2929 faciunt.
2724 2875 2909 2945 Neque
2958 2877 3123 2930 etiam
3155 2877 3424 2932 catholica

1872 2964 2204 3018 sanctissimi
2239 2973 2294 3018 et
2343 2967 2663 3020 meumenici
2697 2966 2878 3020 throni
2921 2965 3423 3034 Constantinopolis

226 3060 414 3129 μνείαν
447 3059 582 3119 ὅλως
626 3059 686 3110 οὐ
734 3056 1033 3110 ποιοῦνται.
1079 3057 1236 3110 Ἀλλά
1290 3058 1382 3111 καὶ
1423 3057 1456 3126 ἠ
1514 3057 1774 3128 καθολικὴ

1874 3054 2114 3109 Ecclesia
2146 3055 2255 3108 ullo
2283 3055 2441 3109 modo
2475 3071 2566 3109 eas
2600 3057 2846 3125 liturgias
2881 3058 3146 3124 agnoscit.
3177 3055 3428 3111 Pronun-

237 3148 536 3218 Ἐκκλησία
572 3148 665 3200 τοῦ
697 3148 1003 3215 ἁγιωτάτου
1035 3148 1128 3199 καὶ
1161 3146 1538 3216 οίκουμενικοῦ
1586 3147 1772 3218 θρόνου

223 3241 325 3307 τῆς
357 3238 974 3300 Κωνσταντινουπόλεως
1010 3238 1116 3290 οὐδ’
1168 3238 1304 3299 ὅλως
1352 3236 1555 3301 ταύτας
1597 3241 1776 3307 ἐπιγι-

224 3331 441 3383 νώσκει.
473 3327 831 3396 Ψηφιξόμεθα
857 3323 946 3379 οὖν
967 3328 1040 3397 μὴ
1065 3324 1202 3380 εἶναι
1224 3327 1416 3390 δεκτὰς
1438 3329 1627 3390 αὐτάς.
1658 3330 1776 3382 Κᾶν

223 3422 334 3488 γάρ
360 3419 622 3484 ἐγένοντο,
650 3416 940 3479 παντελοῦς
962 3415 1234 3487 ἀπραξίας
1258 3417 1771 3487 κατεψηφίσθησαν,

223 3510 300 3571 ὡς
343 3509 438 3568 καὶ
486 3507 616 3559 ἄλλα
657 3507 844 3560 πολλά.
887 3509 989 3558 Καὶ
1043 3507 1196 3575 δῆλόν
1221 3509 1365 3560 ἐστιν
1421 3509 1526 3561 ἀπὸ
1555 3508 1647 3562 τοῦ
1693 3507 1776 3563 πε⁰

226 3600 448 3658 κανόνος
469 3598 573 3648 τῶν
589 3597 759 3663 ἁγίων
795 3596 888 3650 καὶ
925 3598 1293 3668 πανευφήμων
1324 3600 1652 3666 ἀποστόλων,
1683 3603 1774 3655 καὶ

223 3689 321 3742 τοῦ
361 3686 406 3756 β’
468 3688 689 3748 κανόνος
731 3690 828 3755 τῆς
878 3689 933 3738 ὲν
972 3687 1048 3756 τῷ
1084 3689 1331 3758 Τρούλλῳ
1387 3689 1480 3742 τοῦ
1539 3694 1772 3759 μεγάλου

228 3779 492 3830 παλατίου
523 3780 788 3846 συστάσης
811 3779 971 3845 ἁγίας
999 3780 1089 3831 καὶ
1118 3780 1498 3848 οίκουμενικῆς
1534 3783 1770 3836 συνόδου.

237 3869 300 3919 '0
337 3869 433 3934 μὲν
459 3867 586 3933 γάρ,
609 3867 635 3916 ό
684 3866 1034 3927 ἁποστολικὸς
1078 3868 1296 3936 δηλαδὴ,
1334 3868 1625 3936 διορίζεται
1677 3871 1773 3934 τὰς

226 3956 322 4008 τοῦ
348 3957 658 4023 Κλήμεντος
679 3956 770 4007 δύο
803 3955 1106 4018 ἐπιστολὰς,
1137 3957 1232 4009 καὶ
1259 3958 1355 4020 τάς
1391 3959 1649 4026 διαταγὰς
1667 3961 1774 4014 τῶν

225 4043 371 4099 ὀκτὼ
390 4043 607 4111 βιϐλίων
635 4043 796 4095 αὑτοῦ
834 4043 1301 4109 ἀναγινώσκεσθαι
1351 4048 1468 4114 μὲν,
1508 4048 1582 4117 μὴ
1609 4049 1774 4117 δημο-

231 4135 508 4192 σιευεσθαι
541 4135 618 4200 δὲ,
659 4135 744 4186 διὰ
763 4137 828 4187 τά
853 4138 909 4187 ὲν
932 4138 1119 4198 αὐταῖς
1147 4138 1384 4205 μυστικά
1409 4155 1422 4169 ο
1456 4141 1483 4191 ό
1524 4139 1580 4192 δὲ
1632 4141 1773 4192 θέλει

228 4223 430 4280 ταύτας
470 4222 601 4291 μηδὲ
637 4221 1118 4288 ἀναγινώσκεσθαι,
1161 4221 1247 4277 διὰ
1285 4225 1345 4276 τὸ
1383 4227 1771 4296 παρεπεθῆναι

229 4311 420 4369 αὑταῖς
451 4310 599 4375 παρά
639 4309 955 4377 ἑτεροδόξων
996 4310 1161 4362 πολλά
1205 4327 1324 4363 τινα
1362 4313 1511 4378 νόθα,
1540 4317 1631 4366 καὶ
1674 4317 1773 4382 τῆς

1873 3147 2074 3199 tiamus
2102 3145 2288 3212 igitur,
2322 3159 2426 3197 non
2453 3160 2572 3200 esse
2608 3147 2701 3200 has
2731 3147 3085 3216 recipiendas.
3115 3146 3178 3200 Et
3212 3147 3258 3204 si
3278 3147 3421 3204 enim

1871 3237 2038 3292 abiis
2093 3237 2248 3290 facta:
2277 3236 2403 3298 sint,
2457 3236 2525 3290 ab
2576 3239 2724 3291 omni
2772 3253 2872 3292 usu
2919 3253 3112 3294 vacare
3139 3239 3418 3310 iubentur,

1874 3337 2005 3382 utet
2037 3328 2144 3381 alia
2176 3325 2361 3378 multa.
2412 3323 2576 3393 quue
2621 3327 2965 3382 manifestum
3009 3337 3091 3384 est
3129 3345 3192 3384 ex
3235 3329 3307 3384 85
3331 3347 3425 3384 ca-

1873 3433 2017 3473 none
2047 3426 2357 3472 sanctorum
2391 3427 2444 3472 et
2483 3417 2889 3471 benedictorum
2937 3419 3325 3486 apostolorum,
3367 3431 3423 3474 et

1870 3507 1906 3561 2
1952 3522 2158 3561 canone
2197 3514 2395 3560 sanctae
2448 3515 2502 3559 et
2550 3505 2898 3559 meumenicae
2927 3505 3116 3573 synodi
3148 3505 3202 3557 in
3236 3503 3422 3559 Trullo

1872 3597 2051 3666 magni
2119 3597 2302 3665 palatii
2366 3603 2564 3648 coactae
2631 3612 2645 3648 :
2705 3595 2840 3646 alter
2877 3593 3042 3657 enim,
3091 3595 3426 3662 apostolicus

1873 3687 2166 3749 videlicet,
2227 3685 2416 3739 deﬁnit
2495 3683 2626 3737 duas
2676 3683 2970 3737 Clementis
3018 3684 3318 3752 epistolas,
3367 3695 3422 3738 et

1873 3774 2304 3846 dispositionesl
2355 3788 2477 3830 octo
2527 3775 2784 3828 librorum
2835 3775 2974 3841 ejus,
3022 3775 3124 3843 legi
3181 3775 3422 3843 quidem,

1872 3882 2060 3922 verum
2118 3880 2221 3918 non
2274 3865 2534 3933 evulgari,
2569 3864 2638 3917 ob
2689 3878 2885 3917 arcana
2923 3879 3042 3932 quae
3087 3867 3140 3919 in
3185 3865 3250 3919 iis
3296 3871 3424 3919 sunt

1873 3956 2190 4010 recondita:
2226 3955 2364 4008 alter
2412 3963 2591 4005 autem
2621 3954 2734 4006 vult
2784 3968 2877 4006 eas
2924 3968 3096 4021 neque
3125 3954 3248 4024 legi,
3293 3969 3424 4022 pro-

1874 4057 2054 4117 pterea
2087 4046 2230 4115 quod
2278 4045 2345 4098 iis
2379 4045 2558 4112 spuria
2603 4042 2844 4110 qua-dam
2894 4045 3058 4096 multa
3091 4052 3146 4098 et
3172 4059 3200 4095 a
3225 4045 3424 4112 pietate

1875 4138 2050 4190 aliena
2081 4133 2396 4202 interposita
2446 4133 2566 4186 sint'
2604 4132 2671 4185 ab
2716 4131 3002 4187 haereticis.
3059 4132 3418 4197 Quamobrem

1874 4241 2061 4280 omnes
2115 4224 2370 4278 Ecclesia
2421 4223 2510 4276 Dei
2567 4228 2718 4290 sequl
2755 4223 2954 4276 debent
3015 4238 3216 4278 morem
3266 4239 3419 4280 novae

1875 4313 2078 4378 Roma,
2131 4313 2385 4366 nimirum
2438 4310 2953 4379 Constantinopolis,
2983 4322 3033 4366 et
3085 4328 3238 4367 sacra
3271 4315 3417 4369 cele-

235 4398 518 4459 ιὺσεϐείας
542 4399 811 4466 ἀλλότρια.
835 4401 932 4451 Διά
953 4416 1032 4451 τοι
1047 4399 1306 4453 τοῦτοκαὶ
1320 4401 1771 4468 όφείλουσιπᾶσαι

1878 4407 2035 4460 brare
2083 4405 2232 4473 juxta
2290 4402 2606 4456 traditiones
2661 4417 2975 4469 magnorum
3026 4403 3306 4456 doctorum
3361 4412 3416 4458 et

232 4490 290 4540 αί
347 4489 642 4557 Εκκλησίαι
668 4488 758 4540 τοῦ
787 4489 916 4542 Θεοῦ
952 4490 1256 4560 ἀκολουθεῖν
1282 4489 1358 4558 τῷ
1387 4491 1493 4543 ἔθει
1522 4493 1617 4561 τῆς
1648 4494 1770 4557 νέας

244 4576 482 4646 Ῥώμης,
511 4577 624 4646 ἦτοι
649 4576 745 4644 τῆς
771 4577 1382 4640 Κωνσταντινουπόλεως
1401 4593 1414 4608 '
1449 4581 1540 4633 καὶ
1566 4583 1772 4652 ίερουρο

230 4671 348 4734 γεῖν
376 4667 516 4720 κατὰ
546 4667 642 4727 τάς
665 4666 986 4736 παραδόσεις
1016 4667 1124 4720 τῶν
1156 4667 1406 4736 μεγάλων
1437 4669 1769 4725 διδασκάλων

233 4757 649 4826 καὶφωστήρων
715 4757 812 4824 τῆς
869 4757 1168 4820 εὐσεϐείας,
1196 4757 1284 4810 τοῦ
1319 4759 1472 4826 ἁγίου
1525 4760 1767 4815 Ἰωάννου

1877 4498 2222 4552 luminarium
2277 4495 2514 4563 pietatis,
2563 4495 2736 4546 sancti
2781 4492 3000 4547 Joannis
3045 4494 3416 4565 Chrysostomi

1875 4597 1929 4644 et
1979 4589 2154 4642 sancti
2185 4585 2388 4640 Basilii.
2418 4583 2509 4636 Ait
2541 4585 2683 4637 enim
2735 4584 2796 4637 41
2851 4592 3032 4651 caput,
3067 4599 3082 4637 ι
3122 4585 3203 4638 tit.
3235 4584 3270 4636 2
3317 4585 3410 4639 lib.

1875 4676 2182 4729 Basilicon:
2219 4672 2292 4725 De
2339 4671 2534 4740 quibus
2570 4671 2768 4738 scripta
2804 4671 2882 4724 lex
2911 4686 3020 4724 non
3047 4681 3148 4738 est,
3190 4688 3414 4739 morem,

1876 4781 1985 4836 quo
2013 4765 2182 4818 Roma
2211 4765 2401 4825 utitur,
2430 4763 2630 4815 servari
2665 4769 2896 4830 oportet.

233 4849 326 4901 τοῦ
355 4848 740 4917 Χρυσοστόμου
763 4848 854 4899 καὶ
879 4846 970 4899 τοῦ
1019 4848 1170 4914 ἁγίου
1197 4847 1493 4900 Βασιλείου.
1524 4849 1659 4917 Φησὶ
1685 4853 1794 4925 γὰρ
1821 4856 1881 4908 τὸ
1918 4841 2322 4922 μα”κεφάλαιον
2351 4849 2442 4901 τοῦ
2492 4855 2539 4900 α’
2568 4849 2746 4901 τίτλου
2815 4849 2907 4900 τοῦ
2965 4849 3010 4918 β’
3053 4849 3252 4918 βιϐλίου
3303 4851 3414 4908 τῶν

233 4939 553 4995 ΒασιλικιῖΝο
614 4939 746 5009 Περὶ
805 4933 878 4991 ὧν
938 4939 1207 5008 ἔγγραφος
1254 4941 1313 4991 οὑ
1351 4944 1526 4994 κεῖται
1585 4942 1764 5010 νόμος,
1796 4945 2236 5016 παραφυλάττειν
2261 4942 2416 4995 δεῖτὸ
2437 4941 2578 5003 ἔθος,
2601 4934 2698 5010 ᾦή
2729 4940 2914 5009 Ῥώμη
2947 4942 3222 5011 κέχρηται.

313 5029 628 5098 Ἐρώτησις
662 5026 743 5091 β’.
792 5028 976 5080 Βιϐλία
1022 5028 1251 5096 διάφορα
1311 5029 1651 5097 εὑρίσκονται
1685 5030 1767 5092 είς

233 5120 329 5180 τὰς
376 5118 700 5179 ἀνατολικὸς
749 5119 842 5171 καὶ
893 5119 1100 5179 νοτίους
1153 5118 1368 5187 χώρας·
1422 5121 1623 5173 καὶτὰ
1674 5121 1772 5188 μὲν

236 5208 585 5276 ὀνομάζονται
620 5207 957 5259 Διδασκαλίαι
995 5207 1102 5260 τῶν
1132 5209 1300 5274 ἀγίων
1347 5209 1677 5272 ἀποστόλων,
1705 5209 1772 5261 τά

235 5298 309 5359 δὲ,
349 5298 592 5364 Ὀράσεις
621 5296 713 5347 τοῦ
743 5297 896 5361 ἁγίου
929 5295 1156 5349 Παύλου.
1193 5298 1407 5364 Ἐρωτῶ
1435 5298 1524 5350 οῦν
1555 5301 1602 5350 εί
1622 5299 1772 5365 ὀφείο

238 5387 395 5454 λομεν
427 5385 812 5450 ἀναγινώσκειν
841 5385 978 5438 αὐτά
1001 5402 1016 5444 ;

1954 5031 2123 5085 Inter.
2173 5029 2230 5083 2.
2274 5027 2420 5081 Varii
2477 5029 2820 5095 reperiuntur
2886 5028 3028 5090 libri,
3076 5029 3130 5083 in
3177 5032 3408 5086 orienta-

1879 5122 2023 5175 libus
2053 5130 2107 5175 et
2141 5118 2587 5172 meridionalibus
2611 5117 2924 5186 regionibus
2962 5136 2976 5172 :
3013 5126 3066 5173 et
3103 5121 3192 5173 alii
3235 5124 3413 5177 nomi-

1879 5220 2080 5264 nantur
2131 5210 2399 5277 Praecepta
2450 5215 2764 5262 sanctorum
2815 5209 3178 5276 apostolorum
3239 5227 3253 5265 :
3297 5214 3411 5278 alii,

1882 5297 2132 5353 Visiones
2173 5298 2344 5353 sancti
2382 5297 2555 5351 Pauli.
2601 5297 2795 5362 Quaero
2827 5313 2894 5352 an
2930 5298 2983 5352 hi
3019 5300 3174 5356 nobis
3206 5303 3414 5372 legendi

1874 5389 1983 5442 sint
2005 5389 2028 5439 ‘l

1477 5541 1707 5595 VARIA‘I
1762 5539 2161 5596 LECTIONES.

309 5633 708 5698 ironqlutinati.
789 5631 802 5680 i
851 5647 1052 5687 sacram
1098 5633 1480 5688 caremoniam.
1560 5633 2122 5690 lIsacra:ca'rimom'az.
2195 5631 2613 5701 1trrazceptiones.
