4004 6442
587 308 694 372 955

597 522 755 576 Jesus
781 519 1031 573 Christus
1052 516 1106 569 in
1134 513 1439 583 Evangeliis
1483 512 1647 575 dicat,
1679 512 1861 566 Videte
1886 528 1952 566 ne
1990 513 2137 567 deci»

598 609 817 682 piamini
846 625 862 662 :
901 606 1053 661 multi
1098 608 1242 660 enim
1276 604 1493 659 venient
1522 605 1575 657 in
1608 604 1829 657 nomine
1875 618 2015 666 meo,
2049 603 2135 657 di-

598 713 801 765 centes,
842 698 979 764 Quia
1004 712 1101 767 ego
1136 710 1276 759 sum,
1318 704 1371 749 et
1404 704 1615 763 tempus
1646 694 2093 763 appr0pinquavit
2122 711 2136 747 :

596 791 1011 860 pronuntiamus
1062 796 1114 842 et
1171 801 1293 852 nos,
1354 786 1444 840 Dei
1482 787 1773 841 Eeclesiam
1824 800 1985 840 nosse
2018 794 2058 823 ω
2088 793 2141 839 et

604 878 850 934 conliteri
898 876 1191 945 apostolica
1216 882 1500 944 praecepta,
1548 885 1600 929 et
1636 874 1904 940 visiones,
1954 883 2006 928 et
2062 875 2142 928 di-

601 970 830 1037 sciplina
853 976 880 1007 ⁸
914 967 1199 1028 librorum,
1242 979 1361 1032 qua:
1390 965 1459 1017 85
1490 964 1782 1031 apostolico
1808 980 2015 1017 canone
2046 966 2139 1017 de—

598 1061 893 1121 clarantur,
921 1064 974 1109 et
997 1055 1088 1107 Dei
1112 1069 1416 1122 praeconum
1443 1068 1600 1107 voces
1633 1053 1699 1107 iis
1734 1069 1855 1107 esse
1880 1054 2135 1109 creditas.

598 1147 797 1201 Practer
826 1148 925 1201 hos
963 1146 1124 1199 alium
1160 1145 1364 1197 nullum
1398 1145 1547 1198 novit
1583 1145 1934 1211 apostolicum
1988 1158 2136 1195 com-

601 1239 921 1292 mentarium
951 1244 991 1288 ⁹.
1023 1234 1424 1289 Observandum
1455 1234 1633 1301 igitur,
1679 1241 1737 1284 ut
1774 1231 1840 1284 ab
1872 1233 2137 1285 hmreticis

599 1330 722 1381 licta
762 1340 1074 1380 aversemur
1103 1324 1404 1378 mendacia.
1446 1324 1735 1377 Absintbio
1788 1325 1931 1376 enim
1985 1338 2137 1374 ama—

599 1420 766 1481 riora,
799 1418 922 1469 licet
946 1432 1041 1485 per
1089 1415 1369 1470 nominum
1422 1425 1737 1468 sanctorum
1772 1412 2135 1479 apostolorum

597 1504 1001 1573 inscriptionem
1030 1502 1287 1556 mellitam
1318 1499 1552 1556 referant
1598 1502 1919 1569 placentem.

669 1680 832 1733 Inter.
864 1681 918 1733 5.
951 1678 1239 1745 Sexaginta
1288 1676 1640 1731 Basilicorum
1698 1676 1876 1743 capita
1917 1676 1980 1728 ad
2038 1690 2134 1728 no-
2202 1715 2213 1724 .

2173 1745 2211 1799 Β
2240 1767 2405 1819 λικῶν
2431 1769 2489 1818 ού
2515 1768 2823 1834 διεδόθησαν
2858 1768 2935 1827 είς
2968 1768 3063 1826 τὰς
3088 1764 3269 1833 χώρας
3296 1767 3455 1831 ἡμῶν
3481 1780 3493 1792 ’
3532 1766 3621 1817 διὰ
3653 1765 3813 1817 τοῦτο

598 1782 738 1825 stras
767 1770 1015 1836 regiones
1042 1783 1147 1819 non
1179 1775 1533 1835 pervenerunt
1562 1784 1575 1819 :
1612 1765 1836 1834 ideoque
1878 1776 2135 1834 quantum

599 1862 662 1913 ad
704 1875 765 1911 ea
797 1861 1049 1927 pertinet,
1087 1857 1140 1909 in
1176 1857 1413 1910 tenebris
1460 1870 1760 1909 versamur.
1812 1856 2136 1920 Querimus,

599 1966 663 2002 an
702 1951 768 2003 ob
794 1965 909 2002 eam
931 1964 1041 2002 rem
1079 1948 1412 2001 damnemur.

669 2037 1153 2102 Res.Qua:cunque
1187 2036 1265 2089 lex
1291 2036 1389 2098 ait,
1423 2035 1488 2088 iis
1533 2036 1606 2088 ait
1649 2036 1740 2104 qui
1773 2036 1823 2088 in
1850 2037 1963 2103 lege
1990 2049 2133 2102 sunt,

598 2130 890 2182 secundum
914 2140 1163 2191 magnum
1194 2126 1529 2192 Apostolum.
1554 2125 1654 2190 Qui
1690 2126 1853 2193 igitur
1884 2128 1952 2179 ob
1972 2128 2133 2181 vitam

599 2220 900 2287 gloriantur
946 2216 1325 2276 orthodoxam,
1363 2216 1475 2268 sive
1506 2230 1569 2268 ex
1614 2216 1819 2271 oriente
1860 2220 1988 2279 sint,
2026 2220 2136 2271 sive

596 2324 660 2362 ex
704 2305 1191 2359 Alexandrinorum
1235 2305 1408 2372 plaga,
1449 2305 1566 2357 sive
1611 2306 1849 2370 aliunde,
1906 2306 2131 2360 Romani

596 2399 871 2457 dicuntur,
907 2404 959 2445 et
988 2392 1285 2446 secundum
1319 2393 1461 2461 leges
1487 2392 1669 2447 vivere
1696 2404 1983 2462 coguntur.
2017 2394 2133 2449 Non

596 2489 967 2555 astringuntnr
1003 2494 1181 2536 tamen
1206 2483 1339 2552 lege,
1367 2499 1486 2551 qua:
1515 2484 1609 2547 ait,
1642 2483 1757 2537 Non
1782 2494 1989 2554 oportet
2027 2490 2135 2540 lto-

598 2591 813 2630 manum
870 2574 1043 2626 virum
1096 2573 1239 2641 leges
1278 2572 1547 2641 ignorare.
1604 2574 1643 2627 ii
1694 2576 1836 2627 enim
1877 2576 2000 2637 soli,
2045 2579 2133 2642 qui

601 2665 847 2719 habitant
873 2664 1121 2723 Romam,
1156 2661 1355 2731 regiam
1408 2663 1655 2717 videlicet
1691 2663 1984 2725 civitatem,
2017 2681 2137 2733 qua:

596 2752 864 2806 similibus
886 2759 969 2804 est
987 2752 1192 2804 munita
1229 2751 1663 2817 propugnaculis,
1688 2761 1739 2805 et
1761 2752 1943 2805 multis
1966 2754 2137 2806 abun-

599 2846 692 2897 dat
742 2842 1097 2910 jurisperitis,
1128 2841 1321 2894 borum
1368 2839 1559 2893 ferreis
1606 2849 1859 2894 tenentur
1912 2843 2134 2909 pedicis.

596 2934 828 3001 [deoque
859 2931 905 2985 si
947 2930 1002 2984 bi
1039 2930 1207 2997 legem
1249 2928 1503 2995 ignorare
1532 2943 1591 2983 se
1633 2928 1883 2996 allegent,
1924 2933 2133 2983 veniam

1823 302 2095 366 THEOD.
2136 300 2623 363 BALSAMONIS

672 429 793 483 Res.
826 425 962 481 Cum
1010 423 1268 479 Dominus
1303 428 1360 478 et
1385 420 1529 477 Deus
1558 427 1611 477 et
1646 416 1905 475 Servator
1953 430 2139 475 noster
2168 429 2213 486 Α

3704 304 3804 367 956

2322 423 2452 477 'Ax.
2497 422 2601 475 Τοῦ
2649 420 2852 491 Κυρίου
2886 422 2977 472 καὶ
3019 421 3153 473 Θεοῦ
3204 421 3298 472 καὶ
3350 422 3603 489 Σωτῆρος
3652 425 3803 491 ἡμῶν

2253 513 2424 583 Ἰησοῦ
2454 512 2687 583 Χριστοῦ
2708 514 2765 564 ὲν
2785 512 3135 577 Εὐαγγελίοις
3166 510 3434 571 εἰπόντος·
3467 511 3705 563 Βλέπετε
3732 516 3801 583 μὴ

2241 603 2542 672 πλανηθῆτε
2572 619 2586 634 ⁸
2626 602 2810 654 πολλοὶ
2853 601 2961 669 γάρ
3010 600 3315 651 ἐλεύσονται
3348 601 3441 651 ἐπὶ
3475 600 3553 667 τῷ
3583 602 3803 669 ὀνόματί

2244 710 2365 761 μου,
2399 695 2667 760 λέγοντες,
2704 695 2823 744 Ὀτι
2859 691 2967 757 ἐγώ
2994 693 3129 759 ειμι,
3171 694 3263 743 καὶ
3290 696 3318 745 ό
3345 696 3535 761 καιρὸς
3575 696 3801 761 ἧγγικε·

2240 783 2587 853 ψηφιζόμεθα
2609 784 2699 834 καὶ
2725 784 2907 851 ἡμεῖς,
2928 783 3006 831 ὅτι
3038 782 3402 843 ἀποστολικας
3431 784 3804 846 διδασκαλίας,

2242 877 2335 928 καὶ
2362 876 2600 943 ὁράσεις,
2643 874 2737 925 καὶ
2761 872 2992 933 διδάξεις
3022 873 3053 939 ή
3082 871 3175 923 τοῦ
3209 872 3343 923 Θεοῦ
3388 872 3690 941 Ἐκκλησία
3723 891 3803 940 γι-

2240 965 2436 1018 νώσκει
2467 964 2561 1015 καὶ
2590 962 2928 1029 ὁμολογεῖτά
2952 964 3006 1011 ἐν
3027 960 3102 1029 τῷ
3136 966 3218 1011 πε⁹
3246 962 3590 1029 ἀποστολικῴ
3624 964 3807 1014 κανόνι

2238 1053 2536 1122 δηλούμενα
2570 1050 2766 1120 βιϐλία,
2820 1052 2912 1102 καὶ
2956 1050 3319 1116 πιστευόμενα
3358 1047 3501 1101 εἶναι
3543 1051 3654 1101 τῶν
3690 1050 3808 1101 θεο-

2241 1143 2493 1214 κηρύκων
2521 1143 2698 1207 φωνάς
2718 1158 2731 1172 ο
2760 1142 2943 1208 ἕτερον
2962 1142 3017 1193 δέ
3050 1158 3103 1192 τι
3144 1142 3293 1209 παρὰ
3332 1140 3505 1193 ταῦτα
3538 1142 3641 1193 οὐκ
3669 1136 3809 1194 οῐδεν

2238 1233 2589 1286 ἀποστολικδν
2645 1232 2999 1299 σύγγραμμα.
3050 1230 3477 1299 Παρατηρητέον
3522 1228 3619 1282 οῦν
3670 1231 3823 1301 ἀπο-⁸

2244 1320 2566 1390 στρέφεσθαι
2616 1320 2682 1370 τὰ
2730 1319 3089 1386 πεπλασμένα
3151 1318 3303 1386 παρά
3350 1316 3463 1369 τῶν
3512 1319 3812 1387 αἱρετικῶν

2242 1411 2628 1479 σχεδιάσματα.
2693 1408 2963 1476 Ἀψινθίου
3012 1408 3116 1477 γάρ
3171 1391 3476 1476 πικρότερά
3528 1411 3657 1470 εἰσι,
3708 1409 3812 1461 κᾶν

2242 1500 2331 1566 με)
2348 1497 2588 1551 ιτοῦτταν
2618 1498 2705 1550 διά
2734 1499 2829 1565 τῆς
2876 1498 3187 1565 ἐπιγραφῆς
3237 1496 3345 1547 τῶν
3386 1499 3671 1566 ὀνομάτων
3702 1499 3812 1549 τῶν

2239 1589 2409 1654 ἀγίων
2444 1588 2755 1640 ἀποστόλων
2791 1588 3211 1655 ὑποκρίνωνται.

2324 1677 2634 1743 Ἐρώτησις
2677 1685 2745 1744 7’.
2785 1678 2864 1728 Τά
2895 1676 3154 1744 ἐξήκοντα
3195 1674 3467 1740 κεφάλαια
3502 1674 3611 1726 τῶν
3650 1676 3816 1727 Βασι-

2242 1857 2669 1929 νυκτοϐατοῦμεν
2697 1857 2818 1908 ὅσον
2842 1856 2901 1907 τὸ
2938 1858 3015 1916 εἰς
3063 1856 3220 1906 αὑτά.
3266 1856 3553 1921 Ζητοῦμεν
3577 1851 3673 1907 οῦν
3702 1873 3811 1925 μα-

2241 1948 2373 2008 θεῖν,
2402 1950 2448 1998 εί
2480 1947 2725 1999 ἐντεῦθεν
2754 1946 3217 2012 κατακρινόμεοα.

2321 2040 2438 2091 Ἅπ.
2472 2038 2614 2091 ’Ὀσα
2639 2040 2665 2090 ό
2692 2038 2853 2101 νόμος
2891 2036 3060 2099 λαλεῖ,
3103 2038 3214 2097 τοῖς
3249 2038 3307 2087 ἐν
3336 2036 3412 2105 τῷ
3441 2037 3595 2105 νόμῳ
3638 2038 3809 2105 λέγει,

2238 2128 2377 2180 κατά
2407 2125 2497 2178 τὸν
2524 2126 2693 2194 μέγαν
2742 2123 3080 2175 Ἀπόστολον.
3116 2124 3178 2174 Οί
3210 2122 3341 2189 γοῦν
3364 2123 3662 2192 αὐχοῦντες
3690 2124 3810 2192 βίον

2238 2217 2511 2285 ὀρθόδοξον
2533 2255 2547 2278 ,
2598 2214 2698 2266 κᾶν
2729 2213 2787 2276 ἐξ
2826 2213 3101 2265 ἀνατολῶν
3134 2207 3259 2274 ὦσι,
3313 2212 3413 2264 κᾶν
3445 2214 3504 2275 ἐξ
3560 2212 3812 2277 ’Λλεξαν-

2240 2306 2428 2374 δρέων,
2465 2304 2565 2356 κᾶν
2596 2304 2878 2372 ἑτέρωθεν,
2927 2303 3185 2369 Ῥωμαῖοι
3233 2303 3507 2369 λέγονται,
3540 2305 3633 2354 καὶ
3663 2304 3809 2356 κατά

2240 2397 2428 2463 νόμους
2464 2392 2855 2459 ἀναγκάζονται
2891 2391 3306 2442 πολιτεύεσθαι·
3357 2392 3435 2461 τῷ
3464 2394 3614 2462 νόμῳ
3644 2394 3700 2445 δὲ
3733 2394 3809 2463 τῷ

2240 2487 2516 2553 φάσκοντι,
2543 2485 2613 2535 Οὐ
2649 2484 2728 2534 δεῖ
2763 2482 3028 2550 Ῥωμαῖον
3064 2482 3231 2550 ἄνδρα
3278 2484 3444 2550 νόμον
3472 2486 3710 2550 ἀγνοεῖν,
3745 2486 3803 2536 οὗ

2240 2576 2647 2641 συσφίγγονται.
2691 2574 2855 2625 sum
2898 2573 3002 2639 γὰρ
3037 2573 3084 2623 οἱ
3118 2572 3507 2635 κατοικοῦντες
3536 2575 3635 2642 τὴν
3671 2575 3806 2626 Ῥώ-

2242 2683 2367 2734 μην,
2402 2665 2497 2732 τὴν
2530 2663 2773 2732 βασιλίδα
2808 2662 3047 2729 δηλονότι
3096 2661 3203 2714 τῶν
3250 2664 3482 2731 πόλεως),
3527 2666 3625 2733 τὴν
3672 2682 3806 2716 κατ-

2239 2751 2646 2819 γ’σρραλισμένην
2665 2748 2866 2816 ὁμοίοις
2890 2747 3241 2817 πυργώμασι,
3265 2749 3358 2801 καὶ
3386 2750 3617 2812 πολλοὺς
3646 2749 3806 2804 πλου-

2237 2841 2433 2893 τοῦσαν
2484 2839 2830 2907 νομομαθεῖς,
2878 2840 2995 2899 ταῖς
3042 2840 3105 2888 ὲκ
3154 2838 3363 2891 τούτων
3422 2841 3805 2909 σιδηροπέδαις

2237 2929 2575 2997 κατέχονται.
2608 2928 2695 2981 Διὸ
2724 2922 2872 2980 οὗτοι
2908 2930 3003 2997 μὲν
3030 2931 3296 2999 ἀγνοῆσαι
3323 2932 3490 2999 νόμον
3534 2934 3804 2987 διενιστά-

602 3039 711 3077 non
757 3027 1181 3088 consequuntur,
1234 3017 1347 3070 sive
1405 3017 1683 3071 manuales
1732 3018 1841 3071 sint
1876 3022 2133 3087 operarii,

2242 3035 2410 3088 μενοι,
2457 3020 2515 3069 ού
2568 3016 3061 3083 συγγινώσκονται·
3118 3020 3218 3072 κᾶν
3264 3023 3658 3090 χειρωνάκται,
3706 3025 3806 3075 κᾶι

603 3116 714 3167 sive
737 3109 1156 3165 circunil’oranei
1181 3108 1292 3162 sint
1337 3108 1525 3176 aliqui,
1558 3114 1613 3162 et
1641 3107 1940 3162 litterarum
1966 3112 2133 3179 impe-

600 3202 689 3253 riti
725 3217 739 3251 :
771 3208 825 3250 ut
852 3197 943 3265 qui
990 3197 1198 3264 possint
1236 3210 1265 3248 a
1297 3196 1411 3249 suis
1450 3196 1658 3253 civibus
1698 3198 1875 3267 legum
1927 3200 2135 3255 discere

599 3301 862 3341 tenorem.
896 3284 998 3348 Qui
1035 3293 1215 3337 autem
1268 3291 1417 3337 extra
1458 3281 1683 3338 Romam
1744 3295 1928 3353 agunt,
1985 3302 2129 3354 agre-

603 3386 711 3431 stes
740 3386 764 3424 ι³
798 3374 1026 3437 scilicet,
1065 3382 1119 3426 et
1147 3372 1358 3440 reliqui,
1391 3372 1666 3441 multoque
1695 3376 1864 3443 magis
1900 3376 2131 3428 Alexan-

601 3466 766 3528 drini,
797 3465 967 3532 legem
988 3462 1197 3516 civilem
1230 3461 1562 3529 ignorantes,
1598 3464 1808 3515 veniam
1839 3472 2128 3518 merentur.

601 3553 805 3605 Donum
837 3563 966 3617 ergo
1029 3556 1133 3611 est,
1194 3556 1256 3601 ut
1309 3548 1365 3601 bi
1422 3563 1637 3618 quoque
1670 3550 2025 3621 interrogent,
2082 3561 2136 3607 et

603 3642 839 3710 legitima
866 3644 1127 3706 praecepta
1154 3637 1386 3691 discant.
1422 3637 1575 3700 Quod
1610 3639 1657 3693 si
1685 3650 1765 3693 est
1788 3639 2020 3702 diﬂicile,
2048 3658 2136 3694 ve-

600 3734 743 3785 niam
782 3738 907 3781 sunt
931 3726 1292 3781 consecuturi.

672 3818 842 3871 Inter.
879 3816 935 3867 4.
968 3816 1049 3867 An
1080 3822 1233 3868 extra
1275 3814 1595 3881 periculum,
1639 3820 1863 3879 sacrati,
1903 3820 2134 3885 itemque

602 3908 723 3960 laici
775 3903 944 3958 tenori
973 3902 1099 3956 dent
1124 3901 1426 3970 pecuniam,
1461 3916 1530 3955 an
1564 3906 1743 3972 potius
1764 3906 1833 3958 sit
1861 3906 1926 3958 iis
1943 3907 2135 3960 exitio.

600 3996 763 4053 sum?

674 4084 792 4137 Res.
822 4082 1054 4136 Mosaica
1089 4080 1303 4149 quidem
1327 4079 1433 4143 lex,
1464 4078 1578 4133 Non
1622 4079 1911 4147 fenerabis,
1936 4082 2131 4152 inquit,

602 4183 886 4239 argentum
933 4180 1084 4223 tuum
1131 4168 1285 4221 fratri
1315 4176 1408 4221 tuo
1441 4185 1457 4220 :
1486 4169 1660 4224 civilis
1679 4182 1855 4224 autem
1891 4174 2134 4241 agnoscit

602 4274 796 4316 usuras
820 4257 1144 4311 centesimas
1174 4264 1226 4309 et
1273 4255 1514 4310 trientes.
1549 4256 1742 4311 Delinit
1775 4262 1917 4311 enim
1956 4271 2013 4312 ut
2048 4275 2133 4315 se-

2243 3109 2471 3179 ἀγύρται
2498 3108 2638 3168 τινὲς
2662 3101 2781 3167 ὦσι,
2829 3108 2921 3159 καὶ
2950 3108 3293 3177 γραμμάτων
3325 3112 3551 3179 ἀνήκοοι
3571 3128 3585 3141 ’
3614 3114 3686 3175 ὡς
3715 3114 3807 3164 δυο

2242 3197 2458 3264 νάμενοι
2485 3197 2549 3247 τὰ
2584 3194 2689 3246 τῶν
2719 3195 2898 3263 νόμων
2940 3194 3129 3261 μαθεῖν
3158 3197 3265 3250 ἀπὸ
3288 3198 3396 3250 τῶν
3426 3200 3805 3263 συγκατοίκων

2241 3284 2437 3337 αὐτῶν.
2483 3284 2545 3334 Oi.
2588 3283 2643 3335 δὲ
2677 3282 2779 3343 ἔξω
2808 3282 2907 3349 τῆς
2957 3283 3172 3351 Ῥώμης
3217 3284 3524 3350 διάγοντες,
3575 3289 3806 3353 ἀγρόται

2240 3373 2497 3441 δηλονότι,
2530 3371 2624 3424 καὶ
2668 3370 2866 3432 λοιποὶ,
2913 3370 3089 3439 πολλῷ
3117 3372 3173 3424 δὲ
3199 3372 3362 3426 πλέον
3411 3376 3804 3445 Ἀλεξανδρεῖς,

2242 3466 2401 3531 νόμον
2432 3461 2704 3513 πολιτικὸν
2721 3460 3081 3525 ἀγνοήσαντες
3108 3462 3600 3529 συγγινώσκονται.
3631 3467 3806 3519 Καλὸν

2242 3555 2369 3622 γοῦν
2414 3556 2526 3605 ἔστι
2577 3552 2669 3604 καὶ
2705 3550 2924 3614 τούτους
2954 3554 3181 3619 ερωτᾷν,
3234 3554 3329 3606 καὶ
3398 3556 3698 3621 μανθάνειν
3743 3558 3807 3610 τά

2243 3643 2439 3711 νομικά
2472 3638 2901 3710 παραγγέλματα
2924 3651 2938 3667 ’
2972 3640 3017 3688 εί
3039 3638 3094 3690 δὲ
3121 3638 3379 3710 δυσχερές
3403 3638 3541 3706 ὲστί,
3564 3643 3807 3712 scyphi-

2246 3751 2348 3802 μης
2386 3732 2801 3798 ἀξιωθήσονται.

2313 3822 2637 3893 ,Ἐρώτησις
2664 3820 2733 3871 δ’.
2778 3821 3081 3872 ’Δκίνδυνόν
3130 3823 3245 3872 ἐστι
3299 3824 3412 3882 τοῖς
3462 3822 3803 3889 ἱερωμένοις,

2243 3914 2328 3967 ναὶ
2372 3912 2554 3979 μέντοι
2589 3910 2822 3971 καὶτοῖς
2868 3908 3097 3972 λαῖκοῖς,
3124 3910 3218 3960 ὲπὶ
3266 3908 3410 3977 τόκῳ
3450 3910 3744 3974 δανείζειν.
3773 3913 3803 3965 ἢ

2243 4001 2441 4071 μᾶλλον
2472 3998 2711 4068 ὀλέθριον
2730 4014 2747 4063 ς

2324 4088 2441 4139 Ἁπ.
2491 4086 2549 4135 '0
2586 4085 2682 4151 μὲν
2745 4086 3035 4147 Μωσαῖκὸς
3074 4085 3271 4153 νόμος,
3325 4086 3440 4136 Οὐκ
3500 4087 3797 4149 ὲκτοκιεῐς,

2244 4174 2395 4243 φησὶ,
2424 4174 2483 4223 τὸ
2528 4173 2787 4243 ἀργύριόν
2836 4190 2925 4227 σου
2952 4174 3028 4243 τῷ
3061 4174 3274 4242 ἀδελφῷ
3325 4192 3417 4226 σου
3452 4191 3467 4206 ο
3502 4179 3530 4227 ό
3554 4177 3611 4227 δὲ
3652 4178 3798 4228 πολι-

2241 4263 2388 4324 τικὸς
2435 4261 2781 4328 ἐπιγινώσκει
2830 4260 3021 4323 τόκους
3082 4262 3515 4326 ἑκατοστιαίους,
3573 4266 3669 4317 καὶ
3700 4264 3798 4315 ἀπὸ

602 4359 819 4403 natores
858 4345 1123 4411 accipiant
1153 4358 1347 4398 usuras
1378 4344 1622 4406 trientes,
1655 4346 1908 4399 nimirum
1940 4349 1993 4400 in
2024 4348 2137 4401 sin-

2238 4353 2425 4421 τρίτης
2478 4352 2793 4416 ἑκατοστῆς.
2848 4350 3149 4419 Διορίζεται
3204 4354 3309 4419 γάρ
3338 4353 3466 4413 τοὺς
3506 4356 3797 4421 συγκλητι-

598 4449 754 4508 gutas
784 4438 951 4489 libras
986 4446 1233 4487 nummos
1271 4441 1526 4501 quatuor.
1564 4433 1933 4503 Negotiatores
1958 4445 2133 4489 autem

604 4530 853 4595 vulgares
868 4535 918 4589 ιι,
945 4532 998 4576 et
1027 4532 1271 4585 caeteros,
1307 4522 1585 4574 dimidiam
1616 4524 1947 4590 centesima,
1980 4527 2138 4579 nimi-

599 4631 721 4669 rum
754 4616 808 4665 in
834 4613 1071 4681 singulas
1101 4611 1264 4663 libras
1296 4625 1544 4665 nummos
1580 4626 1695 4665 sex.
1727 4611 1835 4667 Eos
1865 4628 2013 4676 vero,
2045 4614 2135 4683 qui

604 4704 932 4755 maritimum
984 4700 1137 4753 fenus
1164 4699 1490 4753 contrahunt
1531 4708 1574 4765 ι’,
1601 4715 1703 4767 pro
1732 4700 1961 4769 singulis
1985 4702 2137 4755 libris

601 4805 852 4847 nummos
887 4790 1189 4842 duodecim.
1250 4787 1491 4851 Quonam
1537 4798 1712 4841 autem
1766 4791 1924 4843 modo
1959 4800 2136 4844 cente-

599 4883 753 4935 sima:
785 4888 1045 4932 vocentur
1074 4892 1267 4941 usurae,
1322 4892 1443 4930 enm
1510 4878 1659 4931 libra:
1709 4878 1980 4946 quantitas
2029 4894 2134 4931 non

605 4968 881 5036 perveniat
912 4965 975 5018 ad
1009 4965 1209 5019 solidos
1265 4975 1503 5031 centum,
1538 4968 1629 5021 sed
1685 4968 1751 5020 ad
1801 4968 2137 5037 septuaginta

600 5061 774 5115 duos:
804 5072 910 5109 non
940 5062 1024 5109 est
1057 5056 1268 5110 dicendi
1296 5064 1525 5121 tempus,
1556 5074 1622 5112 ne
1650 5073 1785 5125 opus
1825 5058 1912 5110 (lat
1946 5070 2138 5127 praeter

603 5162 763 5215 opus.
797 5146 865 5199 Et
893 5148 1001 5200 haec
1023 5146 1239 5214 quidem
1263 5146 1329 5201 de
1377 5148 1553 5202 laicis.
1595 5150 1835 5202 Sacratis
1882 5164 2012 5202 vero
2060 5149 2138 5201 fe-

603 5238 882 5292 neratione
911 5251 1130 5305 prorsus
1181 5235 1523 5294 interdictum
1568 5247 1670 5295 est.
1704 5240 1793 5292 Ait
1843 5239 1988 5293 enim
2024 5241 2137 5292 lucc.

2232 4442 2356 4502 κοὺς
2384 4439 2676 4507 λαμὸάνειν
2706 4440 2892 4501 τόκους
2923 4442 3027 4491 ἀπὸ
3051 4442 3239 4509 τρίτης
3272 4442 3577 4508 ἑκατοστῆς
3596 4458 3609 4469 ·
3637 4444 3795 4511 ῆγουν

2232 4528 2317 4596 ἐφ’
2349 4530 2549 4599 ἑκάστῃ
2599 4530 2755 4598 λίτρσ.
2807 4530 3114 4598 νομίσματα
3146 4529 3207 4581 δ’.
3259 4531 3396 4591 Τοὺς
3453 4531 3794 4591 κοινολαῐτας

2234 4616 2673 4683 πραγματευτάς,
2698 4616 2791 4666 καὶ
2807 4615 3044 4680 λοιποὺς,
3060 4617 3609 4685 ήμιεκατοστιαίους’
3634 4619 3792 4685 ῆγουν

2233 4704 2317 4770 ἐφ’
2373 4705 2575 4773 ἑκάστῃ
2619 4705 2777 4776 λίτρᾳ
2831 4706 3138 4773 νομίσματα
3169 4705 3244 4770 ς’.
3292 4708 3432 4769 Τοὺς
3464 4709 3523 4761 δὲ
3558 4710 3785 4769 διδόντας

2234 4791 2536 4843 διαπόντιον
2565 4792 2792 4855 δάνειον,
2822 4793 2962 4863 ὑπὲρ
3006 4795 3239 4863 ἑκάστης
3268 4794 3460 4860 λίτρας
3486 4796 3787 4865 νομίσματα

2239 4881 2323 4948 ιβ’.
2358 4882 2542 4942 Ὅπως
2582 4881 2636 4932 δὲ
2668 4882 2954 4935 καλοῦνται
2984 4885 3033 4934 οι
3059 4884 3208 4936 τόκοι
3259 4885 3653 4949 ἑκατοστιαίοι,
3700 4887 3789 4953 τῆς

2238 4973 2423 5041 λίτρας
2476 4973 2551 5043 μὴ
2596 4976 3049 5045 συμποσουμένης
3100 4979 3179 5039 είς
3233 4980 3549 5047 νομίσματα
3586 4978 3653 5049 ρ’,
3684 4975 3789 5031 ἀλλ’

2238 5063 2314 5123 εἰς
2346 5060 2441 5127 οβ’,
2472 5062 2656 5131 καιρὸς
2682 5063 2781 5115 οὐκ
2812 5063 2925 5115 ἐστι
2948 5063 3144 5130 λέγειν’
3169 5065 3255 5118 ἵνα
3286 5067 3361 5134 μὴ
3383 5067 3547 5134 ἔργον
3574 5068 3633 5118 τὸ
3662 5068 3787 5133 πάρ·

2240 5166 2398 5218 εργον
2451 5150 2690 5220 γένηται.
2740 5152 2851 5205 Καὶ
2902 5152 3073 5205 ταῦτα
3104 5155 3200 5220 μὲν
3234 5156 3362 5222 περὶ
3402 5155 3629 5207 λαῖκῶν.
3661 5156 3785 5213 Τοὺς

2247 5240 2571 5307 ίερωμένους
2596 5240 2651 5292 δὲ
2673 5240 2905 5303 τοκίζειν
2940 5243 3213 5305 παντελῶς
3240 5245 3638 5315 ἀπηγόρευται.
3661 5243 3785 5310 Φησὶ

1874 5418 1954 5469 VA
1967 5418 2102 5471 RIAS
2145 5414 2544 5470 LECTIONES.

672 5533 708 5560 ιιι
731 5540 1025 5589 agnoscere.
1126 5534 1154 5563 ³
1186 5527 1465 5582 doctrinas.

596 5592 633 5644 ἀ
672 5533 1025 5641 m‘agnosccrc.
1126 5534 1154 5563 ³
1186 5533 1465 5582 doctrinas.
1563 5540 1576 5559 '
1606 5533 1872 5599 scriptum.

638 5608 708 5644 an
732 5630 749 5644 .

638 5608 749 5647 ant.

1978 5543 2004 5583 Ρ
2041 5534 2244 5587 rustici.

2354 5530 2583 5585 qlaicos.
2692 5533 2822 5600 ’ςιιὶ
2878 5534 3223 5599 trajecticiam
3300 5533 3569 5601 pecuniam
3615 5542 3777 5585 mutuo
