4004 6456
230 333 342 392 957

1047 331 1440 391 llESl‘ONSA
1485 335 1586 394 AD
1619 335 2362 398 lNTERllOGATIONES
2403 339 2667 401 MARtil.

3325 342 3429 408 958

231 471 337 521 γαρ
370 455 396 503 ὁ
421 449 504 520 μδ⁸
528 451 702 504 κανὼν
731 454 835 504 τῶν
865 453 1031 521 ἁγίων
1053 455 1358 507 ἀποστόλων
1384 455 1556 508 ταῦτα
1580 457 1778 527 ῥητῶςο

1890 457 2204 510 nominatim
2264 455 2334 510 44
2395 466 2712 512 sanctorum
2767 456 3132 525 apostolorum
3183 470 3356 513 canon
3407 474 3424 514 :

245 544 566 602 Ἐπίσκοπος
599 541 631 609 ἢ
666 542 1030 610 πρεσϐύτερος
1067 545 1097 611 ἢ
1128 544 1371 605 διάκονος
1399 545 1590 607 τόκους
1621 547 1784 597 ἀπαι-

233 634 341 682 τῶν
365 633 486 692 τοὺς
510 632 933 699 δανειζομένους,
958 635 987 701 ἢ
1011 633 1327 696 παυσάσθω,
1347 634 1379 702 ἢ
1401 635 1782 705 καθαιρείσθω.

235 724 339 770 Καὶ
366 724 392 772 ὁ
428 722 491 783 ιζ’
525 720 702 771 κανὼν
730 723 823 788 τῆς
851 723 1010 788 ἁγίας
1048 723 1140 774 καὶ
1169 725 1555 793 οίκουμενικῆς
1582 732 1627 777 α’
1663 742 1786 780 συν⁹

232 811 350 859 diu
396 811 564 859 ταῦτα
600 809 846 869 διέξςισιν
868 827 881 840 ·
935 812 1147 877 Ἐπειδὴ
1176 812 1358 864 πολλοὶ
1388 816 1444 865 ἐν
1491 815 1568 884 τῷ
1601 819 1782 869 κανόνι

235 897 633 963 ἐξεταζόμενοι,
686 897 776 966 τὴν
825 899 1139 961 πλεονεξίαν
1193 905 1286 953 καὶ
1316 903 1376 954 τὸ
1406 904 1783 973 αἰσχροκερδὲς

232 984 535 1046 διώκοντες,
583 985 904 1038 ἐπελάθοντο
929 987 1021 1038 τοῦ
1053 988 1197 1040 θείου
1223 991 1569 1060 Γραμματος,
1606 993 1787 1060 λέγον-

233 1090 347 1133 τος.
383 1075 451 1125 Τὸ
488 1075 749 1142 ἀργύριον
802 1076 966 1127 αὑτοῦ
1000 1078 1098 1127 οὐκ
1148 1078 1342 1131 ἔδωκεν
1373 1081 1464 1130 ἐπὶ
1493 1083 1633 1150 τόκῳ
1654 1099 1667 1112 ο
1695 1085 1788 1135 καὶ⁵

233 1162 566 1226 δανείζοντες
636 1165 932 1226 ὲκατοττας
996 1167 1335 1233 ἀπαιτοῦσιν,
1397 1171 1784 1242 ἐδικαίωσενή

237 1253 367 1317 ἁγία
400 1255 492 1304 καὶ
538 1254 741 1323 μεγάλη
775 1255 1008 1321 σύνοδος,
1041 1257 1114 1319 ὡς
1155 1257 1207 1309 εἴ
1242 1276 1326 1320 τις
1357 1261 1604 1331 εὑρεθείη
1650 1263 1786 1329 μετὰ

230 1343 324 1393 τὸν
350 1344 474 1412 ὅρον
503 1341 687 1396 τοῦτον
717 1345 901 1408 τόκους
924 1345 1213 1407 λαμϐάνων
1241 1349 1304 1401 ὲκ
1330 1353 1784 1422 μεταχειρήσεωῖ,

231 1432 264 1500 ἦ
294 1433 465 1494 ἄλλως
522 1436 884 1504 ἐπερχόμενος
935 1437 993 1488 τὸ
1027 1440 1275 1508 πρᾶγμα,
1302 1439 1334 1507 ἢ
1363 1440 1609 1508 ἡμιολίας
1637 1442 1789 1494 ἁπαιο

229 1524 364 1583 τῶν,
409 1524 657 1593 ἢέτερόν
702 1543 756 1577 τι.
807 1528 1030 1580 ἐπινοῶν
1093 1529 1539 1599 αἰσχροκερδείας
1601 1532 1784 1596 ἕνεκα,

232 1612 688 1681 καθαιρεθήσεται
721 1617 814 1666 τοῦ
848 1616 1069 1685 κλήρου,
1123 1622 1217 1670 καὶ
1255 1619 1527 1689 ἀλλότριος
1565 1621 1655 1675 τοῦ
1687 1639 1784 1673 κα-

233 1698 383 1762 νόνος
431 1702 596 1753 ἔσται.
634 1703 710 1754 Τὰ
759 1705 898 1756 αύτὰ
945 1723 1077 1774 φησι
1111 1707 1202 1757 καὶ
1235 1709 1261 1760 ό
1289 1707 1330 1760 δ’
1367 1708 1544 1762 κανὼν
1599 1711 1695 1779 τῆς
1730 1714 1786 1762 ἐν

231 1790 520 1860 Λεοδικείᾳ
552 1793 790 1856 συνόδου,
830 1797 921 1846 καὶ
963 1795 1156 1865 ἕτεροι.

319 1881 638 1945 Ἐρώτησις
671 1887 731 1934 ε’.
778 1884 1081 1936 Ἀκίνδυνόν
1119 1889 1265 1942 ἐστιν
1298 1886 1593 1954 ἱερατεύειν
1625 1889 1780 1957 ὀρθο-

229 1970 438 2034 δῖξους,
470 1973 694 2042 Σύρους,
729 1979 821 2030 καὶ
849 1977 905 2041 ἐξ
946 1978 1260 2045 Ἀρμενίων,
1297 1977 1431 2030 ἀλλὰ
1468 1980 1571 2046 μὴν
1605 1982 1697 2031 καὶ
1724 1982 1780 2045 ἐξ

233 2062 434 2129 ἑτέρων
464 2065 654 2131 χωρῶν
688 2067 838 2127 τινας
872 2067 1114 2129 πιστοὺς,
1154 2068 1294 2121 κατὰ
1322 2067 1419 2136 τὴν
1445 2069 1645 2120 οίκείαν
1669 2069 1781 2124 διά-

233 2150 519 2222 λεκτονοῆ
565 2156 832 2217 παντοίως
877 2156 1271 2223 ἀναγκάζονται
1314 2157 1451 2226 μετὰ
1486 2157 1782 2229 Ἑλληνίδος

237 2243 533 2308 ἱερατεύειν
563 2245 778 2311 γραφῆς
801 2259 814 2307 i

319 2330 668 2394 Ἀπόκρισις.
722 2331 777 2382 Ὀ
821 2333 990 2400 μέγας
1036 2333 1329 2407 ἀπόστολος
1374 2335 1591 2396 Παῦλος
1638 2335 1783 2388 Ῥω-

238 2419 415 2485 μαίοις
440 2420 760 2472 ἐπιστέλλων
779 2423 957 2490 ιρησίν⁹
982 2419 1058 2475 Ἦ
1094 2424 1356 2477 Ἰουδαίων
1383 2425 1555 2492 μόνων
1577 2428 1603 2477 ὁ
1622 2425 1780 2491 Θεό;;

235 2512 354 2578 οἰχὶ
387 2511 440 2566 δὲ
481 2514 572 2562 καὶ
602 2513 801 2577 ὲθνῶν;
836 2515 924 2566 ναὶ
971 2514 1062 2565 καὶ
1103 2515 1288 2566 ὲθνῶν.
1325 2515 1385 2566 Οί
1418 2515 1545 2581 γοῦν
1573 2516 1784 2583 090080-

239 2600 455 2668 ξοῦντες
483 2603 539 2653 ἐν
573 2605 721 2668 πᾶσι,
751 2605 849 2656 κᾶν
873 2599 970 2655 ὦσι
992 2604 1084 2671 τῆς
1110 2603 1408 2672 Ἑλληνίδος
1435 2604 1615 2672 φωνῆς
1638 2605 1785 2672 πάμο

241 2708 348 2741 παν
379 2694 660 2761 ἁμέτοχοι,
707 2695 839 2762 μετὰ
868 2695 963 2762 τῆς
1019 2696 1149 2756 ἰδίας
1183 2694 1457 2746 διαλέκτου
1507 2695 1787 2763 ἱερουργή-

240 2799 445 2846 σουσιν,
467 2784 770 2852 ἀντίγραφα
797 2785 1005 2853 ἔχοντες
1026 2787 1130 2837 τῶν
1158 2785 1398 2854 συνήθων
1429 2785 1595 2850 ἁγίων
1617 2785 1785 2853 εὐχῶν

239 2872 653 2941 ἀπαράλλακτα,
680 2875 752 2936 ὼς
793 2876 1206 2946 μεταγραφέντα
1246 2876 1309 2927 ὲκ
1338 2877 1630 2928 κοντακίων
1658 2876 1786 2929 καλ·

240 2964 684 3032 λιγραφηθὲντων
709 2965 795 3024 δᾴ
828 2967 1163 3037 γραμμρτων
1199 2965 1541 3034 Ἑλληνικῶν.

324 3057 643 3120 Ἐρώτησις
673 3053 746 3117 ς’.
803 3055 1243 3124 Ἢῤῥαεωνίσατό
1282 3072 1363 3114 τις
1412 3056 1663 3121 γυναῖκα,
1695 3053 1787 3105 καὶ
1813 3095 1855 3154 C

242 3146 560 3213 ἐτελεύτησε
609 3146 712 3213 πρὸ
751 3144 842 3196 τοῦ
889 3144 1289 3214 ίερολογηθῆναι
1330 3145 1445 3214 μετ’
1485 3144 1684 3212 αὐτῆς,
1714 3144 1788 3206 ὼς

242 3236 572 3296 νενόμισται,
594 3235 685 3286 καὶ
717 3235 820 3299 πρὸ
846 3233 937 3284 τοῦ
963 3233 1292 3300 συναφθῆναι
1316 3234 1472 3300 αὐτῇ,
1513 3231 1788 3284 ἀκίνδυνόν

245 3328 363 3381 ἐστι
392 3326 594 3391 ταύτην
624 3324 804 3375 λαϐεῖν
835 3324 924 3375 τὸν
959 3323 1146 3375 τούτου
1183 3321 1423 3390 ἀδελφὺν,
1455 3322 1487 3392 ἢ
1524 3321 1618 3385 οὓς

328 3506 456 3558 ’Aa.
498 3499 570 3553 Τὸ
619 3502 778 3552 καλὸν
815 3501 913 3552 οὐκ
943 3501 1056 3551 ἔστι
1088 3500 1268 3560 καλὸν,
1303 3501 1350 3550 εί
1389 3500 1462 3568 μὴ
1497 3497 1674 3560 καλῶς
1697 3499 1790 3564 γέ-

247 3606 421 3658 νηται.
449 3589 508 3638 Et
534 3587 662 3653 γοῦν
688 3590 718 3653 ἡ
753 3589 1034 3654 μνηστεία,
1058 3588 1174 3655 ἦτοι
1198 3589 1224 3638 ὁ
1245 3586 1519 3657 ἀρραϐὼν,
1538 3586 1787 3656 ἐτελέσθη

246 3673 386 3724 κατὰ
437 3673 532 3738 τὴν
581 3670 924 3722 ὑποτύπωσιν
965 3672 1059 3739 τῆς
1115 3672 1311 3742 νεαρᾶς
1349 3671 1661 3739 νομοθεσίας
1699 3672 1788 3724 τοῦ

246 3761 491 3829 ἀοιδίμου
535 3760 791 3828 βασιλέως
835 3760 1021 3829 κυρίου
1075 3761 1307 3824 Ἀλεξίου
1353 3761 1444 3812 τοῦ
1487 3762 1788 3830 Κομνηνοῦ,

252 3854 389 3918 μετὰ
413 3850 632 3918 τελετῆς
676 3850 780 3900 τῶν
824 3851 1064 3916 συνήθων
1108 3849 1275 3915 ἁγίων
1308 3850 1480 3918 εὐχῶν
1503 3866 1518 3881 ο
1558 3851 1655 3917 τῆς
1693 3867 1790 3917 γυο

248 3943 435 4000 ναικὸς
466 3939 627 4006 οῠσης
657 3940 1040 4002 δωδεκαετοῦς,
1071 3939 1162 3992 τοῦ
1193 3940 1247 3992 δὲ
1270 3941 1456 4010 ἀνδρὸς
1487 3941 1578 3994 τὸν
1601 3957 1792 3994 τεσσα-

254 4031 664 4099 ρεσκαιδέκατον
695 4031 878 4098 χρόνον
913 4029 1228 4093 ἀνύσαντος,
1262 4031 1320 4081 εὑ
1347 4030 1569 4098 λήψεται
1591 4030 1790 4098 ταύτην

250 4121 329 4178 είς
369 4119 435 4184 γά
467 4135 543 4169 ιον
575 4121 601 4169 ό
648 4119 870 4186 ἁδελφὸς
908 4118 1091 4170 αὑτοῦ.
1134 4119 1191 4170 '0
1226 4119 1330 4187 γὰρ
1359 4117 1496 4171 οὕτω
1523 4119 1791 4181 τελεσθεὶς

252 4204 504 4271 ἁρραὕὼν
537 4207 591 4254 ὲν
616 4206 744 4255 mist
772 4205 847 4274 τῷ
875 4211 1086 4275 νομίμῳ
1114 4205 1274 4271 γάμῳ
1293 4204 1620 4266 ταυτίζεται.
1645 4207 1706 4257 El
1734 4205 1791 4257 δὲ

253 4297 390 4346 κατὰ
424 4294 519 4362 τὴν
551 4295 850 4361 κρατοῦσαν
879 4294 1182 4361 συνήθειαν,
1215 4292 1288 4353 ὡς
1331 4294 1686 4361 μανθάνομεν,
1713 4295 1792 4355 είς

1889 540 2211 616 EpiScopus,
2233 555 2324 600 aut
2349 545 2653 616 presbyter,
2692 553 2786 599 aut
2810 544 3097 609 diaconus,
3131 559 3325 601 usuras
3356 545 3424 600 ab

1888 638 1956 690 iis
1987 638 2228 706 exigens,
2264 637 2462 706 quibus
2494 644 2740 690 mutuum
2767 634 2937 701 dedit,
2963 635 3048 689 vel
3074 634 3312 699 desinat,
3342 635 3429 690 vel

1889 726 2210 794 deponatur.
2246 725 2312 779 Et
2361 727 2423 779 l7
2471 740 2646 779 canon
2677 734 2876 779 sancta:
2917 733 2970 779 et
3019 725 3366 779 mcumenicae
3395 724 3421 777 l

1887 815 2076 884 synodi
2104 815 2216 868 hwc
2253 831 2266 871 :
2296 816 2560 879 Quoniam
2593 814 2769 876 multi,
2801 811 2893 882 qui
2916 813 2972 866 in
3004 826 3216 867 canone
3239 827 3430 866 recen-

1886 913 2095 969 sentur,
2125 905 2276 972 plura
2307 905 2538 958 habendi
2599 903 2839 958 studium
2897 911 2950 957 et
2997 911 3154 972 turpe
3211 902 3425 956 lucrum

1885 1002 2291 1061 persequentes,
2338 992 2532 1046 dit-inte
2593 990 2887 1060 Scriptura:
2927 991 3080 1046 obliti
3119 1001 3267 1054 sunt,
3307 1005 3428 1060 quae

1884 1084 2017 1136 dicit
2061 1099 2074 1134 :
2110 1085 2400 1153 Argentum
2433 1099 2589 1138 suum
2642 1098 2748 1136 non
2780 1083 2931 1137 dedit
2961 1083 3028 1136 ad
3071 1097 3292 1137 usuram
3325 1098 3340 1146 ;
3375 1087 3428 1135 et

1895 1175 2204 1228 ferierautes
2245 1175 2568 1228 centesimas
2627 1173 2894 1241 exigunt:
2951 1186 3164 1240 aequum
3217 1172 3430 1225 censuit

1887 1273 2078 1317 sancta
2101 1273 2151 1315 et
2183 1267 2379 1331 magna
2413 1262 2682 1330 synodus,
2718 1271 2774 1314 ut
2803 1261 2848 1316 si
2881 1262 3005 1330 quis
3037 1261 3290 1314 inventus
3313 1258 3431 1311 fue-

1884 1351 1956 1405 rit
1978 1359 2098 1420 post
2133 1353 2234 1406 hoc
2271 1358 2536 1405 statutum
2569 1363 2767 1404 usuras
2817 1357 3007 1403 mutuo
3061 1361 3300 1410 sumere,
3344 1344 3429 1399 vel

1885 1454 2003 1492 eam
2060 1454 2170 1494 rem
2203 1440 2361 1492 aliter
2389 1438 2664 1508 persequi,
2701 1437 2785 1492 vel
2835 1436 3020 1506 sesqul
3064 1435 3263 1489 alteras
3312 1434 3428 1488 exi-

1885 1542 2032 1595 gere,
2070 1528 2153 1583 vel
2188 1528 2394 1598 aliquid
2448 1527 2594 1582 aliud
2638 1528 2948 1597 excogitare
2974 1526 3149 1592 turpis
3181 1533 3428 1595 quaestus

1885 1619 2079 1690 gratia,
2119 1632 2148 1671 e
2202 1617 2346 1671 clero
2396 1617 2719 1687 deponatur,
2771 1625 2827 1670 et
2868 1616 2940 1672 sit
2993 1615 3202 1669 alienus
3251 1629 3281 1667 a
3338 1629 3426 1668 ca—

1889 1723 2048 1761 none.
2083 1708 2283 1767 Eadem
2315 1708 2388 1762 ait
2417 1717 2470 1763 et
2500 1707 2534 1760 Δ
2574 1721 2751 1762 canon
2780 1704 3100 1761 Laodicenae
3128 1704 3343 1774 synodi,
3371 1710 3426 1760 et

1819 1792 1858 1844 Β
1888 1797 2002 1852 alii.

1955 1887 2119 1941 Inter.
2160 1888 2210 1944 5.
2263 1895 2350 1945 An
2400 1888 2687 1943 orthodoxi
2738 1888 2858 1958 Syri
2909 1897 2963 1942 et
3020 1904 3084 1943 ex
3130 1888 3426 1953 Armeniis,

1885 1991 2093 2032 necnon
2143 1993 2206 2033 ex
2262 1979 2382 2033 aliis
2431 1980 2742 2050 regionibus
2780 1978 2944 2048 aliqui
2985 1978 3168 2033 fideles
3211 1978 3427 2047 propria

1886 2068 2065 2136 lingua
2100 2078 2252 2123 extra
2291 2069 2587 2138 periculum
2626 2084 2781 2125 sacra
2828 2068 3122 2131 celebrent,
3175 2083 3243 2122 an
3300 2082 3432 2122 vero

1885 2168 2149 2227 cogantur
2179 2177 2402 2231 prorsus
2443 2176 2565 2216 cum
2599 2161 2786 2217 Graeca
2827 2163 3094 2231 scriptura
3132 2160 3430 2217 sacerdotio

1883 2244 2064 2316 fungi?

1953 2335 2077 2390 Res.
2136 2337 2363 2407 Magnus
2440 2338 2720 2407 apostolus
2782 2339 2981 2393 Paulus
3038 2339 3104 2392 ad
3161 2337 3434 2393 Romanos

1887 2428 2132 2481 scribens
2159 2429 2332 2497 inquit
2361 2446 2375 2482 :
2415 2430 2494 2482 An
2523 2429 2828 2484 Judazorum
2849 2437 3058 2483 tantum
3101 2428 3274 2483 Deus?
3295 2428 3433 2483 Num

1887 2523 1941 2568 et
1985 2515 2224 2584 gentium
2247 2517 2272 2570 τ
2299 2525 2446 2571 certe
2481 2527 2534 2572 et
2577 2519 2836 2588 gentium.
2868 2519 2970 2584 Qui
3006 2518 3171 2585 igitur
3199 2527 3347 2573 recte
3379 2517 3433 2572 in

1887 2605 2140 2658 omnibus
2169 2607 2235 2660 de
2267 2607 2370 2660 fide
2413 2610 2672 2672 sentiunt,
2705 2618 2757 2662 et
2783 2611 2826 2662 si
2857 2611 2968 2663 sint
2996 2608 3191 2663 Grates:
3239 2609 3435 2678 lingua

1889 2694 2108 2747 omnino
2133 2706 2403 2763 expertes,
2423 2698 2644 2766 propria
2695 2698 2923 2752 dialecto
2947 2712 3098 2752 sacra
3122 2697 3432 2763 conﬁcient,

1888 2785 2211 2852 exemplaria
2234 2796 2612 2840 consuetarum
2635 2802 2910 2842 sacrarum
2936 2802 3154 2856 precum
3176 2769 3434 2842 habentes

1889 2885 1995 2922 non
2024 2871 2340 2938 evariantia,
2373 2881 2429 2926 ut
2463 2875 2741 2943 desumpta
2775 2891 2837 2929 ex
2867 2875 3130 2929 contaciis
3171 2875 3435 2944 graecani-

1890 2962 1970 3014 cis
1999 2961 2191 3016 litteris
2220 2956 2492 3032 eleganter
2524 2965 2832 3033 descriptis.

1960 3049 2124 3104 Inter.
2187 3051 2240 3106 6.
2290 3051 2638 3120 Desponsavit
2691 3054 2814 3122 quis
2861 3053 2963 3107 sibi
3017 3051 3323 3118 mulierem,
3377 3060 3434 3108 et

1891 3141 2203 3209 priusquam
2232 3156 2354 3194 cum
2390 3156 2450 3195 ea
2479 3158 2570 3212 per
2595 3141 3039 3206 benedictionem,
3068 3143 3211 3197 sicut
3233 3142 3435 3196 consti-

1890 3234 2060 3279 tutum
2119 3236 2223 3291 est,
2273 3229 2594 3293 initiaretur,
2654 3237 2707 3284 et
2766 3245 2889 3284 cum
2938 3245 3002 3284 ea
3061 3232 3431 3299 copularetur,

1891 3316 2125 3370 decessit
2181 3331 2195 3370 :
2259 3333 2324 3370 an
2390 3332 2451 3372 ea
2516 3320 2735 3388 impune
2797 3319 2963 3374 nubet
3026 3320 3187 3388 hujus
3251 3319 3430 3388 fratri,

1890 3407 2099 3460 necne?

1959 3493 2079 3548 Res.
2118 3493 2268 3558 Quod
2311 3495 2531 3561 bonum,
2585 3511 2690 3550 non
2737 3496 2933 3550 bonum
2987 3505 3088 3562 est,
3143 3495 3250 3550 nisi
3293 3496 3430 3553 bene

1892 3586 2001 3638 ttat.
2065 3584 2120 3637 Si
2160 3586 2321 3652 igitur
2362 3586 2632 3653 sponsalia
2676 3595 2729 3639 et
2761 3587 3082 3640 arrhabonis
3130 3585 3278 3640 datio
3311 3602 3431 3656 per-

1890 3670 2030 3723 fccta
2069 3669 2178 3722 sint
2201 3671 2356 3737 juxta
2389 3671 2798 3739 dispositionem
2834 3672 3054 3726 novellae
3081 3673 3427 3726 constitutio-

1891 3761 1975 3815 nis
2032 3760 2214 3829 inclyti
2270 3761 2629 3828 imperatoris,
2681 3760 2881 3815 domini
2937 3759 3088 3814 Alexi
3145 3760 3427 3826 Comncnl,

1893 3865 2012 3904 cum
2045 3849 2490 3904 consecratione.
2524 3850 2806 3904 solitarum
2846 3857 3150 3906 sanctarum
3183 3864 3424 3918 precum,

1892 3939 2091 3994 femina
2141 3937 2434 3993 excedente
2459 3953 2655 3991 annum
2689 3938 3086 3998 duodecimum.
3126 3938 3298 3991 virum
3333 3953 3430 3991 au-

1890 4037 1997 4083 tem
2046 4030 2311 4084 decimum
2360 4039 2628 4099 quartum,
2683 4042 2789 4082 non
2848 4028 3004 4081 ducet
3046 4041 3163 4080 eam
3209 4043 3429 4082 uxorem

1891 4119 2058 4173 frater
2085 4119 2226 4187 ejus.
2254 4118 2434 4188 Itaque
2456 4119 2596 4173 enim
2628 4117 2893 4187 perfectus
2916 4117 3148 4169 arrhabo
3174 4117 3428 4185 legitimis

1890 4207 2093 4273 nuptiis
2133 4207 2186 4259 in
2210 4206 2461 4259 omnibus
2492 4204 2841 4258 assimilatur.
2867 4201 3021 4267 Quod
3046 4203 3089 4256 si
3117 4202 3271 4270 juxta
3297 4216 3431 4256 con-

1893 4294 2249 4356 suetudinem,
2277 4308 2395 4362 qua:
2426 4294 2504 4360 (ut
2533 4290 2838 4360 didicimus)
2861 4291 3066 4344 obtinet
3095 4291 3150 4344 in
3180 4292 3430 4346 omnibus

254 4380 430 4431 πάντα
457 4380 635 4447 σχεδὸν
659 4379 722 4430 τὰ
756 4379 894 4448 μέρη
923 4374 1014 4429 τοῦ
1033 4378 1199 4428 Νότου
1230 4379 1322 4430 καὶ
1351 4379 1446 4445 τῆς
1487 4379 1790 4448 Ἀνατολῆςι

1894 4383 2004 4437 fere
2029 4383 2212 4437 Austri
2243 4392 2294 4434 et
2314 4381 2549 4436 Orientis
2577 4381 2836 4449 partibus,
2877 4387 3233 4448 praemortuus
3276 4381 3432 4432 aliter

255 4467 408 4519 ἁλλοτ
421 4467 616 4534 ρόπως,
637 4467 664 4515 ὁ
694 4464 866 4517 θανὼν
901 4466 998 4532 τὴν
1032 4464 1329 4533 περιοῦσαν
1359 4466 1788 4535 ὴρῤαϐωνίσατο,

258 4557 570 4623 συζευχθείη
594 4556 831 4623 νομίμως
861 4556 994 4624 αὐτῇ
1033 4557 1060 4606 ό
1090 4554 1274 4606 τούτου
1304 4555 1647 4622 αύτάδελφος.

339 4645 652 4711 Ἐρώτησις
690 4643 753 4702 ζ’.
828 4645 1357 4711 Ἀπροκριματίστως
1399 4643 1698 4716 διακονικοῦ
1755 4646 1788 4716 ἢ

261 4735 530 4803 ἱερατικοῦ
564 4733 765 4804 βαθμοῦ
797 4732 1048 4799 ἀξιωθείη
1073 4733 1100 4782 ό
1128 4731 1212 4784 διὰ
1267 4732 1325 4783 τὸ
1354 4714 1664 4801 τελευτῆσαι
1693 4714 1790 4803 τὴν

262 4823 680 4892 μνηστευθείσαν
708 4822 872 4889 αὐτῷ,
904 4823 1089 4887 ἑτέραν
1118 4820 1343 4888 σύμϐιον
1375 4824 1726 4892 ἀγαγόμενος,
1758 4823 1788 4893 ἦ

259 4914 328 4973 ὡς
363 4915 586 4979 δίγαμος
617 4912 1013 4979 κωλυθήσεται;

342 5005 458 5054 Ἀπ.
494 5002 554 5053 Et
580 5003 676 5068 μὲν
719 5002 857 5052 κατὰ
896 5003 992 5069 τὴν
1020 5002 1115 5068 τῆς
1152 5002 1405 5070 ρηθείσης
1435 5002 1628 5069 νεαρᾶς
1668 5001 1794 5052 ὐπο-

261 5092 498 5143 τύττωσιν
530 5089 936 5158 ἡρῤαϐωνίσατο
976 5090 1072 5157 τὴν
1113 5090 1475 5158 ἁποιχομένην
1531 5090 1790 5157 μνηστὴν,

260 5183 420 5249 ιτέρα
450 5181 663 5245 γυναικὶ
691 5179 822 5243 μετὰ
859 5179 948 5229 τὸν
983 5178 1179 5248 ταύτης
1207 5178 1432 5230 θανατον
1457 5177 1791 5246 συζευχθεὶς,

261 5273 358 5324 οὐκ
384 5268 635 5335 ἀξιωθείη
668 5266 868 5336 βαθμοῦ
913 5283 1051 5327 τινος
1079 5267 1185 5316 τῶν
1222 5265 1314 5318 τοῦ
1345 5264 1605 5334 βήματος.
1634 5265 1794 5332 Δίγα-

268 5379 360 5430 μος
391 5362 498 5427 γὰρ
523 5357 812 5427 λογίζεται.
833 5358 894 5410 El
915 5357 968 5409 6t
997 5358 1142 5427 παρὰ
1163 5355 1258 5427 τὴν
1288 5356 1488 5425 ταύτης
1509 5355 1793 5426 περίληψιν

1897 4473 1998 4528 sibi
2024 4473 2364 4540 superstitem
2395 4472 2848 4540 desponsaverat:
2879 4470 3039 4537 hujus
3066 4484 3351 4538 germanus
3379 4473 3430 4527 ei

1894 4561 2129 4631 legitime
2164 4559 2538 4628 coniungatur.

1970 4652 2136 4706 Inter.
2169 4652 2218 4705 7.
2251 4653 2332 4703 An
2373 4653 2487 4705 sine
2514 4649 2824 4718 prrejudicio
2853 4650 3134 4703 diaconico
3163 4659 3214 4704 et
3244 4664 3431 4704 sacer-

1898 4742 2064 4797 dotali
2108 4741 2274 4810 gradu
2317 4741 2509 4808 dignus
2565 4739 2866 4800 habebitur,
2912 4738 3002 4805 qui
3045 4753 3166 4790 cum
3219 4748 3430 4792 mortua

1895 4832 2065 4900 ipsius
2098 4837 2240 4883 esset
2287 4844 2506 4897 sponsa,
2566 4830 2726 4880 alium
2797 4828 3077 4896 conjugem
3125 4826 3314 4891 duxit,
3362 4842 3425 4878 an

1893 4921 2039 4974 velut
2069 4921 2301 4974 binubus
2337 4917 2746 4987 prohibebitur?

1970 5009 2091 5062 Res.
2132 5008 2188 5060 Si
2219 5008 2432 5076 quidem
2461 5008 2610 5074 juxta
2655 5004 2923 5073 praedictae
2956 5004 3175 5058 novella;
3207 5003 3429 5056 formam

1902 5099 2255 5167 desponderat
2279 5096 2381 5149 sibi
2408 5105 2669 5148 mortuam
2693 5107 2966 5161 sponsam,
2999 5100 3120 5158 post
3144 5092 3259 5157 ejus
3287 5106 3432 5144 mor—

1901 5191 2006 5234 tem
2043 5180 2132 5232 alii
2176 5180 2331 5232 uxori
2364 5178 2686 5244 eonjunctus
2727 5191 2836 5230 non
2873 5181 3232 5242 consequetur
3261 5177 3428 5226 ullum

1902 5272 2087 5323 altaris
2115 5270 2338 5339 gradum
2379 5289 2390 5323 :
2423 5267 2655 5322 binubus
2703 5266 2843 5321 enim
2890 5272 3155 5320 censetur.
3207 5262 3301 5316 Sin
3333 5277 3428 5316 au-

1899 5364 2004 5411 tem
2070 5366 2262 5426 praeter
2319 5357 2438 5426 ejus
2488 5364 2725 5410 tenorem
2777 5369 2899 5410 cum
2959 5362 3171 5409 mortuo
3233 5367 3432 5422 sponsa

1508 5535 1736 5590 VAlllA‘l
1765 5533 2157 5589 LECTIONES.

346 5637 367 5667 ⁸
404 5631 710 5696 pt'rurtione.
