4004 6444
519 329 627 395 959

1815 316 1912 374 ΤΠ
1932 315 2092 374 EOD.
2143 315 2236 372 BA
2253 313 2624 374 LSAMONlS

3669 313 3772 374 960

527 457 870 509 contractum
903 448 1151 512 iniverat,
1189 445 1302 499 sinr
1337 441 1727 510 impedimento
1759 436 2083 492 sacra‘nitur.

2200 432 2256 492 τὰ
2294 432 2621 498 τελευτῆσαν
2664 427 3069 497 εμνηστεύσατο
3094 425 3352 494 γύναιονς
3393 426 3769 495 ἀπαρεμποδί-

525 555 588 596 ut
617 541 708 609 qui
745 540 988 606 bigamus
1014 552 1116 588 non
1154 542 1458 587 censeatur.

600 630 765 686 Inter.
795 630 849 683 8.
879 628 934 679 Si
991 625 1244 679 sacerdos
1297 632 1487 674 tonsus
1544 619 1722 679 fuerit,
1771 625 2093 669 concessum

525 721 628 774 erit
656 721 703 772 ei
736 727 856 785 post
890 726 1168 768 tonsuram
1205 711 1533 772 sacriﬁcare,
1567 706 1776 761 annon?

601 808 716 862 Res.
753 807 888 860 Cum
915 804 1185 858 secundus
1221 818 1394 855 canon
1425 810 1626 854 sancta:
1657 807 1709 852 et
1743 793 2095 851 (ecuinenicae

528 901 716 972 synodi
751 907 954 952 coactae
993 900 1045 948 in
1088 894 1437 948 sanctissimo
1482 891 1674 942 throno
1703 885 2093 941 Constantino-

529 993 666 1061 polis
725 990 840 1042 hac
890 985 1208 1039 nominatim
1263 983 1579 1052 prOntttttiel
1629 995 1643 1035 :
1708 977 1930 1029 Etiamsi
1985 975 2094 1027 huc

531 1096 702 1148 usque
737 1077 981 1130 nonnulli
1013 1074 1306 1135 antiStites,
1338 1072 1427 1138 qui
1468 1070 1532 1122 ad
1567 1067 1955 1120 monachorum
1999 1063 2095 1116 lia-

533 1173 706 1226 bitum
758 1166 1178 1224 descenderant,
1217 1171 1275 1215 ut
1302 1165 1354 1215 'm
1391 1159 1685 1229 episcopali
1725 1156 1940 1224 fastigio
1978 1169 2096 1206 ma-

532 1270 740 1319 nerent.
795 1260 900 1312 vim
950 1257 1312 1308 adhibuerunt
1363 1271 1378 1305 :
1423 1261 1476 1303 et
1521 1266 1643 1303 cum
1692 1249 1793 1300 hoc
1828 1249 2092 1308 facerent,

533 1351 760 1418 neglecti
789 1355 915 1399 sunt
952 1363 966 1397 :
996 1353 1177 1396 sancta
1207 1351 1383 1392 tamen
1427 1349 1478 1392 et
1522 1336 1838 1393 universalis
1871 1337 1982 1388 haec
2007 1348 2095 1402 sy-

535 1442 732 1494 nodus.
771 1438 910 1488 hanc
946 1432 1328 1502 negligentiam
1362 1444 1578 1496 quoque
1606 1428 1907 1492 corrigens.
1941 1431 1993 1476 et
2027 1423 2093 1474 ad

533 1531 673 1581 ritus
705 1526 1104 1580 ecclesiasticos
1144 1523 1283 1574 hanc
1323 1520 1686 1573 inordinatam
1719 1519 1982 1568 actionem
2012 1527 2094 1566 re-

535 1623 742 1681 digens.
803 1619 994 1671 statuit
1046 1622 1104 1667 ιιι
1149 1615 1192 1668 si
1241 1615 1364 1680 quis
1411 1613 1720 1679 episcopus.
1769 1609 1848 1660 vel
1894 1607 2090 1674 aliquis

534 1711 673 1760 alius
738 1722 801 1758 ex
862 1701 1154 1772 pontiﬁcali
1194 1700 1472 1768 dignitate.
1523 1697 1755 1750 voluerit
1812 1694 1879 1748 ad
1927 1696 2088 1746 vitam

2200 538 2341 582 στως
2373 520 2752 587 ίερωθήσεται,
2784 518 2856 576 ὡς
2891 519 2964 585 μὴ
2997 516 3345 583 λογιζόμενος
3379 516 3634 582 δίγαμος.

2279 611 2591 675 Ἐρώτησις
2615 615 2685 673 η’.
2735 607 2936 674 Ἱερεὺς
2969 607 3062 658 ἐὰν
3108 608 3391 675 ἀποκαρῇ,
3431 607 3777 675 ὲκχωρηθείη

2200 701 2502 768 ἱερουργεῖν
2538 698 2673 765 μετὰ
2706 702 2802 766 τὴν
2830 699 3157 763 ἀπόκαρσιν,
3195 697 3226 762 ἢ
3255 695 3355 759 οὓς

2277 791 2397 842 Ἄγε.
2446 789 2550 840 Τοῦ
2584 789 2627 858 β’
2671 787 2891 848 κανόνος
2918 787 3014 853 τῆς
3051 787 3108 836 ὲν
3163 783 3240 852 τῷ
3271 784 3568 852 ἁγιωτάτῳ
3605 784 3780 853 θρόνῳ

2194 884 2289 952 τῆς
2319 878 2942 938 Κωνσταντινουπόλεως
2976 875 3249 942 συστάσης
3279 877 3444 937 ἁγίας
3476 877 3571 925 καὶ
3601 877 3779 926 οἰκου-

2199 971 2425 1040 μενικῆς
2453 970 2672 1022 συνόδου
2697 966 2870 1020 ταῦτα
2893 967 3033 1016 κατὰ
3061 965 3214 1033 ῥῆμα
3241 963 3563 1025 διεξιόντοςο
3599 964 3659 1014 Εἰ
3688 964 3778 1014 καὶ

2197 1059 2357 1127 μέχρι
2385 1056 2477 1109 τοῦ
2520 1057 2615 1108 νῦν
2653 1057 2783 1108 ἔνιοι
2815 1055 2922 1107 τῶν
2955 1053 3282 1124 ἀρχιερέων,
3316 1055 3398 1114 είς
3428 1050 3492 1102 τὸ
3527 1052 3640 1102 τῶν
3672 1068 3779 1119 μο-

2194 1148 2372 1216 ναχῶν
2420 1148 2700 1209 κατιόντες
2741 1146 2949 1216 σχῆμα,
3003 1147 3061 1197 ὲν
3097 1145 3173 1215 τῷ
3204 1145 3300 1214 τῆς
3357 1145 3780 1214 ἀρχιερωσύνης

2194 1240 2466 1302 ἐϐιάζοντο
2502 1237 2777 1307 διαμένειν
2823 1236 2968 1302 ὕψει,
2991 1276 3005 1290 .
3030 1273 3048 1291 .
3071 1274 3087 1289 .
3109 1274 3126 1290 .
3145 1273 3160 1288 .
3187 1278 3198 1290 .
3224 1276 3236 1289 .
3266 1237 3387 1290 ἀλλ’
3425 1235 3522 1289 οὖν
3566 1240 3600 1305 ὴ
3651 1238 3782 1303 ἁγία

2193 1330 2290 1382 καὶ
2317 1329 2672 1398 οίκουμενικὴ
2697 1328 2911 1391 σύνοδος
2944 1327 3105 1398 αὕτη,
3133 1331 3225 1381 καὶ
3246 1330 3410 1382 τοῦτο
3433 1328 3782 1398 ρυθμίζουσα

2193 1421 2252 1473 τὸ
2301 1423 2615 1489 παρόραμα,
2665 1421 2757 1472 καὶ
2808 1419 2943 1489 πρὸς
2982 1419 3105 1480 τοὺς
3160 1419 3663 1489 ὲκκλησιαστικοὺς
3695 1420 3777 1472 θεν

2196 1512 2365 1580 σμοὺς
2399 1511 2495 1581 τὴν
2531 1510 2766 1563 ἄτακτον
2791 1511 2994 1576 ταύτην
3029 1511 3379 1577 ὲπανάγουσα
3405 1513 3626 1578 πρᾶξιν,
3645 1510 3781 1580 ὥρι-

2195 1619 2284 1654 σεν
2310 1603 2397 1654 ἵνα
2419 1603 2470 1654 εί
2495 1619 2574 1663 τις
2608 1603 2905 1664 ἐπίσκοπος
2936 1603 2967 1670 ἦ
2991 1620 3073 1663 τις
3098 1602 3254 1662 ἄλλος
3275 1602 3369 1653 τοῦ
3389 1601 3784 1672 ἀρχιερατικοῦ

2194 1691 2504 1760 ἀξιώματος
2554 1692 2689 1760 πρὸς
2732 1693 2823 1743 τὸν
2861 1695 3152 1761 μοναχικδν
3195 1693 3445 1759 θελήσειε
3499 1693 3786 1746 κατελθεῖν

539 1801 890 1850 monasticam
930 1792 1282 1856 descendere,
1314 1792 1392 1843 vel
1425 1792 1753 1857 ptenitenti'ze
1793 1790 1968 1840 locum
1995 1786 2093 1838 im-

2200 1783 2332 1853 βίον,
2358 1785 2448 1836 καὶ
2471 1785 2560 1835 τὸν
2583 1784 2680 1852 τῆς
2712 1786 3000 1852 μετανοίας
3029 1786 3191 1836 τόπον
3218 1785 3435 1853 ἀναπλη
3447 1786 3645 1852 ρῶσαι.
3684 1802 3786 1852 μη·-

538 1889 702 1953 plere,
762 1899 828 1936 ne
879 1883 1110 1950 amplius
1160 1881 1416 1931 antistitis
1468 1879 1788 1945 dignitatem
1852 1882 2091 1941 usurpet.

538 1977 924 2028 Monachorum
984 1975 1125 2026 enim
1180 1969 1572 2039 professiones,
1629 1966 1986 2035 subjectionis
2045 1973 2098 2016 et

538 2066 781 2120 discendi
823 2063 1134 2131 cupiditatis
1185 2061 1443 2112 rationein
1495 2060 1717 2118 habent,
1768 2072 1873 2109 non
1915 2064 2095 2108 autem

538 2158 799 2209 doctrinm
832 2156 911 2205 vel
950 2154 1212 2219 primatus
1256 2169 1268 2203 :
1318 2166 1414 2202 nec
1443 2151 1582 2202 alios
1619 2162 1863 2217 pascere,
1912 2145 2006 2199 sed
2039 2159 2097 2198 se

540 2247 686 2316 pasci
721 2247 1059 2313 proﬁtentur.
1119 2243 1182 2294 Et
1218 2243 1358 2302 ideo,
1408 2239 1862 2306 quemadmodum
1903 2235 2098 2306 prandi-

539 2348 684 2390 ctum
739 2345 843 2398 est,
902 2333 1245 2385 decernimus
1311 2339 1367 2381 ut
1420 2343 1575 2380 nemo
1624 2342 1831 2390 eorum,
1896 2325 1984 2392 qui
2042 2326 2095 2376 in

576 2425 895 2494 piscopalem
948 2430 1335 2491 pastorumque
1391 2421 1692 2486 catalogum
1736 2420 1938 2471 relatus
1991 2425 2093 2478 est,

541 2516 605 2567 ad
640 2530 847 2575 eorum,
873 2513 961 2580 qui
991 2520 1288 2579 pascuntur
1315 2519 1367 2562 et
1399 2521 1562 2578 agunt
1596 2511 1990 2576 penitentiam,
2013 2508 2094 2559 lo-

541 2619 662 2657 cum
693 2619 750 2656 se
795 2603 1059 2655 demittat.
1099 2603 1153 2652 Si
1198 2602 1320 2667 quis
1349 2612 1525 2651 autem
1576 2602 1677 2653 hoc
1713 2599 1888 2651 facere
1933 2612 2096 2651 anSus

543 2696 728 2757 fuerit,
759 2700 877 2760 post
907 2693 1370 2744 denuntiationem
1406 2698 1460 2742 et
1489 2689 1904 2741 declarationem
1939 2686 2098 2754 hujus

541 2789 697 2840 editae
725 2786 1025 2844 sententiae,
1060 2785 1173 2848 ipse
1201 2786 1292 2850 qui
1326 2783 1564 2848 seipsum
1601 2778 1892 2847 episcopali
1930 2778 2098 2846 gradu

544 2881 790 2945 privavit,
825 2890 927 2926 non
965 2874 1199 2940 amplius
1230 2872 1294 2925 ad
1325 2872 1584 2940 priorem,
1610 2884 1772 2937 quam
1804 2867 1961 2920 factis
2007 2868 2097 2921 de-

549 2968 776 3036 Spicatui
819 2967 1005 3019 habuit
1035 2966 1347 3032 dignitatem
1387 2971 1702 3015 revertetur.
1727 2959 2098 3028 Comprehen-

542 3059 690 3110 ditur
736 3069 913 3109 autem
959 3065 1011 3107 et
1058 3064 1178 3107 ante
1221 3055 1382 3119 hujus
1434 3051 1939 3119 promulgationem,
1989 3063 2098 3100 non

542 3151 714 3201 solum
748 3164 862 3202 eos.
891 3147 981 3214 qui
1015 3146 1171 3197 altari
1209 3145 1474 3206 serviunt,
1529 3139 1894 3193 subdiaconus
1946 3137 2096 3191 vide-

542 3239 668 3291 licet
699 3239 954 3290 diaconos
984 3247 1037 3289 et
1079 3235 1423 3296 sacerdotes;
1456 3232 1548 3285 sed
1576 3232 1916 3283 etautistites
1949 3231 2097 3296 ipsos

541 3330 698 3380 etiam
742 3335 866 3396 post
898 3339 1174 3380 tonsuram
1206 3325 1530 3378 sacriﬁcare.
1566 3322 1700 3376 Cum
1747 3322 1910 3387 igitur
1953 3319 2096 3372 anti-

540 3419 697 3472 stites
729 3433 848 3471 cum
879 3419 1139 3485 graxitute
1191 3415 1450 3465 canonica
1490 3428 1517 3464 a
1555 3411 1858 3465 sacerdotio
1891 3411 2097 3464 abalie-

543 3511 651 3560 nati
684 3510 812 3568 sint,
853 3521 1130 3573 propterea
1163 3505 1304 3571 quod
1347 3517 1467 3571 post
1504 3512 1783 3556 tonsuram
1813 3503 1878 3556 ad
1916 3504 2094 3555 locum

541 3597 932 3662 discipilurnm
983 3604 1035 3646 et
1085 3595 1461 3660 ptenilentium
1516 3594 1791 3656 venerint,
1862 3593 2096 3660 indeque

541 3686 702 3738 alieni
758 3684 882 3735 lacti
934 3683 1132 3735 fuerint
1191 3682 1449 3749 dignitate
1490 3681 1736 3734 doctoria
1782 3682 2092 3735 sacerdotes

541 3775 784 3837 mnuino,
831 3782 884 3826 et
928 3775 1018 3840 qui
1067 3772 1384 3839 simpliciter
1428 3772 1585 3823 altari
1645 3771 1886 3824 serviunt
1931 3773 2094 3824 etiam

544 3871 665 3930 post
725 3871 1001 3914 tonsuram
1045 3863 1180 3912 citra
1224 3859 1664 3926 impedimentum
1724 3860 2095 3926 operabuntur

543 3967 661 4018 qua:
713 3951 777 4002 ad
825 3953 1060 4018 ipsorum
1107 3949 1303 4018 gradus
1349 3950 1636 4016 pertinent.
1694 3947 1825 4000 Nam
1872 3957 1922 4001 et
1969 3957 2095 4001 ante

545 4050 824 4092 tonsuram
867 4042 1086 4106 pariter,
1123 4055 1185 4090 ac
1216 4047 1333 4105 pust
1363 4037 1603 4091 eamdem
1638 4037 1849 4091 fuerant
1878 4048 1930 4091 et
1967 4043 2094 4092 sunt

542 4129 791 4196 discipuli
825 4138 879 4180 et
917 4128 1165 4194 subjecti.

616 4217 778 4270 Inter.
811 4217 863 4270 9.
908 4217 963 4270 Si
997 4217 1167 4270 laicus
1220 4218 1273 4269 in
1313 4222 1515 4270 somnis
1558 4230 1881 4286 Imaginatus
1911 4217 2090 4283 fuerit,

547 4317 783 4360 meretur
806 4322 869 4359 eo
901 4308 987 4359 die
1015 4308 1313 4358 divinarum
1351 4307 1837 4360 sanetiﬁcationum
1871 4309 2092 4377 partici—

2199 1877 2313 1929 κέτι
2349 1875 2533 1927 λοιπὸν
2557 1877 2654 1945 τῆς
2687 1876 3078 1945 ἀρχιερατικῆς
3114 1877 3463 1944 ἀντιποιῆται
3500 1877 3681 1942 ἀξίας.
3718 1879 3785 1928 Δί

2197 1967 2306 2037 γάρ
2327 1967 2432 2019 τῶν
2477 1967 2724 2036 μοναχῶν
2771 1967 3034 2034 συνθῆκαι
3067 1968 3345 2033 ὑποταγῆς
3379 1968 3564 2035 ἔχουσι
3601 1967 3784 2034 λόγον,

2198 2060 2291 2112 καὶ
2313 2058 2630 2127 μαθητείας,
2654 2059 2767 2110 ἀλλ’
2796 2059 2915 2127 οὐχὶ
2931 2058 3276 2120 διδασκαλίας
3297 2060 3394 2109 καὶ
3417 2059 3749 2127 προεδρείας
3768 2075 3783 2088 ο

2198 2146 2318 2198 οὐδὲ
2343 2149 2650 2213 ποιμαίνειν
2678 2146 2890 2209 ἄλλους,
2921 2147 3056 2198 ἀλλά
3087 2147 3475 2216 ποιμαίνεσθαι
3508 2148 3784 2214 ἐπαγγέλ-

2197 2238 2398 2292 λονται.
2415 2239 2525 2299 Διὸ,
2547 2237 2687 2291 καθὰ
2702 2239 3046 2308 προείρηται,
3071 2239 3403 2307 θεσπίζομεν
3430 2241 3630 2309 μηκέτι
3660 2239 3785 2292 τινὰ

2197 2329 2304 2380 τῶν
2326 2331 2384 2382 ὲν
2407 2329 2779 2399 ἀρχιερατικῷ
2803 2329 3089 2396 καταλόγῳ
3111 2331 3205 2381 καὶ
3227 2330 3506 2397 ποιμένων
3528 2329 3789 2392 ἐξεταζο-

2201 2425 2374 2490 μένων
2401 2424 2479 2483 είς
2503 2423 2602 2489 τὴν
2624 2421 2731 2472 τῶν
2762 2421 3202 2489 ποιμαινομένων
3238 2421 3332 2473 καὶ
3372 2420 3788 2486 μετανοούντων

2197 2511 2380 2581 χώραν
2395 2512 2585 2563 ἑαυτὸν
2608 2509 3017 2572 καταϐιϐάζειν.
3038 2510 3098 2560 El
3115 2509 3172 2560 δέ
3193 2525 3277 2571 τις
3306 2509 3466 2561 τοῦτο
3486 2510 3784 2577 τολμήσειε

2201 2602 2404 2670 πρᾶξαι
2425 2601 2561 2669 μετὰ
2579 2600 2674 2668 τὴν
2701 2599 3008 2667 ὲκφὼνησιν
3035 2600 3127 2652 καὶ
3145 2599 3440 2666 διάγνωσιν
3458 2603 3556 2669 τῆς
3572 2601 3665 2650 νῦν
3686 2603 3783 2652 ὲκ-

2200 2687 2595 2757 πεφωνημένης
2619 2687 2816 2756 ψήφου,
2850 2688 3010 2748 αὐτὸς
3046 2687 3237 2740 ἑαυτὸν
3259 2689 3354 2741 τοῦ
3390 2689 3783 2758 ἀρχιερατικοῦ

2199 2778 2579 2846 ἀποστερήσας
2612 2776 2841 2846 βαθμοῦ,
2877 2766 3061 2828 οὐκὲτι
3094 2777 3228 2843 πρὸς
3256 2779 3318 2830 τὸ
3354 2780 3622 2849 πρότερον
3647 2781 3784 2848 ὅπερ

2199 2868 2425 2936 noema:
2452 2868 2538 2918 διὰ
2567 2868 2673 2918 τῶν
2698 2868 2873 2934 ἔργων
2899 2868 3113 2936 ἀξίωμα
3137 2869 3570 2937 ἐπαναστρέφει.
3596 2871 3782 2920 Κατα-

2199 2958 2536 3025 λαμὸάνεται
2558 2959 2612 3009 δὲ
2644 2959 2745 3025 πρὸ
2776 2959 2873 3025 τῆς
2900 2959 3260 3027 ὲκφωνήσεως
3287 2960 3481 3012 τούτου
3519 2961 3594 3029 μὴ
3623 2964 3691 3029 μό
3705 2979 3784 3012 ιον

2200 3051 2326 3108 τοὺς
2376 3047 2468 3098 τοῦ
2514 3049 2777 3115 βήματος,
2827 3048 2994 3115 ἡγουν
3045 3047 3457 3112 ὑποδιακόνους,
3500 3037 3785 3112 διακόνους

2205 3138 2300 3189 καὶ
2330 3139 2511 3207 ἱερεῖς,
2551 3139 2686 3189 ἀλλὰ
2729 3139 2821 3190 καὶ
2861 3139 3059 3200 αὐτοὺς
3090 3141 3216 3201 τοὺς
3248 3142 3535 3211 ἀρχιερεῖς
3575 3145 3787 3215 [spong-

2204 3231 2319 3295 γεῖν
2355 3231 2446 3280 καὶ
2481 3230 2619 3297 μετὰ
2651 3230 2747 3298 τὴν
2789 3229 3116 3298 ἀπόκαρσιν.
3153 3231 3276 3282 Τῶν
3304 3231 3438 3298 γοῦν
3479 3236 3785 3304 ἀρχιερέων

2207 3320 2324 3386 μετ’
2359 3319 2674 3388 ὲμὸριθείας
2705 3321 2990 3388 κανονικῆς
3019 3322 3081 3371 ἐκ
3108 3321 3209 3386 τῆς
3249 3323 3553 3391 ἱερωσύνης
3581 3325 3783 3388 ἀποξε-

2206 3412 2501 3474 νωθέντων,
2537 3411 2623 3463 διὰ
2677 3412 2736 3461 τὸ
2787 3411 2922 3479 μετά
2978 3412 3077 3479 τὴν
3135 3413 3448 3481 ἀπόκαρσιν
3482 3415 3562 3473 είς
3620 3418 3785 3469 τόπον

2207 3503 2594 3573 μαθητιώντων
2642 3502 2734 3552 καὶ
2777 3501 3184 3567 μετανοούντων
3233 3504 3431 3566 ἐλθεῖν,
3485 3507 3782 3558 κάντεῦθεν

2203 3593 2711 3661 ἀπαλλοτριωθῆναι
2742 3591 2833 3643 τοῦ
2863 3593 3246 3646 διδασκαλικοῦ
3277 3595 3617 3664 ἀξιώματος,
3649 3599 3784 3650 πάν-

2201 3701 2307 3746 τως
2342 3685 2392 3735 ol
2431 3685 2592 3750 ἱερεῖς
2618 3684 2711 3734 καὶ
2744 3681 2928 3744 ἁπλῶς
2958 3684 3005 3733 οἱ
3046 3682 3136 3733 τοῦ
3169 3683 3416 3752 βήματος
3449 3687 3780 3754 ἁπαρεμπο-

2200 3776 2393 3836 δίστως
2439 3773 2532 3825 καὶ
2580 3772 2714 3840 μετὰ
2761 3773 2859 3839 τὴν
2919 3772 3223 3841 ἀπόκαρσιν
3278 3773 3345 3827 τά
3393 3775 3505 3826 τῶν
3557 3776 3782 3844 βαθμιῖν

2200 3866 2552 3933 ὲνεργήσουοι
2592 3865 2795 3918 δίκαια.
2830 3865 2936 3915 Καὶ
2969 3863 3072 3932 πρὸ
3115 3865 3210 3931 τῆς
3250 3865 3622 3936 ἀποκάρσεως
3673 3874 3780 3935 γὰρ

2201 3954 2481 4015 ὡσαύτως,
2543 3955 2638 4006 καὶ
2692 3953 2828 4022 μετά
2875 3953 2971 4022 τὴν
3025 3955 3331 4024 άπόκαρσιν
3379 3959 3629 4028 μαθηταὶ
3685 3961 3779 4011 καὶ

2202 4045 2558 4095 ὑποτακτικοὶ
2586 4039 2726 4113 ἦσαν
2757 4045 2849 4094 καὶ
2883 4043 3008 4096 εἰσί.

2283 4225 2602 4292 Ἐρώτησις
2637 4222 2704 4277 θ’.
2757 4225 2956 4285 Λαῖκδς
3020 4226 3111 4277 κάν
3160 4226 3472 4296 φαντασθῇ,
3515 4227 3772 4296 ἀξιωθείη

2202 4314 2512 4384 αὐθημερὸν
2548 4316 2645 4384 τῆς
2671 4315 2779 4366 τῶν
2809 4315 2967 4367 θείων
3011 4316 3369 4382 ἀγιασμάτων
3413 4317 3707 4384 μεθέξεως,
3739 4321 3770 4389 ἢ

545 4401 838 4466 pationem,
868 4397 1080 4450 necne?
1106 4395 1168 4448 Et
1198 4412 1262 4448 an
1292 4397 1568 4462 sacerdos,
1603 4398 1692 4465 qui
1718 4398 1856 4452 idem
1894 4413 2091 4467 passus

2200 4404 2256 4456 οὔ
2280 4422 2294 4470 ;
2327 4406 2417 4456 καὶ
2443 4405 2621 4473 ίερεὺς
2642 4405 2734 4456 ἐὰν
2758 4405 3056 4473 φαντασθῇ,
3084 4406 3428 4474 ἱερουργήσει
3458 4411 3583 4459 κατ’
3607 4409 3773 4478 αὐτὴν

542 4498 647 4548 est,
671 4503 819 4540 sacra
855 4487 1122 4548 conﬁciet,
1165 4486 1375 4538 necne?

619 4576 738 4629 lies.
769 4577 1053 4629 Antistites
1087 4577 1285 4642 (inquit
1325 4591 1480 4628 sacra
1519 4575 1823 4645 Scriptura)
1862 4577 2004 4632 dona
2041 4587 2093 4633 et

541 4670 752 4722 hostias
783 4666 1034 4727 offerens,
1068 4667 1134 4717 ab
1169 4665 1475 4718 hominibus
1504 4668 1717 4733 accipit,
1749 4678 1800 4719 et
1839 4670 2095 4735 quemad-

545 4759 761 4811 modum
812 4756 966 4809 olTert
1007 4755 1112 4808 Deo
1152 4771 1248 4824 pro
1293 4755 1509 4823 populo,
1555 4756 1633 4807 sic
1674 4765 1724 4807 et
1765 4770 1859 4823 pro
1890 4759 2090 4824 seipse.

545 4847 675 4900 Nam
717 4857 768 4900 et
808 4863 929 4901 eum
981 4848 1174 4914 premit
1214 4847 1445 4898 carnalis
1487 4845 1817 4899 inﬁrmitatis
1859 4849 2089 4914 pondus.

547 4936 741 4990 Verum
782 4947 836 4991 et
874 4951 969 5007 per
1015 4935 1196 4987 Mosen
1239 4935 1375 4986 dixit
1405 4933 1683 4996 Dominus,
1732 4934 1911 4988 Mundi
1945 4951 2095 4988 mun-

545 5028 672 5080 dum
700 5027 914 5080 adeant.
952 5026 1212 5079 Maculam
1245 5033 1421 5076 autem
1449 5024 1651 5076 habens
1681 5025 1732 5075 in
1759 5027 1956 5087 anima,
1993 5028 2093 5079 sub

547 5117 724 5171 velum
758 5133 930 5170 meum
962 5133 1067 5170 non
1116 5115 1468 5183 ingredietur,
1499 5127 1597 5165 nec
1627 5114 1689 5164 ad
1720 5114 1886 5166 altare
1915 5131 2092 5168 meum

546 5207 1018 5277 appropinquabit.
1055 5205 1205 5260 Unde
1237 5212 1291 5259 et
1331 5214 1436 5257 tres
1479 5205 1807 5257 sanctissimi
1859 5206 2094 5272 patriar-

547 5300 659 5351 cha:
691 5300 872 5350 throni
910 5297 1284 5361 Alexandriae,
1322 5303 1540 5346 sanctus
1585 5292 1868 5361 Dionysius
1903 5295 2082 5347 videli-

545 5397 630 5440 cet
664 5387 966 5441 rescribens
1001 5388 1063 5439 ad
1109 5385 1394 5439 Baéilidem
1422 5383 1752 5451 episcopum,
1783 5392 1833 5436 et
1866 5400 2092 5453 magnus

546 5479 896 5540 Athanasius,
922 5478 1160 5547 regulam
1190 5474 1544 5544 prescrihens
1578 5477 1840 5528 monacho
1875 5477 2092 5532 euidam

549 5575 741 5624 Amum
771 5571 1172 5639 cognominata,
1203 5576 1258 5621 et
1293 5575 1510 5621 sanctus
1551 5563 1884 5627 Timotheus,
1918 5567 1983 5620 de
2035 5584 2091 5622 re

545 5659 850 5730 hujusmodi
897 5660 1284 5726 respondentes
1319 5656 1658 5724 quibusdam,
1707 5658 1794 5721 qui
1826 5657 1971 5724 ipsos
2008 5660 2092 5712 in-

2199 4495 2298 4563 τὴν
2321 4495 2537 4562 ἡμέραν
2567 4494 2657 4545 τοῦ
2683 4496 3023 4563 φαντασμοῦ,
3064 4495 3096 4562 ἢ
3127 4493 3186 4546 οὗ
3219 4513 3233 4560 ;

2285 4586 2413 4638 Ἀρι.
2463 4585 2518 4636 '0
2553 4585 2879 4653 προσφέρων
2930 4584 3085 4653 (φησι
3114 4586 3173 4636 τὸ
3219 4587 3460 4654 Γράμμα
3500 4590 3560 4641 τὸ
3604 4589 3763 4659 ίερδν)

2199 4676 2347 4743 δῶρα
2390 4677 2484 4725 καὶ
2525 4675 2716 4735 θυσίας
2765 4676 3069 4741 ἀρχιερεὺς,
3096 4675 3153 4738 ἐξ
3202 4677 3508 4745 ἀνθρώπων
3557 4681 3765 4749 λαμϐά-

2199 4782 2367 4827 νεται,
2400 4765 2493 4816 καὶ
2525 4764 2707 4826 καθὼς
2739 4766 2863 4833 περὶ
2889 4764 2980 4815 τοῦ
3017 4764 3145 4816 λαοῦ
3183 4768 3485 4837 προσφέρει
3514 4770 3591 4837 τῷ
3628 4770 3761 4837 Θεῷ,

2195 4853 2336 4906 οὕτω
2365 4854 2426 4922 δὴ
2459 4855 2550 4905 καὶ
2582 4855 2709 4923 περὶ
2745 4853 2965 4904 ἑαυτοῦ·
2994 4855 3112 4905 ἐπεὶ
3143 4855 3239 4906 καὶ
3264 4856 3415 4924 αὐτῷ
3443 4858 3612 4927 βάρος
3641 4878 3762 4930 σαρ-

2196 4946 2354 5012 κικῆς
2382 4944 2662 5003 ἀσθενείας
2716 4943 3007 4995 ἐπίκειται.
3055 4943 3211 4996 Ἀλλά
3261 4948 3353 4998 καὶ
3404 4948 3492 5000 διὰ
3524 4951 3763 5013 Μωσέως

2194 5033 2346 5089 εἶπεν
2376 5041 2401 5090 ὁ
2438 5038 2659 5106 Κύριος,
2690 5037 2753 5088 Ol
2784 5037 3011 5104 καθαροὶ
3043 5039 3117 5106 τῷ
3141 5041 3366 5108 καθαρῷ
3397 5046 3757 5107 προσίτωσαν.

2205 5126 2264 5178 Ὀ
2301 5125 2356 5176 δὲ
2412 5125 2598 5194 μῶμον
2647 5125 2784 5192 ἔχων
2824 5127 2961 5177 κατὰ
3007 5125 3206 5194 ψυχὴν,
3237 5130 3374 5194 πρὸς
3427 5129 3490 5181 τὸ
3519 5133 3753 5184 καταπέ.

2194 5213 2379 5282 τασμὰ
2410 5230 2510 5280 μου
2537 5213 2634 5264 οὐκ
2665 5211 3055 5278 είσελεύσεται,
3081 5215 3173 5264 καὶ
3207 5216 3342 5284 πρὸς
3373 5217 3434 5269 τὸ
3466 5219 3756 5289 θυσιαστή-

2201 5308 2312 5377 ριόν
2379 5323 2481 5367 μου
2535 5307 2633 5356 οὐκ
2683 5307 2889 5372 ὲγγιείο
2939 5306 3061 5358 ὅθεν
3106 5308 3199 5359 καὶ
3255 5307 3440 5377 τρεῖς’
3468 5311 3752 5378 ἁγιώτατοι

2198 5398 2531 5466 πατριάρχαι
2566 5396 2657 5447 τοῦ
2691 5396 2880 5464 θρόνου
2915 5396 3015 5463 τῆς
3071 5396 3500 5468 Ἀλεξανδρείας,
3528 5405 3555 5453 ό
3606 5403 3750 5468 ἅγιος

2198 5488 2467 5546 Διονύσιος
2495 5486 2713 5554 δηλαδὴ,
2742 5485 3092 5552 ἀντιγράφων
3126 5487 3260 5554 πρὸς
3287 5489 3605 5558 Βασιλείδην
3638 5493 3747 5542 ἐπὶ·

2198 5582 2416 5639 σκοπόν,
2451 5577 2478 5624 ό
2529 5576 2699 5642 μέγας
2742 5572 3056 5636 Ἀθανάσιος
3089 5575 3388 5638 κανονίζων
3420 5577 3543 5630 τινὰ
3592 5596 3744 5647 μονα-

2198 5664 2309 5730 χὸν,
2348 5661 2544 5730 Ἀμοῦν
2569 5661 3058 5730 ἐπονομαζόμενον,
3103 5662 3194 5714 καὶ
3221 5665 3249 5713 ό
3285 5665 3438 5730 ἅγιος
3470 5667 3738 5736 Τιμόθεος.
