4004 6476
207 376 316 438 965

982 371 1367 436 RESI’ONSA
1405 374 1505 431 Λί)
1548 374 2286 437 lN'l‘ERROGATlONES
2313 377 2574 445 MAIICL

3345 387 3450 450 966

207 512 329 560 σεις
356 497 553 565 Πάσχα
591 495 777 565 Κυρίῳ
808 495 883 564 τῷ
909 495 1026 565 Θεῷ
1056 515 1171 551 σου.
1205 499 1485 551 Ἐντεῦθεν
1525 500 1781 569 καθαρῶς

1884 500 1966 554 bis
1996 500 2286 557 Paschalis
2323 503 2552 556 Domino
2583 503 2692 560 Deo
2724 515 2841 561 tuo.
2869 505 2998 563 Inde
3023 507 3173 563 clare
3201 507 3439 568 innucns

201 589 578 657 αἰνιττόμενος
643 587 735 638 τοῦ
809 588 1102 641 Ἰουδαῖκοῦ
1158 592 1347 659 Πάσχα
1393 589 1773 658 tiri-cavrem

200 681 509 753 ἀπραξίαν,
547 680 636 734 διὰ
668 681 726 731 τὸ
753 680 845 732 τοῦ
898 681 1062 732 τόπου
1118 680 1445 750 μονώτατον.
1509 680 1566 730 'l)
1593 680 1650 732 δὲ
1696 677 1773 732 νθ⁹

202 773 386 826 κανὼν
437 773 536 841 τῆς
569 774 624 823 ἐν
662 772 739 841 τῷ
770 771 1026 840 Τρούλλῳ
1071 771 1164 824 τοῦ
1219 773 1456 840 μεγάλου
1510 772 1774 824 παλατίου

201 865 482 930 συστάσης
510 862 672 927 ἁγίας
703 861 795 912 καὶ
826 862 1215 931 οίκονμενικῆς
1249 862 1487 921 συνόδου,
1520 862 1612 912 κα)⁵
1636 864 1662 914 6
1691 861 1773 912 πδ⁹

201 953 386 1005 κανὼν
419 953 512 1022 τῆς
542 954 599 1003 ὲν
635 952 966 1023 Καρθαγένῃ
1004 953 1246 1014 συνόδου,
1281 951 1600 1020 καθαιρέσει
1633 951 1769 1004 καθ-

201 1043 568 1096 υποῆάλλουσι
591 1044 680 1095 τὸν
703 1046 760 1095 ἐν
787 1042 1061 1112 εὐκτηρίῳ
1082 1043 1216 1113 οἴκῳ
1249 1044 1390 1094 θεῖον
1413 1043 1773 1096 ἐκτελέσαντα

200 1133 505 1201 βάπτισμα.
547 1133 882 1204 Διορίζονται
927 1133 1038 1202 γὰρ
1091 1136 1149 1186 ἐν
1193 1133 1508 1195 καθολικαῖς
1573 1132 1774 1201 ἐκκληο

200 1225 344 1284 alat;
366 1227 433 1275 τὰ
460 1223 811 1292 βαπτίσματα
834 1225 1099 1290 γίνεσθαι.
1146 1223 1309 1277 ’Λλλὰ
1341 1225 1434 1276 καὶ
1451 1227 1478 1276 6
1494 1224 1572 1276 λα’
1595 1222 1774 1276 κανὼν

192 1314 294 1378 τῆς
324 1315 380 1365 ἐν
410 1313 488 1381 τῷ
516 1313 769 1385 Τρούλλῳ
805 1315 1046 1378 συνόδου,
1079 1315 1172 1368 καὶ
1203 1317 1230 1368 6
1261 1315 1325 1386 ιβ’
1372 1313 1552 1367 κανὼν
1580 1315 1682 1382 τῆς
1717 1316 1774 1366 ἐν

192 1402 274 1472 τῷ
308 1403 422 1473 ναῷ
451 1405 560 1458 τῶν
611 1405 780 1472 ἁγίων
834 1405 1156 1458 ἀποστόλων
1205 1406 1480 1474 συστάσης
1533 1407 1771 1468 συνόδου,

191 1493 579 1546 διατάττονται
621 1495 759 1564 μετὰ
797 1496 1153 1565 ἐκχωρήσεως
1185 1498 1548 1560 ἐπισκοπικῆς
1572 1495 1666 1547 καὶ
1695 1493 1775 1558 είς

193 1584 521 1654 ιῦκτηρίους
549 1584 732 1646 οῐκους
764 1586 1036 1638 τελεῖσθαι
1071 1585 1445 1653 βαπτίσματα.
1492 1585 1550 1637 Ὀ
1589 1585 1774 1653 μέντοι

195 1677 444 1744 ἀοίδιμος
473 1675 724 1743 βασιλεὺς
750 1676 936 1745 κύριος
968 1677 1143 1741 Λέων,
1168 1679 1195 1729 6
1221 1678 1403 1744 σοφὸς,
1438 1675 1648 1744 βλέπων
1676 1675 1775 1745 τὴν

195 1763 480 1835 ὀρθόδοξον
529 1763 712 1815 πίστιν
770 1765 1177 1833 εὐθηνουμένην
1232 1764 1308 1827 ὡς
1355 1763 1637 1832 ἄμπελον,
1681 1764 1775 1816 καὶ

195 1853 570 1923 αὐξανομένην
619 1854 698 1916 ὡς
728 1855 961 1922 νεόφυτα
1011 1855 1229 1919 ἐλαιῶν,
1280 1853 1466 1922 κύκλῳ
1506 1854 1606 1923 τῆς
1639 1871 1773 1923 τρα-

198 1945 376 2014 πέζης
413 1945 521 1997 τῶν
564 1944 769 2014 ταύτης
812 1944 1140 2012 ἐκκλησιῶν,
1189 1944 1482 2013 διωρίσατο
1515 1945 1570 1996 ἐν
1607 1941 1649 1995 δ’
1680 1943 1774 1995 καὶ

197 2037 255 2086 ἐν
300 2042 360 2087 ιε’
407 2035 596 2105 Νεαρᾷ
641 2034 970 2104 θεσμοθεσία
1023 2034 1189 2087 αὐτοῦ
1245 2035 1317 2104 μὴ
1357 2035 1516 2104 μόνον
1561 2035 1641 2096 είς
1665 2034 1772 2097 ,τὰς

197 2130 497 2200 ἐκκλησίας
549 2129 681 2184 ἀλλὰ
731 2130 825 2182 καὶ
884 2131 965 2191 είς
1014 2130 1140 2190 τοὺς
1197 2128 1520 2197 εὐκτηρίους
1589 2130 1773 2191 οῐκους

197 2222 562 2282 ἁδιαστίκτως
586 2221 983 2291 ἱεροτελεστίας
1006 2222 1098 2274 καὶ
1133 2220 1482 2290 βαπτίσματα
1505 2220 1768 2287 γίνεσθαι.

197 2313 290 2364 Διὸ
325 2312 464 2364 κατὰ
493 2312 592 2381 τὴν
629 2312 832 2363 τούτων
863 2311 1175 2381 περίληψιν,
1207 2311 1235 2361 ὁ
1266 2311 1402 2380 μετὰ
1431 2311 1772 2380 ἁντιμινσίου

197 2402 601 2474 ἱερουργήσας,
633 2402 666 2471 ἢ
701 2402 969 2470 βαπτίσας
1019 2404 1098 2465 είς
1142 2402 1429 2471 εὐκτήριον
1475 2398 1656 2464 οἶκον,
1698 2402 1773 2472 μὴ

199 2493 493 2564 ίερωθέντα
522 2493 588 2545 δι’
631 2494 926 2560 ἐγκαινίων
957 2493 1225 2557 ἁνοιξίων,
1259 2494 1352 2546 καὶ
1381 2491 1470 2546 τοῦ
1511 2494 1770 2565 συνήθους

195 2583 573 2654 ἐνθρονισμοῦ,
603 2583 690 2637 ναὶ
718 2584 904 2654 μέντοι
950 2586 1040 2637 καὶ
1071 2583 1160 2636 διὰ
1189 2584 1459 2653 λειψάνων
1490 2583 1659 2650 ἁγίων
1686 2585 1772 2635 ἐν·

197 2675 499 2747 σοριασμοῦ
527 2675 718 2746 (ταῦτα
751 2677 857 2746 γάρ
903 2676 1009 2728 εισι
1045 2675 1153 2728 τῶν
1200 2675 1499 2728 καθολικῶν
1536 2675 1769 2743 Ἐκκλη-

196 2768 330 2820 σιῶν
360 2765 890 2836 ἁποθησαυρίσματα
914 2767 1006 2819 καὶ
1029 2763 1477 2834 ὑψώματα),’ἁλλ’
1503 2765 1582 2827 είς
1608 2766 1772 2836 εὐχὴν

194 2859 452 2929 οἰκιακὴν
483 2858 846 2928 ἀφορισθέντα
878 2857 1107 2922 πιστῶν,
1139 2856 1172 2926 ἦ
1206 2857 1286 2919 είς
1321 2855 1560 2909 οἰκίσκον
1588 2857 1774 2909 πλοια.

199 2950 318 3016 ιίου
360 2949 506 3009 τινδς
551 2947 1025 3015 ἁποταμιευθέντα
1070 2947 1211 3018 Θεῷ,
1265 2946 1361 2999 καὶ
1389 2947 1568 3016 ἁγίαις
1603 2947 1773 2999 είκόσι

197 3038 608 3108 κοσμούμενον,
663 3038 724 3090 οὐ
780 3037 1273 3108 προκριματισθείη
1323 3038 1399 3100 ὡς
1452 3039 1776 3107 παραϐάτης

199 3132 444 3185 κανόνων
474 3129 570 3183 καὶ
609 3127 917 3198 ἀδιάφορος.
959 3127 1114 3181 Οὕτω
1145 3129 1253 3199 γὰρ
1285 3129 1380 3182 καὶ
1405 3128 1454 3180 οί
1491 3129 1628 3198 μετὰ
1669 3127 1775 3181 τῶν

200 3224 622 3296 αὐτοκρατόρων
694 3225 952 3292 ἑπόμενοι
1020 3222 1308 3292 κληρικοὶ,
1374 3221 1455 3284 είς
1516 3221 1775 3285 πεδιάδας

200 3314 446 3384 ἐρήμους
525 3314 830 3384 ἱερουργεῖν
909 3312 1324 3376 δεδικαίωνται,
1415 3311 1555 3364 κατὰ
1615 3311 1776 3380 μόνον

198 3403 262 3456 τδ
317 3405 398 3465 είς
441 3403 743 3473 ἐκκλησίαν
798 3403 1096 3473 ἁφορισθὲν
1159 3400 1482 3472 βαμδίκινον
1531 3400 1778 3454 οἱκισκά-

205 3510 347 3564 ριον.

269 3581 598 3650 Ἐρώτησις
624 3582 710 3634 ιδ’.
745 3581 1067 3642 ’Λκινδύνως
1103 3580 1447 3650 ίερουργήσει
1479 3595 1562 3641 τις
1591 3579 1774 3646 ῆσυν-

205 3676 418 3738 ε’ξεται
469 3674 606 3741 μετὰ
660 3672 970 3743 αἱρετικῶν,
1030 3671 1360 3726 Ἰακωϐιτῶν
1418 3669 1621 3738 δηλαδὴ
1685 3668 1778 3721 καὶ

203 3766 607 3836 Νεστοριανῶν,
643 3766 720 3827 είς
775 3763 1072 3833 ἐκκλησίαν
1124 3762 1326 3823 αὐτῶν,
1378 3761 1488 3813 εῐτε
1528 3760 1632 3829 μὴν
1684 3759 1778 3811 καὶ

206 3857 513 3926 ἡμετέραψ
541 3856 574 3924 ἢ
607 3855 791 3923 κοινῆς
823 3854 942 3923 μετ’
973 3854 1151 3905 αὐτῶν
1185 3852 1430 3923 μετάσχῃ
1461 3849 1772 3919 τραπέζης·

205 3952 488 4021 ἢποιήσει
537 3950 795 4017 ἁνάδοχον
833 3949 898 4000 ἐκ
946 3945 1039 4000 τοῦ
1086 3949 1242 4015 ἁγίου
1298 3946 1699 4016 βαπτίσματος·
1741 3943 1774 4012 ἦ

209 4041 611 4111 κατοιχομένων
695 4040 913 4109 ποιήσει
989 4039 1351 4109 μνημόσυνα⁶
1401 4036 1433 4106 ἢ
1484 4033 1778 4106 μεταδώσει

207 4132 315 4184 τῶν
389 4131 550 4184 θείων
625 4131 980 4198 ἁγιασμάτων
1045 4129 1264 4192 αὑτοῖς;
1330 4127 1396 4179 Ἥ
1451 4124 1781 4194 στενοχωρία

209 4222 317 4291 γὰρ
345 4221 441 4274 τοῦ
477 4221 644 4274 τόπου
691 4218 864 4272 πολλὰ
909 4218 1134 4273 τοιαῦτα
1169 4219 1333 4270 ποιεῖ.
1385 4218 1496 4270 Καὶ
1545 4215 1693 4284 ζητῶ
1721 4215 1782 4267 τδ

210 4312 484 4382 ποιητέον.

294 4402 417 4453 Ἀπ.
450 4399 541 4469 Μὴ
576 4400 693 4451 δότε
733 4398 801 4451 τὰ
834 4397 966 4467 ἅγια
1015 4400 1124 4460 τοῖς
1180 4396 1338 4449 κυσὶν
1368 4395 1416 4467 (6
1448 4395 1651 4464 Κύριος
1688 4395 1781 4448 καὶ

1875 588 2084 643 Judaici
2119 585 2402 646 Paschalis
2431 591 2640 659 plenam
2677 590 3035 660 vacationem,
3077 608 3299 666 propter
3332 600 3435 655 lori

1877 682 2330 748 singularitatem.
2358 681 2546 734 Canou
2578 692 2759 738 autem
2789 685 2859 738 59
2885 695 3088 739 sancta
3109 696 3164 740 et
3191 702 3436 743 tecnme-

1876 773 2014 826 nicze
2054 774 2249 843 synodi
2269 785 2474 828 coactae
2497 776 2549 828 in
2582 776 2770 831 Trullo
2802 782 2982 848 magni
3019 779 3228 848 palatii,
3258 792 3310 836 et
3345 798 3439 837 ca-

1876 880 1986 918 non
2041 864 2111 919 84
2154 865 2348 935 synodi
2415 865 2888 937 Carthaginensis,
2937 871 3259 937 depositioni
3306 875 3439 929 Sub-

1871 953 2072 1024 jiciunt
2148 969 2298 1018 eum,
2385 954 2478 1025 qui
2531 957 2586 1010 in
2641 961 2881 1012 oratoria
2957 960 3120 1015 domo
3195 961 3439 1016 divinum

1878 1046 2172 1114 perﬁciunt
2199 1047 2492 1114 baptisma.
2549 1046 2809 1103 Statuunt
2835 1050 2982 1104 enim
3016 1053 3344 1118 baptismata
3386 1055 3441 1109 in

1878 1135 2167 1190 catholicis
2212 1135 2475 1192 Ecclesiis
2506 1139 2704 1193 debere
2732 1135 2871 1195 ﬁeri.
2929 1141 3034 1195 Sed
3064 1150 3118 1196 et
3150 1144 3212 1197 51
3265 1159 3440 1198 canon

1876 1227 2065 1296 synodi
2087 1227 2140 1280 in
2170 1226 2379 1288 Trullo,
2442 1234 2498 1282 et
2553 1227 2621 1280 12
2663 1243 2837 1283 canon
2881 1233 3074 1300 synodi
3129 1242 3332 1287 coacta:
3387 1235 3440 1284 in

1879 1318 2080 1386 templo
2117 1327 2434 1377 sanctorum
2485 1321 2882 1388 apostolorum.
2917 1324 3261 1376 constituunt
3295 1333 3355 1374 ut
3390 1331 3442 1374 et

1877 1406 1932 1460 in
1963 1408 2220 1460 oratoriis
2240 1406 2499 1462 domibus
2523 1409 2846 1477 baptismata
2872 1410 3001 1464 ﬁant
3029 1427 3151 1466 cum
3171 1413 3439 1480 permissu

1877 1497 2143 1566 episcopi.
2206 1498 2450 1567 lnclytus
2505 1513 2639 1553 sane
2689 1500 2984 1568 imperator
3041 1502 3297 1555 dominus
3333 1501 3442 1553 Leo

1877 1586 2261 1655 philosophus,
2292 1588 2484 1641 videns
2509 1588 2872 1642 orthodoxam
2923 1591 3080 1644 ﬁdem
3137 1591 3442 1644 exuberan-

1876 1685 1981 1729 tem
2003 1684 2060 1729 ut
2090 1677 2277 1742 vitem,
2307 1685 2361 1731 et
2386 1689 2722 1733 crescentem
2778 1688 2836 1733 ut
2886 1682 3150 1734 olivarum
3193 1682 3442 1750 ρσιιιιίιιοσ

1877 1763 1930 1815 in
1991 1763 2226 1818 circuitu
2286 1777 2489 1817 mensa:
2551 1765 2910 1820 ecclesiarum
2977 1767 3117 1835 ejus.
3202 1767 3445 1822 deﬁnivit

1876 1852 1932 1906 in
1961 1853 1994 1905 ι
2027 1861 2081 1908 et
2107 1854 2173 1907 15
2215 1851 2458 1915 Novella,
2507 1869 2618 1908 non
2655 1863 2867 1910 tantum
2914 1856 2968 1910 in
3015 1857 3302 1912 catholicis
3340 1874 3444 1914 ec-

1876 1945 2087 2006 clesiis,
2122 1945 2214 1998 sed
2240 1953 2293 1998 et
2319 1944 2372 1998 in
2399 1947 2661 2000 oratoriis
2694 1946 2948 2002 domibus
2995 1946 3312 2004 indistincte
3355 1965 3446 2004 sa-

1874 2049 1965 2088 cra
1999 2034 2325 2096 ministeria,
2382 2043 2436 2088 et
2499 2037 2826 2105 baptismata
2885 2037 3022 2092 ﬁeri.
3069 2036 3439 2103 Quamobrem

1871 2122 2026 2190 juxta
2065 2122 2258 2175 harum
2321 2129 2591 2186 tenorem,
2629 2124 2720 2191 qui
2754 2137 2876 2176 cum
2921 2123 3251 2176 antimensio
3284 2138 3441 2178 sacra

1877 2212 2090 2275 fecerit,
2160 2219 2254 2265 aut
2295 2212 2650 2280 baptisaverit
2692 2213 2747 2267 in
2799 2213 3034 2266 oratoria
3096 2213 3278 2278 domo,
3332 2229 3444 2269 non

1875 2312 2199 2358 consecrata
2231 2318 2327 2372 per
2357 2303 2687 2357 initiatorias
2721 2303 3118 2366 dedicationes,
3151 2313 3205 2357 et
3242 2304 3444 2357 solem-

1877 2409 2000 2449 nem
2030 2394 2207 2450 throni
2253 2393 2757 2462 inaugurationem,
2819 2395 2952 2462 quin
3017 2401 3069 2447 et
3101 2408 3193 2461 per
3222 2400 3445 2445 sancta-

1876 2499 1997 2539 rum
2033 2485 2386 2551 reliquiarum
2443 2481 2711 2535 tumulum
2787 2481 2864 2550 (hi
2916 2482 3059 2534 enim
3093 2489 3222 2535 sunt
3253 2480 3445 2534 catho-

1877 2578 2104 2631 licarum
2131 2574 2503 2630 Ecclesiarum
2538 2575 2781 2628 thesauri
2814 2583 2867 2628 et
2892 2573 3298 2641 exaltationes),
3346 2573 3441 2627 sed

1879 2669 1931 2722 in
1957 2666 2316 2722 domesticam
2347 2665 2654 2720 orationem
2693 2665 2935 2720 ﬁdelium
2968 2671 3239 2734 separata,
3269 2673 3362 2716 aut
3387 2665 3441 2716 in

1877 2759 2076 2830 navigii
2114 2758 2343 2826 alicojus
2377 2757 2708 2810 domuncula
2742 2756 2850 2810 Deo
2870 2757 3167 2820 destinata,
3223 2765 3277 2809 et
3319 2769 3445 2808 san-

1877 2849 1986 2903 ctis
2046 2848 2375 2917 imaginibus
2405 2854 2618 2911 ornata,
2650 2861 2755 2900 non
2783 2847 3020 2914 patietur
3051 2845 3444 2915 praeiudicium,

1878 2938 2104 3008 perinde
2139 2953 2202 2991 ac
2236 2939 2278 2992 si
2310 2952 2580 2992 canonum
2616 2946 2984 3007 transgressor
3011 2949 3178 3002 esset,
3213 2937 3448 2990 nullam-

1877 3047 1984 3102 que
2020 3046 2207 3085 eorum
2235 3031 2498 3084 rationem
2537 3029 2841 3085 habuisset.
2867 3029 2958 3084 Sic
2990 3030 3136 3083 enim
3164 3029 3443 3091 etclcrici,

1805 3154 1847 3210 ο
1881 3125 1974 3193 qui
2009 3132 2136 3178 sunt
2167 3123 2223 3176 in
2263 3123 2653 3187 imperatorum
2703 3123 2987 3185 comitatu,
3025 3121 3078 3173 in
3109 3121 3317 3188 campis
3349 3133 3444 3172 so-

1879 3217 2075 3272 litariis
2110 3231 2264 3271 sacra
2292 3216 2394 3271 rite
2429 3217 2609 3270 facere
2639 3222 2962 3276 censentur,
2995 3213 3100 3265 sub
3139 3211 3258 3265 solo
3295 3211 3446 3264 bom-

1878 3307 2096 3378 bycino,
2135 3306 2279 3378 quod
2310 3314 2392 3362 est
2422 3307 2666 3364 ecclesia
2687 3305 3038 3368 destinatum,
3068 3302 3331 3357 tentorio.

1949 3585 2116 3640 Inter.
2159 3586 2246 3639 Η.
2279 3587 2361 3640 An
2392 3585 2512 3640 sine
2545 3586 2794 3655 periculo
2827 3599 2982 3639 sacra
3015 3584 3099 3639 vel
3135 3592 3256 3638 vota
3282 3581 3447 3637 simul

1881 3676 2038 3730 f..ciet
2071 3676 2268 3745 aliquis
2290 3691 2411 3729 cum
2459 3676 2753 3740 haereticis,
2787 3675 3048 3731 Jacobitis
3090 3675 3340 3729 videlicet
3395 3681 3450 3729 et

1880 3766 2237 3833 Nestorianis,
2281 3770 2334 3821 in
2375 3784 2560 3822 eorum
2596 3769 2849 3829 ecclesia,
2885 3769 2966 3822 vel
3027 3768 3193 3820 etiam
3244 3768 3297 3819 in
3348 3780 3449 3820 no-

1882 3863 2022 3920 stra,
2051 3863 2142 3909 aut
2180 3870 2523 3910 communem
2548 3871 2669 3909 cum
2709 3857 2774 3911 iis
2802 3855 3150 3925 participabit
3183 3869 3448 3916 mensam,

1883 3954 1976 3998 aut
2001 3945 2161 4000 faciet
2186 3962 2251 4000 ex
2280 3955 2475 3999 sancto
2495 3945 2710 3999 lavacro
2744 3955 3143 4014 susceptorem,
3177 3954 3269 3997 aut
3299 3960 3450 3997 mor-

1883 4046 2099 4089 tuorum
2135 4035 2440 4090 celebrabit
2493 4037 2811 4098 memorias,
2877 4043 2970 4089 aut
3027 4036 3288 4105 largietur
3343 4032 3451 4086 illis

1881 4127 2097 4180 divinas
2190 4126 2705 4181 sanctiﬁcationes?
2785 4124 2919 4179 Nam
3001 4126 3105 4178 loci
3189 4127 3450 4194 angustiae

1883 4217 2054 4269 multa
2109 4215 2423 4285 hujusmodi
2490 4214 2722 4270 iaciunt.
2796 4217 2992 4282 Quaero
3053 4219 3186 4289 quid
3244 4218 3452 4272 facien-

1882 4306 2034 4360 dum.

1957 4394 2079 4450 Res.
2110 4395 2191 4452 Ne
2212 4397 2354 4453 detis
2377 4407 2567 4452 sancta
2607 4399 2863 4463 canibus,
2912 4398 3136 4467 (inquit,
3189 4398 3451 4453 Dominus

210 4491 340 4552 Θεὸς
370 4489 529 4559 ἡμῶν
560 4490 826 4560 εἴρηκεν),
869 4490 1002 4561 μηδὲ
1036 4488 1233 4558 βάλητε
1264 4488 1390 4550 τοὺς
1441 4487 1781 4555 μαργαρίτας

1885 4494 1938 4540 et
1973 4487 2115 4542 Deus
2144 4489 2352 4556 noster)
2385 4504 2485 4542 nec
2511 4488 2813 4557 projiciatis
2839 4491 3158 4558 margaritas
3177 4500 3303 4543 ante
3329 4504 3455 4556 por-

212 4582 318 4632 τῶν
345 4582 544 4650 χοίρων
573 4580 924 4650 ἐπίπροσθεν.
964 4581 1064 4633 Διά
1109 4597 1188 4633 τοι
1219 4579 1378 4631 τοῦτο
1406 4580 1498 4632 καῖ⁶
1522 4581 1549 4631 6
1577 4577 1644 4642 ξδ’
1682 4595 1780 4631 xu.-

214 4669 316 4724 νὼν
342 4672 452 4726 τῶν
485 4671 833 4742 θεοκηρύκων
860 4673 1032 4741 ἁγίων
1052 4671 1365 4724 ἀποστόλων
1392 4670 1575 4740 φησὶν,
1605 4668 1672 4722 Εί
1696 4685 1780 4731 τις

215 4763 480 4835 κληρικδς
509 4765 542 4837 ἢ
587 4762 776 4826 λαῖκδς
806 4764 1025 4833 είσέλθῃ
1050 4765 1128 4826 είς
1166 4762 1484 4831 συναγωγὴν
1513 4760 1780 4814 Ἰουδαίων

215 4853 245 4923 ἦ
306 4853 600 4922 αἱρετικῶν
647 4854 1070 4923 προσεύξασθαι,
1126 4852 1494 4923 καθαιρείσθω
1540 4852 1634 4904 καὶ
1675 4852 1779 4920 ἁφ-

218 4943 505 5013 οριζέσθω.
536 4944 646 4996 Καὶ
670 4947 696 4997 6
715 4942 794 5013 λγ⁹
814 4943 995 4998 κανὼν
1015 4944 1115 5011 τῆς
1144 4947 1202 4996 ἐν
1231 4943 1516 5012 Λαοδικείᾳ
1542 4943 1779 5004 συνόδου,

219 5035 355 5090 ἁλλὰ
398 5034 504 5104 μὴν
535 5035 632 5086 καὶ
662 5037 689 5086 6
715 5032 769 5099 ς’
797 5023 944 5087 καλό
981 5033 1078 5094 λό’.
1127 5033 1299 5086 ταῦτά
1346 5049 1474 5101 φησι
1523 5034 1650 5102 περλ⁸
1687 5030 1781 5084 τοῦ

218 5125 524 5193 συγχωρεῖν
577 5125 688 5185 τοῖς
723 5123 1018 5193 αἱρετικοῖς
1056 5122 1282 5174 εἰσιέναι
1319 5122 1398 5184 είς
1435 5117 1580 5173 οἷκον
1624 5119 1780 5187 Θεοῦ,

217 5215 538 5282 ἐπιμένουσι
571 5217 636 5284 τῇ
682 5215 915 5284 αἱρέσει,
951 5215 1034 5266 ὅτι
1064 5215 1136 5266 Οὐ
1172 5213 1254 5266 δεῖ
1309 5212 1573 5282 αἱρετικῴ
1603 5213 1634 5284 ἢ
1665 5229 1782 5283 σχι-

219 5305 472 5375 σματικῷ
497 5306 1003 5376 συνεύχεσθαι.”οτι
1023 5307 1082 5357 οὐ
1109 5306 1188 5356 δεῖ
1208 5304 1526 5374 Χριστιανὸν
1553 5307 1786 5372 ἐγκατα-

219 5395 430 5448 λείπειν
473 5399 755 5466 μάρτυρας
792 5395 1052 5467 Χριστοῦ,
1087 5397 1182 5448 καὶ
1213 5396 1432 5448 ἁπιέναι
1477 5396 1612 5464 πρὸς
1660 5395 1784 5458 τοὺς

218 5491 670 5562 ψευδομάρτυρας
689 5506 701 5519 ·
727 5491 1002 5543 τουτέστιν
1025 5489 1353 5558 αίρετικοὺς,
1376 5488 1408 5557 ἢ
1432 5488 1628 5550 αὐτοὺς
1661 5489 1785 5551 τοὺς

225 5581 650 5650 προειρημένους
700 5580 1013 5650 αίρετικοὺς
1069 5581 1414 5648 γενομένους.
1473 5573 1633 5632 Οὗτοι
1677 5583 1786 5649 γάρ

223 5673 494 5742 ἀλλότριοι
527 5671 621 5725 τοῦ
648 5672 783 5724 Θεοῦ
817 5673 1196 5743 τυγχάνουσιν.
1228 5672 1510 5729 Ἔστωσαν
1541 5670 1632 5724 οὖν
1660 5672 1788 5724 ἁνά-

230 5763 367 5836 θεμα
402 5767 450 5818 οί
482 5765 840 5835 ἀπερχόμενοι
869 5764 1004 5834 πρὸς
1025 5749 1240 5826 αὐτούς.
1272 5764 1368 5827 Διά
1395 5780 1473 5815 τοι
1504 5762 1661 5818 τοῦτο
1691 5765 1783 5816 καὶ

1883 4592 1999 4632 cos.
2032 4576 2152 4643 Qua
2190 4578 2257 4634 de
2277 4593 2444 4634 causa
2481 4587 2536 4632 et
2569 4583 2948 4649 sexagesimus
2987 4590 3220 4650 quartus
3270 4595 3448 4634 canon

1883 4670 1974 4726 Dei
2005 4687 2317 4741 praeconum
2346 4679 2660 4728 sanctorum
2689 4672 3059 4743 apostolorum
3092 4672 3166 4724 ait
3191 4689 3203 4724 :
3235 4669 3290 4724 Si
3325 4672 3450 4739 quis

1882 4761 2143 4826 clericus,
2168 4772 2265 4816 aut
2297 4763 2493 4827 laicus,
2520 4763 2716 4816 orandi
2756 4777 2924 4816 causa
2959 4761 3241 4830 ingressus
3291 4759 3452 4814 fuerit

1884 4849 1940 4904 in
1974 4865 2307 4921 synagogam
2338 4850 2676 4917 Iudaeorum,
2708 4854 2792 4906 vel
2840 4851 3242 4916 haereticorum,
3283 4849 3450 4919 depo—

1884 4951 2045 4996 natur
2069 4951 2124 4995 et
2169 4943 2693 4996 excommunicetur.
2752 4941 2820 4995 Et
2879 4943 3193 5013 trigesimus
3258 4941 3452 4994 tertius

1885 5047 2061 5087 canon
2097 5031 2412 5086 Laodiceuae
2475 5034 2705 5103 synodi,
2745 5033 2876 5087 item
2908 5042 3097 5088 sextus
3145 5039 3198 5084 et
3239 5029 3452 5099 trigesi-

1886 5139 2011 5178 mus
2035 5131 2290 5193 quartus,
2318 5123 2432 5177 lucc
2463 5127 2538 5177 ait
2575 5125 2639 5179 de
2661 5124 2818 5180 venia
2853 5123 3032 5176 danda
3082 5121 3361 5175 haereticis
3395 5121 3448 5173 in

1887 5230 1984 5271 sua
2011 5217 2202 5270 haeresi
2233 5215 2608 5283 perstantibus
2641 5215 2983 5284 ingrediendi
3029 5213 3252 5267 domum
3308 5211 3402 5264 Dei
3431 5226 3447 5263 :

1888 5307 2033 5376 quod
2061 5322 2172 5362 non
2196 5315 2411 5376 Oportet
2444 5323 2552 5362 una
2585 5321 2709 5359 cum
2751 5305 3005 5360 haeretica
3053 5305 3138 5358 vel
3185 5303 3454 5358 schisma-

1892 5399 2000 5452 tico
2030 5414 2190 5453 orare
2233 5419 2246 5451 :
2281 5399 2439 5465 Quod
2469 5415 2578 5454 non
2611 5407 2825 5470 oportet
2866 5399 3035 5452 ullum
3075 5396 3452 5451 Christianum

1889 5489 2093 5545 Christi
2122 5499 2394 5561 martyras
2426 5493 2764 5561 relinquere,
2799 5501 2849 5546 et
2882 5491 2948 5544 ad
2975 5490 3143 5542 falsos
3165 5494 3454 5556 martyras,

1888 5581 1992 5635 hoc
2023 5591 2106 5635 cst
2137 5581 2442 5642 haereticos,
2486 5583 2657 5648 abire,
2690 5583 2772 5637 vel
2795 5597 2911 5643 eos,
2943 5581 3034 5650 qui
3068 5579 3226 5648 prius
3271 5578 3445 5629 haere-

1896 5673 1982 5726 tici
2009 5671 2182 5726 fuere.
2223 5671 2289 5725 lli
2334 5673 2481 5727 enim
2515 5683 2643 5727 sunt
2683 5689 2710 5726 a
2739 5673 2847 5728 Deo
2905 5672 3090 5725 alieni.
3147 5669 3269 5723 Sint
3317 5681 3448 5734 ergo

1894 5761 2204 5829 anathema,
2236 5759 2333 5828 qui
2363 5760 2429 5815 ad
2460 5775 2553 5816 eos
2581 5762 2802 5816 abeunt.
2839 5759 2966 5813 Eam
2993 5762 3062 5815 ob
3099 5774 3210 5813 rem
3247 5768 3300 5811 et
3351 5767 3449 5808 nos
