4004 6446
581 332 686 398 967

1787 330 1822 384 Ί
1843 330 1888 383 ll
1906 325 1990 382 Et)
2005 328 2064 386 D.
2111 326 2197 381 BA
2209 325 2340 380 ιδλ
2350 320 2404 379 Μ
2416 321 2505 379 ΟΝ
2516 317 2586 379 IS

3711 309 3818 371 968

577 471 887 522 censemus,
916 473 1024 513 non
1053 454 1609 513 excommunicationi
1632 461 1844 504 tadum
1869 458 1923 504 ct
1952 450 2109 518 depo-

2224 444 2384 511 ήμεῑς
2434 437 2785 508 ψηφιζόμεθα
2820 436 3084 508 μὴμόνον
3135 431 3438 505 ἁφορισμῷ
3469 431 3568 485 καὶ
3616 432 3813 484 nam.

558 552 760 608 'sitioni
793 550 1164 617 subjiciendos
1199 550 1367 600 laicos
1425 552 1477 598 et
1523 544 1750 598 clericos
1780 551 1904 593 vota
1965 540 2125 594 simul

551 643 831 699 ’facientes
859 642 911 694 itt
948 642 1372 693 orthodoxorum
1403 635 1484 690 vel
1529 636 1903 688 haereticorum
1947 633 2124 687 eccle-

570 735 673 798 sia,
729 740 822 785 aut
862 734 1177 799 ubicunque
1216 739 1340 782 vota
1393 742 1513 780 cum
1547 727 1624 779 eis
1660 725 1818 778 simul
1864 724 2126 777 facientes

571 824 855 888 solemnia,
916 831 970 877 et
1034 820 1355 876 sacerdotali
1409 833 1578 880 more,
1627 816 1914 870 autetiam
1945 815 2122 867 cibum

569 913 729 968 simul
761 921 1058 977 sumentes,
1090 928 1273 967 verum
1309 919 1361 964 et
1409 911 1624 977 gravius
1647 907 1910 967 coerceri,
1972 905 2125 969 juxta

568 1004 876 1057 divinorum
928 1020 1195 1060 canotiutn
1228 1005 1606 1072 praedictorum
1641 1011 1899 1053 tenorem.
1952 996 2121 1049 Lor-o-

567 1109 687 1147 rum
737 1097 878 1149 enim
907 1098 1168 1161 angustia-
1199 1104 1248 1147 et.
1287 1094 1663 1146 haereticorum
1694 1088 2005 1152 multitudo,
2029 1102 2122 1141 0r-

566 1184 811 1240 thoduxa:
839 1188 958 1240 tidci
997 1203 1100 1238 non
1127 1193 1335 1238 mutant
1359 1183 1739 1249 integritatem.

645 1279 814 1330 Inter.
856 1277 943 1331 t5.
976 1275 1186 1343 Captivi
1230 1273 1406 1325 Latini
1441 1279 1493 1323 et
1532 1270 1622 1321 alii
1657 1269 1723 1321 ad
1775 1275 1992 1319 nostras
2041 1280 2121 1318 ac-

564 1367 765 1422 cedunt
800 1365 1097 1419 catholicas
1133 1362 1415 1423 ecclesias,
1441 1367 1493 1413 et
1526 1359 1814 1426 participes
1864 1355 1976 1406 fieri
2024 1369 2119 1420 po-

564 1460 770 1512 stulant
803 1456 1112 1509 divinarum
1150 1453 1649 1508 sanctiﬁcationum
1696 1470 1708 1504 :
1747 1449 1888 1503 scire
1936 1449 2118 1513 velim,

563 1561 630 1600 an
664 1546 765 1599 hoc
786 1545 865 1598 eis
886 1541 1290 1598 concedendum
1324 1541 1414 1594 sit.

631 1719 752 1774 Res.
792 1717 894 1784 Qui
920 1734 1025 1771 non
1053 1726 1134 1772 est
1157 1732 1390 1775 mecum.
1425 1724 1613 1769 contra
1641 1731 1722 1769 me
1755 1725 1854 1780 est,
1895 1715 2116 1785 (inquit,

561 1809 804 1863 divinum
833 1805 1207 1876 Evangelium)
1238 1817 1290 1860 et
1322 1806 1411 1872 qui
1464 1821 1572 1858 non
1629 1806 1836 1872 colligit
1881 1819 2114 1864 mecum,

558 1898 838 1970 dispergit.
868 1897 1132 1963 Quoniam
1156 1898 1318 1965 igitur
1347 1905 1470 1950 ante
1519 1910 1691 1949 annos
1718 1895 1934 1954 multos,
1970 1893 2114 1948 occi-

558 1989 790 2044 dentalis
822 1990 1081 2043 Ecclesia:
1136 1988 1362 2059 (Romae,
1425 1986 1669 2055 inquam)
1701 1986 1931 2038 celebris
1985 2000 2116 2038 con-

557 2087 755 2133 ventus
786 2078 992 2134 divisus
1026 2088 1105 2134 est
1141 2079 1207 2132 ab
1240 2080 1470 2130 aliorum
1527 2084 1763 2144 quatuor
1796 2083 2111 2129 sanctorum

557 2171 980 2238 patriarcharum
1017 2170 1244 2238 spiritali
1275 2168 1682 2227 communione,
1717 2175 1770 2220 et
1813 2165 1878 2217 ad
1932 2178 2114 2218 mores

556 2261 914 2330 institutaque
944 2260 1184 2322 divertit,
1222 2276 1249 2312 a
1299 2260 1565 2312 catholica
1623 2257 1887 2318 Ecclesia,
1940 2263 1993 2308 et
2046 2254 2114 2307 ab

555 2349 870 2402 orthodoxis
894 2350 1068 2403 aliena
1106 2367 1120 2401 :
1153 2365 1313 2416 quam
1343 2349 1412 2402 ob
1435 2364 1652 2401 causam
1681 2362 1854 2414 neque
1888 2345 2028 2412 Papa
2059 2347 2112 2396 in

555 2438 754 2492 divinis
783 2439 1269 2494 sacriﬁcationibus
1299 2449 1327 2487 γ
1362 2439 1637 2492 commttni
1667 2440 1803 2507 patri
1829 2438 2108 2491 urchaliutn

555 2529 836 2582 nominum
872 2532 1132 2584 relatione
1185 2530 1378 2600 dignus
1422 2531 1657 2583 habetur
1713 2546 1727 2581 :
1787 2543 1893 2581 non
1955 2528 2111 2581 debet

553 2615 860 2672 Latiuicum
912 2635 1080 2688 genus
1127 2637 1288 2673 mantt
1347 2621 1670 2673 sacerdotali
1719 2635 1814 2686 per
1848 2619 2028 2670 divina
2059 2626 2111 2670 et

553 2707 895 2763 immaculata
959 2712 1216 2780 mysteria
1285 2711 1632 2774 sanctiﬁeari,
1699 2711 1800 2763 nisi
1876 2710 2111 2775 deponat

556 2797 731 2865 prius,
764 2813 820 2852 se
848 2815 878 2852 a
909 2799 1169 2855 Latinicis
1216 2801 1483 2856 institutis
1531 2811 1585 2855 et
1620 2790 2109 2854 emisuettnlinihus

556 2885 958 2951 abstenturum,
994 2898 1045 2942 et
1072 2891 1370 2944 secundum
1405 2906 1641 2944 canones
1667 2891 1964 2944 instructus
1997 2889 2112 2941 fue-

554 2975 646 3040 rit,
669 2986 724 3032 et
753 2980 1070 3034 orthodoxis
1098 2980 1440 3049 adaequatus.

2234 534 2380 602 ρέσει
2433 528 2931 582 καθυποϐἀλλεσθαι
2967 527 3090 587 τοὺς
3129 524 3353 585 λαῐκούς
3382 542 3442 575 τε
3475 523 3572 574 καὶ
3617 521 3810 588 κληρι-

2231 621 2377 681 κοὺς,
2409 618 2839 685 συνευχομένους
2875 619 2931 668 ἐν
2969 616 3235 683 ἐκκλησία
3263 613 3572 683 όρθοὸὸξων
3599 615 3630 680 ἢ
3663 615 3811 678 αἱρε-

2229 711 2414 769 τικὼν,
2450 713 2481 780 ἢ
2512 709 2849 775 ὁπουδήποτε
2910 707 3335 774 συνευχομένους
3381 705 3572 766 αὐτοῖς
3608 705 3813 771 ἱερατι-

2230 798 2361 862 κῶς,
2391 797 2425 866 ἢ
2477 797 2582 866 μὴν
2619 797 2709 848 καὶ
2758 795 3167 854 συνεσθίοντας·
3228 793 3366 844 ἀλλὰ
3399 795 3494 842 καὶ
3546 793 3812 858 μειζό.ως

2229 887 2570 950 κολάζεσθαι,
2606 887 2745 938 κατὰ
2783 886 2878 954 τὴν
2909 885 3018 936 τῶν
3048 884 3327 954 ῥηθέντων
3371 884 3535 933 θείων
3569 885 3813 934 zzz-dumi

2231 977 2541 1045 περίληψιν.
2579 977 2639 1028 ’11
2668 978 2775 1044 γὰρ
2807 976 3135 1042 στενοχωρία
3160 974 3266 1024 τῶν
3296 973 3504 1029 τόπων,
3536 977 3622 1023 κα·
3659 975 3687 1022 ὁ
3711 973 3814 1022 τῶν

2229 1070 2518 1135 αἱρετικῶν
2543 1067 2856 1136 «nomen;
2879 1067 2976 1134 τῆς
3003 1066 3279 1134 ὁρθοξόξου
3323 1067 3568 1121 πίστεως
3596 1066 3658 1114 οὐ
3687 1083 3815 1130 μετ-

2227 1159 2429 1226 ήμειψε
2460 1157 2555 1226 τὴν
2592 1159 2977 1224 ἀκεραιότητα.

2295 1248 2621 1313 Ἐρώτησις
2685 1253 2766 1301 (ε’.
2821 1247 3166 1314 Αἰχμάλωτοι

2230 1356 2310 1405 ροι
2350 1337 2808 1406 παρουσιάζουσιν
2854 1340 2932 1397 εἰς
3005 1338 3103 1396 τὰς
3156 1335 3454 1393 καθολικὰς
3509 1335 3814 1398 ἐκκλησίας

2223 1429 2400 1496 ἡμῶν,
2435 1429 2528 1479 καὶ
2571 1427 2794 1493 ζητοῦσι
2831 1427 3150 1494 μεταλαϐεῖν
3178 1428 3284 1478 τῶν
3316 1426 3481 1482 θείων
3527 1426 3816 1491 ἁγιασμᾶ-

2223 1538 2349 1572 των.
2420 1521 2481 1571 ΕΞ
2553 1519 2680 1585 γοῦν
2730 1519 3067 1587 ἐκχωρητέον
3118 1517 3274 1569 τοῦτό
3335 1506 3478 1576 ἐστι,
3534 1514 3816 1584 ζητοῦμεν

2227 1609 2438 1677 μαθεῖν.

2307 1699 2436 1750 Ἀπ.
2484 1697 2542 1749 Ὀ
2584 1697 2656 1767 μὴ
2718 1697 2791 1752 ὢν
2827 1702 2946 1766 μετ’
3007 1699 3165 1770 ἐμοῦ,
3213 1701 3336 1753 κατ’
3382 1700 3520 1770 ἐμοῦ
3556 1701 3676 1752 ἐστι
3731 1702 3817 1769 (τὸ

2154 1766 2192 1817 Β
2224 1786 2365 1838 θεῖον
2395 1787 2595 1856 ἔφησεν
2634 1789 2986 1854 Εὑαγγέλιον)
3016 1766 3162 1841 (καὶ
3199 1793 3225 1840 ό
3259 1790 3332 1858 μὴ
3383 1766 3637 1856 συνάγων
3693 1766 3816 1860 μετ’

2217 1879 2374 1946 ἐμοῦ,
2411 1880 2710 1948 σκορπίζει.
2758 1880 2908 1931 Ἐπεὶ
2937 1880 3027 1935 οὖν
3063 1881 3168 1949 πρὸ
3196 1883 3405 1949 χρόνων
3441 1883 3654 1933 πολλῶν
3703 1886 3812 1934 ἀπ-

2216 1969 2437 2039 εσχίσθη
2469 1972 2565 2039 τῆς
2592 1971 2811 2040 δυτικῆς
2835 1971 3165 2040 Ἐκκλησίας
3199 1971 3319 2040 (τῆς
3356 1972 3578 2040 Ῥώμης
3601 1971 3812 2040 φαμὲν)

2213 2061 2274 2113 τὸ
2307 2061 2648 2130 περιώνυμον
2681 2061 2955 2130 ἄθροισμα
2986 2064 3048 2113 ἐκ
3080 2062 3176 2131 τῆς
3210 2061 3320 2113 τῶν
3358 2064 3564 2131 ἐτέρων
3597 2062 3813 2115 τεσσά-

2219 2167 2325 2219 ρων
2376 2151 2546 2217 ἁγίων
2602 2151 2955 2220 πατριαρχῶν
3021 2151 3404 2219 πνευματικῆς
3473 2151 3808 2211 κοινωνίας,

2219 2242 2309 2294 καὶ
2343 2242 2728 2311 ἁπεσχοινίσθη
2768 2243 2904 2310 πρὸς
2948 2242 3044 2311 ἔθη
3093 2244 3185 2293 καὶ
3235 2243 3489 2310 δόγματα
3529 2243 3626 2308 τῆς
3671 2240 3811 2292 καθ-

2211 2333 2398 2400 ολικῆς
2430 2332 2752 2401 Ἐκκλησίας
2800 2333 2893 2385 καὶ
2924 2331 3030 2383 τῶν
3059 2332 3360 2399 όρθοδόξων
3387 2333 3670 2400 ἀλλότρια.
3708 2331 3808 2383 Διὰ

2213 2423 2320 2491 γὰρ
2375 2419 2531 2474 τοῦτο
2599 2421 2723 2474 οὔτε
2790 2423 2846 2473 ἐν
2898 2425 3020 2482 ταῖς
3086 2423 3259 2484 θείαις
3339 2424 3806 2490 ίεροτελεστίαις,

2215 2516 2398 2580 κοινῆς
2459 2516 2567 2565 τῶν
2650 2513 3066 2582 πατριαρχικῶν
3144 2514 3429 2581 ὀνομάτων
3519 2515 3807 2583 ἁναιξορᾶς

2212 2606 2238 2655 ό
2270 2606 2455 2663 atina;
2506 2604 2756 2669 ἠξίωται,
2811 2604 2911 2654 οὐκ
2947 2602 3149 2670 ὀφείλει
3197 2603 3352 2667 γένος
3411 2604 3703 2655 Λατινικὺν
3742 2608 3806 2656 ἐκ

2212 2695 2390 2764 χειρὸς
2447 2696 2723 2763 ἱερατικῆς
2756 2695 2840 2746 διὰ
2884 2695 2992 2746 τῶν
3026 2695 3184 2748 θείων
3229 2695 3322 2745 καὶ
3361 2697 3650 2762 ἀχράντων
3697 2715 3802 2763 μυ-

2213 2784 2446 2854 στηρίων
2496 2784 2864 2851 ἁγιάζεσθαιο
2921 2786 2968 2836 εί
3023 2785 3096 2855 μὴ
3149 2785 3463 2852 κατάθηται
3530 2790 3802 2855 πρότερον

2211 2877 2508 2944 ἀπέχεσθαι
2525 2877 2633 2928 τῶν
2652 2876 2956 2929 Λατινικῶν
2972 2877 3256 2945 δογμάτων
3276 2893 3334 2926 τε
3352 2878 3449 2928 καὶ
3470 2877 3800 2944 συνηθειῶν,

2212 2967 2306 3015 κα)⁵
2353 2965 2493 3016 κατὰ
2547 2968 2778 3027 κανόνας
2825 2965 3134 3034 κατηχηθῇ,
3186 2967 3282 3016 καὶ
3335 2968 3449 3026 τοῖς
3491 2965 3799 3033 ὀρθοδόξοις

2214 3052 2471 3122 ἐξισωθῇ.

3234 1247 3458 1295 Λατῖνοι
3530 1245 3625 1294 καὶ
3692 1244 3780 1293 Et:

623 3149 793 3205 Inter.
825 3153 909 3207 16.
945 3152 1258 3207 Divinarum
1285 3148 1775 3207 sanctiﬁcationum
1807 3150 2105 3217 assumptio

2284 3113 2600 3210 Ἐρώτησις
2625 3151 2722 3206 ις’.
2771 3143 2834 3195 Ἦ
2882 3144 2988 3196 τῶν
3027 3143 3186 3195 θείων
3217 3145 3587 3213 ἁγτασμάτων
3622 3147 3800 3214 μετά-

553 3241 838 3296 arbitraria
872 3251 952 3297 est
1001 3243 1279 3296 monachis
1307 3243 1578 3303 omnibus,
1607 3243 1818 3295 clericis
1851 3249 1901 3294 et
1935 3241 2106 3305 laicis,

555 3333 646 3400 qui
680 3348 788 3387 non
811 3343 937 3388 sunt
969 3336 1227 3402 prohibiti
1268 3352 1280 3387 :
1324 3347 1380 3387 ut
1411 3333 1660 3401 quotidie
1703 3332 1813 3386 fere
1854 3349 1950 3399 per
1989 3348 2106 3386 eam

555 3421 885 3474 sanctiﬁcnrl
927 3422 1159 3489 possint.
1192 3422 1269 3473 An
1300 3430 1358 3473 ut
1392 3422 1493 3475 sub
1542 3421 1778 3489 pondere
1827 3421 2058 3474 libratur
2083 3429 2104 3456 ι

554 3511 788 3564 munus?
819 3507 923 3563 Sed
957 3522 1009 3563 et
1039 3513 1090 3563 in
1122 3511 1208 3570 iis,
1243 3511 1332 3578 qui
1362 3510 1425 3563 ad
1457 3512 1929 3579 congregationem
1975 3526 2106 3564 con-

553 3599 800 3663 veniunt,
849 3599 1225 3652 necessitatem
1263 3600 1424 3654 habet
1462 3601 1584 3654 boni
1633 3602 1996 3670 participatio,
2037 3618 2106 3656 an

554 3687 840 3740 arbitraria
871 3694 975 3752 est,
1013 3697 1064 3741 et
1098 3696 1396 3756 spontanea
1424 3690 1446 3742 ?

622 3860 744 3916 lies.
775 3861 1239 3928 Quemadmodum
1296 3866 1409 3935 lege
1439 3873 1702 3919 statutum
1736 3876 1814 3920 est
1839 3879 1888 3930 ι,
1925 3866 2104 3937 dignis

551 3952 667 4007 dari
726 3953 1015 4023 dignitates
1046 3994 1061 4017 ,
1117 3955 1196 4009 sic
1244 3966 1452 4021 sancta,
1502 3956 1726 4011 sanctis.
1784 3956 2106 4025 Quicunque

551 4044 718 4113 igitur
741 4059 836 4113 per
859 4047 980 4099 vita
1009 4045 1395 4115 integritatem,
1430 4048 1570 4101 viam
1617 4047 1718 4101 sibi
1752 4047 1818 4102 ad
1859 4047 2100 4100 divinam

552 4135 1020 4202 participationem
1067 4138 1505 4205 complanarunt,
1549 4139 1666 4192 sine
1720 4138 2103 4207 impedimento

551 4222 923 4278 adnuttentur.
955 4225 1142 4294 Neque
1170 4229 1313 4279 enim
1347 4229 1396 4280 hi
1431 4230 1654 4281 omnino
1685 4245 1826 4292 eam,
1880 4241 1941 4282 ut
1988 4243 2100 4282 rem

549 4312 851 4379 quamlibet
895 4314 1076 4377 aliam,
1123 4315 1534 4384 aggrediemur,
1582 4317 1624 4371 si
1677 4319 1861 4386 gratiae
1915 4317 2100 4370 altitu-

2211 3233 2369 3304 ληψις
2421 3235 2737 3302 αὐθαίρετός
2769 3237 2884 3287 ἐστι
2917 3238 3048 3288 πᾶσι
3101 3239 3212 3295 τοῖς
3268 3236 3344 3304 μὴ
3384 3237 3796 3302 κεκιυλυμένοις

2212 3328 2462 3393 μοναχοῖς
2514 3325 2794 3393 κληρικοῖς
2821 3341 2879 3378 τε
2913 3325 3006 3377 καὶ
3048 3324 3257 3386 λατκοῖς
3281 3343 3294 3356 ·
3330 3324 3475 3378 ὥστε
3529 3326 3798 3378 δύνασθαι

2208 3414 2428 3476 τούτους
2470 3415 2589 3467 καθ’
2636 3415 2871 3481 ἑκάστην
2902 3415 3087 3483 σχεδὸν
3114 3416 3180 3467 δι’
3217 3416 3387 3482 αὐτῆς
3435 3417 3794 3482 ὰγιάζεσθαι·

2208 3505 2240 3572 ἢ
2268 3504 2341 3566 ὼς
2373 3505 2477 3556 ὑπὸ
2511 3504 2756 3573 στάθμης
2792 3505 3205 3571 ζυγοστατεῖται
3229 3506 3290 3557 τὸ
3313 3507 3549 3576 δώρημα
3576 3525 3590 3573 ;
3629 3509 3794 3560 ’ΔΤ-λὰ

2208 3595 2443 3656 καὶτοῖς
2495 3595 2697 3646 τούτων
2747 3595 3199 3663 ἐκκλησιάζουσιν
3231 3599 3626 3666 ἀναγκαστική
3675 3601 3791 3650 ἐστι

2207 3685 2302 3738 τοῦ
2339 3685 2542 3752 ἀγαθοῦ
2574 3687 2606 3756 η
2640 3685 2959 3754 μετάληψις,
2991 3685 3022 3755 ἢ
3062 3689 3394 3756 πρωιρετὲα
3422 3690 3521 3740 καὶ
3559 3689 3790 3740 αὐτοκέ-

2206 3774 2424 3836 λευστος
2446 3792 2462 3839 ;

2283 3867 2403 3917 Ἀπ.
2453 3865 2538 3926 Ὠς
2570 3865 2879 3933 νενόμισται
2904 3864 3143 3918 δίδοσθαι
3174 3869 3283 3927 τοῖς
3314 3865 3488 3930 ἀξίοις
3526 3868 3594 3920 τὰ
3629 3868 3792 3932 ἀξιώ-

2209 3972 2371 4024 ματα.
2404 3955 2544 4008 οὕτω
2572 3958 2662 4007 καὶ
2689 3958 2800 4016 τοῖς
2845 3957 3018 4022 ἁγίοις
3051 3956 3118 4008 τὰ
3152 3957 3302 4022 ἅγια.
3342 3959 3503 4010 Ὀσοι
3537 3957 3671 4025 γοῦν
3695 3960 3783 4011 διὰ

2204 4046 2548 4116 καθαρότητα
2596 4047 2708 4114 βίον
2765 4046 2865 4113 τῆς
2915 4046 3066 4109 θείας
3121 4047 3481 4118 μεταλήψεως
3530 4051 3632 4118 τὴν
3663 4051 3782 4103 ὁδὸν

2204 4138 2385 4197 αὐτοῖς
2432 4137 2805 4205 ἐξωμάλισαν,
2851 4137 3352 4205 ἀπαρεμποδίστως
3400 4140 3780 4208 δεκθήσονται.

2206 4227 2432 4287 Πάντως,
2459 4227 2567 4294 γὰρ
2610 4227 2732 4279 οὐδὲ
2780 4226 2934 4279 αὐτοὶ
2977 4227 3180 4294 ταύτης
3224 4227 3299 4288 ὡς
3345 4231 3582 4297 τυχαίας
3617 4250 3782 4282 κατα-

2202 4316 2554 4385 τολμήσουσι,
2585 4317 2976 4379 κατανοοῦντες
3007 4318 3067 4369 τὸ
3096 4316 3228 4386 ὕψος
3273 4320 3372 4389 τῆς
3407 4322 3654 4390 χάριτος,
3689 4324 3780 4375 καὶ

551 4401 732 4455 dinem
798 4404 1184 4468 considerent,
1253 4412 1305 4459 et
1363 4409 1684 4461 sacramenti
1769 4407 2094 4475 magnitudi-

2218 4405 2294 4457 τοῦ
2330 4406 2630 4476 μυστηρίου
2657 4409 2714 4458 τὸ
2749 4406 2999 4476 μέγεθος.

551 4504 697 4542 nem.

617 4577 745 4643 Cogi
769 4588 944 4632 autem
962 4596 1280 4649 quemquam
1300 4583 1507 4636 divinas
1538 4586 1991 4640 sanctiﬁcationes
2013 4601 2102 4640 as-

550 4681 784 4730 sumere,
837 4683 940 4721 non
992 4673 1207 4737 placuit.
1245 4671 1357 4726 Etsi
1409 4676 1549 4727 enim
1601 4676 1763 4745 aliqui
1808 4679 2102 4742 apostolico

548 4757 587 4810 9
626 4772 834 4812 canone
883 4761 986 4823 usi,
1038 4762 1138 4829 (sic
1187 4763 1480 4831 inquiente,
1533 4764 1851 4836 Quicunque
1912 4766 2099 4821 fideles

549 4845 928 4915 ingrediuntur
967 4859 1019 4903 et
1065 4851 1372 4919 Scripturas
1427 4854 1671 4915 audiunt,
1705 4857 1758 4908 in
1793 4859 2101 4924 precatione

551 4945 729 4989 autem
772 4943 826 4990 et
879 4953 1034 4992 sacra
1089 4944 1465 4997 communione
1508 4959 1616 4996 non
1666 4955 2000 5011 permanent,
2042 4955 2099 4999 ut

549 5023 806 5078 Ecclesiae
853 5028 1224 5082 confusionem
1283 5032 1586 5095 afferentes,
1623 5036 1892 5100 segregari
1939 5047 2098 5102 Opor-

550 5119 648 5183 tet)
682 5116 848 5169 velint
888 5133 1002 5177 eos.
1034 5119 1121 5186 qui
1153 5125 1205 5171 in
1234 5122 1518 5174 ecclesiam
1555 5124 1901 5184 conveniunt,
1937 5125 2098 5176 etiam

551 5203 746 5257 invitos
795 5209 910 5274 cogi
961 5209 1171 5261 divinas
1217 5225 1428 5263 sumere
1490 5213 1946 5265 sanctilieationes
2002 5229 2099 5266 nos

549 5300 730 5344 tamen
778 5309 1035 5349 canonetn
1088 5315 1190 5350 non
1242 5300 1319 5351 sic
1369 5300 1800 5366 interpretantur.
1857 5301 1917 5354 Et
1954 5304 2095 5355 enim

548 5377 734 5435 ﬁdeles
767 5384 980 5452 quidem
1015 5387 1079 5440 ad
1131 5387 1286 5442 ﬁnem
1319 5404 1486 5456 usque
1514 5390 1678 5442 divini
1735 5391 2002 5456 saeriﬁcii,
2045 5398 2097 5444 et

2290 4583 2726 4644 Ἀναγκαστικῶς
2747 4584 2803 4636 δέ
2834 4601 2983 4647 τινας
3006 4585 3114 4638 τῶν
3145 4586 3302 4640 θείων
3335 4589 3775 4657 μεταλαμϐάνειν

2211 4673 2564 4738 ἁγιασμάτων
2592 4675 2650 4726 οὐ
2683 4674 2950 4728 δέδοκται.
2984 4677 3098 4728 Κᾶν
3124 4678 3228 4748 γάρ
3252 4697 3397 4742 τινες
3429 4682 3508 4749 τῷ
3546 4684 3772 4734 ἀποστο-

2210 4761 2344 4830 λικῷ
2369 4760 2412 4813 θ’
2433 4764 2615 4815 κανόνι
2635 4766 2988 4834 χρησαμένοι,
3012 4765 3110 4833 (τῷ
3135 4767 3278 4820 οὓτω
3293 4770 3532 4836 λέγοντι·
3565 4774 3774 4831 Πάντας

2205 4855 2329 4915 τοὺς
2349 4855 2609 4918 εἰσιόντας
2627 4859 2847 4917 πιστοὺς
2867 4859 3082 4909 καὶτῶν
3102 4860 3140 4909 Γ
3148 4863 3335 4927 ραφῶν
3362 4864 3768 4932 ἀκροωμένους,

2208 4944 2282 5013 μὴ
2319 4946 2728 5014 παραμένοντας
2757 4947 2813 4998 δὲ
2856 4951 2920 5017 τῇ
2955 4953 3228 5019 προσευχῇ
3261 4969 3355 5002 και
3389 4957 3454 5021 τῇ
3484 4955 3618 5022 ἁγίᾳ
3675 4971 3768 5021 με-

2204 5035 2453 5103 ταλήψει,
2507 5035 2582 5097 ὡς
2645 5038 2870 5099 ἀταξίαν
2922 5040 3285 5108 ἐμποιοῦντας
3344 5046 3411 5111 τῇ
3478 5044 3766 5112 Ἐκκλησία

2208 5126 2556 5192 ἀφορίζεσθαι
2589 5127 2721 5196 δεῖ),
2758 5128 2966 5180 θέλουσι
3017 5130 3073 5182 δὲ
3120 5134 3244 5192 τοὺς
3308 5131 3764 5198 ἐκκλησιάζοντας

2205 5217 2308 5266 τῶν
2331 5217 2487 5268 θείων
2518 5217 2953 5285 μεταλαμϐάνειν
2983 5221 3341 5288 ἁγιασμάτιιιν
3381 5223 3474 5271 καὶ
3499 5221 3724 5281 ἄκοντας
3749 5238 3762 5249 ·

2205 5306 2315 5356 ἀλλ’
2349 5309 2476 5371 ἡμῖν
2506 5307 2645 5359 οὕτω
2683 5310 2748 5359 τὰ
2783 5310 2874 5361 τοῦ
2917 5311 3136 5371 κανόνος
3187 5312 3286 5362 οὐκ
3337 5310 3756 5376 ἐκλαμεάνεται..

2216 5395 2626 5462 Ἐκκλησιάζειν
2665 5398 2760 5466 μὲν
2787 5402 2891 5468 γὰρ
2935 5400 3058 5462 τοὺς
3094 5402 3318 5463 πιστοὺς
3364 5402 3528 5470 μέχρι
3581 5399 3760 5457 τέλους

1832 5545 2058 5599 νΑΠΙίῘῗ
2098 5546 2495 5603 LECTIONL’S.

624 5646 652 5689 1
682 5641 735 5695 in
763 5647 930 5701 sacris
970 5651 1302 5707 caerimoniis.

1385 5661 1407 5688 ι
1440 5652 1572 5705 velut
1606 5653 1672 5705 ad
1700 5653 1896 5710 lancem
1926 5658 2264 5723 panderetur.

2355 5671 2377 5698 ο
2413 5675 2552 5713 more
2598 5672 2852 5730 recep'um
2908 5673 3000 5716 est.
