4004 6448
232 308 340 370 969

1073 304 1448 362 RESI‘UNSA
1489 305 1586 362 AD
1633 303 2354 367 INTEIIIIOGATIONES
2395 309 2653 374 MARCI.

3321 315 3428 380 970

222 431 320 496 τῆς
377 429 523 488 Θείας
577 429 984 497 ίερητελεττίας.
1043 430 1134 482 καὶ
1189 431 1288 496 τῆς
1320 427 1624 489 τελευταίας
1681 427 1770 480 τοῦ

1879 428 2077 481 ultimm
2107 428 2460 481 saerilicantis
2487 425 2816 495 precationis
2865 427 3424 497 rcmunerationlsque

223 520 629 588 ἱερουργοῦντος
654 519 831 586 εὐχῆς.
891 520 983 571 καὶ
1035 521 1126 571 τοῦ
1156 518 1445 589 ἁντιδώρου
1477 519 1577 586 τῆς
1611 535 1774 582 μετα-

221 607 456 675 λήψεως.
519 606 898 675 ψηφιζόμεθα·
941 606 1035 658 καὶ
1097 610 1208 667 τοῖς
1251 605 1391 658 οὕτω
1444 610 1516 675 μὴ
1564 607 1771 659 ποιοῦσι

221 699 319 764 τὴν
339 701 401 748 ἐκ
432 697 523 749 τοῦ
552 699 772 759 κανόνος
805 697 1118 765 ἑπισείομεν
1152 699 1543 764 ἀγανάκτησιν.
1591 700 1772 750 Μετα-

221 787 513 854 λαμϐάνειν
543 788 597 839 δὲ
628 788 821 849 αὐτοὺς
851 788 948 838 οὐκ
983 787 1381 854 ἀναγκάζομεν,
1418 786 1506 839 διὰ
1549 787 1643 855 τὴν
1676 789 1773 854 τῆς

223 877 574 943 συνειδήσεως
604 876 852 944 βάσανον.
891 875 1223 942 Προσεκτέον
1253 872 1365 937 οὖν,
1391 877 1529 928 κατὰ
1551 876 1649 945 τὴν
1677 877 1770 928 τοῦ

221 966 474 1033 ῥηθέντος
522 967 738 1026 κανόνος
784 965 1093 1034 περίληψιν,
1153 969 1226 1034 μὴ
1287 966 1633 1026 ἀσυντάκτως
1704 968 1769 1020 ἐκ

217 1057 320 1118 τῆς
370 1055 677 1123 ἱερουργίας
731 1055 1029 1123 ὑποχωρεῖν
1084 1058 1207 1116 τοὺς
1269 1056 1765 1124 ἐκκλησιάζοντας

216 1145 331 1194 ἀλλ’
353 1144 472 1195 ἐπεὶ
500 1143 633 1212 αῦτη
668 1142 729 1194 ἐκ
753 1159 810 1193 τε
845 1145 941 1211 τῆς
975 1141 1212 1206 Παλαιᾶς
1241 1143 1513 1210 Διαῦήκης
1537 1145 1629 1194 καὶ
1656 1143 1755 1211 τῆς

214 1235 358 1295 Νέας
394 1237 473 1292 εἰς
517 1235 641 1300 μίαν
690 1233 989 1298 ταυτότητα
1027 1233 1408 1299 μεγαλύνεται,
1473 1236 1566 1284 καὶ
1601 1233 1763 1302 μέχρι

217 1324 320 1390 μὲν
346 1324 445 1391 τῆς
475 1323 582 1375 τῶν
623 1325 793 1390 ἁγίων
836 1323 1183 1388 Εὐαγγε).ίων
1226 1321 1629 1390 ἁνακηρύξεως,
1667 1323 1764 1390 τῆς

211 1418 501 1481 Δαυῖτικῆς
532 1416 756 1482 κινύρας
806 1413 874 1465 τὰ
907 1413 1315 1482 ψαλτῳδήματα
1341 1412 1430 1464 τοῦ
1470 1413 1762 1481 μυστηρίου

211 1505 310 1571 τὴν
338 1502 564 1569 δύναμιν
605 1501 891 1568 ἁγιάξουσι
915 1519 927 1533 υ
965 1502 1100 1570 μετὰ
1136 1502 1191 1553 δὲ
1227 1501 1428 1570 ταύτην
1475 1500 1572 1568 τῆς
1617 1503 1766 1554 ἀναι-

211 1596 419 1659 μάκτου
446 1593 630 1655 θυσίας
661 1595 962 1658 ἀνοίγονται
990 1595 1055 1645 τὰ
1085 1592 1370 1661 προαύλια,
1402 1593 1764 1661 ἐπιτρέποντα

210 1687 302 1736 καὶ
330 1688 440 1746 τοῖς
465 1683 773 1752 ἀρχιερεῦσι
802 1684 860 1735 τὸ
889 1684 984 1750 μὲν
1020 1683 1327 1750 ὲπιιιμὰδιον
1362 1683 1668 1751 ὠμοφόριον
1700 1683 1758 1735 τὸ

209 1777 288 1836 εἰς
339 1776 506 1826 τύπον
555 1773 646 1826 τοῦ
695 1773 866 1841 ἀμνοῦ
909 1773 1326 1841 καλλιτεχνηοὲν
1380 1772 1750 1833 ἀποτίθεσθαι,

209 1866 675 1935 μεταχειρίζεσθαι
698 1866 751 1918 δὲ
777 1866 869 1918 τοῦ
900 1865 1129 1935 ἀληθοῦς
1155 1865 1247 1917 καὶ
1269 1863 1528 1927 ζωοποιοῦ
1553 1865 1752 1932 ’Δμνοῦ

207 1957 262 2008 τὺ
294 1958 624 2026 μυστήριον·
655 1957 702 2008 εί
742 1956 838 2024 μὶν
871 1958 918 2008 οί
946 1954 1394 2024 ἐκκλησιάζοντες
1429 1954 1589 2016 εὐθὺς
1622 1953 1756 2021 μετὰ

205 2049 271 2099 τὰ
316 2036 443 2113 ἁγία
509 2047 838 2112 Εὐαγγέλια,
888 2045 1224 2114 αὐθαιρέτως
1289 2045 1754 2112 ὑποχωρήσουσιν,

203 2139 304 2188 οὑκ
332 2137 735 2204 αἰτιαοήσονται
768 2152 783 2168 ·
821 2137 869 2187 εί
907 2136 964 2187 δὲ
1014 2135 1149 2203 μετὰ
1201 2135 1298 2200 τὴν
1343 2133 1618 2202 καταρχὴν
1659 2134 1755 2200 τῆς

203 2225 543 2292 ἁναιμὰκτου
571 2224 760 2285 Θυσίας
783 2223 878 2275 καὶ
914 2223 1205 2291 μυστικῆς,
1259 2223 1332 2283 ὡς
1384 2223 1607 2275 ἄτακτοι
1661 2225 1753 2276 καὶ

206 2296 587 2366 σκανδαλισταὶ
617 2313 837 2373 δικαίως
861 2312 1340 2380 ἁφορισθήσονται.

286 2403 603 2468 Ἐρώτησις
637 2401 720 2461 ιζ’.
777 2402 840 2453 Οί
900 2402 1033 2469 μετὰ
1073 2400 1166 2452 τοῦ
1215 2402 1515 2470 ἀρχιερέως
1547 2401 1579 2469 ἢ
1617 2399 1753 2468 μετὰ

202 2493 293 2543 τοῦ
315 2493 502 2560 ἱερέως
530 2491 1061 2559 συλλειτουργοῦντες
1079 2491 1334 2550 διάκονοι,
1363 2491 1750 2558 ἀπαραιτήτως

205 2579 642 2647 μεταλαμϐάνειν
664 2579 985 2644 ὀφείλουσιν,
1017 2577 1051 2644 ἢ
1091 2576 1186 2642 ob;

288 2667 418 2720 'Az.
460 2669 517 2720 Ὀ
539 2666 588 2734 η’
622 2667 803 2720 κανὼν
822 2667 928 2719 τῶν
954 2667 1122 2733 ἁγίων
1157 2666 1464 2718 ἀποστόλων
1484 2667 1623 2718 οὕτω
1650 2684 1750 2735 φη-

201 2760 304 2820 σίν,
363 2759 430 2810 Εἴ
461 2774 542 2818 τις
596 2758 909 2819 ἐπίσκοπος,
942 2757 974 2824 ἢ
1004 2755 1392 2826 πρεσϐύτερος,
1425 2756 1457 2824 ἢ
1485 2756 1743 2819 διάκονος,

201 2848 355 2918 ἢτοῦ
400 2848 700 2914 καταλόγου
749 2846 844 2899 τοῦ
898 2846 1194 2916 ἱερατικοῦ,
1232 2848 1543 2916 προσφορᾶς
1603 2862 1748 2913 γινοσ

203 2937 371 3006 μένης
404 2935 479 3007 μὴ
506 2935 802 3007 μεταλάϐῃ,
834 2935 932 3004 τὴν
957 2936 1130 2987 αἰτίαν
1151 2935 1375 2990 εἰπάτω.
1404 2935 1514 2988 Καὶ
1570 2935 1662 2987 ἐὰν

199 3025 439 3093 εὔλογος,
500 3027 825 3094 συγγνώμης
871 3025 1205 3093 τυγχανέτω.
1242 3025 1303 3077 Εί
1354 3025 1410 3077 δὲ
1455 3024 1531 3094 μὴ
1576 3023 1742 3092 λέγει,
1771 3055 1816 3116 C

199 3115 561 3184 ἁφοριζέσθω,
590 3116 666 3176 ὡς
717 3115 883 3174 αίτιος
912 3114 1114 3183 βλάϐης
1162 3115 1439 3182 γινόμενος
1480 3115 1558 3184 τῷ
1610 3115 1742 3184 λαῷ,

199 3205 293 3256 καὶ
333 3203 587 3256 ὑπόνοιαν
639 3202 871 3270 ποιήσας
927 3202 1067 3253 κατὰ
1130 3203 1224 3252 τοῦ
1289 3201 1746 3270 προσενέγκαντος

197 3295 272 3354 ὡς
313 3291 386 3358 μὴ
442 3290 609 3355 ὑγιῶς
669 3289 1142 3357 προσενεγκόντος.
1208 3290 1628 3358 Παρατηρητέον
1655 3289 1748 3343 οῦν

199 3385 322 3445 τοὺς
346 3381 724 3442 ὑποδιακόνους
775 3379 1020 3440 καὶτοὺς
1058 3379 1355 3442 διακόνους,
1411 3379 1503 3431 καὶ
1548 3379 1746 3447 μᾶλλον

198 3474 324 3534 τοῦς
387 3470 858 3540 χειραπτήσαντας
934 3466 1369 3535 μεταλαμόἁνειν
1433 3465 1538 3518 τῶν
1588 3466 1746 3518 Θείων

197 3562 556 3630 ἁγιασμὰτων
590 3573 603 3586 ·
634 3559 666 3627 ἢ
711 3557 817 3627 μὴν
865 3558 963 3626 τὴν
1020 3557 1197 3608 αίτίαν
1225 3556 1405 3623 λέγειν
1456 3555 1523 3608 δι’
1559 3555 1626 3626 ἢν
1652 3555 1743 3608 τοῦ

197 3649 401 3718 ἀγαθοῦ
431 3648 619 3700 τούτου
639 3647 971 3714 ἀπέστησαν.
1003 3644 1172 3697 Τοῦτο
1200 3645 1305 3712 γὰρ
1334 3645 1406 3712 μὴ
1448 3644 1743 3709 ποιοῦντες,

196 3740 652 3809 ἁφορισθήσονται
710 3735 852 3790 κατὰ
899 3734 998 3787 τὶν
1046 3735 1139 3786 τοῦ
1199 3733 1455 3804 ῥηθέντος
1528 3734 1746 3796 κανόνος

198 3826 506 3894 περίληψιν.

265 3915 588 3982 Ἐρώτησις
610 3911 704 3977 ιη’.
736 3910 1034 3964 Ἀκίνδυνόν
1088 3912 1203 3964 ἐστι
1247 3911 1487 3979 γίνεσθαι
1513 3913 1611 3981 τὴν
1639 3913 1746 3965 τῶν

197 4011 361 4062 θείων
413 4007 766 4076 ἁγιασμὰτων
807 4005 1039 4058 διάδοσιν
1091 4007 1184 4057 καὶ
1251 4005 1552 4073 μετάληψιν
1611 4005 1746 4074 μετὰ

197 4100 406 4169 ψυχροῦ
463 4099 602 4151 οἴνου
640 4097 732 4149 καὶ
771 4094 992 4158 ίιδατος⁹
1028 4096 1060 4163 ἢ
1094 4095 1468 4165 ἀπαραίτητόν
1498 4098 1612 4148 ἐστι
1651 4097 1744 4148 καὶ

201 4193 318 4244 ζέον
357 4189 500 4258 ὕδωρ
541 4187 679 4241 κατὰ
697 4187 788 4239 τὸν
819 4187 1006 4254 καιρὸν
1034 4186 1134 4252 τῆς
1174 4183 1524 4253 μεταλήψεως
1556 4186 1639 4246 είς
1672 4184 1738 4236 τὰ

200 4284 331 4349 am
359 4280 606 4350 βάλλειν;

1879 518 2306 586 participationis
2342 519 2651 580 ,intercssc
2715 516 2964 570 coneioni
3029 518 3225 572 debere
3289 535 3420 572 cen-

1877 623 2080 662 semus.
2115 607 2177 660 Et
2224 607 2288 660 iis
2319 646 2332 670 ,
2383 607 2474 674 qui
2515 607 2593 660 sic
2623 621 2726 660 nou
2781 606 3005 670 iaciunt,
3056 609 3278 662 canonis
3332 609 3418 661 in-

1875 699 2240 768 dignationem
2310 699 2587 752 vibramus
2642 717 2655 750 :
2709 698 3036 766 participare
3088 708 3265 752 autem
3325 713 3418 754 eos

1876 804 1981 844 non
2033 791 2296 858 cogimus,
2339 789 2407 843 ob
2453 789 2800 843 conscientiae
2847 797 3196 843 tormentum.
3229 788 3416 843 Anim-

1872 879 2256 933 advertendum
2294 880 2477 945 iqitur,
2503 878 2657 947 juxta
2691 878 2931 946 praedicti
2983 879 3208 933 canonis
3264 886 3417 932 teno-

1871 986 2007 1030 rem.
2078 987 2143 1024 ne
2194 971 2284 1039 qui
2351 970 2640 1024 eonventui
2690 970 2978 1030 intersunt.
3040 969 3342 1026 inordinate
3385 987 3415 1025 a

1871 1062 2136 1116 sacrificio
2195 1068 2553 1115 revertantur.
2589 1060 2693 1114 Sed
2732 1075 2854 1114 cum
2894 1061 3070 1126 ipsum
3122 1075 3186 1113 ex
3236 1061 3415 1116 Veteri

1868 1150 2125 1220 Novoque
2174 1149 2516 1205 Testamento
2563 1151 2677 1218 pari
2724 1149 2883 1204 modo
2935 1150 3327 1217 magnificetur,
3361 1160 3416 1204 et

1869 1242 1934 1293 ad
1974 1242 2339 1296 recitationem
2366 1241 2582 1309 quidem
2623 1254 2795 1307 usque
2821 1249 3127 1292 sunctornm
3176 1238 3415 1309 Evange-

1867 1333 2084 1394 liorum,
2116 1332 2379 1385 Davidica:
2413 1333 2632 1386 citharae
2663 1331 2900 1384 carmina
2951 1333 3275 1386 sacramenti
3317 1346 3412 1385 ce-

1866 1419 2072 1474 lebrent
2099 1430 2415 1489 potestatem
2453 1437 2464 1472 :
2496 1428 2677 1488 postea
2702 1428 2880 1473 autem
2906 1420 3196 1473 incruentre
3227 1419 3412 1474 hostiae

1866 1512 2180 1577 aperiantur
2210 1511 2499 1574 vestibula,
2553 1509 2888 1563 antistitibus
2922 1509 3286 1577 permittentia
3316 1524 3411 1563 su-

1864 1598 2288 1666 perhumeralem
2321 1600 2572 1650 amictum
2613 1597 2900 1664 deponere,
2939 1596 3030 1664 qui
3069 1597 3188 1666 agni
3243 1596 3411 1666 figura

1863 1686 2136 1754 eleganter
2166 1685 2457 1738 fabricatus
2497 1690 2601 1744 est,
2628 1692 2682 1736 et
2714 1693 2946 1737 tractare
2976 1685 3085 1736 veri
3106 1684 3408 1751 vivilieique

1787 1753 1828 1807 Β
1858 1753 1994 1844 Agni
2026 1786 2418 1830 sacramentum
2453 1791 2467 1828 :
2507 1777 2548 1828 si
2582 1775 2796 1843 quidem
2820 1775 2878 1838 ii,
2907 1775 2998 1843 qui
3030 1774 3082 1827 in
3113 1789 3408 1844 congrega-

1859 1867 2060 1920 tionem
2088 1871 2474 1925 eonvenerunt,
2513 1864 2690 1918 statim
2723 1875 2844 1932 post
2887 1870 3075 1918 saneta
3123 1861 3409 1931 Evangelia

1857 1963 2048 2022 sponte
2090 1955 2390 2018 discedant,
2435 1969 2544 2008 non
2599 1954 2962 2021 eulpabuntur
2996 1971 3008 2006 :
3043 1951 3138 2007 sed
3184 1951 3230 2005 si
3286 1957 3411 2019 post.

1857 2046 2151 2100 incruenta:
2179 2046 2522 2115 mystlcthue
2549 2046 2774 2098 victimae
2804 2045 3148 2114 principium,
3174 2050 3233 2096 ut
3259 2042 3404 2095 inor-

1856 2135 2023 2189 dinati
2047 2144 2101 2189 ct
2129 2136 2426 2190 offensores
2452 2136 2595 2204 juste
2632 2134 3264 2189 excommunicabuntur.

1923 2404 2087 2457 Inter.
2123 2402 2208 2456 l7.
2242 2400 2343 2466 Qui
2383 2415 2506 2454 cum
2540 2398 2798 2469 pontifice
2826 2397 2908 2451 vel
2941 2396 3223 2450 sacerdote
3252 2405 3400 2448 com-

1853 2494 2163 2548 ministrant
2232 2493 2466 2553 diaconi,
2535 2491 2732 2544 debent
2797 2490 2930 2541 citra
2998 2485 3400 2541 excusationem

1852 2583 2291 2636 communionem
2321 2595 2619 2641 assumere,
2660 2581 2887 2634 annon?

1917 2673 2037 2727 Res.
2073 2673 2261 2726 Canon
2309 2675 2342 2726 8
2396 2681 2707 2732 sanctorum
2757 2673 3121 2741 apostolorum
3175 2674 3255 2727 sic
3284 2673 3399 2726 ait:

1851 2764 1904 2816 Si
1955 2763 2078 2831 quis
2126 2763 2437 2830 episcopus,
2491 2763 2792 2833 presbyter,
2849 2764 2930 2817 vel
2983 2765 3268 2825 diaconus,
3315 2769 3403 2822 vel

1846 2866 1908 2904 ex
1943 2851 2258 2906 sacerdotali
2292 2852 2556 2919 catalogo,
2599 2853 2739 2908 facta
2787 2853 3058 2909 oblatione
3111 2869 3216 2906 non
3249 2869 3401 2908 com-

1845 2943 2219 3004 municaverit,
2259 2957 2478 2998 causam
2517 2943 2661 2996 dicat
2691 2959 2703 2995 :
2737 2951 2789 2997 et
2814 2944 2860 2998 si
2897 2945 3187 3012 probabilis
3217 2944 3398 3002 fuerit.

1846 3032 2056 3086 veniam
2087 3041 2449 3100 consequetur
2480 3049 2495 3097 ;
2529 3033 2612 3088 sin
2670 3047 2799 3085 vero
2833 3034 3032 3092 minus.
3069 3041 3398 3101 segregetur,

1851 3130 1907 3174 ut
1941 3121 2031 3189 qui
2070 3121 2266 3189 pepnlo
2296 3121 2612 3174 offensionis
2642 3135 2804 3173 causa
2836 3122 2924 3183 sit,
2958 3131 3010 3174 et
3037 3123 3396 3189 suspicionem

1848 3208 2056 3261 dederit
2081 3210 2340 3263 adversus
2366 3224 2513 3271 enni,
2541 3209 2633 3276 qui
2673 3209 2889 3272 obtulit,
2921 3210 3073 3277 quasi
3104 3225 3209 3263 non
3239 3209 3398 3278 digne

1847 3297 2120 3351 obtulerit.
2147 3298 2548 3352 Observandum
2580 3296 2838 3365 ἰδίω-,ιιι
2867 3298 3398 3361 subdiacoui,etdia-

1849 3388 1970 3439 coni
1995 3397 2048 3439 ct
2068 3389 2244 3456 potius
2265 3402 2414 3441 sacra
2435 3394 2844 3452 contrectantes,
2867 3387 3076 3442 divinas
3097 3388 3391 3442 sanctifica-

1848 3474 2021 3528 tiones
2052 3483 2365 3538 assumant,
2404 3475 2482 3528 vel
2518 3485 2661 3528 certe
2682 3489 2898 3529 causam
2926 3475 3123 3538 dicant,
3138 3477 3205 3528 ob
3235 3491 3394 3543 qnam

1847 3578 1912 3616 eo
1937 3564 2079 3618 bono
2100 3564 2492 3618 abstinuerunt.
2517 3563 2574 3618 Id
2608 3566 2751 3619 enim
2785 3567 2830 3620 si
2871 3580 2974 3619 non
3001 3563 3222 3630 faciant,
3244 3565 3394 3633 juxta

1849 3654 2089 3723 praedicti
2119 3657 2346 3708 canonis
2378 3665 2616 3710 tenorem
2651 3657 3286 3710 excommunicabnntur.

1919 3917 2082 3974 Inter.
2117 3918 2199 3972 l8.
2226 3919 2306 3971 An
2339 3918 2454 3972 sine
2489 3917 2732 3987 periculo
2761 3917 3061 3971 divinarum
3089 3918 3396 3972 sanctifica-

1846 4012 2052 4064 tionum
2082 4009 2390 4064 distributio
2434 4018 2484 4063 et
2515 4012 2811 4076 assumptio
2857 4010 2984 4062 tlant
3027 4023 3150 4062 cum
3201 4007 3394 4078 frigido

1845 4102 1971 4154 vino
2016 4110 2070 4154 et
2097 4106 2232 4167 aqua
2271 4118 2283 4153 :
2324 4115 2392 4153 an
2441 4104 2557 4154 sine
2607 4101 2956 4154 excusatione
2987 4113 3122 4166 aqua
3179 4098 3390 4152 fervens

1849 4190 2271 4260 participationis
2299 4197 2536 4258 tempore
2559 4192 2612 4243 in
2640 4199 2827 4244 sancta
2859 4190 2930 4242 sit
2962 4188 3255 4242 mittenda?

279 4370 410 4423 0A“.
454 4369 560 4420 τοῦ
599 4364 676 4436 λβ¹
726 4364 948 4427 κανόνος
1009 4365 1106 4434 τῆς
1144 4365 1201 4416 ὲν
1255 4364 1333 4433 τῷ
1363 4364 1613 4435 Τρούλλῳ
1650 4367 1743 4421 τοῦ

1914 4363 2034 4416 Res.
2066 4361 2198 4416 Cum
2225 4362 2294 4414 52
2317 4376 2488 4415 canon
2520 4369 2720 4415 saneta:
2735 4369 2787 4414 et
2808 4361 3156 4415 meumenica:
3175 4362 3387 4430 synodi.

203 4460 440 4530 μεγάλου
461 4456 722 4510 παλατίου
753 4458 1024 4520 συστάσης
1047 4454 1210 4522 ἁγίας
1254 4457 1346 4507 καὶ
1372 4456 1746 4527 οἰκοῦμενικῆς

199 4551 418 4603 συνόδου
477 4547 790 4616 καθαιρέσει
848 4545 1346 4607 καθυποϐάλλοντος
1385 4546 1510 4607 τοὺς
1557 4547 1630 4615 μὴ
1662 4563 1739 4599 τε.

197 4639 475 4700 λειοῦντας
499 4635 558 4686 τὸ
612 4635 756 4686 θεῖον
793 4634 888 4685 καλ⁸
912 4633 1064 4698 ἆγιον
1089 4635 1342 4703 ποτήριον
1381 4635 1439 4698 ἐξ
1481 4634 1623 4688 οῐνου
1654 4637 1746 4687 καὶ

201 4729 414 4788 ῦδατος,
451 4724 766 4792 αίρεσιῶταί
799 4739 945 4779 τινες
969 4723 1065 4775 οὐκ
1087 4723 1368 4791 ἀνέχονται
1393 4724 1604 4791 βάλλειν
1629 4723 1747 4787 ζέον

199 4819 277 4878 είς
306 4817 366 4869 τὸ
396 4816 549 4881 ἆγιον
574 4815 665 4866 καὶ
697 4814 834 4865 Θεῖον
853 4813 1106 4880 ποτήριον
1126 4828 1140 4842 °
1169 4812 1288 4865 Ὀτι
1321 4812 1492 4881 (φασὶ)
1525 4815 1590 4866 τὰ
1622 4816 1746 4882 περὶ

185 4909 384 4974 ,τούτου
420 4905 500 4974 τῷ
525 4904 708 4957 κανόνι
735 4904 792 4954 οὐ
824 4902 1204 4970 διελήφθησαν.
1246 4902 1523 4956 Ἀκούουσι
1554 4903 1637 4967 δὲ,
1664 4906 1743 4957 ὅτι

196 5000 256 5050 τ’)
315 4997 437 5062 ζέον
483 4993 559 5062 τῷ
616 4994 754 5062 ἁγίῳ
821 4993 1012 5061 αἵματι
1059 4991 1476 5061 προστιθέμενον
1528 4995 1626 5063 τὴν
1681 4997 1746 5047 δι’

206 5085 394 5144 ῦδατος
451 5081 545 5133 καὶ
581 5080 722 5132 οἴνου
760 5078 950 5131 ἕνωσιν
1001 5079 1095 5131 τοῦ
1148 5079 1304 5146 ἁγίου
1355 5083 1610 5150 ποτηρίου
1649 5084 1746 5136 οὐκ

201 5174 402 5225 dilatet
464 5172 578 5224 {ml
610 5169 742 5238 μηδὲ
772 5168 957 5236 ἔτερόν
1013 5185 1062 5220 τι
1098 5169 1246 5236 παρὰ
1291 5169 1350 5220 τὸ
1409 5170 1549 5239 ὕδωρ
1602 5175 1738 5229 ἐστί.

199 5263 458 5316 Βάλλεται
491 5261 546 5312 δὲ
607 5261 686 5321 είς
752 5258 1122 5327 πληροφορίαν
1171 5259 1262 5312 τοῦ
1321 5256 1459 5312 εἶναι
1509 5261 1742 5324 ζωοποιὰ

200 5355 266 5404 τὰ
291 5351 556 5421 ῥεύσαντα
593 5348 696 5401 ἁπδ
723 5348 821 5415 τῆς
839 5347 998 5412 ἁγίας
1031 5345 1268 5414 πλευρᾶς
1298 5348 1392 5401 τοῦ
1433 5351 1634 5421 Κυρίου
1653 5354 1746 5406 καὶ

201 5442 332 5495 θεοῦ
355 5443 448 5494 καὶ⁸
471 5439 717 5507 Σωτῆρος
745 5438 898 5506 ἡμῶν
943 5435 1117 5501 Ἰησοῦ
1172 5437 1430 5505 Χριστοῦ,
1458 5441 1594 5493 κατὰ
1655 5442 1744 5494 τὸν

203 5535 390 5601 καιρῷ,
419 5531 513 5584 τοῦ
536 5530 800 5598 σωτηρίου
832 5527 1032 5588 πὰοους
1061 5528 1244 5589 αὐτοῦ,
1271 5529 1326 5580 τὸ
1343 5523 1477 5597 αἷμα
1501 5531 1742 5599 δηλονότι

204 5625 296 5677 καὶ
325 5624 384 5675 τὸ
407 5621 578 5687 ὕδωρ·
616 5619 772 5672 ἅτινα
802 5617 1124 5686 ὲξέρῤευσαν
1159 5616 1345 5678 ζέοντα
1387 5618 1460 5680 ὡς
1490 5621 1552 5672 ὲκ
1602 5621 1736 5683 ζωο-

523 5719 783 5776 ΡΑτιιοι.
825 5721 937 5778 (in.
988 5717 1392 5779 CXXXVIII.

1845 4461 2052 4505 coactae
2082 4453 2134 4504 in
2167 4449 2352 4510 Trullo
2388 4451 2565 4520 magni
2598 4450 2801 4519 palatii.
2837 4449 3156 4517 depositioni
3216 4449 3388 4518 subji-

1846 4542 1952 4592 ciat
2002 4555 2118 4601 eos,
2171 4540 2262 4606 qui
2309 4540 2548 4592 divinum
2595 4548 2650 4592 et
2689 4546 2936 4592 sanctum
2988 4539 3237 4606 poculum
3281 4554 3387 4592 non

1847 4636 2168 4680 consecrant
2196 4643 2259 4680 ex
2291 4629 2416 4680 vino
2440 4638 2493 4682 et
2528 4641 2666 4697 aqua
2700 4642 2714 4690 ;
2745 4626 3039 4682 haereslotm
3082 4627 3243 4693 aliqui
3281 4641 3386 4680 non

1845 4717 2122 4783 patiuntur
2156 4717 2383 4771 calidam
2417 4715 2621 4770 infundi
2654 4716 2706 4769 in
2754 4727 2997 4770 sanctum
3049 4724 3101 4769 et
3143 4717 3385 4789 divinum

1844 4804 2131 4871 poculum,
2188 4803 2343 4869 Quia,
2409 4807 2684 4874 inquiunt,
2735 4806 2801 4860 de
2855 4821 2920 4860 eo
2997 4803 3126 4862 nihil
3180 4819 3388 4858 canone

1846 4897 2289 4964 comprehensum
2347 4904 2450 4950 est.
2506 4896 2749 4949 Audiunt
2806 4903 3008 4954 autem,
3093 4893 3384 4948 ferventem

1843 4994 2032 5038 sancto
2088 4985 2336 5052 sanguini
2379 4987 2637 5044 additam.
2690 4985 2943 5038 unionem
2985 4998 3134 5050 aqum
3171 4991 3224 5035 ct
3277 4983 3385 5035 vini

1845 5077 2017 5131 sancti
2080 5077 2266 5130 calicis
2311 5091 2416 5130 non
2471 5083 2701 5135 mutare.
2757 5074 2883 5145 quia
2952 5081 3144 5141 prmter
3192 5086 3383 5139 aquam

1846 5166 1980 5221 nihil
2007 5173 2086 5220 est
2114 5165 2278 5218 aliud.
2308 5164 2611 5218 Infundltur
2654 5173 2856 5226 autem,
2911 5171 2968 5215 ut
3013 5163 3222 5216 viviﬂca
3265 5177 3386 5216 esse

1845 5265 2075 5318 constet,
2103 5273 2222 5328 quae
2248 5256 2420 5311 fluunt
2445 5272 2474 5310 e
2504 5266 2688 5310 sancto
2715 5255 2880 5307 latere
2911 5253 3141 5316 Domini,
3173 5260 3227 5305 et
3257 5252 3384 5315 Dei‘,

1845 5358 1897 5402 et
1931 5346 2232 5401 Servatoris
2267 5347 2434 5399 nostri
2457 5343 2582 5398 Jesn
2613 5343 2833 5400 Christi.
2862 5349 3100 5408 tempore
3129 5341 3384 5396 salutaris

1842 5438 2109 5506 passionis
2167 5437 2324 5505 ejus,
2371 5435 2680 5502 sanguinem
2739 5433 2982 5488 videlicet
3037 5440 3091 5485 et
3151 5445 3384 5500 aquam,

1842 5542 1962 5596 qua
2015 5525 2270 5579 ferventia
2314 5523 2650 5586 effluxerunt,
2680 5523 2826 5575 velut
2877 5537 2940 5576 ex
2985 5521 3200 5576 vivifico
3237 5522 3386 5574 deifi-

1845 5627 1968 5672 cato
2002 5631 2226 5686 corpore
2274 5614 2505 5670 vivifica.
2536 5614 2637 5682 Qui
2674 5615 2755 5669 sic
2801 5613 2964 5682 igitur
2997 5629 3106 5668 non
3159 5612 3382 5678 faciunt.

3008 5714 3074 5771 3f
