4004 6494
561 319 661 380 971

1822 306 2093 367 TllEUD.
2139 305 2622 365 B.\l.S-\.\iG.\'lS

3707 304 3810 364 97'?

561 451 663 490 nec
693 432 816 487 inde
863 432 1108 486 miraculi
1147 430 1495 497 tnaguilirnut
1540 427 1986 495 Inaguituditmut,
2014 413 2116 477 scil

2236 428 2373 476 mw}
2408 429 2747 492 τεθεωμένου
2801 429 3045 495 σώματος
3113 424 3381 488 ζωοποιά.
3436 426 3502 477 Οἱ
3559 424 3694 488 γοῦν
3729 427 3802 490 μὴ

559 538 698 590 aqua
748 520 940 592 frigida
978 522 1212 588 vinoque
1243 528 1470 571 utuntur
1523 519 1576 571 in
1631 519 1936 571 divinarum
1995 533 2120 570 san-

560 615 944 668 r-ilicationum
990 611 1444 679 participatione;
1496 625 1602 664 non
1658 609 1888 666 credunt
1954 611 2116 664 etiam

561 714 682 770 post
737 703 1027 757 salutarem
1087 701 1299 754 Domini
1361 714 1588 755 mortem
1663 709 1854 755 sancto
1905 702 2119 766 corpori

562 797 679 863 I'jlls
743 796 921 849 inesse
975 793 1273 859 deitatem,
1339 793 1431 848 sed
1499 794 1565 846 ab
1621 807 1688 847 eo
1741 793 2116 854 abscessisse,

563 900 791 953 raseque
839 883 1145 954 cuiusmodi
1203 894 1384 936 nostra
1429 897 1680 952 corpora.
1735 883 1864 947 Quae
1913 898 2121 951 magnae

567 976 790 1027 incrcsis
840 981 924 1026 est
972 974 1217 1040 nugatio.
1254 969 1481 1042 Magnus
1524 972 1668 1025 enim
1709 971 1851 1024 inter
1903 981 2122 1025 sanctos

561 1066 801 1118 Joannes
851 1064 1250 1128 Damascenus,
1286 1063 1346 1117 In
1379 1064 1649 1132 sepulcro,
1691 1064 1886 1130 inquit.
1930 1079 2122 1130 corpo-

568 1155 794 1207 raliter:
833 1155 886 1206 in
934 1153 1145 1206 inferno
1193 1164 1372 1208 autem
1411 1167 1534 1206 cum
1576 1155 1777 1217 anima,
1828 1161 1884 1206 ut
1934 1152 2118 1209 Deus:

568 1248 618 1294 in
655 1244 904 1312 paradiso
939 1260 1064 1297 vero
1103 1259 1225 1299 cum
1254 1246 1481 1307 latrone,
1519 1253 1574 1299 et
1612 1245 1666 1298 in
1699 1244 1898 1298 throno
1947 1246 2120 1310 fuisti,

564 1337 796 1398 tlhriste,
851 1350 974 1388 cum
1017 1334 1172 1390 Patre
1221 1347 1274 1390 et
1324 1336 1568 1403 Spiritu,
1624 1337 1805 1389 omnia
1867 1337 2121 1404 implens,

564 1424 654 1488 qui
685 1425 1185 1492 incircumscriptus
1201 1439 1277 1478 es.
1294 1422 1397 1490 .Qui
1420 1424 1583 1494 igitur
1608 1425 1850 1479 divinum
1869 1427 2122 1494 poculum

565 1531 705 1579 aqua
748 1515 989 1569 fervente
1022 1532 1125 1568 non
1149 1525 1492 1583 consecrant,
1515 1525 1574 1570 ut
1606 1516 1903 1572 hmresiotte
1923 1531 1952 1570 e
1979 1524 2126 1570 sorte

568 1605 992 1658 orthodoxorum
1028 1607 1384 1676 expellentur.

641 1869 806 1926 Inter.
863 1873 946 1926 19.
1002 1874 1266 1929 Sacerdos
1329 1875 1605 1930 saecularis
1644 1883 1856 1928 rectene
1915 1872 2129 1926 confes-

571 1965 754 2016 siones
787 1965 1087 2032 aliqnorum
1123 1967 1400 2019 hominum
1430 1981 1551 2020 cum
1586 1965 1853 2035 permissu
1886 1963 2126 2033 episCOpi

574 2054 854 2120 suscipiut,
887 2055 1109 2107 annou?

646 2140 764 2194 Res.
804 2142 979 2194 Divini
1008 2158 1265 2206 canones,
1297 2147 1391 2214 qui
1438 2146 1836 2200 confessionem
1883 2146 2118 2199 reconci.

573 2232 812 2285 ltationis
888 2233 1262 2287 sacerdotibus
1331 2249 1456 2288 cum
1512 2237 1804 2303 episcopali
1870 2235 2028 2287 venia
2099 2235 2128 2274 ιι

576 2322 937 2384 ι-οηιηιίιιιιηι,
973 2323 1140 2376 multo
1172 2323 1509 2392 antiquiores
1549 2334 1676 2378 sunt
1713 2335 1900 2378 sancto
1925 2323 2131 2378 Paelic-

578 2411 704 2472 mio,
729 2412 820 2480 qui
854 2410 1052 2480 dignus
1078 2413 1299 2466 habitus
1327 2423 1433 2479 est,
1461 2424 1515 2466 ut
1548 2429 1644 2482 per
1670 2415 1932 2467 visionem
1969 2429 2131 2482 ange-

578 2503 735 2554 licam
781 2503 1172 2556 monachorum
1225 2504 1467 2558 habitum
1504 2505 1734 2559 videret.
1767 2505 2126 2570 Quamobrem

575 2591 965 2644 monachorum
1005 2608 1275 2660 nusquam
1307 2595 1695 2656 meminerunt,
1726 2593 1818 2646 sed
1847 2593 2131 2662 presbyte-

577 2697 760 2734 rorum
809 2683 1146 2750 simpliciter.
1193 2682 1496 2752 Episcopali
1542 2672 1678 2753 ergo
1718 2685 1927 2752 judicio
1977 2686 2130 2738 laicis

577 2773 952 2827 sacerdotibus
975 2775 1064 2842 jus
1089 2775 1445 2828 confessionis
1468 2784 1706 2841 potestas
1727 2775 2057 2830 concedetur
2079 2785 2126 2839 ε,

577 2871 630 2914 rt
663 2879 755 2929 per
783 2880 905 2915 eam
938 2865 1306 2924 reconciliatio
1333 2866 1736 2930 pcenitentium.

650 2949 813 3006 Inter.
846 2953 932 3006 20.
969 2954 1046 3006 An
1076 2954 1194 3008 sine
1223 2954 1537 3023 praeiudicio
1574 2962 1850 3010 transeant
1876 2952 2127 3008 monachi

2219 517 2498 576 ποιοῦντες
2530 515 2688 578 οὕτω,
2740 517 2837 568 ’καὶ
2895 517 2958 567 τὸ
3006 515 3098 566 τοῦ
3159 515 3446 581 θαύματος
3499 513 3803 566 κάντεῦθεν

2222 607 2611 676 μεγαλύνοντες
2638 607 2890 674 μέγεθος,
2926 607 3062 659 ἀλλὰ
3093 606 3181 657 διὰ
3211 605 3427 673 ψυχροῦ
3453 605 3666 665 ὓδατος
3711 606 3807 655 καὶ

2218 696 2361 748 οἴνου
2404 699 2503 765 τὴν
2549 697 2655 748 τῶν
2709 697 2867 748 θείων
2916 697 3232 765 μυστηρίων
3289 695 3578 751 ποιοῦντες
3641 696 3805 761 μετὰ-

2219 787 2401 855 ληψιν,
2446 789 2505 840 οὑ
2563 788 2876 840 πιστεύουσι
2911 791 3003 839 καὶ
3053 789 3190 854 μετὰ
3252 788 3342 838 τὸν
3379 788 3662 854 σωτήριον
3713 783 3805 835 τοῦ

2220 880 2422 948 Κυρίου
2471 879 2698 932 θάνατον
2731 879 2883 947 παρὰ
2918 878 2994 946 τῷ
3037 879 3176 943 ἁγίῳ
3231 878 3450 943 σώματι
3483 876 3662 928 αὑτοῦ
3709 883 3809 942 τὴν

2222 969 2446 1038 θεότητα
2481 965 2642 1028 εἶναι,
2669 968 2805 1019 ἀλλά
2831 967 3140 1032 ἀποστῆναι
3171 968 3234 1017 ἐκ
3260 967 3476 1027 τούτου,
3533 967 3630 1016 καὶ
3658 963 3807 1016 εἶνΞί

2222 1061 2360 1111 κατὰ
2391 1064 2458 1110 τὰ
2487 1061 2741 1129 ἡμέτερα·
2755 1058 3003 1125 σώματα.
3031 1057 3210 1125 Ὅπερ
3248 1058 3498 1126 μεγάλης
3531 1060 3805 1123 αἱρέσεώς

2223 1154 2337 1203 εστι
2376 1151 2692 1220 φλυάρημα.
2734 1151 2792 1204 Ὀ
2840 1153 2947 1220 γὰρ
2980 1153 3152 1219 μέγας
3180 1153 3237 1202 ὲν
3275 1150 3453 1216 ἁγίοις
3493 1150 3756 1215 Ἰωάννης
3785 1155 3810 1201 ὁ

2224 1243 2600 1312 Δαμασκηνὸς,
2651 1243 2736 1294 Ἐν
2783 1243 3144 1309 erigique-insi.)
3175 1242 3509 1308 σωματικῶς
3539 1259 3550 1269 ·
3604 1243 3666 1291 ὲν
3711 1241 3811 1308 ἄξῃ

2223 1334 2297 1396 δὲ,
2333 1333 2465 1400 μετὰ
2498 1331 2696 1399 ψυχῆς,
2741 1331 2816 1392 ὼς
2862 1330 3024 1392 Θεὸς·
3066 1335 3123 1384 ὲν
3176 1332 3497 1400 παραδείσῳ
3535 1332 3615 1384 δὲ.
3663 1337 3805 1398 μετὰ

2224 1424 2420 1493 λῃστοῦ
2442 1439 2454 1452 ·
2477 1423 2568 1474 καὶ
2591 1423 2648 1473 ὲν
2665 1422 2835 1489 θρόνῳ
2859 1423 3122 1490 ὑπῆρχες,
3142 1421 3369 1488 Χριυτὲ,
3403 1423 3543 1489 μετὰ
3577 1423 3800 1489 Harpe;

2225 1513 2322 1566 καὶ
2356 1512 2672 1580 Πνεύματος
2697 1528 2712 1542 ’
2772 1514 2950 1565 πάντα
3005 1511 3253 1580 πληρῶν,
3284 1513 3311 1562 ό
3353 1513 3809 1579 ἁπερίγραπτος.

2227 1605 2290 1656 Oi
2326 1601 2464 1670 γοῦν
2493 1603 2565 1672 μὴ
2595 1602 2682 1654 διὰ
2713 1602 2927 1664 ζέοντος
2950 1601 3141 1663 ὓδατος
3171 1602 3511 1663 τελειοῦντες
3543 1605 3612 1655 τὸ
3665 1604 3814 1655 Θείαν

2229 1696 2508 1762 ποτήριον,
2539 1694 2613 1755 ὡς
2643 1693 2986 1762 αίρεσιῶται,
3016 1693 3118 1759 τῆς
3152 1692 3373 1762 μερίδος
3404 1691 3528 1744 τῶν
3572 1692 3814 1760 696056-

2237 1787 2343 1862 ξων
2375 1787 2510 1854 ἑκκη
2522 1786 2901 1855 ρυχθήσονται.

2315 1873 2752 1943 Ἐρώτησιςιίῖ⁶
2814 1875 3011 1936 Δαῖκδς
3078 1874 3254 1944 ἱερεὺς
3303 1873 3447 1942 μετὰ
3491 1872 3814 1942 ἐπιτροπῆς

2231 1967 2594 2034 ἑπισκοπικῆς
2615 1964 2792 2027 καλῶς
2803 1965 3124 2033 ὲξαγορείας
3151 1964 3458 2034 ἀνθρώπων
3485 1963 3651 2013 τινῶν
3675 1963 3815 2013 ἀνα-

2231 2055 2456 2120 δέξεται,
2487 2055 2518 2123 ἢ
2557 2053 2649 2116 οὓς

2313 2145 2442 2197 ’Δπ.
2475 2144 2538 2195 Oi
2581 2142 2712 2194 θεῖοι
2741 2143 2980 2204 ’κανόνες
3032 2142 3132 2210 τὴν
3171 2142 3495 2210 ὲξαγορείαν
3527 2141 3627 2207 τῆς
3663 2157 3804 2191 κατ-

2228 2235 2466 2302 αλλαγῆς
2497 2237 2605 2296 τοῖς
2636 2233 2836 2302 ἱερεῦσι
2910 2234 3046 2300 μετᾶ
3079 2237 3402 2302 προτροπῆς
3430 2233 3808 2298 ἐπισκοπικῆς

2230 2323 2575 2391 ἀναθέμενοι,
2626 2323 2765 2376 κατὰ
2818 2324 2948 2376 πολὺ
3010 2325 3434 2392 προγενέστεροι
3485 2322 3582 2375 τοῦ
3647 2324 3807 2388 ἁγίου

2232 2415 2523 2483 Παχωμίου
2561 2414 2721 2476 εἰσὶν,
2743 2413 3069 2476 ἀξιωθέντος
3093 2415 3234 2465 ’ίδεῖν
3280 2414 3348 2465 δι’
3381 2414 3652 2465 ὀπτασίας
3699 2415 3805 2478 ἀγ-

2232 2505 2453 2571 γελικῆς
2473 2503 2532 2556 τὸ
2565 2504 2753 2571 σχῆμα
2785 2504 2894 2555 τῶν
2927 2503 3200 2571 μοναχῶν.
3225 2504 3322 2556 Διὰ
3358 2506 3467 2571 γὰρ
3496 2503 3658 2555 τοῦτο
3684 2505 3806 2556 οὐδὲ

2236 2595 2540 2664 μέμνηνταί
2564 2611 2667 2645 που
2710 2593 2979 2662 μοναχῶν,
3011 2593 3147 2646 ἀλλὰ
3163 2595 3556 2664 πρεσϐυτέρων
3587 2595 3804 2657 ἁπλῶς.

2232 2685 2384 2736 Κατὰ
2417 2685 2594 2753 κρίσιν
2629 2684 2758 2752 γοῦν
2790 2685 3151 2755 ὲπισκοπικὴν
3177 2689 3290 2748 τοῖς
3330 2687 3540 2748 λαῖκοϊς
3568 2687 3807 2755 ἱερεῦσιν

2232 2773 2541 2841 ὲνδυνάμως
2562 2776 2993 2844 ἐπιτραπήσεται
3028 2777 3126 2844 τῆς
3151 2773 3474 2845 ὲξαγορεὶας
3494 2777 3554 2827 τὸ
3571 2777 3805 2837 δίκαιον,

2233 2865 2326 2916 καὶ
2355 2864 2442 2917 διὰ
2478 2865 2732 2934 ταύτηςή
2763 2867 2870 2918 τῶν
2903 2866 3312 2934 μετανοούντων
3347 2868 3693 2935 καταλλαγή.

2316 2952 2632 3018 Ἐρώτησις
2670 2954 2741 3006 κ’.
2790 2955 3342 3024 ’Λπροχριματίστως
3413 2957 3804 3024 μεταδαίνουσι

578 3059 641 3098 ex
679 3046 1041 3110 monasteriis,
1075 3047 1164 3099 ubi
1186 3046 1394 3100 detonsi
1427 3055 1575 3111 sunt,
1608 3048 1660 3100 in
1692 3048 1814 3112 alia,
1849 3045 2060 3102 necne?

2238 3045 2461 3112 μοναχοὶ
2483 3043 2539 3108 ἐξ
2569 3037 2643 3097 ὧν
2671 3045 3029 3115 ἁπεκάρησαν
3063 3048 3452 3114 μοναστηρίων
3481 3046 3616 3114 πρὸς
3636 3046 3806 3115 ἕτερα

654 3221 771 3275 Res.
817 3221 870 3275 Si
900 3224 965 3286 is,
1001 3225 1092 3292 qui
1125 3225 1264 3292 apud
1292 3226 1562 3280 hominem
1592 3227 1843 3297 deposuit
1862 3229 2132 3299 propriam

579 3313 998 3376 confessionem,
1077 3314 1298 3382 implere
1382 3332 1499 3370 eam
1561 3319 1812 3386 cogitur,
1901 3335 2135 3388 quonam

581 3403 738 3453 modo
768 3403 857 3468 qui
908 3402 1050 3470 apud
1091 3403 1256 3457 Deum
1288 3407 1557 3472 deposuit,
1597 3409 1811 3478 cogitur
1849 3423 2004 3463 suam
2045 3410 2138 3462 de-

585 3492 700 3557 posi
729 3491 905 3544 ioncm
946 3493 1268 3545 infirmare?
1328 3494 1536 3549 Idcirco
1586 3506 1639 3550 et
1681 3497 1835 3563 juxta
1885 3509 2136 3565 quartum

583 3596 843 3634 canonem
878 3592 1078 3635 sancta:
1130 3594 1181 3636 et
1224 3587 1573 3639 mcumeuicae
1612 3586 1804 3656 synodi
1837 3597 2036 3641 coacta:
2084 3589 2136 3641 in

584 3673 784 3741 templo
813 3683 1120 3726 sanctorum
1163 3674 1554 3742 apostolorum,
1607 3677 1888 3744 appellata:
1935 3679 1956 3730 l
2003 3678 2136 3738 et2.

588 3763 902 3814 nominatim
939 3762 1051 3814 hcce
1079 3765 1542 3830 pronuntiantem,
1589 3763 1643 3818 Si
1689 3766 1813 3833 quis
1843 3769 2141 3822 monachus

585 3863 650 3900 ex
699 3848 917 3916 proprio
960 3849 1173 3917 fugiens
1203 3853 1556 3914 mouasterio,
1591 3853 1643 3905 in
1683 3854 1826 3906 aliud
1864 3856 2144 3908 transierit

588 3936 667 3987 vel
694 3937 747 3989 in
774 3938 1100 3991 mundanam
1118 3939 1503 3995 habitationem
1536 3944 1838 4008 petulanter
1866 3946 2142 4010 ingressus

567 4024 749 4077 fuerit
776 4063 789 4086 ,
819 4025 1017 4090 pariter
1043 4035 1095 4078 et
1126 4027 1218 4094 qui
1247 4043 1366 4081 eum
1406 4031 1680 4098 exceperit
1717 4031 1787 4084 sit
1835 4047 2145 4085 excommu-

590 4115 822 4177 nicatus,
857 4115 1028 4167 donec
1060 4113 1106 4168 is
1131 4116 1220 4184 qui
1259 4115 1416 4184 fugit.
1452 4129 1754 4173 revertatur
1782 4122 1833 4174 in
1868 4131 2143 4176 monaste-

591 4207 750 4268 rium,
777 4219 807 4258 a
838 4219 946 4272 quo
981 4219 1262 4272 perperam
1305 4207 1526 4261 defecit.
1564 4210 1617 4263 Si
1673 4226 1799 4264 vero
1851 4213 2143 4279 episcopus

591 4296 799 4362 aliquos
838 4297 1149 4359 monachos,
1186 4298 1406 4365 pietatis
1430 4309 1483 4353 et
1500 4301 1622 4353 vitae
1657 4303 1960 4355 honestatis
1990 4305 2144 4356 testi-

2237 3135 2597 3202 μοναστήρια.
2628 3135 2771 3201 ἢοῦς

2316 3226 2438 3278 Ἅπ.
2486 3224 2612 3275 Ἐὰν
2665 3224 2695 3275 6
2745 3224 2882 3292 πρὸς
2942 3223 3231 3296 ἄνθρωπον
3287 3227 3657 3294 καταθέμενος
3711 3227 3803 3294 τὴν

2235 3315 2438 3368 οἰκείαν
2475 3313 2785 3380 ὁμολογίαν,
2845 3314 3088 3383 πληροῦν
3157 3318 3563 3386 ἀναγκάζηται,
3625 3318 3742 3379 πῶς
3779 3320 3805 3367 6

2238 3405 2372 3472 πρὸς
2399 3405 2527 3456 Θεὸν
2558 3405 2948 3472 καταθέμενος,
2978 3408 3457 3475 ἀναγκασθήσεται
3476 3409 3574 3476 τὴν
3601 3410 3804 3460 οἰκείαν

2239 3493 2498 3560 ἀθετῆσαι
2528 3493 2846 3558 κατάθεσινς
2880 3496 2978 3547 Διά
3018 3512 3100 3548 τοι
3149 3496 3310 3548 τοῦτο
3342 3499 3439 3548 καὶ
3475 3500 3616 3549 κατὰ
3648 3501 3742 3550 τὸν
3764 3501 3804 3549 δ’

2239 3583 2438 3636 κανόνα
2465 3582 2562 3651 τῆς
2603 3586 2659 3634 ὲν
2690 3584 2768 3652 τῷ
2816 3586 2928 3651 ναῷ
2968 3585 3076 3637 τῶν
3108 3587 3280 3651 ἁγίων
3333 3589 3652 3639 ἀποστόλων
3715 3605 3803 3641 συ-

2243 3672 2442 3740 στάσης
2471 3674 2634 3739 ἁγίας
2662 3676 2755 3724 καὶ
2799 3675 3189 3744 οίκουμενικῆς
3236 3677 3482 3740 συνόδου,
3514 3693 3615 3744 της
3658 3677 3806 3742 λεγο-

2246 3761 2411 3829 μένης
2441 3760 2488 3813 α¹
2528 3775 2622 3812 και
2662 3759 2704 3828 β’
2741 3761 2831 3812 τὸν
2877 3761 3050 3814 ταῦτα
3103 3761 3373 3826 διεξιόντα
3405 3760 3606 3831 ῥητῶς,
3638 3761 3703 3813 Εἴ
3729 3778 3805 3822 τις

2248 3850 2474 3918 μοναχδς
2523 3851 2621 3918 τῆς
2683 3851 2818 3912 ιδίας
2860 3850 3175 3920 ἀποδράσας
3258 3853 3430 3921 μονῆς
3485 3856 3568 3913 είς
3602 3853 3807 3918 -ἒτερον

2248 3941 2526 4011 μεταπέσῃ
2559 3943 2938 4008 μοναστήριον,
2969 3941 3000 4009 ἢ
3039 3941 3119 4001 είς
3166 3942 3467 4007 κοσμικδν⁶
3490 3943 3805 4009 είσκωμάσῃ

2244 4034 2469 4099 οἴκημα,
2505 4032 2764 4092 ὡσαύτως
2816 4048 2874 4083 τε
2926 4032 3020 4084 καὶ
3058 4032 3085 4081 6
3124 4031 3314 4083 τοῦτον
3356 4031 3668 4099 δεξάμενος,
3713 4032 3809 4096 ἁφ-

2244 4123 2544 4189 ωρισμένος
2577 4122 2686 4189 εἴη,
2744 4122 2845 4182 ἕως
2876 4121 2941 4173 ἂν
2973 4123 3001 4173 6
3025 4121 3324 4189 ἀποφυγὼν
3353 4122 3628 4192 ἐπανέλθῃ
3663 4122 3720 4184 ἐξ
3746 4119 3806 4190 ἧς

2247 4214 2435 4273 κακῶς
2503 4211 2727 4275 ἐξέπεσε
2785 4214 2976 4281 μονῆς.
3035 4212 3096 4263 Εἰ
3151 4213 3408 4279 μέντοιγε
3447 4215 3476 4265 6
3516 4213 3804 4270 ἐπίσκοπος

2246 4305 2395 4364 τινὰς
2418 4303 2524 4354 τῶν
2549 4302 2794 4372 μοναχῶν
2823 4303 2912 4354 ἐπ’
2947 4303 3205 4372 εὐλαϐείᾳ
3230 4305 3327 4354 καὶ
3362 4303 3480 4371 βίου
3528 4303 3806 4370 σεμνότητι

593 4384 828 4438 monium
877 4385 1154 4449 habentes,
1184 4387 1236 4439 in
1295 4387 1439 4442 aliud
1474 4390 1855 4444 monasterium
1905 4391 1974 4444 ob
2022 4391 2132 4459 ejus

2251 4391 2730 4460 μαρτυρουμένους
2758 4393 2834 4454 είς
2869 4391 3055 4458 ἕτερον
3089 4393 3482 4472 ,μοναστήριον
3513 4391 3606 4439 ἐπὶ
3653 4403 3808 4438 κατα-

588 4476 1038 4541 compositionem
1067 4476 1298 4531 voluerit
1329 4479 1642 4545 transferre,
1685 4482 1766 4534 vel
1816 4482 1870 4533 in
1910 4483 2142 4535 munda-

593 4578 717 4615 num
747 4563 1078 4618 domicilium
1110 4566 1179 4619 ob
1220 4569 1446 4620 salutem
1481 4569 1897 4623 inhabitantium
1949 4573 2144 4624 consti-

591 4665 760 4716 tuere,
810 4654 888 4706 vel
935 4656 1060 4708 alibi
1109 4659 1374 4725 placuerit
1406 4675 1660 4728 praeesse,
1721 4663 1911 4715 horum
1964 4680 2139 4731 neque

591 4755 952 4812 snsccptores,
1005 4761 1181 4815 neque
1223 4753 1520 4806 monachos
1573 4755 1743 4821 culpa:
1814 4768 1936 4808 reos
1991 4753 2141 4808 facit.

591 4836 690 4900 Qui
727 4838 888 4903 igitur
919 4839 1034 4890 sine
1088 4841 1380 4908 episc0pali
1433 4844 1700 4910 permissu
1754 4854 2036 4898 transeunt
2087 4845 2142 4898 in

593 4927 696 4978 alia
737 4928 1062 4980 monasteria
1115 4943 1179 4980 ex
1238 4929 1324 4993 iis,
1360 4931 1451 4983 ubi
1501 4933 1638 4986 tonsi
1676 4944 1820 4994 sunt,
1871 4934 2148 5000 mult0que

596 5019 766 5086 magis
807 5020 861 5070 in
918 5019 1205 5072 mundanis
1238 5020 1488 5074 domibus
1536 5035 1942 5085 conversantes,
1980 5034 2029 5076 et
2053 5024 2144 5091 qui

593 5123 688 5161 cos
747 5109 1090 5175 suscipiunt,
1145 5112 1484 5165 exterminati
1571 5125 1624 5166 et
1693 5114 2144 5167 excommunicati

594 5204 775 5258 erunt,
828 5197 1000 5252 donec
1055 5201 1111 5253 in
1166 5204 1515 5267 monasteria,
1560 5204 1611 5256 in
1667 5207 1865 5274 quibus
1912 5219 2147 5259 conven-

595 5289 768 5341 tiones
800 5285 826 5324 ά
863 5285 1124 5353 fecerunt,
1150 5291 1367 5347 fuerunt
1398 5295 1621 5349 reversi.

2249 4483 2434 4534 στάσει
2463 4484 2558 4549 τῆς
2586 4481 2751 4548 μονῆς
2777 4481 2994 4549 θελήσει
3027 4479 3421 4546 μετακομίσαι,
3450 4479 3483 4546 ἢ
3517 4481 3597 4540 είς
3623 4493 3806 4544 κοσμι-

2247 4573 2352 4640 κὴν
2394 4572 2571 4622 οἰκίαν
2601 4571 2692 4621 ἐπὶ
2731 4569 2977 4637 σωτηρίᾳ
3005 4568 3115 4620 τῶν
3145 4568 3504 4620 ἐνοικούντων
3528 4569 3802 4635 δοκιμάσει

2251 4664 2610 4728 καταστῆσαι,
2663 4659 2695 4728 ἢ
2749 4658 3013 4725 ἀλλαχόσε
3062 4657 3347 4723 εὐδοκήσει
3409 4658 3802 4724 ὲπιστατῆσαι·

2249 4750 2452 4802 τούτων
2500 4748 2622 4800 οὔτε
2666 4749 2788 4810 τοὺς
2829 4745 3278 4815 ὑποδεχομένους,
3331 4746 3459 4798 οὗτε
3492 4750 3618 4809 τοὺς
3652 4763 3805 4816 μονα-

2255 4843 2381 4909 χοὺς
2426 4841 2714 4900 ὑποδίκους
2771 4841 2935 4890 ποιεῖ.
2993 4839 3056 4889 Οἱ
3113 4837 3244 4904 γοῦν
3300 4838 3426 4906 δίχα
3507 4837 3806 4907 προτροπῆς

2255 4931 2618 4997 ὲπισκοπικῆς
2653 4929 3068 4997 μεταϐαίνοντες
3101 4929 3180 4989 είς
3205 4928 3368 4997 ἕτερα
3405 4930 3733 4998 μοναστήρια
3752 4927 3806 4988 ἐξ

2253 5016 2326 5073 ὧν
2363 5021 2740 5089 ἀπεκάρησαν,
2768 5018 2943 5084 πολλῷ
2974 5020 3028 5070 δὲ
3054 5019 3215 5070 πλέον
3258 5022 3337 5081 είς
3372 5019 3640 5087 κοσμικὰς
3685 5030 3806 5066 κατα

2255 5113 2427 5173 οικίας
2455 5112 2844 5180 διατρίὸοντες,
2881 5112 2973 5162 καὶ
2997 5112 3044 5162 oi
3073 5111 3355 5178 δεχόμενοι
3394 5110 3638 5169 τούτους,
3667 5107 3805 5172 ἀφω-

2258 5203 2503 5270 ρισμένοι
2530 5205 2622 5253 καὶ
2656 5202 3006 5269 ἀκοινώνητοι
3057 5199 3297 5262 ἔσονται,
3353 5200 3547 5268 μέχρις
3581 5196 3646 5248 ἂν
3683 5197 3806 5247 ὑπο·

2257 5295 2559 5363 στρέψωσιν
2598 5295 2674 5356 είς
2701 5292 2766 5344 τὰ
2807 5293 3144 5362 μοναστήρια
3172 5292 3232 5345 ἐν
3258 5287 3340 5353 οἷς
3392 5291 3494 5348 τὰς
3541 5288 3797 5356 συνθήκας

2253 5384 2564 5436 δεδώκασιν.

1884 5560 1923 5606 V
1939 5557 2110 5610 ίἰίὶΙᾹΞ
2151 5554 2548 5609 LEC'l‘IONES.

650 5644 685 5683 δ
710 5648 1081 5700 exhortatione.
1137 5656 1157 5684 ε
1185 5647 1450 5714 eﬂicaciter
1473 5649 1793 5702 concedetur.

1879 5650 1903 5686 ει
1934 5660 2085 5716 pacta
2117 5651 2189 5701 vel
2213 5647 2531 5718 sponsiones.
