4004 6450
195 289 306 348 973

1042 291 1432 351 RESl‘ONSA
1474 290 1576 350 AD
1618 289 2355 353 lNl‘ERilOGATlONES
2397 293 2657 359 MARCI.

3313 297 3418 362 9n

298 408 598 477 Βιώτησις
621 417 725 464 xa'.
763 415 1008 478 Ἔξεστιν
1039 420 1116 480 εἱς
1138 418 1428 492 διαφόρους
1457 419 1751 487 ἐκκλησίας
1783 469 1784 475 η

1923 422 2273 493 Interrogatio
2293 422 2382 475 21.
2403 424 2480 477 An
2505 420 2677 489 possit
2700 419 2822 489 quis
2849 416 2903 472 in
2924 417 3154 473 diversis
3177 418 3420 474 ecclesiis

195 499 550 570 κληρωθῆναί
578 521 716 568 τινα,
752 506 782 574 ἢ
818 505 912 569 05;

283 596 413 646 Ἀετ.
443 591 607 648 Εἶπον
651 597 707 646 εν
751 597 1100 665 Εὐαγγελίοις
1127 603 1154 654 ὁ
1185 601 1406 672 Κύριος,
1447 602 1631 662 Οὐδέις
1668 600 1760 652 δύο

195 699 358 736 9114:
385 685 505 736 δυσὶ
523 683 726 754 κυρίοις
751 686 1040 741 δουλεύειν.
1061 691 1169 742 Τοῦ
1188 692 1292 761 γὰρ
1311 692 1424 752 ἑνὸς
1451 692 1754 754 ἀνθέξεται,

195 777 292 827 καὶ
332 775 423 829 τοῦ
446 779 627 846 ἑτέρου
677 782 1096 850 καταφρονήσει.
1133 783 1294 836 Ὀθεν
1316 784 1406 836 καὶ
1435 785 1462 836 ό
1493 791 1548 835 ιε’
1581 783 1759 836 κανὼν

196 871 296 935 τῆς
329 869 486 934 ἁγίας
531 868 624 922 καὶ
654 871 1034 940 οἱκουμενικῆς
1069 872 1111 936 ζ’
1164 875 1380 926 συνόδου
1422 873 1593 927 ταῦτα
1620 873 1759 926 κατὰ

199 960 352 1024 ῥῆμα
380 957 620 1024 διέξεισι,
656 961 929 1030 Κληρικὺς
958 961 1169 1016 ἀπὸτοῦ
1191 966 1451 1032 παρόντος
1487 965 1561 1034 μὴ
1591 982 1760 1019 κατα·

195 1043 474 1096 ταττέσθω
549 1047 605 1098 ὲν
656 1047 805 1098 δυσὶν
877 1049 1216 1119 ἐκκλησίαις.
1275 1052 1600 1122 Ἐμπορείας
1653 1054 1759 1122 γὰρ

195 1133 293 1182 καὶ
335 1135 776 1203 αἰσχροκερδείας
839 1137 966 1189 ίδιον
1001 1138 1176 1201 τοῦτο,
1211 1139 1305 1191 καὶ
1337 1139 1612 1208 ἀλλότριον
1665 1143 1759 1193 ἐκ·

199 1222 591 1290 κλησιαστικῆς
618 1226 920 1294 συνηθείας.
959 1227 1300 1297 ’ίίκούσαμεν
1346 1230 1453 1300 γὰρ
1493 1230 1552 1293 ἐξ
1590 1230 1760 1298 αὐτῆς

196 1317 297 1384 τῆς
320 1319 601 1387 Κυριακῆς
636 1321 796 1385 ἁγίας
819 1321 1023 1390 φωνῆς,
1063 1322 1145 1374 ὅτι
1176 1324 1236 1375 οὐ
1272 1323 1495 1376 δύναταί
1523 1340 1606 1384 τις
1641 1324 1761 1375 δυσὶ

197 1411 406 1477 κυρίοις
437 1410 703 1464 δουλεύειν
733 1427 747 1442 ο
779 1413 811 1480 ἦ
859 1413 967 1483 γὰρ
1020 1415 1111 1466 τὸν
1147 1415 1244 1467 ἕνα
1280 1416 1520 1483 μισήσει,
1545 1417 1638 1468 καὶ
1672 1417 1762 1468 τὸν

180 1486 385 1568 ’ἓτερον
428 1501 700 1571 ἀγαπήσει
745 1517 758 1531 ·
795 1503 826 1571 ἢ
877 1503 968 1555 τοῦ
1011 1504 1129 1567 ἑνὸς
1175 1504 1480 1570 ἀνθέξεται,
1524 1506 1615 1558 καὶ
1669 1504 1760 1557 τοῦ

199 1591 388 1659 ἑτέρου
424 1593 846 1662 καταφρονήσει.
902 1595 1166 1657 Ἕκαστος
1187 1591 1302 1658 οὖν,
1333 1594 1480 1648 κατὰ
1499 1596 1595 1662 τὴν
1629 1597 1764 1648 ἀπο-

199 1682 453 1750 στολικὴν
498 1682 700 1749 φωνὴν,
749 1686 806 1735 ἐν
860 1677 904 1750 ᾧ
956 1684 1182 1752 ἐκλήθη,
1232 1687 1287 1737 ὲν
1330 1685 1504 1754 τούτῳ
1558 1686 1760 1753 ὀφείλει

1854 512 2090 568 clericus
2120 514 2382 574 ordinari,
2418 526 2587 566 necne
2614 510 2639 562 τ

1926 600 2048 656 Res.
2087 602 2229 656 Dixit
2264 605 2316 656 in
2352 601 2654 672 Evangelils
2703 601 2988 663 Dominus,
3036 598 3203 653 Nemo
3248 606 3422 668 potest

1858 689 2069 745 duobus
2096 692 2330 745 dominis
2349 693 2572 745 servire.
2606 688 2736 742 Nam
2760 689 2850 743 uni
2875 688 3186 750 adhcrebit,
3210 695 3262 740 et
3288 689 3422 740 alte-

1859 798 1976 838 rum
2029 783 2429 850 aspernabitur.
2479 781 2636 837 Umle
2691 788 2744 835 et
2797 795 2970 833 canon
3030 779 3096 833 £5
3146 787 3347 834 sanctae
3371 789 3424 832 et

1861 871 2214 925 mcumenicr
2247 871 2277 924 7
2313 871 2501 941 synodi
2559 870 2672 923 hac
2730 869 2794 923 ad
2847 870 3062 922 verbum
3123 868 3420 936 exprimit:

1858 962 2102 1018 Clericus
2135 963 2203 1016 ab
2242 963 2342 1016 hoc
2381 962 2637 1030 deinceps
2675 969 2916 1029 tempore
2959 962 3012 1013 in
3071 959 3280 1014 duabus
3329 973 3422 1012 ec-

1861 1056 2041 1109 clesiis
2081 1069 2190 1108 non
2239 1053 2537 1107 collocetur
2574 1067 2586 1102 :
2621 1053 2720 1105 boc
2751 1054 2894 1106 enim
2926 1059 3008 1105 est
3043 1049 3422 1119 negotiationis

1861 1156 1912 1202 et
1935 1147 2109 1214 turpis
2142 1145 2274 1199 lucri
2300 1145 2599 1213 preprium,
2639 1151 2692 1196 et
2724 1143 2791 1196 ab
2813 1141 3177 1196 ecclesiastica
3200 1155 3422 1193 consue-

1863 1234 2048 1288 tudine
2108 1234 2364 1286 alienum.
2412 1232 2494 1286 Ab
2544 1233 2658 1300 ipsa
2697 1232 2838 1285 enim
2869 1231 3079 1285 Domini
3115 1246 3243 1285 voce
3274 1235 3424 1286 audi-

1865 1323 2062 1383 vimus.
2090 1338 2194 1376 non
2223 1337 2383 1392 posse
2409 1324 2718 1392 quempiam
2749 1322 2963 1375 duobus
2988 1320 3221 1374 dominis
3254 1323 3422 1376 servi-

1865 1429 1923 1468 re
1952 1431 1966 1467 :
2001 1413 2084 1466 vel
2116 1429 2280 1466 unum
2311 1413 2436 1466 odio
2472 1411 2706 1477 habebit,
2732 1421 2787 1464 et
2807 1412 3034 1464 alterum
3069 1411 3252 1476 diliget
3284 1427 3298 1475 ;
3344 1413 3421 1464 vel

1868 1519 2033 1557 unum
2058 1504 2432 1571 amplectetur,
2451 1512 2503 1554 et
2520 1503 2747 1554 alterum
2772 1502 3023 1570 negliget.
3045 1499 3416 1569 Unusquisque

1867 1609 2016 1664 ergo,
2050 1602 2106 1647 ut
2145 1609 2246 1648 vox
2283 1604 2363 1646 est
2394 1593 2715 1662 apostolica,
2747 1593 2800 1646 in
2839 1609 2923 1654 eo,
2963 1594 3015 1646 in
3053 1607 3160 1660 quo
3199 1601 3411 1644 vocatus

1867 1696 1972 1746 est,
2021 1685 2178 1739 debet
2226 1700 2465 1748 manere,
2515 1692 2567 1738 et
2617 1685 2668 1736 iu
2724 1699 2828 1738 una
2876 1683 3114 1738 Ecclesia
3161 1682 3412 1737 assidere.

203 1747 419 1838 μένειν,
461 1747 552 1822 καὶ
616 1747 997 1841 προσεδρεύειν
1054 1747 1112 1825 έν
1147 1747 1264 1844 ⁷μιᾷ
1309 1747 1626 1844 Ἐκκλησία..
1677 1775 1756 1826 Τὰ

1866 1775 1989 1840 Qum
2011 1775 2152 1828 enim
2181 1783 2397 1843 propter
2424 1782 2580 1844 turpe
2605 1775 2814 1828 lucrum
2842 1776 2976 1829 tiunt
3003 1775 3058 1828 in
3087 1772 3417 1828 ecclesiasti-

196 1862 308 1930 γάρ
364 1861 432 1914 δι’
477 1863 920 1932 αἰσχροκέρδειαν
955 1867 1214 1934 γινόμενα
1253 1867 1343 1919 ἐπὶ
1396 1867 1504 1920 τῶν
1558 1869 1758 1937 ἐκκλη-

197 1952 497 2004 σιαστικῶν
526 1957 882 2022 πραγμάτων,
912 1956 1164 2026 ἀλλότρια
1202 1956 1296 2010 τοῦ
1327 1955 1460 2009 Θεοῦ
1498 1957 1761 2024 καθεστὴ-

199 2058 347 2094 κασι.
384 2042 523 2110 Πρὸς
552 2044 608 2095 δὲ
633 2046 730 2114 τὴν
755 2046 846 2098 τοῦ
881 2045 995 2114 βίου
1043 2046 1230 2099 τούτου
1257 2047 1448 2117 χρείαν
1475 2048 1761 2115 ἐπιτηδεύ-

203 2132 346 2199 ματὰ
407 2135 512 2184 είσι
556 2133 806 2204 διάφορα.
851 2135 939 2198 Ἐξ
978 2135 1157 2188 αὐτῶν
1193 2133 1286 2189 οὖν
1330 2136 1383 2188 εί
1403 2153 1484 2199 τις
1524 2136 1762 2207 βούλοιτο

199 2221 268 2272 τι
314 2221 547 2291 χρειώδη
603 2225 693 2276 τοῦ
765 2225 1015 2294 σώματος
1068 2227 1390 2297 ποριζέσθω.
1430 2229 1574 2296 Ἔφη
1603 2228 1708 2298 γὰρ
1735 2229 1763 2280 ό

212 2310 556 2374 Ἀπόστολος,
590 2313 720 2375 Ταῖς
743 2315 954 2382 χρείαις
976 2333 1075 2384 μου
1099 2317 1191 2369 καὶ
1221 2320 1332 2379 τοῖς
1357 2316 1472 2369 οὖσι
1492 2317 1608 2385 μετ’
1630 2315 1761 2384 ἐμοῦ

202 2403 548 2470 ὑπηρέτησαν
569 2407 622 2456 αί
641 2407 814 2474 χεῖρες
834 2401 1010 2460 αὗται.
1029 2409 1454 2478 Παρατηρητέον
1471 2403 1561 2461 οὖν
1578 2409 1647 2460 τὰ
1671 2409 1764 2461 τοῦ

1865 1866 1945 1918 cis
1981 1864 2233 1933 negotiis,
2266 1879 2327 1918 ea
2363 1879 2391 1917 a
2421 1863 2529 1919 Deo
2560 1872 2687 1919 sunt
2716 1865 2909 1918 aliena.
2944 1863 3020 1915 Ad
3057 1862 3217 1931 Imjus
3243 1869 3421 1916 autem

1867 1957 1989 2010 vitae
2015 1971 2170 2010 usum
2202 1965 2329 2010 sunt
2356 1956 2569 2010 diversa
2599 1955 2795 2010 studia.
2823 1954 2899 2008 Ex
2939 1955 3004 2009 iis
3033 1968 3182 2022 ergo,
3223 1953 3268 2008 si
3299 1952 3424 2021 quis

1863 2048 2012 2110 velit,
2039 2061 2100 2100 ea
2128 2061 2246 2114 quae
2269 2055 2395 2100 sunt
2418 2049 2631 2114 corpori
2651 2046 2713 2098 ad
2741 2062 2895 2100 usum
2929 2044 3248 2105 necessaria,
3271 2057 3424 2097 com-

1867 2145 2037 2205 paret.
2077 2135 2219 2188 Dixit
2251 2135 2395 2189 enim
2439 2134 2753 2204 Apostolus,
2799 2132 2999 2187 Usibus
3042 2133 3195 2195 meis,
3234 2139 3286 2185 et
3351 2131 3418 2185 iis

1871 2227 1962 2296 qui
1994 2240 2204 2279 mecum
2253 2233 2401 2290 sunt,
2439 2224 2986 2278 subministraverunt
3030 2237 3221 2274 manus
3271 2235 3421 2273 mean

1867 2315 2275 2371 Observandum
2312 2317 2497 2384 igitur,
2542 2324 2597 2368 ut
2633 2315 2719 2367 liie
2765 2329 2938 2368 canon
2972 2313 3257 2366 inviolatus
3287 2326 3424 2364 con-

1867 2415 2116 2460 servetur
2149 2422 2161 2456 τ
2194 2419 2386 2474 magna
2417 2404 2562 2458 enim
2605 2403 2704 2457 luit
2737 2403 2898 2472 hujus
2933 2402 3282 2470 contemptio.

185 2493 344 2546 ’θείου
395 2495 580 2548 τούτου
620 2499 839 2559 κανόνος
883 2499 1258 2568 συντηρεῖσθαι
1285 2501 1538 2568 ἁπαρεγχ
1556 2498 1769 2568 είρητα’
1805 2495 1970 2564 πολλὴ
2003 2496 2110 2566 γὰρ
2137 2496 2358 2562 γέγονεν
2393 2493 2554 2547 αὐτοῦ
2592 2497 3012 2563 καταφρόνησις»

282 2584 592 2653 Ἐρώτησις
621 2585 734 2650 κβ.
789 2589 1033 2657 ’Δρχαῖον
1065 2589 1185 2651 εθος
1221 2590 1298 2652 εἱς
1330 2589 1429 2657 τὴν
1458 2588 1562 2642 τῶν
1604 2589 1760 2641 Ἀλε-

203 2671 470 2742 ξανδρέων
499 2674 765 2742 ἐκράτησε
797 2673 998 2743 χώραν,
1031 2676 1153 2737 τοὺς
1195 2676 1556 2738 τελευτῶντας
1603 2678 1762 2745 ἱερεῖς

201 2765 294 2816 καὶ
322 2765 596 2832 ἀρχιερεῖς
623 2765 712 2817 διὰ
765 2765 922 2832 ἁγίου
949 2765 1120 2836 μύρου
1154 2767 1422 2836 χρίεσθαι,
1476 2768 1570 2820 καὶ
1609 2769 1766 2820 εντα-

1941 2586 2296 2654 lnterrogatio
2326 2584 2414 2637 22.
2446 2583 2614 2638 Vetus
2643 2581 2978 2637 consuetudo
3022 2583 3072 2635 in
3107 2580 3423 2636 Alexandri-

1871 2693 2064 2732 norum
2116 2677 2334 2744 regione
2390 2675 2642 2737 obtinuit,
2695 2683 2750 2726 ut
2794 2672 2989 2727 mortui
3034 2671 3342 2727 sacerdotes
3367 2678 3424 2726 et

1875 2767 2158 2838 pontiﬁces
2186 2775 2376 2819 sancto
2403 2777 2739 2834 ungerentur
2765 2771 3064 2833 unguento,
3085 2772 3139 2818 et
3172 2765 3240 2816 ita
3272 2778 3426 2828 sepe-

201 2854 494 2918 ςιάζεσυαι
527 2871 539 2884 ·
569 2857 659 2908 καὶ
681 2855 949 2925 ζητοῦμεν
979 2855 1168 2925 μαθεῖν
1193 2859 1241 2908 εί
1268 2857 1766 2927 ἀπροκριμάτιστον

1872 2857 2122 2910 lirentur.
2169 2853 2251 2907 An
2294 2852 2424 2908 illud
2463 2861 2616 2908 extra
2662 2853 3033 2922 praeiudicium
3081 2853 3170 2915 sit,
3220 2852 3428 2906 discere

201 2946 359 2998 τοῦτό
385 2948 475 2997 εστ
485 2963 554 2998 ιν.

1868 2948 2137 3014 cuphnus.

269 3037 395 3089 ‘Ax.
427 3035 790 3102 Εὑαγγε).ικόν
838 3038 954 3090 ὲστι
981 3037 1367 3106 παράγγελμα,
1393 3035 1539 3100 ἅπαξ
1573 3035 1765 3104 βαπτί-

1937 3036 2059 3092 Res.
2085 3037 2466 3108 Evangelicum
2497 3043 2582 3091 est
2615 3044 2965 3104 praceptum,
2999 3041 3164 3088 semet
3193 3049 3307 3098 eos,
3330 3035 3425 3105 qui

202 3125 392 3188 οἴεσθαι
414 3127 537 3190 τοὺς
580 3127 976 3190 πιστεύσαντας
1024 3129 1101 3190 εἱς
1131 3129 1189 3180 τὸ
1221 3128 1394 3197 ὗνομα
1425 3127 1516 3182 τοῦ
1557 3127 1766 3194 [ἰατρὸς

1868 3128 2236 3181 crediderunt.
2267 3128 2532 3196 baptizari
2563 3128 2616 3181 in
2645 3127 2860 3180 nomine
2886 3124 3084 3184 Patris,
3111 3133 3162 3177 et
3201 3122 3343 3190 Filii,
3372 3135 3428 3180 et

198 3215 292 3266 καὶ
314 3213 409 3266 τοῦ
434 3213 560 3265 Υἱοῦ
593 3216 686 3266 καὶ
715 3214 806 3267 τοῦ
834 3216 986 3280 ἁγίου
1015 3215 1350 3284 Πνεύματος.
1377 3219 1474 3269 Διά
1507 3233 1586 3268 τοι
1612 3215 1766 3268 τοῦτο

1869 3216 2109 3286 Spiritus
2135 3218 2332 3272 sancti.
2359 3216 2441 3271 0b
2466 3231 2584 3271 eam
2611 3230 2726 3270 rem
2755 3224 2810 3270 et
2830 3214 2895 3270 ι’]
2918 3228 3090 3269 canon
3115 3224 3422 3268 sanctorum

199 3304 295 3357 καὶ
329 3307 356 3355 ὁ
394 3303 480 3371 μξ¹
527 3304 704 3358 κανὼν
746 3306 854 3358 τῶν
898 3305 1068 3372 ἁγίων
1119 3308 1428 3361 ἀποστόλων
1455 3306 1626 3360 ταῦτὰ
1656 3322 1755 3376 φη-

1870 3307 2240 3374 spostolorum
2286 3306 2399 3360 haec
2424 3306 2598 3373 inquit
2631 3322 2643 3356 :
2679 3303 2975 3372 Episcopus
3012 3303 3092 3356 vel
3126 3303 3425 3373 presbyter,

201 3410 307 3454 σιν,
360 3393 684 3458 Ἐπίσκοπος
728 3396 759 3464 ἢ
807 3396 1174 3466 πρεσϐύτερος
1204 3399 1293 3450 τὸν
1329 3399 1471 3450 κατά
1505 3397 1767 3465 ἀλήθειαν

1866 3410 2012 3460 eum,
2033 3397 2262 3464 quivere
2285 3397 2444 3450 habet
2473 3395 2826 3464 baptismum,
2855 3393 2900 3447 si
2931 3393 2994 3446 de
3017 3394 3222 3461 integro
3254 3394 3430 3462 bapti-

199 3483 392 3558 ξχοντα
423 3483 701 3553 βάπτισμα
729 3485 824 3538 ἑάν
863 3487 1068 3540 ἀνωθεν
1113 3487 1368 3558 βαπτὶσῃ,
1415 3487 1564 3558 ἢτδν
1601 3503 1770 3556 μεμο-

1868 3487 2090 3550 saverit,
2129 3487 2212 3540 vel
2237 3487 2282 3540 si
2305 3501 2449 3548 eum,
2476 3485 2568 3554 qui
2621 3484 2687 3538 ab
2719 3484 2899 3551 impiis
2918 3482 3158 3548 pollutus
3189 3492 3288 3544 est,
3321 3499 3426 3538 non

198 3572 470 3640 λυσμένον
499 3575 650 3642 παρά
697 3576 806 3627 τῶν
842 3575 1053 3628 ἀσεϐῶν
1084 3577 1158 3646 μὴ
1201 3577 1460 3648 βαπτίσῃ,
1490 3577 1770 3646 καθαιρεί-

1878 3577 2253 3647 baptizaverit,
2282 3577 2601 3643 deponatur,
2636 3582 2696 3628 ut
2729 3573 2821 3642 qui
2853 3572 3077 3626 irrideat
3113 3587 3340 3628 mortem
3373 3585 3428 3628 et

201 3663 359 3715 σθω·
393 3663 470 3725 ὡς
502 3665 674 3730 γελῶν
720 3667 812 3719 τὸν
866 3666 1095 3737 σταυρὸν
1139 3667 1356 3720 καὶτὸν
1414 3666 1506 3718 τοῦ
1566 3666 1766 3735 Κυρίου

198 3755 452 3816 θάνατον,
489 3755 581 3809 καὶ
617 3756 692 3824 μὴ
721 3757 1011 3825 διακρίνων
1041 3757 1223 3826 ἱερέας
1250 3756 1626 3826 ψευδοῖερέων.
1659 3757 1768 3809 Καὶ

194 3847 226 3897 ό
276 3850 348 3912 ιη’
379 3845 560 3896 κανὼν
605 3846 702 3912 τῆς
740 3847 796 3897 ὲν
851 3840 1176 3918 Καρθαγὲνῃ
1224 3848 1437 3899 συνόδου
1488 3848 1656 3899 ταῦτα
1691 3846 1769 3898 δι·

196 3936 418 3999 ἐξεισιν,
459 3935 583 3987 Ἐάν
622 3953 702 3996 τις
734 3935 991 4005 κληρικὸς
1012 3936 1614 4007 χειροτονῆται,όφείλει
1638 3936 1770 3988 imo-

201 4027 608 4096 μιμνήσκεσθαι
647 4029 774 4089 τοὺς
801 4029 959 4096 ὄρους
1004 4027 1292 4096 φυλάττειν
1332 4043 1346 4056 °
1384 4028 1475 4079 καὶ
1522 4029 1607 4079 ἴνα
1656 4030 1767 4091 τοῖς

200 4117 418 4182 σώμασι
448 4114 557 4166 τῶν
618 4114 995 4168 ἀποθανόντων
1044 4115 1359 4186 εὐχαριστία
1392 4116 1466 4185 μὴ
1511 4115 1753 4181 διδῶται,

199 4203 338 4273 μηδὲ
374 4204 675 4273 βάπτισμα.
703 4205 765 4258 Οἱ
810 4203 939 4271 γοῦν
998 4205 1087 4258 διά
1140 4205 1310 4274 μύρου
1348 4205 1590 4274 χρίοντες
1641 4208 1766 4268 τοὺς

1867 3684 2086 3725 crucem
2119 3669 2418 3730 Domini.et
2441 3683 2547 3724 non
2572 3667 2848 3723 discernat
2875 3667 3184 3721 sacerdotes
3217 3681 3245 3719 a
3280 3666 3430 3720 falsis

1869 3759 2264 3816 sacerdotibus.
2313 3759 2376 3813 Et
2427 3759 2491 3811 18
2543 3771 2716 3812 canon
2771 3757 2962 3828 synodi
3003 3757 3429 3825 Carliaginensis

1868 3850 1984 3904 btee
2041 3849 2341 3918 exprimit:
2376 3845 2432 3902 Si
2486 3847 2610 3916 quis
2655 3848 2888 3902 clericus
2941 3846 3240 3910 ordinetur,
3275 3845 3430 3900 debet

1869 3939 2170 4002 admoneri,
2202 3949 2260 3992 ut
2282 3947 2462 3992 servet
2484 3938 2698 3991 decreta
2728 3953 2744 4001 ;
2777 3945 2830 3991 et
2855 3946 2912 3989 ut
2939 3945 3277 3988 mortuorum
3308 3949 3430 3988 cor-

1871 4029 2097 4100 poribus
2126 4027 2468 4082 Eucbaristia
2505 4043 2612 4082 non
2645 4027 2822 4091 detur,
2847 4041 2948 4081 nec
2982 4025 3304 4094 baptismus.
3327 4022 3427 4088 Qui

1868 4121 2034 4189 igitur
2079 4126 2355 4188 unguento
2401 4118 2673 4172 deliniunt
2715 4127 2959 4172 mortuos
2996 4115 3328 4176 sacerdotes,
3374 4121 3429 4168 et

1867 4210 2169 4280 pontifices,
2207 4217 2299 4262 aut
2335 4208 2469 4264 alios
2509 4209 2754 4278 quosvis,
2795 4217 2849 4264 et
2877 4209 2959 4263 sic
2993 4208 3279 4277 sepeliunt,
3314 4220 3428 4258 ma-

193 4294 562 4356 τελευτῶντας
595 4294 757 4365 ἱερεῖς
802 4293 896 4347 καὶ
944 4294 1238 4362 ἀρχιερεῖς,
1276 4293 1582 4366 πεπείρους
1619 4296 1770 4358 τινὰς

1873 4310 1977 4366 gna
2008 4301 2136 4348 sunt
2180 4295 2538 4364 castigatione
2583 4295 2751 4362 digni,
2793 4293 2876 4347 vel
2921 4302 2984 4345 ut
3024 4299 3428 4346 contemnentes

195 4386 290 4436 καὶ
319 4384 492 4445 οὕτως
547 4383 978 4452 ἐνταφιάζοντες,
1043 4383 1282 4452 μεγάλης
1336 4383 1443 4434 elei.
1497 4383 1767 4446 κολάσεως

195 4475 339 4538 ἄξιοι
369 4488 381 4501 ·
417 4472 447 4542 ἦ
477 4472 549 4534 ὼς
575 4472 1075 4539 καταγινώσκοντες
1114 4471 1224 4526 τῶν
1269 4471 1638 4541 βαπτιζόντων
1669 4473 1760 4542 ὀρ·

197 4564 426 4628 θοδόξων
457 4563 674 4625 αὐτοὺς,
705 4563 737 4632 ἢ
780 4563 854 4625 ὡς
909 4563 984 4631 μὴ
1039 4561 1407 4632 πληροφορίαν
1445 4562 1658 4631 ἔχοντες
1685 4566 1767 4615 ἐν.

192 4652 347 4720 τελῆ,
377 4655 487 4715 τοῖς
535 4652 832 4721 όρθοδόξοις
867 4648 1004 4703 εἶναι
1040 4650 1259 4713 τούτους
1309 4651 1618 4714 κοινωνοὺς,
1673 4651 1763 4704 καὶ

195 4745 302 4812 προ
330 4742 704 4814 κατακρίσεως
737 4742 1173 4811 κατακρίνοντες.

281 4830 604 4898 Ἐρώτησις
660 4829 769 4899 κγ’.
830 4829 1219 4899 Λελωδημένος
1273 4831 1307 4900 ἢ
1361 4831 1758 4900 ἑτερόφθαλμος

193 4915 450 4985 ἀξιωθείη
475 4914 682 4984 βαθμοῦ
713 4916 1022 4985 ἱερατικοῦς
1050 4917 1082 4986 ἢ
1121 4920 1148 4970 ό
1177 4917 1314 4986 μετά
1341 4917 1438 4987 τὴν
1460 4919 1759 4988 ἱερωσύνην

193 5005 517 5074 καταπαθὴς
577 5005 837 5073 γεγονὼς,
893 5008 1096 5063 ὶσεῖται
1160 5008 1252 5059 καὶ
1292 5007 1428 5075 μετὰ
1483 5006 1545 5060 τὸ
1590 5008 1758 5070 πάθος

195 5094 520 5168 ἱερουργιῖη,
549 5095 581 5167 ἢ
613 5095 704 5160 οὓς

279 5195 410 5244 'Az.
445 5189 550 5242 Καὶ
597 5187 782 5242 ἀλλοτε
823 5189 1047 5255 εἴπομεν
1075 5188 1182 5240 ἀπὸ
1214 5187 1308 5239 τοῦ
1355 5188 1649 5242 Μωσαῖκοῦ
1676 5190 1759 5242 νό-

199 5297 296 5348 μου
333 5278 457 5339 τοὺς
479 5277 749 5338 τοιούτους
779 5279 858 5339 εἱς
886 5277 1186 5346 ἱερωσύνην
1211 5277 1285 5346 μὴ
1301 5277 1744 5346 προσιδάζεσθαι·

203 5366 262 5420 ’0
286 5368 341 5419 δὲ
379 5367 452 5429 ος*
482 5367 660 5421 κανὼν
692 5368 799 5418 τῶν
827 5366 993 5433 ἁγίων
1023 5366 1114 5418 καὶ
1134 5368 1501 5436 πανευφήμων
1526 5368 1751 5420 ἀποστό·

193 5461 300 5512 λων
327 5458 500 5512 ταῦτά
528 5474 711 5527 φησιν’
748 5459 814 5510 Εἴ
841 5475 921 5520 τις
959 5457 1232 5527 ἀνάπηρος
1342 5460 1430 5512 τὸν
1455 5458 1751 5526 ὀφθαλμὸν,

1874 4387 2230 4449 orthodoxos,
2275 4387 2365 4454 qui
2401 4401 2496 4439 eos
2529 4384 2873 4453 baptizarunt
2907 4400 2924 4446 ;
2981 4383 3065 4437 vel
3108 4391 3166 4436 ut
3215 4383 3426 4450 plenam

1873 4489 1981 4529 non
2014 4475 2277 4530 habentes
2323 4475 2780 4537 testiﬁcationem,
2813 4473 2955 4542 quod
2987 4473 3039 4526 hi
3084 4486 3206 4525 cum
3241 4471 3429 4524 ortho-

1871 4566 2025 4620 doxis
2048 4565 2252 4620 fuerint
2277 4565 2594 4634 participes,
2630 4573 2684 4619 et
2714 4572 2840 4618 ante
2867 4562 3132 4632 judicium
3171 4561 3428 4615 condem-

1873 4663 2087 4710 nantes.

1936 4833 2103 4888 Inter.
2147 4835 2237 4888 25.
2291 4833 2513 4888 Maucus
2552 4843 2645 4887 aut
2683 4834 3007 4887 monoculus
3065 4831 3425 4885 babebiturne

1868 4927 2035 4997 gradu
2069 4924 2389 4979 sacerdotali
2418 4923 2653 4992 dignust
2677 4932 2767 4976 aut
2791 4924 2880 4991 qui
2911 4931 3032 4992 post
3062 4921 3425 4977 sacerdotium

1872 5016 2154 5070 mutilatus
2172 5025 2273 5080 est,
2300 5017 2716 5085 permitteturne
2761 5023 2882 5085 post
2902 5016 3090 5067 vitium
3118 5012 3428 5068 sacrificare

1871 5105 2100 5159 annon?

1942 5193 2060 5248 Res.
2077 5193 2141 5246 Et
2164 5193 2290 5248 alibi
2315 5192 2574 5260 diximus,
2599 5195 2700 5250 bos
2725 5196 2788 5249 ad
2812 5194 3170 5250 sacerdotium
3195 5193 3424 5248 Mosaica

1877 5296 1974 5348 ege
2000 5296 2106 5333 non
2134 5281 2460 5347 promoveri.
2495 5280 2682 5336 Canon
2713 5290 2890 5334 autem
2924 5281 2991 5334 71
3021 5287 3334 5336 sanctorum
3367 5288 3426 5332 et

1865 5368 2273 5423 benedietorum
2332 5371 2701 5438 apostolorum
2744 5371 2858 5424 hac
2908 5372 3030 5423 ait:
3067 5369 3121 5423 Si
3173 5369 3295 5438 quis
3341 5375 3421 5422 vel

1865 5459 2028 5513 oculo
2091 5459 2315 5514 orbatus
2365 5461 2446 5514 vel
2495 5460 2700 5516 femore
2747 5463 2980 5516 oblatsus
3018 5471 3064 5525 ⁸,
3109 5461 3420 5530 episcopatu

1443 5549 1676 5605 VARUS
1717 5549 2110 5606 LECTIONES.

272 5650 296 5679 ⁶
327 5641 400 5693 ι.τὶ
445 5657 594 5693 cruce
640 5641 815 5694 la'sus.
