4004 6448
586 341 690 404 97}

1881 338 1981 396 -ΤΗ
1997 339 2157 398 EOD.
2213 341 2301 396 BA
2319 338 2684 398 l.S.-‘..\i='.'l.\’iS
3733 341 3836 399 ωδ

591 469 767 512 autem
791 458 986 526 dignus
1020 457 1107 520 sit,
1142 457 1249 512 liat.
1274 457 1402 534 Non
1437 457 1578 510 cnim
1612 458 1858 525 carpetis
1889 457 2145 510 damnum

2257 458 2286 526 ἢ
2319 457 2379 508 τὸ
2401 460 2586 520 σκέλος
2617 461 3015 528 πεπληγμένος,
3050 461 3196 525 ἀξιος
3225 462 3280 513 δέ
3317 463 3469 511 ἐστιν
3496 458 3830 525 ἐπισκοπῆς,

536 582 537 585 η
591 564 714 604 eum
753 549 959 618 polluit,
1002 549 1095 603 sed
1141 550 1331 603 anima:
1369 549 1689 617 inquinatio.
1743 549 1807 600 Et
1864 549 1928 599 78
1973 563 2144 601 canon

592 640 904 695 earumdem
964 649 1271 694 sanctorum
1323 641 1688 710 apostolorum
1736 641 1812 693 sic
1849 639 2088 706 loquitur
2127 655 2140 691 :

595 729 694 792 Qui
723 735 900 782 autem
935 736 1016 782 est
1043 728 1240 782 surdus
1274 741 1326 781 et
1366 744 1562 793 caecus,
1605 746 1669 783 ne
1730 729 1801 782 sit
1835 730 2145 797 episcopus,

592 834 700 872 non
733 827 792 871 nt
825 818 1077 888 pollutus,
1111 816 1203 871 sed
1245 833 1308 871 ne
1335 819 1705 870 ecclesiastica
1748 819 2143 884 impediantur.

594 910 914 976 Quicunque
943 909 1107 978 igitur
1126 911 1439 962 morborum
1474 911 1776 977 aliquorum
1818 911 1946 961 vitio
1975 910 2149 976 prolti-

595 999 690 1049 ltiti
745 996 944 1050 fuerint
995 999 1408 1050 sacerdotalium
1442 999 1700 1065 graduum
1738 999 1860 1064 jura
1893 999 2142 1066 exsequi,

598 1086 938 1138 ordinatione
967 1085 1110 1155 digni
1142 1102 1245 1139 non
1284 1087 1645 1140 habebuntur.
1686 1087 1783 1150 Qui
1815 1097 1992 1140 autem
2030 1097 2150 1154 post

595 1175 990 1227 ordinationem
1046 1175 1124 1228 sic
1171 1177 1307 1228 male
1357 1176 1534 1228 atTeCti
1577 1185 1724 1239 sunt,
1778 1192 1930 1230 sacra
1974 1177 2150 1230 facere

595 1262 783 1313 morbo
810 1275 915 1312 non
949 1259 1330 1325 impediuntur.
1367 1260 1432 1315 Et
1464 1265 1534 1313 ita
1571 1264 1838 1315 imbecilla
1869 1264 2150 1314 constituti

599 1346 927 1410 valetudine,
985 1347 1151 1400 libere
1213 1349 1617 1402 sacriﬁcabant.
1678 1349 1767 1402 Dei
1813 1349 2149 1416 prmeonibus

598 1435 739 1488 enim
786 1436 1004 1503 placuit,
1050 1451 1143 1504 per
1177 1439 1571 1492 mutilationem
1599 1439 1844 1505 corporis
1873 1454 1899 1489 a
1946 1439 2144 1491 sacriti-

597 1524 808 1578 catione
855 1540 963 1578 non
1017 1525 1289 1593 prohiberi
1330 1542 1672 1594 quemquam.
1710 1529 1859 1591 Quod
1907 1529 1950 1582 si
1980 1530 2148 1581 morbi

597 1613 834 1667 debitum
853 1613 1032 1666 olIieio
1059 1613 1345 1668 sacerdotii
1371 1616 1441 1666 sit
1471 1616 1871 1684 impedimento,
1901 1631 2150 1669 exercere

598 1701 802 1755 desinet
819 1711 1105 1770 aegrotans,
1130 1718 1158 1753 a
1177 1702 1435 1770 dignitate
1460 1711 1636 1756 tamen
1658 1718 1762 1757 non
1793 1705 2145 1766 alienabitur,

598 1790 730 1856 quin
786 1791 962 1858 potius
1021 1791 1360 1844 miserandus
1410 1793 1534 1857 erit,
1597 1806 1658 1844 ac
1704 1792 1884 1858 priore
1938 1792 2148 1858 quidem

600 1882 803 1934 honore
833 1881 1064 1944 fruetur,
1090 1881 1308 1935 habebit
1341 1894 1516 1935 autem
1549 1884 1707 1935 etiam
1739 1897 1858 1950 qum
1897 1885 1962 1934 ad
1988 1884 2150 1936 vitam

600 1971 1007 2024 sustentandam
1053 1971 1340 2034 sulliciant,
1370 1981 1424 2024 et
1466 1972 1690 2040 reliqua,
1728 1971 1876 2038 juxta
1917 1973 2148 2039 priorem

603 2059 1073 2112 consuetudinem.

673 2146 833 2197 Inter.
871 2147 958 2198 ‘24.
994 2149 1074 2200 An
1107 2148 1378 2209 sacerdos,
1416 2157 1495 2201 vel
1526 2149 1788 2202 diaconus
1819 2188 1831 2211 ,
1867 2154 1980 2202 sine
2010 2152 2152 2215 peri-

603 2236 726 2286 rqu
755 2236 840 2288 ﬁat
876 2238 1288 2300 nummularius,
1317 2241 1395 2291 vel
1426 2240 1886 2303 commereiarius,
1921 2241 2000 2292 vel
2037 2255 2151 2293 me—

600 2327 773 2388 dicus,
803 2327 882 2379 vel
913 2327 1234 2394 astrOIOgns,
1268 2329 1478 2381 necne?

670 2413 786 2466 Res.
835 2416 1020 2466 (Ianon
1058 2425 1370 2468 sanctorum
1401 2424 1453 2468 et
1483 2417 1628 2468 omni
1664 2417 1819 2471 laude
1865 2419 2148 2472 beatorum

602 2503 969 2568 apostolorum
992 2543 1004 2564 ,
1032 2502 1142 2555 haec
1171 2505 1342 2571 inquit
1367 2520 1378 2554 :
1400 2503 1717 2572 Episcopus,
1737 2506 1817 2557 vel
1849 2506 2149 2572 presbyter,

601 2591 682 2642 vel
716 2592 976 2646 diaconus
1003 2593 1272 2647 seculares
1306 2608 1465 2648 curas
1496 2611 1600 2647 non
1628 2597 1890 2662 suscipiat
1913 2613 1927 2651 :
1949 2597 2149 2665 alioqui

600 2682 918 2747 deponatur.
953 2681 1119 2734 Nemo
1149 2683 1289 2736 enim
1326 2692 1501 2752 potest
1532 2685 1743 2738 duobus
1770 2684 2003 2738 dominis
2037 2701 2149 2739 ser-

602 2769 734 2821 vire.
776 2768 840 2821 Et
876 2769 935 2822 8|
983 2783 1153 2822 canon
1181 2771 1311 2823 dicit
1361 2789 1373 2822 :
1427 2771 1689 2837 Diximus,
1739 2789 1843 2826 non
1899 2781 2148 2840 oportere

602 2860 935 2926 episcopum,
978 2861 1058 2912 vel
1093 2860 1483 2928 presbyterum,
1522 2862 1754 2928 seipsum
1795 2861 1860 2913 ad
1904 2864 2147 2929 publicas

604 2951 1102 3004 administrationes
1158 2951 1456 3006 demittere.
1512 2953 1603 3004 sed
1654 2937 1708 3003 in
1762 2953 2149 3006 ecclesiasticis

605 3041 830 3109 negotiis
862 3043 1083 3094 versari.
1114 3041 1281 3095 Nemo
1338 3043 1480 3096 enim
1531 3050 1707 3109 potest
1735 3042 1946 3095 duobus
1978 3043 2150 3097 domi-

603 3132 688 3184 nis
719 3131 944 3191 servirc,
974 3132 1273 3185 secundum
1324 3133 1664 3185 Dominicum
1696 3132 1941 3186 verbum.

681 3218 769 3275 Vel
815 3236 941 3290 ergo
975 3223 1044 3274 ita
1089 3237 1196 3274 non
1237 3221 1409 3276 facere
1466 3224 1872 3291 persuadeatur,
1924 3224 2005 3277 vel
2055 3223 2152 3276 dc-

603 3319 856 3376 ponatur.
903 3311 966 3362 Et
1019 3325 1191 3365 canon
1260 3311 1290 3363 6
1345 3312 1534 3380 synodi
1580 3312 2019 3381 Carthaginensis
2059 3312 2152 3365 de-

607 3401 756 3463 Iinit,
809 3415 872 3452 ex
932 3399 1115 3452 infami
1173 3400 1258 3452 vel
1309 3403 1453 3469 turpi
1507 3402 1720 3468 negotio
1777 3411 2018 3454 sacratos
2076 3403 2156 3453 vi-

602 3499 748 3540 ctum
797 3503 899 3540 non
947 3502 1279 3555 comparare.
1333 3490 1397 3541 Et
1436 3504 1608 3542 canon
1665 3489 1730 3541 10
1786 3490 2022 3555 ejusdem
2068 3505 2153 3558 sy-

606 3579 731 3631 nodi
784 3578 849 3630 ad
904 3578 1273 3632 institutiones
1325 3594 1607 3646 puerorum
1656 3589 1706 3631 ct
1753 3578 2151 3647 Scripturarum

606 3669 886 3720 lectionem
951 3667 1146 3719 debere
1204 3675 1420 3734 paratos
1475 3683 1594 3721 esse
1651 3667 1876 3720 clericos
1934 3668 2153 3729 deﬁnit,

605 3765 659 3808 et
699 3772 803 3810 non
861 3758 1143 3808 mundanis
1178 3765 1230 3809 et
1267 3758 1613 3810 sazcnlaribus
1676 3757 1820 3810 curis
1876 3757 2154 3826 occupari.

607 3848 700 3901 Est
736 3861 861 3897 vero
906 3846 1065 3897 etiam
1105 3846 1275 3912 jussio
1315 3847 1330 3882 ί
1386 3847 1566 3913 inclyti
1621 3847 1996 3914 imperatoris,
2059 3847 2155 3898 do-

602 3937 738 3988 mini
788 3935 1048 3988 Mauuelis
1092 3935 1382 3996 Comueui,
1431 3937 1571 3990 edita
1622 3951 1805 3989 mense
1835 3934 2155 3997 Novembri,

611 4026 800 4080 indict.
852 4027 937 4088 15,
975 4025 1041 4078 ad
1080 4025 1437 4092 quorumdam
1488 4027 1806 4080 clericorum
1855 4026 2158 4077 nummula-

615 4116 810 4165 riorum
854 4112 1270 4180 suggestionem,
1325 4114 1598 4167 insinuata
1651 4115 1704 4165 in
1735 4121 1945 4167 secreto
1977 4113 2161 4166 dome-

613 4203 868 4255 sticorum
910 4202 954 4262 ε,
1019 4215 1201 4253 mense
1237 4201 1540 4262 Novembri,
1587 4202 1771 4256 indict.
1814 4201 1901 4264 15,
1946 4209 2000 4254 et
2049 4201 2160 4254 hinc

613 4290 910 4358 expressim
965 4289 1325 4356 praecipiens:
1377 4289 1456 4340 Ad
1503 4302 1858 4355 quoscunque
1903 4303 2159 4355 pervene-

2248 548 2505 621 γινέσθω..
2530 553 2601 602 0-3
2631 553 2737 621 γὰρ
2769 551 2910 620 λώϐη
2945 553 3193 621 σώματος
3224 553 3392 602 αὑτὸν
3438 550 3667 615 μιαίνει,
3690 549 3827 600 ἀλλὰ

2246 635 2420 704 ψυχῆς
2451 640 2738 705 μολυσμὸς.
2797 641 2951 691 Καιὸ
2978 647 3056 707 (ιη’
3092 642 3273 692 κανὼν
3303 641 3414 690 τῶν
3443 639 3629 691 αὐτῶν
3657 639 3826 703 ἁγίων

2249 727 2557 778 ἀποστόλων
2592 729 2730 778 οὕτω
2784 727 3022 791 διέξεισι,
3079 730 3274 795 Κωφδς
3321 729 3416 778 καὶ
3455 727 3681 793 τυφλὸς,
3743 726 3816 792 μὴ

2248 815 2475 882 γινέσθω
2514 817 2806 878 ἐπίσκοπος
2835 835 2847 848 ·
2874 820 2970 886 οὔχ
3003 819 3078 878 ὡς
3133 818 3540 885 μεμιασμένςς,
3598 814 3713 865 ἀλλ’
3745 816 3831 864 ἵνα

2253 906 2324 972 μὴ
2353 904 2418 954 τὰ
2471 905 2889 972 ἐκκλησιαστικά
2927 905 3435 974 παρεμποδίζοιντο.
3466 904 3534 954 ’Ὀ
3556 904 3829 954 σοιτοίνυν

2251 995 2314 1044 ὲκ
2350 994 2551 1055 πάθους
2586 997 3027 1065 ἀρρωστημάτων
3072 996 3232 1046 τινῶν
3265 994 3567 1061 ἱερατικῶν
3607 992 3830 1058 βαθμῶν

2250 1084 2486 1151 ἐνεργεῖν
2513 1085 2844 1136 νεκώλυνται
2878 1086 3058 1136 δίκαια
3089 1085 3429 1153 χειροτονίας
3463 1083 3569 1134 οὐκ
3595 1082 3832 1147 ἀξιωῧή-

2253 1190 2451 1225 σονται.
2482 1175 2544 1224 Οἱ
2593 1175 2649 1225 δὲ
2678 1175 2811 1242 μετὰ
2858 1176 2953 1242 τὴν
3006 1174 3340 1242 χειροτονίαν
3367 1172 3518 1223 οὕτω
3568 1171 3832 1230 παθόντες

2253 1264 2455 1325 κακῶς,
2487 1265 2585 1313 οὐκ
2609 1264 2982 1331 ἐμποδίζονται
3017 1264 3103 1313 διὰ
3149 1263 3248 1328 τὴν
3287 1262 3447 1312 νόσον
3504 1261 3832 1327 ἱερουργεῖν,

2253 1353 2344 1402 καί
2378 1352 2549 1413 οὕτως
2589 1352 2886 1421 ἀρρώστως
2934 1353 3170 1420 ἔχοντες,
3199 1349 3501 1410 ἀκωλύτως
3535 1348 3833 1418 ἱερουργή-

2253 1458 2423 1495 σουσι.
2471 1443 2592 1502 Τοῖς
2645 1442 2750 1510 γὰρ
2787 1441 3103 1509 θεοκήρυξιν
3161 1439 3330 1502 ἔδοξε,
3378 1438 3472 1490 διὰ
3498 1438 3684 1504 λώϐην
3727 1437 3834 1486 ad:-

2255 1549 2418 1598 ματος
2460 1533 2557 1598 τῆς
2589 1532 2892 1600 ἱερουργίας
2919 1529 3040 1582 τινὰ
3084 1516 3156 1597 μὴ
3189 1527 3520 1580 κωλύεσθαι.
3548 1528 3610 1578 Ei
3644 1527 3704 1577 δὲ
3731 1526 3834 1592 τῆς

2255 1622 2520 1688 ίερατείας
2543 1622 2601 1672 τὸ
2623 1621 2936 1688 σπούδασμα
2961 1621 3239 1688 ἐμποδίζει
3257 1621 3356 1686 τῆς
3384 1618 3546 1670 νόσου
3568 1616 3630 1668 τὸ
3657 1616 3834 1683 65:211-

2254 1729 2347 1776 μα.
2398 1712 2496 1778 τῆς
2558 1712 2828 1778 ἐνεργείας
2875 1710 3213 1779 παυθήσεται
3280 1709 3309 1758 ὁ
3362 1707 3557 1769 νοσῶν,
3616 1706 3716 1757 τοῦ
3773 1706 3834 1757 δὲ

2181 1779 2222 1833 Β
2253 1799 2555 1868 ἀξιώματος
2589 1802 2688 1852 οὐκ
2738 1801 3225 1869 ἀλλοτριωθήσεται
3253 1813 3266 1827 ⁸
3311 1797 3450 1849 ἀλλὰ
3495 1796 3700 1865 μᾶλλον
3742 1798 3834 1848 ol-

2255 1888 2693 1956 κτειρηθήσεται,
2754 1891 2845 1940 καί
2901 1887 3196 1939 ἀπολαύσει
3242 1887 3340 1953 μὲν
3392 1887 3494 1952 τῆς
3551 1886 3834 1954 πρατέρας

2253 1979 2432 2044 τιμῆς,
2452 1979 2561 2040 ἕξει
2591 1979 2642 2029 δὲ
2673 1980 2763 2030 καὶ
2794 1978 2860 2029 τὰ
2889 1979 3021 2046 πρὸς
3043 1977 3369 2044 ζωᾶρκειαν,
3403 1974 3500 2025 καὶ
3540 1974 3605 2026 τὰ
3638 1973 3832 2037 λοιπὰ,

2254 2064 2392 2117 κατά
2418 2065 2513 2132 τὴν
2548 2066 2811 2133 προτέραν
2848 2065 3156 2131 συνήθειαν.

2334 2155 2651 2221 Ἐρώτησις
2684 2155 2788 2209 κδ’.
2839 2156 3158 2215 Ἀκινδὺνως
3190 2155 3404 2218 γίνεται
3429 2155 3602 2219 ἱερεὺς
3639 2152 3673 2218 ἢ
3719 2151 3832 2202 διὰ-

2254 2263 2404 2307 κονος
2433 2247 2822 2313 καταλλάκτης,
2871 2247 2902 2312 ἥ
2947 2245 3401 2314 κομμερκιάριος,
3449 2245 3481 2311 ἦ
3531 2244 3743 2310 ἰατρὸς,
3797 2240 3830 2306 ἢ

2256 2335 2591 2401 ἀστρολόγος,
2622 2334 2652 2400 ἢ
2675 2333 2733 2384 οὗ
2758 2352 2772 2398 ;

2332 2424 2458 2474 ’Aa.
2510 2423 2564 2473 Ὀ
2599 2420 2648 2483 ς’
2681 2419 2856 2471 κανὼν
2904 2420 3013 2472 τῶν
3071 2420 3238 2484 ἁγίων
3291 2419 3388 2470 καὶ
3446 2419 3832 2485 πανενφήμων

2252 2511 2555 2562 ἀποστόλων
2598 2510 2767 2562 ταῦτά
2800 2525 2986 2574 φησιν’
3048 2510 3400 2569 Ἐπίσκοπος,
3523 2508 3834 2574 πρεσϐύτε-

2255 2616 2365 2668 ρος,
2394 2600 2425 2666 ἢ
2453 2600 2695 2659 διάκονος
2723 2599 2989 2666 κοσμικὰς
3013 2598 3300 2666 φροντίδας
3333 2598 3407 2664 μὴ
3443 2597 3834 2662 ἀναλαμϐανέ·

2249 2709 2326 2744 τω
2352 2708 2363 2719 ⁸
2390 2695 2436 2743 εί
2461 2693 2516 2744 δὲ
2544 2693 2638 2762 μὴ,
2665 2689 3044 2762 καθαιρείσθω.
3085 2693 3272 2754 Οὐδεὶς
3305 2693 3416 2760 γὰρ
3443 2691 3666 2743 δύναται
3709 2693 3833 2743 δυσὶ

2249 2783 2453 2849 κυρίοις
2476 2783 2758 2834 δουλεύειν.
2787 2784 2893 2834 Καὶ
2925 2786 2951 2834 ὁ
2978 2781 3066 2834 πα¹
3099 2782 3277 2833 κανὼν
3307 2776 3486 2845 εἶπεν,
3513 2781 3587 2832 ὅτι
3609 2782 3693 2832 Οὐ
3726 2781 3834 2848 χρὴ

2250 2871 2606 2940 ἐπίσκοπον-ἢ
2647 2872 3012 2939 πρεσϐύτερον
3062 2873 3307 2922 καθιέναι
3354 2872 3550 2922 ἑαυτὸν
3598 2873 3684 2930 εἰς
3736 2870 3829 2936 δηο

2253 2960 2514 3026 μοσιακάς
2531 2961 2838 3026 διοικήσεις,
2871 2960 3002 3010 ἀλλὰ
3027 2961 3448 3027 προσευκαιρείν
3471 2961 3584 3018 ταῖς
3619 2959 3833 3024 Exin;—

2258 3051 2560 3109 σιαστικαῖς
2590 3048 2818 3117 χρείαις.
2849 3049 3034 3110 Οὐδεὶς
3071 3048 3177 3117 γὰρ
3208 3049 3436 3101 δύναται
3459 3051 3578 3101 δνσὶ
3603 3051 3826 3118 κυρίοις

2255 3137 2542 3198 δουλεύειν,
2577 3138 2715 3188 κατὰ
2746 3139 2841 3203 τὴν
2882 3139 3162 3206 Κυριακὴν
3199 3139 3598 3204 παραγγελίαν.

2326 3226 2390 3275 Ἣ
2426 3224 2688 3276 πειθέσθω
2720 3224 2809 3275 οὖν
2842 3225 2995 3276 τοῦτο
3027 3226 3098 3293 μὴ
3132 3229 3323 3286 ποιεῖν,
3361 3228 3394 3295 ἢ
3426 3226 3827 3292 καθαιρείσθω.

2253 3317 2362 3368 Καὶ
2400 3318 2426 3367 ὁ
2473 3314 2523 3378 ς’
2556 3316 2729 3367 κανὼν
2789 3317 2881 3383 τῆς
2918 3319 2973 3367 ἐν
3013 3318 3340 3385 Καρθαγένῃ
3391 3319 3608 3369 συνόδου
3653 3318 3828 3383 διορί-

2255 3404 2442 3468 ζεται,
2505 3405 2610 3455 ἀπὸ
2672 3405 2864 3471 ἀτίμου
2938 3404 2968 3472 ἢ
3031 3406 3256 3472 αἰσχροῦ
3317 3407 3646 3475 πράγματος
3702 3409 3830 3466 τοὺς

2256 3493 2576 3561 ἱερωμένους
2624 3497 2826 3562 τροφὴν
2873 3493 2946 3561 μὴ
3003 3494 3339 3562 πορίζεσθαι.
3397 3496 3508 3546 Καὶ
3559 3495 3585 3542 ὀ
3639 3501 3672 3544 ι’
3726 3512 3827 3545 κα-

2256 3582 2357 3633 νὼν
2415 3581 2514 3648 τῆς
2573 3584 2739 3648 αὐτῆς
2809 3582 3022 3633 συνόδου
3084 3582 3218 3651 πρὸς
3275 3583 3624 3642 διδασκαλίας
3697 3583 3830 3634 παί-

2256 3671 2355 3722 δων
2413 3672 2504 3723 καὶ
2555 3671 2855 3737 ἀνάγνωσιν
2907 3671 3135 3739 Γραφῶν
3185 3673 3436 3740 ἑτοίμους
3497 3669 3634 3723 εἶναι
3701 3673 3831 3732 τοὺς

2257 3760 2543 3829 κληρικοὺς
2617 3761 2949 3828 διορίζεται,
3027 3763 3119 3812 καὶ
3196 3761 3269 3828 μὴ
3345 3764 3643 3828 κοσμικαῖς
3733 3765 3828 3812 καὶ

2259 3850 2532 3917 βιωτικαῖς
2594 3850 2862 3919 φροντίσιν
2917 3851 3342 3917 ἐνασχολεῖσθαι.
3390 3850 3547 3902 Ἔστι
3608 3852 3668 3901 δὲ
3739 3851 3834 3902 καὶ

2259 3938 2580 4005 πρόσταγμα
2614 3938 2703 3990 τοῦ
2754 3938 2995 4006 ἀοιδίμου
3028 3939 3286 4006 βασιλέως
3338 3941 3530 4006 κυρίου
3567 3940 3833 4008 Μανουὴλ

2257 4026 2350 4077 τοῦ
2393 4028 2714 4095 Κομνηνοῦ,
2765 4027 3038 4095 ἐξενεχθὲν
3102 4029 3199 4096 μὲν
3256 4032 3396 4081 κατὰ
3456 4030 3597 4097 μῆνα
3648 4030 3832 4097 Νοέμ-

2260 4117 2430 4185 ὁριον,
2474 4121 2842 4184 ἑπινεμήσεως
2893 4125 2973 4178 ιε’,
3014 4119 3103 4168 ἐπὶ
3159 4120 3465 4186 ὑπομνήσει
3495 4120 3661 4170 τινῶν
3697 4123 3833 4187 κλη-

2264 4204 2426 4273 ρικῶν
2470 4206 2884 4256 καταλλακτῶν·
2925 4207 3306 4275 καταστρωθὲν
3357 4209 3414 4256 ὲν
3459 4209 3534 4273 τῷ
3583 4209 3832 4274 σεκρέτῳ

2260 4293 2366 4344 τῶν
2420 4294 2728 4351 οἰκειακῶν.
2785 4294 2922 4345 κατὰ
2985 4295 3127 4360 μῆνα
3180 4296 3508 4362 Νοέμὸριον,
3559 4299 3831 4364 ἐπινεμήο

615 4382 726 4434 rint
754 4396 815 4436 ex
855 4379 1123 4446 emptione
1160 4378 1293 4430 tales
1337 4377 1817 4429 nummulariarum
1850 4391 2152 4429 mensarum

2264 4372 2398 4442 σεὼς
2467 4378 2561 4438 ιε’,
2628 4383 2719 4432 καὶ
2777 4381 2945 4431 ταῦτα
3014 4382 3188 4448 ῥητῶς
3261 4384 3778 4449 παρακελευόμενον
3813 4401 3827 4413 ·

615 4471 874 4533 uberum,
920 4469 1202 4535 imperium
1244 4481 1419 4519 meum
1455 4475 1766 4533 potestatem
1803 4465 1894 4518 dat
1924 4461 2156 4520 transfe-

615 4557 766 4612 rendi
788 4572 879 4611 eas
909 4557 963 4609 in
984 4558 1261 4609 honestam
1291 4567 1344 4609 et
1379 4559 1669 4609 Romanam
1707 4571 2015 4623 personam,
2045 4572 2161 4624 qua:

615 4643 1112 4699 occurrerit.Vobis
1143 4645 1307 4705 enim,
1332 4647 1526 4698 sacrati
1550 4661 1669 4698 cum
1699 4647 1840 4711 sitis,
1879 4647 2036 4699 talem
2075 4662 2160 4698 ar-

618 4744 722 4790 tem
754 4750 1000 4789 exercere
1033 4750 1142 4787 non
1179 4734 1338 4797 licet,
1383 4737 1507 4802 quia
1560 4753 1658 4790 nec
1696 4738 1923 4804 potestis
1962 4752 2160 4789 conve-

616 4826 785 4878 nienti
816 4825 1169 4892 castigatione
1218 4825 1481 4882 coerceri.
1508 4825 1551 4877 si
1582 4826 1707 4893 quid
1746 4835 1942 4894 prmter
1969 4825 2163 4893 praefe-

617 4910 839 4963 ctoriam
882 4909 1249 4964 deﬁnitionem
1301 4909 1536 4973 faciatis,
1584 4925 1705 4965 cum
1760 4913 1881 4965 sitis
1939 4913 2159 4966 sacrati.

620 4997 936 5065 Quicunque
970 4998 1129 5065 igitur
1161 5007 1392 5053 vestrum
1424 5003 1711 5068 emptione,
1740 5015 1795 5054 ut
1827 5003 2026 5055 dictum
2056 5013 2159 5063 est,

624 5088 718 5139 has
771 5087 1141 5154 acquisierint,
1205 5088 1394 5155 dignas
1435 5093 1499 5143 ad
1539 5091 1844 5159 prmfeetutn
1892 5091 2164 5144 adducant

624 5190 906 5244 personas,
937 5185 1047 5230 tum
1080 5187 1137 5230 ut
1168 5179 1410 5231 admittat
1438 5196 1547 5244 eas,
1575 5189 1685 5233 tum
1717 5190 1773 5232 ut
1807 5185 2164 5235 mensularios

627 5279 725 5334 pro
758 5265 888 5333 ipsis
918 5268 1083 5334 gratis
1121 5274 1172 5319 et
1213 5268 1415 5335 absque
1445 5270 1840 5322 consuetudine
1879 5271 2162 5324 dationeve

2264 4471 2444 4532 Ὅσοις
2500 4471 2785 4537 περιῆλθον
2841 4472 2897 4534 ἐξ
2941 4472 3235 4538 ἀγορασίας
3284 4474 3354 4523 τὰ
3405 4472 3628 4523 τοιαῦτα
3694 4491 3831 4525 κατ·-

2260 4561 2553 4612 αλλακτικά
2614 4559 3037 4629 τραπεζοτόπια,
3087 4561 3298 4612 δίδωσιν
3345 4561 3529 4614 ἄδειαν
3572 4565 3602 4629 ἠ
3672 4563 3832 4631 βασι-

2263 4650 2378 4700 λεία
2406 4666 2502 4715 μου
2546 4648 2900 4716 ὲναλλαγῆναι
2933 4649 3104 4700 ταῦτα
3157 4651 3231 4710 εἰς
3281 4650 3422 4717 ἅπερ
3455 4652 3518 4703 ἂν
3549 4654 3826 4721 εὑρήσητε

2266 4735 2515 4802 ἀξιόλογα
2546 4737 2633 4787 καὶ
2680 4737 2960 4803 Ῥωμαϊκὰ
2995 4738 3470 4806 πρόσωπα.ὙμΞς
3495 4740 3625 4808 γὰρ,
3668 4744 3828 4810 ἱερωο

2271 4824 2460 4890 μένους
2497 4824 2655 4884 ὄντας
2702 4825 2801 4890 τὴν
2831 4825 3084 4892 τοιαύτην
3122 4829 3433 4893 ἐπιστήμην
3466 4831 3828 4894 μετέρχεσθαι

2263 4915 2360 4964 οὐκ
2403 4914 2692 4982 ἐνδέχεται,
2735 4914 2816 4964 ὅτι
2850 4914 2970 4966 οὐδὲ
3012 4916 3235 4968 δυνατὸν
3275 4918 3707 4969 ἀναστέλλεσθαι
3740 4920 3828 4970 διὰ

2261 5004 2621 5070 προσήκοντος
2693 5004 3090 5072 σωφρονισμοῦ,
3179 5007 3412 5073 ὁπηνίκα

2263 5094 2410 5161 παρὰ
2440 5093 2530 5144 τὸν
2564 5093 2859 5162 ὲπαρχικὺν
2912 5095 3156 5162 ὁρισμὸν,
3192 5095 3278 5146 διά
3306 5095 3367 5146 τὸ
3411 5092 3550 5147 εἶναι
3595 5098 3824 5163 ἱερωμέ-

2269 5200 2408 5242 νους.
2443 5185 2594 5234 Ὅσοι
2623 5181 2713 5235 οὖν
2737 5183 2795 5246 ἐξ
2825 5184 2976 5252 ὑμῶν
3011 5184 3070 5248 ἒξ
3107 5187 3424 5254 ἀγορασίας,
3458 5187 3530 5248 ὡς
3580 5188 3826 5253 εἴρηται,

2267 5272 2435 5325 ταῦτα
2462 5273 2746 5341 κέκτησθε,
2777 5275 3302 5344 προσκομισὰτωσαν
3353 5277 3608 5344 ἀξιόλογα
3639 5278 3821 5345 πρόσ-

3501 5025 3553 5056 τι
3616 5010 3825 5057 ποιεῖτε

1897 5459 1978 5511 VA
1991 5458 2119 5511 BHE
2185 5459 2576 5515 LECTIONES.

721 5621 738 5661 ί
767 5618 1008 5674 edictttm.

1082 5622 1107 5659 ⁸
1135 5620 1353 5672 relatum
1387 5623 1436 5672 in
1468 5624 1795 5674 secretarium
1822 5639 1987 5674 rerum
2010 5622 2362 5689 privatarum:
