4004 6466
1027 350 1073 407 ll
1087 347 1410 407 liSl’UXSA
1459 350 1498 404 Α
1515 348 1558 405 D
1599 346 1683 405 1N.
1699 347 1728 402 Γ

1842 343 2326 406 1ἱΟῦ.¹.’ί“ΙΟΧΕΞ
2367 343 2625 404 MARCL
3292 343 3396 402 S73"

175 486 304 520 ωπα
357 465 431 534 τῷ
466 467 720 534 ἐπάρχῳ*
760 467 853 518 καὶ
886 467 965 518 ἵνα
995 467 1209 537 δέξηται
1245 468 1404 531 αὐτὰ,
1437 469 1532 520 καὶ
1559 486 1730 538 σφρα-

1850 472 1957 522 nlla
2019 469 2278 536 sigilleth.
2343 471 2484 523 Sane
2523 467 2590 521 δῦ
2636 480 2808 520 canon
2851 462 3165 520 baodicena:
3207 467 3396 535 synodi

173 355 278 415 9-77

181 557 309 626 -είίσῃ
361 555 693 624 τραπεζίτας
753 557 864 606 ἀντ’
915 557 1112 614 αὑτῶν,
1177 557 1320 608 κατὰ
1361 557 1588 624 δωρεὰν,
1644 559 1735 609 καὶ

180 649 310 698 ἄνευ
343 644 626 713 συνηθείας
688 647 776 696 καὶ
820 644 1014 706 δόσεως
1065 647 1412 714 οἱασδήτινος.
1453 648 1512 699 Ὀ
1557 648 1736 715 μέντοι

178 735 270 797 λς’
305 734 484 786 κανὼν
515 736 610 802 τῆς
649 737 706 785 ὲν
747 735 1031 803 Λαοδικείᾳ
1077 737 1291 789 συνόδου
1337 737 1510 790 ταῦτά
1545 754 1728 806 φησιν,

177 826 258 874 ὅτι
325 825 399 874 Bb
463 824 543 874 δεῖ
598 825 904 892 ίερατικοὺς
955 826 986 893 ἢ
1039 827 1347 894 κληρικοῦς,
1417 828 1618 894 μάγους
1698 829 1730 894 ἦ

179 915 466 976 ἑπαοιδοὺς
495 909 652 976 εἶναι,
687 915 719 983 ἢ
753 915 1190 983 μαθηματικοὺς,
1223 917 1254 985 ἢ
1287 919 1662 987 ἀστρολόγους,
1700 918 1734 986 ἢ

185 1009 358 1055 ποιεῖν
407 1006 474 1055 τὰ
502 1005 765 1072 λεγόμενα
810 1007 1146 1075 φυλακτήρια
1167 1023 1178 1036 ·
1213 1007 1366 1061 ἅτινά
1395 1010 1498 1059 εἰσι
1527 1008 1735 1076 δεσμω-

180 1096 347 1161 τήρια
384 1092 489 1142 τῶν
514 1092 698 1159 ψυχῶν
741 1093 937 1145 αὐτῶν.
983 1095 1120 1156 Τοὺς
1173 1096 1230 1146 δὲ
1282 1096 1595 1164 φοροῦντας,
1661 1094 1736 1161 ῥί-

181 1181 413 1232 πτεσθαι
443 1181 503 1230 ὲκ
525 1179 615 1245 τῆς
659 1179 974 1246 Ἐκκλησίας
1006 1181 1386 1248 ἐκελεύσαμεν.
1426 1182 1533 1233 Καὶ
1565 1181 1622 1232 τὸ
1651 1179 1734 1248 κβ¹

183 1270 475 1335 κεφάλαιον
525 1268 616 1319 τοῦ
677 1268 752 1320 λον
813 1270 988 1320 τίτλυυ
1058 1271 1150 1321 τοῦ
1217 1270 1255 1332 ξ’
1314 1270 1517 1338 βιϐλίου
1563 1270 1734 1321 ταῦτα

181 1367 432 1429 διέξεισιν
458 1381 472 1395 ·
517 1364 578 1416 'll
617 1363 714 1432 μὲν
753 1365 1098 1433 γεωμετρικὴ
1137 1362 1365 1432 δημοσίᾳ
1409 1363 1730 1425 διδάσκεται,

184 1459 215 1524 ἡ
241 1457 296 1506 δὲ
325 1454 680 1523 μαθηματικὴ
697 1455 1097 1520 κατακρίνεται.
1127 1455 1231 1505 Καὶ
1268 1454 1295 1502 ὁ
1325 1453 1555 1513 Παλαιὸς
1582 1467 1731 1520 φησι·

183 1546 340 1612 Μαθη
350 1547 585 1612 ματικὴν
598 1541 715 1596 εἷπε
730 1544 825 1613 τὴν
839 1545 1210 1612 ἀστρονομίαν.
1231 1543 1291 1594 Ol
1308 1542 1433 1609 γοῦν
1445 1543 1737 1612 τολμήσαν-

181 1651 272 1696 τες
304 1634 575 1701 κληρικοὶ.
613 1633 786 1698 πολλῷ
816 1633 909 1683 καὶ
947 1632 1103 1684 πλέον
1136 1633 1185 1683 οἱ
1224 1630 1315 1682 τοῦ
1357 1631 1616 1700 βήματοὲν
1641 1631 1736 1700 δη’

186 1722 464 1791 μοσιακῶν
496 1721 744 1772 δουλειῶν
768 1719 1042 1788 ἐνεργείας
1069 1719 1441 1782 ἀναδέξασθαι,
1475 1719 1506 1786 ἢ
1544 1736 1737 1788 συστη-

1848 561 1962 614 lucc
2018 561 2092 612 ait
2131 575 2144 611 :
2177 559 2292 612 Non
2338 562 2543 626 oportet
2591 572 2707 616 eos.
2747 556 2838 625 qui
2884 563 3011 608 sunt
3052 555 3272 612 sacrati.
3318 555 3395 609 rel

1838 647 2044 710 clerici,
2075 661 2195 698 esse
2229 658 2433 712 magos,
2461 643 2540 696 vel
2570 642 2952 701 incantatores,
2995 639 3074 692 vel
3093 641 3388 692 mathema-

1840 737 1998 800 ticos,
2034 736 2112 789 vel
2146 736 2468 800 astrologos,
2515 732 2595 784 vel
2645 729 2824 782 facere
2867 744 2951 792 ea,
2984 743 3102 798 qua:
3135 728 3394 781 dicuntur

1839 826 2096 887 aniuleta,
2146 840 2262 893 quae
2289 822 2503 890 quidem
2542 829 2663 873 sunt
2694 821 2929 886 ipsarum
2958 819 3258 872 animarum
3288 819 3398 871 vin‘

1838 917 1958 970 cnla
1994 933 2005 967 :
2041 931 2133 968 eos
2165 926 2342 967 autem
2383 912 2471 978 qui
2506 910 2749 970 feritati.
2779 909 2897 977 cjici
2921 923 2984 962 ex
3015 909 3254 963 Ecclesia
3285 909 3396 977 jus-

1838 1005 2026 1058 simus.
2064 1005 2127 1056 lit
2154 1003 2223 1054 9.9.
2251 1018 2368 1070 cap.
2405 1002 2471 1053 .39
2505 1002 2584 1052 tit.
2623 998 2712 1062 60,
2749 997 2868 1051 libri
2902 995 3258 1051 Basilicarum
3284 1000 3396 1051 luce

1837 1094 2050 1149 habet:
2099 1093 2403 1145 Geometria
2462 1093 2678 1159 quidem
2733 1089 2946 1157 publice
3010 1088 3254 1152 docetur,
3307 1105 3396 1141 ars

1837 1190 2015 1236 autem
2069 1181 2445 1232 mathematica
2508 1179 2814 1231 damnatur.
2866 1175 2932 1229 Et
2983 1177 3146 1231 Vetus
3186 1179 3392 1247 inquit:

1837 1273 2270 1325 Matltematicam
2303 1271 2437 1323 dixit
2463 1267 2871 1323 astronomiam.
2911 1265 3109 1319 Clerici
3147 1282 3296 1335 ergo,
3331 1279 3385 1320 ct

1837 1362 2010 1416 multo
2049 1360 2220 1428 magis
2261 1360 2319 1422 ii,
2363 1360 2451 1427 qui
2484 1358 2639 1410 altari
2679 1357 3014 1419 ministrant,
3054 1356 3098 1409 si
3147 1355 3392 1424 publica-

1838 1469 1954 1506 rum
1981 1453 1994 1501 ι
2040 1453 2358 1504 servitutum
2390 1449 2690 1501 functiones
2713 1448 2829 1500 ausi
2865 1446 3065 1499 fuerint
3089 1447 3391 1513 suscipere.

1836 1552 2243 1610 corporatorum
2264 1537 2496 1592 cilicium
2520 1547 2573 1591 et
2597 1535 3119 1590 administrationem
3142 1535 3390 1593 mercari.

1839 1631 2184 1684 nummularii
2237 1630 2374 1682 forte
2414 1627 2566 1689 facti,
2617 1628 2698 1682 vel
2754 1625 2967 1697 prandii
3037 1626 3396 1680 distraetores

1840 1719 1920 1772 vel
1962 1718 2068 1770 vini
2115 1718 2446 1778 venditores,
2493 1715 2595 1784 ipsi
2644 1716 2807 1769 etiam
2852 1715 3174 1776 astronomi,
3226 1728 3393 1783 spon-

187 1811 436 1878 ματικῶν
463 1808 732 1861 πολιτείαν
766 1809 857 1860 καί
902 1808 1282 1877 μεταχείρησιν
1317 1807 1730 1876 ἐμπορεύεσθαι,

1839 1811 1990 1862 sione
2017 1808 2174 1861 tidem
2207 1808 2429 1870 dabunt,
2459 1821 2516 1860 se
2566 1806 2633 1860 ab
2672 1807 2757 1859 bis
2787 1804 2987 1859 illicitis
3019 1803 3229 1858 artibus
3260 1807 3390 1858 abs-

187 1899 574 1963 καταλλάκται,
609 1897 766 1964 τυχὸν
813 1898 1108 1963 γενόμενοι,
1145 1897 1176 1964 ἢ
1214 1896 1662 1965 πρανδιοπράται,
1699 1895 1731 1964 ἦ

184 1990 529 2055 οἱνοπράται,
560 1989 651 2040 καὶ
682 1986 836 2039 αὐτοὶ
863 1987 918 2039 δὲ
964 1990 1012 2040 οἱ
1039 1989 1383 2055 ἀστρονόμοι,
1420 2003 1733 2056 παρεγγυη-

184 2080 442 2147 οήσονται
478 2079 583 2130 τῶν
635 2078 998 2132 ὰκανονίστων
1033 2078 1235 2130 τούτων
1287 2077 1734 2146 ἐπιτηδευμάτων

185 2170 524 2237 ἀπέχεσθαι·
585 2171 679 2220 καὶ
724 2169 795 2238 μὴ
837 2168 1162 2236 πειθόμενοι,
1234 2168 1545 2233 καθαιρέσει
1599 2166 1728 2218 καθ-

187 2259 678 2326 υποϐληθήσονται.
716 2259 779 2310 ’Π
814 2259 870 2310 δὲ
897 2259 1056 2327 τέχνη
1080 2258 1185 2309 τῶν
1223 2257 1434 2326 ἰατρῶν,
1475 2257 1575 2308 κᾶν
1618 2256 1732 2325 ὁρί-

186 2349 348 2414 ζηται
375 2349 526 2414 παρᾶ
550 2347 654 2398 τῶν
702 2348 875 2414 σοφῶν
910 2349 1092 2413 ὑγείας
1140 2343 1276 2398 εἶναι
1325 2345 1731 2415 περιποιητικὴ,

181 2440 298 2491 ἀλλ’
328 2442 430 2490 οὐκ
474 2439 529 2503 ἐξ
578 2441 816 2506 ἀνάγκης
861 2439 1065 2503 γίνεται
1103 2441 1280 2492 τοῦτο.
1319 2439 1587 2508 Σφαλεραὶ
1621 2438 1728 2506 γάρ

1840 1902 2104 1948 tenturos.
2141 1895 2294 1957 Quod
2360 1895 2404 1946 si
2437 1907 2543 1946 non
2578 1901 2820 1961 pareant,
2854 1893 3178 1961 depositioni
3219 1893 3389 1960 subji-

1840 1985 2072 2037 cientur.
2107 1983 2210 2036 Ars
2254 1991 2431 2034 autem
2486 1981 2713 2047 medica,
2755 1983 2879 2037 licet
2935 1997 2963 2034 a
3010 1981 3387 2052 philosophis“

1842 2074 2129 2127 deﬁniatur
2154 2073 2406 2126 sanitatis
2439 2087 2558 2126 esse
2586 2071 2947 2134 conciliatrix.
2986 2072 3038 2125 id
3078 2079 3256 2127 tamen
3294 2087 3378 2125 ne-

1842 2164 2077 2216 cessario
2106 2177 2213 2216 non
2255 2164 2332 2215 lit.
2365 2161 2596 2214 Fallacia
2617 2163 2757 2214 enim
2791 2171 2917 2216 sunt
2953 2163 3230 2218 hominum
3265 2176 3365 2215 con

1841 2255 1980 2316 silia,
2001 2263 2054 2306 et
2080 2254 2373 2306 multorum
2399 2252 2598 2320 judicia
2621 2252 2978 2320 prava,juxta
3000 2259 3232 2306 veterem
3266 2267 3376 2306 ser.-

1835 2349 2078 2403 tentiam.
2111 2346 2218 2400 Cur
2243 2347 2404 2412 igitur
2424 2344 2678 2398 abscedat
2695 2345 2948 2406 clericus,
2974 2343 3252 2412 multoque
3270 2359 3384 2396 ma-

1829 2440 1910 2507 gis
1941 2437 2193 2490 sacerdos
2211 2443 2265 2488 et
2289 2436 2570 2491 diaconus.
2596 2436 2660 2484 ab
2678 2434 2938 2491 attribute
2961 2434 3060 2487 sibi
3086 2433 3388 2488 ministerio

183 2533 320 2581 εἰσιν
354 2533 410 2582 αἱ
438 2530 546 2580 τῶν
579 2532 874 2599 ἀνθρώπων
909 2532 1158 2593 ἐπίνοιαι,
1193 2531 1284 2581 καὶ
1313 2530 1418 2581 τῶν
1447 2529 1652 2581 πολλῶν
1676 2529 1730 2580 al

1835 2523 2286 2591 irrcprehensibili
2322 2530 2374 2574 et
2406 2523 2581 2580 tirtno,
2607 2527 2663 2573 et
2684 2519 2748 2574 ad
2781 2519 2851 2585 id,
2887 2520 3028 2588 quod
3049 2520 3314 2574 lubricum
3334 2537 3388 2578 et

181 2617 502 2682 διαγνώσεις
536 2616 723 2677 δειλαὶ,
773 2615 910 2668 κατὰ
948 2616 1008 2666 τὸ
1039 2615 1264 2667 παλαιὸν
1319 2615 1726 2682 γνωμοδότημα.

1826 2614 2159 2679 ambiguum,
2213 2625 2351 2678 saepe
2378 2611 2540 2663 etiam
2583 2608 2973 2677 periculosum,
3012 2624 3069 2662 se
3097 2610 3389 2677 conjiciat?

180 2707 358 2760 Ἵνατί
388 2707 517 2773 γοῦν
549 2707 816 2774 ἀποσταίη
874 2709 901 2757 ό
936 2705 1211 2774 κληρικὸς,
1245 2705 1419 2774 πολλῷ
1475 2703 1529 2754 δὲ
1570 2705 1728 2756 πλέον
1787 2707 1815 2756 ὁ
1848 2705 2020 2772 ἱερεὺς
2073 2703 2164 2754 καὶ
2214 2703 2241 2753 ὁ
2289 2701 2552 2760 διάκονος,
2610 2700 2706 2766 τῆς
2753 2699 3188 2768 ἀπονεμηθείσης
3239 2701 3387 2768 autat

179 2802 483 2861 διακονίας,
507 2801 605 2868 τῆς
635 2801 921 2868 ἀμέμπτου
952 2801 1043 2850 καὶ
1066 2799 1358 2866 ἀσφαλοῦς,
1415 2798 1507 2850 καὶ
1536 2799 1614 2859 είς
1675 2796 1943 2866 σφαλερὰν
1970 2797 2060 2847 καὶ
2084 2794 2383 2865 ἀμφίϐολον
2408 2791 2666 2852 πολλάκις
2710 2790 2802 2841 καὶ
2834 2789 3168 2843 ἐπικίνδυνον
3201 2792 3389 2843 ἑαυτὸν

179 2891 500 2952 ἀπιρρίψεις

269 2912 273 2939 ε
322 2907 500 2958 ρι’-εις

269 2907 592 3052 ’ἓρῶτησις
644 2991 744 3034 κε’.
822 2981 1193 3051 Μονοθελήτης
1273 2983 1540 3052 ἱερατικὸν
1597 2982 1734 3050 ἔχων

187 3075 539 3141 ἐπάγγελμα,
576 3072 664 3123 διὰ
697 3072 980 3140 μετανοίας
1012 3070 1346 3140 ὑπέστρεψεν
1377 3074 1451 3132 είς
1491 3071 1585 3139 την
1616 3072 1733 3123 καθ’

185 3168 335 3237 ἡμᾶς
387 3163 656 3232 ὀρθόδοξον
709 3163 911 3223 πίστιν,
950 3162 1041 3213 καὶ
1080 3161 1289 3230 ἐδέχθη,
1335 3162 1426 3212 καὶ
1461 3160 1691 3228 ἡγιάσθη
1720 3175 1733 3188 ⁶

1905 2979 2071 3034 Inter.
2124 2977 2212 3031 25.
2280 2975 2685 3031 Monotltelctal
2748 2974 3130 3029 sacerdotalem
3186 2973 3388 3028 Italicus:

1837 3071 2251 3124 admonitionem
2271 3077 2331 3131 ω,
2368 3083 2462 3136 per
2502 3068 2869 3134 paenitentiam
2913 3065 2978 3118 ad
3013 3072 3250 3119 nostram
3297 3081 3387 3115 or-

1834 3159 2117 3211 thodoxam
2151 3158 2305 3211 [idem
2340 3157 2516 3219 rediit,
2576 3164 2630 3210 et
2665 3165 2946 3223 susceptus
2995 3161 3071 3208 cst
3107 3169 3168 3207 ac
3195 3155 3387 3208 sancti-

191 3256 335 3326 μετὰ
367 3255 556 3323 μικρὸν
581 3253 634 3304 δὲ
661 3251 916 3321 στραφεὶς
953 3254 1028 3311 εἰς
1059 3253 1146 3302 τον
1177 3252 1307 3301 ίδιον
1339 3250 1550 3317 ἔμετον,
1585 3252 1730 3318 αἱρε-

1837 3249 2044 3300 ﬁcams.
2093 3247 2259 3299 Paulo
2299 3255 2476 3299 autem
2517 3254 2660 3314 post,
2710 3245 2774 3298 ad
2811 3245 3083 3312 proprium
3132 3259 3382 3297 I'OVCI'SIH

190 3347 415 3414 σιώτης,
470 3345 542 3404 ὡς
605 3344 885 3411 πρότερον,
952 3343 1211 3407 γέγονεν·
1292 3337 1600 3403 άλλ⁹αὖθις,
1659 3340 1731 3401 ὡς

189 3439 361 3502 λέγει.
393 3435 512 3486 καθ’
545 3433 732 3485 ἑαυτὸν
779 3430 1034 3496 γεγονὼς,
1078 3433 1168 3480 καὶ
1192 3429 1250 3480 τὸ
1282 3429 1580 3496 ἁμάρτημα
1609 3442 1732 3477 συν.

187 3528 290 3586 εἰς,
350 3527 426 3583 εἰς
453 3525 549 3591 τὴν
588 3521 863 3589 ὀρθόδοξον
887 3520 1066 3571 πίστιν
1094 3519 1382 3586 κατέφυγε,
1406 3519 1496 3569 καὶ
1524 3517 1727 3584 ἐδέχθη,

188 3615 335 3666 κατὰ
381 3612 470 3662 τὸν
521 3609 697 3671 καλῶς
759 3607 1168 3677 ὑποστρέψαντα
1215 3607 1452 3659 ἄσωτον·
1499 3605 1620 3656 ἐπεὶ
1677 3605 1732 3656 δὲ

183 3703 333 3756 ,θέλει
382 3702 475 3751 καὶ
519 3698 808 3768 ἱερωσύνης
854 3697 1166 3763 ἀξιωθῆναι,
1198 3694 1460 3763 ζητοῦμεν
1486 3695 1544 3744 τὸ
1576 3709 1730 3761 ποιη-

186 3791 308 3842 τέον
342 3790 548 3857 μαθεῖν.

275 3881 406 3932 ‘Art.
441 3877 629 3937 Οὐδεὶς
662 3873 838 3944 βαλὼν
868 3874 962 3941 τὴν
996 3876 1150 3942 χεῖρα
1181 3871 1343 3924 αὑτοῦ
1373 3871 1456 3921 ἐπ’
1481 3871 1728 3939 ἄροτρον,

189 3972 286 4022 καὶ
315 3968 572 4036 στραφεὶς
603 3967 681 4025 εἰς
705 3965 770 4016 τὰ
792 3962 982 4024 ὀπίσω,
1015 3961 1226 4022 εὖθετός
1252 3962 1396 4010 ἐστιν
1421 3961 1497 4021 είς
1520 3959 1616 4027 τὴν
1639 3959 1732 4026 βα-

191 4061 398 4112 σιλείαν
429 4057 533 4107 τῶν
571 4053 831 4121 οὐρανῶν,
877 4053 937 4102 τὸ
984 4051 1125 4120 ἱερόν
1175 4066 1338 4118 φησιν
1385 4049 1726 4114 Εὐαγγέλιον.

189 4145 282 4196 ..ιδ
315 4143 452 4192 κατὰ
483 4141 572 4190 τὸν
611 4139 668 4188 ιδ’
715 4138 913 4189 κανόνα
955 4137 1050 4205 τῆς
1080 4138 1134 4186 ὲν
1185 4135 1388 4203 Νικαίᾳ
1435 4135 1592 4200 ἁγίας
1640 4135 1732 4185 καὶ

187 4232 570 4299 οἱκουμενικῆς
619 4229 833 4280 συνόδου
889 4227 1034 4292 (τάδε
1084 4227 1222 4276 κατὰ
1255 4225 1402 4293 ῥῆμα
1441 4224 1733 4292 διαλαμϐά-

187 4341 370 4384 νοντα,
425 4322 555 4388 Περὶ
595 4319 702 4371 τῶν
740 4316 1152 4386 κατηχουμένων
1177 4317 1269 4367 καὶ
1309 4319 1730 4384 παραπεσόντων

187 4410 334 4471 εδοξε
380 4410 445 4475 τῇ
508 4407 636 4472 ἁγίᾳ.
707 4405 799 4457 καὶ
873 4406 1076 4472 μεγάλῃ
1125 4404 1341 4470 συνόδῳ,
1385 4404 1522 4455 ὥστε
1566 4405 1730 4472 τριῶν

186 4499 326 4550 ἑτῶν
356 4497 547 4555 αὐτοὺς
575 4494 949 4559 ἀκροωμένους
989 4491 1165 4558 μόνον,
1201 4491 1337 4558 μετὰ
1373 4490 1542 4543 ταῦτα
1579 4491 1729 4559 εῠχε-

1836 3338 2115 3399 vomitnm,
2146 3335 2428 3389 haereticus
2454 3335 2535 3404 (ut
2570 3334 2747 3402 antea)
2779 3332 2953 3386 factus
2981 3342 3062 3392 est
3097 3350 3111 3388 :
3139 3335 3230 3388 sed
3264 3349 3385 3386 rur-

1834 3440 1947 3486 sus,
1975 3434 2028 3476 ιιι
2066 3426 2259 3492 inquit.
2284 3439 2405 3476 cum
2436 3423 2578 3490 apud
2618 3436 2682 3475 se
2712 3429 2878 3482 esset,
2913 3427 2964 3471 et
2994 3429 3268 3487 peccatum
3304 3421 3382 3472 in-

1834 3516 2114 3582 telligeret,
2145 3514 2209 3565 ad
2241 3513 2593 3566 orthodoxam
2622 3510 2777 3560 iidem
2807 3507 3067 3572 confugit,
3097 3516 3151 3560 et
3180 3507 3379 3559 admis-

1835 3619 1928 3657 sus
1966 3613 2069 3665 est,
2108 3603 2158 3654 in
2199 3601 2414 3654 modum
2471 3607 2772 3666 opportune
2813 3598 3082 3651 redeuntis
3113 3597 3376 3664 prodigii;

1831 3711 1950 3748 cum
2002 3704 2178 3748 autem
2232 3693 2592 3746 sacerdotium
2627 3690 2850 3753 atnbiat,
2905 3689 3216 3756 quatrimus,
3255 3689 3380 3756 quid

1833 3783 2134 3838 faciendum
2177 3783 2271 3843 sit,
2304 3782 2531 3835 discere.

1899 3874 2017 3927 Res.
2055 3872 2221 3927 Nemo
2256 3873 2473 3924 mittens
2504 3884 2722 3922 manum
2755 3882 2905 3922 suam
2937 3866 2999 3918 ad
3036 3874 3296 3929 aratrum,
3329 3871 3385 3919 ct

1833 3972 1975 4016 retro
2011 3976 2322 4020 conversus,
2360 3968 2518 4028 aptus
2563 3968 2643 4011 est
2701 3958 2764 4011 ad
2817 3971 3038 4024 regnum
3099 3956 3383 4016 caelorum,

1833 4053 2007 4121 inquit
2052 4066 2262 4105 sacrum
2305 4050 2670 4117 Evangelium.
2712 4047 3094 4110 Quamobrem,
3125 4045 3280 4112 juxta
3315 4045 3383 4095 ιι

1830 4154 2092 4194 canonem
2141 4147 2345 4194 sancta
2415 4147 2467 4191 ct
2531 4137 2878 4190 meumenicm
2929 4133 3117 4203 synodi
3172 4132 3381 4184 Ntccme

1831 4230 1964 4298 (haec
1997 4227 2535 4296 comprehendentem
2575 4225 2640 4280 ad
2669 4227 2908 4286 verbum,
2944 4225 3014 4276 De
3036 4223 3380 4276 catechume'

1830 4320 1917 4373 nis
1934 4319 2071 4373 etiis
2092 4318 2183 4386 qui
2217 4317 2350 4385 lapsi
2374 4322 2519 4378 sunt,
2541 4317 2711 4368 visum
2749 4322 2829 4366 est
2859 4320 3060 4366 sanctze
3083 4318 3136 4364 et
3170 4325 3376 4377 magnae

1831 4407 2058 4474 synodo.
2086 4415 2142 4456 ut
2166 4405 2201 4457 ii
2235 4404 2408 4458 tribus
2431 4403 2586 4455 annis
2621 4410 2827 4453 tantum
2865 4401 3164 4462 audientes,
3197 4409 3377 4466 postea

1831 4499 1984 4545 orent
2013 4507 2134 4546 cum
2170 4486 2618 4559 catechumenis),
2661 4488 2854 4543 suﬂicit
2885 4488 3008 4539 huic
3037 4494 3142 4538 tam
3179 4485 3381 4554 perdite

188 4586 316 4639 σθαι
355 4583 490 4652 μετὰ
520 4582 627 4633 τῶν
659 4581 1120 4648 κατηχουμένων),
1157 4583 1314 4647 ἀρκεῖ
1343 4580 1419 4647 τῷ
1459 4580 1603 4632 οὕτω
1633 4598 1727 4631 κα-

1835 4583 2003 4648 lapso,
2035 4589 2088 4634 et
2117 4581 2222 4633 huc
2253 4588 2412 4648 atque
2444 4581 2569 4633 illuc
2615 4580 2835 4648 agitato,
2886 4579 2930 4629 si
2969 4577 3119 4644 juxta
3157 4576 3380 4628 canonis

187 4676 299 4734 κῶς
348 4672 710 4737 όλισθήσαντι,
767 4671 856 4720 καὶ
907 4670 1031 4736 τῇδε
1079 4671 1300 4720 κάκεῖσε
1345 4671 1728 4737 μεταῤῥιπιζο-

186 4762 358 4829 μένῳ,
412 4757 660 4825 δεχθῆναι
715 4758 852 4807 κατά
899 4757 994 4824 τὴν
1041 4757 1132 4807 τοῦ
1166 4759 1382 4818 κανόνος
1416 4757 1722 4826 περίληψιν.

199 4847 493 4916 Ἱερατείας
520 4847 624 4914 γὰρ
653 4846 748 4896 οὐκ
777 4844 1154 4912 ἀξιωθήσεται.

268 4942 587 5007 Ἐρώτησις
619 4938 730 5000 κς’.
774 4937 1088 4995 Ἀκινδύνως
1113 4940 1394 4988 ἐπίσκοποι
1421 4937 1638 5005 μοναχοί
1670 4955 1728 4990 τε

185 5033 280 5084 καὶ
306 5030 559 5097 κληρικοὶ
588 5028 828 5093 γίνονται
855 5026 1164 5093 φροντισταὶ
1180 5027 1448 5093 δημοσίων
1464 5027 1728 5093 ὀφφικίων

183 5123 276 5172 καὶ
293 5118 567 5181 δουλειῶν,
586 5117 680 5168 καὶ
697 5117 990 5185 κηδεμόνες
1013 5117 1348 5183 πραγμάτων
1369 5117 1721 5184 ἀρχοντικῶν,

183 5207 348 5278 ηοῦς

265 5300 394 5350 ’Λπ.
440 5297 501 5347 Οἱ
561 5297 618 5346 ὲν
678 5295 975 5361 Χαλκηδόνι
1040 5292 1380 5355 συνελθόντες
1447 5295 1717 5358 ἑξακόσιοι

180 5386 471 5454 τριάκοντα
521 5385 664 5452 ἅγιοι
712 5383 969 5451 Πατέρες,
1021 5383 1109 5432 καὶ
1137 5386 1236 5448 τὴν
1275 5383 1432 5446 ἁγίαν
1465 5385 1724 5451 τετάρτην

1835 4680 2069 4724 tenorem
2091 4668 2437 4733 admittatur;
2467 4681 2590 4721 nam
2624 4665 2984 4722 sacerdotium
3021 4678 3126 4718 non
3168 4677 3380 4729 promc-

1833 4758 2053 4812 rebitur.

1906 4938 2068 4991 Inter.
2103 4937 2191 4990 26.
2220 4937 2300 4990 An
2336 4935 2594 5003 episcopi,
2637 4937 2909 4999 monachi,
2945 4944 2996 4989 et
3038 4932 3221 4988 clerici
3264 4933 3380 4984 sine

1833 5027 2073 5096 periculo
2093 5025 2219 5078 liant
2235 5024 2698 5077 administratores
2725 5024 3052 5091 publicorum
3078 5019 3376 5076 oﬂiciorum

1831 5125 1884 5170 et
1922 5114 2364 5174 ministeriorum,
2393 5121 2445 5165 et
2473 5122 2752 5164 curatores
2800 5113 3135 5181 negotiorum
3163 5108 3230 5164 ad
3262 5122 3378 5164 ma-

1831 5205 2088 5275 gistratus
2113 5201 2511 5271 pertinentium.
2551 5201 2758 5254 necne?

1900 5293 2017 5346 Res.
2054 5293 2154 5356 Qui
2202 5289 2539 5344 Chalcedone
2585 5297 2948 5342 convenerunt
2995 5293 3229 5343 sexcenti
3276 5301 3370 5340 tv"-

1830 5382 1973 5453 ginta
2007 5382 2177 5434 sancti
2226 5379 2412 5432 Patres
2452 5391 2503 5433 et
2545 5386 2784 5432 sanctam
2824 5389 3068 5448 quartam
3110 5379 3365 5447 synodum

1426 5495 1656 5550 VARle
1698 5492 1987 5548 LECTION
1997 5493 2095 5547 ES.

242 5589 268 5626 1·
300 5588 583 5657 conﬁrmet.
653 5588 667 5624 ί
716 5589 804 5656 qui
847 5587 952 5644 ha’c
991 5597 1210 5657 gestant.
1286 5588 1298 5637 i
1336 5591 1615 5657 ﬁscatium.

183 5662 216 5686 "'
247 5655 630 5722 profusionem.

1699 5601 1721 5626 ι
1754 5589 1814 5640 ab
1845 5587 2081 5640 eruditis.
2147 5583 2160 5622 ι
2201 5585 2302 5648 Qui
2325 5603 2479 5639 unam
2510 5589 2558 5640 in
2586 5587 2790 5642 Christo
2812 5588 3122 5640 voluntatem
3149 5591 3352 5643 statuit.
