  <div class='ocr_page' id='page_1' title='image "/cluster/home/n/w/nwhite01/storage/ocr_20150623/138/ien.35556001660133/503.png"; bbox 0 0 4004 6452; ppageno 0'>
   <div class='ocr_carea' id='block_1_1' title="bbox 571 386 677 454">
    <p class='ocr_par' dir='ltr' id='par_1_1' title="bbox 571 386 677 454">
     <span class='ocr_line' id='line_1_1' title="bbox 571 386 677 454; baseline -0.028 -1"><span class='ocrx_word' id='word_1_1' title='bbox 571 386 677 454; x_wconf 78' lang='lat'><strong>979</strong></span> 
     </span>
    </p>
   </div>
   <div class='ocr_carea' id='block_1_2' title="bbox 1781 373 2558 441">
    <p class='ocr_par' dir='ltr' id='par_1_2' title="bbox 1781 373 2558 441">
     <span class='ocr_line' id='line_1_2' title="bbox 1781 373 2558 441; baseline -0.008 0"><span class='ocrx_word' id='word_1_2' title='bbox 1781 381 2056 441; x_wconf 71' lang='lat' dir='ltr'><strong>&#39;l‘llEOD.</strong></span> <span class='ocrx_word' id='word_1_3' title='bbox 2089 374 2317 437; x_wconf 62' lang='lat' dir='ltr'><strong>BALSA</strong></span> <span class='ocrx_word' id='word_1_4' title='bbox 2330 373 2558 437; x_wconf 76' lang='lat' dir='ltr'><strong>MONlS</strong></span> 
     </span>
    </p>
   </div>
   <div class='ocr_carea' id='block_1_3' title="bbox 3711 363 3811 426">
    <p class='ocr_par' dir='ltr' id='par_1_3' title="bbox 3711 363 3811 426">
     <span class='ocr_line' id='line_1_3' title="bbox 3711 363 3811 426; baseline 0 0"><span class='ocrx_word' id='word_1_5' title='bbox 3711 363 3811 426; x_wconf 78' lang='lat'><strong>980</strong></span> 
     </span>
    </p>
   </div>
   <div class='ocr_carea' id='block_1_4' title="bbox 573 497 2134 567">
    <p class='ocr_par' dir='ltr' id='par_1_4' title="bbox 573 497 2130 567">
     <span class='ocr_line' id='line_1_4' title="bbox 573 497 2130 567; baseline -0.008 -5"><span class='ocrx_word' id='word_1_6' title='bbox 573 506 843 562; x_wconf 63' lang='lat' dir='ltr'><strong>calestem</strong></span> <span class='ocrx_word' id='word_1_7' title='bbox 877 501 1139 567; x_wconf 82' lang='lat' dir='ltr'><strong>fecerunt,</strong></span> <span class='ocrx_word' id='word_1_8' title='bbox 1167 501 1222 555; x_wconf 91' lang='lat' dir='ltr'><strong>in</strong></span> <span class='ocrx_word' id='word_1_9' title='bbox 1250 500 1281 554; x_wconf 85' lang='lat'><strong>7</strong></span> <span class='ocrx_word' id='word_1_10' title='bbox 1306 502 1640 567; x_wconf 81' lang='lat' dir='ltr'><strong>cauone_sub</strong></span> <span class='ocrx_word' id='word_1_11' title='bbox 1672 498 1782 551; x_wconf 71' lang='lat' dir='ltr'><strong>lucc</strong></span> <span class='ocrx_word' id='word_1_12' title='bbox 1809 502 1876 551; x_wconf 88' lang='lat' dir='ltr'><strong>de</strong></span> <span class='ocrx_word' id='word_1_13' title='bbox 1917 497 1984 552; x_wconf 90' lang='lat' dir='ltr'><strong>iis</strong></span> <span class='ocrx_word' id='word_1_14' title='bbox 2031 509 2130 552; x_wconf 85' lang='lat' dir='ltr'><strong>no-</strong></span> 
     </span>
    </p>
   </div>
   <div class='ocr_carea' id='block_1_5' title="bbox 2237 497 3808 567">
    <p class='ocr_par' dir='ltr' id='par_1_5' title="bbox 2239 497 3808 566">
     <span class='ocr_line' id='line_1_5' title="bbox 2239 497 3808 566; baseline -0.003 -18"><span class='ocrx_word' id='word_1_15' title='bbox 2239 497 2451 550; x_wconf 79' lang='grc' dir='ltr'>σύνοδον</span> <span class='ocrx_word' id='word_1_16' title='bbox 2502 497 2926 566; x_wconf 77' lang='grc' dir='ltr'>ούρανώσαντες,</span> <span class='ocrx_word' id='word_1_17' title='bbox 2995 501 3052 549; x_wconf 85' lang='grc' dir='ltr'>ἐν</span> <span class='ocrx_word' id='word_1_18' title='bbox 3106 498 3151 562; x_wconf 79' lang='grc' dir='ltr'><strong>ζ’</strong></span> <span class='ocrx_word' id='word_1_19' title='bbox 3201 498 3390 550; x_wconf 86' lang='grc' dir='ltr'>κανόνι</span> <span class='ocrx_word' id='word_1_20' title='bbox 3442 498 3632 550; x_wconf 69' lang='grc' dir='ltr'>αὐτῶν</span> <span class='ocrx_word' id='word_1_21' title='bbox 3692 501 3808 549; x_wconf 71' lang='grc' dir='ltr'>τάδε</span> 
     </span>
    </p>
   </div>
   <div class='ocr_carea' id='block_1_6' title="bbox 522 588 2123 663">
    <p class='ocr_par' dir='ltr' id='par_1_6' title="bbox 522 588 2123 663">
     <span class='ocr_line' id='line_1_6' title="bbox 522 588 2123 663; baseline -0.005 -13"><span class='ocrx_word' id='word_1_22' title='bbox 522 588 523 591; x_wconf 29' lang='grc'><em>“</em></span> <span class='ocrx_word' id='word_1_23' title='bbox 575 596 817 650; x_wconf 79' lang='lat' dir='ltr'><strong>niioatim</strong></span> <span class='ocrx_word' id='word_1_24' title='bbox 865 593 1140 663; x_wconf 76' lang='lat' dir='ltr'><strong>eleganter</strong></span> <span class='ocrx_word' id='word_1_25' title='bbox 1186 592 1521 659; x_wconf 87' lang='lat' dir='ltr'><strong>scripserunt</strong></span> <span class='ocrx_word' id='word_1_26' title='bbox 1560 608 1571 642; x_wconf 93' lang='lat'><strong>:</strong></span> <span class='ocrx_word' id='word_1_27' title='bbox 1612 589 1736 648; x_wconf 80' lang='lat' dir='ltr'><strong>Eos,</strong></span> <span class='ocrx_word' id='word_1_28' title='bbox 1773 589 1863 656; x_wconf 86' lang='lat' dir='ltr'><strong>qui</strong></span> <span class='ocrx_word' id='word_1_29' title='bbox 1896 590 1948 642; x_wconf 93' lang='lat' dir='ltr'><strong>in</strong></span> <span class='ocrx_word' id='word_1_30' title='bbox 1979 589 2123 642; x_wconf 87' lang='lat' dir='ltr'><strong>clero</strong></span> 
     </span>
    </p>
   </div>
   <div class='ocr_carea' id='block_1_7' title="bbox 574 680 2128 747">
    <p class='ocr_par' dir='ltr' id='par_1_7' title="bbox 574 680 2128 747">
     <span class='ocr_line' id='line_1_7' title="bbox 574 680 2128 747; baseline -0.005 -7"><span class='ocrx_word' id='word_1_31' title='bbox 574 686 736 740; x_wconf 82' lang='lat' dir='ltr'><strong>semel</strong></span> <span class='ocrx_word' id='word_1_32' title='bbox 766 683 1001 738; x_wconf 91' lang='lat' dir='ltr'><strong>ordinati</strong></span> <span class='ocrx_word' id='word_1_33' title='bbox 1027 692 1176 747; x_wconf 89' lang='lat' dir='ltr'><strong>sunt,</strong></span> <span class='ocrx_word' id='word_1_34' title='bbox 1222 690 1274 734; x_wconf 90' lang='lat' dir='ltr'><strong>et</strong></span> <span class='ocrx_word' id='word_1_35' title='bbox 1299 681 1482 734; x_wconf 89' lang='lat' dir='ltr'><strong>itidem</strong></span> <span class='ocrx_word' id='word_1_36' title='bbox 1513 680 1808 732; x_wconf 72' lang='lat' dir='ltr'><strong>monaclzos</strong></span> <span class='ocrx_word' id='word_1_37' title='bbox 1839 681 2128 732; x_wconf 72' lang='lat' dir='ltr'><strong>statuimus</strong></span> 
     </span>
    </p>
   </div>
   <div class='ocr_carea' id='block_1_8' title="bbox 579 768 2127 839">
    <p class='ocr_par' dir='ltr' id='par_1_8' title="bbox 579 768 2127 839">
     <span class='ocr_line' id='line_1_8' title="bbox 579 768 2127 839; baseline -0.005 -11"><span class='ocrx_word' id='word_1_38' title='bbox 579 790 678 828; x_wconf 88' lang='lat' dir='ltr'><strong>nec</strong></span> <span class='ocrx_word' id='word_1_39' title='bbox 707 773 771 826; x_wconf 94' lang='lat' dir='ltr'><strong>ad</strong></span> <span class='ocrx_word' id='word_1_40' title='bbox 803 773 1087 826; x_wconf 75' lang='lat' dir='ltr'><strong>militarem</strong></span> <span class='ocrx_word' id='word_1_41' title='bbox 1136 771 1553 839; x_wconf 80' lang='lat' dir='ltr'><strong>expeditionem,</strong></span> <span class='ocrx_word' id='word_1_42' title='bbox 1584 784 1682 822; x_wconf 88' lang='lat' dir='ltr'><strong>nec</strong></span> <span class='ocrx_word' id='word_1_43' title='bbox 1723 769 1787 822; x_wconf 86' lang='lat' dir='ltr'><strong>ad</strong></span> <span class='ocrx_word' id='word_1_44' title='bbox 1820 768 2127 821; x_wconf 66' lang='lat' dir='ltr'><strong>saecularem</strong></span> 
     </span>
    </p>
   </div>
   <div class='ocr_carea' id='block_1_9' title="bbox 579 857 2131 932">
    <p class='ocr_par' dir='ltr' id='par_1_9' title="bbox 579 857 2131 932">
     <span class='ocr_line' id='line_1_9' title="bbox 579 857 2131 932; baseline -0.004 -16"><span class='ocrx_word' id='word_1_45' title='bbox 579 863 892 932; x_wconf 72' lang='lat' dir='ltr'><strong>dignitatem</strong></span> <span class='ocrx_word' id='word_1_46' title='bbox 943 875 1098 929; x_wconf 80' lang='lat' dir='ltr'><strong>posse</strong></span> <span class='ocrx_word' id='word_1_47' title='bbox 1152 862 1355 917; x_wconf 84' lang='lat' dir='ltr'><strong>venire.</strong></span> <span class='ocrx_word' id='word_1_48' title='bbox 1401 860 1500 924; x_wconf 87' lang='lat' dir='ltr'><strong>Qui</strong></span> <span class='ocrx_word' id='word_1_49' title='bbox 1544 867 1722 912; x_wconf 88' lang='lat' dir='ltr'><strong>autem</strong></span> <span class='ocrx_word' id='word_1_50' title='bbox 1777 859 1875 910; x_wconf 83' lang='lat' dir='ltr'><strong>lioc</strong></span> <span class='ocrx_word' id='word_1_51' title='bbox 1933 857 2131 911; x_wconf 86' lang='lat' dir='ltr'><strong>audent</strong></span> 
     </span>
    </p>
   </div>
   <div class='ocr_carea' id='block_1_10' title="bbox 573 948 2127 1020">
    <p class='ocr_par' dir='ltr' id='par_1_10' title="bbox 573 948 2127 1020">
     <span class='ocr_line' id='line_1_10' title="bbox 573 948 2127 1020; baseline -0.003 -14"><span class='ocrx_word' id='word_1_52' title='bbox 573 963 626 1006; x_wconf 85' lang='lat' dir='ltr'><strong>et</strong></span> <span class='ocrx_word' id='word_1_53' title='bbox 665 967 771 1005; x_wconf 88' lang='lat' dir='ltr'><strong>non</strong></span> <span class='ocrx_word' id='word_1_54' title='bbox 817 950 1130 1020; x_wconf 74' lang='lat' dir='ltr'><strong>pmnitentia</strong></span> <span class='ocrx_word' id='word_1_55' title='bbox 1174 951 1321 1004; x_wconf 88' lang='lat' dir='ltr'><strong>ducti</strong></span> <span class='ocrx_word' id='word_1_56' title='bbox 1355 951 1419 1004; x_wconf 84' lang='lat' dir='ltr'><strong>ad</strong></span> <span class='ocrx_word' id='word_1_57' title='bbox 1462 950 1513 1003; x_wconf 86' lang='lat' dir='ltr'><strong>id</strong></span> <span class='ocrx_word' id='word_1_58' title='bbox 1578 957 1941 1010; x_wconf 87' lang='lat' dir='ltr'><strong>revertuntur,</strong></span> <span class='ocrx_word' id='word_1_59' title='bbox 1984 948 2127 1016; x_wconf 85' lang='lat' dir='ltr'><strong>quod</strong></span> 
     </span>
    </p>
   </div>
   <div class='ocr_carea' id='block_1_11' title="bbox 577 1039 2125 1111">
    <p class='ocr_par' dir='ltr' id='par_1_11' title="bbox 577 1039 2125 1111">
     <span class='ocr_line' id='line_1_11' title="bbox 577 1039 2125 1111; baseline -0.003 -17"><span class='ocrx_word' id='word_1_60' title='bbox 577 1051 792 1111; x_wconf 78' lang='lat' dir='ltr'><strong>propter</strong></span> <span class='ocrx_word' id='word_1_61' title='bbox 860 1039 1022 1093; x_wconf 85' lang='lat' dir='ltr'><strong>Deum</strong></span> <span class='ocrx_word' id='word_1_62' title='bbox 1098 1039 1248 1109; x_wconf 88' lang='lat' dir='ltr'><strong>prius</strong></span> <span class='ocrx_word' id='word_1_63' title='bbox 1301 1039 1594 1108; x_wconf 87' lang='lat' dir='ltr'><strong>elegerant,</strong></span> <span class='ocrx_word' id='word_1_64' title='bbox 1661 1039 2125 1092; x_wconf 81' lang='lat' dir='ltr'><strong>anatliematizari.</strong></span> 
     </span>
    </p>
   </div>
   <div class='ocr_carea' id='block_1_12' title="bbox 577 1127 2125 1200">
    <p class='ocr_par' dir='ltr' id='par_1_12' title="bbox 577 1127 2125 1200">
     <span class='ocr_line' id='line_1_12' title="bbox 577 1127 2125 1200; baseline -0.001 -17"><span class='ocrx_word' id='word_1_65' title='bbox 577 1130 640 1183; x_wconf 83' lang='lat' dir='ltr'><strong>Et</strong></span> <span class='ocrx_word' id='word_1_66' title='bbox 705 1130 774 1183; x_wconf 82' lang='lat'><strong>85</strong></span> <span class='ocrx_word' id='word_1_67' title='bbox 840 1145 1023 1200; x_wconf 38' lang='lat' dir='ltr'><strong>canon.</strong></span> <span class='ocrx_word' id='word_1_68' title='bbox 1069 1127 1384 1184; x_wconf 82' lang='lat' dir='ltr'><strong>&#39;sanctorum</strong></span> <span class='ocrx_word' id='word_1_69' title='bbox 1441 1130 1804 1196; x_wconf 80' lang='lat' dir='ltr'><strong>apostolorum</strong></span> <span class='ocrx_word' id='word_1_70' title='bbox 1843 1129 1953 1182; x_wconf 63' lang='lat' dir='ltr'><strong>hac</strong></span> <span class='ocrx_word' id='word_1_71' title='bbox 2001 1130 2074 1180; x_wconf 82' lang='lat' dir='ltr'><strong>ait</strong></span> <span class='ocrx_word' id='word_1_72' title='bbox 2112 1147 2125 1182; x_wconf 90' lang='lat'>:</span> 
     </span>
    </p>
   </div>
   <div class='ocr_carea' id='block_1_13' title="bbox 574 1207 2126 1289">
    <p class='ocr_par' dir='ltr' id='par_1_13' title="bbox 574 1207 2126 1289">
     <span class='ocr_line' id='line_1_13' title="bbox 574 1207 2126 1289; baseline -0.003 -16"><span class='ocrx_word' id='word_1_73' title='bbox 574 1207 894 1289; x_wconf 59' lang='lat' dir='ltr'><strong>Episcopus,</strong></span> <span class='ocrx_word' id='word_1_74' title='bbox 932 1223 1012 1273; x_wconf 89' lang='lat' dir='ltr'><strong>vel</strong></span> <span class='ocrx_word' id='word_1_75' title='bbox 1048 1220 1348 1289; x_wconf 86' lang='lat' dir='ltr'><strong>presbyter,</strong></span> <span class='ocrx_word' id='word_1_76' title='bbox 1388 1220 1468 1272; x_wconf 90' lang='lat' dir='ltr'><strong>vel</strong></span> <span class='ocrx_word' id='word_1_77' title='bbox 1518 1220 1801 1281; x_wconf 87' lang='lat' dir='ltr'><strong>diaconus,</strong></span> <span class='ocrx_word' id='word_1_78' title='bbox 1870 1219 2126 1272; x_wconf 76' lang='lat' dir='ltr'><strong>exercitui</strong></span> 
     </span>
    </p>
   </div>
   <div class='ocr_carea' id='block_1_14' title="bbox 573 1306 2125 1376">
    <p class='ocr_par' dir='ltr' id='par_1_14' title="bbox 573 1306 2125 1376">
     <span class='ocr_line' id='line_1_14' title="bbox 573 1306 2125 1376; baseline -0.003 -15"><span class='ocrx_word' id='word_1_79' title='bbox 573 1321 796 1372; x_wconf 85' lang='lat' dir='ltr'><strong>vacans,</strong></span> <span class='ocrx_word' id='word_1_80' title='bbox 849 1317 902 1360; x_wconf 83' lang='lat' dir='ltr'><strong>et</strong></span> <span class='ocrx_word' id='word_1_81' title='bbox 955 1316 1183 1376; x_wconf 89' lang='lat' dir='ltr'><strong>utraque</strong></span> <span class='ocrx_word' id='word_1_82' title='bbox 1212 1308 1459 1361; x_wconf 88' lang='lat' dir='ltr'><strong>obtinere</strong></span> <span class='ocrx_word' id='word_1_83' title='bbox 1530 1309 1751 1371; x_wconf 89' lang='lat' dir='ltr'><strong>volens,</strong></span> <span class='ocrx_word' id='word_1_84' title='bbox 1831 1306 2125 1360; x_wconf 76' lang='lat' dir='ltr'><strong>Bouianqu</strong></span> 
     </span>
    </p>
   </div>
   <div class='ocr_carea' id='block_1_15' title="bbox 574 1377 2129 1467">
    <p class='ocr_par' dir='ltr' id='par_1_15' title="bbox 574 1377 2129 1467">
     <span class='ocr_line' id='line_1_15' title="bbox 574 1377 2129 1467; baseline -0.002 -13"><span class='ocrx_word' id='word_1_85' title='bbox 574 1399 780 1454; x_wconf 73' lang='lat' dir='ltr'><strong>scilicet</strong></span> <span class='ocrx_word' id='word_1_86' title='bbox 815 1399 1212 1467; x_wconf 75' lang='lat' dir='ltr'><strong>magistratum,</strong></span> <span class='ocrx_word' id='word_1_87' title='bbox 1247 1410 1298 1453; x_wconf 87' lang='lat' dir='ltr'><strong>et</strong></span> <span class='ocrx_word' id='word_1_88' title='bbox 1331 1401 1723 1456; x_wconf 85' lang='lat' dir='ltr'><strong>sacerdotalem</strong></span> <span class='ocrx_word' id='word_1_89' title='bbox 1775 1377 2129 1454; x_wconf 64' lang='lat' dir='ltr'><strong>adtuinistra:</strong></span> 
     </span>
    </p>
   </div>
   <div class='ocr_carea' id='block_1_16' title="bbox 574 1489 2130 1558">
    <p class='ocr_par' dir='ltr' id='par_1_16' title="bbox 574 1489 2130 1558">
     <span class='ocr_line' id='line_1_16' title="bbox 574 1489 2130 1558; baseline 0.003 -18"><span class='ocrx_word' id='word_1_90' title='bbox 574 1491 796 1554; x_wconf 88' lang='lat' dir='ltr'><strong>tionem,</strong></span> <span class='ocrx_word' id='word_1_91' title='bbox 841 1489 1160 1558; x_wconf 82' lang='lat' dir='ltr'><strong>deponatur.</strong></span> <span class='ocrx_word' id='word_1_92' title='bbox 1203 1489 1333 1556; x_wconf 70' lang='lat' dir='ltr'><strong>Quae</strong></span> <span class='ocrx_word' id='word_1_93' title='bbox 1373 1500 1500 1546; x_wconf 88' lang='lat' dir='ltr'><strong>sunt</strong></span> <span class='ocrx_word' id='word_1_94' title='bbox 1547 1494 1686 1546; x_wconf 91' lang='lat' dir='ltr'><strong>enim</strong></span> <span class='ocrx_word' id='word_1_95' title='bbox 1729 1492 1979 1554; x_wconf 62' lang='lat' dir='ltr'><strong>Caesaris,</strong></span> <span class='ocrx_word' id='word_1_96' title='bbox 2017 1491 2130 1544; x_wconf 68' lang='lat' dir='ltr'><strong>Cie-</strong></span> 
     </span>
    </p>
   </div>
   <div class='ocr_carea' id='block_1_17' title="bbox 574 1579 2130 1650">
    <p class='ocr_par' dir='ltr' id='par_1_17' title="bbox 574 1579 2130 1650">
     <span class='ocr_line' id='line_1_17' title="bbox 574 1579 2130 1650; baseline -0.001 -18"><span class='ocrx_word' id='word_1_97' title='bbox 574 1579 720 1643; x_wconf 87' lang='lat' dir='ltr'><strong>sari;</strong></span> <span class='ocrx_word' id='word_1_98' title='bbox 758 1585 811 1632; x_wconf 88' lang='lat' dir='ltr'><strong>et</strong></span> <span class='ocrx_word' id='word_1_99' title='bbox 838 1595 957 1648; x_wconf 70' lang='lat' dir='ltr'><strong>quae</strong></span> <span class='ocrx_word' id='word_1_100' title='bbox 1005 1589 1132 1634; x_wconf 88' lang='lat' dir='ltr'><strong>sunt</strong></span> <span class='ocrx_word' id='word_1_101' title='bbox 1167 1579 1278 1643; x_wconf 86' lang='lat' dir='ltr'><strong>Dei,</strong></span> <span class='ocrx_word' id='word_1_102' title='bbox 1307 1582 1433 1634; x_wconf 82' lang='lat' dir='ltr'><strong>Deo.</strong></span> <span class='ocrx_word' id='word_1_103' title='bbox 1471 1582 1624 1635; x_wconf 85' lang='lat' dir='ltr'><strong>Fient</strong></span> <span class='ocrx_word' id='word_1_104' title='bbox 1655 1581 1819 1650; x_wconf 85' lang='lat' dir='ltr'><strong>igitur</strong></span> <span class='ocrx_word' id='word_1_105' title='bbox 1848 1581 1900 1634; x_wconf 92' lang='lat' dir='ltr'><strong>in</strong></span> <span class='ocrx_word' id='word_1_106' title='bbox 1942 1595 2130 1632; x_wconf 86' lang='lat' dir='ltr'><strong>mona-</strong></span> 
     </span>
    </p>
   </div>
   <div class='ocr_carea' id='block_1_18' title="bbox 575 1668 2128 1738">
    <p class='ocr_par' dir='ltr' id='par_1_18' title="bbox 575 1668 2128 1738">
     <span class='ocr_line' id='line_1_18' title="bbox 575 1668 2128 1738; baseline 0.001 -18"><span class='ocrx_word' id='word_1_107' title='bbox 575 1669 710 1731; x_wconf 87' lang='lat' dir='ltr'><strong>chis,</strong></span> <span class='ocrx_word' id='word_1_108' title='bbox 743 1678 796 1722; x_wconf 90' lang='lat' dir='ltr'><strong>et</strong></span> <span class='ocrx_word' id='word_1_109' title='bbox 825 1669 1046 1738; x_wconf 80' lang='lat' dir='ltr'><strong>reliquis</strong></span> <span class='ocrx_word' id='word_1_110' title='bbox 1088 1668 1222 1722; x_wconf 90' lang='lat' dir='ltr'><strong>adeo</strong></span> <span class='ocrx_word' id='word_1_111' title='bbox 1256 1670 1390 1723; x_wconf 87' lang='lat' dir='ltr'><strong>bene</strong></span> <span class='ocrx_word' id='word_1_112' title='bbox 1436 1685 1494 1724; x_wconf 90' lang='lat' dir='ltr'><strong>se</strong></span> <span class='ocrx_word' id='word_1_113' title='bbox 1531 1671 1858 1738; x_wconf 81' lang='lat' dir='ltr'><strong>gerentibus,</strong></span> <span class='ocrx_word' id='word_1_114' title='bbox 1899 1684 1961 1723; x_wconf 85' lang='lat' dir='ltr'><strong>ea</strong></span> <span class='ocrx_word' id='word_1_115' title='bbox 2010 1684 2128 1738; x_wconf 65' lang='lat' dir='ltr'><strong>quae</strong></span> 
     </span>
    </p>
   </div>
   <div class='ocr_carea' id='block_1_19' title="bbox 575 1756 1624 1824">
    <p class='ocr_par' dir='ltr' id='par_1_19' title="bbox 575 1756 1624 1824">
     <span class='ocr_line' id='line_1_19' title="bbox 575 1756 1624 1824; baseline 0.001 -14"><span class='ocrx_word' id='word_1_116' title='bbox 575 1756 879 1824; x_wconf 75' lang='lat' dir='ltr'><strong>huiusmodi</strong></span> <span class='ocrx_word' id='word_1_117' title='bbox 906 1757 1204 1811; x_wconf 89' lang='lat' dir='ltr'><strong>canonibus</strong></span> <span class='ocrx_word' id='word_1_118' title='bbox 1235 1757 1454 1811; x_wconf 76' lang='lat' dir='ltr'><strong>definita</strong></span> <span class='ocrx_word' id='word_1_119' title='bbox 1481 1768 1624 1812; x_wconf 90' lang='lat' dir='ltr'><strong>sunt.</strong></span> 
     </span>
    </p>
   </div>
   <div class='ocr_carea' id='block_1_20' title="bbox 647 1844 2129 1914">
    <p class='ocr_par' dir='ltr' id='par_1_20' title="bbox 647 1844 2129 1914">
     <span class='ocr_line' id='line_1_20' title="bbox 647 1844 2129 1914; baseline 0.005 -18"><span class='ocrx_word' id='word_1_120' title='bbox 647 1844 811 1899; x_wconf 83' lang='lat' dir='ltr'><strong>Inter.</strong></span> <span class='ocrx_word' id='word_1_121' title='bbox 835 1845 924 1899; x_wconf 75' lang='lat'><strong>27.</strong></span> <span class='ocrx_word' id='word_1_122' title='bbox 967 1845 1235 1914; x_wconf 74' lang='lat' dir='ltr'><strong>Coniuges</strong></span> <span class='ocrx_word' id='word_1_123' title='bbox 1275 1849 1547 1900; x_wconf 84' lang='lat' dir='ltr'><strong>communi</strong></span> <span class='ocrx_word' id='word_1_124' title='bbox 1596 1847 1733 1903; x_wconf 79' lang='lat' dir='ltr'><strong>forte</strong></span> <span class='ocrx_word' id='word_1_125' title='bbox 1778 1863 2047 1904; x_wconf 89' lang='lat' dir='ltr'><strong>consensu</strong></span> <span class='ocrx_word' id='word_1_126' title='bbox 2077 1858 2129 1904; x_wconf 91' lang='lat' dir='ltr'><strong>et</strong></span> 
     </span>
    </p>
   </div>
   <div class='ocr_carea' id='block_1_21' title="bbox 573 1935 2125 2003">
    <p class='ocr_par' dir='ltr' id='par_1_21' title="bbox 573 1935 2125 2003">
     <span class='ocr_line' id='line_1_21' title="bbox 573 1935 2125 2003; baseline 0.005 -17"><span class='ocrx_word' id='word_1_127' title='bbox 573 1935 772 2003; x_wconf 87' lang='lat' dir='ltr'><strong>placito</strong></span> <span class='ocrx_word' id='word_1_128' title='bbox 807 1937 1000 1990; x_wconf 72' lang='lat' dir='ltr'><strong>anima:</strong></span> <span class='ocrx_word' id='word_1_129' title='bbox 1031 1937 1381 2002; x_wconf 90' lang='lat' dir='ltr'><strong>conducibili,</strong></span> <span class='ocrx_word' id='word_1_130' title='bbox 1428 1940 1782 1994; x_wconf 85' lang='lat' dir='ltr'><strong>monasticam</strong></span> <span class='ocrx_word' id='word_1_131' title='bbox 1820 1942 1983 1993; x_wconf 86' lang='lat' dir='ltr'><strong>vitam</strong></span> <span class='ocrx_word' id='word_1_132' title='bbox 2015 1942 2125 1994; x_wconf 61' lang='lat' dir='ltr'><strong>elc.</strong></span> 
     </span>
    </p>
   </div>
   <div class='ocr_carea' id='block_1_22' title="bbox 579 2025 2122 2099">
    <p class='ocr_par' dir='ltr' id='par_1_22' title="bbox 579 2025 2122 2099">
     <span class='ocr_line' id='line_1_22' title="bbox 579 2025 2122 2099; baseline 0.003 -22"><span class='ocrx_word' id='word_1_133' title='bbox 579 2032 800 2093; x_wconf 87' lang='lat' dir='ltr'><strong>gerunt.</strong></span> <span class='ocrx_word' id='word_1_134' title='bbox 828 2025 960 2090; x_wconf 86' lang='lat' dir='ltr'><strong>Quia</strong></span> <span class='ocrx_word' id='word_1_135' title='bbox 997 2035 1172 2080; x_wconf 89' lang='lat' dir='ltr'><strong>autem</strong></span> <span class='ocrx_word' id='word_1_136' title='bbox 1206 2042 1398 2081; x_wconf 91' lang='lat' dir='ltr'><strong>rursus</strong></span> <span class='ocrx_word' id='word_1_137' title='bbox 1429 2029 1479 2080; x_wconf 92' lang='lat' dir='ltr'><strong>in</strong></span> <span class='ocrx_word' id='word_1_138' title='bbox 1524 2029 1709 2083; x_wconf 85' lang='lat' dir='ltr'><strong>eadem</strong></span> <span class='ocrx_word' id='word_1_139' title='bbox 1753 2029 1914 2083; x_wconf 90' lang='lat' dir='ltr'><strong>domo</strong></span> <span class='ocrx_word' id='word_1_140' title='bbox 1941 2041 2122 2099; x_wconf 87' lang='lat' dir='ltr'><strong>agunt,</strong></span> 
     </span>
    </p>
   </div>
   <div class='ocr_carea' id='block_1_23' title="bbox 574 2115 2127 2185">
    <p class='ocr_par' dir='ltr' id='par_1_23' title="bbox 574 2115 2127 2185">
     <span class='ocr_line' id='line_1_23' title="bbox 574 2115 2127 2185; baseline 0.005 -18"><span class='ocrx_word' id='word_1_141' title='bbox 574 2115 758 2168; x_wconf 90' lang='lat' dir='ltr'><strong>eodem</strong></span> <span class='ocrx_word' id='word_1_142' title='bbox 817 2118 984 2179; x_wconf 91' lang='lat' dir='ltr'><strong>victu,</strong></span> <span class='ocrx_word' id='word_1_143' title='bbox 1029 2116 1322 2185; x_wconf 89' lang='lat' dir='ltr'><strong>eademque</strong></span> <span class='ocrx_word' id='word_1_144' title='bbox 1393 2133 1575 2173; x_wconf 90' lang='lat' dir='ltr'><strong>mensa</strong></span> <span class='ocrx_word' id='word_1_145' title='bbox 1647 2128 1874 2184; x_wconf 83' lang='lat' dir='ltr'><strong>utentes,</strong></span> <span class='ocrx_word' id='word_1_146' title='bbox 1919 2121 2127 2175; x_wconf 82' lang='lat' dir='ltr'><strong>discere</strong></span> 
     </span>
    </p>
   </div>
   <div class='ocr_carea' id='block_1_24' title="bbox 575 2203 1347 2273">
    <p class='ocr_par' dir='ltr' id='par_1_24' title="bbox 575 2203 1347 2273">
     <span class='ocr_line' id='line_1_24' title="bbox 575 2203 1347 2273; baseline 0.003 -17"><span class='ocrx_word' id='word_1_147' title='bbox 575 2203 732 2257; x_wconf 92' lang='lat' dir='ltr'><strong>velim</strong></span> <span class='ocrx_word' id='word_1_148' title='bbox 763 2203 892 2273; x_wconf 92' lang='lat' dir='ltr'><strong>quid</strong></span> <span class='ocrx_word' id='word_1_149' title='bbox 925 2204 1229 2258; x_wconf 81' lang='lat' dir='ltr'><strong>faciendum</strong></span> <span class='ocrx_word' id='word_1_150' title='bbox 1255 2206 1347 2259; x_wconf 90' lang='lat' dir='ltr'><strong>sit.</strong></span> 
     </span>
    </p>
   </div>
   <div class='ocr_carea' id='block_1_25' title="bbox 645 2289 2124 2368">
    <p class='ocr_par' dir='ltr' id='par_1_25' title="bbox 645 2289 2124 2368">
     <span class='ocr_line' id='line_1_25' title="bbox 645 2289 2124 2368; baseline 0.006 -25"><span class='ocrx_word' id='word_1_151' title='bbox 645 2289 765 2346; x_wconf 76' lang='lat' dir='ltr'><strong>Res.</strong></span> <span class='ocrx_word' id='word_1_152' title='bbox 793 2292 964 2346; x_wconf 86' lang='lat' dir='ltr'><strong>Divini</strong></span> <span class='ocrx_word' id='word_1_153' title='bbox 989 2307 1227 2347; x_wconf 85' lang='lat' dir='ltr'><strong>canones</strong></span> <span class='ocrx_word' id='word_1_154' title='bbox 1250 2303 1446 2348; x_wconf 74' lang='lat' dir='ltr'><strong>sanctae</strong></span> <span class='ocrx_word' id='word_1_155' title='bbox 1462 2303 1518 2349; x_wconf 90' lang='lat' dir='ltr'><strong>et</strong></span> <span class='ocrx_word' id='word_1_156' title='bbox 1542 2298 1892 2350; x_wconf 72' lang='lat' dir='ltr'><strong>mcuinenica:</strong></span> <span class='ocrx_word' id='word_1_157' title='bbox 1913 2299 2124 2368; x_wconf 80' lang='lat' dir='ltr'><strong>synodi,</strong></span> 
     </span>
    </p>
   </div>
   <div class='ocr_carea' id='block_1_26' title="bbox 579 2383 2126 2456">
    <p class='ocr_par' dir='ltr' id='par_1_26' title="bbox 579 2383 2126 2456">
     <span class='ocr_line' id='line_1_26' title="bbox 579 2383 2126 2456; baseline 0.005 -24"><span class='ocrx_word' id='word_1_158' title='bbox 579 2389 779 2434; x_wconf 72' lang='lat' dir='ltr'><strong>coacta:</strong></span> <span class='ocrx_word' id='word_1_159' title='bbox 821 2383 874 2435; x_wconf 90' lang='lat' dir='ltr'><strong>in</strong></span> <span class='ocrx_word' id='word_1_160' title='bbox 920 2383 1118 2451; x_wconf 88' lang='lat' dir='ltr'><strong>templo</strong></span> <span class='ocrx_word' id='word_1_161' title='bbox 1160 2391 1468 2437; x_wconf 87' lang='lat' dir='ltr'><strong>sanctorum</strong></span> <span class='ocrx_word' id='word_1_162' title='bbox 1511 2385 1896 2453; x_wconf 88' lang='lat' dir='ltr'><strong>apostolorum,</strong></span> <span class='ocrx_word' id='word_1_163' title='bbox 1945 2389 2126 2456; x_wconf 84' lang='lat' dir='ltr'><strong>appel-</strong></span> 
     </span>
    </p>
   </div>
   <div class='ocr_carea' id='block_1_27' title="bbox 579 2471 2130 2537">
    <p class='ocr_par' dir='ltr' id='par_1_27' title="bbox 579 2471 2130 2537">
     <span class='ocr_line' id='line_1_27' title="bbox 579 2471 2130 2537; baseline 0.007 -14"><span class='ocrx_word' id='word_1_164' title='bbox 579 2471 698 2525; x_wconf 74' lang='lat' dir='ltr'><strong>Iata:</strong></span> <span class='ocrx_word' id='word_1_165' title='bbox 730 2472 752 2524; x_wconf 86' lang='lat' dir='ltr'><strong>l</strong></span> <span class='ocrx_word' id='word_1_166' title='bbox 784 2479 836 2524; x_wconf 88' lang='lat' dir='ltr'><strong>et</strong></span> <span class='ocrx_word' id='word_1_167' title='bbox 864 2475 918 2537; x_wconf 76' lang='lat'><strong>2,</strong></span> <span class='ocrx_word' id='word_1_168' title='bbox 953 2472 1216 2527; x_wconf 81' lang='lat' dir='ltr'><strong>deﬁniunt</strong></span> <span class='ocrx_word' id='word_1_169' title='bbox 1265 2493 1276 2527; x_wconf 88' lang='lat'>:</span> <span class='ocrx_word' id='word_1_170' title='bbox 1312 2489 1564 2530; x_wconf 84' lang='lat' dir='ltr'><strong>tonsuras</strong></span> <span class='ocrx_word' id='word_1_171' title='bbox 1603 2478 1654 2530; x_wconf 92' lang='lat' dir='ltr'><strong>in</strong></span> <span class='ocrx_word' id='word_1_172' title='bbox 1688 2481 2009 2532; x_wconf 87' lang='lat' dir='ltr'><strong>monasteria</strong></span> <span class='ocrx_word' id='word_1_173' title='bbox 2051 2481 2130 2534; x_wconf 92' lang='lat' dir='ltr'><strong>sic</strong></span> 
     </span>
    </p>
   </div>
   <div class='ocr_carea' id='block_1_28' title="bbox 584 2560 2126 2630">
    <p class='ocr_par' dir='ltr' id='par_1_28' title="bbox 584 2560 2126 2630">
     <span class='ocr_line' id='line_1_28' title="bbox 584 2560 2126 2630; baseline 0.005 -18"><span class='ocrx_word' id='word_1_174' title='bbox 584 2560 720 2622; x_wconf 79' lang='lat' dir='ltr'><strong>ﬁeri,</strong></span> <span class='ocrx_word' id='word_1_175' title='bbox 752 2575 818 2614; x_wconf 90' lang='lat' dir='ltr'><strong>ne</strong></span> <span class='ocrx_word' id='word_1_176' title='bbox 845 2560 1084 2614; x_wconf 78' lang='lat' dir='ltr'><strong>recusari</strong></span> <span class='ocrx_word' id='word_1_177' title='bbox 1117 2562 1347 2630; x_wconf 89' lang='lat' dir='ltr'><strong>possint,</strong></span> <span class='ocrx_word' id='word_1_178' title='bbox 1381 2570 1434 2616; x_wconf 87' lang='lat' dir='ltr'><strong>et</strong></span> <span class='ocrx_word' id='word_1_179' title='bbox 1463 2564 1847 2618; x_wconf 87' lang='lat' dir='ltr'><strong>conventiones</strong></span> <span class='ocrx_word' id='word_1_180' title='bbox 1866 2573 1893 2601; x_wconf 72' lang='grc'><em>³</em></span> <span class='ocrx_word' id='word_1_181' title='bbox 1918 2582 2126 2630; x_wconf 91' lang='lat' dir='ltr'><strong>eorum,</strong></span> 
     </span>
    </p>
   </div>
   <div class='ocr_carea' id='block_1_29' title="bbox 579 2649 2130 2725">
    <p class='ocr_par' dir='ltr' id='par_1_29' title="bbox 579 2649 2130 2725">
     <span class='ocr_line' id='line_1_29' title="bbox 579 2649 2130 2725; baseline 0.005 -22"><span class='ocrx_word' id='word_1_182' title='bbox 579 2651 670 2718; x_wconf 91' lang='lat' dir='ltr'><strong>qui</strong></span> <span class='ocrx_word' id='word_1_183' title='bbox 711 2650 1022 2711; x_wconf 87' lang='lat' dir='ltr'><strong>tondentur,</strong></span> <span class='ocrx_word' id='word_1_184' title='bbox 1057 2665 1086 2703; x_wconf 91' lang='lat' dir='ltr'><strong>a</strong></span> <span class='ocrx_word' id='word_1_185' title='bbox 1119 2649 1528 2717; x_wconf 74' lang='lat' dir='ltr'><strong>ﬁdeiussoribus</strong></span> <span class='ocrx_word' id='word_1_186' title='bbox 1557 2653 1785 2720; x_wconf 85' lang='lat' dir='ltr'><strong>suscipi.</strong></span> <span class='ocrx_word' id='word_1_187' title='bbox 1818 2652 1920 2718; x_wconf 86' lang='lat' dir='ltr'><strong>Qui</strong></span> <span class='ocrx_word' id='word_1_188' title='bbox 1963 2655 2130 2725; x_wconf 83' lang='lat' dir='ltr'><strong>igitur</strong></span> 
     </span>
    </p>
   </div>
   <div class='ocr_carea' id='block_1_30' title="bbox 579 2740 2130 2811">
    <p class='ocr_par' dir='ltr' id='par_1_30' title="bbox 579 2740 2130 2811">
     <span class='ocr_line' id='line_1_30' title="bbox 579 2740 2130 2811; baseline 0.005 -19"><span class='ocrx_word' id='word_1_189' title='bbox 579 2755 686 2792; x_wconf 84' lang='lat' dir='ltr'><strong>non</strong></span> <span class='ocrx_word' id='word_1_190' title='bbox 718 2740 917 2808; x_wconf 84' lang='lat' dir='ltr'><strong>degunt</strong></span> <span class='ocrx_word' id='word_1_191' title='bbox 941 2741 994 2793; x_wconf 92' lang='lat' dir='ltr'><strong>in</strong></span> <span class='ocrx_word' id='word_1_192' title='bbox 1023 2743 1386 2804; x_wconf 83' lang='lat' dir='ltr'><strong>monasteriis,</strong></span> <span class='ocrx_word' id='word_1_193' title='bbox 1423 2741 1476 2795; x_wconf 87' lang='lat' dir='ltr'><strong>in</strong></span> <span class='ocrx_word' id='word_1_194' title='bbox 1508 2743 1702 2811; x_wconf 87' lang='lat' dir='ltr'><strong>quibus</strong></span> <span class='ocrx_word' id='word_1_195' title='bbox 1733 2744 1916 2797; x_wconf 85' lang='lat' dir='ltr'><strong>habitu</strong></span> <span class='ocrx_word' id='word_1_196' title='bbox 1951 2756 2130 2799; x_wconf 58' lang='lat' dir='ltr'><strong>muta.</strong></span> 
     </span>
    </p>
   </div>
   <div class='ocr_carea' id='block_1_31' title="bbox 579 2832 2127 2901">
    <p class='ocr_par' dir='ltr' id='par_1_31' title="bbox 579 2832 2127 2901">
     <span class='ocr_line' id='line_1_31' title="bbox 579 2832 2127 2901; baseline 0.004 -19"><span class='ocrx_word' id='word_1_197' title='bbox 579 2838 730 2892; x_wconf 84' lang='lat' dir='ltr'><strong>runt,</strong></span> <span class='ocrx_word' id='word_1_198' title='bbox 761 2839 815 2882; x_wconf 90' lang='lat' dir='ltr'><strong>et</strong></span> <span class='ocrx_word' id='word_1_199' title='bbox 848 2832 989 2884; x_wconf 88' lang='lat' dir='ltr'><strong>tonsi</strong></span> <span class='ocrx_word' id='word_1_200' title='bbox 1027 2838 1172 2896; x_wconf 85' lang='lat' dir='ltr'><strong>sunt,</strong></span> <span class='ocrx_word' id='word_1_201' title='bbox 1209 2832 1303 2886; x_wconf 92' lang='lat' dir='ltr'><strong>sed</strong></span> <span class='ocrx_word' id='word_1_202' title='bbox 1354 2833 1407 2885; x_wconf 93' lang='lat' dir='ltr'><strong>in</strong></span> <span class='ocrx_word' id='word_1_203' title='bbox 1453 2834 1742 2888; x_wconf 85' lang='lat' dir='ltr'><strong>mundanis</strong></span> <span class='ocrx_word' id='word_1_204' title='bbox 1783 2833 2127 2901; x_wconf 80' lang='lat' dir='ltr'><strong>diversoriis;</strong></span> 
     </span>
    </p>
   </div>
   <div class='ocr_carea' id='block_1_32' title="bbox 580 2919 2134 2992">
    <p class='ocr_par' dir='ltr' id='par_1_32' title="bbox 580 2919 2134 2992">
     <span class='ocr_line' id='line_1_32' title="bbox 580 2919 2134 2992; baseline 0.006 -21"><span class='ocrx_word' id='word_1_205' title='bbox 580 2919 976 2987; x_wconf 86' lang='lat' dir='ltr'><strong>eompellentur</strong></span> <span class='ocrx_word' id='word_1_206' title='bbox 1010 2934 1039 2973; x_wconf 88' lang='lat' dir='ltr'><strong>a</strong></span> <span class='ocrx_word' id='word_1_207' title='bbox 1080 2921 1379 2976; x_wconf 73' lang='lat' dir='ltr'><strong>dimceseos</strong></span> <span class='ocrx_word' id='word_1_208' title='bbox 1423 2923 1694 2992; x_wconf 87' lang='lat' dir='ltr'><strong>episcopo,</strong></span> <span class='ocrx_word' id='word_1_209' title='bbox 1760 2941 1883 2978; x_wconf 92' lang='lat' dir='ltr'><strong>cum</strong></span> <span class='ocrx_word' id='word_1_210' title='bbox 1923 2941 2134 2981; x_wconf 83' lang='lat' dir='ltr'><strong>excom-</strong></span> 
     </span>
    </p>
   </div>
   <div class='ocr_carea' id='block_1_33' title="bbox 583 3009 2131 3082">
    <p class='ocr_par' dir='ltr' id='par_1_33' title="bbox 583 3009 2131 3082">
     <span class='ocr_line' id='line_1_33' title="bbox 583 3009 2131 3082; baseline 0.006 -21"><span class='ocrx_word' id='word_1_211' title='bbox 583 3009 946 3064; x_wconf 86' lang='lat' dir='ltr'><strong>municatione</strong></span> <span class='ocrx_word' id='word_1_212' title='bbox 967 3021 1020 3064; x_wconf 92' lang='lat' dir='ltr'><strong>et</strong></span> <span class='ocrx_word' id='word_1_213' title='bbox 1043 3011 1406 3067; x_wconf 89' lang='lat' dir='ltr'><strong>acerbissimis</strong></span> <span class='ocrx_word' id='word_1_214' title='bbox 1429 3013 1600 3081; x_wconf 66' lang='lat' dir='ltr'><strong>poenis</strong></span> <span class='ocrx_word' id='word_1_215' title='bbox 1616 3015 1791 3070; x_wconf 88' lang='lat' dir='ltr'><strong>redire</strong></span> <span class='ocrx_word' id='word_1_216' title='bbox 1811 3016 1969 3082; x_wconf 90' lang='lat' dir='ltr'><strong>bene,</strong></span> <span class='ocrx_word' id='word_1_217' title='bbox 1993 3017 2131 3071; x_wconf 89' lang='lat' dir='ltr'><strong>unde</strong></span> 
     </span>
    </p>
   </div>
   <div class='ocr_carea' id='block_1_34' title="bbox 583 3097 1017 3150">
    <p class='ocr_par' dir='ltr' id='par_1_34' title="bbox 583 3097 1017 3150">
     <span class='ocr_line' id='line_1_34' title="bbox 583 3097 1017 3150; baseline 0.009 -4"><span class='ocrx_word' id='word_1_218' title='bbox 583 3097 722 3148; x_wconf 83' lang='lat' dir='ltr'><strong>male</strong></span> <span class='ocrx_word' id='word_1_219' title='bbox 750 3097 1017 3150; x_wconf 75' lang='lat' dir='ltr'><strong>exierunt.</strong></span> 
     </span>
    </p>
   </div>
   <div class='ocr_carea' id='block_1_35' title="bbox 656 3274 2130 3348">
    <p class='ocr_par' dir='ltr' id='par_1_35' title="bbox 656 3274 2130 3348">
     <span class='ocr_line' id='line_1_35' title="bbox 656 3274 2130 3348; baseline 0.007 -20"><span class='ocrx_word' id='word_1_220' title='bbox 656 3274 821 3330; x_wconf 76' lang='lat' dir='ltr'><strong>Inter.</strong></span> <span class='ocrx_word' id='word_1_221' title='bbox 855 3277 943 3331; x_wconf 75' lang='lat'><strong>28.</strong></span> <span class='ocrx_word' id='word_1_222' title='bbox 979 3278 1287 3341; x_wconf 81' lang='lat' dir='ltr'><strong>Pontiﬁces,</strong></span> <span class='ocrx_word' id='word_1_223' title='bbox 1322 3280 1414 3348; x_wconf 89' lang='lat' dir='ltr'><strong>qui</strong></span> <span class='ocrx_word' id='word_1_224' title='bbox 1447 3281 1728 3347; x_wconf 87' lang='lat' dir='ltr'><strong>diaconos,</strong></span> <span class='ocrx_word' id='word_1_225' title='bbox 1763 3285 1842 3338; x_wconf 85' lang='lat' dir='ltr'><strong>vel</strong></span> <span class='ocrx_word' id='word_1_226' title='bbox 1878 3284 2130 3338; x_wconf 85' lang='lat' dir='ltr'><strong>sacerdo-</strong></span> 
     </span>
    </p>
   </div>
   <div class='ocr_carea' id='block_1_36' title="bbox 587 3368 2130 3442">
    <p class='ocr_par' dir='ltr' id='par_1_36' title="bbox 587 3368 2130 3442">
     <span class='ocr_line' id='line_1_36' title="bbox 587 3368 2130 3442; baseline 0.005 -22"><span class='ocrx_word' id='word_1_227' title='bbox 587 3379 666 3422; x_wconf 86' lang='lat' dir='ltr'><strong>tes</strong></span> <span class='ocrx_word' id='word_1_228' title='bbox 693 3368 966 3432; x_wconf 90' lang='lat' dir='ltr'><strong>ordinant,</strong></span> <span class='ocrx_word' id='word_1_229' title='bbox 1003 3370 1127 3422; x_wconf 89' lang='lat' dir='ltr'><strong>item</strong></span> <span class='ocrx_word' id='word_1_230' title='bbox 1162 3370 1252 3437; x_wconf 90' lang='lat' dir='ltr'><strong>qui</strong></span> <span class='ocrx_word' id='word_1_231' title='bbox 1284 3385 1379 3437; x_wconf 84' lang='lat' dir='ltr'><strong>per</strong></span> <span class='ocrx_word' id='word_1_232' title='bbox 1407 3370 1645 3423; x_wconf 84' lang='lat' dir='ltr'><strong>divinum</strong></span> <span class='ocrx_word' id='word_1_233' title='bbox 1698 3373 1968 3428; x_wconf 85' lang='lat' dir='ltr'><strong>lavacrum</strong></span> <span class='ocrx_word' id='word_1_234' title='bbox 2002 3389 2130 3442; x_wconf 87' lang='lat' dir='ltr'><strong>pue-</strong></span> 
     </span>
    </p>
   </div>
   <div class='ocr_carea' id='block_1_37' title="bbox 575 3449 2132 3524">
    <p class='ocr_par' dir='ltr' id='par_1_37' title="bbox 575 3449 2132 3524">
     <span class='ocr_line' id='line_1_37' title="bbox 575 3449 2132 3524; baseline 0.005 -18"><span class='ocrx_word' id='word_1_235' title='bbox 575 3449 678 3509; x_wconf 64' lang='lat' dir='ltr'><strong>ros</strong></span> <span class='ocrx_word' id='word_1_236' title='bbox 718 3457 1164 3519; x_wconf 77' lang='lat' dir='ltr'><strong>ortltodoxorum,</strong></span> <span class='ocrx_word' id='word_1_237' title='bbox 1203 3468 1295 3509; x_wconf 88' lang='lat' dir='ltr'><strong>aut</strong></span> <span class='ocrx_word' id='word_1_238' title='bbox 1340 3458 1548 3524; x_wconf 88' lang='lat' dir='ltr'><strong>aliquos</strong></span> <span class='ocrx_word' id='word_1_239' title='bbox 1582 3459 1860 3514; x_wconf 67' lang='lat' dir='ltr'><strong>haereticos</strong></span> <span class='ocrx_word' id='word_1_240' title='bbox 1895 3462 2132 3516; x_wconf 83' lang='lat' dir='ltr'><strong>sanctiﬁ-</strong></span> 
     </span>
    </p>
   </div>
   <div class='ocr_carea' id='block_1_38' title="bbox 589 3545 2134 3613">
    <p class='ocr_par' dir='ltr' id='par_1_38' title="bbox 589 3545 2134 3613">
     <span class='ocr_line' id='line_1_38' title="bbox 589 3545 2134 3613; baseline 0.004 -17"><span class='ocrx_word' id='word_1_241' title='bbox 589 3555 761 3606; x_wconf 85' lang='lat' dir='ltr'><strong>cant;</strong></span> <span class='ocrx_word' id='word_1_242' title='bbox 824 3545 1024 3612; x_wconf 89' lang='lat' dir='ltr'><strong>pariter</strong></span> <span class='ocrx_word' id='word_1_243' title='bbox 1076 3545 1167 3612; x_wconf 88' lang='lat' dir='ltr'><strong>qui</strong></span> <span class='ocrx_word' id='word_1_244' title='bbox 1229 3545 1497 3613; x_wconf 80' lang='lat' dir='ltr'><strong>aliquibus</strong></span> <span class='ocrx_word' id='word_1_245' title='bbox 1561 3547 1868 3601; x_wconf 87' lang='lat' dir='ltr'><strong>ministrant</strong></span> <span class='ocrx_word' id='word_1_246' title='bbox 1923 3550 2134 3602; x_wconf 85' lang='lat' dir='ltr'><strong>divinas</strong></span> 
     </span>
    </p>
   </div>
   <div class='ocr_carea' id='block_1_39' title="bbox 594 3632 2135 3702">
    <p class='ocr_par' dir='ltr' id='par_1_39' title="bbox 594 3632 2135 3702">
     <span class='ocr_line' id='line_1_39' title="bbox 594 3632 2135 3702; baseline 0.006 -20"><span class='ocrx_word' id='word_1_247' title='bbox 594 3632 1073 3696; x_wconf 79' lang='lat' dir='ltr'><strong>sanctiﬁcationes,</strong></span> <span class='ocrx_word' id='word_1_248' title='bbox 1103 3634 1147 3686; x_wconf 89' lang='lat' dir='ltr'><strong>si</strong></span> <span class='ocrx_word' id='word_1_249' title='bbox 1179 3635 1230 3686; x_wconf 93' lang='lat' dir='ltr'><strong>in</strong></span> <span class='ocrx_word' id='word_1_250' title='bbox 1274 3634 1472 3687; x_wconf 87' lang='lat' dir='ltr'><strong>laboris</strong></span> <span class='ocrx_word' id='word_1_251' title='bbox 1502 3637 1775 3702; x_wconf 65' lang='lat' dir='ltr'><strong>pra-mium</strong></span> <span class='ocrx_word' id='word_1_252' title='bbox 1807 3643 2135 3693; x_wconf 89' lang='lat' dir='ltr'><strong>nummarias</strong></span> 
     </span>
    </p>
   </div>
   <div class='ocr_carea' id='block_1_40' title="bbox 592 3720 2134 3794">
    <p class='ocr_par' dir='ltr' id='par_1_40' title="bbox 592 3720 2134 3794">
     <span class='ocr_line' id='line_1_40' title="bbox 592 3720 2134 3794; baseline 0.007 -24"><span class='ocrx_word' id='word_1_253' title='bbox 592 3720 801 3787; x_wconf 84' lang='lat' dir='ltr'><strong>aliquas</strong></span> <span class='ocrx_word' id='word_1_254' title='bbox 852 3735 1092 3774; x_wconf 86' lang='lat' dir='ltr'><strong>summas</strong></span> <span class='ocrx_word' id='word_1_255' title='bbox 1145 3722 1212 3774; x_wconf 89' lang='lat' dir='ltr'><strong>ab</strong></span> <span class='ocrx_word' id='word_1_256' title='bbox 1263 3722 1330 3774; x_wconf 88' lang='lat' dir='ltr'><strong>iis</strong></span> <span class='ocrx_word' id='word_1_257' title='bbox 1377 3723 1612 3792; x_wconf 81' lang='lat' dir='ltr'><strong>exigant,</strong></span> <span class='ocrx_word' id='word_1_258' title='bbox 1661 3736 1874 3780; x_wconf 89' lang='lat' dir='ltr'><strong>rectene</strong></span> <span class='ocrx_word' id='word_1_259' title='bbox 1913 3728 2134 3794; x_wconf 77' lang='lat' dir='ltr'><strong>iaciunt,</strong></span> 
     </span>
    </p>
   </div>
   <div class='ocr_carea' id='block_1_41' title="bbox 591 3811 805 3862">
    <p class='ocr_par' dir='ltr' id='par_1_41' title="bbox 591 3811 805 3862">
     <span class='ocr_line' id='line_1_41' title="bbox 591 3811 805 3862; baseline -0.005 0"><span class='ocrx_word' id='word_1_260' title='bbox 591 3811 805 3862; x_wconf 84' lang='lat' dir='ltr'><strong>annon?</strong></span> 
     </span>
    </p>
   </div>
   <div class='ocr_carea' id='block_1_42' title="bbox 661 3897 2134 3969">
    <p class='ocr_par' dir='ltr' id='par_1_42' title="bbox 661 3897 2134 3969">
     <span class='ocr_line' id='line_1_42' title="bbox 661 3897 2134 3969; baseline 0.005 -19"><span class='ocrx_word' id='word_1_261' title='bbox 661 3897 778 3951; x_wconf 78' lang='lat' dir='ltr'><strong>Res.</strong></span> <span class='ocrx_word' id='word_1_262' title='bbox 842 3897 1068 3961; x_wconf 84' lang='lat' dir='ltr'><strong>Milites,</strong></span> <span class='ocrx_word' id='word_1_263' title='bbox 1122 3898 1329 3966; x_wconf 87' lang='lat' dir='ltr'><strong>inquit,</strong></span> <span class='ocrx_word' id='word_1_264' title='bbox 1393 3901 1626 3968; x_wconf 89' lang='lat' dir='ltr'><strong>propriis</strong></span> <span class='ocrx_word' id='word_1_265' title='bbox 1685 3902 1967 3969; x_wconf 84' lang='lat' dir='ltr'><strong>stipendiis</strong></span> <span class='ocrx_word' id='word_1_266' title='bbox 2029 3921 2134 3958; x_wconf 94' lang='lat' dir='ltr'><strong>non</strong></span> 
     </span>
    </p>
   </div>
   <div class='ocr_carea' id='block_1_43' title="bbox 591 3986 2136 4056">
    <p class='ocr_par' dir='ltr' id='par_1_43' title="bbox 591 3986 2136 4056">
     <span class='ocr_line' id='line_1_43' title="bbox 591 3986 2136 4056; baseline 0.005 -17"><span class='ocrx_word' id='word_1_267' title='bbox 591 3989 827 4040; x_wconf 83' lang='lat' dir='ltr'><strong>aluntur.</strong></span> <span class='ocrx_word' id='word_1_268' title='bbox 862 3987 926 4040; x_wconf 86' lang='lat' dir='ltr'><strong>Et</strong></span> <span class='ocrx_word' id='word_1_269' title='bbox 973 4003 1066 4056; x_wconf 88' lang='lat' dir='ltr'><strong>per</strong></span> <span class='ocrx_word' id='word_1_270' title='bbox 1112 3986 1295 4041; x_wconf 85' lang='lat' dir='ltr'><strong>Mosen</strong></span> <span class='ocrx_word' id='word_1_271' title='bbox 1339 3988 1478 4040; x_wconf 74' lang='lat' dir='ltr'><strong>dixit</strong></span> <span class='ocrx_word' id='word_1_272' title='bbox 1518 3988 1678 4052; x_wconf 84' lang='lat' dir='ltr'><strong>Deus,</strong></span> <span class='ocrx_word' id='word_1_273' title='bbox 1711 3987 1824 4042; x_wconf 84' lang='lat' dir='ltr'><strong>Non</strong></span> <span class='ocrx_word' id='word_1_274' title='bbox 1868 3994 2136 4047; x_wconf 75' lang='lat' dir='ltr'><strong>constrin~</strong></span> 
     </span>
    </p>
   </div>
   <div class='ocr_carea' id='block_1_44' title="bbox 590 4077 2135 4146">
    <p class='ocr_par' dir='ltr' id='par_1_44' title="bbox 590 4077 2135 4146">
     <span class='ocr_line' id='line_1_44' title="bbox 590 4077 2135 4146; baseline 0.003 -16"><span class='ocrx_word' id='word_1_275' title='bbox 590 4092 682 4145; x_wconf 86' lang='lat' dir='ltr'><strong>ges</strong></span> <span class='ocrx_word' id='word_1_276' title='bbox 729 4092 791 4131; x_wconf 89' lang='lat' dir='ltr'><strong>os</strong></span> <span class='ocrx_word' id='word_1_277' title='bbox 841 4079 960 4130; x_wconf 89' lang='lat' dir='ltr'><strong>bovi</strong></span> <span class='ocrx_word' id='word_1_278' title='bbox 1012 4077 1306 4130; x_wconf 87' lang='lat' dir='ltr'><strong>trituranti.</strong></span> <span class='ocrx_word' id='word_1_279' title='bbox 1355 4077 1408 4130; x_wconf 89' lang='lat' dir='ltr'><strong>Si</strong></span> <span class='ocrx_word' id='word_1_280' title='bbox 1467 4078 1628 4146; x_wconf 74' lang='lat' dir='ltr'><strong>igitur</strong></span> <span class='ocrx_word' id='word_1_281' title='bbox 1677 4095 1771 4146; x_wconf 89' lang='lat' dir='ltr'><strong>per</strong></span> <span class='ocrx_word' id='word_1_282' title='bbox 1816 4081 2135 4134; x_wconf 84' lang='lat' dir='ltr'><strong>mediocrem</strong></span> 
     </span>
    </p>
   </div>
   <div class='ocr_carea' id='block_1_45' title="bbox 591 4163 2139 4233">
    <p class='ocr_par' dir='ltr' id='par_1_45' title="bbox 591 4163 2139 4233">
     <span class='ocr_line' id='line_1_45' title="bbox 591 4163 2139 4233; baseline 0.001 -15"><span class='ocrx_word' id='word_1_283' title='bbox 591 4165 859 4218; x_wconf 73' lang='lat' dir='ltr'><strong>(lationem</strong></span> <span class='ocrx_word' id='word_1_284' title='bbox 907 4165 1165 4233; x_wconf 88' lang='lat' dir='ltr'><strong>aliquam.</strong></span> <span class='ocrx_word' id='word_1_285' title='bbox 1209 4172 1262 4216; x_wconf 91' lang='lat' dir='ltr'><strong>et</strong></span> <span class='ocrx_word' id='word_1_286' title='bbox 1305 4163 1527 4217; x_wconf 89' lang='lat' dir='ltr'><strong>arbitrio</strong></span> <span class='ocrx_word' id='word_1_287' title='bbox 1571 4167 1820 4228; x_wconf 84' lang='lat' dir='ltr'><strong>ordinati,</strong></span> <span class='ocrx_word' id='word_1_288' title='bbox 1859 4168 1938 4220; x_wconf 93' lang='lat' dir='ltr'><strong>vel</strong></span> <span class='ocrx_word' id='word_1_289' title='bbox 1982 4170 2139 4221; x_wconf 90' lang='lat' dir='ltr'><strong>aliter</strong></span> 
     </span>
    </p>
   </div>
   <div class='ocr_carea' id='block_1_46' title="bbox 594 4250 2138 4320">
    <p class='ocr_par' dir='ltr' id='par_1_46' title="bbox 594 4250 2138 4320">
     <span class='ocr_line' id='line_1_46' title="bbox 594 4250 2138 4320; baseline 0.002 -14"><span class='ocrx_word' id='word_1_290' title='bbox 594 4251 940 4313; x_wconf 87' lang='lat' dir='ltr'><strong>sanctilicati,</strong></span> <span class='ocrx_word' id='word_1_291' title='bbox 969 4250 1218 4303; x_wconf 84' lang='lat' dir='ltr'><strong>solatium</strong></span> <span class='ocrx_word' id='word_1_292' title='bbox 1258 4251 1507 4318; x_wconf 89' lang='lat' dir='ltr'><strong>accipere</strong></span> <span class='ocrx_word' id='word_1_293' title='bbox 1552 4263 1794 4320; x_wconf 68' lang='lat' dir='ltr'><strong>quaerunt</strong></span> <span class='ocrx_word' id='word_1_294' title='bbox 1833 4256 2138 4309; x_wconf 81' lang='lat' dir='ltr'><strong>sacerdotes</strong></span> 
     </span>
    </p>
   </div>
   <div class='ocr_carea' id='block_1_47' title="bbox 594 4338 2137 4410">
    <p class='ocr_par' dir='ltr' id='par_1_47' title="bbox 594 4338 2137 4410">
     <span class='ocr_line' id='line_1_47' title="bbox 594 4338 2137 4410; baseline 0.003 -17"><span class='ocrx_word' id='word_1_295' title='bbox 594 4349 646 4394; x_wconf 90' lang='lat' dir='ltr'><strong>et</strong></span> <span class='ocrx_word' id='word_1_296' title='bbox 678 4339 982 4403; x_wconf 79' lang='lat' dir='ltr'><strong>pontiﬁces,</strong></span> <span class='ocrx_word' id='word_1_297' title='bbox 1010 4339 1099 4404; x_wconf 88' lang='lat' dir='ltr'><strong>qui</strong></span> <span class='ocrx_word' id='word_1_298' title='bbox 1129 4338 1381 4392; x_wconf 88' lang='lat' dir='ltr'><strong>ordinant</strong></span> <span class='ocrx_word' id='word_1_299' title='bbox 1410 4341 1488 4394; x_wconf 85' lang='lat' dir='ltr'><strong>vel</strong></span> <span class='ocrx_word' id='word_1_300' title='bbox 1518 4342 1814 4410; x_wconf 88' lang='lat' dir='ltr'><strong>baptizant,</strong></span> <span class='ocrx_word' id='word_1_301' title='bbox 1849 4345 1981 4397; x_wconf 90' lang='lat' dir='ltr'><strong>nihil</strong></span> <span class='ocrx_word' id='word_1_302' title='bbox 2013 4346 2137 4398; x_wconf 89' lang='lat' dir='ltr'><strong>mali</strong></span> 
     </span>
    </p>
   </div>
   <div class='ocr_carea' id='block_1_48' title="bbox 594 4427 2139 4496">
    <p class='ocr_par' dir='ltr' id='par_1_48' title="bbox 594 4427 2139 4496">
     <span class='ocr_line' id='line_1_48' title="bbox 594 4427 2139 4496; baseline 0.004 -15"><span class='ocrx_word' id='word_1_303' title='bbox 594 4428 821 4482; x_wconf 77' lang='lat' dir='ltr'><strong>faciunt.</strong></span> <span class='ocrx_word' id='word_1_304' title='bbox 850 4428 982 4481; x_wconf 85' lang='lat' dir='ltr'><strong>Nam</strong></span> <span class='ocrx_word' id='word_1_305' title='bbox 1025 4427 1264 4482; x_wconf 91' lang='lat' dir='ltr'><strong>solemne</strong></span> <span class='ocrx_word' id='word_1_306' title='bbox 1295 4435 1379 4480; x_wconf 90' lang='lat' dir='ltr'><strong>est</strong></span> <span class='ocrx_word' id='word_1_307' title='bbox 1426 4444 1518 4496; x_wconf 86' lang='lat' dir='ltr'><strong>per</strong></span> <span class='ocrx_word' id='word_1_308' title='bbox 1557 4434 2024 4496; x_wconf 83' lang='lat' dir='ltr'><strong>consuetudinem,</strong></span> <span class='ocrx_word' id='word_1_309' title='bbox 2050 4450 2139 4487; x_wconf 93' lang='lat' dir='ltr'><strong>or-</strong></span> 
     </span>
    </p>
   </div>
   <div class='ocr_carea' id='block_1_49' title="bbox 597 4514 2139 4588">
    <p class='ocr_par' dir='ltr' id='par_1_49' title="bbox 597 4514 2139 4588">
     <span class='ocr_line' id='line_1_49' title="bbox 597 4514 2139 4588; baseline 0.005 -20"><span class='ocrx_word' id='word_1_310' title='bbox 597 4515 848 4569; x_wconf 84' lang='lat' dir='ltr'><strong>dinantes</strong></span> <span class='ocrx_word' id='word_1_311' title='bbox 900 4516 1146 4583; x_wconf 90' lang='lat' dir='ltr'><strong>accipere</strong></span> <span class='ocrx_word' id='word_1_312' title='bbox 1219 4514 1496 4569; x_wconf 84' lang='lat' dir='ltr'><strong>solatium.</strong></span> <span class='ocrx_word' id='word_1_313' title='bbox 1553 4516 1703 4581; x_wconf 89' lang='lat' dir='ltr'><strong>Quod</strong></span> <span class='ocrx_word' id='word_1_314' title='bbox 1739 4521 1784 4572; x_wconf 90' lang='lat' dir='ltr'><strong>si</strong></span> <span class='ocrx_word' id='word_1_315' title='bbox 1837 4521 2139 4588; x_wconf 87' lang='lat' dir='ltr'><strong>hujusmodi</strong></span> 
     </span>
    </p>
   </div>
   <div class='ocr_carea' id='block_1_50' title="bbox 600 4604 2140 4680">
    <p class='ocr_par' dir='ltr' id='par_1_50' title="bbox 600 4604 2140 4680">
     <span class='ocr_line' id='line_1_50' title="bbox 600 4604 2140 4680; baseline 0.004 -21"><span class='ocrx_word' id='word_1_316' title='bbox 600 4606 790 4659; x_wconf 89' lang='lat' dir='ltr'><strong>solitas</strong></span> <span class='ocrx_word' id='word_1_317' title='bbox 837 4604 1238 4658; x_wconf 81' lang='lat' dir='ltr'><strong>muniﬁcentias</strong></span> <span class='ocrx_word' id='word_1_318' title='bbox 1289 4620 1393 4658; x_wconf 92' lang='lat' dir='ltr'><strong>non</strong></span> <span class='ocrx_word' id='word_1_319' title='bbox 1440 4609 1741 4674; x_wconf 88' lang='lat' dir='ltr'><strong>requirant,</strong></span> <span class='ocrx_word' id='word_1_320' title='bbox 1791 4611 1884 4664; x_wconf 88' lang='lat' dir='ltr'><strong>sed</strong></span> <span class='ocrx_word' id='word_1_321' title='bbox 1939 4612 2140 4680; x_wconf 89' lang='lat' dir='ltr'><strong>majora</strong></span> 
     </span>
    </p>
   </div>
   <div class='ocr_carea' id='block_1_51' title="bbox 599 4695 2140 4765">
    <p class='ocr_par' dir='ltr' id='par_1_51' title="bbox 599 4695 2140 4765">
     <span class='ocr_line' id='line_1_51' title="bbox 599 4695 2140 4765; baseline 0.003 -15"><span class='ocrx_word' id='word_1_322' title='bbox 599 4699 764 4759; x_wconf 77' lang='lat' dir='ltr'><strong>dona,</strong></span> <span class='ocrx_word' id='word_1_323' title='bbox 795 4703 847 4750; x_wconf 90' lang='lat' dir='ltr'><strong>et</strong></span> <span class='ocrx_word' id='word_1_324' title='bbox 883 4710 1002 4763; x_wconf 68' lang='lat' dir='ltr'><strong>qua:</strong></span> <span class='ocrx_word' id='word_1_325' title='bbox 1039 4695 1269 4747; x_wconf 86' lang='lat' dir='ltr'><strong>ordinati</strong></span> <span class='ocrx_word' id='word_1_326' title='bbox 1313 4695 1593 4749; x_wconf 78' lang='lat' dir='ltr'><strong>facultates</strong></span> <span class='ocrx_word' id='word_1_327' title='bbox 1623 4709 2007 4765; x_wconf 85' lang='lat' dir='ltr'><strong>coangustent,</strong></span> <span class='ocrx_word' id='word_1_328' title='bbox 2036 4717 2140 4755; x_wconf 92' lang='lat' dir='ltr'><strong>non</strong></span> 
     </span>
    </p>
   </div>
   <div class='ocr_carea' id='block_1_52' title="bbox 601 4785 2145 4858">
    <p class='ocr_par' dir='ltr' id='par_1_52' title="bbox 601 4785 2145 4858">
     <span class='ocr_line' id='line_1_52' title="bbox 601 4785 2145 4858; baseline 0.004 -21"><span class='ocrx_word' id='word_1_329' title='bbox 601 4795 810 4838; x_wconf 88' lang='lat' dir='ltr'><strong>tantum</strong></span> <span class='ocrx_word' id='word_1_330' title='bbox 849 4801 956 4839; x_wconf 91' lang='lat' dir='ltr'><strong>non</strong></span> <span class='ocrx_word' id='word_1_331' title='bbox 993 4785 1374 4847; x_wconf 83' lang='lat' dir='ltr'><strong>exaudientur,</strong></span> <span class='ocrx_word' id='word_1_332' title='bbox 1411 4786 1500 4839; x_wconf 86' lang='lat' dir='ltr'><strong>sed</strong></span> <span class='ocrx_word' id='word_1_333' title='bbox 1538 4795 1588 4838; x_wconf 86' lang='lat' dir='ltr'><strong>ct</strong></span> <span class='ocrx_word' id='word_1_334' title='bbox 1623 4786 1943 4854; x_wconf 89' lang='lat' dir='ltr'><strong>depositioni</strong></span> <span class='ocrx_word' id='word_1_335' title='bbox 1977 4791 2145 4858; x_wconf 87' lang='lat' dir='ltr'><strong>subji-</strong></span> 
     </span>
    </p>
   </div>
   <div class='ocr_carea' id='block_1_53' title="bbox 600 4875 2150 4933">
    <p class='ocr_par' dir='ltr' id='par_1_53' title="bbox 600 4875 2150 4933">
     <span class='ocr_line' id='line_1_53' title="bbox 600 4875 2150 4933; baseline 0.003 -5"><span class='ocrx_word' id='word_1_336' title='bbox 600 4878 828 4928; x_wconf 89' lang='lat' dir='ltr'><strong>cientur.</strong></span> <span class='ocrx_word' id='word_1_337' title='bbox 858 4875 946 4928; x_wconf 80' lang='lat' dir='ltr'><strong>Ait</strong></span> <span class='ocrx_word' id='word_1_338' title='bbox 990 4876 1134 4927; x_wconf 89' lang='lat' dir='ltr'><strong>enim</strong></span> <span class='ocrx_word' id='word_1_339' title='bbox 1169 4876 1202 4928; x_wconf 73' lang='grc'><strong>2</strong></span> <span class='ocrx_word' id='word_1_340' title='bbox 1235 4889 1406 4929; x_wconf 87' lang='lat' dir='ltr'><strong>canon</strong></span> <span class='ocrx_word' id='word_1_341' title='bbox 1461 4885 1659 4929; x_wconf 71' lang='lat' dir='ltr'><strong>sancta:</strong></span> <span class='ocrx_word' id='word_1_342' title='bbox 1707 4886 1759 4930; x_wconf 83' lang='lat' dir='ltr'><strong>et</strong></span> <span class='ocrx_word' id='word_1_343' title='bbox 1804 4881 2150 4933; x_wconf 69' lang='lat' dir='ltr'><strong>mcumenicse</strong></span> 
     </span>
    </p>
   </div>
   <div class='ocr_carea' id='block_1_54' title="bbox 603 4964 2150 5034">
    <p class='ocr_par' dir='ltr' id='par_1_54' title="bbox 603 4964 2150 5034">
     <span class='ocr_line' id='line_1_54' title="bbox 603 4964 2150 5034; baseline 0.001 -15"><span class='ocrx_word' id='word_1_344' title='bbox 603 4964 790 5034; x_wconf 82' lang='lat' dir='ltr'><strong>synodi</strong></span> <span class='ocrx_word' id='word_1_345' title='bbox 819 4982 832 5017; x_wconf 92' lang='lat'><strong>:</strong></span> <span class='ocrx_word' id='word_1_346' title='bbox 865 4964 920 5017; x_wconf 85' lang='lat' dir='ltr'><strong>Si</strong></span> <span class='ocrx_word' id='word_1_347' title='bbox 955 4965 1078 5032; x_wconf 87' lang='lat' dir='ltr'><strong>quis</strong></span> <span class='ocrx_word' id='word_1_348' title='bbox 1119 4965 1405 5032; x_wconf 89' lang='lat' dir='ltr'><strong>episcopus</strong></span> <span class='ocrx_word' id='word_1_349' title='bbox 1451 4975 1670 5033; x_wconf 87' lang='lat' dir='ltr'><strong>propter</strong></span> <span class='ocrx_word' id='word_1_350' title='bbox 1700 4969 1954 5034; x_wconf 88' lang='lat' dir='ltr'><strong>pecunias</strong></span> <span class='ocrx_word' id='word_1_351' title='bbox 1995 4971 2150 5022; x_wconf 88' lang='lat' dir='ltr'><strong>ordi-</strong></span> 
     </span>
    </p>
   </div>
   <div class='ocr_carea' id='block_1_55' title="bbox 604 5053 2145 5124">
    <p class='ocr_par' dir='ltr' id='par_1_55' title="bbox 604 5053 2145 5124">
     <span class='ocr_line' id='line_1_55' title="bbox 604 5053 2145 5124; baseline 0.001 -17"><span class='ocrx_word' id='word_1_352' title='bbox 604 5055 877 5108; x_wconf 79' lang='lat' dir='ltr'><strong>nationem</strong></span> <span class='ocrx_word' id='word_1_353' title='bbox 922 5053 1133 5117; x_wconf 77' lang='lat' dir='ltr'><strong>fecerit,</strong></span> <span class='ocrx_word' id='word_1_354' title='bbox 1161 5062 1213 5106; x_wconf 90' lang='lat' dir='ltr'><strong>et</strong></span> <span class='ocrx_word' id='word_1_355' title='bbox 1241 5067 1347 5106; x_wconf 92' lang='lat' dir='ltr'><strong>non</strong></span> <span class='ocrx_word' id='word_1_356' title='bbox 1393 5055 1634 5108; x_wconf 81' lang='lat' dir='ltr'><strong>venalem</strong></span> <span class='ocrx_word' id='word_1_357' title='bbox 1676 5056 1902 5124; x_wconf 84' lang='lat' dir='ltr'><strong>gratiam</strong></span> <span class='ocrx_word' id='word_1_358' title='bbox 1933 5058 1983 5108; x_wconf 93' lang='lat' dir='ltr'><strong>in</strong></span> <span class='ocrx_word' id='word_1_359' title='bbox 2014 5073 2145 5109; x_wconf 86' lang='lat' dir='ltr'><strong>ven-</strong></span> 
     </span>
    </p>
   </div>
   <div class='ocr_carea' id='block_1_56' title="bbox 603 5141 2144 5211">
    <p class='ocr_par' dir='ltr' id='par_1_56' title="bbox 603 5141 2144 5211">
     <span class='ocr_line' id='line_1_56' title="bbox 603 5141 2144 5211; baseline 0.004 -19"><span class='ocrx_word' id='word_1_360' title='bbox 603 5143 859 5201; x_wconf 84' lang='lat' dir='ltr'><strong>ditionem</strong></span> <span class='ocrx_word' id='word_1_361' title='bbox 892 5141 1196 5204; x_wconf 72' lang='lat' dir='ltr'><strong>deduxerit,</strong></span> <span class='ocrx_word' id='word_1_362' title='bbox 1230 5151 1284 5196; x_wconf 93' lang='lat' dir='ltr'><strong>et</strong></span> <span class='ocrx_word' id='word_1_363' title='bbox 1329 5153 1546 5211; x_wconf 87' lang='lat' dir='ltr'><strong>propter</strong></span> <span class='ocrx_word' id='word_1_364' title='bbox 1575 5145 1828 5211; x_wconf 90' lang='lat' dir='ltr'><strong>pecunias</strong></span> <span class='ocrx_word' id='word_1_365' title='bbox 1860 5145 2144 5199; x_wconf 85' lang='lat' dir='ltr'><strong>ordinave-</strong></span> 
     </span>
    </p>
   </div>
   <div class='ocr_carea' id='block_1_57' title="bbox 607 5229 2143 5301">
    <p class='ocr_par' dir='ltr' id='par_1_57' title="bbox 607 5229 2143 5301">
     <span class='ocr_line' id='line_1_57' title="bbox 607 5229 2143 5301; baseline 0.002 -19"><span class='ocrx_word' id='word_1_366' title='bbox 607 5231 679 5282; x_wconf 88' lang='lat' dir='ltr'><strong>rit</strong></span> <span class='ocrx_word' id='word_1_367' title='bbox 706 5229 1135 5297; x_wconf 83' lang='lat' dir='ltr'><strong>episcopum,vel</strong></span> <span class='ocrx_word' id='word_1_368' title='bbox 1163 5230 1627 5298; x_wconf 88' lang='lat' dir='ltr'><strong>chorepisc0pum,</strong></span> <span class='ocrx_word' id='word_1_369' title='bbox 1646 5233 1726 5284; x_wconf 87' lang='lat' dir='ltr'><strong>vel</strong></span> <span class='ocrx_word' id='word_1_370' title='bbox 1755 5234 2143 5301; x_wconf 84' lang='lat' dir='ltr'><strong>presbyterum,</strong></span> 
     </span>
    </p>
   </div>
   <div class='ocr_carea' id='block_1_58' title="bbox 609 5317 2150 5388">
    <p class='ocr_par' dir='ltr' id='par_1_58' title="bbox 609 5317 2150 5388">
     <span class='ocr_line' id='line_1_58' title="bbox 609 5317 2150 5388; baseline 0.004 -23"><span class='ocrx_word' id='word_1_371' title='bbox 609 5318 693 5371; x_wconf 77' lang='lat' dir='ltr'><strong>vel</strong></span> <span class='ocrx_word' id='word_1_372' title='bbox 746 5317 1052 5380; x_wconf 88' lang='lat' dir='ltr'><strong>diaconum,</strong></span> <span class='ocrx_word' id='word_1_373' title='bbox 1094 5318 1174 5370; x_wconf 85' lang='lat' dir='ltr'><strong>vel</strong></span> <span class='ocrx_word' id='word_1_374' title='bbox 1229 5319 1462 5386; x_wconf 83' lang='lat' dir='ltr'><strong>aliquem</strong></span> <span class='ocrx_word' id='word_1_375' title='bbox 1513 5333 1720 5382; x_wconf 90' lang='lat' dir='ltr'><strong>eorum,</strong></span> <span class='ocrx_word' id='word_1_376' title='bbox 1767 5320 1856 5388; x_wconf 89' lang='lat' dir='ltr'><strong>qui</strong></span> <span class='ocrx_word' id='word_1_377' title='bbox 1906 5322 1959 5373; x_wconf 89' lang='lat' dir='ltr'><strong>in</strong></span> <span class='ocrx_word' id='word_1_378' title='bbox 2005 5322 2150 5375; x_wconf 83' lang='lat' dir='ltr'><strong>clero</strong></span> 
     </span>
    </p>
   </div>
   <div class='ocr_carea' id='block_1_59' title="bbox 611 5407 2151 5477">
    <p class='ocr_par' dir='ltr' id='par_1_59' title="bbox 611 5407 2151 5477">
     <span class='ocr_line' id='line_1_59' title="bbox 611 5407 2151 5477; baseline 0.002 -19"><span class='ocrx_word' id='word_1_379' title='bbox 611 5413 1072 5468; x_wconf 81' lang='lat' dir='ltr'><strong>annumerantur,</strong></span> <span class='ocrx_word' id='word_1_380' title='bbox 1120 5407 1202 5460; x_wconf 89' lang='lat' dir='ltr'><strong>vel</strong></span> <span class='ocrx_word' id='word_1_381' title='bbox 1251 5419 1468 5475; x_wconf 88' lang='lat' dir='ltr'><strong>propter</strong></span> <span class='ocrx_word' id='word_1_382' title='bbox 1521 5410 1775 5476; x_wconf 84' lang='lat' dir='ltr'><strong>pecunias</strong></span> <span class='ocrx_word' id='word_1_383' title='bbox 1824 5410 2151 5477; x_wconf 89' lang='lat' dir='ltr'><strong>promoverit</strong></span> 
     </span>
    </p>
   </div>
   <div class='ocr_carea' id='block_1_60' title="bbox 612 5494 2151 5565">
    <p class='ocr_par' dir='ltr' id='par_1_60' title="bbox 612 5494 2151 5565">
     <span class='ocr_line' id='line_1_60' title="bbox 612 5494 2151 5565; baseline -0.003 -13"><span class='ocrx_word' id='word_1_384' title='bbox 612 5509 984 5559; x_wconf 70' lang='lat' dir='ltr'><strong>(ecoiiomum,</strong></span> <span class='ocrx_word' id='word_1_385' title='bbox 1034 5494 1116 5550; x_wconf 88' lang='lat' dir='ltr'><strong>vel</strong></span> <span class='ocrx_word' id='word_1_386' title='bbox 1162 5494 1528 5561; x_wconf 78' lang='lat' dir='ltr'><strong>defensorem,</strong></span> <span class='ocrx_word' id='word_1_387' title='bbox 1577 5495 1657 5550; x_wconf 85' lang='lat' dir='ltr'><strong>vel</strong></span> <span class='ocrx_word' id='word_1_388' title='bbox 1699 5497 2151 5565; x_wconf 88' lang='lat' dir='ltr'><strong>paramonarium,</strong></span> 
     </span>
    </p>
   </div>
   <div class='ocr_carea' id='block_1_61' title="bbox 2234 587 3807 657">
    <p class='ocr_par' dir='ltr' id='par_1_61' title="bbox 2234 587 3807 657">
     <span class='ocr_line' id='line_1_61' title="bbox 2234 587 3807 657; baseline -0.002 -18"><span class='ocrx_word' id='word_1_389' title='bbox 2234 588 2411 657; x_wconf 79' lang='grc' dir='ltr'>ῥητῶς</span> <span class='ocrx_word' id='word_1_390' title='bbox 2437 589 2563 654; x_wconf 79' lang='grc' dir='ltr'>περὶ</span> <span class='ocrx_word' id='word_1_391' title='bbox 2595 587 2792 638; x_wconf 80' lang='grc' dir='ltr'>τούτων</span> <span class='ocrx_word' id='word_1_392' title='bbox 2822 587 3322 657; x_wconf 70' lang='grc' dir='ltr'>ἐκαλλιγράφησαν,</span> <span class='ocrx_word' id='word_1_393' title='bbox 3375 588 3521 648; x_wconf 81' lang='grc' dir='ltr'>Τοὺς</span> <span class='ocrx_word' id='word_1_394' title='bbox 3564 589 3718 650; x_wconf 74' lang='grc' dir='ltr'>ἅπαξ</span> <span class='ocrx_word' id='word_1_395' title='bbox 3757 607 3807 634; x_wconf 58' lang='grc' dir='ltr'><strong>αι</strong></span> 
     </span>
    </p>
   </div>
   <div class='ocr_carea' id='block_1_62' title="bbox 2232 677 3806 748">
    <p class='ocr_par' dir='ltr' id='par_1_62' title="bbox 2232 677 3806 748">
     <span class='ocr_line' id='line_1_62' title="bbox 2232 677 3806 748; baseline -0.003 -17"><span class='ocrx_word' id='word_1_396' title='bbox 2232 679 2417 748; x_wconf 79' lang='grc' dir='ltr'>κλήρῳ</span> <span class='ocrx_word' id='word_1_397' title='bbox 2459 677 2824 746; x_wconf 71' lang='grc' dir='ltr'><strong>τεταγμένους</strong></span> <span class='ocrx_word' id='word_1_398' title='bbox 2873 680 2964 730; x_wconf 80' lang='grc' dir='ltr'>καὶ</span> <span class='ocrx_word' id='word_1_399' title='bbox 3017 681 3288 747; x_wconf 71' lang='grc' dir='ltr'>μοναστὲς</span> <span class='ocrx_word' id='word_1_400' title='bbox 3331 678 3631 747; x_wconf 85' lang='grc' dir='ltr'>ὠρίσαμεν</span> <span class='ocrx_word' id='word_1_401' title='bbox 3679 679 3806 744; x_wconf 76' lang='grc' dir='ltr'>μήτε</span> 
     </span>
    </p>
   </div>
   <div class='ocr_carea' id='block_1_63' title="bbox 2229 767 3804 835">
    <p class='ocr_par' dir='ltr' id='par_1_63' title="bbox 2229 767 3804 835">
     <span class='ocr_line' id='line_1_63' title="bbox 2229 767 3804 835; baseline -0.003 -16"><span class='ocrx_word' id='word_1_402' title='bbox 2229 769 2322 819; x_wconf 74' lang='grc' dir='ltr'><strong>ἐπὶ</strong></span> <span class='ocrx_word' id='word_1_403' title='bbox 2358 767 2663 834; x_wconf 83' lang='grc' dir='ltr'>στρατείας,</span> <span class='ocrx_word' id='word_1_404' title='bbox 2683 769 2836 834; x_wconf 74' lang='grc' dir='ltr'><strong>ῐμήτε</strong></span> <span class='ocrx_word' id='word_1_405' title='bbox 2868 767 2958 819; x_wconf 68' lang='grc' dir='ltr'><strong>ἐπὶ</strong></span> <span class='ocrx_word' id='word_1_406' title='bbox 2992 768 3149 830; x_wconf 76' lang='grc' dir='ltr'>ἀξίαν</span> <span class='ocrx_word' id='word_1_407' title='bbox 3185 768 3470 834; x_wconf 76' lang='grc' dir='ltr'><strong>κοσμικὴν</strong></span> <span class='ocrx_word' id='word_1_408' title='bbox 3505 767 3804 835; x_wconf 74' lang='grc' dir='ltr'>ἔρχεσθαι·</span> 
     </span>
    </p>
   </div>
   <div class='ocr_carea' id='block_1_64' title="bbox 2230 857 3807 927">
    <p class='ocr_par' dir='ltr' id='par_1_64' title="bbox 2230 857 3807 927">
     <span class='ocr_line' id='line_1_64' title="bbox 2230 857 3807 927; baseline -0.003 -18"><span class='ocrx_word' id='word_1_409' title='bbox 2230 859 2284 926; x_wconf 77' lang='grc' dir='ltr'>ἢ,</span> <span class='ocrx_word' id='word_1_410' title='bbox 2316 857 2471 910; x_wconf 86' lang='grc' dir='ltr'>τοῦτο</span> <span class='ocrx_word' id='word_1_411' title='bbox 2520 858 2852 927; x_wconf 82' lang='grc' dir='ltr'>τολμῶντας,</span> <span class='ocrx_word' id='word_1_412' title='bbox 2911 859 3000 909; x_wconf 72' lang='grc' dir='ltr'><strong>καὶ</strong></span> <span class='ocrx_word' id='word_1_413' title='bbox 3035 858 3110 924; x_wconf 80' lang='grc' dir='ltr'>μὴ</span> <span class='ocrx_word' id='word_1_414' title='bbox 3154 857 3649 925; x_wconf 70' lang='grc' dir='ltr'><strong>μεταμελομένους</strong></span> <span class='ocrx_word' id='word_1_415' title='bbox 3675 858 3807 907; x_wconf 70' lang='grc' dir='ltr'>ὥστε</span> 
     </span>
    </p>
   </div>
   <div class='ocr_carea' id='block_1_65' title="bbox 2230 948 3808 1017">
    <p class='ocr_par' dir='ltr' id='par_1_65' title="bbox 2230 948 3808 1017">
     <span class='ocr_line' id='line_1_65' title="bbox 2230 948 3808 1017; baseline -0.003 -18"><span class='ocrx_word' id='word_1_416' title='bbox 2230 949 2550 1017; x_wconf 64' lang='grc' dir='ltr'>ἐπιστρέψαι</span> <span class='ocrx_word' id='word_1_417' title='bbox 2580 950 2671 1000; x_wconf 75' lang='grc' dir='ltr'><strong>ἐπὶ</strong></span> <span class='ocrx_word' id='word_1_418' title='bbox 2695 948 2849 1001; x_wconf 85' lang='grc' dir='ltr'>τοῦτο</span> <span class='ocrx_word' id='word_1_419' title='bbox 2876 949 2904 1000; x_wconf 82' lang='grc' dir='ltr'><strong>δ</strong></span> <span class='ocrx_word' id='word_1_420' title='bbox 2923 949 3008 1000; x_wconf 80' lang='grc' dir='ltr'>διὰ</span> <span class='ocrx_word' id='word_1_421' title='bbox 3034 948 3162 999; x_wconf 76' lang='grc' dir='ltr'>Θεὸν</span> <span class='ocrx_word' id='word_1_422' title='bbox 3196 949 3427 1009; x_wconf 83' lang='grc' dir='ltr'>εἴλοντο,</span> <span class='ocrx_word' id='word_1_423' title='bbox 3461 949 3808 1012; x_wconf 80' lang='grc' dir='ltr'>ἀναθεματί-</span> 
     </span>
    </p>
   </div>
   <div class='ocr_carea' id='block_1_66' title="bbox 2228 1037 3810 1105">
    <p class='ocr_par' dir='ltr' id='par_1_66' title="bbox 2228 1037 3810 1105">
     <span class='ocr_line' id='line_1_66' title="bbox 2228 1037 3810 1105; baseline -0.003 -16"><span class='ocrx_word' id='word_1_424' title='bbox 2228 1038 2437 1100; x_wconf 75' lang='grc' dir='ltr'>ζεσθαι.</span> <span class='ocrx_word' id='word_1_425' title='bbox 2495 1039 2600 1091; x_wconf 74' lang='grc' dir='ltr'><strong>Καὶ</strong></span> <span class='ocrx_word' id='word_1_426' title='bbox 2654 1041 2682 1092; x_wconf 87' lang='grc' dir='ltr'><strong>δ</strong></span> <span class='ocrx_word' id='word_1_427' title='bbox 2735 1038 2826 1105; x_wconf 82' lang='grc' dir='ltr'>πγ¹</span> <span class='ocrx_word' id='word_1_428' title='bbox 2882 1037 3062 1090; x_wconf 84' lang='grc' dir='ltr'>κανὼν</span> <span class='ocrx_word' id='word_1_429' title='bbox 3103 1038 3211 1089; x_wconf 78' lang='grc' dir='ltr'><strong>τῶν</strong></span> <span class='ocrx_word' id='word_1_430' title='bbox 3262 1039 3437 1105; x_wconf 81' lang='grc' dir='ltr'>ἁγίων</span> <span class='ocrx_word' id='word_1_431' title='bbox 3489 1037 3810 1089; x_wconf 71' lang='grc' dir='ltr'><strong>ἀποστόλων</strong></span> 
     </span>
    </p>
   </div>
   <div class='ocr_carea' id='block_1_67' title="bbox 2227 1127 3806 1198">
    <p class='ocr_par' dir='ltr' id='par_1_67' title="bbox 2227 1127 3806 1198">
     <span class='ocr_line' id='line_1_67' title="bbox 2227 1127 3806 1198; baseline -0.003 -17"><span class='ocrx_word' id='word_1_432' title='bbox 2227 1130 2399 1182; x_wconf 82' lang='grc' dir='ltr'>ταῦτα</span> <span class='ocrx_word' id='word_1_433' title='bbox 2461 1130 2736 1192; x_wconf 79' lang='grc' dir='ltr'><strong>διέξεισιν·</strong></span> <span class='ocrx_word' id='word_1_434' title='bbox 2815 1129 3158 1194; x_wconf 75' lang='grc' dir='ltr'><strong>Ἐπίσκοπος,</strong></span> <span class='ocrx_word' id='word_1_435' title='bbox 3221 1129 3254 1197; x_wconf 84' lang='grc' dir='ltr'>ἢ</span> <span class='ocrx_word' id='word_1_436' title='bbox 3317 1127 3728 1198; x_wconf 75' lang='grc' dir='ltr'>πρεσϐύτερος,</span> <span class='ocrx_word' id='word_1_437' title='bbox 3779 1129 3806 1192; x_wconf 73' lang='grc' dir='ltr'>ἦ</span> 
     </span>
    </p>
   </div>
   <div class='ocr_carea' id='block_1_68' title="bbox 2229 1219 3809 1290">
    <p class='ocr_par' dir='ltr' id='par_1_68' title="bbox 2229 1219 3809 1290">
     <span class='ocr_line' id='line_1_68' title="bbox 2229 1219 3809 1290; baseline 0 -19"><span class='ocrx_word' id='word_1_438' title='bbox 2229 1221 2470 1282; x_wconf 81' lang='grc' dir='ltr'>διάκονος</span> <span class='ocrx_word' id='word_1_439' title='bbox 2503 1221 2760 1290; x_wconf 80' lang='grc' dir='ltr'><strong>στρατείᾳ</strong></span> <span class='ocrx_word' id='word_1_440' title='bbox 2793 1221 3088 1288; x_wconf 76' lang='grc' dir='ltr'><strong>σχολάζων,</strong></span> <span class='ocrx_word' id='word_1_441' title='bbox 3122 1220 3217 1272; x_wconf 72' lang='grc' dir='ltr'>καὶ</span> <span class='ocrx_word' id='word_1_442' title='bbox 3257 1219 3595 1287; x_wconf 79' lang='grc' dir='ltr'>βουλόμενος</span> <span class='ocrx_word' id='word_1_443' title='bbox 3630 1219 3809 1286; x_wconf 49' lang='lat' dir='ltr'><strong>ﬁguri-</strong></span> 
     </span>
    </p>
   </div>
   <div class='ocr_carea' id='block_1_69' title="bbox 2229 1308 3816 1380">
    <p class='ocr_par' dir='ltr' id='par_1_69' title="bbox 2229 1308 3816 1380">
     <span class='ocr_line' id='line_1_69' title="bbox 2229 1308 3816 1380; baseline -0.004 -18"><span class='ocrx_word' id='word_1_444' title='bbox 2229 1327 2362 1380; x_wconf 87' lang='grc' dir='ltr'>τερα</span> <span class='ocrx_word' id='word_1_445' title='bbox 2414 1311 2684 1378; x_wconf 74' lang='grc' dir='ltr'><strong>κατέχειν,</strong></span> <span class='ocrx_word' id='word_1_446' title='bbox 2756 1310 3066 1379; x_wconf 82' lang='grc' dir='ltr'>Ῥωμαϊκὴν</span> <span class='ocrx_word' id='word_1_447' title='bbox 3124 1311 3299 1379; x_wconf 80' lang='grc' dir='ltr'>ἀρχὴν</span> <span class='ocrx_word' id='word_1_448' title='bbox 3357 1312 3452 1361; x_wconf 75' lang='grc' dir='ltr'>καὶ</span> <span class='ocrx_word' id='word_1_449' title='bbox 3520 1308 3816 1376; x_wconf 69' lang='grc' dir='ltr'>ἱερατικὴν.</span> 
     </span>
    </p>
   </div>
   <div class='ocr_carea' id='block_1_70' title="bbox 2229 1401 3806 1469">
    <p class='ocr_par' dir='ltr' id='par_1_70' title="bbox 2229 1401 3806 1469">
     <span class='ocr_line' id='line_1_70' title="bbox 2229 1401 3806 1469; baseline -0.003 -17"><span class='ocrx_word' id='word_1_450' title='bbox 2229 1401 2524 1461; x_wconf 77' lang='grc' dir='ltr'><strong>διακονίαν,</strong></span> <span class='ocrx_word' id='word_1_451' title='bbox 2551 1401 2938 1469; x_wconf 76' lang='grc' dir='ltr'>καθαιρείσθω.</span> <span class='ocrx_word' id='word_1_452' title='bbox 2961 1401 3040 1452; x_wconf 83' lang='grc' dir='ltr'><strong>Τὰ</strong></span> <span class='ocrx_word' id='word_1_453' title='bbox 3057 1401 3164 1469; x_wconf 81' lang='grc' dir='ltr'><strong>γὰρ</strong></span> <span class='ocrx_word' id='word_1_454' title='bbox 3184 1403 3492 1468; x_wconf 80' lang='grc' dir='ltr'>Καίσαρος,</span> <span class='ocrx_word' id='word_1_455' title='bbox 3521 1402 3773 1467; x_wconf 80' lang='grc' dir='ltr'>Καίσαρι</span> <span class='ocrx_word' id='word_1_456' title='bbox 3794 1415 3806 1426; x_wconf 90' lang='grc'><strong>·</strong></span> 
     </span>
    </p>
   </div>
   <div class='ocr_carea' id='block_1_71' title="bbox 2231 1488 3808 1559">
    <p class='ocr_par' dir='ltr' id='par_1_71' title="bbox 2231 1488 3808 1559">
     <span class='ocr_line' id='line_1_71' title="bbox 2231 1488 3808 1559; baseline -0.004 -16"><span class='ocrx_word' id='word_1_457' title='bbox 2231 1494 2323 1543; x_wconf 74' lang='grc' dir='ltr'>καὶ</span> <span class='ocrx_word' id='word_1_458' title='bbox 2352 1494 2417 1542; x_wconf 61' lang='grc' dir='ltr'><strong>τᾶ</strong></span> <span class='ocrx_word' id='word_1_459' title='bbox 2452 1490 2542 1542; x_wconf 79' lang='grc' dir='ltr'><strong>τοῦ</strong></span> <span class='ocrx_word' id='word_1_460' title='bbox 2588 1488 2745 1549; x_wconf 79' lang='grc' dir='ltr'>Θεοῦ,</span> <span class='ocrx_word' id='word_1_461' title='bbox 2792 1489 2866 1557; x_wconf 80' lang='grc' dir='ltr'>τῷ</span> <span class='ocrx_word' id='word_1_462' title='bbox 2905 1490 3042 1556; x_wconf 81' lang='grc' dir='ltr'>Θεῷ.</span> <span class='ocrx_word' id='word_1_463' title='bbox 3092 1491 3389 1559; x_wconf 82' lang='grc' dir='ltr'>Γενήσεται</span> <span class='ocrx_word' id='word_1_464' title='bbox 3440 1489 3536 1541; x_wconf 77' lang='grc' dir='ltr'>οὖν</span> <span class='ocrx_word' id='word_1_465' title='bbox 3569 1489 3671 1540; x_wconf 71' lang='grc' dir='ltr'><strong>ἐπὶ</strong></span> <span class='ocrx_word' id='word_1_466' title='bbox 3706 1492 3808 1547; x_wconf 76' lang='grc' dir='ltr'>τοῖς</span> 
     </span>
    </p>
   </div>
   <div class='ocr_carea' id='block_1_72' title="bbox 2229 1579 3808 1648">
    <p class='ocr_par' dir='ltr' id='par_1_72' title="bbox 2229 1579 3808 1648">
     <span class='ocr_line' id='line_1_72' title="bbox 2229 1579 3808 1648; baseline -0.003 -16"><span class='ocrx_word' id='word_1_467' title='bbox 2229 1581 2368 1632; x_wconf 73' lang='grc' dir='ltr'>οὕτω</span> <span class='ocrx_word' id='word_1_468' title='bbox 2395 1580 2572 1641; x_wconf 79' lang='grc' dir='ltr'>καλῶς</span> <span class='ocrx_word' id='word_1_469' title='bbox 2601 1580 3036 1648; x_wconf 76' lang='grc' dir='ltr'><strong>πολιτευομένοις</strong></span> <span class='ocrx_word' id='word_1_470' title='bbox 3071 1582 3329 1647; x_wconf 82' lang='grc' dir='ltr'>μοναχοῐς</span> <span class='ocrx_word' id='word_1_471' title='bbox 3359 1596 3420 1630; x_wconf 86' lang='grc' dir='ltr'><strong>τε</strong></span> <span class='ocrx_word' id='word_1_472' title='bbox 3457 1580 3557 1629; x_wconf 74' lang='grc' dir='ltr'>καὶ</span> <span class='ocrx_word' id='word_1_473' title='bbox 3590 1579 3808 1638; x_wconf 78' lang='grc' dir='ltr'>λοιποῖς</span> 
     </span>
    </p>
   </div>
   <div class='ocr_carea' id='block_1_73' title="bbox 2228 1670 3387 1738">
    <p class='ocr_par' dir='ltr' id='par_1_73' title="bbox 2228 1670 3387 1738">
     <span class='ocr_line' id='line_1_73' title="bbox 2228 1670 3387 1738; baseline -0.002 -16"><span class='ocrx_word' id='word_1_474' title='bbox 2228 1671 2294 1722; x_wconf 78' lang='grc' dir='ltr'>τὰ.</span> <span class='ocrx_word' id='word_1_475' title='bbox 2323 1673 2378 1721; x_wconf 82' lang='grc' dir='ltr'>ὲν</span> <span class='ocrx_word' id='word_1_476' title='bbox 2398 1673 2508 1732; x_wconf 85' lang='grc' dir='ltr'>τοῖς</span> <span class='ocrx_word' id='word_1_477' title='bbox 2526 1671 2784 1730; x_wconf 74' lang='grc' dir='ltr'>τοιούτοις</span> <span class='ocrx_word' id='word_1_478' title='bbox 2816 1671 3003 1722; x_wconf 79' lang='grc' dir='ltr'>κανόσι</span> <span class='ocrx_word' id='word_1_479' title='bbox 3028 1670 3387 1738; x_wconf 79' lang='grc' dir='ltr'>διωρισμένα.</span> 
     </span>
    </p>
   </div>
   <div class='ocr_carea' id='block_1_74' title="bbox 2301 1838 3804 1911">
    <p class='ocr_par' dir='ltr' id='par_1_74' title="bbox 2301 1838 3804 1911">
     <span class='ocr_line' id='line_1_74' title="bbox 2301 1838 3804 1911; baseline 0.009 -30"><span class='ocrx_word' id='word_1_480' title='bbox 2301 1840 2610 1907; x_wconf 73' lang='grc' dir='ltr'><strong>Ἐρώτησις</strong></span> <span class='ocrx_word' id='word_1_481' title='bbox 2639 1838 2739 1899; x_wconf 80' lang='grc' dir='ltr'>κζ’,</span> <span class='ocrx_word' id='word_1_482' title='bbox 2781 1839 3068 1907; x_wconf 72' lang='grc' dir='ltr'>Ὀμόςυγοι</span> <span class='ocrx_word' id='word_1_483' title='bbox 3087 1841 3238 1892; x_wconf 68' lang='grc' dir='ltr'>,κατὰ</span> <span class='ocrx_word' id='word_1_484' title='bbox 3259 1842 3452 1905; x_wconf 79' lang='grc' dir='ltr'>κοινὴν</span> <span class='ocrx_word' id='word_1_485' title='bbox 3485 1843 3630 1910; x_wconf 73' lang='grc' dir='ltr'>τάχα</span> <span class='ocrx_word' id='word_1_486' title='bbox 3659 1842 3804 1911; x_wconf 75' lang='grc' dir='ltr'>ψυχ-</span> 
     </span>
    </p>
   </div>
   <div class='ocr_carea' id='block_1_75' title="bbox 2228 1932 3810 2003">
    <p class='ocr_par' dir='ltr' id='par_1_75' title="bbox 2228 1932 3810 2003">
     <span class='ocr_line' id='line_1_75' title="bbox 2228 1932 3810 2003; baseline 0 -18"><span class='ocrx_word' id='word_1_487' title='bbox 2228 1932 2405 2000; x_wconf 69' lang='grc' dir='ltr'>ωφελῆ</span> <span class='ocrx_word' id='word_1_488' title='bbox 2455 1932 2668 1999; x_wconf 83' lang='grc' dir='ltr'>θέλησιν</span> <span class='ocrx_word' id='word_1_489' title='bbox 2739 1933 2830 1984; x_wconf 75' lang='grc' dir='ltr'>καὶ</span> <span class='ocrx_word' id='word_1_490' title='bbox 2891 1932 3181 2001; x_wconf 72' lang='grc' dir='ltr'><strong>ἀρέσκειαν</strong></span> <span class='ocrx_word' id='word_1_491' title='bbox 3266 1934 3361 1984; x_wconf 80' lang='grc' dir='ltr'>τὸν</span> <span class='ocrx_word' id='word_1_492' title='bbox 3411 1936 3625 2003; x_wconf 79' lang='grc' dir='ltr'>μονήρη</span> <span class='ocrx_word' id='word_1_493' title='bbox 3694 1934 3810 2002; x_wconf 83' lang='grc' dir='ltr'>βίον</span> 
     </span>
    </p>
   </div>
   <div class='ocr_carea' id='block_1_76' title="bbox 2229 2006 3811 2091">
    <p class='ocr_par' dir='ltr' id='par_1_76' title="bbox 2229 2006 3811 2091">
     <span class='ocr_line' id='line_1_76' title="bbox 2229 2006 3811 2091; baseline 0.003 -20"><span class='ocrx_word' id='word_1_494' title='bbox 2229 2020 2545 2083; x_wconf 65' lang='grc' dir='ltr'>ἐπελέξαντο</span> <span class='ocrx_word' id='word_1_495' title='bbox 2565 2033 2578 2046; x_wconf 92' lang='grc'><strong>·</strong></span> <span class='ocrx_word' id='word_1_496' title='bbox 2609 2022 2688 2070; x_wconf 82' lang='grc' dir='ltr'>ὅτι</span> <span class='ocrx_word' id='word_1_497' title='bbox 2713 2020 2768 2071; x_wconf 80' lang='grc' dir='ltr'>δὲ</span> <span class='ocrx_word' id='word_1_498' title='bbox 2785 2021 2876 2072; x_wconf 80' lang='grc' dir='ltr'><strong>καὶ</strong></span> <span class='ocrx_word' id='word_1_499' title='bbox 2903 2016 3055 2081; x_wconf 76' lang='grc' dir='ltr'>αὖθις</span> <span class='ocrx_word' id='word_1_500' title='bbox 3079 2023 3136 2071; x_wconf 81' lang='grc' dir='ltr'>ὲν</span> <span class='ocrx_word' id='word_1_501' title='bbox 3165 2022 3264 2090; x_wconf 72' lang='grc' dir='ltr'>μιᾷ</span> <span class='ocrx_word' id='word_1_502' title='bbox 3295 2006 3554 2091; x_wconf 75' lang='grc' dir='ltr'>κατοικία</span> <span class='ocrx_word' id='word_1_503' title='bbox 3579 2022 3811 2091; x_wconf 80' lang='grc' dir='ltr'>διάγου-</span> 
     </span>
    </p>
   </div>
   <div class='ocr_carea' id='block_1_77' title="bbox 2230 2109 3809 2181">
    <p class='ocr_par' dir='ltr' id='par_1_77' title="bbox 2230 2109 3809 2181">
     <span class='ocr_line' id='line_1_77' title="bbox 2230 2109 3809 2181; baseline 0.001 -18"><span class='ocrx_word' id='word_1_504' title='bbox 2230 2128 2333 2175; x_wconf 86' lang='grc' dir='ltr'>σιν,</span> <span class='ocrx_word' id='word_1_505' title='bbox 2403 2110 2700 2176; x_wconf 84' lang='grc' dir='ltr'>ὁμοδίαιτοι</span> <span class='ocrx_word' id='word_1_506' title='bbox 2757 2109 2974 2171; x_wconf 82' lang='grc' dir='ltr'>πάντως</span> <span class='ocrx_word' id='word_1_507' title='bbox 3033 2109 3184 2169; x_wconf 75' lang='grc' dir='ltr'>ὄντες</span> <span class='ocrx_word' id='word_1_508' title='bbox 3242 2111 3339 2163; x_wconf 85' lang='grc' dir='ltr'>καὶ</span> <span class='ocrx_word' id='word_1_509' title='bbox 3402 2113 3809 2181; x_wconf 78' lang='grc' dir='ltr'>ὁμοτράπεζοι,</span> 
     </span>
    </p>
   </div>
   <div class='ocr_carea' id='block_1_78' title="bbox 2229 2197 3338 2269">
    <p class='ocr_par' dir='ltr' id='par_1_78' title="bbox 2229 2197 3338 2269">
     <span class='ocr_line' id='line_1_78' title="bbox 2229 2197 3338 2269; baseline 0.004 -21"><span class='ocrx_word' id='word_1_510' title='bbox 2229 2199 2373 2269; x_wconf 80' lang='grc' dir='ltr'>ζητῶ</span> <span class='ocrx_word' id='word_1_511' title='bbox 2401 2199 2460 2250; x_wconf 79' lang='grc' dir='ltr'>τὸ</span> <span class='ocrx_word' id='word_1_512' title='bbox 2497 2197 2746 2266; x_wconf 77' lang='grc' dir='ltr'>ποιητέον</span> <span class='ocrx_word' id='word_1_513' title='bbox 2769 2198 2858 2250; x_wconf 67' lang='grc' dir='ltr'><strong>ἐπὶ</strong></span> <span class='ocrx_word' id='word_1_514' title='bbox 2883 2197 3091 2260; x_wconf 79' lang='grc' dir='ltr'>τούτοις</span> <span class='ocrx_word' id='word_1_515' title='bbox 3121 2199 3338 2266; x_wconf 78' lang='grc' dir='ltr'>μαθεῖν.</span> 
     </span>
    </p>
   </div>
   <div class='ocr_carea' id='block_1_79' title="bbox 2300 2288 3812 2358">
    <p class='ocr_par' dir='ltr' id='par_1_79' title="bbox 2300 2288 3812 2358">
     <span class='ocr_line' id='line_1_79' title="bbox 2300 2288 3812 2358; baseline -0.001 -17"><span class='ocrx_word' id='word_1_516' title='bbox 2300 2291 2422 2341; x_wconf 71' lang='grc' dir='ltr'>Ἀπ’.</span> <span class='ocrx_word' id='word_1_517' title='bbox 2453 2291 2514 2341; x_wconf 83' lang='lat' dir='ltr'><strong>Ol</strong></span> <span class='ocrx_word' id='word_1_518' title='bbox 2549 2289 2682 2340; x_wconf 79' lang='grc' dir='ltr'>θεῖοι</span> <span class='ocrx_word' id='word_1_519' title='bbox 2728 2288 2952 2350; x_wconf 83' lang='grc' dir='ltr'>κανόνες</span> <span class='ocrx_word' id='word_1_520' title='bbox 2988 2289 3086 2358; x_wconf 81' lang='grc' dir='ltr'>τῆς</span> <span class='ocrx_word' id='word_1_521' title='bbox 3126 2291 3184 2340; x_wconf 73' lang='grc' dir='ltr'>ἐν</span> <span class='ocrx_word' id='word_1_522' title='bbox 3220 2289 3298 2358; x_wconf 83' lang='grc' dir='ltr'>τῷ</span> <span class='ocrx_word' id='word_1_523' title='bbox 3332 2289 3448 2358; x_wconf 80' lang='grc' dir='ltr'><strong>ναῷ</strong></span> <span class='ocrx_word' id='word_1_524' title='bbox 3486 2289 3592 2341; x_wconf 83' lang='grc' dir='ltr'>τῶν</span> <span class='ocrx_word' id='word_1_525' title='bbox 3629 2293 3812 2358; x_wconf 77' lang='grc' dir='ltr'>ἁγίων</span> 
     </span>
    </p>
   </div>
   <div class='ocr_carea' id='block_1_80' title="bbox 2231 2377 3810 2449">
    <p class='ocr_par' dir='ltr' id='par_1_80' title="bbox 2231 2377 3810 2449">
     <span class='ocr_line' id='line_1_80' title="bbox 2231 2377 3810 2449; baseline 0.003 -21"><span class='ocrx_word' id='word_1_526' title='bbox 2231 2377 2538 2428; x_wconf 71' lang='grc' dir='ltr'>ἀποστόὶων</span> <span class='ocrx_word' id='word_1_527' title='bbox 2577 2378 2848 2446; x_wconf 77' lang='grc' dir='ltr'>συστάσης</span> <span class='ocrx_word' id='word_1_528' title='bbox 2893 2379 3053 2444; x_wconf 80' lang='grc' dir='ltr'>ἁγίας</span> <span class='ocrx_word' id='word_1_529' title='bbox 3110 2381 3202 2430; x_wconf 75' lang='grc' dir='ltr'>καὶ</span> <span class='ocrx_word' id='word_1_530' title='bbox 3247 2379 3638 2449; x_wconf 76' lang='grc' dir='ltr'>οίκουμενικῆς</span> <span class='ocrx_word' id='word_1_531' title='bbox 3677 2400 3810 2432; x_wconf 83' lang='grc' dir='ltr'>συν·</span> 
     </span>
    </p>
   </div>
   <div class='ocr_carea' id='block_1_81' title="bbox 2228 2464 3805 2538">
    <p class='ocr_par' dir='ltr' id='par_1_81' title="bbox 2228 2464 3805 2538">
     <span class='ocr_line' id='line_1_81' title="bbox 2228 2464 3805 2538; baseline 0.003 -22"><span class='ocrx_word' id='word_1_532' title='bbox 2228 2466 2368 2529; x_wconf 84' lang='grc' dir='ltr'>όδου,</span> <span class='ocrx_word' id='word_1_533' title='bbox 2403 2469 2505 2531; x_wconf 76' lang='grc' dir='ltr'>τῆςο</span> <span class='ocrx_word' id='word_1_534' title='bbox 2540 2465 2836 2533; x_wconf 80' lang='grc' dir='ltr'>λεγομένης</span> <span class='ocrx_word' id='word_1_535' title='bbox 2859 2464 2905 2517; x_wconf 89' lang='grc' dir='ltr'>α’</span> <span class='ocrx_word' id='word_1_536' title='bbox 2952 2467 3045 2518; x_wconf 76' lang='grc' dir='ltr'>καὶ</span> <span class='ocrx_word' id='word_1_537' title='bbox 3077 2465 3142 2535; x_wconf 86' lang='grc' dir='ltr'><strong>β’,</strong></span> <span class='ocrx_word' id='word_1_538' title='bbox 3190 2467 3517 2538; x_wconf 73' lang='grc' dir='ltr'>διορίζονται</span> <span class='ocrx_word' id='word_1_539' title='bbox 3557 2472 3712 2522; x_wconf 68' lang='grc' dir='ltr'>κατὰ</span> <span class='ocrx_word' id='word_1_540' title='bbox 3733 2472 3805 2521; x_wconf 64' lang='grc' dir='ltr'>τὸ</span> 
     </span>
    </p>
   </div>
   <div class='ocr_carea' id='block_1_82' title="bbox 2231 2557 3807 2628">
    <p class='ocr_par' dir='ltr' id='par_1_82' title="bbox 2231 2557 3807 2628">
     <span class='ocr_line' id='line_1_82' title="bbox 2231 2557 3807 2628; baseline 0.001 -19"><span class='ocrx_word' id='word_1_541' title='bbox 2231 2558 2601 2625; x_wconf 83' lang='grc' dir='ltr'>ἀπαραίτητον</span> <span class='ocrx_word' id='word_1_542' title='bbox 2644 2557 2723 2617; x_wconf 88' lang='grc' dir='ltr'><strong>είς</strong></span> <span class='ocrx_word' id='word_1_543' title='bbox 2782 2559 3117 2626; x_wconf 84' lang='grc' dir='ltr'>μοναστήρια</span> <span class='ocrx_word' id='word_1_544' title='bbox 3166 2557 3263 2618; x_wconf 76' lang='grc' dir='ltr'><strong>τὰς</strong></span> <span class='ocrx_word' id='word_1_545' title='bbox 3319 2561 3664 2628; x_wconf 73' lang='grc' dir='ltr'>ἁποκάρσεις</span> <span class='ocrx_word' id='word_1_546' title='bbox 3719 2560 3807 2625; x_wconf 78' lang='grc' dir='ltr'><strong>γι·</strong></span> 
     </span>
    </p>
   </div>
   <div class='ocr_carea' id='block_1_83' title="bbox 2231 2646 3802 2715">
    <p class='ocr_par' dir='ltr' id='par_1_83' title="bbox 2231 2646 3802 2715">
     <span class='ocr_line' id='line_1_83' title="bbox 2231 2646 3802 2715; baseline 0.002 -18"><span class='ocrx_word' id='word_1_547' title='bbox 2231 2646 2434 2708; x_wconf 85' lang='grc' dir='ltr'>νεσθαι,</span> <span class='ocrx_word' id='word_1_548' title='bbox 2481 2648 2574 2699; x_wconf 72' lang='grc' dir='ltr'>καὶ</span> <span class='ocrx_word' id='word_1_549' title='bbox 2607 2647 2708 2698; x_wconf 74' lang='grc' dir='ltr'><strong>ὑπὸ</strong></span> <span class='ocrx_word' id='word_1_550' title='bbox 2743 2647 3014 2715; x_wconf 85' lang='grc' dir='ltr'>ἀναδόχων</span> <span class='ocrx_word' id='word_1_551' title='bbox 3047 2652 3145 2708; x_wconf 68' lang='grc' dir='ltr'><strong>τὰς</strong></span> <span class='ocrx_word' id='word_1_552' title='bbox 3198 2648 3476 2715; x_wconf 73' lang='grc' dir='ltr'>συνθήκας</span> <span class='ocrx_word' id='word_1_553' title='bbox 3509 2649 3615 2699; x_wconf 83' lang='grc' dir='ltr'>τῶν</span> <span class='ocrx_word' id='word_1_554' title='bbox 3658 2651 3802 2701; x_wconf 78' lang='grc' dir='ltr'>ἀπο-</span> 
     </span>
    </p>
   </div>
   <div class='ocr_carea' id='block_1_84' title="bbox 2231 2735 3807 2805">
    <p class='ocr_par' dir='ltr' id='par_1_84' title="bbox 2231 2735 3807 2805">
     <span class='ocr_line' id='line_1_84' title="bbox 2231 2735 3807 2805; baseline 0.002 -18"><span class='ocrx_word' id='word_1_555' title='bbox 2231 2735 2559 2804; x_wconf 85' lang='grc' dir='ltr'>κειρομένων</span> <span class='ocrx_word' id='word_1_556' title='bbox 2587 2736 2855 2803; x_wconf 84' lang='grc' dir='ltr'>δέχεσθαι.</span> <span class='ocrx_word' id='word_1_557' title='bbox 2891 2737 2952 2786; x_wconf 79' lang='grc' dir='ltr'><strong>Οἱ</strong></span> <span class='ocrx_word' id='word_1_558' title='bbox 2997 2735 3124 2801; x_wconf 76' lang='grc' dir='ltr'>γοῦν</span> <span class='ocrx_word' id='word_1_559' title='bbox 3177 2737 3249 2805; x_wconf 79' lang='grc' dir='ltr'>μὴ</span> <span class='ocrx_word' id='word_1_560' title='bbox 3283 2736 3562 2801; x_wconf 67' lang='grc' dir='ltr'>διάγοντες</span> <span class='ocrx_word' id='word_1_561' title='bbox 3604 2740 3694 2798; x_wconf 82' lang='grc' dir='ltr'><strong>είς</strong></span> <span class='ocrx_word' id='word_1_562' title='bbox 3738 2743 3807 2790; x_wconf 72' lang='grc' dir='ltr'>τὰ</span> 
     </span>
    </p>
   </div>
   <div class='ocr_carea' id='block_1_85' title="bbox 2234 2821 3805 2890">
    <p class='ocr_par' dir='ltr' id='par_1_85' title="bbox 2234 2821 3805 2890">
     <span class='ocr_line' id='line_1_85' title="bbox 2234 2821 3805 2890; baseline 0.004 -18"><span class='ocrx_word' id='word_1_563' title='bbox 2234 2823 2568 2890; x_wconf 83' lang='grc' dir='ltr'>μοναστήρια</span> <span class='ocrx_word' id='word_1_564' title='bbox 2612 2825 2690 2882; x_wconf 87' lang='grc' dir='ltr'><strong>είς</strong></span> <span class='ocrx_word' id='word_1_565' title='bbox 2735 2821 2769 2874; x_wconf 73' lang='grc' dir='ltr'><strong>ἃ</strong></span> <span class='ocrx_word' id='word_1_566' title='bbox 2817 2822 3406 2890; x_wconf 82' lang='grc' dir='ltr'>μετεσχηματίσθησαν</span> <span class='ocrx_word' id='word_1_567' title='bbox 3452 2828 3542 2875; x_wconf 67' lang='grc' dir='ltr'>καὶ</span> <span class='ocrx_word' id='word_1_568' title='bbox 3582 2828 3805 2878; x_wconf 71' lang='grc' dir='ltr'>ἀπεκά-</span> 
     </span>
    </p>
   </div>
   <div class='ocr_carea' id='block_1_86' title="bbox 2234 2910 3805 2979">
    <p class='ocr_par' dir='ltr' id='par_1_86' title="bbox 2234 2910 3805 2979">
     <span class='ocr_line' id='line_1_86' title="bbox 2234 2910 3805 2979; baseline 0.003 -19"><span class='ocrx_word' id='word_1_569' title='bbox 2234 2926 2423 2979; x_wconf 88' lang='grc' dir='ltr'>ρησαν,</span> <span class='ocrx_word' id='word_1_570' title='bbox 2465 2910 2575 2962; x_wconf 80' lang='grc' dir='ltr'>ἀλλ’</span> <span class='ocrx_word' id='word_1_571' title='bbox 2625 2913 2701 2971; x_wconf 89' lang='grc' dir='ltr'><strong>είς</strong></span> <span class='ocrx_word' id='word_1_572' title='bbox 2757 2910 2999 2978; x_wconf 80' lang='grc' dir='ltr'>κοσμικὰ</span> <span class='ocrx_word' id='word_1_573' title='bbox 3043 2911 3389 2976; x_wconf 83' lang='grc' dir='ltr'>καταγώγια,</span> <span class='ocrx_word' id='word_1_574' title='bbox 3447 2930 3805 2977; x_wconf 73' lang='grc' dir='ltr'>καταναγκαι</span> 
     </span>
    </p>
   </div>
   <div class='ocr_carea' id='block_1_87' title="bbox 2234 2999 3807 3072">
    <p class='ocr_par' dir='ltr' id='par_1_87' title="bbox 2234 2999 3807 3072">
     <span class='ocr_line' id='line_1_87' title="bbox 2234 2999 3807 3072; baseline 0.004 -24"><span class='ocrx_word' id='word_1_575' title='bbox 2234 3000 2520 3067; x_wconf 76' lang='grc' dir='ltr'>σθήσονται</span> <span class='ocrx_word' id='word_1_576' title='bbox 2574 3001 2726 3068; x_wconf 74' lang='grc' dir='ltr'>παρὰ</span> <span class='ocrx_word' id='word_1_577' title='bbox 2781 2999 2875 3051; x_wconf 80' lang='grc' dir='ltr'><strong>τοῦ</strong></span> <span class='ocrx_word' id='word_1_578' title='bbox 2940 3000 3205 3069; x_wconf 72' lang='grc' dir='ltr'>ἐγχωρίου</span> <span class='ocrx_word' id='word_1_579' title='bbox 3265 3002 3593 3062; x_wconf 77' lang='grc' dir='ltr'>ἐπισκόπου,</span> <span class='ocrx_word' id='word_1_580' title='bbox 3657 3006 3807 3072; x_wconf 73' lang='grc' dir='ltr'>μετὰ</span> 
     </span>
    </p>
   </div>
   <div class='ocr_carea' id='block_1_88' title="bbox 2233 3088 3805 3162">
    <p class='ocr_par' dir='ltr' id='par_1_88' title="bbox 2233 3088 3805 3162">
     <span class='ocr_line' id='line_1_88' title="bbox 2233 3088 3805 3162; baseline 0.003 -24"><span class='ocrx_word' id='word_1_581' title='bbox 2233 3088 2557 3157; x_wconf 85' lang='grc' dir='ltr'>ἁφορισμοῦ,</span> <span class='ocrx_word' id='word_1_582' title='bbox 2594 3089 2684 3139; x_wconf 76' lang='grc' dir='ltr'>καὶ</span> <span class='ocrx_word' id='word_1_583' title='bbox 2723 3088 3064 3157; x_wconf 85' lang='grc' dir='ltr'>δριμυτάτων</span> <span class='ocrx_word' id='word_1_584' title='bbox 3107 3090 3424 3158; x_wconf 65' lang='grc' dir='ltr'>ἐπιτιμίων,</span> <span class='ocrx_word' id='word_1_585' title='bbox 3459 3093 3805 3162; x_wconf 69' lang='grc' dir='ltr'>ὑποστρέψαι</span> 
     </span>
    </p>
   </div>
   <div class='ocr_carea' id='block_1_89' title="bbox 2153 3177 3054 3256">
    <p class='ocr_par' dir='ltr' id='par_1_89' title="bbox 2153 3177 3054 3256">
     <span class='ocr_line' id='line_1_89' title="bbox 2153 3177 3054 3256; baseline 0.003 -28"><span class='ocrx_word' id='word_1_586' title='bbox 2153 3196 2198 3256; x_wconf 79' lang='lat' dir='ltr'><strong><em>C</em></strong></span> <span class='ocrx_word' id='word_1_587' title='bbox 2236 3177 2413 3238; x_wconf 80' lang='grc' dir='ltr'>καλῶς</span> <span class='ocrx_word' id='word_1_588' title='bbox 2452 3178 2572 3229; x_wconf 80' lang='grc' dir='ltr'>ὅθεν</span> <span class='ocrx_word' id='word_1_589' title='bbox 2602 3177 2820 3244; x_wconf 74' lang='grc' dir='ltr'>ἐξῆλθον</span> <span class='ocrx_word' id='word_1_590' title='bbox 2850 3179 3054 3240; x_wconf 78' lang='grc' dir='ltr'>κακῶς.</span> 
     </span>
    </p>
   </div>
   <div class='ocr_carea' id='block_1_90' title="bbox 2316 3265 3805 3336">
    <p class='ocr_par' dir='ltr' id='par_1_90' title="bbox 2316 3265 3805 3336">
     <span class='ocr_line' id='line_1_90' title="bbox 2316 3265 3805 3336; baseline 0.003 -19"><span class='ocrx_word' id='word_1_591' title='bbox 2316 3265 2637 3330; x_wconf 76' lang='grc' dir='ltr'>Ἐρώτησις</span> <span class='ocrx_word' id='word_1_592' title='bbox 2664 3265 2772 3330; x_wconf 84' lang='grc' dir='ltr'>κη’.</span> <span class='ocrx_word' id='word_1_593' title='bbox 2807 3269 2869 3318; x_wconf 87' lang='grc' dir='ltr'>υἱ</span> <span class='ocrx_word' id='word_1_594' title='bbox 2902 3267 3330 3336; x_wconf 80' lang='grc' dir='ltr'>χειροτονοῦντες</span> <span class='ocrx_word' id='word_1_595' title='bbox 3364 3271 3645 3336; x_wconf 76' lang='grc' dir='ltr'>ἀρχιερεῖς</span> <span class='ocrx_word' id='word_1_596' title='bbox 3692 3271 3805 3321; x_wconf 90' lang='grc' dir='ltr'>δια-</span> 
     </span>
    </p>
   </div>
   <div class='ocr_carea' id='block_1_91' title="bbox 2233 3354 3804 3423">
    <p class='ocr_par' dir='ltr' id='par_1_91' title="bbox 2233 3354 3804 3423">
     <span class='ocr_line' id='line_1_91' title="bbox 2233 3354 3804 3423; baseline 0.004 -19"><span class='ocrx_word' id='word_1_597' title='bbox 2233 3354 2418 3414; x_wconf 84' lang='grc' dir='ltr'>κόνους</span> <span class='ocrx_word' id='word_1_598' title='bbox 2471 3356 2562 3405; x_wconf 80' lang='grc' dir='ltr'>καὶ</span> <span class='ocrx_word' id='word_1_599' title='bbox 2618 3356 2798 3421; x_wconf 76' lang='grc' dir='ltr'>ἱερεῖς,</span> <span class='ocrx_word' id='word_1_600' title='bbox 2860 3356 2992 3407; x_wconf 80' lang='grc' dir='ltr'>ἀλλὰ</span> <span class='ocrx_word' id='word_1_601' title='bbox 3027 3356 3130 3423; x_wconf 87' lang='grc' dir='ltr'>μὴν</span> <span class='ocrx_word' id='word_1_602' title='bbox 3178 3361 3268 3407; x_wconf 70' lang='grc' dir='ltr'>καὶ</span> <span class='ocrx_word' id='word_1_603' title='bbox 3302 3358 3350 3408; x_wconf 92' lang='grc' dir='ltr'><strong>οί</strong></span> <span class='ocrx_word' id='word_1_604' title='bbox 3381 3359 3472 3409; x_wconf 78' lang='grc' dir='ltr'>διὰ</span> <span class='ocrx_word' id='word_1_605' title='bbox 3510 3359 3603 3409; x_wconf 89' lang='grc' dir='ltr'><strong>τοῦ</strong></span> <span class='ocrx_word' id='word_1_606' title='bbox 3649 3360 3804 3411; x_wconf 75' lang='grc' dir='ltr'>Θείου</span> 
     </span>
    </p>
   </div>
   <div class='ocr_carea' id='block_1_92' title="bbox 2234 3440 3802 3514">
    <p class='ocr_par' dir='ltr' id='par_1_92' title="bbox 2234 3440 3802 3514">
     <span class='ocr_line' id='line_1_92' title="bbox 2234 3440 3802 3514; baseline 0.004 -22"><span class='ocrx_word' id='word_1_607' title='bbox 2234 3440 2602 3509; x_wconf 87' lang='grc' dir='ltr'>βαπτίσματος</span> <span class='ocrx_word' id='word_1_608' title='bbox 2652 3442 2846 3502; x_wconf 87' lang='grc' dir='ltr'>παῖδας</span> <span class='ocrx_word' id='word_1_609' title='bbox 2898 3442 3187 3510; x_wconf 60' lang='lat' dir='ltr'><strong>specu.ng</strong></span> <span class='ocrx_word' id='word_1_610' title='bbox 3238 3445 3583 3511; x_wconf 80' lang='grc' dir='ltr'>ἁγιάζοντες,</span> <span class='ocrx_word' id='word_1_611' title='bbox 3616 3446 3649 3514; x_wconf 70' lang='grc' dir='ltr'>ἢ</span> <span class='ocrx_word' id='word_1_612' title='bbox 3710 3450 3802 3499; x_wconf 87' lang='grc' dir='ltr'><strong>καί</strong></span> 
     </span>
    </p>
   </div>
   <div class='ocr_carea' id='block_1_93' title="bbox 2232 3531 3803 3604">
    <p class='ocr_par' dir='ltr' id='par_1_93' title="bbox 2232 3531 3803 3604">
     <span class='ocr_line' id='line_1_93' title="bbox 2232 3531 3803 3604; baseline 0.005 -24"><span class='ocrx_word' id='word_1_613' title='bbox 2232 3547 2381 3591; x_wconf 87' lang='grc' dir='ltr'>τινας</span> <span class='ocrx_word' id='word_1_614' title='bbox 2413 3531 2718 3598; x_wconf 83' lang='grc' dir='ltr'>αἰρετικούς</span> <span class='ocrx_word' id='word_1_615' title='bbox 2738 3548 2753 3564; x_wconf 78' lang='grc' dir='ltr'><strong>ο</strong></span> <span class='ocrx_word' id='word_1_616' title='bbox 2788 3531 3047 3595; x_wconf 81' lang='grc' dir='ltr'>ὡσαύτως</span> <span class='ocrx_word' id='word_1_617' title='bbox 3097 3534 3189 3587; x_wconf 76' lang='grc' dir='ltr'>καὶ</span> <span class='ocrx_word' id='word_1_618' title='bbox 3221 3538 3267 3587; x_wconf 91' lang='grc' dir='ltr'><strong>οί</strong></span> <span class='ocrx_word' id='word_1_619' title='bbox 3316 3537 3695 3604; x_wconf 71' lang='grc' dir='ltr'>μεταδιδόντες</span> <span class='ocrx_word' id='word_1_620' title='bbox 3724 3555 3803 3588; x_wconf 82' lang='grc' dir='ltr'>τι-</span> 
     </span>
    </p>
   </div>
   <div class='ocr_carea' id='block_1_94' title="bbox 2236 3618 3803 3688">
    <p class='ocr_par' dir='ltr' id='par_1_94' title="bbox 2236 3618 3803 3688">
     <span class='ocr_line' id='line_1_94' title="bbox 2236 3618 3803 3688; baseline 0.006 -21"><span class='ocrx_word' id='word_1_621' title='bbox 2236 3620 2327 3678; x_wconf 66' lang='grc' dir='ltr'><strong>νας</strong></span> <span class='ocrx_word' id='word_1_622' title='bbox 2359 3619 2464 3669; x_wconf 86' lang='grc' dir='ltr'>τῶν</span> <span class='ocrx_word' id='word_1_623' title='bbox 2489 3618 2646 3670; x_wconf 87' lang='grc' dir='ltr'>θείων</span> <span class='ocrx_word' id='word_1_624' title='bbox 2674 3619 3045 3688; x_wconf 81' lang='grc' dir='ltr'>ἁγιασμάτων,</span> <span class='ocrx_word' id='word_1_625' title='bbox 3077 3623 3174 3674; x_wconf 76' lang='grc' dir='ltr'><strong>ἐὰν</strong></span> <span class='ocrx_word' id='word_1_626' title='bbox 3200 3623 3510 3676; x_wconf 77' lang='grc' dir='ltr'>ἀπαιτῶσιν</span> <span class='ocrx_word' id='word_1_627' title='bbox 3535 3628 3593 3687; x_wconf 76' lang='grc' dir='ltr'><strong>ἐξ</strong></span> <span class='ocrx_word' id='word_1_628' title='bbox 3619 3628 3803 3678; x_wconf 64' lang='grc' dir='ltr'>αὐτῶν</span> 
     </span>
    </p>
   </div>
   <div class='ocr_carea' id='block_1_95' title="bbox 2237 3706 3802 3778">
    <p class='ocr_par' dir='ltr' id='par_1_95' title="bbox 2237 3706 3802 3778">
     <span class='ocr_line' id='line_1_95' title="bbox 2237 3706 3802 3778; baseline 0.004 -22"><span class='ocrx_word' id='word_1_629' title='bbox 2237 3708 2388 3774; x_wconf 74' lang='grc' dir='ltr'>χάριν</span> <span class='ocrx_word' id='word_1_630' title='bbox 2424 3707 2590 3756; x_wconf 87' lang='grc' dir='ltr'>κόπου</span> <span class='ocrx_word' id='word_1_631' title='bbox 2623 3706 2826 3757; x_wconf 85' lang='grc' dir='ltr'>τούτων</span> <span class='ocrx_word' id='word_1_632' title='bbox 2858 3711 3154 3775; x_wconf 72' lang='grc' dir='ltr'>ποσότητας</span> <span class='ocrx_word' id='word_1_633' title='bbox 3187 3726 3338 3769; x_wconf 85' lang='grc' dir='ltr'>τινας</span> <span class='ocrx_word' id='word_1_634' title='bbox 3369 3715 3802 3778; x_wconf 72' lang='grc' dir='ltr'>νομισματικὰς,</span> 
     </span>
    </p>
   </div>
   <div class='ocr_carea' id='block_1_96' title="bbox 2237 3794 2910 3863">
    <p class='ocr_par' dir='ltr' id='par_1_96' title="bbox 2237 3794 2910 3863">
     <span class='ocr_line' id='line_1_96' title="bbox 2237 3794 2910 3863; baseline -0.001 -18"><span class='ocrx_word' id='word_1_635' title='bbox 2237 3795 2413 3856; x_wconf 82' lang='grc' dir='ltr'>καλῶς</span> <span class='ocrx_word' id='word_1_636' title='bbox 2445 3794 2708 3857; x_wconf 61' lang='grc' dir='ltr'>ποιοῦσιν,</span> <span class='ocrx_word' id='word_1_637' title='bbox 2748 3797 2780 3863; x_wconf 80' lang='grc' dir='ltr'>ἢ</span> <span class='ocrx_word' id='word_1_638' title='bbox 2810 3795 2870 3846; x_wconf 79' lang='grc' dir='ltr'>οὗ</span> <span class='ocrx_word' id='word_1_639' title='bbox 2897 3813 2910 3860; x_wconf 89' lang='grc'><strong>;</strong></span> 
     </span>
    </p>
   </div>
   <div class='ocr_carea' id='block_1_97' title="bbox 2317 3885 3806 3959">
    <p class='ocr_par' dir='ltr' id='par_1_97' title="bbox 2317 3885 3806 3959">
     <span class='ocr_line' id='line_1_97' title="bbox 2317 3885 3806 3959; baseline 0.005 -24"><span class='ocrx_word' id='word_1_640' title='bbox 2317 3885 2672 3950; x_wconf 73' lang='grc' dir='ltr'>Ἀπόκρισις.</span> <span class='ocrx_word' id='word_1_641' title='bbox 2729 3885 2789 3934; x_wconf 81' lang='lat' dir='ltr'><strong>Ol</strong></span> <span class='ocrx_word' id='word_1_642' title='bbox 2843 3885 3190 3950; x_wconf 82' lang='grc' dir='ltr'>στρατιῶται,</span> <span class='ocrx_word' id='word_1_643' title='bbox 3225 3889 3414 3952; x_wconf 71' lang='grc' dir='ltr'>φησὶν,</span> <span class='ocrx_word' id='word_1_644' title='bbox 3463 3889 3616 3952; x_wconf 73' lang='grc' dir='ltr'>ἰδίοις</span> <span class='ocrx_word' id='word_1_645' title='bbox 3657 3891 3806 3959; x_wconf 69' lang='grc' dir='ltr'>ὀψω-</span> 
     </span>
    </p>
   </div>
   <div class='ocr_carea' id='block_1_98' title="bbox 2236 3973 3806 4042">
    <p class='ocr_par' dir='ltr' id='par_1_98' title="bbox 2236 3973 3806 4042">
     <span class='ocr_line' id='line_1_98' title="bbox 2236 3973 3806 4042; baseline 0.006 -18"><span class='ocrx_word' id='word_1_646' title='bbox 2236 3973 2364 4034; x_wconf 91' lang='grc' dir='ltr'>νίοις</span> <span class='ocrx_word' id='word_1_647' title='bbox 2423 3975 2519 4024; x_wconf 63' lang='grc' dir='ltr'>οὐκ</span> <span class='ocrx_word' id='word_1_648' title='bbox 2563 3976 2976 4042; x_wconf 76' lang='grc' dir='ltr'>ἀνατρέφονται.</span> <span class='ocrx_word' id='word_1_649' title='bbox 3030 3976 3139 4027; x_wconf 78' lang='grc' dir='ltr'><strong>Καὶ</strong></span> <span class='ocrx_word' id='word_1_650' title='bbox 3183 3976 3270 4028; x_wconf 83' lang='grc' dir='ltr'>διὰ</span> <span class='ocrx_word' id='word_1_651' title='bbox 3297 3978 3548 4038; x_wconf 76' lang='grc' dir='ltr'>Μωσέως</span> <span class='ocrx_word' id='word_1_652' title='bbox 3586 3977 3746 4034; x_wconf 82' lang='grc' dir='ltr'>εἶπεν</span> <span class='ocrx_word' id='word_1_653' title='bbox 3778 3985 3806 4033; x_wconf 82' lang='grc' dir='ltr'><strong>ό</strong></span> 
     </span>
    </p>
   </div>
   <div class='ocr_carea' id='block_1_99' title="bbox 2237 4062 3804 4139">
    <p class='ocr_par' dir='ltr' id='par_1_99' title="bbox 2237 4062 3804 4139">
     <span class='ocr_line' id='line_1_99' title="bbox 2237 4062 3804 4139; baseline 0.006 -25"><span class='ocrx_word' id='word_1_654' title='bbox 2237 4063 2386 4122; x_wconf 84' lang='grc' dir='ltr'>Θεὸς,</span> <span class='ocrx_word' id='word_1_655' title='bbox 2412 4063 2483 4113; x_wconf 74' lang='grc' dir='ltr'><strong>Οὐ</strong></span> <span class='ocrx_word' id='word_1_656' title='bbox 2511 4062 2773 4129; x_wconf 82' lang='grc' dir='ltr'>φιμώσεις</span> <span class='ocrx_word' id='word_1_657' title='bbox 2795 4063 2919 4129; x_wconf 83' lang='grc' dir='ltr'>βοῦν</span> <span class='ocrx_word' id='word_1_658' title='bbox 2941 4064 3198 4118; x_wconf 76' lang='grc' dir='ltr'>ἀλοῶντα.</span> <span class='ocrx_word' id='word_1_659' title='bbox 3225 4065 3286 4118; x_wconf 84' lang='grc' dir='ltr'>Εἰ</span> <span class='ocrx_word' id='word_1_660' title='bbox 3313 4067 3445 4133; x_wconf 84' lang='grc' dir='ltr'>γοῦν</span> <span class='ocrx_word' id='word_1_661' title='bbox 3463 4068 3552 4120; x_wconf 81' lang='grc' dir='ltr'>διὰ</span> <span class='ocrx_word' id='word_1_662' title='bbox 3577 4074 3804 4139; x_wconf 80' lang='grc' dir='ltr'>μετρίας</span> 
     </span>
    </p>
   </div>
   <div class='ocr_carea' id='block_1_100' title="bbox 2237 4153 3800 4228">
    <p class='ocr_par' dir='ltr' id='par_1_100' title="bbox 2237 4153 3800 4228">
     <span class='ocr_line' id='line_1_100' title="bbox 2237 4153 3800 4228; baseline 0.006 -24"><span class='ocrx_word' id='word_1_663' title='bbox 2237 4153 2379 4214; x_wconf 87' lang='grc' dir='ltr'>τινὸς</span> <span class='ocrx_word' id='word_1_664' title='bbox 2427 4153 2642 4214; x_wconf 83' lang='grc' dir='ltr'>δόσεως,</span> <span class='ocrx_word' id='word_1_665' title='bbox 2686 4155 2778 4204; x_wconf 77' lang='grc' dir='ltr'>καὶ</span> <span class='ocrx_word' id='word_1_666' title='bbox 2807 4156 2874 4222; x_wconf 76' lang='grc' dir='ltr'>τῇ</span> <span class='ocrx_word' id='word_1_667' title='bbox 2900 4155 3218 4223; x_wconf 71' lang='grc' dir='ltr'>προαιρέσει</span> <span class='ocrx_word' id='word_1_668' title='bbox 3262 4156 3357 4207; x_wconf 86' lang='grc' dir='ltr'><strong>τοῦ</strong></span> <span class='ocrx_word' id='word_1_669' title='bbox 3390 4164 3800 4228; x_wconf 69' lang='grc' dir='ltr'>χειροτονοῦμεν</span> 
     </span>
    </p>
   </div>
   <div class='ocr_carea' id='block_1_101' title="bbox 2239 4247 3798 4320">
    <p class='ocr_par' dir='ltr' id='par_1_101' title="bbox 2239 4247 3798 4320">
     <span class='ocr_line' id='line_1_101' title="bbox 2239 4247 3798 4320; baseline 0.005 -22"><span class='ocrx_word' id='word_1_670' title='bbox 2239 4264 2351 4308; x_wconf 88' lang='grc' dir='ltr'>νου,</span> <span class='ocrx_word' id='word_1_671' title='bbox 2379 4247 2411 4315; x_wconf 84' lang='grc' dir='ltr'>ἢ</span> <span class='ocrx_word' id='word_1_672' title='bbox 2446 4247 2616 4308; x_wconf 80' lang='grc' dir='ltr'>ἄλλως</span> <span class='ocrx_word' id='word_1_673' title='bbox 2641 4247 3018 4315; x_wconf 80' lang='grc' dir='ltr'>ἁγιαζομένου,</span> <span class='ocrx_word' id='word_1_674' title='bbox 3055 4251 3515 4319; x_wconf 81' lang='grc' dir='ltr'>παρηγορηθῆναι</span> <span class='ocrx_word' id='word_1_675' title='bbox 3547 4254 3798 4320; x_wconf 65' lang='grc' dir='ltr'>ζητοῦσα</span> 
     </span>
    </p>
   </div>
   <div class='ocr_carea' id='block_1_102' title="bbox 2239 4336 3805 4414">
    <p class='ocr_par' dir='ltr' id='par_1_102' title="bbox 2239 4336 3805 4414">
     <span class='ocr_line' id='line_1_102' title="bbox 2239 4336 3805 4414; baseline 0.006 -28"><span class='ocrx_word' id='word_1_676' title='bbox 2239 4337 2287 4386; x_wconf 82' lang='lat' dir='ltr'><strong>oi</strong></span> <span class='ocrx_word' id='word_1_677' title='bbox 2317 4336 2739 4403; x_wconf 80' lang='grc' dir='ltr'>χειροτονοῦντες</span> <span class='ocrx_word' id='word_1_678' title='bbox 2767 4337 2798 4404; x_wconf 85' lang='grc' dir='ltr'>ἢ</span> <span class='ocrx_word' id='word_1_679' title='bbox 2827 4338 3192 4405; x_wconf 78' lang='grc' dir='ltr'>βαπτίζοντες.</span> <span class='ocrx_word' id='word_1_680' title='bbox 3230 4341 3420 4407; x_wconf 84' lang='grc' dir='ltr'>Ἰερεῖς</span> <span class='ocrx_word' id='word_1_681' title='bbox 3461 4360 3522 4394; x_wconf 86' lang='grc' dir='ltr'><strong>τε</strong></span> <span class='ocrx_word' id='word_1_682' title='bbox 3565 4347 3658 4395; x_wconf 79' lang='grc' dir='ltr'>καὶ</span> <span class='ocrx_word' id='word_1_683' title='bbox 3705 4349 3805 4414; x_wconf 79' lang='grc' dir='ltr'><strong>ἁρ-</strong></span> 
     </span>
    </p>
   </div>
   <div class='ocr_carea' id='block_1_103' title="bbox 2241 4425 3808 4501">
    <p class='ocr_par' dir='ltr' id='par_1_103' title="bbox 2241 4425 3808 4501">
     <span class='ocr_line' id='line_1_103' title="bbox 2241 4425 3808 4501; baseline 0.007 -27"><span class='ocrx_word' id='word_1_684' title='bbox 2241 4427 2460 4492; x_wconf 86' lang='grc' dir='ltr'>χιερεῖς,</span> <span class='ocrx_word' id='word_1_685' title='bbox 2495 4426 2646 4477; x_wconf 79' lang='grc' dir='ltr'>οὐδέν</span> <span class='ocrx_word' id='word_1_686' title='bbox 2671 4442 2723 4475; x_wconf 89' lang='grc' dir='ltr'><strong>τι</strong></span> <span class='ocrx_word' id='word_1_687' title='bbox 2756 4425 2967 4477; x_wconf 80' lang='grc' dir='ltr'>ποιοῦσι</span> <span class='ocrx_word' id='word_1_688' title='bbox 3002 4427 3191 4479; x_wconf 84' lang='grc' dir='ltr'>κακόν.</span> <span class='ocrx_word' id='word_1_689' title='bbox 3215 4428 3556 4496; x_wconf 85' lang='grc' dir='ltr'>Νενόμισται</span> <span class='ocrx_word' id='word_1_690' title='bbox 3584 4435 3696 4501; x_wconf 78' lang='grc' dir='ltr'>γὰρ</span> <span class='ocrx_word' id='word_1_691' title='bbox 3720 4433 3808 4485; x_wconf 79' lang='grc' dir='ltr'><strong>δια</strong></span> 
     </span>
    </p>
   </div>
   <div class='ocr_carea' id='block_1_104' title="bbox 2169 4505 3806 4585">
    <p class='ocr_par' dir='ltr' id='par_1_104' title="bbox 2169 4505 3806 4585">
     <span class='ocr_line' id='line_1_104' title="bbox 2169 4505 3806 4585; baseline 0.005 -21"><span class='ocrx_word' id='word_1_692' title='bbox 2169 4505 2220 4564; x_wconf 83' lang='lat' dir='ltr'><strong>D</strong></span> <span class='ocrx_word' id='word_1_693' title='bbox 2247 4514 2534 4580; x_wconf 75' lang='grc' dir='ltr'>συνήθειαν</span> <span class='ocrx_word' id='word_1_694' title='bbox 2566 4513 2995 4583; x_wconf 80' lang='grc' dir='ltr'>παρηγορεῖσθαι</span> <span class='ocrx_word' id='word_1_695' title='bbox 3044 4517 3170 4576; x_wconf 80' lang='grc' dir='ltr'>τοὺς</span> <span class='ocrx_word' id='word_1_696' title='bbox 3214 4519 3688 4585; x_wconf 80' lang='grc' dir='ltr'>χειροτονοῦντας.</span> <span class='ocrx_word' id='word_1_697' title='bbox 3746 4523 3806 4574; x_wconf 81' lang='grc' dir='ltr'><strong>Εἰ</strong></span> 
     </span>
    </p>
   </div>
   <div class='ocr_carea' id='block_1_105' title="bbox 2241 4603 3796 4678">
    <p class='ocr_par' dir='ltr' id='par_1_105' title="bbox 2241 4603 3796 4678">
     <span class='ocr_line' id='line_1_105' title="bbox 2241 4603 3796 4678; baseline 0.006 -26"><span class='ocrx_word' id='word_1_698' title='bbox 2241 4603 2296 4653; x_wconf 82' lang='grc' dir='ltr'>δὲ</span> <span class='ocrx_word' id='word_1_699' title='bbox 2344 4605 2591 4665; x_wconf 81' lang='grc' dir='ltr'>τοιαύτας</span> <span class='ocrx_word' id='word_1_700' title='bbox 2653 4605 2750 4671; x_wconf 80' lang='grc' dir='ltr'>μὲν</span> <span class='ocrx_word' id='word_1_701' title='bbox 2807 4605 3056 4672; x_wconf 77' lang='grc' dir='ltr'>συνήθεις</span> <span class='ocrx_word' id='word_1_702' title='bbox 3105 4606 3354 4670; x_wconf 80' lang='grc' dir='ltr'>εὐλογίας</span> <span class='ocrx_word' id='word_1_703' title='bbox 3407 4610 3470 4660; x_wconf 86' lang='grc' dir='ltr'><strong>ού</strong></span> <span class='ocrx_word' id='word_1_704' title='bbox 3524 4609 3796 4678; x_wconf 78' lang='grc' dir='ltr'>ζητοῦσιν,</span> 
     </span>
    </p>
   </div>
   <div class='ocr_carea' id='block_1_106' title="bbox 2243 4693 3808 4768">
    <p class='ocr_par' dir='ltr' id='par_1_106' title="bbox 2243 4693 3808 4768">
     <span class='ocr_line' id='line_1_106' title="bbox 2243 4693 3808 4768; baseline 0.007 -24"><span class='ocrx_word' id='word_1_705' title='bbox 2243 4694 2376 4744; x_wconf 80' lang='grc' dir='ltr'>ἀλλὰ</span> <span class='ocrx_word' id='word_1_706' title='bbox 2399 4694 2604 4762; x_wconf 88' lang='grc' dir='ltr'>δόματα</span> <span class='ocrx_word' id='word_1_707' title='bbox 2637 4693 2870 4763; x_wconf 81' lang='grc' dir='ltr'>σθεναρὰ</span> <span class='ocrx_word' id='word_1_708' title='bbox 2897 4696 2992 4746; x_wconf 70' lang='grc' dir='ltr'>καὶ</span> <span class='ocrx_word' id='word_1_709' title='bbox 3016 4697 3113 4765; x_wconf 79' lang='grc' dir='ltr'>τὴν</span> <span class='ocrx_word' id='word_1_710' title='bbox 3141 4697 3293 4766; x_wconf 84' lang='grc' dir='ltr'>ίσχὺν</span> <span class='ocrx_word' id='word_1_711' title='bbox 3328 4699 3424 4750; x_wconf 81' lang='grc' dir='ltr'><strong>τοῦ</strong></span> <span class='ocrx_word' id='word_1_712' title='bbox 3467 4717 3808 4768; x_wconf 85' lang='grc' dir='ltr'>χειροτονου-</span> 
     </span>
    </p>
   </div>
   <div class='ocr_carea' id='block_1_107' title="bbox 2248 4784 3807 4863">
    <p class='ocr_par' dir='ltr' id='par_1_107' title="bbox 2248 4784 3807 4863">
     <span class='ocr_line' id='line_1_107' title="bbox 2248 4784 3807 4863; baseline 0.008 -28"><span class='ocrx_word' id='word_1_713' title='bbox 2248 4785 2402 4851; x_wconf 78' lang='grc' dir='ltr'>μὲνον</span> <span class='ocrx_word' id='word_1_714' title='bbox 2446 4784 2896 4851; x_wconf 84' lang='grc' dir='ltr'>στενοχωροῦντα,</span> <span class='ocrx_word' id='word_1_715' title='bbox 2954 4790 3014 4838; x_wconf 85' lang='grc' dir='ltr'><strong>ού</strong></span> <span class='ocrx_word' id='word_1_716' title='bbox 3075 4788 3234 4855; x_wconf 90' lang='grc' dir='ltr'>μόνον</span> <span class='ocrx_word' id='word_1_717' title='bbox 3289 4791 3389 4842; x_wconf 81' lang='grc' dir='ltr'>οὐκ</span> <span class='ocrx_word' id='word_1_718' title='bbox 3443 4798 3807 4863; x_wconf 78' lang='grc' dir='ltr'>εἰσακουσθή·</span> 
     </span>
    </p>
   </div>
   <div class='ocr_carea' id='block_1_108' title="bbox 2248 4873 3791 4954">
    <p class='ocr_par' dir='ltr' id='par_1_108' title="bbox 2248 4873 3791 4954">
     <span class='ocr_line' id='line_1_108' title="bbox 2248 4873 3791 4954; baseline 0.008 -30"><span class='ocrx_word' id='word_1_719' title='bbox 2248 4891 2452 4935; x_wconf 73' lang='grc' dir='ltr'>σονται,</span> <span class='ocrx_word' id='word_1_720' title='bbox 2481 4873 2614 4924; x_wconf 82' lang='grc' dir='ltr'>ἀλλὰ</span> <span class='ocrx_word' id='word_1_721' title='bbox 2659 4873 2752 4926; x_wconf 76' lang='grc' dir='ltr'>καὶ</span> <span class='ocrx_word' id='word_1_722' title='bbox 2782 4876 3095 4943; x_wconf 84' lang='grc' dir='ltr'>καθαιρέσει</span> <span class='ocrx_word' id='word_1_723' title='bbox 3124 4878 3620 4950; x_wconf 75' lang='grc' dir='ltr'>ύποὸληθήσονται.</span> <span class='ocrx_word' id='word_1_724' title='bbox 3671 4888 3791 4954; x_wconf 77' lang='grc' dir='ltr'><strong>Φησ</strong></span> 
     </span>
    </p>
   </div>
   <div class='ocr_carea' id='block_1_109' title="bbox 2245 4963 3809 5040">
    <p class='ocr_par' dir='ltr' id='par_1_109' title="bbox 2245 4963 3809 5040">
     <span class='ocr_line' id='line_1_109' title="bbox 2245 4963 3809 5040; baseline 0.01 -27"><span class='ocrx_word' id='word_1_725' title='bbox 2245 4964 2349 5030; x_wconf 78' lang='grc' dir='ltr'>γὰρ</span> <span class='ocrx_word' id='word_1_726' title='bbox 2403 4964 2431 5013; x_wconf 89' lang='grc' dir='ltr'><strong>δ</strong></span> <span class='ocrx_word' id='word_1_727' title='bbox 2487 4963 2530 5032; x_wconf 86' lang='grc' dir='ltr'><strong>β’</strong></span> <span class='ocrx_word' id='word_1_728' title='bbox 2562 4963 2739 5016; x_wconf 81' lang='grc' dir='ltr'>κανὼν</span> <span class='ocrx_word' id='word_1_729' title='bbox 2771 4965 2865 5033; x_wconf 81' lang='grc' dir='ltr'><strong>τῆς</strong></span> <span class='ocrx_word' id='word_1_730' title='bbox 2917 4967 3074 5031; x_wconf 82' lang='grc' dir='ltr'>ἁγίας</span> <span class='ocrx_word' id='word_1_731' title='bbox 3115 4969 3209 5019; x_wconf 73' lang='grc' dir='ltr'>καὶ</span> <span class='ocrx_word' id='word_1_732' title='bbox 3243 4972 3631 5040; x_wconf 81' lang='grc' dir='ltr'>οἰκουμενικῆς</span> <span class='ocrx_word' id='word_1_733' title='bbox 3680 4994 3809 5030; x_wconf 87' lang='grc' dir='ltr'>συν-</span> 
     </span>
    </p>
   </div>
   <div class='ocr_carea' id='block_1_110' title="bbox 2242 5052 3810 5132">
    <p class='ocr_par' dir='ltr' id='par_1_110' title="bbox 2242 5052 3810 5132">
     <span class='ocr_line' id='line_1_110' title="bbox 2242 5052 3810 5132; baseline 0.011 -32"><span class='ocrx_word' id='word_1_734' title='bbox 2242 5052 2380 5112; x_wconf 69' lang='grc' dir='ltr'>όδου,</span> <span class='ocrx_word' id='word_1_735' title='bbox 2402 5052 2556 5113; x_wconf 78' lang='grc' dir='ltr'>Εῖτις</span> <span class='ocrx_word' id='word_1_736' title='bbox 2588 5053 2882 5115; x_wconf 71' lang='grc' dir='ltr'>ἐπίσκοπος</span> <span class='ocrx_word' id='word_1_737' title='bbox 2904 5057 2995 5106; x_wconf 72' lang='grc' dir='ltr'><strong>ἐπὶ</strong></span> <span class='ocrx_word' id='word_1_738' title='bbox 3023 5058 3261 5124; x_wconf 79' lang='grc' dir='ltr'>χρήμασι</span> <span class='ocrx_word' id='word_1_739' title='bbox 3286 5065 3621 5129; x_wconf 79' lang='grc' dir='ltr'>χειροτονίαν</span> <span class='ocrx_word' id='word_1_740' title='bbox 3655 5073 3810 5132; x_wconf 80' lang='grc' dir='ltr'>ποιή-</span> 
     </span>
    </p>
   </div>
   <div class='ocr_carea' id='block_1_111' title="bbox 2251 5141 3812 5221">
    <p class='ocr_par' dir='ltr' id='par_1_111' title="bbox 2251 5141 3812 5221">
     <span class='ocr_line' id='line_1_111' title="bbox 2251 5141 3812 5221; baseline 0.012 -32"><span class='ocrx_word' id='word_1_741' title='bbox 2251 5155 2352 5202; x_wconf 84' lang='grc' dir='ltr'>σει,</span> <span class='ocrx_word' id='word_1_742' title='bbox 2388 5141 2481 5191; x_wconf 77' lang='grc' dir='ltr'>καὶ</span> <span class='ocrx_word' id='word_1_743' title='bbox 2504 5142 2581 5202; x_wconf 83' lang='grc' dir='ltr'><strong>είς</strong></span> <span class='ocrx_word' id='word_1_744' title='bbox 2613 5142 2809 5208; x_wconf 86' lang='grc' dir='ltr'>πράσιν</span> <span class='ocrx_word' id='word_1_745' title='bbox 2843 5145 3068 5209; x_wconf 73' lang='grc' dir='ltr'>κατάγει</span> <span class='ocrx_word' id='word_1_746' title='bbox 3108 5147 3204 5215; x_wconf 84' lang='grc' dir='ltr'>τὴν</span> <span class='ocrx_word' id='word_1_747' title='bbox 3237 5147 3484 5218; x_wconf 78' lang='grc' dir='ltr'>ἄπρατον</span> <span class='ocrx_word' id='word_1_748' title='bbox 3511 5153 3695 5221; x_wconf 84' lang='grc' dir='ltr'>χάριν,</span> <span class='ocrx_word' id='word_1_749' title='bbox 3721 5162 3812 5207; x_wconf 76' lang='grc' dir='ltr'><strong>καί</strong></span> 
     </span>
    </p>
   </div>
   <div class='ocr_carea' id='block_1_112' title="bbox 2254 5230 3810 5308">
    <p class='ocr_par' dir='ltr' id='par_1_112' title="bbox 2254 5230 3810 5308">
     <span class='ocr_line' id='line_1_112' title="bbox 2254 5230 3810 5308; baseline 0.011 -31"><span class='ocrx_word' id='word_1_750' title='bbox 2254 5230 2606 5296; x_wconf 81' lang='grc' dir='ltr'>χειροτονήσει</span> <span class='ocrx_word' id='word_1_751' title='bbox 2638 5231 2726 5279; x_wconf 68' lang='grc' dir='ltr'><strong>ἐπὶ</strong></span> <span class='ocrx_word' id='word_1_752' title='bbox 2754 5232 3023 5298; x_wconf 76' lang='grc' dir='ltr'>χρήμασιν</span> <span class='ocrx_word' id='word_1_753' title='bbox 3054 5235 3372 5297; x_wconf 75' lang='grc' dir='ltr'>ἐπίσκοπον,</span> <span class='ocrx_word' id='word_1_754' title='bbox 3429 5241 3460 5307; x_wconf 79' lang='grc' dir='ltr'>ἦ</span> <span class='ocrx_word' id='word_1_755' title='bbox 3506 5243 3810 5308; x_wconf 74' lang='grc' dir='ltr'>πρεσϐύτε-</span> 
     </span>
    </p>
   </div>
   <div class='ocr_carea' id='block_1_113' title="bbox 2260 5316 3810 5394">
    <p class='ocr_par' dir='ltr' id='par_1_113' title="bbox 2260 5316 3810 5394">
     <span class='ocr_line' id='line_1_113' title="bbox 2260 5316 3810 5394; baseline 0.01 -28"><span class='ocrx_word' id='word_1_756' title='bbox 2260 5331 2367 5382; x_wconf 85' lang='grc' dir='ltr'>ρον,</span> <span class='ocrx_word' id='word_1_757' title='bbox 2396 5316 2426 5383; x_wconf 74' lang='grc' dir='ltr'>ἢ</span> <span class='ocrx_word' id='word_1_758' title='bbox 2460 5316 2722 5380; x_wconf 83' lang='grc' dir='ltr'>διάκονον,</span> <span class='ocrx_word' id='word_1_759' title='bbox 2743 5318 2775 5384; x_wconf 86' lang='grc' dir='ltr'><strong>ἢ</strong></span> <span class='ocrx_word' id='word_1_760' title='bbox 2803 5320 3231 5386; x_wconf 86' lang='grc' dir='ltr'>χωρεπίσκοπον,</span> <span class='ocrx_word' id='word_1_761' title='bbox 3260 5324 3291 5390; x_wconf 77' lang='grc' dir='ltr'>ἢ</span> <span class='ocrx_word' id='word_1_762' title='bbox 3329 5326 3516 5394; x_wconf 66' lang='grc' dir='ltr'>ἔτερόν</span> <span class='ocrx_word' id='word_1_763' title='bbox 3547 5345 3668 5381; x_wconf 88' lang='grc' dir='ltr'>τινα</span> <span class='ocrx_word' id='word_1_764' title='bbox 3702 5332 3810 5381; x_wconf 83' lang='grc' dir='ltr'>τῶν</span> 
     </span>
    </p>
   </div>
   <div class='ocr_carea' id='block_1_114' title="bbox 2260 5405 3808 5487">
    <p class='ocr_par' dir='ltr' id='par_1_114' title="bbox 2260 5405 3808 5487">
     <span class='ocr_line' id='line_1_114' title="bbox 2260 5405 3808 5487; baseline 0.012 -31"><span class='ocrx_word' id='word_1_765' title='bbox 2260 5409 2318 5456; x_wconf 76' lang='grc' dir='ltr'>ὲν</span> <span class='ocrx_word' id='word_1_766' title='bbox 2360 5405 2434 5473; x_wconf 83' lang='grc' dir='ltr'>τῷ</span> <span class='ocrx_word' id='word_1_767' title='bbox 2485 5406 2666 5475; x_wconf 81' lang='grc' dir='ltr'>κλήρῳ</span> <span class='ocrx_word' id='word_1_768' title='bbox 2715 5409 3232 5480; x_wconf 82' lang='grc' dir='ltr'>κατηριθμημένων,</span> <span class='ocrx_word' id='word_1_769' title='bbox 3277 5415 3309 5484; x_wconf 73' lang='grc' dir='ltr'><strong>ἢ</strong></span> <span class='ocrx_word' id='word_1_770' title='bbox 3360 5419 3688 5487; x_wconf 77' lang='grc' dir='ltr'>προϐάλοιτο</span> <span class='ocrx_word' id='word_1_771' title='bbox 3721 5426 3808 5474; x_wconf 63' lang='grc' dir='ltr'><strong>ἐπὶ</strong></span> 
     </span>
    </p>
   </div>
   <div class='ocr_carea' id='block_1_115' title="bbox 2260 5494 3806 5580">
    <p class='ocr_par' dir='ltr' id='par_1_115' title="bbox 2260 5494 3806 5580">
     <span class='ocr_line' id='line_1_115' title="bbox 2260 5494 3806 5580; baseline 0.008 -32"><span class='ocrx_word' id='word_1_772' title='bbox 2260 5497 2530 5563; x_wconf 86' lang='grc' dir='ltr'>χρήμασιν</span> <span class='ocrx_word' id='word_1_773' title='bbox 2560 5499 2856 5567; x_wconf 80' lang='grc' dir='ltr'>οίκονόμον,</span> <span class='ocrx_word' id='word_1_774' title='bbox 2880 5494 2921 5568; x_wconf 77' lang='grc' dir='ltr'><strong>’ἢ</strong></span> <span class='ocrx_word' id='word_1_775' title='bbox 2959 5501 3193 5566; x_wconf 74' lang='grc' dir='ltr'>ἔκδικον,</span> <span class='ocrx_word' id='word_1_776' title='bbox 3225 5505 3257 5572; x_wconf 84' lang='grc' dir='ltr'>ἢ</span> <span class='ocrx_word' id='word_1_777' title='bbox 3303 5511 3732 5578; x_wconf 78' lang='grc' dir='ltr'>προσμοναριον,</span> <span class='ocrx_word' id='word_1_778' title='bbox 3776 5514 3806 5580; x_wconf 67' lang='grc' dir='ltr'><strong>ἢ</strong></span> 
     </span>
    </p>
   </div>
   <div class='ocr_carea' id='block_1_116' title="bbox 1878 5603 2532 5664">
    <p class='ocr_par' dir='ltr' id='par_1_116' title="bbox 1878 5603 2532 5664">
     <span class='ocr_line' id='line_1_116' title="bbox 1878 5603 2532 5664; baseline 0.008 -5"><span class='ocrx_word' id='word_1_779' title='bbox 1878 5603 2104 5661; x_wconf 64' lang='lat' dir='ltr'><strong>VARUS</strong></span> <span class='ocrx_word' id='word_1_780' title='bbox 2135 5605 2532 5664; x_wconf 64' lang='lat' dir='ltr'><strong>LECTIONES.</strong></span> 
     </span>
    </p>
   </div>
   <div class='ocr_carea' id='block_1_117' title="bbox 687 5673 1044 5740">
    <p class='ocr_par' dir='ltr' id='par_1_117' title="bbox 687 5673 1044 5740">
     <span class='ocr_line' id='line_1_117' title="bbox 687 5673 1044 5740; baseline 0.003 -15"><span class='ocrx_word' id='word_1_781' title='bbox 687 5678 714 5708; x_wconf 78' lang='grc'><strong><em>³</em></strong></span> <span class='ocrx_word' id='word_1_782' title='bbox 736 5673 1044 5740; x_wconf 70' lang='lat' dir='ltr'><strong>sponsiones.</strong></span> 
     </span>
    </p>
   </div>
  </div>
