4004 6462
173 366 280 428 981

952 369 1342 431 I’tESPUNSA
1373 370 1474 429 AD
1508 371 2523 438 ιΝἰέιιιιυυΑτιοδεδλιιειιιρι.

3285 377 3391 439 982

180 499 364 559 ἄλλως
401 491 523 550 τινά
549 491 640 545 τοῦ
674 491 888 552 κανόνος
921 491 986 544 δι’
1023 490 1482 560 αἰσχροκέρδειαν,
1515 492 1544 543 ὁ
1575 489 1747 558 τούτῳ

1853 491 1928 547 vel
1982 494 2203 546 omnino
2261 495 2493 562 aliquem
2547 510 2607 549 ex
2655 509 2880 561 canone,
2928 498 3099 568 turpis
3151 514 3387 571 quastus

180 587 566 656 ἐπιχειρήσας,
601 582 871 650 ἐλεγχθεὶς
903 581 1256 634 κινδυνευέτω
1287 581 1412 650 περὶ
1438 582 1527 633 τὸν
1554 580 1749 656 οίκεῐον

183 654 415 746 βαθμὸν.
469 676 577 730 Καὶ
611 678 637 726 ὁ
673 672 1163 742 χειροτονούμενος,
1205 672 1371 741 μηδὲν
1413 672 1476 721 ἐκ
1502 671 1601 736 τῆς
1629 654 1749 720 κατ’

185 767 463 832 ἐμπορίαν
492 761 807 828 ὠφελείσθω
832 761 1212 829 χειροτονείας,
1238 761 1269 831 ἢ
1304 759 1570 827 προϐολῆς
1591 775 1604 788 ·
1632 755 1746 810 ἀλλ’

181 859 326 907 ἔστω
372 853 649 921 ἀλλότριος
675 853 770 919 τῆς
801 851 956 914 ἀξίας
1006 851 1038 919 ἢ
1070 850 1164 903 τοῦ
1205 851 1630 919 φροντίσματος,
1659 845 1747 903 οὖ-

183 964 250 997 πε
262 964 294 1014 ρ
323 948 412 996 ἐπὶ
441 947 713 1012 χρήμασιν
736 943 935 1010 ἔτυχεν.
964 941 1096 994 Εἱδὲ
1122 958 1202 1003 τις
1233 941 1530 1009 μεσιτεύων
1553 940 1744 1012 φανείη

181 1039 294 1096 τῖς
328 1034 500 1095 οὕτως
552 1034 795 1102 αἰσχροῖς
858 1034 950 1085 καὶ
997 1031 1272 1100 ἀθεμίτοις
1323 1032 1593 1100 λήμμασι,
1650 1031 1746 1084 καὶ

180 1118 364 1184 οὗτος,
423 1126 474 1176 εί
528 1123 624 1190 μὲν
662 1121 918 1189 κληρικδς
946 1123 1054 1186 εἴη,
1090 1121 1182 1173 τοῦ
1211 1120 1410 1174 οίκείου
1438 1121 1745 1178 ὲκπιπτέτω

184 1214 400 1283 βαθμοῦ
430 1234 441 1244 ·
479 1218 527 1266 εἰ
557 1215 613 1266 δὲ
645 1214 830 1277 λαῖκδς
863 1215 892 1280 ἦ
932 1217 1025 1266 καὶ
1058 1213 1322 1280 μονάζων,
1358 1213 1746 1282 ἀναθεματιζέ-

184 1306 320 1356 σθω.
382 1304 491 1356 Καὶ
536 1304 561 1354 ό
595 1303 678 1370 κγ’
712 1303 887 1355 κανὼν
935 1303 1033 1368 τῆς
1070 1304 1126 1353 ὲν
1152 1302 1230 1371 τῷ
1255 1301 1504 1370 Τρού).λῳ
1525 1301 1618 1354 τοῦ
1651 1319 1744 1369 με-

182 1397 355 1460 γάλου
416 1396 676 1448 παλατίου
722 1397 993 1464 συστάσης
1039 1395 1197 1462 άγίας
1235 1395 1326 1446 καὶ
1367 1396 1744 1462 οίκουμενικῆς

185 1488 408 1539 συνόδου
442 1487 611 1538 ταῦτα
634 1486 851 1550 διέξεισι
886 1487 1013 1556 περὶ
1057 1486 1149 1539 τοῦ
1179 1486 1404 1553 Μηδένα
1427 1487 1739 1548 ἐπίσκοπον,

182 1577 295 1630 εἴτε
333 1577 723 1648 πρεσϐύτερον,
779 1578 889 1628 εἴτε
927 1577 1189 1640 διάκονον,
1220 1577 1315 1645 τῆς
1346 1577 1610 1646 άχράντου
1647 1591 1743 1643 με·

181 1667 464 1718 ταδιδόντα
497 1668 794 1729 κοινωνίας,
828 1668 975 1735 παρὰ
1005 1666 1096 1718 τοῦ
1120 1666 1433 1735 μετέχοντος
1486 1665 1743 1736 εἰσπράτ-

181 1774 317 1817 τειν,
381 1760 476 1824 τῆς
516 1758 764 1826 τοιαύτης
825 1756 1172 1826 μεταλήψεως
1213 1757 1390 1825 χάριν,
1455 1755 1660 1818 ὀϐολὸν,
1706 1755 1737 1824 ἢ

184 1842 329 1908 εἶδος
361 1845 421 1897 τὺ
449 1844 670 1897 οίονοῦν.
723 1844 855 1896 υὺδὲ
890 1845 994 1912 γάρ
1037 1845 1358 1914 πεπραμένη
1399 1843 1544 1897 ἐστὶν
1576 1845 1606 1912 ἡ
1640 1843 1738 1910 χά-

188 1953 295 2003 ρις,
329 1935 451 1987 οὐδὲ
483 1936 724 2003 χρήμασι
751 1936 841 1986 τὸν
880 1934 1146 2002 άγιασμὸν
1169 1935 1261 1986 τοῦ
1294 1933 1597 2003 πνεύματος
1651 1950 1744 2002 μευ

186 2025 524 2091 ταδιδόαμεν,
587 2025 720 2076 ἀλλὰ
773 2025 880 2084 τοῖς
919 2023 1087 2085 ἀξίοις
1131 2021 1224 2076 τοῦ
1270 2023 1438 2092 δώρου
1471 2025 1740 2092 άπανουρ-

185 2116 394 2181 γεύτως
429 2115 766 2182 μεταδοτέον.
799 2117 858 2167 Εἰ
889 2117 943 2168 δὲ
975 2119 1163 2183 φανείη
1190 2132 1272 2177 τις
1301 2117 1408 2167 τῶν
1433 2116 1488 2167 ὲν
1511 2115 1586 2184 τῷ
1616 2115 1746 2184 κλή.

187 2223 266 2274 ρῳ
331 2206 762 2272 κατειλεγμένων
833 2206 1082 2258 ἀπαιτῶν
1149 2198 1192 2272 ᾧ
1263 2207 1579 2274 μεταδίδωσι
1642 2206 1742 2274 τῆς

184 2296 457 2364 ἀκράντου
493 2296 769 2356 κοινωνίας
820 2296 879 2346 τὸ
912 2296 1114 2348 οίονοῦν
1162 2293 1321 2360 είδος,
1353 2297 1739 2365 καθαιρείσθω,

185 2387 262 2447 ὡς
301 2386 398 2452 τῆς
432 2384 524 2436 τοῦ
560 2385 794 2452 Σίμωνος
836 2385 1080 2454 ζηλωτὴς
1124 2387 1328 2457 πλάνης
1363 2389 1470 2440 καὶ.
1508 2405 1744 2456 κακουρ-

187 2476 334 2541 γίας.

270 2564 588 2630 Ἐρώτησις
639 2563 744 2617 νϐ’.
799 2565 862 2617 OE
895 2567 1012 2618 κατ’
1061 2567 1352 2632 ἐπίγνωσιν
1395 2567 1569 2636 ἀληθῆ
1607 2571 1739 2636 πρὸς

183 2655 284 2722 τὴν
333 2656 608 2722 όρθόδοξον
646 2655 820 2707 πίστι)
854 2657 1157 2724 ἐρχόμενοι,
1207 2657 1557 2725 Νεστοριανοὶ
1589 2657 1742 2726 δηλο-

183 2745 323 2804 νότι,
370 2745 660 2812 ⁹Λρμένιοι.
705 2745 1028 2806 Ἰακωϐῐται,
1062 2746 1150 2797 καὶ
1185 2747 1357 2813 ἕτεροι
1399 2747 1737 2811 αἱρεσιῶται,

184 2834 275 2885 διὰ
313 2834 475 2900 μόνου
507 2836 596 2886 τοῦ
627 2836 779 2900 ἁγίου
817 2835 987 2903 μύρου
1008 2836 1279 2904 ὀφείλουσι
1319 2837 1671 2900 τελειοῦσθαι,
1706 2839 1737 2908 ἢ

186 2925 286 2976 καὶ
312 2923 400 2975 διά
433 2923 577 2976 θείου
608 2926 976 2994 βαπτίσματος
1000 2943 1013 2989 ;

274 3019 404 3074 Ἀπ’.
445 3017 502 3069 ὐ
529 3016 608 3082 As'
634 3019 812 3070 κανὼν
842 3019 938 3086 τῆς
985 3021 1040 3070 ἐν
1087 3017 1162 3088 τῷ
1202 3020 1454 3088 Τρούλῖῳ
1500 3022 1737 3083 συνόδου,

1851 582 2043 649 gratia,
2097 585 2188 652 qui
2237 585 2339 638 hoc
2381 595 2616 642 tentasse
2651 590 2932 644 convictus
2967 588 3147 652 fuerit,
3173 592 3238 645 de
3269 607 3392 659 prn-

1849 670 1966 737 prio
2002 671 2170 739 gradu
2202 674 2264 725 in
2286 673 2584 742 periculum
2616 676 2791 730 veniat
2815 685 2916 740 δἐι
2944 678 3036 748 qui
3071 687 3150 732 est
3174 679 3390 733 ordina-

1850 769 1972 823 tus,
2013 776 2079 815 ex
2126 761 2468 817 ordinatione
2506 763 2590 818 vel
2643 767 3014 833 promntioue,
3056 784 3177 837 quae
3221 773 3390 824 instar

1849 860 2211 906 mercatonum
2262 851 2624 918 venundatur,
2662 853 2795 907 nihil
2824 854 3062 923 juvetur,
3119 858 3215 913 sed
3257 860 3328 915 sit
3361 875 3389 914 a

1850 941 2113 1014 dignitate
2171 941 2252 996 vel
2311 942 2596 997 curatione
2641 944 2852 998 alienus
2879 984 2892 1009 ,
2940 961 3102 1016 quam
3145 952 3390 1019 pecuniis

1847 1032 2077 1100 adeptus
2123 1040 2227 1087 est.
2257 1034 2314 1088 Si
2349 1035 2471 1103 quis
2505 1043 2684 1089 autem
2713 1027 3012 1102 sequester
3043 1049 3092 1094 et
3132 1041 3392 1097 interces-

1845 1137 1938 1178 sor
1991 1125 2126 1178 adeo
2172 1125 2421 1193 turpibus
2467 1134 2521 1180 et
2569 1127 2791 1181 nefariis
2842 1127 3009 1183 lucris
3055 1131 3391 1198 apparuerit,

1845 1211 1932 1265 hic
1982 1227 2216 1280 quoque,
2249 1214 2294 1266 si
2331 1213 2402 1266 sit
2439 1213 2658 1281 quidem
2691 1217 2942 1280 clericus,
2977 1218 3194 1286 preprio
3223 1219 3390 1287 gradu

1842 1302 2093 1367 excidat;
2129 1303 2170 1357 si
2211 1307 2282 1358 sit
2333 1311 2512 1358 autem
2557 1305 2751 1370 laicus,
2788 1309 2868 1362 vel
2914 1308 3232 1374 monachus,
3266 1323 3393 1361 ana-

1845 1391 2250 1445 thematizetur.
2286 1391 2352 1444 Et
2399 1392 2468 1446 23
2510 1407 2683 1446 canon
2725 1406 2925 1448 sancta:
2957 1406 3011 1450 et
3049 1396 3392 1450 mcumenica:

1841 1481 2030 1551 synodi
2071 1481 2122 1534 in
2158 1481 2345 1535 Trullo
2386 1483 2563 1552 magni
2609 1484 2788 1552 palatii
2823 1496 3024 1543 coacta:
3068 1485 3180 1540 haec
3212 1501 3392 1554 persc-

1842 1573 2031 1638 quitur
2060 1588 2073 1626 :
2107 1569 2172 1625 Ut
2209 1572 2414 1636 nullus,
2453 1573 2568 1628 sive
2607 1574 2914 1643 episcopus,
2945 1578 3058 1631 sive
3085 1576 3388 1645 presbyter,

1843 1663 1955 1717 sive
2005 1662 2288 1726 diaconus,
2319 1663 2715 1718 immaculatam
2765 1667 3006 1735 praebens
3050 1667 3388 1721 communioc

1843 1769 1988 1817 nem,
2021 1754 2088 1808 ab
2130 1769 2216 1816 eo,
2253 1755 2343 1823 qui
2379 1756 2760 1820 communicat,
2796 1757 2914 1825 ejus
2964 1758 3390 1825 participationis

1845 1845 2039 1914 gratia,
2068 1846 2280 1910 obolos,
2312 1847 2390 1900 vel
2433 1849 2681 1914 quamvis
2724 1848 2883 1900 aliam
2927 1849 3160 1916 speciem
3189 1849 3387 1918 exigat.

1844 1933 1962 1988 Non
1997 1944 2081 1988 est
2115 1936 2258 1989 enim
2292 1936 2496 1991 venalis
2525 1936 2718 2006 gratia,
2758 1951 2854 1992 nec
2881 1953 2978 2006 pro
3002 1939 3246 2006 pecuniis
3276 1941 3388 2007 spi-

1843 2025 1983 2080 ritus
2023 2025 2508 2082 sanctiﬁcationem
2544 2027 2880 2096 impertimur
2912 2047 2925 2084 :
2958 2029 3153 2091 sedes
3180 2031 3266 2094 iis,
3296 2033 3390 2100 qui

1840 2115 1990 2185 digni
2033 2125 2178 2178 sunt,
2214 2118 2418 2186 absque
2445 2118 2554 2172 ulla
2589 2127 2672 2172 est
2718 2119 3015 2178 calliditate
3035 2125 3392 2176 “communi-

1841 2206 2035 2258 cauda.
2077 2205 2130 2260 Si
2161 2206 2283 2275 quis
2312 2217 2488 2261 autem
2521 2224 2728 2272 eorum,
2761 2211 2852 2280 qui
2900 2219 3026 2264 sunt
3056 2213 3108 2265 in
3141 2213 3266 2266 cleri
3299 2227 3388 2266 ca-

1843 2296 2042 2363 talogo,
2072 2295 2139 2348 ab
2182 2311 2266 2358 eo,
2301 2297 2386 2350 cui
2436 2297 2833 2351 immaculatum
2873 2300 3111 2368 impertit
3147 2315 3396 2355 commu-

1843 2385 2081 2446 nionem,
2108 2386 2272 2439 ullam
2301 2387 2535 2455 speciem
2571 2389 2787 2456 exigere
2815 2389 2964 2444 visus
2999 2389 3188 2456 fuerit,
3221 2391 3386 2460 depo»

1843 2484 2026 2536 natur,
2050 2484 2105 2528 ut
2132 2475 2422 2530 Simoniaci
2448 2479 2649 2534 erroris
2672 2490 2725 2533 et
2750 2480 2992 2534 maleﬁcii
3021 2485 3319 2535 aemulator.

1913 2564 2078 2619 Inter.
2131 2566 2219 2622 29.
2277 2565 2378 2631 Qui
2439 2583 2533 2636 per
2592 2583 2767 2621 veram
2807 2571 3161 2638 cognitionem
3193 2571 3256 2624 ad
3301 2586 3390 2624 or-

1843 2656 2062 2709 thoxam
2131 2655 2290 2711 (idem
2353 2657 2660 2720 accedunt,
2717 2656 3044 2712 Nestioriani
3093 2658 3383 2721 videlicet,

1844 2747 2105 2810 Armenii,
2137 2745 2413 2811 Jacobitre,
2457 2754 2509 2800 et
2541 2747 2628 2798 alii
2659 2747 2918 2808 haeretici,
2947 2762 3014 2801 an
3048 2748 3165 2802 solo
3198 2755 3386 2801 sancto

1843 2845 2121 2906 unguento
2171 2836 2401 2890 debeant
2448 2835 2676 2900 initiari,
2722 2850 2789 2888 an
2831 2850 2956 2890 vero
2996 2836 3157 2890 etiam
3206 2836 3386 2890 divino

1841 2926 2093 2980 lavacro?

1915 3015 2064 3086 Resp.
2106 3016 2292 3071 Canon
2334 3014 2402 3070 95
2444 3015 2636 3086 synodi
2662 3015 2715 3069 in
2748 3015 2933 3070 Trullo
2975 3026 3195 3072 secutus
3235 3016 3264 3068 7
3299 3032 3385 3071 ca-

184 3108 556 3177 ἀκολουθήσας
589 3108 663 3176 τῷ
693 3107 734 3171 ζ’
770 3112 952 3160 κανόνι
986 3110 1082 3177 τῆς
1127 3110 1286 3175 ἁγίας
1317 3111 1408 3162 καὶ
1435 3112 1740 3178 οίκουμενι-

1843 3123 2036 3161 nonem
2083 3116 2284 3161 sanctas
2328 3115 2381 3163 et
2426 3107 2777 3161 mcumenica:
2819 3107 2854 3160 2
2897 3107 3120 3176 synodi,
3159 3109 3274 3161 haec
3317 3107 3383 3160 ad

186 3199 292 3266 κῆς
321 3199 365 3267 β’
395 3199 626 3258 συνόδου,
660 3197 779 3252 τάδε
825 3198 964 3251 κατὰ
996 3199 1144 3270 ῥῆμα
1175 3199 1526 3268 διαλαμϐάνει
1550 3217 1561 3229 ·
1603 3201 1740 3264 Τοὺς

188 3289 641 3359 προστιθεμένους
663 3292 725 3359 τῇ
751 3289 1023 3357 ὀρθοδοξίςι
1049 3293 1140 3342 καὶ
1164 3294 1227 3359 τῇ
1259 3292 1431 3360 μερίδι
1449 3292 1552 3342 τῶν
1581 3293 1740 3354 σωζο-

192 3379 371 3450 μένων
393 3380 499 3431 ἀπὸ
522 3379 828 3447 αἱρετικῶν,
854 3379 1115 3448 δεχόμεθα
1153 3381 1290 3432 κατὰ
1312 3380 1406 3448 τὴν
1428 3382 1529 3433 ὑπο
1544 3397 1739 3446 τεταγο

191 3467 361 3538 μένην
389 3469 700 3520 ἀκολουθίαν
740 3486 794 3519 τε
835 3470 927 3519 καὶ
957 3470 1259 3539 συνήθειαν,
1299 3471 1607 3538 ’Δρειανοὺς
1641 3473 1738 3539 μὲν

188 3562 283 3612 καὶ
315 3559 737 3618 Μακεδονιανοὺς
767 3562 860 3610 καὶ⁵
895 3557 1294 3623 Νασατιανοὺς,
1326 3561 1452 3624 τοὺς
1488 3561 1736 3628 λέγοντας

187 3649 418 3711 ἑαυτοὺς
451 3649 741 3717 καθαροὺς,
771 3648 862 3699 καὶ
899 3650 1236 3718 ἀριστεροὺς,
1274 3651 1364 3702 καὶ
1390 3651 1508 3712 τοὺς
1545 3667 1738 3705 τεσσα-

191 3738 685 3808 ρεσκαιδεκατίτας,
711 3738 826 3806 ἦτοι
851 3738 1182 3806 τετραδίτας,
1213 3737 1375 3806 ῆγουν
1406 3740 1426 3769 ¹
1457 3739 1739 3793 ’Λπολιναο

192 3832 440 3899 ριαστάς,
468 3829 728 3898 δεχόμεθα
749 3829 984 3890 διδόντας
1011 3829 1306 3894 λιΰέλλους,
1352 3831 1444 3883 καὶ
1474 3830 1740 3899 ἀναθεμα-

187 3920 434 3982 τίζοντας
469 3921 647 3971 πᾶσαν
677 3920 886 3990 αἵρεσιν
915 3920 988 3989 μὴ
1024 3921 1325 3990 φρονοῦσαν
1371 3927 1446 3985 ὼς
1473 3925 1658 3991 φρονεῖ
1701 3924 1734 3992 ή

192 4008 322 4075 άγία
347 4007 438 4060 τοῦ
468 4008 600 4060 Θεοῦ
627 4009 888 4078 καθολικὴ
914 4012 1007 4061 καὶ
1040 4011 1369 4081 άποστρλικὴ
1404 4011 1696 4080 Ἐκκλησία
1717 4025 1734 4040 '

191 4098 658 4166 σφραγιζομένους
700 4101 817 4168 ἦτοι
869 4101 1190 4169 χριομένους
1241 4102 1454 4170 πρῶτον
1496 4100 1573 4164 τῷ
1596 4101 1736 4170 άγίῳ

193 4186 349 4255 μύρῳ
379 4187 460 4250 τό,
491 4203 549 4237 τε
583 4187 826 4255 μέτωπον
857 4189 950 4240 καὶ
979 4191 1102 4251 τοὺς
1125 4189 1454 4258 ὀφθαλμοὺς,
1505 4191 1601 4244 καὶ
1634 4191 1736 4253 τὰς

192 4277 364 4343 ῥίνας,
397 4273 576 4326 καὶτὸ
609 4276 800 4342 στόμα,
830 4277 922 4328 καὶ
944 4275 1014 4327 τά
1050 4272 1184 4339 ὦτα.
1217 4278 1326 4329 Καὶ
1351 4277 1735 4346 σφραγίζοντες

188 4362 403 4425 αὐτοὺς,
430 4362 682 4431 λέγομεν,
709 4365 946 4433 Σφραγὶς
973 4365 1176 4435 δωρεᾶς
1217 4365 1523 4435 πνεύματος
1549 4368 1729 4434 άγίου.

189 4449 323 4519 Περὶ
384 4450 441 4502 δὲ
493 4451 600 4502 τῶν
657 4455 1137 4517 παυλιανισάντων,
1171 4451 1287 4508 εἶτα
1317 4457 1734 4524 προσφυγόντων

187 4543 253 4610 τῇ
288 4540 544 4611 καθολικῇ
593 4541 908 4611 Ἐκκλησία,
940 4545 1062 4613 ὅρος
1089 4545 1410 4612 ἐπιτέθειται,
1435 4547 1740 4602 άναϐαπτίο

190 4627 374 4692 ζεσθαι
406 4628 603 4690 αὐτοὺς
634 4628 693 4691 ἐξ
722 4628 978 4691 άπαντος.
1005 4631 1368 4700 Εὑνομιανοὺς
1399 4635 1578 4702 μέντοι
1609 4637 1737 4698 τοὺς

191 4719 267 4780 είς
294 4719 423 4784 μίαν
451 4720 744 4772 κατάδυσιν
769 4718 1219 4788 βαπτιζομένους,
1249 4722 1343 4775 καὶ
1365 4723 1736 4788 Μοντανιστάς

189 4805 311 4867 τοὺς
345 4804 579 4857 έκταῦθα
602 4805 924 4875 λεγομένους
946 4807 1182 4877 Φρύγας,
1209 4811 1302 4862 καὶ
1329 4810 1734 4877 Σαϐελλιανοὺς,

189 4900 311 4961 τοὺς
355 4899 700 4969 υίοπατορίαν
744 4899 1065 4964 δοξάζοντας
1088 4943 1104 4968 ,
1163 4903 1256 4954 καὶ
1294 4903 1456 4974 ιτερά
1485 4921 1608 4958 τινα
1633 4922 1733 4974 χα-

190 4986 326 5039 λεπά
374 4988 655 5050 ποιοῦντας
683 5003 698 5018 ⁸
754 4990 848 5042 καὶ
906 4987 1084 5053 πάσας
1130 4992 1247 5060 τάςΙ
1275 4991 1440 5055 άλλας
1474 4994 1732 5063 αἱρέσεις,

191 5076 378 5145 ἐπειδὴ
432 5075 613 5129 πολλοί
665 5078 800 5130 εἰσιν
843 5078 1094 5144 ἐνταῦθα,
1153 5081 1384 5149 μάλιστα
1424 5085 1602 5136 οίάπδ
1638 5087 1736 5152 τῆς

189 5164 443 5217 Γαλατῶν
479 5165 660 5235 χώρας
687 5167 1018 5238 ὁρμώμενοι,
1048 5170 1254 5233 πάντας
1282 5172 1408 5234 τοὺς
1430 5173 1524 5226 ἀπ’
1557 5173 1731 5226 αὐτῶν

192 5255 439 5316 θέλοντας
468 5256 849 5324 προστίθεσθαι
879 5260 946 5328 τῇ
993 5257 1300 5331 όρθοδοξίᾳ,
1353 5261 1426 5322 ὼς
1471 5262 1732 5332 Ἕλληνας

1844 3197 2063 3251 verbum
2091 3195 2470 3265 complectitur
2502 3213 2516 3250 :
2555 3196 2679 3258 Eos,
2715 3198 2808 3266 qui
2841 3203 2999 3251 rectae
3030 3197 3094 3251 de
3131 3197 3231 3252 ﬁde
3258 3213 3384 3251 sen-

1842 3289 2022 3344 tentia:
2048 3289 2333 3352 accedunt,
2363 3294 2418 3343 et
2463 3288 2601 3358 parti
2645 3302 2852 3352 eorum,
2877 3291 2970 3358 qui
3011 3304 3074 3342 ex
3120 3289 3385 3343 haereticis

1841 3389 2147 3443 servantur,
2171 3379 2324 3450 juxta
2367 3380 2667 3448 subjectam
2709 3381 3150 3448 consequentiam
3175 3390 3228 3432 et
3255 3377 3385 3432 con:

1839 3471 2181 3526 suetudinem
2222 3470 2565 3540 recipientes;
2595 3469 2823 3522 Arianos
2853 3468 3093 3537 quidem,
3124 3476 3180 3522 et
3201 3467 3375 3523 Mace-

1839 3561 2124 3624 donianos,
2167 3567 2223 3614 et
2254 3559 2604 3624 Novatianos,
2639 3558 2734 3628 qui
2778 3572 2834 3612 se
2877 3559 3144 3627 anticipata;
3185 3557 3261 3630 [id
3301 3564 3384 3618 est

1841 3648 2031 3721 puros]
2069 3649 2361 3719 appellant,
2389 3657 2443 3702 et
2480 3659 2719 3704 tesssres
2747 3648 3009 3703 decatitas
3039 3663 3135 3705 seu
3161 3650 3382 3703 tetradio

1839 3740 1998 3803 ditas,
2019 3747 2074 3794 et
2097 3737 2530 3807 Apollinaristas,
2550 3737 2842 3807 recipimus
2867 3737 3057 3792 dantes
3081 3739 3307 3801 libellos,
3329 3747 3383 3795 et

1837 3842 2051 3883 omnem
2085 3825 2330 3881 haeresim
2356 3824 2891 3888 anathematizantes,
2916 3839 3033 3892 quae
3062 3839 3165 3878 non
3191 3826 3382 3888 sentit,

1837 3928 1898 3974 ut
1918 3917 2286 3973 sentitsancta
2319 3914 2413 3969 Dei
2444 3913 2769 3968 universalis
2794 3921 2848 3968 et
2868 3913 3164 3980 apostolica
3195 3910 3379 3966 Eccle-

1836 4010 2157 4064 siazsancto
2185 4006 2416 4075 prlmum
2442 4004 2733 4060 chrismate
2753 4010 2807 4058 et
2827 4003 3078 4068 frontem,
3095 4013 3147 4058 et
3173 4005 3383 4057 oculos-

1834 4108 1890 4157 et
1925 4114 2108 4163 nares,
2149 4105 2203 4153 et
2245 4111 2328 4159 os,
2360 4104 2414 4150 et
2478 4109 2639 4149 aures
2697 4095 3088 4164 imprimentes,
3122 4093 3380 4147 dii-imus:

1839 4188 2195 4258 Signaculum
2229 4185 2355 4240 doni
2384 4184 2618 4254 Spiritus
2643 4182 2839 4238 sancti.
2875 4183 3034 4252 De;iis
3066 4189 3265 4245 autem,
3288 4182 3381 4249 qui

1833 4281 2083 4337 Pauliani
2116 4289 2321 4335 sectam
2353 4275 2528 4332 secuti
2559 4281 2710 4338 sunt,
2736 4273 2930 4328 deinde
2962 4273 3026 4326 ad
3060 4273 3388 4326 catholicam

1835 4373 2132 4430 Ecclesiam
2166 4369 2548 4438 confugerunt,
2587 4375 2844 4422 statutum
2875 4371 2958 4419 est
3007 4371 3065 4418 ut
3094 4364 3129 4418 ii
3161 4364 3383 4418 omnino

1836 4463 2258 4532 rebaptizentur.
2303 4457 2670 4512 Eunomianos
2718 4467 2953 4523 quoque,
2987 4452 3078 4520 qui
3122 4452 3175 4504 in
3220 4465 3380 4504 unam

1835 4551 2232 4607 demersionem
2289 4547 2584 4616 baptizant,
2627 4553 2681 4600 et
2727 4545 3112 4606 Montanistas,
3153 4542 3245 4610 qui
3296 4541 3384 4593 hic

1834 4640 2094 4694 dicuntur
2129 4636 2391 4706 Phryges,
2415 4644 2469 4688 et
2501 4633 2858 4697 Sabellianos,
2892 4632 2983 4701 qui
3011 4628 3206 4685 Filium
3240 4630 3379 4684 idem

1835 4743 1958 4784 esse
1990 4740 2117 4783 cum
2148 4726 2307 4780 Patre
2347 4725 2684 4787 existimant,
2712 4731 2766 4777 et
2790 4723 2894 4776 alia
2926 4721 3168 4790 quadam
3198 4720 3382 4789 gravia

1834 4816 2075 4876 faciunt,
2120 4822 2173 4868 et
2211 4827 2399 4868 omnes
2443 4811 2580 4867 alias
2627 4811 2890 4875 hereses,
2927 4810 3180 4879 quoniam
3229 4807 3382 4862 multi

1835 4905 1924 4959 hic
1980 4913 2142 4967 sunt,
2193 4909 2248 4956 et
2286 4903 2519 4954 maxime
2567 4901 2658 4968 qui
2703 4913 2770 4955 ex
2815 4897 3120 4953 Galatarum
3163 4901 3382 4967 regione

1834 4992 2060 5062 profecti
2090 5001 2217 5045 sunt
2251 5009 2264 5043 :
2299 5004 2487 5043 omnes
2517 5004 2582 5043 ex
2607 4989 2696 5051 iis,
2727 4989 2819 5058 qui
2851 4989 2916 5042 ad
2948 4997 3150 5042 rectam
3182 4987 3250 5041 de
3278 4989 3382 5041 lide

1835 5081 2155 5136 sententiam
2179 5080 2366 5132 volun:
2396 5079 2678 5140 accedere,
2705 5077 2993 5145 recipimus
3016 5085 3074 5129 ut
3097 5075 3312 5130 Graecos
3326 5086 3374 5128 ν.

1835 5170 1900 5225 Et
1949 5170 2130 5240 primo
2159 5169 2378 5239 quidem
2424 5167 2549 5232 die,
2600 5183 2696 5223 eos
2740 5166 3077 5222 Christianos
3114 5166 3374 5230 facimus,

1835 5261 2073 5316 secundo
2106 5268 2304 5321 autem,
2339 5259 2782 5322 catechumenos,
2818 5258 3010 5312 deinde
3071 5257 3248 5320 tertio,
3279 5256 3371 5310 ad-

191 5343 448 5411 δεχόμεθα
475 5359 491 5374 ·
530 5346 624 5397 καὶ
647 5345 744 5415 τὴν
771 5345 992 5417 πρώτην
1025 5346 1234 5416 ἡμέραν
1263 5348 1520 5418 ποιοῦμεν
1538 5351 1736 5414 αὐτοὺς

1840 5350 2098 5418 iuramus,
2128 5348 2289 5403 simul
2315 5349 2473 5403 etiam
2502 5357 2584 5401 ter
2618 5347 2672 5400 iu
2705 5347 2894 5402 {aciem
2934 5356 2987 5401 et
3012 5359 3170 5401 aures
3200 5345 3372 5414 inspi-

193 5435 562 5504 Χριστιανοὺς,
599 5437 690 5488 καὶ
715 5436 814 5506 τὴν
834 5437 1088 5505 δευτέραν
1111 5440 1568 5510 κατηχουμένους,
1609 5435 1728 5494 εἶτα

1840 5447 2014 5493 rantes
2050 5455 2063 5491 :
2097 5445 2150 5492 et
2182 5437 2260 5492 sic
2289 5435 2587 5502 initiamus,
2616 5443 2671 5491 et
2698 5435 2789 5490 diu
2820 5437 2875 5490 in
2904 5434 3132 5492 ecclesia
3170 5433 3370 5490 versari

1421 5612 1653 5671 VARM‘Z
1681 5613 2077 5672 LECTIONES.

257 5714 282 5740 ο
308 5704 514 5772 fraude.
595 5714 620 5753 Ρ
659 5719 906 5772 paganos.
