4004 6458
552 348 656 413 983

1806 345 2076 410 THEUD.
2125 345 2592 406 BALSAMUNiS

3700 351 3799 413 93$

559 487 611 529 et
648 474 957 543 Scriptura:
1012 471 1199 526 audire
1240 471 1489 536 fat-imus,
1518 481 1571 528 et
1602 481 1733 526 tunc
1765 472 1914 541 ipsos
1946 472 2121 539 bapti-

2229 476 2317 526 καὶ
2360 473 2455 542 τὴν
2511 474 2701 543 τρίτην
2732 473 3213 543 ἐξορκιζομένους,
3245 474 3385 543 μετὰ
3418 474 3515 526 τοῦ
3549 477 3799 545 ἑμφυσᾷν

559 579 769 620 lamus.
818 562 1124 628 Quinetiam
1186 561 1534 627 Manichaeos,
1591 570 1643 615 ct
1692 561 2122 625 Valentinianos,

559 667 613 710 et
660 654 1059 711 Marcionistas.
1089 661 1142 706 et
1170 652 1373 706 similes
1419 653 1726 707 hareticos.
1773 651 2125 705 Nestorianus

560 754 739 798 autem
785 751 1004 812 oportet
1056 742 1268 794 libellos
1321 743 1518 805 facere,
1571 751 1624 795 et
1676 742 1920 795 heresim
1971 755 2122 792 suam

558 834 1065 895 anathematizare,
1112 844 1165 886 et
1204 832 1509 886 Nestorium
1539 874 1551 895 ,
1599 841 1647 885 et
1700 832 2013 901 Eutychen,
2072 839 2126 882 et

559 923 902 986 Dioscorum,
930 933 983 977 et
1031 924 1314 984 Severum,
1344 932 1395 975 ct
1444 924 1680 989 reliquos
1720 922 1907 975 talium
1955 922 2123 972 hatre-

556 1029 685 1069 seon
720 1015 1016 1083 principes,
1048 1023 1099 1068 et
1128 1015 1219 1081 qui
1253 1018 1460 1077 eadem,
1494 1017 1615 1082 qua’:
1647 1015 1747 1073 illi,
1774 1014 2037 1071 sentiunt,
2072 1020 2127 1063 et

555 1118 746 1158 omnes
798 1104 1091 1172 praedictas
1170 1104 1403 1157 haereses
1437 1143 1451 1166 ,
1500 1112 1552 1156 et
1610 1106 1689 1157 sic
1744 1118 1862 1156 esse
1918 1102 2119 1158 Sanctae

554 1194 959 1248 t-oinmunionis
993 1195 1306 1260 participes.
1336 1193 1524 1263 Itaque
1566 1194 1718 1261 juxta
1752 1195 1977 1247 canonis
2021 1195 2123 1247 hu-

550 1282 641 1346 jus
678 1292 920 1335 tenorem
956 1283 1045 1335 alii
1078 1269 1293 1352 quidem
1346 1283 1582 1336 hatretici
1633 1283 1849 1335 lavacro
1878 1284 2122 1337 sanctiﬁ-

2225 566 2402 635 τρίτον
2432 566 2509 625 είς
2535 565 2592 615 τὸ
2617 566 2925 632 πρόσωπον,
2957 568 3050 620 καὶ
3074 569 3155 629 είς
3183 567 3253 619 τὰ
3309 562 3427 619 ὦτα
3450 582 3467 597 ·
3508 569 3605 620 καὶ
3632 569 3796 630 οὕτως

2228 653 2588 722 κατηχοῦμεν.
2622 656 2713 706 καὶ
2741 654 2997 723 ποιοῦμεν
3040 657 3310 724 χρονίζειν
3356 659 3438 718 είς
3472 657 3575 727 τὴν
3605 661 3797 724 ἐκκλη-

2230 744 2370 806 σίαν,
2398 745 2488 795 καὶ
2514 744 2814 812 ἀκροᾶσθαι
2848 744 2955 796 τῶν
3000 746 3234 814 Γραφῶν
3261 762 3275 775 ·
3318 746 3415 797 καὶ
3451 748 3574 798 τότε
3611 749 3801 808 αὐτοὶς

2230 831 2583 902 βαπτίζομεν.
2630 836 2736 885 Καὶ
2767 836 2891 895 τοὺς
2926 836 3261 901 Μανιχαίους
3300 834 3376 899 δὲ,
3415 838 3510 887 καὶ
3540 838 3661 897 τοὺς
3697 838 3796 886 Γα-

2227 924 2583 985 λεντινιανοὺς
2613 923 2681 985 ⁸⁸,
2703 924 2795 976 καὶ
2820 926 2943 985 τοὺς
2967 925 3422 993 Μαρκιωνιστὰς,
3462 927 3555 975 καὶ
3590 928 3712 986 τοὺς
3745 929 3795 974 ἐκ

2227 1011 2334 1062 τῶν
2358 1010 2556 1078 όμοίων
2586 1012 2869 1081 αἱρέσεων,
2918 1011 3043 1073 τοὺς
3086 1012 3513 1080 Νεστοριανοῦς,
3562 1016 3663 1081 χρὴ
3690 1031 3777 1063 ποι

2226 1106 2302 1153 εῖν
2326 1102 2617 1180 λιῦέλλους,
2652 1103 2745 1155 καὶ
2770 1102 3190 1171 ἀναθεματίζειν
3222 1106 3320 1170 τὴν
3356 1105 3577 1170 αἵρεσιν
3603 1104 3801 1164 αὑτῶ..

2222 1192 2315 1245 καὶ
2363 1194 2680 1260 Νεστοριον,
2726 1195 2819 1244 κα)⁵
2872 1192 3135 1260 Εὑτυχέα.
3196 1194 3291 1244 καὶ
3345 1194 3663 1262 Διόσκορον,
3715 1194 3803 1243 καὶ

2220 1282 2475 1352 Σεδῆρον,
2517 1284 2611 1334 καὶ
2664 1285 2785 1344 τοὺς
2829 1284 3046 1345 λοιποὺς
3084 1283 3346 1351 ἐξάρχους
3383 1284 3492 1334 τῶν
3546 1284 3802 1333 τοιούτων

558 1382 771 1433 cantur,
807 1373 893 1426 alii
928 1384 1105 1427 autem
1154 1384 1344 1428 sancto
1381 1374 1643 1427 duntaxat
1673 1384 1950 1442 unguento
1987 1390 2121 1429 con-

2228 1375 2503 1441 ιίρέσεων,
2565 1374 2657 1425 καὶ
2693 1374 2818 1433 τοὺς
2850 1372 3184 1440 φρονοῦντας
3216 1375 3282 1424 τὰ
3323 1372 3532 1431 αὐτῶν,
3575 1375 3666 1422 καὶ
3698 1375 3802 1422 πά-

556 1470 861 1515 secrantur.

2219 1481 2314 1525 σας
2382 1464 2897 1532 προσαναφυομένας
2938 1464 3175 1531 αἱρέσεις
3202 1479 3213 1491 ’
3248 1466 3342 1515 καὶ
3386 1462 3562 1523 οῦτως
3630 1479 3801 1529 μετα-

554 1554 849 1622 λαμϐάνειν
874 1556 970 1622 τῆς
1010 1554 1167 1619 ἁγίας
1201 1554 1499 1614 κοινωνίας.
1539 1555 1694 1607 Κατά
1722 1556 1849 1621 γοῦν
1876 1555 1974 1622 τὴν
2005 1556 2096 1607 τοῦ
2136 1555 2375 1607 τοιούτου
2408 1556 2633 1617 κανόνος
2662 1554 2969 1624 περίληψιν,
3040 1556 3087 1605 oi
3155 1553 3253 1621 μὲν
3292 1554 3402 1604 τῶν
3467 1554 3801 1622 αἱρεσιωτῶν

554 1647 638 1698 διὰ
685 1647 1055 1715 βαπτίσματος
1092 1649 1426 1714 ἁγιὰζυνται,
1484 1650 1531 1699 οἱ
1573 1649 1629 1700 δὲ
1673 1648 1760 1701 διὰ
1816 1651 1976 1716 μόνου
2020 1649 2111 1700 τοῦ
2153 1649 2305 1717 ἁγίου
2343 1648 2511 1718 μύρου
2538 1648 2884 1700 τελειοῦνται.

628 1743 797 1795 Inter.
838 1742 925 1795 ὅθ.
967 1743 1023 1795 Si
1071 1743 1365 1798 haereticus
1415 1744 1670 1797 sacerdos
1722 1744 1804 1795 vel
1855 1744 2121 1797 diaconus
2154 1752 2194 1803 Β

556 1833 755 1901 dignus
810 1833 1027 1888 habitus
1077 1833 1261 1887 divino
1309 1842 1362 1887 et
1412 1844 1603 1888 sancto
1649 1832 1995 1900 baptismate,
2039 1832 2123 1885 vel

557 1938 655 1992 per
690 1931 935 1977 sanctam
969 1924 1279 1977 unctionem
1322 1923 1695 1978 sanctificatns
1739 1924 1829 1985 sit,
1868 1922 2123 1976 licebitne

556 2013 607 2065 ei
649 2026 805 2065 sacra
854 2010 1031 2065 lacere
1073 2026 1195 2065 cum
1234 2013 1416 2079 priore
1468 2013 1834 2075 ordinatione,
1882 2027 1949 2064 an
1992 2026 2122 2066 vero

557 2102 604 2155 si
645 2116 797 2155 sacra
830 2102 1140 2154 ministrare
1168 2103 1315 2164 velit,
1368 2104 1648 2157 iterabitur
1677 2105 1794 2170 ejus
1824 2103 2124 2156 ordinatio?

632 2191 756 2244 Res.
790 2189 977 2244 Canon
1018 2189 1085 2243 80
1119 2200 1430 2244 sanctorum
1481 2195 1845 2260 apostolorum
1886 2208 1999 2259 eos,
2029 2194 2120 2262 qui

556 2299 625 2339 ex
666 2297 875 2353 pagana
920 2283 1028 2335 vita
1071 2281 1135 2335 ad
1179 2282 1536 2335 orthodoxam
1584 2284 1741 2337 iidem
1779 2283 2039 2337 accedunt
2070 2293 2124 2336 et

558 2380 935 2450 baptizantur,
964 2377 1325 2446 episcopalem
1367 2377 1526 2430 etiam
1559 2376 1872 2445 dignitatem
1908 2392 2120 2445 prome-

559 2470 667 2523 reri
700 2468 908 2521 deﬁnit.
942 2467 1130 2521 Priore
1175 2468 1341 2535 igitur
1384 2468 1687 2521 sacerdotio
1731 2483 1826 2536 pro
1858 2469 2120 2534 sacrilego

562 2560 769 2623 habito,
796 2570 849 2613 et
898 2574 995 2627 pro
1042 2574 1148 2611 non
1202 2559 1369 2621 iacto,
1401 2561 1444 2611 si
1494 2574 1617 2613 cum
1661 2562 1919 2613 canonica
1960 2560 2124 2613 disci-

561 2650 708 2719 plina
745 2649 1035 2717 judicatus,
1066 2648 1157 2716 qui
1196 2648 1276 2703 sic
1323 2647 1483 2700 fuerit
1511 2650 1850 2703 orthodoxus
1876 2649 2121 2713 cﬂectus,

562 2752 616 2797 ct
662 2758 781 2796 cum
834 2750 980 2795 esset
1021 2738 1312 2807 aliquando
1355 2740 1610 2807 prolanus
1642 2739 1915 2803 sacerdos,
1949 2739 2000 2791 in
2030 2754 2123 2807 po.

561 2832 789 2886 steriore
833 2832 940 2884 vita
987 2846 1082 2885 sua
1137 2829 1517 2883 indemnabilis
1568 2829 1896 2895 apparuerit,
1929 2827 2125 2895 dignus

563 2932 851 2978 censeatur
893 2937 1002 2975 non
1051 2922 1375 2975 sacerdotali
1421 2922 1592 2973 solum
1624 2919 1905 2988 dignitate,
1940 2918 2032 2973 sed
2070 2926 2123 2971 et

563 3014 882 3083 episcopali,
914 3027 1010 3081 per
1037 3020 1329 3067 consuetos
1360 3010 1583 3065 omnino
1610 3011 1808 3078 gradus
1835 3009 1901 3062 ad
1932 3010 2124 3063 docto-

562 3103 698 3155 riam
731 3112 1013 3169 promotus
1038 3098 1446 3154 sublimitatem.

636 3190 805 3245 Inter.
860 3193 945 3245 5i.
992 3191 1056 3245 Si
1105 3190 1364 3253 hmretici,
1420 3189 1512 3258 qui
1566 3188 1629 3241 ad
1696 3188 2119 3241 orthodoxorum

566 3284 725 3338 ﬁdem
774 3285 1025 3346 accessit,
1073 3299 1210 3337 uxor
1255 3294 1307 3338 et
1347 3284 1525 3343 liberi,
1562 3284 1641 3336 vel
1673 3284 1832 3337 etiam
1870 3284 1957 3334 alii
2003 3283 2122 3349 ejus

566 3371 861 3426 familiares
901 3380 955 3425 et
1000 3372 1308 3435 domestici,
1354 3387 1463 3424 non
1507 3372 1637 3423 {iant
1684 3372 1994 3434 orthodoxi,
2028 3370 2121 3423 Sed

565 3463 871 3516 inhereant
916 3463 1085 3531 priori
1134 3462 1350 3525 lueresi,
1398 3478 1465 3515 an
1513 3462 1887 3531 prohibebitur
1930 3463 1999 3526 is,
2030 3462 2122 3528 qui

566 3561 649 3620 (ut
680 3556 940 3622 diximus)
992 3554 1315 3622 baptismate
1349 3554 1592 3607 initiatus
1638 3565 1741 3616 est,
1776 3554 1839 3607 ad
1869 3553 2125 3607 sacerdo-

568 3646 727 3699 talem
777 3646 855 3698 vel
901 3644 1215 3713 episcopum
1265 3646 1559 3697 ascendere
1598 3643 1825 3711 gradum
1858 3660 1871 3696 :
1902 3658 1968 3695 an
2000 3657 2126 3695 vero

571 3740 790 3803 ιιῐοριριυ
836 3735 1052 3789 illorum
1087 3735 1345 3787 malitiam
1395 3745 1449 3787 et
1482 3736 1594 3803 ipse
1638 3736 1727 3789 tali
1769 3738 1912 3789 bono
1950 3735 2128 3804 priva-

568 3825 749 3877 lilur?

638 3913 756 3967 lies.
819 3912 1006 3967 Canon
1058 3913 1275 3981 quidem
1322 3913 1389 3968 59
1441 3914 1631 3983 synodi
1682 3914 2127 3983 Carthaginensis

575 4005 670 4068 ait,
704 4014 761 4058 ut
791 4005 1052 4075 episcopi,
1083 4014 1136 4059 et
1167 4005 1485 4075 presbyteri,
1517 4015 1568 4059 et
1596 4005 1807 4059 diaconi
1840 4022 1945 4059 non
1978 4007 2126 4061 ordi-

563 4105 787 4161 nentur,
826 4098 1141 4165 priusquam
1173 4110 1361 4150 omnes
1392 4096 1481 4164 qui
1508 4104 1634 4149 sunt
1668 4098 1718 4149 in
1749 4098 1863 4151 suis
1895 4097 2125 4159 aedibus,

567 4189 913 4243 Christianos
978 4185 1313 4241 orthodoxos
1383 4186 1629 4240 fecerint.
1694 4188 1876 4241 Canon
1947 4194 2127 4242 autem

564 4279 635 4333 72
676 4288 878 4332 sanctae
915 4284 967 4331 et
1007 4280 1356 4331 (ecumenica:
1388 4278 1440 4331 in
1474 4277 1661 4331 Trullo
1699 4278 1889 4349 synodi
1932 4278 2045 4333 haec
2073 4278 2127 4332 in

2309 1742 2631 1809 Ἐρώτησις
2659 1739 2734 1795 .1'.
2782 1742 2907 1793 Ἐὰν
2947 1742 3235 1809 αἱρετικδς,
3296 1740 3499 1808 ἱερεὺς,
3546 1740 3575 1808 ἢ
3612 1741 3802 1791 διάκοσ-

2230 1850 2335 1894 νος,
2372 1832 2572 1900 ἀξιωθῇ
2601 1831 2695 1883 τοῦ
2748 1830 2893 1883 θείου
2921 1832 3013 1881 καὶ
3036 1832 3193 1894 ἁγίου
3224 1832 3626 1897 βαπτίσματος,
3649 1832 3683 1898 ἦ
3714 1831 3803 1881 διὰ

2228 1923 2315 1975 τοῦ
2345 1922 2499 1987 ἀγίου
2538 1922 2710 1991 μύρου
2748 1923 2979 1989 ἁγιασθῇ
3004 1961 3018 1982 ,
3066 1924 3274 1971 ἐσεῖται
3316 1922 3617 1989 ἱερουργῷν
3660 1925 3802 1986 μετά

2228 2014 2322 2081 τῆς
2357 2013 2624 2081 προτέρας
2656 2012 2990 2080 χειροτονίας
3031 2010 3217 2073 αὑτοῦ,
3251 2009 3282 2078 ἢ
3317 2010 3512 2078 ἐτέρας
3542 2010 3802 2079 ἀξιωθείη

2229 2102 2579 2172 χειροτονίας,
2610 2102 2702 2151 ἐὰν
2732 2100 2933 2172 θελήσῃ
2963 2101 3295 2168 ἱερουργεῖν,

2317 2192 2433 2243 Ἀπ.
2480 2190 2536 2242 '0
2556 2190 2664 2241 τῶν
2699 2190 2869 2256 ἁγίων
2922 2187 3234 2240 ἀποστόλων
3266 2187 3320 2239 π’
3352 2190 3535 2240 κανὼν
3577 2193 3706 2251 τοὺς
3747 2192 3805 2254 ἐξ

2228 2282 2439 2335 ὲθνικοῦ
2473 2282 2587 2351 βίου
2619 2280 3011 2350 προσελθόντας
3074 2284 3138 2349 τῇ
3178 2281 3447 2349 όρθοδᾶξῳ
3487 2282 3807 2333 πίστεκκσὶ

2231 2372 2638 2442 βαπτισθέντας,
2666 2373 2758 2423 καὶ
2782 2370 3139 2423 ὲπισκοπικοῦ
3165 2372 3483 2438 ἀξιώματος
3513 2372 3803 2435 καταξιω-

2231 2463 2352 2515 σθαι
2378 2462 2685 2532 διορίζεται.
2712 2462 2821 2529 Τῆς
2852 2460 2980 2527 γοῦν
3012 2460 3285 2526 προτέρας
3322 2460 3642 2527 ἱερωσύνης,
3678 2477 3803 2525 μια-

2236 2554 2478 2623 ρωσὺνης
2538 2551 2915 2619 νομιζομένης,
2943 2553 3035 2601 καὶ
3055 2550 3127 2610 ὠς
3154 2551 3228 2618 μὴ
3268 2552 3562 2618 γινομένης
3592 2552 3802 2617 λογιζο-

2234 2645 2419 2712 μένης,
2462 2640 2555 2693 ὲάν
2606 2642 2741 2708 μετὰ
2774 2642 2869 2707 τῆς
2901 2641 3190 2706 γανονικῆς
3233 2641 3527 2707 ἀκριϐείας
3567 2642 3803 2708 ἀνακρι-

2232 2735 2447 2803 νόμενος
2482 2735 2507 2784 ὁ
2536 2732 2704 2793 οὕτως
2732 2731 3111 2800 ὀρθοδοξήσας,
3165 2729 3261 2781 καὶ
3299 2730 3374 2780 ῶν
3409 2747 3536 2782 ποτε
3574 2730 3804 2798 βέϐηλος

2231 2820 2430 2887 ἱερεὺς,
2487 2820 2614 2885 περὶ
2658 2818 2751 2869 τοῦ
2791 2820 3017 2887 ὑστέρου
3058 2817 3222 2869 αὑτοῦ
3271 2817 3387 2885 βίου
3426 2820 3803 2886 ἀκατάκριτος

2229 2912 2542 2980 ἀναφανείη,
2572 2909 2824 2978 ἀξιωθείη
2851 2910 2909 2960 οὗ
2948 2910 3105 2978 μόνον
3136 2910 3414 2977 ἱερατικοῦ
3463 2910 3801 2977 ἁξιώματο;,

2231 3002 2363 3055 ἀλλὰ
2412 3002 2503 3052 καὶ
2553 3000 2930 3060 ὲπισκοπικοῦ,
2982 3000 3069 3051 διὰ
3120 2999 3233 3050 τῶν
3284 3000 3535 3068 συνήθων
3583 3002 3803 3063 πάντως,

2153 3082 2196 3140 C
2230 3094 2452 3164 βαθμῶν
2487 3096 2565 3154 είς
2599 3093 2657 3144 τὸ
2691 3092 3062 3143 διδασκαλικὸν
3095 3090 3227 3157 ὕψος
3260 3091 3619 3159 ἀναγόμενος.

2306 3183 2623 3249 Ἐρώτησις
2650 3180 2759 3233 .la'.
2796 3180 2916 3231 Ἐὰν
2949 3180 3039 3230 τοῦ
3086 3179 3477 3245 προσελθόντος
3505 3184 3570 3249 τῇ
3616 3180 3803 3232 πίστει

2225 3273 2329 3325 τῶν
2356 3273 2647 3341 ὀρθοεόξων
2669 3269 2945 3338 αίρετικοῦ
2970 3273 2999 3337 ἡ
3031 3270 3193 3338 γυνὴ.
3233 3269 3325 3320 καὶ
3352 3272 3402 3321 oi
3425 3271 3631 3333 παῖδες,
3654 3272 3688 3339 ἢ
3711 3274 3805 3324 καὶ

2223 3365 2395 3432 ἕτεροι
2421 3362 2591 3428 τούτῳ
2614 3360 2879 3412 συνέστιοι
2902 3361 2995 3411 καὶ
3034 3360 3413 3424 συγκάτοικοι,
3448 3362 3548 3411 ουκ
3587 3362 3805 3428 ὀρθοδο-

2226 3454 2494 3521 ξὴσουσιν,
2544 3452 2656 3502 ἀλλ’
2685 3449 2956 3518 ὲξέχονται
2983 3450 3079 3517 τῆς
3114 3452 3386 3518 προτέρας
3418 3450 3712 3520 αἱρέσεως,
3743 3453 3802 3502 οὐ

2227 3546 2591 3614 κωλυθήσεται
2624 3545 2653 3595 ὁ
2706 3543 3033 3606 τελειωθεὶς,
3079 3543 3153 3604 ὡς
3182 3544 3424 3611 εἴρηται,
3455 3544 3544 3597 sis
3576 3546 3674 3595 τοῦ
3710 3546 3805 3612 βα-

2226 3637 2567 3703 πτίσματος,
2626 3637 2702 3695 είς
2756 3634 3033 3703 ἱερατικὸν
3082 3632 3291 3701 βαθμὸν
3345 3633 3378 3701 ἢ
3441 3634 3805 3686 ὲπισκοπικδν

2227 3726 2469 3778 ἀνελθεῖν
2495 3742 2507 3753 ·
2550 3726 2581 3793 ἢ
2607 3724 2691 3776 διὰ
2713 3723 2808 3791 τὴν
2836 3723 3055 3775 ἐκείνων
3090 3722 3288 3773 κακίαν
3316 3723 3410 3774 καὶ
3442 3723 3806 3781 σὺτὺςτοσοὺ-

2227 3832 2320 3869 του
2346 3814 2545 3881 ἀγαθοῦ
2580 3814 2926 3881 ἀποστερηθῇ
2956 3830 2965 3872 ;

2312 3907 2435 3958 ’Arz.
2508 3904 2563 3955 ὐ
2607 3904 2705 3969 μὲν
2747 3902 2834 3965 λς’
2868 3899 3043 3953 κανὼν
3070 3902 3167 3968 τῆς
3195 3903 3252 3952 ὲν
3300 3902 3635 3971 Καρθαγένῃ
3680 3921 3805 3953 συνο

2228 3995 2369 4057 όδου,
2404 3994 2588 4061 φησὶν,
2624 3992 2953 4042 Ἐπίσκοπον
2980 3991 3073 4042 καὶ
3107 3989 3482 4058 πρεσὸύτερον
3514 3994 3609 4043 καὶ
3627 3990 3808 4041 διάκο-

2229 4101 2316 4136 νον
2349 4084 2421 4151 μὴ
2460 4079 2882 4151 χειροτονεῖσθαι
2926 4080 3055 4147 πρὶν
3093 4080 3303 4141 πάντας
3326 4081 3454 4141 τοὺς
3479 4083 3536 4132 ὲν
3561 4081 3635 4147 τῷ
3666 4084 3805 4147 οἴκῳ

2229 4176 2405 4230 αὐτῶν
2434 4175 2737 4246 ὀρθοδόξους
2764 4173 3121 4241 Χριστιανοὺς
3147 4173 3493 4242 ποιήσουσιν.
3560 4173 3617 4226 ’0
3656 4174 3717 4224 δὲ
3760 4172 3804 4239 β’

2231 4266 2409 4321 κανὼν
2448 4267 2545 4335 τῆς
2591 4267 2645 4316 ἒν
2684 4264 2760 4333 τῷ
2801 4263 3054 4332 Τρούλλῳ
3093 4264 3255 4329 ἁγίας
3288 4265 3383 4315 καὶ
3408 4266 3806 4331 οίκουμενικῆς

564 4381 720 4441 parte
777 4369 968 4423 deﬁnit
1021 4368 1319 4436 expressim
1380 4384 1393 4419 :
1446 4368 1500 4421 Si
1554 4378 1733 4421 autem
1793 4370 1981 4438 aliqui,
2035 4367 2125 4438 qui

2235 4360 2448 4413 συνόδου
2471 4358 2760 4424 διορίζεται
2790 4357 2846 4407 ὲν
2874 4355 3029 4423 μέρει
3058 4354 3227 4405 ταῦτα
3259 4354 3460 4421 ῥητῶς.
3486 4354 3547 4405 Εί
3575 4354 3628 4405 δέ
3657 4371 3807 4414 τινες

570 4463 751 4516 adhuc
796 4469 922 4515 sunt
972 4459 1235 4520 infideles,
1267 4467 1319 4512 et
1364 4459 1416 4511 in
1461 4460 1885 4513 orthodoxoruin
1916 4474 2125 4528 gregem

564 4550 809 4606 nondum
845 4549 1001 4603 relati
1043 4556 1190 4609 sunt,
1223 4547 1358 4601 inter
1406 4563 1463 4601 se
1510 4548 1751 4616 legitimo
1784 4556 1909 4602 sunt
1939 4548 2127 4601 matri-

566 4642 755 4695 monio
798 4638 1077 4705 conjuncti
1127 4656 1140 4690 :
1186 4638 1381 4692 deinde
1430 4638 1517 4691 hic
1570 4638 1785 4707 quidem
1833 4652 1937 4702 eo,
1985 4638 2125 4706 quod

565 4741 651 4787 est
689 4732 971 4784 honestum
990 4738 1039 4794 ει,
1075 4730 1269 4794 electo,
1304 4730 1367 4781 ad
1400 4730 1567 4781 lucem
1599 4729 1846 4782 veritatis
1877 4743 2127 4780 accurre-

563 4822 636 4876 rit
682 4838 693 4874 :
746 4821 835 4873 ille
862 4833 990 4873 vero
1030 4819 1238 4873 erroris
1266 4818 1481 4871 vincqu
1520 4818 1770 4871 detentus
1804 4816 1989 4879 fuerit,
2028 4831 2127 4869 no-

563 4913 685 4966 lens
738 4909 953 4963 divinos
1009 4910 1193 4963 radios
1238 4908 1357 4961 lixis
1403 4907 1576 4960 oculis
1634 4906 1852 4969 intueri,
1893 4914 1945 4959 et
1986 4905 2125 4957 iideli

568 5004 777 5072 placeat
825 5014 948 5053 cum
998 4999 1200 5052 inﬁdeli
1250 4997 1579 5058 cohabitare,
1643 5011 1711 5051 ne
1740 5013 1768 5049 a
1804 5010 1862 5049 se
1897 4996 2126 5048 invicem

572 5098 916 5155 separentur.
951 5085 1028 5139 Ex
1060 5087 1227 5140 divini
1256 5087 1394 5141 enim
1426 5085 1574 5139 Pauli
1607 5085 1891 5145 sententia,
1927 5084 2129 5136 sancti-

571 5180 767 5235 [iustus
784 5188 865 5233 est
887 5180 967 5232 vir
1002 5178 1238 5232 inlldelis
1265 5179 1317 5230 in
1343 5178 1586 5239 muliere,
1608 5186 1661 5229 et
1688 5175 2021 5229 sanctiﬁcata
2047 5180 2130 5227 est

578 5270 777 5323 mulier
806 5268 1035 5323 inﬁdelis
1066 5268 1119 5321 in
1154 5269 1291 5321 viro.
1322 5267 1769 5321 Contrarietatem
1798 5265 1962 5332 igitur
1987 5264 2119 5315 duo-

569 5374 689 5413 rum
743 5373 1032 5423 cauonum,
1078 5373 1199 5429 quae
1249 5372 1371 5413 esse
1419 5358 1653 5420 videtur,
1703 5356 1961 5410 canonice
2013 5352 2125 5405 sol-

2233 4446 2313 4500 ἕτι
2352 4449 2407 4498 ἐν
2445 4448 2510 4515 τῇ
2545 4444 2767 4513 ἀπιστίᾳ
2817 4443 3193 4510 τυγχάνοντες,
3240 4443 3333 4492 καὶ
3391 4441 3545 4492 οῦπω
3591 4445 3655 4509 τῇ
3697 4443 3809 4493 τῶν

2228 4535 2520 4605 ὀρθοδόξων
2568 4531 3024 4599 ὲγκαταλεγέντες
3058 4530 3282 4597 ποίμνῃ,
3339 4530 3593 4597 ἀλλήλοις
3637 4531 3808 4597 γάμῳ

2227 4625 2442 4694 νομίμῳ
2485 4624 2837 4694 ήρμόσθησαν
2868 4638 2881 4653 ο
2915 4617 3033 4673 εἷτα
3063 4622 3091 4672 ό
3124 4622 3223 4688 μὲν
3276 4622 3338 4672 τὸ
3384 4622 3549 4673 καλὸν
3584 4623 3809 4685 ἐκλεξά-

2232 4729 2409 4785 μενος,
2455 4714 2531 4780 τῷ
2580 4714 2717 4779 φωτὶ
2759 4712 2853 4778 τῆς
2898 4708 3155 4777 ἀληθείας
3222 4712 3606 4779 προσέδραμεν
3636 4729 3649 4741 ·
3690 4714 3719 4763 ὁ
3755 4714 3808 4764 δὲ

2229 4806 2331 4858 ὑπὸ
2359 4804 2452 4857 τοῦ
2482 4803 2578 4869 τῆς
2605 4802 2809 4867 πλάνης
2839 4800 3144 4867 κατεσχέθη
3170 4800 3393 4867 δεσμοῦ,
3429 4802 3503 4869 μὴ
3531 4804 3673 4869 πρὸς
3712 4807 3809 4863 τάς

2229 4895 2374 4956 θείας
2424 4893 2665 4946 ἀτενίσαι
2713 4893 2933 4948 ἀκτῖνας
2989 4890 3281 4956 ἑλόμενος·
3352 4890 3565 4941 εὐδοκεῖ
3615 4891 3672 4943 δὲ
3728 4893 3810 4959 τῷ

2230 4982 2405 5051 πιστῷ
2428 4984 2461 5050 ἡ
2496 4982 2741 5042 ἄπιστος,
2776 4980 2808 5049 ἢ
2840 4980 2898 5031 τὸ
2932 4978 3156 5030 ἐκπαλιν
3194 4981 3221 5029 ό
3253 4978 3480 5038 ἄπιστος
3530 4981 3810 5029 συνοικεῖν

2229 5079 2295 5145 τῇ
2338 5075 2501 5141 πιστῇ
2534 5089 2549 5103 θ
2594 5071 2666 5139 μὴ
2696 5068 3034 5139 χωριζέσθω,
3068 5068 3207 5119 κατὰ
3255 5067 3346 5118 τὸν
3397 5068 3536 5118 θεῖον
3565 5068 3809 5119 ἀπόστο-

2230 5167 2339 5217 λον.
2409 5162 2695 5229 Ἦγίασται
2742 5162 2849 5227 γὰρ
2879 5161 2905 5210 ὁ
2938 5158 3164 5219 ἄπιστος
3198 5158 3335 5225 ἀνὴρ
3368 5159 3425 5208 ἐν
3456 5159 3520 5224 τῇ
3553 5158 3812 5221 γυναικὶ,

2240 5257 2271 5325 ἦ
2308 5254 2559 5322 ἡγίασται
2595 5252 2627 5320 ή
2661 5251 2887 5309 ἄπιστος
2916 5248 3051 5316 γυνὴ
3092 5249 3147 5299 ὲν
3182 5245 3259 5314 τῷ
3300 5246 3480 5313 ἀνδρί,
3520 5244 3635 5313 Τὴν
3669 5248 3807 5297 ἀνι,

2234 5345 2561 5415 φαινομένην
2603 5340 2694 5393 οῦν
2723 5340 3067 5407 ἐναντιότητα
3125 5336 3233 5389 τῶν
3266 5336 3359 5388 δύο
3402 5335 3608 5388 τούτων
3640 5336 3808 5388 κανό-

1853 5504 2087 5559 νΑιιιιε
2120 5496 2532 5557 LECTIONES.

644 5604 688 5635 ³⁸
715 5602 1166 5663 Βαλιντινιανούς.

645 5718 836 5789 Qqnod
883 5718 1068 5770 bonum
1119 5725 1214 5771 eu.
