4004 6448
205 334 310 398 985

1015 338 1394 398 llESPONS.\
1424 341 1538 404 ,ΑΒ
1581 338 2309 401 INTERROGATIONES
2349 339 2603 402 MARCI.

3280 341 3384 403 956

199 474 304 510 νων
344 455 637 517 κανονικῶς
657 456 893 521 λύοντες,
923 456 1147 524 λέγομεν
1176 463 1275 523 ὅτι,
1307 462 1334 510 ὁ
1359 463 1454 527 μὲν
1485 463 1548 513 ὲκ
1595 478 1743 527 γενε-

1852 473 2054 524 ventes,
2093 463 2326 518 dicimus
2359 481 2505 528 eum,
2540 464 2629 532 q-ui
2671 479 2792 518 cum
2825 479 2856 518 tl
2887 459 3166 520 nativitate
3195 466 3382 520 ortho-

204 549 296 616 τῆς
345 545 420 599 ὢν
457 547 724 616 ὀρθόδοξος
754 590 767 611 ,
834 549 968 617 μετὰ
1008 551 1258 614 γυναικὸς
1304 552 1576 618 αἱρετικῆς
1621 568 1743 603 συν-

197 639 409 702 αφθεὶς,
446 639 542 690 οὐκ
571 638 822 708 ἀξιωθείη
853 635 1196 708 κληρώσεως,
1229 641 1277 691 εἰ
1310 640 1382 708 μὴ
1416 640 1507 692 καὶ
1535 642 1656 702 τοὺς
1687 646 1744 693 ἐν

198 729 275 798 τῷ
311 728 445 797 οῐκῳ
473 728 634 781 αὐτοῦ
665 729 874 796 ποιήσει
897 728 1201 795 ὀρθοῷξους
1230 729 1576 797 Χριστιανούς
1600 745 1614 759 ⁶
1662 730 1742 781 ὄτι

199 819 292 867 καὶ
348 818 443 884 τῆς
498 815 946 882 ὲκκλησιαστικῆς
991 817 1392 883 κεχωρισμένος
1451 816 1564 867 ἐστὶ
1621 833 1741 867 ουν-

198 908 389 970 άξεως,
417 906 489 965 ὡς
518 907 579 974 τῇ
607 904 696 956 τοῦ
728 903 958 973 Χριστοῦ
994 905 1164 971 μερὶδι
1207 904 1530 971 συμπλέξας
1549 904 1745 972 κλῆρον

196 995 535 1063 ἁμαρτωλὸν.
609 995 664 1045 Ὀ
716 995 772 1047 δὲ
823 993 1142 1062 αἱρεσιὼτης
1193 993 1268 1045 ὢν
1310 996 1373 1046 ἐκ
1421 996 1744 1063 σπαργάνων

197 1085 394 1145 αὐτῶν,
422 1085 516 1135 ἐὰν
553 1084 648 1153 τὴν
669 1084 942 1152 ὀρθόδοξον
968 1084 1147 1136 πίστιν
1168 1086 1475 1152 προέληται,
1499 1086 1738 1150 δικαίως,

194 1176 291 1226 ἐὰν
323 1172 430 1225 ἀπό
460 1189 601 1235 τινος
651 1173 834 1239 ἑτέρου
885 1174 1040 1239 λόγου
1086 1175 1183 1224 οὐκ
1225 1175 1599 1242 ἐμποδίζηται,
1631 1192 1742 1242 χει-

200 1267 441 1333 ροτονίας
485 1265 734 1333 ἀξιωθείη
794 1266 1086 1333 ίερατικῇς.
1124 1267 1186 1316 Τί
1224 1267 1329 1332 γὰρ
1383 1261 1544 1328 οἶδας,
1582 1267 1743 1334 φησὶν

196 1355 227 1408 ὁ
283 1356 454 1422 μέγας
509 1353 843 1414 Ἀπόστολος,
881 1354 973 1405 ἐὰν
1003 1355 1030 1405 ὁ
1083 1355 1266 1416 πιστὸς
1315 1355 1592 1424 μεταγάγῃ
1645 1355 1744 1420 τὴν

197 1443 422 1496 ἄπιστον
451 1443 676 1507 σύζυγον
697 1442 858 1493 αὐτοῦ
888 1443 1020 1512 πρὸς
1049 1443 1143 1511 τὴν
1189 1445 1402 1508 πίστιν;
1439 1443 1623 1506 Καλῶς
1653 1440 1744 1496 οὖν

197 1532 332 1592 osi;
365 1530 461 1600 τὴν
517 1526 792 1599 ὄρθόδοξον
847 1531 1023 1582 πίστιν
1079 1531 1245 1583 ἐλθὼν
1297 1533 1402 1586 ἀπὸ
1453 1532 1744 1600 θρησκείαςί

199 1621 517 1691 αἱρετικῶν,
555 1620 691 1671 κατὰ
725 1621 950 1681 κανόνας
987 1621 1240 1691 ἀξιωθείη
1272 1622 1576 1690 ἀξιώματος
1604 1624 1745 1692 ίερα-

199 1710 371 1775 τικοῦ,
413 1711 512 1763 κᾶν
551 1711 624 1780 μὴ
667 1710 1084 1779 όρθοδοξιξσωσιν
1113 1714 1144 1778 ἠ
1193 1713 1326 1781 γυνὴ
1369 1713 1460 1764 καὶ
1486 1713 1551 1765 τὰ
1581 1714 1746 1766 τέκνα

199 1801 381 1853 αὑτοῦ.

282 1891 479 1956 Ἐρώτ.
547 1889 658 1955 13*.-
730 1892 1246 1960 Ἀπροκριμάτιστόν
1305 1892 1418 1944 ἐστι
1479 1892 1745 1945 τελεῖσθαι

197 1982 399 2034 τέκνων
429 1981 690 2050 ἁναδοχὰς
739 1982 825 2034 διὰ
857 1984 1111 2046 Λατίνων,
1154 1985 1468 2052 Ἀρμενίων,
1515 1984 1746 2038 Μονοθε-

198 2070 395 2140 λητῶν,
444 2070 838 2137 Νεστοριανῶν,
872 2073 963 2125 καὶ
988 2072 1184 2125 λοιπῶν
1216 2073 1467 2126 τοιούτων
1494 2091 1508 2105 ·
1540 2074 1572 2141 ἢ
1610 2075 1745 2140 μᾶλ-

198 2162 286 2213 λον
315 2160 540 2228 μισητὸν
565 2160 656 2211 καὶ
687 2162 1087 2230 ἁποτρόπαιονς

270 2249 465 2301 Ἁπόκ.
505 2249 573 2299 Tv‘.
626 2246 670 2314 β’
723 2244 995 2316 Οέσιῖιισμα
1042 2249 1133 2300 τοῦ
1187 2256 1216 2301 ι’
1249 2249 1536 2316 κεφαλαίου
1568 2247 1660 2301 τοῦ
1699 2247 1744 2301 α’

197 2342 377 2392 τίτλου
412 2339 503 2392 τοῦ
559 2339 606 2392 α’
663 2341 862 2409 βιϐλίου
918 2340 1025 2392 τῶν
1062 2341 1403 2407 Βασιλικῶν;
1444 2341 1745 2411 Αίρετικὸς,

202 2433 390 2500 φησιν,
428 2433 563 2493 ἐστὶ,
602 2432 696 2483 καὶ
721 2435 831 2493 τοῖς
859 2433 997 2483 κατὰ
1027 2449 1132 2486 των
1159 2432 1444 2502 αίρετικῶν
1470 2433 1746 2485 ὑπόκειται

201 2522 416 2590 νόμους,
476 2522 504 2572 ὁ
562 2522 751 2591 μικρὸν
801 2522 929 2588 γοῦν
960 2522 1216 2574 ἐκκλίνων
1237 2523 1332 2590 τῆς
1354 2520 1628 2589 ὀρθοδόξου
1660 2522 1746 2573 πί-

203 2628 394 2674 στεως.
465 2612 613 2663 Ἐπεὶ
659 2611 786 2678 γοῦν
815 2612 1011 2673 πάντες
1055 2614 1103 2664 οἱ
1140 2612 1609 2682 ἀπαριθμηθέντες
1667 2614 1746 2674 εἰς

199 2702 298 2772 τὴν
354 2702 631 2772 παροῦσαν
674 2703 958 2773 ἐρώτησιν,
1009 2704 1067 2755 οὐ
1107 2701 1194 2754 διὰ
1249 2703 1464 2772 μικρὸν,
1492 2702 1625 2756 ἀλλὰ
1659 2703 1746 2757 διὰ

202 2792 408 2851 πλάτος
446 2793 588 2861 μέγα
625 2793 716 2845 καὶ
743 2792 1126 2860 δυσδιεξίτητον
1153 2793 1219 2844 ὲκ
1259 2791 1359 2859 τ’ἠς
1390 2791 1498 2844 τῶν
1539 2791 1748 2860 ὀρθοδό-

203 2883 308 2947 ξων
361 2882 681 2950 Ἐκκλησίας
711 2880 1148 2949 ἁπεξενώθησαν,
1178 2881 1393 2942 πάντως
1425 2880 1545 2933 οὐδὲ
1589 2879 1748 2949 χάριν

200 2973 471 3042 ἀναδοχῆς
517 2973 720 3024 παίδων
770 2970 1153 3040 πνευματικῶν
1209 2970 1634 3040 μεσιτευομένης
1677 2971 1746 3024 δι’

1849 552 2020 606 doxus
2049 562 2210 614 esset,
2239 568 2359 606 cum
2395 554 2643 607 haeretica
2670 555 2891 609 muliere
2921 556 3244 623 conjunctus
3277 565 3384 621 est,

1849 642 2072 711 dignum
2104 657 2208 696 non
2248 644 2479 706 censeri,
2511 648 2602 712 qui
2634 645 2688 698 in
2738 645 2943 700 clerum
2974 647 3254 714 allegatur,
3281 647 3381 700 nisi

1847 731 2174 785 domesticos
2213 747 2341 786 suos
2377 747 2564 786 omnes
2593 734 2928 788 Christianos
2976 733 3162 788 fecerit
3203 736 3386 788 ortho-

1849 822 2017 880 doxos
2049 838 2062 874 :
2099 822 2222 888 quia
2260 833 2308 876 et
2347 822 2413 877 ab
2443 823 2811 878 ecclesiastica
2841 832 2924 877 est
2964 835 3200 880 remotus
3237 841 3384 879 com-

1848 910 2125 974 munione,
2157 919 2337 978 utpote
2369 912 2461 980 qui
2488 912 2688 965 Christi
2734 913 2978 982 partibus
3031 917 3381 980 peccatricem

1849 1007 2050 1052 sortem
2081 1001 2438 1066 implexuerit.
2472 999 2574 1065 Qui
2605 1009 2801 1060 autem.
2834 1001 3122 1055 haereticus
3146 1018 3265 1055 cum
3296 1020 3384 1056 cs-

1850 1095 1932 1142 set
1974 1087 2042 1141 ab
2095 1088 2455 1151 incunabulis,
2507 1089 2858 1143 orthodoxam
2909 1089 3065 1143 ﬁdem
3105 1089 3383 1159 delegerit.

1848 1174 1990 1242 jure,
2018 1175 2122 1228 nisi
2153 1191 2273 1244 qua:
2297 1175 2449 1242 justa
2481 1191 2648 1230 causa
2687 1178 2964 1245 impediat,
2994 1178 3382 1230 ordinationem

1849 1263 2235 1316 sacerdotalem
2285 1265 2541 1332 consequi
2588 1265 2776 1332 possit.
2819 1264 2955 1327 Quid
3004 1266 3144 1318 enim
3193 1265 3386 1332 (inquit

1850 1364 2075 1418 magnus
2102 1352 2413 1419 Apostolus)
2446 1354 2610 1414 nosti,
2639 1353 2683 1406 si
2733 1352 2902 1406 ﬁdelis
2942 1354 3169 1406 deducat
3199 1353 3386 1406 intide-

1850 1438 1950 1491 lem
1999 1441 2281 1509 conjugem
2322 1440 2387 1492 ad
2431 1440 2628 1494 ﬁdem?
2661 1441 2825 1496 Recte
2869 1443 3049 1510 igitur,
3080 1443 3169 1510 qui
3202 1442 3266 1494 ad
3295 1457 3386 1495 or-

1852 1527 2136 1581 thodoxam
2188 1529 2343 1582 ﬁdem
2397 1530 2542 1582 venit
2587 1530 2654 1584 ab
2701 1530 3073 1586 haereticorum
3127 1533 3358 1597 supersti

1852 1615 2033 1678 tione,
2090 1617 2403 1670 sacerdotali
2466 1619 2760 1673 secundum
2805 1635 3041 1675 canones
3096 1620 3386 1673 honorctur

1851 1705 2126 1774 dignitate,
2167 1708 2292 1762 licet
2339 1723 2471 1762 uxor
2503 1719 2558 1764 et
2602 1711 2752 1764 liberi
2801 1713 2919 1776 ejus
2967 1711 3247 1766 orthodoxi
3278 1727 3384 1766 nan

1774 1789 1818 1848 Β
1846 1794 1996 1848 ﬂant.

1915 1884 2112 1939 Interr.
2135 1886 2222 1941 32.
2249 1887 2330 1940 An
2361 1896 2510 1940 extra
2543 1888 2910 1956 praejudicium
2939 1887 3224 1940 infantium
3265 1902 3386 1940 sus-

1843 1978 2118 2045 ceptiones
2147 1977 2283 2032 ﬁunt
2322 1992 2351 2030 a
2399 1977 2627 2041 Latinis,
2667 1979 2957 2043 Armeniis,
2988 1977 3383 2042 Ilonotheletis,

1845 2065 2205 2129 Nestorianis,
2252 2074 2304 2120 et
2342 2067 2552 2120 caeteris
2600 2067 2886 2134 ejusmodi,
2931 2080 2996 2118 an
3044 2065 3221 2134 potius
3263 2065 3388 2118 odio

1845 2155 2066 2223 dignum
2098 2165 2259 2223 atque
2297 2154 2710 2208 detestandum?

1913 2242 2070 2311 Resp.
2095 2243 2294 2298 Thema
2317 2245 2372 2307 2,
2393 2257 2513 2312 cap.
2546 2246 2631 2307 tt),
2665 2245 2744 2296 tit.
2774 2257 2814 2302 ι,
2847 2245 2936 2299 nb.
2969 2244 3380 2299 tBasilicorum:

1848 2334 2158 2398 llaercticus,
2190 2335 2389 2402 inquit,
2421 2343 2537 2396 est,
2575 2341 2626 2388 et
2660 2334 2889 2402 legibus,
2921 2349 3038 2401 quae
3068 2335 3132 2387 de
3174 2336 3382 2389 haereti-

1845 2423 1925 2476 cis
1961 2431 2106 2484 sunt,
2144 2421 2460 2489 subjicitur,
2493 2423 2582 2487 qui
2617 2423 2828 2489 paulum
2863 2421 2929 2474 ab
2957 2421 3253 2475 orthodoxa
3286 2424 3388 2476 tide

1848 2513 2103 2566 declinat.
2131 2512 2264 2564 ilum
2297 2512 2460 2579 igitur
2505 2511 2539 2565 ii
2576 2525 2782 2573 omnes,
2815 2513 2904 2579 qui
2951 2511 3050 2564 hac
3092 2513 3382 2580 interroga-

1845 2603 1992 2657 tionc
2017 2601 2315 2656 enumerati
2348 2609 2495 2664 sunt,
2525 2615 2629 2652 non
2660 2615 2847 2668 parvo,
2882 2603 2973 2653 sed
3003 2602 3160 2668 longo
3189 2603 3387 2669 spatio,

1845 2692 2069 2759 etquod
2111 2691 2324 2744 diilicile
2362 2687 2606 2757 superari
2643 2696 2825 2757 queat,
2857 2688 2924 2741 ab
2967 2689 3384 2744 orthodoxorum

1845 2773 2091 2833 Ecclesia
2143 2794 2366 2848 prorsus
2410 2779 2706 2833 exsulenL:
2760 2793 2864 2831 non
2913 2779 3385 2832 communicabunt

1847 2869 2129 2924 nobiscum
2170 2869 2398 2938 gratiam
2432 2867 2798 2937 susceptionis
2833 2867 3127 2921 liberorum
3169 2868 3387 2936 spirita-

1849 2957 2003 3019 lium,
2039 2971 2132 3024 per
2163 2969 2348 3010 sacras
2374 2970 2562 3024 preces
2608 2963 2660 3010 et
2694 2954 3151 3010 sanctiﬁcationes
3191 2957 3387 3008 multas

203 3063 374 3131 ἁγίων
404 3061 574 3129 εὐχῶν
602 3062 694 3114 καὶ
716 3060 1063 3129 ἁγιασμάτων
1095 3059 1320 3132 πολλῶν,
1363 3061 1492 3129 ἡμῖν
1523 3076 1744 3127 συγκοι-

1852 3045 2231 3099 intercedentis
2266 3062 2280 3097 :
2323 3059 2390 3097 ne
2436 3052 2490 3096 et
2537 3044 3095 3097 excommunicatione
3133 3044 3385 3097 condem-

202 3154 536 3219 νωνήσουσιν
565 3165 576 3178 ·
614 3151 698 3202 ἶνα
749 3151 821 3218 μὴ
865 3150 958 3202 καὶ
1003 3150 1154 3203 αὐτοὶ
1197 3149 1555 3218 ἀκοινωνησίᾳ
1581 3165 1748 3201 κατα-

205 3238 507 3306 κριθῶμεν,
540 3239 676 3290 κατὰ
704 3239 794 3290 τὸν
824 3239 1037 3300 κανόνα,
1069 3238 1157 3288 τὸν
1183 3237 1425 3304 λέγοντα,
1472 3236 1529 3288 ’0
1551 3252 1742 3290 κοινωσ-

206 3330 313 3381 νῶν
344 3331 704 3398 ἀκοινωνήτῳ,
738 3330 828 3381 καὶ
864 3329 1021 3389 αὐτὸς
1061 3326 1415 3395 ἀκοινώνητός
1443 3326 1605 3378 ἐστιν.

289 3416 486 3485 Ἐρώτ.
549 3418 648 3484 λγ’.
713 3417 1006 3486 Ὀρθόδοξοι
1079 3419 1330 3482 γυναῖκες
1397 3416 1750 3467 συνάπτονται

207 3509 349 3575 τάχα
376 3507 623 3575 γαμικῶς
668 3506 800 3574 μετά
831 3504 1176 3576 Σαρακηνῶν,
1209 3503 1241 3572 ἦ
1279 3504 1370 3554 καὶ
1396 3501 1748 3570 αίρεσιωτῶν,

208 3601 304 3651 καὶ
339 3597 600 3658 θέλουσιν,
632 3596 706 3657 ὡς
736 3594 1126 3664 ὀρθοδοξοῦσαι,
1162 3591 1340 3653 καθὼς
1374 3590 1748 3652 διενίστανται,

211 3686 645 3756 μεταλαμῦἀνειν
701 3685 808 3736 τῶν
855 3684 1010 3736 θείων
1056 3683 1438 3750 ἁγιασμάτων·
1483 3678 1752 3748 ζητοῦμεν

207 3776 300 3829 οὖν
328 3775 388 3827 τὸ
413 3776 655 3843 ποιητέον
686 3775 893 3841 μαθεῖν.

293 3866 484 3921 Ἀπόκ.
528 3866 586 3918 '0
615 3864 652 3917 o'
687 3865 863 3917 κανὼν
898 3865 995 3932 τῆς
1038 3867 1093 3916 ὲν
1146 3863 1221 3931 τῷ
1253 3861 1499 3929 Τρούλλῳ
1538 3859 1751 3911 συνόδου

208 3958 384 4011 ταῦτά
413 3971 582 4026 φησι·
636 3955 724 4022 Μὴ
758 3953 952 4017 ἐξεῖναι
991 3952 1263 4019 όρθόδοξον
1294 3951 1458 4019 ἄνδρα
1506 3948 1750 4018 αἱρετικῇ

213 4047 574 4100 συνάπτεσθαι
598 4044 831 4112 γυναικὶ,
861 4043 996 4111 μήτε
1027 4040 1279 4110 αἱρετικῷ
1303 4040 1451 4106 ἀνδρὶ
1480 4037 1754 4105 όρθόδοξον

210 4138 444 4202 γυναῖκα
482 4133 893 4199 συζεύγνυσθαι.
949 4130 1086 4182 Ἀλλ’
1128 4131 1174 4181 εί
1225 4130 1316 4179 καὶ
1344 4129 1483 4194 φανῇ
1517 4125 1753 4178 τοιοῦτον

211 4224 317 4276 ὑπό
335 4238 479 4282 τινος
511 4221 615 4273 τῶν
645 4221 895 4272 ἁπάντων
917 4218 1215 4285 γινόμενον,
1246 4215 1445 4282 ἄκυρον
1469 4213 1559 4264 τὸν
1581 4213 1753 4280 γάμον

211 4309 496 4379 ἡγεῖσθαι,
537 4306 630 4358 καὶ
669 4305 730 4358 τὸ
773 4305 1007 4372 ἄθεσμον
1047 4300 1351 4355 διαλύεσθαι
1403 4299 1752 4368 συνοικέσιον.

1850 3148 2060 3198 nemur,
2097 3133 2251 3201 juxta
2285 3146 2548 3186 canonem
2575 3133 2863 3196 dicentem,
2897 3132 2995 3198 Qui
3027 3135 3388 3187 communicet

1851 3235 1971 3274 cum
2015 3220 2501 3285 excommunicato,
2529 3229 2612 3275 est
2650 3223 3146 3276 excommunicatus
3171 3231 3223 3276 et
3250 3225 3386 3291 ipse.

1924 3398 2120 3458 Interr.
2157 3401 2242 3453 35.
2292 3397 2616 3454 Orthodoxze
2671 3399 2925 3453 mulieres
2985 3400 3388 3468 conjunguntur

1853 3487 1990 3542 forte
2023 3504 2115 3556 per
2140 3488 2356 3556 nuptias
2390 3502 2512 3540 cum
2544 3486 2830 3541 Saracenis
2862 3489 2942 3540 vel
2974 3488 3260 3550 haereticis,
3293 3505 3388 3542 vo-

1852 3578 2095 3646 luntquc,
2128 3587 2184 3631 ut
2214 3577 2349 3630 bene
2377 3576 2443 3630 de
2475 3576 2575 3628 ﬁde
2604 3577 2912 3641 sentientes,
2938 3576 3387 3644 quemadmodum

1853 3675 2169 3719 constanter
2202 3666 2570 3729 instituerunt,
2605 3667 2889 3735 participes
2931 3666 3044 3721 fich
3083 3667 3387 3720 divinarum

1853 3754 2364 3815 sanctiﬁcationum.
2422 3753 2721 3818 Quaerimus
2773 3756 2898 3822 quid
2953 3755 3252 3808 faciendum
3297 3759 3386 3808 sit.

1927 3843 2075 3912 Resp.
2097 3843 2282 3898 Canon
2303 3843 2369 3898 70
2401 3845 2592 3910 synodi
2618 3843 2669 3896 in
2705 3844 2889 3897 Trulio
2913 3845 3024 3897 haec
3052 3844 3287 3898 aitzNon
3322 3847 3386 3896 li-

1854 3949 1975 3988 cere
2019 3935 2133 3987 viro
2172 3933 2471 3987 orthodoxa
2514 3947 2633 3985 cum
2682 3933 2906 3986 muliere
2961 3933 3207 3987 haeretica
3265 3949 3394 3986 con-

1851 4023 2024 4090 jungi,
2059 4037 2231 4089 neque
2277 4036 2403 4075 vero
2453 4021 2767 4075 orthodoxa:
2814 4037 2934 4075 cum
2987 4024 3102 4075 viro
3142 4023 3391 4076 heretico

1853 4112 2115 4181 copulari.
2147 4112 2250 4165 Sed
2280 4112 2380 4166 etsi
2413 4111 2543 4180 quid
2592 4111 2856 4179 ejusmodi
2888 4113 2954 4165 ab
2990 4113 3097 4166 ullo
3125 4127 3187 4165 ex
3215 4117 3388 4166 omni-

1857 4203 1956 4257 bus
1994 4202 2194 4255 factum
2237 4203 2562 4270 apparuerit,
2599 4201 2782 4255 irritas
2825 4202 3039 4269 nuptias
3072 4202 3388 4263 existimari,

1855 4303 1908 4346 et
1951 4291 2213 4346 nefarium
2251 4291 2558 4360 conjugium
2595 4292 2810 4344 dissolvi
2852 4309 2864 4344 :
2898 4306 3067 4359 neque
3123 4293 3264 4343 enim
3304 4306 3390 4352 ca,

213 4399 290 4451 Οὐ
322 4398 430 4467 γὰρ
461 4395 566 4464 χρὴ
607 4395 673 4447 τὰ
704 4393 906 4462 ἄμικτα
929 4394 1203 4462 μιγνύναι,
1251 4390 1370 4441 οὐδὲ
1399 4388 1474 4456 τῷ
1498 4387 1752 4455 προϐάτῳ

1857 4398 1975 4449 qum
2019 4395 2124 4434 non
2163 4389 2288 4435 sunt
2334 4383 2627 4444 miscenda,
2669 4381 2914 4445 misceri;
2951 4397 3048 4433 nec
3079 4395 3228 4432 ovem
3269 4393 3391 4432 cum

213 4489 307 4540 τὸν
328 4487 486 4538 λύκον
512 4482 930 4552 συμπλέκεσθαι,
966 4482 1058 4533 καὶ
1081 4483 1143 4549 τῇ
1163 4479 1255 4531 τοῦ
1289 4476 1522 4546 Χριστοῦ
1554 4477 1754 4544 ποίμνῃ

212 4579 306 4630 τὸν
361 4577 470 4628 τῶν
518 4571 850 4642 ἁμαρτωλῶν
893 4571 1109 4640 κλῆρον.
1149 4570 1210 4620 Ei
1236 4567 1291 4619 δὲ
1323 4567 1537 4633 παραὸῇ
1572 4581 1652 4624 τις
1688 4567 1755 4615 τὰ

217 4663 350 4734 παρ’
379 4661 535 4732 ἡμῶν
558 4659 860 4729 ὁρισθέντα,
896 4655 1250 4725 ἀφοριξὲσθω.
1288 4653 1352 4704 Ἡ
1373 4652 1499 4713 γοῦν
1532 4651 1618 4702 διὰ
1658 4649 1754 4715 τὴν

222 4753 458 4820 ἄθεσμον
479 4749 678 4816 ταύτην
704 4745 982 4798 κοινωνίαν
1016 4743 1152 4812 μετὰ
1208 4740 1506 4809 αίρετικοῦ,
1547 4742 1756 4806 ἀφωρι-

220 4841 394 4910 σμένη
426 4837 557 4892 οὖσα
588 4839 680 4889 καὶ⁸
708 4833 1083 4902 ἀκοινώνητος,
1119 4833 1236 4893 πῶς
1280 4831 1385 4882 τῶν
1417 4831 1570 4882 θείων
1599 4829 1761 4893 ἅγια-

222 4933 446 5002 σμάτων
485 4926 780 4994 ἁξιωθείη;
809 4925 1024 4984 πάντως
1049 4921 1304 4990 οὐδαμοῦ,
1341 4922 1389 4971 εί
1419 4919 1492 4988 μὴ
1546 4919 1754 4985 ἀποστῇ

219 5021 315 5076 τοῦ
347 5017 540 5082 κακοῦ,
574 5015 667 5071 κα)⁵
696 5016 991 5074 κανονικοῖς
1021 5011 1309 5080 ἐπιτιμίοις
1333 5007 1615 5077 διορθωθῇ.

303 5198 504 5267 Ἐρώτ.
578 5195 673 5249 λό’.
756 5193 908 5253 Τινὲς
987 5189 1307 5258 γυναικείων
1388 5184 1759 5255 μοναστηρίων

226 5290 565 5362 προεστῶσαι
595 5285 844 5354 ζητοῦσιν
880 5282 1179 5350 ἐκχώρησιν
1209 5278 1566 5343 ὲπισκοπικὴν
1606 5275 1759 5343 χάριν

226 5382 321 5435 τοῦ
368 5379 616 5448 δέχισθαι
661 5373 947 5442 λογισμοὺς
1003 5371 1107 5420 τῶν
1153 5367 1241 5419 ὑπ’
1279 5366 1445 5427 αὐτὰς
1492 5365 1757 5433 μοναχῶν.

231 5471 505 5542 Ζητοῦμεν
531 5463 622 5520 οὖν
663 5467 709 5517 εί
739 5466 883 5515 ἔστιν
922 5460 1261 5528 ἑνδεχόμενον
1302 5455 1455 5508 τοῦτο
1488 5455 1758 5521 γενέσθαι.

1860 4474 2005 4540 lupo,
2046 4486 2141 4524 nec
2185 4479 2524 4539 peccatorum
2569 4479 2768 4524 sortem
2826 4485 2946 4523 cum
2996 4469 3192 4523 Christi
3247 4478 3395 4535 parte

1858 4561 2109 4629 conjungi
2139 4568 2374 4628 oportet.
2429 4559 2482 4612 Si
2528 4560 2649 4626 quis
2691 4569 2868 4612 autem
2904 4573 2988 4620 ea,
3016 4576 3134 4626 quae
3165 4575 3192 4610 a
3238 4559 3394 4611 nobis

1861 4653 2074 4706 decreta
2115 4662 2260 4713 sunt,
2297 4658 2665 4719 transgressus
2695 4651 2878 4712 fuerit,
2907 4662 3231 4719 segregctur.
3269 4652 3395 4717 Quae

1861 4742 2025 4808 igitur
2056 4755 2148 4808 per
2183 4741 2421 4792 illicitam
2459 4741 2599 4792 hanc
2625 4755 2748 4793 cum
2786 4740 3035 4791 hmretico
3066 4743 3393 4802 societatem,

1859 4831 2212 4884 exterminata
2244 4830 2815 4895 exconnnunicataque
2840 4835 2949 4890 est,
2983 4843 3210 4894 quonam
3240 4829 3395 4881 modo

1865 4920 2150 4973 habebitur
2199 4919 2396 4972 divinis
2448 4918 2962 4972 sanctiﬁcationibus
3015 4918 3206 4984 digna?
3251 4919 3396 4970 nullo

1865 5023 2108 5076 prorsus,
2138 5009 2241 5060 nisi
2287 5023 2317 5060 a
2362 5008 2500 5060 malo
2532 5007 2782 5070 divertat,
2818 5015 2871 5061 et
2903 5008 3178 5061 canonicis
3211 5023 3390 5060 emcn-

1867 5098 1989 5151 data
2021 5096 2090 5149 sit
2119 5094 2570 5148 correctionibus.

1935 5184 2131 5236 Interr.
2168 5183 2256 5237 δι.
2296 5183 2549 5248 Quaedam
2582 5181 2920 5236 muliebrium
2944 5185 3392 5237 monasteriorum

1865 5272 2128 5342 praefecte:
2167 5273 2526 5342 episcOpalem
2577 5274 2857 5339 requirunt
2905 5275 3110 5326 veniam
3133 5282 3177 5336 ι’,
3205 5281 3262 5325 ut
3290 5275 3390 5326 sibi

1865 5363 2200 5416 subditarum
2227 5362 2533 5414 monialiutu
2561 5361 2845 5416 ratiocinia
2868 5373 2887 5399 '
2904 5362 3216 5432 suscipiant.
3239 5360 3394 5427 Qua-

1868 5455 2058 5511 rimus,
2093 5467 2159 5505 an
2202 5453 2330 5505 illud
2371 5451 2578 5505 admitti
2619 5453 2806 5517 possit.

1505 5543 1726 5597 VARIA‘I
1767 5540 2160 5596 LECTIONES.

315 5661 338 5692 τ
368 5648 777 5715 permissionem.
862 5647 881 5671 ⁵
921 5640 1281 5708 confessiones.
