4004 6448
583 341 686 406 981

556 558 1003 620 sacerdmibus,
1062 556 1462 608 confessionum
1525 557 1801 623 suscipere
1855 557 2138 610 ratiocinia

589 665 713 703 cum
765 648 1057 716 episcopali
1109 649 1398 714 permissu.
1433 646 1488 698 Si
1542 646 1709 712 igitur
1750 662 1853 700 non
1894 656 2140 700 sacratus

589 741 877 811 praefectus
923 753 1021 793 nec
1063 753 1184 791 cum
1232 738 1523 804 episcopali
1565 739 1837 805 permissu
1877 738 1926 790 id
1965 737 2139 790 facere

586 839 790 900 potest,
825 831 996 882 multo
1029 829 1207 881 minus
1238 827 1288 878 id
1328 829 1595 894 praelecta;
1631 842 1952 882 concessum
1987 828 2088 882 erit
2123 844 2135 879 :

585 922 688 974 etsi
724 921 895 974 virtus
925 919 1044 988 ejus
1070 919 1235 972 solem
1268 918 1556 986 splendore
1588 926 1832 985 superet.

661 1099 858 1156 Interr.
916 1099 1005 1152 35.
1038 1097 1210 1152 Divini
1269 1113 1504 1152 canones
1556 1097 1984 1151 diaconissarum
2031 1111 2140 1148 mc-

587 1195 883 1248 minerunt.
909 1191 1231 1254 Quaerimus.
1264 1190 1423 1256 quale
1454 1189 1525 1242 sit
1553 1203 1736 1240 earttm
1764 1187 2016 1239 oilicium.

663 1374 818 1442 Resp.
853 1372 990 1428 Olim
1022 1369 1312 1438 aliquando
1338 1369 1555 1423 ordines
1592 1370 2016 1422 diaconissarum
2051 1382 2142 1419 ca-

588 1464 818 1519 nouihus
849 1463 1046 1529 cogniti
1074 1460 1242 1521 fuere,
1269 1458 1643 1524 habebantque
1674 1457 1802 1522 ipsae
1820 1455 2042 1523 gradum
2073 1452 2136 1503 ad

584 1561 778 1611 altare.
811 1555 1203 1608 Menstruorum
1241 1559 1417 1603 autem
1452 1549 1755 1616 inquinatio
1778 1545 2136 1599 ministerium

589 1660 776 1699 carum
813 1659 842 1696 a
873 1644 1056 1695 divino
1089 1649 1144 1692 et
1173 1649 1360 1692 sancto
1381 1638 1537 1692 altari
1568 1637 1788 1704 expulit.
1821 1634 1876 1687 ‘.n
1906 1635 2138 1688 sanctis-

589 1739 724 1791 sima
757 1743 934 1787 autem
966 1731 1207 1784 Ecclesia
1248 1728 1390 1782 sedis
1419 1727 2134 1794 Constantinopolitanorum

587 1828 911 1879 diaconissae
948 1823 1279 1890 deliguntur,
1308 1834 1469 1883 unam
1513 1817 1731 1886 quidem
1775 1815 2141 1869 communica-

586 1919 788 1969 tionem
827 1929 934 1966 non
965 1913 1229 1964 habentes
1253 1910 1315 1960 ad
1343 1911 1533 1970 altare,
1558 1908 1608 1958 in
1639 1906 1823 1958 multis
1846 1912 2022 1957 autem
2051 1904 2135 1956 ha-

592 2011 778 2058 bentes
819 2009 1171 2062 conventum,
1211 2007 1263 2051 et
1311 1998 1622 2050 muliebrem
1651 2003 1848 2049 castum
1881 1994 2142 2048 ecclesia-

589 2097 724 2149 sticc
754 2095 1065 2159 dirigentes.

662 2183 856 2236 lnterr.
893 2181 984 2234 56.
1015 2179 1095 2231 An
1131 2175 1497 2232 subdiaconus
1535 2183 1588 2226 et
1611 2173 1868 2229 diaconus
1906 2172 2143 2243 legitime

587 2274 760 2342 possit
789 2287 909 2324 cum
941 2270 1163 2321 muliere
1186 2264 1452 2335 capulari,
1485 2278 1674 2317 necne.

659 2368 813 2434 Resp.
855 2367 920 2419 Et
949 2378 1203 2424 canones,
1237 2371 1288 2414 et
1322 2358 1469 2428 leges
1507 2358 1665 2411 variae
1694 2364 1874 2410 vetant
1902 2364 2144 2410 sacratos

590 2468 712 2528 post
735 2457 1130 2510 ordinationem
1160 2450 1482 2505 mulieribus
1506 2447 1782 2516 conjungi.
1807 2447 1942 2500 Cum
1964 2453 2142 2498 autem

588 2549 670 2618 (ιιι
712 2543 939 2610 videtur)
988 2543 1306 2595 canonicum
1358 2539 1460 2602 hoc
1513 2544 1947 2591 contemneretur
1979 2535 2145 2588 inter-

590 2640 814 2698 dictum,
863 2636 1001 2686 inter
1045 2632 1403 2698 imperatores
1455 2625 1688 2695 inclytus
1715 2632 1769 2678 et
1807 2622 2143 2693 sapientissi-

591 2741 712 2780 mus
737 2724 986 2777 dominus
1010 2721 1117 2774 Leo
1148 2731 1243 2787 per
1273 2714 1548 2770 Novellam
1586 2714 1919 2768 sanctionem
1953 2712 2140 2766 vitium

587 2815 910 2868 emendavit.
971 2810 1150 2878 Inquit
1208 2808 1353 2861 enim
1404 2806 1515 2858 haec
1549 2805 1604 2857 in
1648 2814 1800 2876 parte
1847 2805 2139 2872 expressim

589 2905 748 2958 tertia
785 2904 903 2970 ejus
947 2898 1163 2953 Novella
1200 2896 1499 2950 :Jubemus
1526 2903 1584 2948 ut
1614 2896 1679 2949 ad
1713 2903 1866 2950 vetus
1893 2893 2141 2949 Ecclesia!

594 3009 824 3064 superne
839 2992 1092 3046 traditum
1109 2987 1479 3058 praescriptum
1504 2985 1808 3040 creationes
1827 2982 2138 3053 procedant:

1819 349 2091 412 TllEOD.
2137 349 2622 410 BALSAMONIS
3699 354 3787 419 983

560 491 561 498 η
661 464 812 532 Resp.
846 465 982 518 Alibi
1031 465 1190 517 etiam
1239 465 1494 525 diximus,
1545 464 1673 518 solis
1723 466 1980 519 tributum
2018 484 2135 520 t'SSC
2168 477 2209 529 Α

2323 473 2519 526 Ἁπόπ.
2565 475 2668 524 Καὶ
2712 471 2893 524 ἄλλοτε
2930 473 3168 543 εἴπομεν,
3215 478 3398 546 μόνοις
3443 484 3558 543 τοῖς
3601 481 3787 551 ἱερεῦσι

2243 563 2379 629 μετὰ
2428 564 2792 631 ἐπισκοπικῆς
2843 567 3198 633 ἐκχωρήσεως
3239 569 3529 637 δεδομένον
3578 567 3789 627 εἶναιτὸ

2238 652 2487 721 δέχεσθαι
2534 651 2847 720 λογισμούς.
2933 657 3027 706 Ἂν
3067 657 3196 719 γοῦν
3247 657 3368 710 οὐδὲ
3410 660 3627 727 άνίερος
3671 665 3788 714 καθ-

2239 741 2543 809 ηγούμενος
2585 741 2722 810 μετὰ
2761 745 3122 812 ἐπισκοπικῆς
3162 747 3532 816 ἐκχωρήσεως
3583 750 3789 802 δύναται

2238 832 2486 900 δέχεσθαι
2530 833 2858 900 λογισμοὺς,
2910 835 3088 902 πολλῷ
3133 836 3298 888 πλέον
3361 838 3464 889 οὐκ
3511 842 3786 910 ἐκχωρηθῇ

2237 919 2394 970 τοῦτο
2432 919 2581 987 παρὰ
2617 920 3031 989 καθηγουμένης
3070 922 3317 987 γίνεσθαι
3341 964 3356 987 ,
3421 925 3525 978 κᾶν
3560 930 3592 995 ἡ
3634 931 3787 998 ἀρετὴ

2239 1010 2406 1075 αὐτῆς
2437 1009 2626 1079 λάμπῃ
2650 1010 2788 1077 ὑπὲρ
2819 1011 2910 1062 τὸν
2930 1009 3101 1078 ἥλιον.

2322 1098 2670 1162 Ἐρώτ.“λε’.
2737 1102 2797 1152 Oi
2843 1099 2970 1152 θεῖοι
3023 1101 3246 1164 κανόνες
3310 1105 3620 1172 μέμνηνται
3684 1108 3786 1159 δια-

2239 1189 2518 1240 κονισσῶν.
2541 1189 2816 1258 Ζητοῦμεν
2838 1185 2932 1242 οὖν
2966 1193 3156 1260 μαθεῖν
3189 1193 3339 1246 ποῖόν
3365 1197 3484 1248 ἐστι
3511 1196 3574 1248 τὸ
3600 1197 3787 1249 τούτων

2240 1275 2624 1345 λειτούργημα.

2322 1365 2524 1416 Ἀπόκ.
2556 1364 2728 1416 Πάλαι
2753 1365 2879 1417 ποτέ
2909 1365 3000 1417 καὶ
3034 1365 3284 1434 τάγματα
3305 1368 3660 1422 διακονισσῶν
3690 1376 3789 1433 τοῖς

2240 1454 2460 1506 κανόσιν
2501 1455 2916 1522 ἐπεγινώσκετο,
2953 1457 3044 1508 καὶ
3085 1455 3228 1526 εἶχον
3261 1461 3356 1511 καὶ
3400 1456 3564 1512 αὗται
3597 1462 3787 1530 βαθμὸν

2239 1546 2295 1596 ἐν
2341 1545 2418 1614 τῷ
2471 1545 2709 1614 βήματι·
2770 1547 2800 1615 ἡ
2850 1546 2907 1599 δὲ
2958 1547 3064 1599 τῶν
3113 1549 3375 1618 ἐμμήνων
3423 1553 3666 1614 κάκωσις
3700 1555 3786 1621 τὴν

2241 1632 2540 1701 ὑπηρεσίαν
2591 1635 2787 1704 ταύτην
2816 1638 2878 1687 ἐκ
2904 1635 2995 1687 τοῦ
3030 1634 3176 1687 θείου
3203 1637 3297 1688 καὶ⁵
3334 1638 3495 1702 ἁγίου
3564 1639 3786 1707 βήματος

2239 1721 2580 1783 ἀπεξένωσεο
2621 1725 2770 1791 παρὰ
2816 1726 2871 1777 δὲ
2927 1727 2992 1794 τῇ
3038 1726 3313 1796 ἁγιωτάτῃ
3371 1728 3668 1799 Ἐκκλησία
3703 1731 3784 1781 τοῦ

2244 1811 2434 1881 θρόνου
2468 1813 2574 1864 τῶν
2620 1813 3265 1867 Κωνσταντινουπολιτῶν
3297 1816 3634 1870 διακόνισσαι
3667 1837 3785 1886 προ-

2242 1899 2590 1972 χειρίξονται,
2631 1905 2758 1971 μίαν
2794 1906 2893 1971 μὲν
2935 1908 3222 1972 μετουσίαν
3263 1910 3340 1977 μὴ
3374 1908 3595 1977 ἔχουσαι
3629 1914 3682 1962 ἐν
3718 1912 3784 1978 τῷ

2245 1991 2471 2060 βήματι,
2519 1991 2975 2058 ἐκκλησιάζουσαι
3016 1995 3072 2046 δὲ
3105 1996 3172 2046 τὰ
3221 1996 3414 2059 πολλὰ,
3455 1999 3552 2050 καὶ
3579 1999 3673 2068 τὴν
3699 2017 3784 2066 γυ-

2243 2083 2548 2133 ναικωνϊτιν
2573 2082 3038 2149 ἐκκλησιαστικῶς
3063 2083 3471 2155 διορθούμεναι.

2325 2169 2520 2236 Ἐρώτ.
2570 2171 2676 2236 λς’.
2734 2173 3111 2237 ’Υποδιάκονος
3156 2175 3252 2227 καὶ
3287 2177 3534 2240 διάκονος
3580 2177 3783 2232 δύναται

2242 2263 2487 2331 νομίμως
2515 2265 2844 2331 συναφθῆναι
2879 2265 3121 2330 γυναικὶ,
3149 2265 3182 2333 ἢ
3209 2264 3270 2317 οῦ
3293 2284 3308 2329 ;

2325 2353 2525 2406 Ἀπόκ.
2555 2355 2660 2406 Καὶ
2693 2355 2910 2416 κανόνες
2943 2357 3035 2407 καὶ
3062 2356 3214 2424 νόμοι
3253 2356 3502 2425 διάφοροι
3529 2357 3780 2411 κωλύουσι

2242 2440 2367 2503 τοὺς
2419 2442 2744 2511 ίερωμένους
2802 2443 3166 2497 συνάπτεσθαι
3227 2447 3447 2513 γυναιξὶ
3507 2451 3643 2516 μετὰ
3696 2449 3782 2515 τὴν

2242 2531 2593 2599 χειροτονίαν.
2631 2532 2734 2585 Τοῦ
2771 2533 2828 2586 δέ
2861 2534 3101 2588 τοιούτου
3143 2538 3430 2589 κανονικοῦ
3483 2540 3782 2608 παραγγέλ-

2246 2635 2412 2687 ματος
2468 2622 2846 2691 ὰθετουμένου,
2907 2624 2980 2684 ὡς
3031 2623 3230 2689 ἔοικεν,
3290 2630 3318 2679 ὁ
3373 2631 3432 2680 ἐν
3489 2628 3782 2696 βασιλεῦσιν

2243 2711 2482 2776 ἀοίδιμος
2528 2715 2619 2765 καὶ
2670 2715 2974 2780 σοφώτατος
3025 2718 3211 2785 κύριος
3261 2719 3433 2778 Λέων,
3480 2719 3566 2772 διὰ
3614 2719 3782 2773 θεσπί-

2247 2819 2449 2872 σματος
2481 2803 2696 2872 Νεαροῦ
2730 2806 2788 2856 τὸ
2833 2805 3001 2858 κακὸν
3043 2806 3413 2876 διωρθώσατο.
3457 2810 3596 2878 Φησὶ
3627 2812 3724 2878 γὰρ
3745 2813 3776 2877 ἡ

2241 2893 2396 2960 τρίτη
2445 2893 2630 2962 Νεαρά
2684 2894 2848 2947 αὐτοῦ
2901 2897 2958 2946 ἐν
3015 2897 3168 2965 μέρει
3215 2896 3389 2949 ταῦτα
3437 2899 3653 2966 ῥητῶς·
3683 2901 3778 2950 Κε-

2241 2978 2466 3047 λεύομεν
2520 2981 2658 3032 κατὰ
2704 2982 2764 3032 τὸ
2815 2982 3019 3035 ἄνωθεν
3057 2984 3282 3053 ἀρχαῖον
3329 2986 3430 3053 τῆς
3474 2986 3783 3054 Ἐκκλησίας

594 3098 768 3152 neque
796 3083 938 3136 enim
981 3080 1201 3148 dignum
1252 3087 1354 3138 est,
1383 3085 1443 3129 ut
1484 3074 1575 3144 qui
1624 3073 1855 3144 spiritali
1903 3087 2135 3127 ascensu

2244 3067 2514 3136 διάταγμα
2575 3070 2671 3131 τὰς
2739 3072 3066 3139 χειροτονίας
3131 3072 3470 3140 προσαίνειν.
3549 3077 3623 3127 Οὑ
3685 3076 3782 3141 γὰρ

594 3186 757 3240 supra
789 3170 1031 3238 corporis
1071 3167 1429 3238 abjeclionem
1463 3165 1631 3222 evecti
1663 3174 1812 3232 sunt,
1855 3163 1911 3220 hi
1953 3181 2142 3221 rursus

593 3261 661 3316 ad
695 3258 874 3314 carnis
903 3259 1089 3313 sordes
1111 3259 1468 3326 delabantur_;
1489 3255 1582 3311 sed
1606 3257 1883 3319 ediverso,
1921 3265 1978 3308 ut
2007 3255 2141 3309 divi-

595 3366 722 3404 num
777 3347 1138 3401 ministerium
1175 3361 1237 3398 ex
1289 3346 1536 3412 corporis
1572 3343 1824 3417 sordibus
1888 3351 2141 3408 tanquam

596 3438 649 3490 in
681 3438 843 3490 altum
887 3435 1117 3504 aliquem
1149 3434 1377 3504 gradum
1419 3431 1770 3494 conscendat,
1815 3432 2144 3486 convenien-

595 3527 705 3579 tius
762 3525 940 3579 fuerit.
994 3523 1354 3588 Quamobrem
1408 3536 1564 3576 nemo
1609 3534 1820 3582 eorum,
1848 3520 1939 3589 qui
1988 3519 2143 3573 altari

596 3617 859 3677 serviunt,
887 3621 1005 3681 post
1029 3612 1424 3665 ordinationem
1456 3609 1710 3664 audacter
1734 3611 1849 3679 lege
1887 3608 2143 3663 connubii

599 3701 805 3755 mulieri
846 3702 1230 3768 conjungetur.
1271 3699 1437 3767 idque
1478 3699 1524 3754 si
1570 3695 1781 3762 fecerit,
1826 3698 2143 3767 deponctur.

597 3792 727 3845 Nam
775 3801 896 3844 ante
934 3791 1329 3844 ordinationem
1382 3787 1561 3843 facere
1607 3788 1778 3852 licuit,
1832 3787 1974 3856 quod
2025 3792 2147 3856 post

594 3893 713 3931 eam
747 3879 879 3932 adeo
916 3885 1052 3930 male
1078 3874 1179 3928 fuit
1203 3889 1390 3930 ausus.

667 4141 864 4195 Interr.
918 4138 1006 4192 37.
1074 4136 1304 4188 Licitum
1372 4142 1454 4188 est
1513 4134 1821 4189 sacerdotes
1859 4133 2144 4204 praefectos

598 4231 939 4290 exsistentes,
979 4228 1058 4279 vel
1085 4227 1425 4295 primopapas
1445 4227 1514 4286 ι’,
1538 4233 1590 4277 et
1615 4223 1914 4293 pontiﬁces,
1956 4239 2144 4293 super-

598 4320 825 4372 unnicis
879 4325 932 4370 et
972 4313 1459 4384 supergenualibus
1499 4314 1764 4383 insigniri,
1798 4328 1861 4366 an
1903 4326 1985 4369 est
2014 4317 2144 4369 veti-

597 4419 735 4462 tum.

668 4496 817 4563 Resp.
848 4492 1358 4562 Supermanicarum
1396 4499 1450 4545 et
1471 4496 1942 4562 supergenualium
1965 4511 2149 4549 sacra-

601 4589 846 4642 tis‘simus
884 4587 1113 4639 amictus
1158 4585 1289 4638 solis
1324 4585 1675 4652 pontiﬁcibus
1722 4588 2015 4644 attributus
2044 4595 2145 4652 est,

601 4681 745 4732 velut
774 4678 999 4744 ﬁguram
1024 4675 1396 4728 obtinentibus
1423 4674 1657 4739 Domini,
1693 4685 1746 4730 et
1786 4676 1902 4738 Dei,
1936 4686 1989 4732 et
2028 4678 2150 4731 Ser-

601 4767 804 4819 vatoris
841 4765 1008 4817 nostri
1032 4762 1158 4816 Jeau
1200 4762 1403 4816 Christi
1437 4778 1448 4815 :
1478 4763 1709 4832 indeque
1741 4773 1953 4832 peccata
1985 4767 2147 4819 etiam

604 4856 881 4910 hominum
906 4854 1203 4917 remittunt,
1236 4853 1446 4921 aliaque
1469 4854 1670 4920 majora
1695 4853 1759 4907 ad
1790 4855 2142 4909 imitationem

601 4941 802 4996 Christi
844 4941 1069 5000 faciunt,
1103 4955 1224 5007 quae
1257 4938 1630 4992 sacerdotibus
1670 4937 1795 4991 data
1845 4953 1952 4991 non
1997 4949 2140 4991 sunt.

603 5031 781 5095 Quare
811 5043 982 5096 neque
1017 5026 1534 5093 supermunicarum,
1568 5041 1744 5094 neque
1775 5039 2140 5094 supergenua-

607 5124 737 5174 lium
787 5117 1139 5171 merebuntur
1169 5115 1444 5169 amictum.
1497 5115 1628 5168 Nam
1672 5115 2060 5184 supermanica:
2088 5114 2143 5167 {i-

601 5221 737 5276 gura
801 5214 928 5258 sunt
975 5204 1333 5264 manicarum,
1377 5203 1573 5271 quibus
1628 5213 1781 5256 erant
1838 5204 2143 5257 constrictae

605 5311 797 5348 manus
841 5294 1072 5358 Domini,
1117 5302 1170 5347 et
1213 5293 1327 5354 Dei,
1368 5301 1420 5346 et
1457 5292 1758 5345 Servatoris
1802 5293 1971 5345 nostri
2016 5289 2143 5344 Jesu

601 5383 823 5451 Christi,
852 5383 1066 5453 quando
1090 5384 1154 5436 ad
1189 5383 1548 5437 voluntariam
1582 5381 1888 5450 passionem
1916 5391 2143 5435 conten-

2243 3158 2390 3223 ἄξιόν
2441 3160 2576 3222 ἐστι.
2633 3160 2770 3230 μετὰ
2826 3159 2884 3215 τὸ
2933 3161 3277 3230 ἀνυψωθῆναι
3329 3165 3429 3233 τῆς
3480 3167 3784 3234 σωματικῆς

2242 3249 2620 3307 ταπεινώσεως
2683 3253 2786 3303 ὑπὸ
2841 3253 2941 3320 τῆς
3011 3255 3391 3321 πνευματικῆς
3458 3257 3780 3318 ἀναϐάσεως,

2241 3343 2462 3404 τούτους
2488 3343 2648 3395 πάλιν
2679 3347 2770 3395 ἐπὶ
2805 3346 2902 3413 τὴν
2931 3346 3202 3413 σαρκικὴν
3230 3346 3598 3413 ταπεινότητα
3628 3364 3782 3398 κατα-

2246 3431 2498 3483 πίπτειν
2549 3431 2856 3484 τούναντίον
2897 3432 2953 3483 δὲ
3004 3433 3202 3500 μᾶλλον
3244 3434 3350 3502 χρὴ
3400 3435 3483 3496 είς
3537 3436 3783 3486 ἀνάϐασιν

2243 3519 2449 3588 ὑψηλὴν
2491 3518 2588 3588 τὴν
2640 3519 2786 3572 θείαν
2832 3519 3168 3588 λειτουργίαν
3217 3525 3284 3574 ἐκ
3329 3523 3429 3591 τῆς
3479 3524 3784 3591 σωματικῆς

2244 3608 2627 3674 ταπεινότητος
2654 3607 2983 3661 άναὸαίνειν.
3019 3607 3110 3662 Διὸ
3144 3610 3325 3673 οὐδεὶς
3356 3612 3466 3663 τῶν
3492 3614 3589 3665 τοῦ
3621 3613 3781 3682 βήμα-

2243 3711 2330 3756 τος
2352 3693 2488 3763 μετὰ
2507 3694 2603 3763 τὴν
2627 3695 2952 3761 χειροτονίαν
2978 3696 3266 3766 τολμηρῶς
3297 3698 3630 3770 συζευχθείη
3663 3702 3784 3754 κατὰ

2244 3784 2403 3852 νόμον
2431 3784 2606 3851 γάμου
2649 3785 2898 3849 γυναικί·
2950 3785 3106 3837 τοῦτο
3152 3786 3208 3839 δέ
3251 3789 3492 3856 ποιήσας
3543 3791 3785 3860 καθαιρε-

2246 3871 2485 3936 θήσεται.
2555 3871 2711 3939 Ἐξῆν
2771 3872 2879 3940 γὰρ
2933 3873 3080 3937 αὑτῷ
3142 3875 3247 3943 πρὸ
3313 3877 3414 3945 τῆς
3465 3881 3783 3948 χειροτονίας

2242 3958 2465 4026 ποιῆσαι
2493 3958 2555 4009 τὸ
2605 3960 2742 4027 μετὰ
2780 3961 2880 4028 τὴν
2914 3963 3247 4031 χειροτονίαν
3278 3963 3424 4017 οὕτω
3462 3969 3650 4030 κακῶς
3679 3969 3781 4019 τε).-

2246 4049 2436 4118 μηθέν.

2323 4138 2516 4204 Ἐρώτ.
2571 4137 2672 4202 λζ’.
2713 4137 3054 4210 Ἐκχωρητόν
3086 4142 3202 4194 ἐστι
3231 4143 3359 4205 τοὺς
3409 4145 3597 4215 ἱερεῖς,
3631 4148 3786 4216 ἡγου-

2245 4228 2433 4295 μένους
2457 4229 2632 4293 δντας,
2659 4228 2695 4297 ἢ
2725 4231 3181 4298 πρωτοπαπάδας,
3219 4233 3314 4285 καὶ
3344 4234 3474 4297 τοὺς
3501 4236 3784 4308 ἀρχιερεῖς,

2242 4315 2330 4366 διὰ
2375 4315 2713 4384 ἐπιμανίκων
2763 4317 2858 4368 καὶ
2896 4317 3254 4383 ἐπιγονατίων
3300 4319 3786 4389 άιιτοσεμνύνεσθιιι⁸

2175 4385 2219 4440 ί)
2253 4403 2284 4472 ἢ
2313 4403 2615 4456 κεκώλυται
2635 4421 2650 4469 ;

2324 4491 2513 4544 Ἆπόκ.
2555 4491 2620 4543 Ἠ
2641 4491 2750 4543 τῶν
2788 4492 3125 4560 ἐπιμανίκων
3165 4493 3256 4545 καὶ
3287 4494 3396 4546 τῶν
3443 4497 3789 4565 ἐπιγονατίων

2247 4580 2511 4650 ἱερωτάτη
2541 4580 2824 4648 δνδυμτνία
2855 4583 3036 4650 μόνοις
3062 4585 3175 4645 τοῖς
3218 4584 3538 4654 ἀρχιερεῦσι
3584 4588 3790 4654 πεφιλο-

2243 4671 2489 4739 τίμηται,
2539 4669 2612 4732 ὡς
2658 4671 2750 4722 τὸν
2794 4670 2962 4722 τύπον
3005 4672 3257 4739 ἐπέχουσι
3298 4672 3390 4723 τοῦ
3449 4675 3657 4743 Κυρίου
3706 4677 3789 4728 καὶ

2244 4759 2375 4811 Θεοῦ
2403 4761 2494 4814 καὶ
2521 4760 2772 4828 Σωτῆρος
2810 4759 2966 4828 ἡμῶν
3007 4760 3185 4829 Ἰησοῦ
3212 4763 3474 4831 Χριστοῦ·
3509 4765 3788 4817 κάντεῦθεν

2247 4851 2342 4901 καὶ
2367 4851 2635 4919 ἁμαρτίας
2663 4850 2912 4918 άφιοῦσιν
2944 4851 3267 4920 ἀνθρώπων,
3290 4854 3382 4904 καὶ
3410 4853 3548 4906 ἄλλα
3588 4855 3786 4906 ποιοῦσι

2248 4939 2706 5008 Χριστομιμήτως
2766 4938 3005 5008 μείζονα,
3065 4941 3164 4992 ὅσα
3223 4944 3337 5003 τοῖς
3401 4942 3638 5011 ἱερεῦσιν
3699 4945 3786 4996 οὐκ

2247 5025 2585 5094 ὲνεδόθησαν.
2628 5026 2717 5077 Διὸ
2745 5025 2865 5078 οὺδέ
2894 5025 2991 5093 τῆς
3029 5026 3138 5076 τῶν
3167 5028 3514 5096 ἐπιμανίκων
3543 5030 3664 5082 οὐδὲ
3691 5028 3787 5080 τῶν

2247 5113 2600 5178 ἐπιγονατίων
2660 5113 2974 5181 ἐνδυμενίας
3041 5111 3454 5184 ἀξιωθήσονται.
3539 5118 3620 5171 Τά
3691 5119 3787 5186 γάρ

2247 5204 2543 5273 ἐπιμάνικα
2568 5205 2737 5267 τύπος
2771 5206 2878 5257 alat
2924 5206 3032 5259 τῶν
3060 5209 3390 5277 χειροπεδῶν
3428 5210 3538 5262 τῶν
3570 5211 3786 5278 ἐλιχθει-

2249 5293 2354 5344 σῶν
2393 5295 2470 5356 είς
2501 5295 2600 5356 τὰς
2639 5297 2826 5364 χεῖρας
2870 5295 2964 5347 τοῦ
2997 5296 3201 5365 Κυρίου
3242 5299 3337 5350 καὶ
3384 5299 3518 5352 Θεοῦ
3553 5304 3645 5353 καὶ
3688 5301 3784 5353 Σω-

2249 5382 2411 5452 τῆρος
2435 5383 2595 5451 ἡμῶν
2635 5384 2806 5454 Ἰησοῦ
2857 5385 3092 5453 Χριστοῦ
3143 5386 3232 5439 ὅτε
3286 5388 3422 5455 πρὸς
3455 5388 3516 5441 τὸ
3554 5387 3784 5442 ἑκούσιον

1844 5551 2074 5607 VARI/ﬁ
2113 5552 2505 5612 LECTIONES.

681 5652 729 5692 θ’
753 5651 838 5714 qui
862 5649 1067 5702 obbam
1103 5648 1229 5729 sin}.
1259 5645 1334 5699 vel
1369 5645 1772 5713 protopapades.
