4004 6456
191 370 301 451 939

1002 371 1391 432 RESI‘ONSA
1433 370 1534 428 AD
1571 369 2316 429 lNTEllltOGATlONES
2358 367 2616 428 MARCI.

3279 367 3386 428 990

194 489 363 548 πάθος
411 487 684 554 ἠπείγετο.
739 488 809 539 Τὸ
847 489 900 538 δὲ
933 491 1268 556 ἐπιγονὰτιον
1321 492 1396 550 είς
1441 485 1578 540 τύπο
1636 483 1777 540 τοῦι

1838 483 2010 536 ιιι-θοι.
2047 485 2444 556 Supergenuale
2475 497 2674 548 autem,
2717 485 2882 555 figura
2915 494 2997 540 est
3025 486 3198 548 lintei,
3229 492 3371 556 quod

190 573 397 627 λεντίου
429 577 594 639 ἐστὶν,
632 577 659 629 δ
694 578 720 628 ὁ
743 578 937 646 Κύριος
975 579 1275 638 ἐνεδύσατο.
1308 583 1398 631 καὶ
1420 581 1544 638 τοὺς
1573 578 1731 638 πόδας

192 664 298 715 τῶν
323 664 582 734 μαθητῶν
611 665 806 732 ἔνιψεν.
839 669 1045 735 ’Ὠσπερ
1067 667 1156 720 οὖν
1177 669 1237 720 οὐ
1257 669 1431 736 δοθείη
1456 667 1732 736 ὲπισκόπῳ

191 754 296 804 τινὶ
329 753 398 806 τὰ
428 758 538 815 τοῖς
567 757 929 826 πατριάρχαις
964 758 1381 826 φιλοτιμηθέντα
1401 758 1486 810 διά
1512 758 1731 824 ἐνδυμε-

192 843 311 903 νίας
344 845 677 912 χαρίσματα,
703 847 899 907 σάκκος
928 847 1166 915 δηλονότι
1219 849 1310 899 καὶ
1342 847 1733 914 πολυσταύριον

195 932 432 997 (τούτους
469 934 574 1000 γὰρ
611 933 714 984 ὑπὸ
741 936 940 987 τούτων
976 937 1318 988 κυδαίνεσθαι
1353 937 1614 997 δέδοκται,
1660 937 1733 998 ὡς

196 1022 289 1073 καὶ
328 1023 760 1090 ἀναφερομένους
787 1027 866 1084 είς
901 1025 998 1090 τῆς
1038 1026 1357 1093 οἰκουμένης
1389 1026 1453 1076 τὰ
1501 1028 1730 1096 πέρατα⁹

196 1113 366 1177 οὕτως
413 1116 531 1168 οὐδὲ
567 1116 633 1167 τά
671 1119 782 1180 τοῖς
824 1119 1139 1180 ἐπισκόποις
1169 1119 1574 1189 ἀπονεμηθέντα
1607 1136 1735 1185 προ-

195 1205 354 1270 νόμια
402 1205 512 1263 τοῖς
557 1204 754 1272 ίερεῦσι
801 1205 1114 1274 δοθήσεται·
1161 1208 1245 1259 ἵνα
1291 1207 1362 1276 μὴ
1403 1208 1508 1259 τῶν
1538 1207 1735 1275 ἐκκλη-

197 1287 486 1338 σιαστικῶν
535 1288 840 1356 προνομίων
905 1291 1161 1359 σύγχυσις
1220 1293 1461 1361 γένηται,
1519 1294 1612 1345 καὶ
1659 1293 1734 1362 τῷ

197 1378 464 1430 Πλάσαντι
498 1379 626 1448 εῐπῃ
648 1378 706 1430 τὸ
733 1380 972 1448 πλάσμα·
1014 1381 1320 1452 Ἐξισοῦμαί
1350 1400 1452 1437 σοι.

276 1465 474 1533 Ἐρώτ.
530 1465 630 1534 λη’.
698 1469 826 1521 Ἀπὸ
869 1470 1096 1538 ἀρχαίας
1143 1473 1404 1541 ἐγχωρίου
1452 1475 1733 1546 συνηθείας

197 1555 494 1609 θάπτονται
543 1555 766 1622 λείψανα
813 1557 1100 1625 ὀρθοδόξων
1126 1562 1202 1622 είς
1233 1560 1330 1623 τὰς
1373 1563 1510 1615 κατά
1553 1563 1733 1633 χώραν

197 1643 486 1711 ἐκκλησίας
533 1645 720 1713 ἡμῶν.
765 1646 918 1714 Ζητῶ
961 1644 1052 1700 οὖν
1097 1649 1284 1717 μαθεῖν
1330 1652 1377 1702 εί
1421 1650 1534 1704 ἔστι
1579 1653 1734 1705 τοῦτο

195 1734 671 1800 ἀποιριμάτιστον.

1836 570 2008 623 induit
2054 573 2333 634 Dominus,
2378 587 2500 625 cum
2556 574 2940 641 discipulorum
3003 575 3164 642 pedes
3217 573 3372 629 lavit.

1835 660 2290 722 Quemadmodum
2343 663 2504 730 igitur
2550 679 2668 730 qtue
2723 666 3036 732 patriarcbis
3081 681 3172 734 per
3215 667 3374 719 inliu-

1835 759 2012 802 menta
2058 754 2242 819 gratia:
2282 754 2496 805 tributae
2533 764 2657 806 Sunt
2683 756 2722 816 ⁸,
2769 755 2858 806 ulli
2903 756 2993 808 alii
3035 771 3139 809 non
3177 758 3374 809 dantur

1833 839 2108 907 episc0po,
2150 855 2340 893 saccus
2385 841 2629 894 videlicet
2658 852 2710 895 et
2741 859 2870 895 crux
2912 847 3228 914 multiplex'l
3259 847 3374 915 (eos

1833 927 1974 978 enim
2004 929 2150 981 hisce
2183 929 2424 982 decorari
2460 932 2683 998 placuit,
2710 940 2888 1000 utpote
2919 933 3111 987 relatos
3143 936 3249 986 ail'
3279 935 3369 987 ha-

1834 1013 2068 1068 bitabilis
2089 1017 2236 1070 orbis
2268 1021 2550 1086 extrema):
2591 1019 2669 1071 sic
2695 1034 2792 1072 uec
2820 1021 3088 1088 cpiscopls
3111 1036 3366 1077 concessa

1835 1105 2107 1173 privilegia
2139 1107 2508 1163 sacerdotibus
2547 1108 2835 1173 dabuntur,
2868 1124 2932 1162 nc
2966 1112 3367 1181 privilegiorum

1835 1192 2320 1248 ecclesiasticorum
2385 1198 2635 1251 confusio
2695 1199 2805 1263 iiat,
2853 1209 2905 1253 et
2941 1198 3182 1255 Creatori
3227 1201 3372 1258 dicat

1835 1293 2101 1350 creatura,
2141 1287 2400 1355 Exzequor
2432 1289 2546 1342 tibi.

1910 1460 2103 1514 Iule".
2143 1462 2229 1514 58.
2271 1461 2458 1518 Vetere
2489 1466 2776 1533 provincia:
2823 1472 3209 1527 consuetudine
3241 1473 3370 1527 reli-

1836 1550 2016 1616 quim’
2063 1552 2488 1604 ortliodoxorum
2533 1553 2584 1606 in
2624 1565 2820 1609 nostra:
2865 1560 3098 1626 regionis
3127 1562 3368 1616 ecclesiis

1838 1640 2187 1707 sepeliuntur.
2220 1640 2411 1705 Quaero
2437 1643 2597 1710 igitur
2619 1643 2844 1710 discere,
2866 1662 2932 1699 an
2954 1648 3054 1702 boc
3075 1650 3208 1702 citra
3235 1666 3369 1720 pra-

1835 1728 2094 1795 judicium
2129 1728 2238 1780 ﬂat.

279 1823 475 1877 Ἀπόκ.
499 1823 736 1892 Διαφορά
766 1825 968 1894 μεγάλη
993 1825 1445 1896 ὲστὶνὲκκλησιῶν
1475 1845 1732 1900 κασιερω-
1767 1803 1777 1854 1

1909 1814 2060 1883 Resp.
2085 1816 2268 1885 Magna
2297 1815 2596 1871 ditl'erentia
2623 1829 2703 1871 est
2727 1819 2868 1873 inter
2886 1819 3143 1875 ecclesias
3171 1836 3367 1876 cense-

193 1906 390 1966 θεισῶν
446 1914 534 1968 διὰ
579 1917 865 1980 ἐγκσινίων
915 1917 1161 1981 ἁνοιξίων
1215 1919 1307 1969 καὶ
1357 1918 1728 1988 ἐνθρονισμοῦ,

194 2005 496 2073 χρίσματός
529 2021 587 2056 τε
611 2005 764 2071 ἁγίου
795 2003 984 2073 μύρου,
1007 2007 1101 2058 καλ⁵
1127 2007 1434 2070 ἀποθέσεως
1468 2009 1731 2077 λειψάνων

193 2095 366 2161 ἁγίων
400 2095 770 2164 μαρτυρικῶν,
805 2098 896 2146 καὶ
923 2097 1029 2148 τῶν
1058 2097 1130 2165 μὴ
1156 2095 1324 2159 οὕτως
1350 2099 1729 2164 ἁγιασθεισῶν,

197 2186 292 2236 καὶ
317 2185 607 2253 εὐκτηρίου
631 2184 792 2236 τόπον
815 2186 1138 2253 ὲπεχουσῶν.
1169 2189 1259 2238 Διὸ
1292 2189 1348 2238 ὲν
1377 2189 1605 2251 ἐκείναις
1635 2190 1732 2257 μὲν

196 2277 253 2326 εν
284 2267 372 2335 αἷς
401 2273 642 2341 δηλονότι
677 2275 985 2343 μαρτυρικά
1019 2275 1244 2344 λείψανα
1290 2279 1731 2348 τεθησαύρισται,

197 2364 291 2415 καὶ
336 2364 493 2430 ἁγίου
531 2363 699 2432 μύρου
737 2364 1102 2433 ὲμεσολάὸησε
1149 2366 1372 2434 χρίσμα,
1402 2367 1732 2435 ἀνθρώπινον

196 2452 449 2516 λείψανον
477 2452 852 2521 οίονδηποτοῦν
881 2453 940 2504 οὐ
978 2454 1272 2524 ταφήσεται
1303 2454 1458 2524 (κατὰ
1488 2457 1548 2508 τὸ
1574 2455 1616 2524 β’
1641 2472 1732 2508 κε-

197 2541 425 2608 φάλαιον
452 2541 542 2593 τοῦ
570 2541 618 2594 α’
661 2544 838 2595 τίτλου
861 2545 952 2596 τοῦ
979 2546 1019 2596 ε’
1047 2544 1248 2613 βιϐλίου
1288 2546 1392 2597 τῶν
1414 2546 1729 2607 Βασιλικῶν,

196 2632 258 2682 τὸ
286 2629 468 2698 λέγον
495 2631 694 2698 Μηδεὶς
737 2634 792 2684 ιν
820 2633 1079 2702 ἐκκλησία
1103 2634 1347 2686 θαπτέτω
1389 2636 1594 2703 νεκρόν.
1625 2635 1733 2686 Καὶ

201 2720 343 2771 κατὰ
379 2719 470 2771 τδν
516 2719 712 2780 ἔξωθεν
763 2721 926 2773 αὑτοῦ
971 2722 1218 2791 κείμενον
1254 2722 1497 2783 παλαιὸν,
1525 2723 1617 2775 τὸν
1644 2722 1733 2774 λέ-

207 2825 388 2874 γοντα·
424 2811 538 2862 Οὐκ
580 2809 752 2875 ἔξεστι
787 2811 1008 2863 θάπτειν
1039 2812 1157 2864 τινά
1194 2813 1251 2863 ἓν
1297 2811 1574 2882 ἐκκλησίᾳ,
1609 2810 1734 2864 ἔνθα

199 2899 442 2962 δηλονότι
488 2899 756 2969 μάρτυρος
804 2901 977 2952 ἐκεῖσε
1007 2901 1161 2968 σῶμα
1199 2901 1500 2970 ἀπόκειται)
1526 2919 1539 2932 ·
1564 2903 1642 2964 είς
1679 2902 1734 2954 δὲ

201 2988 328 3048 τοὺς
391 2987 464 3056 μὴ
527 2987 668 3040 οὕτω
719 2988 1163 3058 καθιερωθέντας,
1197 2991 1382 3055 ἁγίους
1420 2993 1736 3061 εὐκτηρίους

202 3073 751 3144 κατονομαζομένους,
835 3077 1126 3140 ἀκινδύνως

203 3165 260 3216 λε
270 3165 394 3231 ίψαν
402 3183 433 3216 1
442 3205 456 3218 .

285 3256 485 3320 Ἐρώτ.
541 3253 616 3307 λθ’
695 3255 948 3309 Κὰτοικοί
995 3273 1152 3309 τινων
1206 3258 1446 3326 ὲνοριῶν,
1482 3260 1578 3322 τὰς
1630 3259 1736 3312 τῶν

206 3345 426 3397 οἰκείων
458 3345 751 3416 ἀρχιερέων
781 3348 1110 3415 χειροτονίας
1150 3349 1587 3417 παραιτούμενοι,
1621 3351 1737 3401 ἑτέ-

213 3451 322 3502 ρων
357 3435 574 3502 ινοριῶν
606 3434 920 3497 ἐπισκόποις
953 3437 1336 3504 προσέρχονται
1374 3437 1464 3490 καὶ
1504 3454 1740 3509 χειροτον-

208 3523 358 3583 νιῶν,
420 3523 596 3584 καθὼς
652 3523 877 3586 ἕκαστος
944 3524 1053 3593 ἔχει
1121 3526 1434 3595 θελήματος.
1493 3526 1551 3578 Εί
1613 3527 1740 3594 γοῦν

208 3610 465 3674 ἀσφαλῶς
499 3611 680 3673 αὐτοῖς
716 3613 922 3677 γίνεται
947 3613 1122 3674 τοῦτο,
1157 3615 1302 3682 ζητῶ
1338 3607 1546 3682 μαθεῖν.

293 3699 497 3754 Ἀπόκ.
537 3699 670 3760 Τοὺς
703 3699 798 3766 μὲν
823 3700 1167 3765 ἀναγνώστας
1210 3703 1332 3762 τοὺς
1375 3703 1736 3770 ἁθετήσαντας

210 3787 306 3847 τάς
333 3787 661 3855 χειροτονίας
680 3787 786 3839 τῶν
809 3790 1110 3842 ἐπισκόπων
1123 3791 1319 3851 αὐτῶν,
1345 3791 1436 3843 καὶ
1458 3793 1532 3852 είς
1551 3794 1739 3861 ἑτέρας

210 3876 425 3943 ἑνορίας
477 3876 715 3943 μείζονος
760 3877 1083 3938 ἀξιωθέντας
1131 3878 1334 3946 βαθμοῦ
1373 3879 1458 3932 διὰ
1506 3880 1740 3948 χειροθε-

215 3963 335 4024 σίας
353 3963 731 4030 ὲπισκοπικῆς,
759 3965 1145 4032 ἀκοινωνησίας
1168 3965 1423 4033 ἐπιτιμίῳ
1447 3967 1494 4017 oi
1522 3967 1739 4029 κανόνες

211 4052 677 4104 καθυποδάλλουσι
703 4065 717 4082 ⁶
761 4055 850 4104 καὶ
895 4055 955 4106 οὐ
1007 4055 1163 4121 μόνον
1212 4054 1421 4114 αὐτοὺς.
1465 4055 1597 4108 ἀλλά
1647 4057 1741 4107 καὶ

209 4142 336 4200 τοὺς
394 4143 875 4208 χειροτονήσαντας
943 4141 1198 4205 τούτους,
1268 4143 1443 4202 καθὼς
1497 4141 1564 4195 τά
1615 4145 1740 4211 περὶ

209 4227 400 4280 τούτου
458 4227 784 4294 παρίσταται
837 4227 943 4278 ἀπὸ
996 4229 1087 4279 τοῦ
1143 4227 1213 4280 νδ¹
1273 4229 1489 4290 κανόνος
1540 4229 1636 4297 τῆς
1682 4231 1740 4279 ἐν

212 4315 534 4386 Καρθαγένῃ
579 4316 828 4375 συνόδου,
869 4317 1037 4370 ταῦτα
1068 4319 1205 4370 κατά
1252 4319 1399 4388 ῥῆμα
1444 4318 1740 4386 διαλαμϐά-

1833 1913 2012 1956 cratas
2072 1918 2167 1972 per
2220 1904 2547 1959 initiatorias
2611 1905 3014 1974 dedicationes,
3072 1920 3128 1965 et
3187 1914 3365 1967 throni

1834 1992 2299 2062 inaugurationem
2337 1996 2618 2064 sanctique
2650 1999 2905 2066 unguenti
2943 2001 3268 2066 unctionem,
3314 2018 3369 2059 et

1833 2093 2141 2139 sanctarum
2172 2086 2516 2161 reliquiarum
2565 2097 2859 2157 martyrum
2905 2089 3366 2161 indigitationem;

1831 2183 1884 2228 et
1922 2190 2013 2231 eas
2048 2192 2165 2246 quae
2197 2177 2275 2231 sic
2320 2159 2667 2233 sanctiﬁcata:
2698 2195 2804 2233 non
2839 2191 2988 2246 sunt,
3019 2159 3367 2253 obtinentque

1831 2268 2052 2319 oratorii
2088 2267 2286 2322 locum.
2329 2268 2559 2336 Ideoque
2588 2268 2640 2321 in
2668 2269 2864 2338 quibus
2901 2271 3144 2325 videlicet
3168 2283 3371 2341 marty-

1829 2354 1954 2408 rica:
1994 2356 2229 2423 reliquiae
2256 2357 2542 2410 reconditae
2571 2364 2714 2422 sunt,
2732 2367 2786 2411 et
2814 2358 2986 2411 sancti
3005 2362 3257 2428 unguenti
3286 2363 3366 2414 in-

1833 2442 2059 2495 tervenit
2123 2444 2325 2505 unctio,
2377 2443 2671 2497 humanum
2733 2447 3102 2514 qualecunque
3138 2449 3364 2503 cadaver

1833 2545 1939 2583 non
1967 2530 2276 2597 sepelietur,
2303 2530 2456 2596 juxta
2492 2529 2527 2584 2
2553 2539 2734 2599 caput,
2767 2532 2792 2584 1
2841 2533 2946 2594 tit.,
2991 2533 3023 2585 5
3051 2533 3140 2586 lib.
3179 2533 3371 2588 Basili-

1833 2629 2015 2670 corum
2041 2617 2321 2685 inquiens:
2344 2617 2536 2671 Nullus
2569 2619 2622 2670 in
2646 2618 2874 2671 ecclesia
2902 2621 3192 2684 sepeliatur
3224 2638 3366 2676 more

1835 2713 1981 2758 tuus.
2018 2705 2084 2758 Et
2119 2706 2410 2759 secundum
2439 2715 2730 2768 veteremy,
2759 2718 2905 2762 extra
2937 2725 3057 2764 eum
3101 2713 3369 2779 positum:

1833 2792 1948 2848 Non
1979 2793 2103 2847 licet
2129 2795 2354 2862 sepelire
2383 2809 2706 2864 quemquam
2741 2796 2792 2849 in
2816 2799 3062 2863 ecclesia,
3091 2801 3180 2854 ubi
3218 2802 3366 2855 scili-

1837 2891 1922 2937 cet
1958 2883 2206 2953 martyris
2232 2898 2424 2952 corpus
2447 2884 2745 2952 depositum
2767 2900 2867 2940 est.
2892 2887 2946 2940 ln
2971 2891 3171 2941 sanctis
3189 2901 3366 2943 autem

1836 2973 2091 3026 oratoriis
2157 2975 2457 3042 appellatis,
2485 2990 2604 3044 qua:
2639 2977 2712 3028 ita
2741 2987 3056 3031 consecrata
3090 2993 3195 3032 non
3222 2990 3364 3044 sunt,

1218 3079 1734 3148 {wayaaoﬁmwu
1757 3086 1804 3148 α
1835 3061 2072 3132 reliquiae
2089 3064 2205 3118 sine
2234 3065 2471 3134 periculo
2498 3065 2839 3134 sepelicntur.

1909 3241 2102 3298 lnterr.
2129 3243 2216 3299 59.
2235 3245 2596 3310 Quartlmdam
2619 3248 2974 3315 parmciarum
3008 3249 3212 3311 incolae,
3244 3264 3371 3304 suo-

1838 3348 1955 3387 rum
2027 3334 2335 3403 pontiﬁcum
2395 3335 2760 3393 ordinationes
2825 3347 3165 3407 respuentes,
3231 3339 3365 3392 alia-

1839 3437 1958 3478 rum
1982 3424 2295 3482 dimcesium
2324 3432 2379 3480 et
2405 3426 2798 3480 ordinationum
2827 3428 3108 3495 episcopos
3145 3429 3362 3489 adeunt,

1838 3521 1998 3583 prout
2023 3514 2253 3582 quisque
2311 3513 2557 3566 vultzan
2608 3521 2724 3566 tuto
2780 3513 3000 3580 faciant,
3054 3532 3236 3586 qua-ro
3282 3520 3363 3572 dl-

1838 3618 2007 3656 scere.

1910 3689 2065 3760 Resp.
2088 3690 2338 3744 Lectores
2363 3692 2598 3760 quidem,
2624 3692 2713 3761 qui
2745 3709 2963 3748 suorum
2994 3698 3366 3766 episcoporum

1841 3779 2205 3834 ordinationes
2232 3789 2581 3848 spreverunt:
2617 3791 2670 3834 et
2699 3783 2748 3835 in
2783 3783 2901 3836 aliis
2930 3785 3218 3852 provinciis
3258 3803 3370 3840 ms-

1835 3867 2006 3934 jorem
2045 3869 2266 3937 gradum
2294 3883 2387 3936 per
2415 3870 2731 3937 episcopalis
2761 3885 2949 3926 manus
2975 3874 3367 3941 impositionem

1843 3959 2118 4012 consecuti
2149 3967 2274 4012 sunt
2293 3998 2309 4021 ,
2339 3959 2909 4013 excoinmunicationis
2939 3975 3107 4028 pmnae
3137 3978 3373 4018 canones

1846 4047 2161 4114 subjiciunt,
2192 4061 2289 4100 nec
2317 4061 2410 4101 eos
2434 4047 2608 4111 modo,
2632 4047 2723 4101 sed
2747 4057 2799 4100 et
2826 4063 2938 4112 eos,
2960 4052 3050 4118 qui
3091 4052 3369 4105 ordinave-

1839 4143 1985 4198 runt,
2007 4135 2452 4203 quemadmodum
2498 4138 2814 4206 exprimitur
2843 4153 3050 4194 canone
3074 4141 3140 4194 54
3177 4142 3363 4211 synodi

1841 4222 2302 4292 Carthaginiensis,
2355 4225 2464 4278 hac
2516 4225 2901 4292 complecteute
2953 4229 3016 4280 ad
3080 4231 3297 4281 verbum
3351 4246 3366 4281 :

1846 4311 2083 4364 Clericos
2107 4313 2167 4367 in
2185 4312 2408 4365 ecclesia
2429 4323 2665 4381 agentes.
2694 4324 2750 4367 ut
2779 4315 2886 4383 jam
2916 4316 3236 4378 deliuiimus,
3264 4334 3368 4370 non

211 4419 391 4462 νοντος
426 4417 443 4432 ο
484 4402 788 4472 Κληρικοὺς
843 4405 922 4465 είς
972 4404 1262 4466 ἐκκλησίαν
1312 4404 1614 4468 τελοῦντας,
1670 4401 1777 4466 ὡς]

1849 4400 2006 4454 licere
2033 4400 2283 4455 ordinare
2325 4401 2377 4453 in
2417 4404 2553 4454 alius
2577 4404 2808 4457 civitatis
2839 4406 3084 4466 ecclesia,
3111 4408 3201 4459 sed
3238 4422 3366 4459 cou-

211 4494 310 4561 ἤδη
332 4491 624 4559 ὡρίσαμεν,
648 4492 721 4560 μὴ
741 4492 933 4556 ἐξεῖναι
954 4496 1030 4554 είς
1047 4494 1206 4560 ἄλλης
1223 4493 1428 4554 πόλεως
1455 4495 1739 4546 τάττεσθαι

210 4581 522 4649 ἐκκλησίαν,
560 4581 694 4632 ἁλλά
741 4582 981 4650 στέργειν
1024 4583 1233 4648 ἐκείνην
1261 4584 1317 4634 ὲν
1415 4583 1740 4652 λειτουργεῖν

211 4670 270 4732 ιε
295 4670 469 4738 ἀρχῆς
503 4667 843 4737 ἠξιώθησαν·
887 4672 1038 4733 ἐκτὸς
1079 4672 1296 4723 ἐκείνων
1323 4672 1514 4734 οἵτινες
1547 4673 1741 4725 ἀπολέ-

215 4774 409 4819 σαντες
435 4757 530 4819 τὰς
563 4758 696 4819 ιδίας
737 4759 1022 4825 πατρίδας,
1057 4759 1157 4810 ὑπὸ
1195 4761 1435 4828 ἀνάγκης
1468 4763 1546 4822 είς
1578 4762 1743 4826 ἀλλην

215 4845 505 4910 ἐκκλησίαν
537 4847 813 4915 μετῆλθον.
848 4848 907 4897 Et
933 4847 994 4898 δέ·
1023 4864 1106 4907 τις
1143 4848 1453 4912 ἐπίσκοπος,
1488 4851 1624 4916 μετὰ
1651 4852 1743 4902 τὸν

217 4932 338 5000 ὅρον
389 4930 596 4993 τοῦτον,
643 4931 783 4999 ἀλλῳ
823 4921 1100 4997 ὲπισκόπῳ
1145 4933 1482 5000 προσήκοντα
1532 4935 1742 5002 δέξηται

219 5017 498 5085 κληρικδν,
547 5017 721 5078 ἔδοξεν
749 5017 1104 5085 ἀκοινώνητον
1131 5014 1268 5070 εἶναι
1294 5021 1384 5070 καὶ
1419 5020 1507 5072 τὸν
1535 5021 1745 5090 δεχθέν-

219 5123 281 5158 τα
309 5106 513 5158 καὶτὸν
555 5105 843 5172 δεξάμενον
863 5119 877 5133 ·
912 5105 1016 5166 ἕως
1044 5105 1110 5158 ἀν
1133 5109 1161 5158 ὁ
1192 5108 1460 5174 μεταστάς
1491 5108 1745 5177 κληρικδς

215 5198 293 5259 είς
338 5196 437 5264 τὴν
487 5195 619 5248 ιδίαν
665 5196 924 5264 ἐπανέλθῃ
967 5195 1301 5262 Ἐκκλησίαν.
1351 5197 1482 5264 Περὶ
1533 5198 1589 5249 δὲ
1640 5197 1746 5250 τῶν

217 5283 419 5335 λαῑκῶν
471 5283 801 5353 συνεζητήθη
870 5283 997 5334 ποτὲ
1053 5284 1202 5350 παρά
1256 5283 1426 5354 ταύτῃ
1486 5289 1550 5354 τῇ
1618 5287 1747 5356 ἁγίᾳ

219 5370 417 5438 συνόδῳ
451 5370 548 5436 τῆς
575 5370 680 5422 τῶν
719 5369 1351 5422 Κωνσταντινουπολιτῶν
1398 5372 1736 5439 Ἐκκλησίας,

220 5452 702 5529 πὲατριαρχεύοντος
726 5457 820 5512 τοῦ
856 5458 1152 5526 ἁγιωτάτου
1183 5459 1242 5509 ὲν
1267 5460 1621 5528 πατριάρχαις
1652 5465 1747 5515 καὶ

1847 4499 2023 4540 lentos
2043 4501 2161 4541 esse
2189 4488 2297 4550 illa,
2333 4489 2511 4555 inqua
2549 4491 2616 4542 ab
2646 4489 2800 4544 initio
2831 4492 3137 4545 ministrare
3167 4510 3374 4547 merue-

1846 4589 1971 4631 runt
2016 4593 2030 4630 :
2071 4579 2137 4631 iis
2176 4579 2434 4644 exceptis,
2469 4581 2558 4646 qui
2598 4581 2790 4634 amissa
2827 4597 2923 4635 sua
2952 4584 3144 4650 patria,
3174 4599 3238 4637 ex
3274 4601 3369 4637 ne-

1843 4668 2092 4722 cessitate
2142 4669 2195 4720 in
2251 4669 2408 4720 aliam
2456 4671 2732 4722 ecclesiam
2784 4672 3096 4738 migrerunt.
3138 4673 3288 4738 Quod
3324 4678 3368 4728 si

1843 4755 1966 4823 quis
2009 4755 2290 4822 episcopus
2343 4764 2460 4821 post
2505 4759 2639 4809 hanc
2687 4757 3066 4821 deﬁnitionem.
3117 4763 3370 4816 clericqu

1843 4843 2139 4910 susceperit
2166 4843 2229 4894 ad
2263 4843 2425 4894 alium
2471 4846 2778 4911 episcopum
2810 4850 3164 4915 pertinentem
3192 4890 3206 4911 ,
3251 4852 3367 4918 pla-

1843 4934 1956 4986 cuit
1981 4933 2498 4984 excommunicatum
2522 4949 2661 4995 esse,
2697 4945 2802 4988 tam
2844 4950 3171 5006 susceptum,
3206 4956 3366 5007 quam

1844 5020 2248 5086 suscipientem,
2271 5019 2442 5073 donec
2468 5023 2560 5089 qui
2597 5024 2846 5092 migravit
2871 5029 3120 5088 clericus,
3153 5028 3218 5080 ad
3246 5043 3368 5094 pro-

1843 5108 2015 5177 priam
2047 5107 2326 5161 ecclesiam
2362 5116 2672 5162 revertatur.
2709 5112 2782 5165 De
2829 5114 2978 5166 laicis
3000 5123 3175 5167 autem
3211 5115 3364 5176 simul

1845 5195 2127 5263 quasitum
2185 5207 2267 5248 est
2320 5196 2374 5246 in
2421 5205 2603 5248 sancta
2657 5197 3369 5267 Constantinopolitauoruui

1845 5284 2100 5338 Ecclesia:
2139 5283 2366 5352 synodo,
2396 5284 2807 5352 patriarchatum
2846 5287 3120 5341 obtinente
3148 5288 3371 5342 sanctis-

1847 5375 1984 5428 simo
2027 5373 2163 5426 inter
2211 5372 2539 5440 patriarchas
2603 5385 2658 5428 et
2705 5376 3103 5443 sapientissimo
3151 5377 3372 5430 domino

1848 5461 2102 5516 Micbaele
2123 5461 2404 5525 Anchiale,
2439 5471 2494 5515 et
2529 5477 2711 5518 mense
2737 5463 3044 5532 Novembri,
3080 5465 3373 5520 indictione

1481 5573 1708 5646 vanus
1729 5572 2123 5629 LECTIONES.

291 5670 310 5706 θ
339 5685 428 5734 per
469 5667 834 5731 supellectilem
864 5665 1105 5730 beneﬁcia
1146 5665 1339 5716 tributa
1379 5673 1518 5716 sum.

220 5745 250 5777 κ
279 5746 552 5792 cadauera.
619 5745 644 5784 1
675 5737 889 5798 scilicet,
922 5735 1269 5798 interpretem.

1597 5677 1621 5703 ιι
1662 5666 2060 5733 ροίεμιαιινὶιιηι.

2136 5675 2159 5700 ν
2186 5681 2400 5731 quarunt
2435 5667 2641 5719 nomina
2685 5667 2974 5734 referuntur
3018 5669 3070 5722 in
3103 5669 3261 5723 sacris
3283 5669 3368 5720 ad.
