4004 6442
591 331 686 394 991
711 367 722 376 .

1853 314 2126 374 Tlli‘lilil.
2180 312 2661 372 ιιΑιεξΑιιοΝις

3701 307 3784 366 ιιι

590 460 804 518 quarta,
863 444 1138 515 synodalis
1181 451 1264 495 est
1307 443 1446 494 facta
1498 438 1826 494 subnotatio,
1870 450 1935 486 ex
1971 435 2145 483 varia-

2262 433 2560 500 σοφωτάτου
2604 431 2795 499 κυρίου
2825 428 3036 498 Μιχαὴλ
3081 425 3176 480 τοῦ
3219 424 3515 493 Ἀγχιάλου
3542 439 3553 450 ·
3592 426 3681 475 καί
3713 435 3788 489 γε·

600 558 717 593 rum
753 550 1019 592 canonum
1058 533 1376 600 allegationc
1415 535 1704 594 excepta',
1741 540 1802 576 ex
1846 535 2002 589 :equo
2041 535 2144 587 pu-

599 633 704 683 niri
737 644 881 690 eum,
917 627 1007 693 qui
1047 639 1108 676 ex
1156 623 1327 674 aliena
1365 619 1641 687 provincia
1670 615 1887 667 ordinat
1925 613 2143 670 laicmn,

603 731 793 788 praeter
817 714 1053 784 episcopi
1087 711 1260 779 ipsius
1294 709 1639 766 sententiam,
1671 706 1956 772 ipsumque
1983 702 2142 752 etiam

600 812 930 863 ordinatum.

677 1076 868 1128 lntcrr.
897 1071 982 1125 ιο.
1013 1069 1244 1123 Possunt
1270 1063 1480 1120 diaconi
1515 1072 1707 1130 printer
1737 1059 2147 1110 archidiaconu-

603 1183 722 1220 rum
763 1166 1088 1215 voluntatem
1138 1156 1523 1212 sacerdotalem
1572 1152 1826 1217 consequi
1882 1149 2144 1215 gratiam,

605 1269 780 1306 annon
810 1252 831 1301 ?

678 1340 827 1404 Πεκρ.
851 1335 1024 1403 Hujus
1054 1335 1126 1386 rei
1152 1326 1486 1401 providentia
1510 1343 1600 1394 per
1624 1323 1949 1378 sacrosancti
1976 1322 2148 1383 Spiri-

607 1442 694 1481 tus
742 1432 964 1493 gratiam
1004 1424 1272 1491 episcopis
1327 1422 1522 1471 tributa
1565 1425 1662 1468 est.
1706 1414 1882 1477 Quare
1930 1423 1982 1464 et
2025 1426 2146 1462 cum

607 1535 790 1572 eorum
815 1529 1078 1568 consensu
1111 1511 1322 1564 diaconi
1351 1510 1723 1566 sacrabuntur,
1750 1503 2147 1562 archidiaconu,

611 1618 666 1660 ιιι
695 1607 984 1661 confratre,
1011 1602 1182 1654 solum
1215 1605 1493 1665 praesente.

684 1787 879 1839 Interr.
911 1785 998 1836 Η.
1023 1781 1193 1842 Laici,
1212 1778 1301 1843 qui
1333 1775 1600 1830 secundas
1626 1777 2013 1825 contraxerunt
2042 1783 2146 1820 ιιιι-

615 1882 772 1945 ptias,
798 1877 928 1927 alias
960 1872 1192 1938 nuptias.
1211 1867 1395 1920 tertias
1422 1866 1644 1926 scilicet,
1675 1863 1905 1928 legitime
1929 1865 2148 1912 contra-

613 1969 762 2022 lient,
796 1978 972 2015 annon
1003 1960 1025 2010 ?

690 2054 845 2118 Resp.
877 2050 1037 2103 Vetus
1063 2049 1277 2116 quidem
1318 2061 1395 2098 ιρι
1435 2053 1487 2098 et
1509 2045 1694 2098 tertias
1721 2041 1952 2108 nuptias,
1984 2047 2040 2090 ut
2074 2038 2150 2089 le-

613 2143 846 2209 gitimas.
880 2137 1124 2204 agnovit,
1155 2144 1208 2187 et
1238 2149 1300 2186 ex
1342 2134 1409 2183 iis
1447 2139 1774 2197 procreatos.
1815 2124 2070 2183 litredes,
2099 2131 2153 2174 et

619 2234 670 2282 in
707 2235 967 2298 potestate
995 2225 1182 2276 habuit
1217 2223 1472 2290 parentis.
1509 2220 1754 2272 Canones
1799 2223 1976 2268 autem
2017 2213 2152 2264 divi-

620 2335 812 2373 norum
862 2327 915 2369 et
961 2323 1269 2368 sanctorum
1303 2310 1541 2368 Patrum,
1601 2324 1703 2360 ιιοιι
1755 2307 1926 2359 solum
1966 2303 2152 2356 tertias

621 2409 835 2474 nuptias
894 2419 999 2457 non
1055 2409 1388 2469 agnoscunt,
1451 2414 1631 2451 verum
1679 2398 1837 2449 etiam
1890 2395 2154 2448 secundas

622 2511 793 2564 paena:
825 2495 1108 2547 moderata:
1142 2489 1449 2557 subjiciunt.
1483 2489 1617 2552 Quia
1652 2497 1827 2539 autem
1860 2487 2156 2553 imperante

622 2588 822 2652 inclyte
842 2584 1097 2650 principe,
1112 2581 1325 2631 domino
1342 2577 1514 2630 Leone
1532 2575 2152 2644 philosoplio,dissidium

623 2673 720 2726 fuit
757 2685 1003 2739 magnum
1063 2671 1201 2721 inter
1235 2682 1422 2720 omnes
1469 2667 1652 2718 mundi
1693 2665 1982 2721 Ecclesias.
2014 2664 2153 2730 quod

627 2765 871 2830 princeps
900 2774 1001 2810 non
1029 2757 1202 2809 solum
1239 2757 1425 2807 tertias
1464 2756 1826 2814 contraheret,
1868 2754 1958 2805 sed
1994 2755 2155 2805 etiam

624 2858 867 2917 quartas,
945 2845 1234 2915 synodicus
1275 2845 1447 2896 factus
1487 2853 1567 2898 cst
1593 2855 1889 2898 conventus
1917 2843 2156 2895 omnium

626 2945 752 2999 lere,
776 2953 890 3004 qua:
919 2937 1111 3002 ubique
1137 2940 1261 2987 sunt
1286 2933 1597 2986 dioecesium
1626 2932 1995 2994 antistitum,8
2028 2931 2161 2983 indi-

2185 1741 2222 1796 ll

2247 541 2368 590 γονε
2422 524 2562 576 κατὰ
2625 523 2766 590 μῆνα
2815 521 3139 588 Νοέμῦριον,
3183 518 3565 584 ἐπινεμήσεως
3613 512 3671 576 δ’,
3709 532 3790 578 ση-

2250 613 2467 680 μείωμα
2497 611 2791 671 συνοδικδν,
2847 608 3354 676 συγκεκροτημένον
3389 604 3498 656 ἀπὸ
3539 603 3786 671 διαφόρων

2249 703 2485 753 κανόνων
2518 699 2881 769 προσκομιδῆς
2901 715 2916 726 ⁸
2965 700 3161 764 ἐπίσης
3201 694 3561 764 γνωματεῦον
3588 693 3788 754 κολάζε-

2250 793 2371 843 σθαι
2391 793 2483 843 καὶ
2509 792 2598 841 τὸν
2622 790 2680 853 ἐξ
2699 791 2888 856 ἐτέρας
2907 787 3118 854 ἐνορίας
3143 786 3605 855 χειροτονήσαντα
3631 783 3791 832 λαῖιέιν

2249 883 2396 948 παρὰ
2441 883 2663 949 γνώμην
2706 878 2799 930 τοῦ
2849 879 3145 929 ἐπισκόπου
3186 875 3377 938 αὐτοῦ,
3419 874 3516 925 καὶ
3558 873 3713 924 αὑτὸν
3743 872 3790 932 δὴ

2249 972 2336 1021 τον
2374 968 2828 1038 χειροτονηθέντα.

2333 1062 2526 1126 Ἕρὼτ.
2585 1065 2658 1128 μ’.
2711 1062 2971 1109 Δύνανται
3014 1057 3062 1107 οί
3104 1055 3340 1106 διάκονοι
3393 1051 3546 1119 παρὰ
3592 1050 3790 1114 γνώμην

2252 1150 2358 1199 τῶν
2390 1147 2775 1216 ἁρχιδιακόνων
2837 1147 3012 1195 αὐτῶν
3079 1143 3358 1204 ἱερατικοῦ
3427 1139 3793 1200 zamia-3501':

2253 1238 2609 1303 χαρίσματος,
2645 1235 2676 1301 ἦ
2707 1233 2766 1284 οὗ
2796 1252 2808 1298 ;

2335 1324 2529 1375 ’Λπόκ.
2554 1324 2677 1383 Τοῖς
2702 1321 3017 1380 ἐπισκόποις
3040 1321 3073 1386 ἡ
3098 1321 3223 1387 περὶ
3248 1318 3437 1369 τούτου
3469 1318 3689 1384 πρίῒνπια
3716 1331 3792 1365 πε-

2253 1415 2596 1482 φιλοτίμηται
2638 1414 2786 1480 παρὰ
2830 1413 2927 1479 τῆς
2957 1411 3178 1478 χάριτος
3225 1409 3316 1460 τοῦ
3351 1407 3624 1471 παναγίου
3654 1407 3796 1456 Πνεῦ-

2254 1522 2438 1573 ματος.
2477 1505 2565 1556 Διὸ
2600 1505 2692 1555 καὶ
2726 1503 2862 1570 μετὰ
2892 1503 3114 1567 γνώμης
3144 1499 3322 1550 αὐτῶν
3358 1499 3736 1563 ίερωίῑήτονται
3759 1494 3793 1540 ni

2251 1596 2503 1653 διάκονοι,
2553 1592 2646 1644 τοῦ
2694 1591 3093 1660 ἀρχιδιακόνου,
3138 1588 3212 1639 ὡς
3253 1587 3614 1650 συναδέλφου,
3660 1584 3794 1647 μόνου

2253 1682 2706 1750 παρουσιάςοντος
2724 1697 2739 1741 ;

2337 1775 2530 1841 Ἐρὼτ.
2582 1772 2693 1844 μα’.
2749 1775 2811 1825 Οἱ
2864 1772 3262 1840 διγαμήσαντες
3318 1766 3516 1828 λαῖκοὶ,
3583 1765 3796 1815 2:133:5-

2255 1881 2347 1932 ρου
2399 1864 2597 1930 γάμου,
2659 1861 2776 1930 ἦτοι
2833 1860 3039 1928 τρίτου,
3107 1857 3353 1924 νομίμως
3401 1853 3800 1920 ἁξιωθήσοντσι,

2249 1952 2406 2022 iob;

2335 2043 2526 2097 Ἀπόκ.
2563 2044 2620 2095 Ὁ
2646 2042 2742 2110 μέν
2765 2040 2991 2100 παλαιὸς
3013 2041 3174 2106 νόμος
3209 2039 3304 2091 καὶ
3327 2037 3511 2106 τρίτον
3546 2036 3710 2102 γάμον
3732 2033 3797 2092 (τις

2252 2137 2471 2204 ἔννομον
2499 2134 2850 2200 ἐπεγίνωσκε,
2881 2132 2975 2183 καὶ
3001 2134 3124 2192 τοὺς
3149 2134 3212 2181 ἐκ
3227 2131 3419 2182 τούτου
3439 2127 3797 2194 γεννηθένταξ.

2269 2226 2634 2294 κληρονόμους
2685 2226 2777 2276 καὶ
2804 2222 3150 2287 ὑπεξουσίους
3182 2216 3295 2290 εἶχε
3349 2220 3441 2271 τοῦ
3500 2219 3749 2284 φύσαντος
3786 2231 3795 2240 ·

2255 2319 2303 2368 οί
2335 2317 2391 2368 δὲ
2420 2316 2642 2378 κανόνες
2687 2316 2792 2367 τῶν
2831 2315 2989 2365 θείων
3042 2313 3137 2364 καὶ
3194 2311 3366 2375 ἁγίων
3417 2309 3687 2375 Πατὲρων,
3740 2305 3795 2351 οὔ

2261 2409 2417 2474 μόνον
2443 2407 2532 2457 τὸν
2586 2405 2766 2473 τρίτον
2815 2405 2988 2469 γάμον
3037 2403 3134 2452 οὐκ
3175 2399 3645 2466 ἐπιγινώσκουσιν,
3679 2395 3800 2444 eiii-.1

2258 2497 2457 2548 καὶτὸν
2493 2495 2739 2561 δεύτερον
2777 2493 3031 2558 ἐπιτιμίῳ
3060 2489 3266 2558 μετρίῳ
3293 2487 3798 2540 καθυποϐἁὶλουςιν.

2261 2585 2380 2635 Ὀτι
2412 2584 2466 2634 δέ
2507 2581 2873 2650 βασιλεύοντος
2909 2580 3000 2630 τοῦ
3030 2580 3271 2644 ἀοιδίμου
3326 2578 3588 2646 βασιλέως
3625 2577 3800 2638 acupis.»

2261 2675 2481 2733 Λέοντος
2507 2674 2614 2724 τοῦ
2650 2672 2820 2737 Σοφοῦ
2847 2672 3049 2738 σχίσμα
3098 2672 3286 2735 γέγονε
3321 2669 3465 2734 μέγα
3507 2669 3651 2732 παρὰ
3692 2669 3803 2722 τατς

2275 2763 2616 2831 Ἐκκλησίιις
2641 2761 2732 2813 τοῦ
2760 2763 2958 2827 κόσμου
2999 2759 3216 2820 παντὸς,
3257 2759 3342 2808 διὰ
3379 2758 3440 2807 το
3470 2757 3558 2806 τὸν
3597 2755 3802 2821 βατι).ἑει

2265 2855 2337 2922 μὴ
2368 2854 2523 2920 μόνον
2569 2853 2923 2919 τριγαμῆσαι,
2955 2851 3088 2900 ἁλὶὰ
3112 2850 3202 2900 καὶ
3227 2849 3659 2915 τετραγαμῆστιι.
3691 2862 3802 2893 συν-

2270 2945 2478 3003 έλευσις
2524 2942 2774 3008 ἐτελέσθη
2814 2940 3058 3006 συνοδικὴ
3110 2940 3324 2990 πάντων
3374 2938 3559 3004 σχεδὸν
3590 2937 3691 2985 τιῗν
3722 2937 3802 3000 ἀρ·

625 3031 800 3080 ctione
827 3026 951 3079 anni
991 3024 1147 3077 διεδ.
1177 3025 1244 3078 Ει
1280 3024 1604 3093 disputatum
1631 3031 1733 3086 est,
1759 3023 1850 3091 qui
1893 3023 2158 3089 nuptiales

2263 3033 2681 3100 χιερατευόντων
2729 3033 2784 3080 ἐν
2828 3032 2944 3090 ταῖς
2974 3029 3284 3095 ἁπανταχοῦ
3331 3027 3649 3092 διοικήσεσι,
3678 3041 3802 3075 κατα

625 3118 861 3186 fugiendi
901 3117 1006 3168 sint
1046 3124 1372 3178 contractus,
1407 3123 1459 3168 et
1493 3115 1581 3182 qui
1633 3113 1992 3182 permittendi,
2019 3113 2163 3164 velut

629 3208 871 3274 legitimi.
903 3205 1288 3273 imperantibus
1313 3205 1511 3273 inclyte
1543 3205 1780 3271 principe
1809 3202 2162 3255 Constantino

630 3298 1156 3366 Porpliyrogenneta.
1185 3303 1234 3346 ct
1273 3295 1387 3359 ejus
1415 3309 1603 3346 socvro
1643 3295 1858 3344 domino
1899 3292 2162 3343 Romano.

629 3383 754 3437 Post
772 3383 962 3436 multas
982 3381 1374 3442 altercationes,
1392 3389 1442 3432 et
1459 3393 1693 3433 exactam
1713 3381 2163 3448 disquisitionem.

630 3475 833 3526 decisio
855 3485 880 3512 ι
921 3471 1174 3540 synodica
1197 3471 1465 3538 eleganter
1491 3471 1688 3536 scripta
1714 3477 1815 3528 est,
1849 3469 2164 3520 conﬁrmata

628 3564 788 3616 etiam
814 3562 1069 3629 principis
1091 3561 1243 3613 solita
1273 3560 1664 3625 subscriptione
1684 3576 1694 3610 :
1713 3567 1932 3626 quartas
1951 3559 2163 3626 quidem

631 3653 843 3718 nuptias
876 3649 1203 3718 respuendas
1234 3663 1373 3710 esse,
1403 3662 1500 3700 nec
1530 3647 1913 3715 permittendas
1943 3647 2168 3700 :tertias

630 3754 806 3793 autem
853 3756 996 3792 nunc
1049 3739 1434 3806 permittendas
1485 3753 1628 3802 esse,
1682 3754 1824 3792 nunc
1873 3754 1980 3792 non
2023 3753 2162 3791 esse.

633 3829 821 3880 [ii-ﬁnit
843 3831 980 3879 enim
1017 3825 1264 3888 binubos,
1289 3834 1340 3879 et
1370 3826 1529 3879 simul
1553 3827 1730 3886 orbos,
1762 3826 1849 3893 qui
1875 3827 2168 3894 quadrage-

629 3921 824 3968 simum
883 3929 1082 3968 annum
1136 3919 1369 3966 nondum
1415 3915 1792 3982 impleverunt,
1847 3916 2166 3967 contrahere

629 4008 790 4058 ctiam
837 4005 1020 4057 tertias
1061 4003 1270 4070 nuptias
1313 4002 1374 4054 atl
1402 4003 1646 4055 orbitatis
1701 4001 2013 4064 remedium,
2063 4001 2164 4052 nisi

631 4095 769 4158 quod
791 4109 881 4160 per
903 4102 1070 4145 totum
1090 4091 1513 4158 quinquennium
1537 4103 1760 4144 censura
1793 4091 2164 4150 emendantur,

633 4200 697 4236 ne
735 4185 944 4234 divinas
968 4189 1244 4234 assumant
1271 4181 1741 4233 sanctilicationes.
1774 4178 1951 4231 Finito
1987 4188 2163 4231 autem

634 4271 1024 4340 quinquennio.
1057 4277 1136 4320 ter
1184 4267 1235 4318 in
1287 4281 1427 4318 anno
1465 4275 1761 4320 assumant.
1795 4265 1897 4338 Sed
1932 4273 1983 4317 ct
2013 4267 2168 4316 trice-

2266 3120 2360 3188 τὴν
2393 3126 2438 3188 η’
2460 3120 2776 3185 ἐπινέμησιν
2805 3119 2894 3168 τοῦ
2924 3115 3100 3188 ,ςυκιγ
3135 3117 3304 3176 ἔτους.
3340 3118 3450 3167 Καὶ
3487 3117 3800 3182 συνεζητήθη

2266 3211 2393 3258 ποῖα
2439 3207 2648 3271 γαμικὰ
2671 3205 3089 3270 συναλλάγματα
3140 3203 3275 3253 εἰσιν
3315 3202 3676 3270 ἀποτρόπαια,
3723 3202 3802 3250 καὶ

2265 3300 2390 3347 ποῖα
2419 3297 2791 3362 συγχωρητέα,
2825 3299 2898 3353 ὼς
2950 3293 3144 3359 ἔννομα
3167 3307 3180 3321 °
3215 3292 3606 3359 βασιλευόντων
3629 3289 3716 3341 τοῦ
3755 3306 3801 3336 τε

2265 3387 2503 3452 ἀοιδίμου
2534 3385 2791 3453 βασιλέως
2817 3383 3221 3435 Κωνσταντίνου
3257 3382 3350 3432 τοῦ
3378 3382 3802 3449 Πορφυρογεννὴ·

2266 3490 2376 3534 του,
2433 3475 2524 3525 καὶ
2578 3472 2670 3524 τοῦ
2717 3471 2975 3538 πενθεροῦ
3037 3469 3200 3523 αὑτοῦ
3262 3470 3454 3539 κυρίου
3518 3467 3797 3535 Ῥωμανοῦ.

2265 3561 2417 3613 Μετὰ
2468 3559 2663 3621 πολλὰς
2690 3559 2815 3625 γοῦν
2868 3557 3171 3624 ἀντιλογίας
3236 3557 3328 3607 καὶ
3380 3556 3522 3623 μετὰ
3576 3555 3801 3616 ἐξέτασιν

2265 3652 2482 3719 ἀκριϐῆ,
2526 3650 2963 3718 ἐκαλλιγραφήθη
3012 3649 3177 3715 τόμος
3213 3647 3513 3706 συνοδικδς,
3537 3661 3801 3712 κατησφα·

2267 3743 2514 3809 λισμένος
2531 3745 2621 3793 καὶ
2644 3743 2710 3808 τῇ
2737 3739 2829 3790 τοῦ
2859 3738 3117 3806 βασιλέως
3146 3736 3363 3806 συνήθει
3394 3737 3700 3804 ὑπογραφῇ,
3725 3733 3805 3781 τὸν

2271 3832 2366 3896 μὲν
2399 3831 2650 3897 τέταρτον
2678 3830 2872 3895 γάμον,
2901 3828 3242 3879 ἀπόπτυστον
3271 3823 3408 3877 εἶναι
3443 3827 3540 3876 καὶ
3570 3821 3804 3889 ἀσυγχώ-

2269 3935 2429 3985 ρητον
2453 3934 2467 3946 ·
2503 3920 2590 3968 τὸν
2615 3918 2668 3968 δὲ
2712 3918 2909 3985 τρίτον,
2961 3918 3033 3981 πῆ
3093 3915 3188 3981 μὲν
3242 3914 3628 3980 συγχωρητέον
3662 3907 3802 3968 εἶναι,

2269 4007 2344 4073 πῆ
2371 4006 2426 4056 δὲ
2445 4005 2843 4073 ἀσυγχώρητον.
2869 4003 3166 4069 Διορίζεται
3191 4002 3318 4067 γὰρ,
3339 4001 3463 4060 τοὺς
3493 4001 3657 4064 μήπω
3684 3998 3804 4061 πλη-

2269 4098 2542 4168 ρώσαντας
2570 4099 2628 4149 τὸ
2648 4096 3072 4163 τεσσαρακοστὸν
3103 4095 3238 4157 ἔτος,
3269 4094 3695 4160 διγαμήσαντας.
3723 4092 3805 4140 καὶ

2268 4189 2494 4248 ἄπαιδας
2527 4187 2700 4250 ὄντας,
2737 4187 3113 4239 συναλλάττειν
3149 4185 3240 4234 καὶ
3272 4183 3457 4252 τρίτον
3499 4184 3693 4249 γάμον,
3727 4179 3804 4229 διὰ

2267 4280 2362 4345 τὴν
2388 4278 2683 4345 θεραπείαν
2711 4276 2808 4342 τῆς
2828 4276 3102 4336 ἀπαιδίας.
3162 4273 3306 4339 Πλὴν
3331 4272 3805 4339 ἐπιτετιμημένους

633 4362 822 4420 nariis,
855 4358 1098 4424 quamvis
1132 4357 1327 4409 liberos
1361 4356 1699 4415 habentibus,
1734 4356 1876 4407 tertii
1903 4355 2157 4406 connubii

2265 4364 2487 4418 εἷναιδι⁹
2529 4366 2654 4434 ὅλης
2701 4365 3042 4427 πενταετίας,
3080 4362 3224 4413 ὥστε
3273 4362 3346 4429 μὴ
3381 4359 3805 4427 μεταλαμϐάνειν

633 4457 869 4517 petestas
907 4447 1043 4497 facta
1086 4454 1193 4502 est.
1226 4455 1443 4511 propter
1470 4445 1649 4496 atatis
1673 4444 2072 4495 infirmitatem:
2109 4452 2167 4496 ut

634 4545 687 4588 et
716 4536 766 4586 hi
794 4548 884 4600 per
901 4533 1308 4600 quadriennium
1336 4546 1455 4584 esse
1486 4547 1589 4582 non
1615 4533 1842 4582 debeant
1866 4531 2163 4583 divinarum

629 4622 1116 4675 sanetilicationum
1175 4619 1502 4686 participes:
1555 4633 1663 4682 quo
1717 4627 1952 4685 peracto,
1991 4628 2070 4670 ter
2113 4621 2165 4672 in

632 4727 774 4762 anno
795 4710 972 4762 divina
997 4707 1360 4775 participaturi
1391 4707 1496 4760 sint
1530 4715 1883 4759 sacramenta.
1906 4707 1972 4760 lis
1989 4718 2162 4761 autent

632 4799 721 4864 qui
777 4797 1243 4864 quadragesimum
1301 4809 1499 4846 annum
1555 4804 1947 4856 excesserunt,
2019 4797 2163 4848 nullo

630 4885 789 4937 modo
810 4886 992 4937 tertias
1016 4899 1134 4936 esse
1152 4884 1516 4935 concedendas
1540 4883 1752 4949 nuptias
1780 4883 1946 4934 divini
1977 4879 2162 4936 Patres

628 4976 849 5027 oraculo
874 4975 1309 5042 pronuntiarunt.
1361 4973 1422 5024 Et
1460 4971 1569 5024 haec
1609 4972 1823 5038 quidem
1862 4973 2074 5026 unionis
2103 4990 2163 5027 ea

631 5063 830 5114 decisio
877 5061 1082 5113 definit.
1123 5059 1382 5112 Cazterum
1433 5058 1669 5111 Ecclesia
1721 5058 1934 5110 tandem
1977 5070 2162 5113 nostra

628 5160 784 5205 aetate
807 5151 945 5202 tertii
979 5150 1300 5201 matrimonii
1335 5157 1662 5200 contractum
1694 5162 1797 5200 non
1830 5151 2090 5214 permisit.

2269 4455 2374 4506 τῶν
2414 4454 2572 4505 θείων
2619 4453 2972 4520 ἁγιασμάτων
3004 4469 3018 4482 ο
3055 4452 3190 4515 μετὰ
3233 4451 3289 4502 δὲ
3333 4448 3432 4516 τὴν
3480 4448 3804 4504 πενταετίαν,

2267 4545 2386 4611 τρὶς
2433 4543 2523 4594 τοῦ
2568 4542 2718 4602 ἔτους
2767 4540 3198 4609 μεταλαμϐάνειν
3250 4538 3465 4598 αὐτούς,
3520 4538 3677 4587 Ἀλλὰ
3726 4537 3808 4585 καὶ

2267 4630 2391 4689 τοὺς
2424 4628 2857 4695 τριακονταετεῖς
2886 4626 3064 4686 ὄντας,
3112 4626 3211 4675 κᾶν
3239 4623 3434 4683 παῖδας
3463 4622 3677 4691 ἔχωσιν,
3709 4621 3807 4683 ἐξε-

2269 4716 2542 4783 χώρησαν,
2609 4715 2695 4765 διά
2750 4714 2846 4778 τὴν
2909 4716 2970 4763 ὲκ
2996 4715 3090 4779 τῆς
3141 4713 3358 4780 ἡλικίας
3391 4712 3694 4771 ἀσθένειαν,
3727 4717 3806 4760 καὶ

2269 4805 2449 4873 τρίτον
2484 4804 2658 4870 γάμον
2687 4819 2698 4830 ·
2740 4802 3050 4868 ὀφείλοντας
3099 4806 3191 4853 καὶ
3226 4801 3450 4862 τούτους
3482 4803 3572 4852 ἐπὶ
3602 4814 3807 4863 τετραε-

2268 4894 2386 4943 τίαν
2406 4892 2698 4958 άμετόχους
2720 4885 2857 4940 εἶναι
2889 4889 2994 4940 τῶν
3017 4889 3174 4941 θείων
3215 4889 3590 4956 ἁγιασμὰτων.
3631 4887 3701 4947 ὡς
3728 4887 3808 4935 ἐκ·

2269 4996 2387 5030 τοτε
2425 4979 2516 5030 καὶ
2544 4979 2722 5028 αὐτῶν
2755 4977 3051 5044 μελλόντων
3077 4979 3195 5042 τρὶς
3228 4978 3321 5026 τοῦ
3352 4978 3503 5038 ἔτους
3535 4977 3641 5026 τῶν
3664 4975 3807 5024 θείων

2274 5068 2703 5136 μεταλαμϐάνειν
2724 5065 3051 5132 μυστηρίων.
3106 5066 3228 5126 Τοῖς
3265 5066 3323 5116 δὲ
3356 5065 3446 5116 τὸν
3489 5078 3807 5129 τεσσαρακο-

2274 5155 2395 5204 στὸν
2427 5155 2612 5220 χρόνον
2669 5151 3091 5218 ὑπερανασᾶσιν,
3125 5151 3182 5214 ἐξ
3237 5151 3450 5210 οὐδενὸς
3479 5152 3678 5218 τρόπου
3729 5149 3807 5197 τὸν

630 5243 806 5309 τρίτον
846 5244 1017 5308 γάμον
1066 5239 1436 5308 συγχωρητέον
1485 5238 1617 5291 εἶναι
1662 5242 1712 5290 οἱ
1745 5240 1876 5291 θεῖοι
1923 5243 2158 5312 Πατέρες
2198 5246 2597 5312 ἐθεσπιῴδησαν
2633 5257 2646 5268 ·
2689 5245 2838 5294 καὶεό
2871 5243 2966 5309 μὲν
3003 5242 3165 5310 τόμος
3201 5234 3356 5302 οὗτος
3415 5242 3515 5308 τῆς
3583 5239 3808 5299 ἐνὼσεως

635 5329 798 5380 ταῦτα
829 5329 1113 5398 διορίζεται
1138 5345 1152 5357 ο
1197 5330 1229 5396 ἡ
1271 5329 1554 5391 Ἐκκλησία
1579 5329 1632 5380 δέ
1662 5329 1760 5379 οὐκ
1789 5332 2047 5398 ἐπέτρεψε
2073 5333 2206 5394 τέως
2281 5337 2371 5385 ἐπὶ
2435 5335 2543 5384 τῶν
2598 5333 2876 5401 ἡμετέρων
2923 5331 3128 5398 χρόνων
3169 5331 3352 5398 τρίτου
3400 5330 3580 5397 γάμου
3631 5327 3806 5380 συνάλ.

628 5433 830 5492 Ααγμα.

1938 5509 2166 5564 ΥΑΒΙΑΞ
2205 5512 2598 5567 LECTIONES.

707 5614 732 5642 ³
747 5605 999 5671 confecta.
1060 5617 1083 5643 ι
1124 5614 1306 5656 tomus.
