4004 6456
548 299 654 360 995

556 513 765 579 captiva
804 510 1129 574 Christiana,
1168 514 1478 580 pariterque
1510 514 1829 576 orthodoxa,
1864 514 1980 566 sine
2016 527 2105 580 pe-

556 602 731 654 riculo
762 608 819 653 ut
853 614 1062 654 servam
1096 615 1212 653 eam
1244 602 1486 655 vendet?

629 778 783 845 Resp.
812 778 1135 831 Potestatem
1159 778 1319 833 habet
1347 781 1598 833 dominus
1629 796 1658 834 a
1689 796 1748 834 se
1780 790 2104 849 constupra-

556 876 666 919 tam
698 868 946 919 ancillam
991 882 1143 919 suam
1178 868 1464 932 vendendi,
1494 869 1722 935 ejusque
1752 869 1982 936 pretium
2023 869 2107 919 lu-

560 957 896 1011 crifaciendi.
929 958 1081 1012 Tunc
1111 959 1252 1012 enim
1292 959 1593 1012 libertatem
1637 969 1976 1027 promeretur
2009 974 2108 1011 an-

562 1049 720 1109 cilla,
777 1063 897 1115 quae
953 1063 1074 1100 cum
1135 1050 1353 1100 domino
1420 1050 1581 1103 simul
1642 1060 1896 1117 corrupta
1949 1060 2031 1104 est
2057 1048 2108 1113 δ,

561 1136 775 1200 quando
808 1137 872 1188 ad
908 1144 1210 1188 extremum
1246 1152 1415 1205 usque
1448 1139 1720 1205 spiritum,
1755 1140 1961 1191 nullum
1993 1139 2110 1206 ejus

562 1221 910 1276 divendendm
954 1225 1176 1289 praebuit
1220 1235 1615 1293 argumentum.
1648 1228 1734 1278 Ait
1750 1228 1889 1280 enim
1922 1228 1955 1279 2
1986 1242 2107 1295 cap.

567 1310 627 1362 19
682 1314 762 1363 tit.
811 1312 877 1363 48
920 1312 1010 1363 lib.
1056 1313 1167 1365 haec
1241 1314 1553 1366 nominatim
1619 1334 1631 1366 :
1693 1315 1747 1368 Si
1814 1316 1935 1381 quis
2004 1333 2108 1370 non

561 1399 768 1450 habens
803 1415 1049 1461 uxorem,
1080 1403 1133 1453 in
1169 1416 1267 1455 suo
1292 1405 1579 1456 concubitu
1613 1406 1861 1457 ancillam
1893 1408 2108 1471 habeat,

562 1495 615 1538 et
653 1502 772 1539 cum
814 1503 873 1540 ea
916 1490 979 1540 ad
1024 1500 1249 1543 mortem
1299 1508 1469 1561 usque
1513 1504 1747 1559 maneat,
1791 1497 1901 1549 sive
1937 1512 2003 1549 ex
2048 1511 2109 1550 ea

565 1577 887 1642 susceperit,
928 1578 1044 1631 sive
1082 1594 1186 1631 non
1228 1588 1280 1632 et
1320 1580 1386 1635 de
1423 1596 1485 1635 ea
1526 1581 1656 1635 nihil
1695 1585 1747 1636 in
1787 1594 2110 1639 testamento

564 1680 664 1718 suo
696 1666 896 1719 dixerit
925 1684 937 1719 :
970 1668 1041 1720 sit
1076 1668 1160 1721 illa
1194 1668 1380 1722 libera.

638 1847 832 1900 Inierr.
875 1847 963 1900 47.
1007 1847 1063 1899 Si
1099 1848 1436 1903 orthodoxus
1465 1860 1737 1907 scortatus
1768 1854 1983 1907 sitcum
2017 1856 2111 1907 Ju-

565 1938 697 2000 dma,
722 1948 814 1989 aut
835 1939 1078 2005 Agarena
1105 1940 1346 2004 muliere,
1366 1955 1592 1996 censura
1621 1945 2013 2011 emendabitur,
2044 1963 2109 1999 an

566 2028 1026 2092 rebaptizahitur?

636 2116 786 2183 Resp.
848 2118 1308 2189 Quadragesimus
1364 2123 1624 2189 septimus
1669 2125 1883 2191 quidem
1938 2142 2111 2181 canon

566 2215 877 2259 Sanctorum
926 2214 981 2259 et
1032 2209 1178 2261 omni
1220 2209 1377 2263 laude
1412 2212 1702 2265 celebrium
1748 2216 2110 2282 apostolorum

568 2296 679 2347 h;ec
724 2298 798 2346 ait
846 2314 859 2348 :
912 2296 1222 2365 Episcopus,
1272 2298 1355 2352 vel
1399 2301 1703 2368 presbyter,
1743 2303 1789 2356 si
1833 2319 1973 2368 eum,
2020 2307 2111 2373 qui

570 2402 693 2439 vere
724 2387 881 2439 habet
912 2388 1259 2455 baptismum,
1288 2389 1355 2443 de
1387 2392 1597 2460 integro
1629 2392 2001 2461 baptizaverit,
2030 2397 2113 2449 vel

569 2479 615 2531 si
645 2493 791 2539 eum,
822 2479 911 2545 qui
946 2480 1013 2532 ab
1046 2479 1226 2547 impiis
1256 2480 1492 2548 pollutus
1522 2490 1623 2545 est,
1658 2498 1765 2536 non
1804 2484 2110 2551 baptizare-

572 2566 679 2627 rit,
725 2568 1040 2633 deponatur,
1081 2574 1141 2618 ut
1177 2568 1268 2635 qui
1299 2569 1519 2622 irrideat
1557 2581 1781 2625 mortem
1818 2580 1870 2625 et
1899 2588 2112 2628 crucem

576 2654 805 2718 Domini,
833 2665 889 2711 et
917 2672 1020 2711 non
1052 2658 1328 2715 discernat
1356 2662 1664 2717 sacerdotes
1696 2678 1723 2714 a
1755 2662 1905 2719 falsis
1938 2679 2115 2718 sacer-

573 2742 810 2797 dotibus.
864 2743 1069 2799 Forsan
1126 2746 1287 2817 igitur
1344 2748 1539 2802 dixerit
1593 2751 1881 2819 quispiam,
1927 2754 2112 2805 ortho-

575 2830 793 2892 dnxnm,
849 2833 939 2899 qui
994 2848 1114 2885 eum
1171 2837 1331 2903 impia
1378 2846 1648 2891 scortatus
1698 2850 1800 2903 est,
1851 2842 2111 2907 pollutum

577 2933 715 2977 esse,
749 2927 798 2970 (οι
847 2922 1164 2987 rebaptizari
1192 2924 1406 2979 debere.
1429 2925 1580 2989 Quod
1622 2942 1806 2980 verum
1847 2944 1955 2983 non
1994 2943 2111 2984 eSt:

1742 299 2014 359 THEOD.
2047 299 2090 354 Β
2113 298 2272 355 ιωΑ
2290 296 2518 357 \iONJS

630 420 823 474 Interr.
848 420 932 473 46.
963 420 1142 489 Siquis
1168 431 1437 476 scorlottts
1476 423 1637 475 fuerit
1661 433 1683 459 ο
1718 438 1840 476 cum
1880 424 2109 475 muliere
2138 426 2183 480 Α

3658 298 3766 360 996

2771 420 2894 471 Ἐάν
2970 436 3050 482 τις
3111 419 3383 489 πορνικῶς
3464 418 3757 488 συμφθαρῇ

2210 512 2345 576 μετὰ
2411 510 2667 575 γυναικὸς
2716 507 3058 575 αἰχμαλώτου
3102 512 3451 577 Χριστιανῆς,
3483 508 3577 561 καὶ
3623 509 3763 561 κατὰ

2206 595 2397 646 ταύτὸν
2444 593 2745 658 ὀροοδὸξου,
2800 594 3093 657 ἀκινδύνως
3144 596 3217 657 ὡς
3261 596 3456 665 δούλην
3513 598 3759 664 πωλήσει

2208 685 2411 754 αὑτήν;

2286 775 2490 829 Ἀπόνι.
2535 774 2749 827 ’Λδειαν
2798 778 2825 827 ὀ
2861 773 3123 841 δεσπότης
3147 773 3257 835 ’ἐξει
3286 772 3384 843 τὴν
3438 774 3543 826 ὑπὸ
3568 773 3761 825 τούτου

2297 422 2379 485 Ἶίί
2390 421 2465 470 ώτ
2476 455 2489 471 .
2560 425 2676 484 μυξη

2209 863 2605 931 πορνευομένην
2658 864 2850 930 δούλην
2912 862 3075 914 αὑτοῦ
3123 863 3342 924 πωλεῖν,
3375 864 3472 915 καί⁵
3519 864 3761 929 ἀποκερ-

2206 953 2403 1005 δαίνειν
2438 953 2499 1005 τὸ
2523 955 2726 1021 ταύτης
2772 954 3007 1022 τίμημα.
3070 951 3412 1019 Ἐλευθερίας
3454 951 3564 1019 γὰρ
3636 953 3758 1003 τότε

2208 1043 2446 1105 ἀξιοῦται
2489 1044 2521 1110 ὴ
2564 1043 2721 1112 δούλη
2778 1042 2917 1110 μετὰ
2972 1040 3065 1093 τοῦ
3122 1042 3381 1093 δεσπότου
3432 1042 3760 1109 συμφθειρο-

2215 1134 2370 1201 μένη,
2426 1133 2512 1183 ὅτε
2556 1132 2713 1199 μέχρι
2757 1132 3064 1192 τελευταίας
3098 1130 3286 1183 τούτου
3313 1130 3763 1202 ἀναπνοῆςοῦδέν

2210 1240 2259 1275 τι
2291 1221 2419 1289 περὶ
2475 1221 2819 1287 διαπράσεως
2867 1222 3065 1288 ταύτης
3110 1222 3302 1287 φθάσει
3323 1223 3597 1289 γενέσθαι.
3629 1225 3763 1290 Φησὶ

2209 1312 2315 1379 γὰρ
2336 1311 2394 1360 τὸ
2428 1308 2471 1377 β’
2504 1310 2793 1373 κεφάλαιον
2839 1310 2930 1360 τοῦ
2956 1310 3019 1359 t0'
3048 1310 3223 1363 τίτλοο
3282 1312 3375 1363 τοῦ
3439 1319 3529 1380 μη¹
3560 1313 3762 1381 βιϐλίου

2210 1402 2380 1454 ταῦτα
2441 1404 2639 1471 ῥητῶς·
2680 1401 2803 1452 Ἐάν
2847 1418 2929 1463 τις
2958 1400 3151 1469 δούλην
3180 1406 3279 1471 σχῇ
3312 1405 3368 1453 ὲν
3393 1406 3459 1469 τῇ
3498 1404 3604 1470 ίδία
3639 1419 3763 1453 συν-

2209 1490 2390 1559 αφεία,
2424 1491 2496 1559 μὴ
2525 1490 2663 1559 ἔχων
2723 1490 3005 1557 γαμετὴν.
3058 1492 3150 1542 καὶ
3215 1492 3372 1559 μείνῃ
3430 1493 3550 1559 μετ’
3596 1493 3764 1557 αὐτῆς

2211 1582 2368 1649 μέχρι
2395 1580 2669 1647 τελευτῆς,
2702 1580 2809 1631 εἴτε
2837 1579 2972 1648 ἔχων
3004 1579 3190 1639 παῖδας
3215 1580 3273 1642 ἐξ
3302 1582 3490 1649 αὐτῆς,
3509 1580 3619 1630 εἴτε
3658 1580 3762 1646 μὴ’

2212 1672 2306 1722 καὶ
2332 1672 2497 1740 μηδὲν
2548 1672 2675 1739 είπῃ
2701 1671 2830 1738 περὶ
2856 1670 3021 1737 αὐτῆς
3049 1672 3103 1720 ὲν
3133 1669 3237 1737 ίδίᾳ
3260 1670 3513 1740 διαθήκῃ·
3552 1670 3767 1737 γίνεται

2214 1765 2395 1829 ἐκείνη
2428 1762 2706 1831 ἐλευθέρα.

2291 1852 2485 1918 Ἑρώτ.
2562 1854 2667 1921 μξ’.
2750 1853 2872 1906 Ἐὰν
2932 1852 3205 1919 ὁρθόδοξος
3262 1850 3556 1919 συμφθαρῇ
3628 1865 3765 1916 πορ-

2210 1941 2373 2001 νικῶς
2433 1941 2567 2008 μετὰ
2604 1940 2859 2001 Ἰουδαίας
2927 1939 2958 2007 ἢ
3010 1939 3318 2007 ’Λγαρηνῆς
3368 1937 3647 2004 γυναικὸς,
3698 1934 3766 1988 δι’

2210 2030 2482 2095 ἐπιτιμίου
2512 2030 2848 2097 διορθωΘείη,
2877 2030 2908 2097 ἢ
2946 2026 3512 2094 ἁναὸαπτισθήσεταις

2300 2121 2501 2174 ’Δπὼι
2545 2121 2602 2170 '0
2625 2121 2721 2186 μὲν
2742 2118 2828 2189 με’
2858 2118 3034 2171 κανὼν
3054 2118 3161 2170 τῶν
3190 2118 3355 2183 ἁγίων
3370 2118 3462 2169 καὶ
3486 2118 3766 2183 πανευφή-

2214 2229 2329 2281 μων
2363 2211 2673 2264 ἀποστόλων
2724 2210 2892 2263 ταῦτά
2928 2225 3113 2275 φησιν·
3164 2208 3486 2268 Ἐπίσκοπος
3521 2206 3553 2275 ἢ
3591 2220 3768 2282 ’πρε-

2212 2303 2476 2371 σϐύτερος
2527 2302 2617 2353 τὸν
2652 2301 2791 2353 κατὰ
2844 2299 3098 2368 ἀλήθειαν
3125 2299 3316 2367 ἔχοντα
3351 2297 3631 2366 βάπτισμα
3673 2296 3765 2347 ἐὰν

2211 2393 2415 2446 ἄνωθεν
2466 2390 2783 2460 βαπτίσῃ,ἢ
2840 2390 2930 2440 τὸν
2997 2388 3405 2456 μεμολυσμένον
3465 2386 3617 2453 παρά
3660 2384 3767 2436 τῶν

2212 2481 2420 2534 ἀσεϐῶν
2476 2481 2549 2549 μὴ
2594 2478 2849 2549 βαπτίσῃ,
2902 2476 3287 2545 καθαιρείσθω.
3340 2474 3413 2535 ὡς
3454 2473 3629 2539 γελῶν
3676 2474 3767 2526 τὸν

2214 2570 2444 2640 σταυρὸν
2476 2570 2570 2623 καὶ
2621 2570 2711 2621 τὸν
2761 2568 2855 2621 τοῦ
2898 2569 3098 2637 Κυρίου
3138 2566 3510 2640 θανατονηκαὶ
3553 2564 3627 2631 μὴ
3654 2563 3767 2615 δια·

2215 2635 2409 2729 κρίνων
2447 2660 2624 2728 ίερὲας
2679 2635 3052 2725 ψευδοῖιρέων.
3116 2654 3275 2716 Ἰσως
3343 2635 3434 2706 δώ
3486 2654 3633 2705 εῐποι
3682 2666 3763 2710 τις

2214 2749 2439 2815 ὀφείλειν
2486 2747 2697 2800 καὶτὸν
2743 2746 3110 2815 πορνεύταντα
3137 2742 3411 2813 ὀρθόδοξον
3476 2742 3622 2809 μετὰ
3667 2742 3765 2807 τῆς

2213 2838 2439 2898 ἀσεϐοῦς
2501 2836 2843 2905 μολυνθῆναι,
2876 2835 2969 2886 καὶ⁵
3012 2834 3480 2900 ἁναὸαπτισθῆναι
3509 2831 3763 2897 ὀφείλειν.

2217 2927 2328 2977 Οὐκ
2382 2926 2494 2976 ἔστι
2523 2925 2577 2976 δὲ
2610 2924 2768 2975 τοῦτο
2826 2923 3044 2991 ἀληθές.
3079 2922 3312 2982 Ἐκεῖνος
3341 2922 3445 2989 γὰρ
3483 2920 3766 2987 μολύνεται

579 3008 623 3060 is
655 3009 793 3058 enim
826 3009 891 3060 ab
923 3010 984 3062 iis
1019 3011 1294 3079 polluitur.
1321 3014 1411 3079 qui
1445 3023 1634 3081 sponte
1664 3015 1932 3071 abluendo
1963 3022 2114 3073 exuit

2217 3014 2365 3082 παρὰ
2414 3014 2519 3065 τῶν
2562 3011 2793 3075 ἀσεϐῶν,
2831 3009 2887 3071 ὃς
2920 3010 3097 3062 ἑκοντὶ
3156 3010 3252 3077 μὲν
3308 3008 3663 3060 ἀπονίπτεται
3712 3008 3769 3057 τὸ

576 3098 814 3149 divinqu
852 3110 1201 3168 sanctumque
1244 3103 1508 3171 baptisma
1543 3104 1819 3173 induitque
1847 3106 2111 3175 baptisma

579 3188 891 3253 impiorum.
934 3186 1147 3242 Judicio
1182 3205 1311 3259 ergo
1345 3192 1634 3261 episc0pali
1678 3209 1773 3263 per
1813 3196 2112 3263 graviorem

579 3292 792 3343 poenam
813 3279 1206 3342 emendabitur,
1224 3291 1277 3333 et
1306 3289 1363 3333 ut
1390 3291 1677 3341 scortator.
1704 3292 1756 3335 et
1783 3293 1840 3337 ut
1863 3287 2115 3339 satanica:

574 3366 971 3417 communionis
1001 3366 1292 3435 cumitnpio
1342 3367 1514 3421 factus
1548 3369 1813 3439 particeps
1863 3388 1877 3424 :
1926 3386 2114 3425 verum

580 3469 687 3504 non
723 3454 1102 3521 baptizabitur.

650 3541 846 3595 Inlerr.
871 3544 957 3595 48.
984 3545 1127 3607 Quot
1160 3558 1420 3598 annorum
1448 3561 1564 3601 mas
1583 3546 1890 3603 autfemina
1918 3548 2117 3604 admit-

581 3640 725 3683 tatur
750 3633 812 3683 ad
842 3633 1277 3687 confessionem?

653 3720 805 3787 Resp.
849 3721 1020 3790 Leges
1043 3724 1263 3790 quidem
1289 3725 1509 3780 delictis
1547 3728 1881 3795 impuberum
1918 3730 2120 3784 condo-

582 3812 819 3863 nandutn
854 3826 974 3865 esse
1002 3812 1207 3865 dicunt.
1243 3813 1554 3882 [inpuberes
1582 3824 1759 3869 autem
1789 3824 1917 3869 sunt
1948 3832 2119 3872 mares

583 3901 823 3969 quidem,
873 3904 966 3971 qui
1010 3903 1283 3957 decimum
1331 3913 1582 3970 quartum
1627 3919 1825 3959 annum
1867 3908 2121 3975 impleve-

585 4001 712 4044 runt
760 4011 774 4046 :
818 3992 1031 4045 femina:
1068 4008 1216 4057 vero,
1261 3994 1542 4047 duodecim
1582 4011 1867 4049 annorum.
1912 3995 2118 4052 Forsan

584 4083 746 4149 igitur
774 4082 968 4135 dixerit
998 4083 1191 4151 aliquis
1224 4094 1347 4151 post
1370 4084 1745 4139 duodecimum
1778 4096 1827 4140 et
1856 4088 2119 4141 decimum

583 4180 833 4238 quartum
869 4172 1041 4227 astatis
1070 4187 1267 4225 annum
1301 4188 1394 4228 eos
1424 4174 1618 4227 debere
1652 4184 1869 4242 peccata
1904 4192 2000 4231 sua
2031 4177 2123 4230 de—

583 4260 839 4313 clarare:
896 4268 1082 4328 utpote
1136 4261 1456 4315 delictorum
1503 4263 1768 4329 judicium
1810 4264 2119 4327 subeuntes,

2215 3104 2352 3155 θεῖον
2377 3107 2469 3155 καὶ
2514 3102 2667 3168 ἅγιον
2696 3100 2997 3168 βάπτισμα,
3027 3100 3265 3151 ἐνδύεται
3295 3100 3348 3150 δὲ
3374 3098 3624 3166 βάπτισμα
3647 3100 3767 3149 ἀσε·

2214 3195 2337 3247 δῶν.
2364 3193 2439 3246 Δι’
2470 3192 2739 3260 ἐπιτιμίου
2772 3190 2901 3258 γοῦν
2951 3190 3301 3259 σφοδροτέρου
3355 3190 3475 3240 κατ’
3547 3193 3767 3241 ἐπισκο-

2214 3285 2380 3352 πικὴν
2417 3283 2685 3351 διάκρισιν
2710 3281 3047 3350 διορθωθείη,
3119 3283 3211 3332 καὶ
3260 3280 3335 3340 ὠς
3384 3280 3613 3348 πόρνος,
3678 3280 3768 3331 καὶ

2216 3375 2289 3435 ὡς
2316 3373 2644 3440 κοινωνήσας
2685 3370 2823 3439 μετὰ
2852 3369 3081 3431 ἁσεὸοὖς
3114 3369 3395 3431 κοινωνίας
3449 3369 3763 3437 σατανικῆς·

2216 3465 2307 3519 ἀλλ
2331 3465 2391 3516 οὐ
2418 3463 2862 3531 βαπτισθήσεται.

2299 3552 2493 3619 Ἑρώτ.
2541 3558 2647 3620 μη¹.
2700 3550 2974 3618 Ποσαετὴς
3005 3549 3204 3619 ἀνὴρῆ
3253 3548 3389 3617 γυνὴ
3432 3547 3643 3617 δεχθείη
3690 3550 3766 3609 είς

2219 3642 2531 3710 ὲξαγορείαν
2550 3657 2563 3703 ;

2298 3734 2490 3786 Ἆπόκ.
2514 3732 2576 3783 Oi
2611 3730 2708 3795 μὲν
2742 3730 2894 3797 νόμοι
2938 3730 3290 3798 συγχωρητέα
3317 3729 3383 3781 τὰ
3415 3730 3522 3781 τῶν
3554 3727 3767 3797 ἀνήϐων

2221 3823 2582 3892 ἁμαρτήματα
2626 3820 2872 3884 λέγουσιν
2918 3816 3077 3872 εἶναι.
3125 3821 3344 3887 ’Δνηεοι
3383 3819 3437 3870 δὲ
3490 3820 3624 3869 είσιν
3674 3820 3764 3870 ἐπὶ

2224 3912 2320 3982 μὲν
2350 3910 2454 3961 τῶν
2493 3908 2756 3978 ἀρρένων,
2784 3910 2832 3959 ot
2855 3908 2944 3959 τὸν
2964 3907 3551 3975 τεσσαρεσκαιδέκατον
3575 3909 3766 3975 χρόνον

2223 3998 2601 4067 πληρώσαντες
2624 4013 2639 4029 ·
2669 3998 2760 4049 ἐπὶ
2781 3998 2834 4048 δὲ
2858 3997 2964 4048 τῶν
2990 3997 3236 4062 θηλειῶν.
3292 3998 3346 4047 αί
3387 3996 3762 4056 δωδεκαετεῖς.

2226 4092 2383 4149 Ἴσως
2398 4089 2486 4141 οὖν
2508 4086 2633 4159 εἴπῃ
2685 4103 2789 4149 τις,
2823 4087 2956 4154 μετὰ
2981 4087 3068 4136 τὸν
3098 4085 3393 4137 δωδέκατον
3424 4086 3516 4136 καὶ
3536 4085 3625 4135 τὸν
3648 4102 3768 4136 ssc-

2230 4179 2712 4247 σαρεσκαιδέκατον
2736 4179 2921 4243 χρόνον
2950 4175 3046 4243 τῆς
3080 4175 3295 4243 ἡλικίας
3322 4173 3497 4227 αὐτῶν
3536 4174 3766 4241 ὀφείλειν

2224 4268 2441 4328 τούτους
2463 4265 2819 4335 ἐξαγορεύειν,
2847 4265 2921 4325 ὡς
2944 4268 3033 4317 καὶ
3058 4264 3115 4329 ἐξ
3152 4264 3560 4333 ἁμαρτημάτων
3602 4264 3764 4316 εὐθυ-

580 4360 637 4402 et
686 4364 913 4417 capaces
961 4350 1329 4415 scortationis,
1366 4352 1702 4420 aliorumque
1744 4357 2117 4422 quorumpiam

2224 4357 2593 4424 νομὲνους,καὶ
2620 4333 2906 4421 γεγονότας
2930 4357 3179 4421 πορνείας
3203 4358 3294 4405 καὶ
3322 4354 3497 4406 ἄλλων
3522 4355 3760 4422 ἁμαρτηο

592 4447 934 4506 peccatorum
970 4438 1209 4492 eﬂ‘ectos.
1249 4437 1358 4492 Nos
1387 4451 1561 4493 autem
1596 4443 1663 4493 ab
1692 4442 1808 4509 ipsa
1844 4443 2123 4509 experien-

590 4529 681 4589 tia,
713 4529 803 4581 sed
838 4529 904 4581 ab
942 4527 1008 4583 iis
1060 4544 1178 4597 qua:
1212 4528 1399 4581 talium
1431 4529 1789 4596 quorumdam
1823 4545 1986 4584 causa
2030 4546 2125 4598 per

586 4617 738 4669 varia
770 4625 1014 4684 tempora
1057 4617 1311 4687 synodice
1347 4616 1549 4685 prolata
1584 4627 1729 4681 sunt,
1759 4618 2121 4683 consulimus;

588 4712 648 4757 ut
688 4713 808 4772 post
838 4715 1045 4758 sextum
1080 4722 1277 4759 annum
1318 4720 1497 4759 mares
1522 4713 1576 4759 et
1606 4705 1818 4760 femina
1851 4721 1945 4774 per
1988 4723 2122 4760 con-

588 4794 861 4848 fessioncs
889 4797 1162 4849 emendari
1194 4807 1247 4850 et
1276 4797 1603 4853 sanctiﬁcari
1628 4796 1877 4851 debeant.
1909 4796 2042 4860 Quia
2074 4806 2126 4851 et

588 4884 822 4939 clericus
866 4884 1083 4951 quidam
1121 4899 1220 4951 per
1251 4885 1566 4951 obligatoria
1600 4887 1828 4955 scripta,
1862 4889 2129 4957 desponsa

593 4988 761 5025 uxore
814 4974 1077 5041 septenni,
1122 4983 1179 5026 et
1232 4981 1353 5041 post
1402 4974 1520 5042 ejus
1568 4986 1795 5032 mortem
1852 4978 1945 5031 alii
1999 4993 2128 5029 con-

586 5064 813 5129 junctus
858 5064 1093 5125 mulieri,
1138 5064 1391 5133 synodico
1432 5077 1537 5116 non
1580 5065 1903 5134 impetravit,
1948 5074 2007 5119 ut
2038 5081 2132 5118 ca-

591 5154 842 5205 nonicam
931 5162 1352 5221 consequeretur
1428 5154 1862 5221 ordinationem,
1942 5164 2124 5223 utpote

592 5240 859 5309 higamus.
928 5242 1015 5293 Ait
1071 5244 1211 5294 enim
1280 5236 1465 5295 sancta
1532 5242 2121 5311 Constantinopolitano

586 5329 853 5399 synodus,
906 5338 1213 5396 septennem
1259 5328 1513 5383 feminam
1562 5332 1762 5385 amoris
1808 5347 1924 5386 esse
1963 5347 2124 5399 capa-

2226 4446 2411 4514 μάτων
2437 4447 2596 4495 τινῶν
2617 4443 2913 4503 δεκτικοὺς.
2963 4442 3122 4509 Ἡμῖν
3151 4442 3206 4493 δι
3232 4442 3335 4492 ἀπὸ
3364 4442 3554 4509 πείρας
3576 4444 3760 4510 αὐτῇς,

2222 4535 2358 4588 ἀλλὰ
2395 4536 2499 4602 μὴν
2519 4534 2612 4583 καὶ
2636 4533 2740 4582 ἀπὸ
2764 4531 3099 4597 λαληθέντων
3125 4531 3411 4592 συνοδικῶς
3473 4531 3614 4583 κατὰ
3650 4532 3759 4582 δια-

2222 4626 2418 4693 φόρους
2455 4622 2695 4689 καιροὺς,
2737 4622 2895 4690 χάριν
2927 4620 3179 4673 τοιούτων
3211 4621 3388 4683 τινῶν,
3415 4621 3763 4687 γνωμοδοτεί-

2230 4728 2351 4763 ται·
2390 4712 2524 4779 μετὰ
2548 4712 2635 4761 τὸν
2662 4710 2816 4760 ἕκτον
2848 4709 3090 4760 ἐνιαυτὸν
3119 4709 3355 4776 ὀφείλειν
3385 4709 3480 4761 καὶ
3518 4710 3642 4772 τοὺς
3673 4711 3765 4775 ἄ.ιέ-

2227 4804 2383 4868 ρενας
2430 4802 2519 4850 καὶ
2571 4799 2667 4859 τὰς
2714 4798 2926 4865 θηλείας
2957 4798 3025 4849 δι’
3067 4797 3379 4865 ὲξαγορείας
3429 4798 3763 4865 διορθοῦσθαι

2227 4891 2317 4942 καὶ
2342 4888 2678 4955 ἁγιάζεσθαι.
2714 4888 2833 4937 Ὅτι
2861 4888 2949 4937 καί⁵
2977 4886 3233 4954 κληρικός
3257 4902 3340 4945 τις
3383 4885 3469 4937 διὰ
3496 4888 3760 4938 δισιιωτι-

2229 4980 2337 5031 κῶν
2359 4980 2647 5047 ἐγγράφων
2704 4976 3211 5043 ητεγγυησάμινος
3244 4978 3475 5041 γυναῖκα
3506 4976 3767 5042 ἆπταετῆ,

2230 5069 2319 5117 καὶ
2350 5066 2486 5133 μετὰ
2518 5065 2748 5114 θάνατον
2774 5062 2974 5129 ταύτης
2998 5062 3160 5131 ἑτέρᾳ
3187 5062 3496 5129 συζευχθιὶς
3523 5079 3723 5125 γυναικ
3755 5100 3766 5120 .

2228 5156 2287 5205 οὐ
2342 5154 2703 5222 παρεχωρήθη
2779 5151 3064 5211 συνοδικῶς
3116 5153 3399 5219 κανονικῆς
3473 5150 3768 5219 ἀξιωθῆναι

2233 5242 2576 5312 χειροτονίας,
2635 5242 2703 5302 ὡς
2736 5242 2977 5306 δίγαμος.
3034 5237 3165 5292 Eia;
3193 5241 3301 5307 γὰρ
3328 5243 3358 5308 ἡ
3396 5243 3452 5291 ἂν
3478 5243 3769 5293 Κωνστανο

2228 5334 2528 5387 τινουπόλει
2568 5333 2695 5397 ἁγία
2724 5332 2933 5393 σύνοδος
2966 5332 3060 5401 τὴν
3084 5332 3316 5399 ἑπταετῆ
3344 5334 3575 5397 γυναῖκα
3599 5332 3770 5385 δικτι·

1842 5465 2068 5519 VARUE
2092 5465 2483 5520 LECTIONES.

699 5615 721 5643 ε
751 5605 919 5663 stupri
937 5605 1353 5656 consuetudinem
1384 5603 1640 5657 habuerit.
1715 5603 1741 5643 ά
1767 5605 1931 5670 stupri
1952 5606 2365 5657 consuetudinem
2419 5605 2585 5655 habet.
