4004 6470
287 328 386 390 937

1035 335 1424 396 RESPONSA
1459 337 1560 396 AD
1597 337 2332 402 INTERROGATIONES
2357 343 2619 407 MARCL

3395 355 3497 418 998

291 458 390 522 κῆν
420 453 617 520 ἔρωτος
647 449 801 507 εἶναι’
835 455 1117 508 κάντεῦθεν
1146 458 1235 508 καὶ
1263 456 1468 525 φθορὰν
1491 458 1835 525 ὑρίστασθαι,

1940 473 2080 524 cem,
2112 462 2416 533 exindeque
2445 477 2693 536 stuprum
2722 470 2856 537 pati,
2883 477 2932 522 ct
2961 469 3303 524 scortationis
3333 471 3490 540 argui

290 547 382 597 καὶ.
433 547 532 613 τῆς
586 545 837 614 πορνείας
866 549 980 608 τοῖς
1008 546 1284 614 λογισμοῖς
1319 547 1659 602 ἁλίσκεσθαι.
1694 549 1752 600 El
1782 549 1838 601 δὲ

280 638 378 700 ,ἐπὶ
432 639 685 703 γυναικὸς
712 639 880 690 ταῦτα
906 637 1127 701 δικαίως
1170 639 1622 708 πεφιλοσόφηται,
1665 639 1840 709 πολλῷ

290 727 447 777 πλέον
473 728 564 780 ἐπὶ
591 729 779 796 ἀνδρὸς
813 728 1236 798 ψηφισθήσεται.

369 818 557 883 Ἑρὼτ.
597 818 708 887 μθ’.
735 822 888 873 Κατά
918 821 1014 890 τὴν
1065 822 1300 890 ἑσπέραν
1335 822 1457 887 .τῆς
1495 821 1839 890 κυριωνύμου

289 909 510 976 πρώτης
563 912 771 981 ἡμέρας
821 914 915 965 ἐὰν
953 913 1342 982 συμπλακῶσιν
1361 913 1617 981 όμὸζνγοι
1653 931 1842 983 σαρκιο

288 999 418 1062 κῶς,
438 1001 917 1070 ἐπιτιμηθήσονται
936 1005 1009 1066 ὡς
1037 1005 1543 1073 παρανομήσαντες,
1571 1004 1604 1073 ἢ
1637 1003 1696 1056 οὔ
1720 1021 1733 1066 ;

368 1089 569 1143 Ἀπόκ.
600 1092 708 1143 Καὶ
731 1093 930 1146 ἄνωθεν
951 1095 1183 1163 εἴρηται,
1204 1097 1343 1147 κατὰ
1365 1094 1424 1146 τὸ
1451 1093 1722 1146 Σάϐϐατον
1745 1094 1840 1146 καὶ

288 1179 384 1248 τὴν
423 1182 708 1250 Κυριακὴν
754 1184 991 1249 ὀφείλειν
1035 1185 1333 1253 ἀπέχεσθαι
1381 1187 1506 1245 τοὺς
1540 1182 1839 1251 ὁμοζύγους

287 1271 383 1338 τῆς
414 1273 679 1340 σαρκικῆς
711 1274 1024 1332 κοινωνίας·
1065 1275 1150 1327 διὰ
1185 1275 1242 1326 τὸ
1267 1278 1325 1328 ὲν
1341 1277 1532 1336 αὐταῖς
1547 1275 1647 1342 τὴν
1679 1289 1840 1326 πνευ-

289 1359 521 1424 ματικήν
565 1358 758 1410 ουσίαν
809 1361 1171 1428 ἀναφέρεσθαι
1225 1361 1303 1429 τῷ
1369 1361 1560 1430 Κυρίῳ
1593 1377 1607 1392 ο
1659 1359 1841 1422 καθὼς

288 1448 441 1498 τοῦτο
493 1449 582 1500 καὶ
607 1449 634 1500 ὁ
667 1450 835 1516 μέγας
866 1452 923 1501 ὲν
948 1450 1119 1517 ἁγίοις
1186 1450 1448 1518 Τιμόθεος
1493 1451 1840 1520 πατριάρχης

299 1536 700 1607 Ἀλεξανδρείας
757 1539 892 1608 πρὸς
921 1541 1048 1602 τοὺς
1068 1541 1448 1610 ὲρωτήσαντας
1490 1542 1619 1609 περὶ
1647 1539 1838 1592 τούτου

287 1628 641 1696 ἀπεκρίνατο.
693 1634 757 1685 Oi
816 1633 945 1699 γοῦν
997 1634 1069 1702 μὴ
1110 1637 1190 1697 είς
1240 1634 1440 1698 ταύτας
1487 1636 1587 1696 τὰς
1629 1635 1842 1704 ἡμέρας

284 1719 759 1788 ἐγκρατευόμενοι,
823 1723 941 1785 πῶς
997 1724 1093 1775 καὶ
1166 1723 1286 1776 τότε
1321 1724 1459 1776 κατά
1491 1723 1676 1791 κοινὴν
1705 1739 1841 1791 συμο

1946 548 2268 607 ratiociniis.
2304 554 2455 620 Quod
2496 558 2542 611 si
2579 557 2692 611 haec
2722 557 2789 612 de
2822 558 3020 613 lentina
3057 558 3203 628 justo
3250 570 3491 617 tractan-

1943 646 2053 704 tur,
2086 643 2254 697 multo
2285 647 2456 715 magis
2501 648 2554 701 in
2595 662 2743 703 mare
2777 651 3100 704 sciscentur.

2016 817 2212 874 lnterr.
2241 819 2330 876 £9.
2362 823 2417 876 In
2452 838 2674 893 vespera
2725 826 2880 892 primi
2925 827 3031 880 diei
3078 825 3341 881 Dominici
3382 837 3406 867 ο
3445 830 3490 883 si

1945 908 2202 978 ronjugcs
2244 912 2535 964 carnaliter
2586 913 2947 981 implicentur,
2995 929 3226 968 censura
3276 930 3493 969 coerce-

1942 998 2165 1063 buntur,
2203 1009 2261 1052 ut
2300 1008 2730 1069 transgressores
2769 1004 2966 1070 legunt,
3000 1004 3220 1057 annon?

2010 1087 2160 1156 Resp.
2193 1090 2257 1142 Et
2287 1092 2539 1159 superius
2577 1092 2780 1146 dictum
2813 1101 2915 1157 est,
2954 1096 3006 1146 iu
3037 1094 3271 1148 Sabbato
3295 1103 3347 1148 et
3383 1095 3489 1148 Do-

1941 1180 2142 1233 minico
2168 1182 2424 1250 conjuges
2449 1183 2723 1236 abstinere
2750 1184 2945 1236 debere
2975 1186 3178 1236 carnali
3210 1187 3485 1246 societate,

1941 1273 2084 1338 quod
2138 1274 2192 1326 in
2243 1274 2324 1326 eis
2370 1276 2631 1345 spiritalis
2681 1277 2857 1330 hostia
2902 1277 3158 1330 oﬂeratur
3206 1277 3430 1331 Domino
3473 1295 3486 1330 :

1939 1361 2393 1428 quemadmodum
2442 1379 2670 1432 magnus
2721 1365 2866 1419 inter
2912 1376 3130 1420 sanctos
3178 1365 3489 1421 Tinmtlieus

1938 1450 2276 1506 Alexandria:
2306 1455 2635 1521 patriarcha,
2671 1455 2737 1508 ad
2769 1471 2884 1517 eos,
2915 1458 3004 1524 qui
3036 1456 3102 1509 de
3132 1457 3233 1509 hoc
3265 1458 3494 1509 interro-

1941 1540 2158 1607 gabant,
2192 1543 2496 1611 respondit.
2527 1543 2630 1609 Qui
2669 1545 2833 1614 igitur
2867 1546 2950 1600 bis
2978 1546 3171 1600 diebus
3208 1547 3492 1599 continen-

1941 1636 2022 1681 ter
2080 1642 2187 1681 non
2248 1638 2456 1698 agunt,
2515 1646 2748 1698 quonam
2808 1631 2967 1685 modo
3028 1640 3158 1685 tunc
3217 1633 3489 1683 communi

1940 1717 2211 1771 vacabunt
2256 1717 2341 1787 (ut
2398 1733 2629 1789 magnus
2686 1721 2762 1774 ait
2810 1720 3124 1790 Apostolus)
3178 1724 3489 1789 congressui

286 1811 486 1873 φωνίαν
513 1811 860 1878 σχολάσουσιν
880 1811 974 1881 (ὡς
999 1814 1025 1863 ὁ
1058 1812 1233 1879 μέγας
1282 1811 1597 1874 Ἀπόστολος
1625 1809 1833 1879 εῐρτικε)

1939 1817 2062 1856 cum
2103 1803 2214 1858 Deo
2262 1813 2315 1859 et
2359 1807 2640 1862 orationi?
2681 1808 2843 1862 Nullo
2882 1811 3039 1878 plane
3082 1810 3260 1863 modo.
3307 1809 3490 1879 itaque

287 1903 348 1965 τῆ
388 1900 522 1966 πρὸς
542 1901 672 1952 Θεὸν
697 1900 933 1964 ἐντεύξει
957 1901 1051 1953 καὶ
1074 1904 1386 1970 προσευχῇς
1419 1901 1642 1962 Πάντως
1687 1899 1836 1952 οὐδέ-

287 2005 436 2041 ποτε.
465 1992 553 2042 Διὸ
581 1992 674 2043 καὶ
701 1992 769 2044 δι’
799 1992 1092 2061 ἐπιτιμίων
1117 1991 1350 2062 μετρίων
1377 1994 1425 2044 oi
1459 1989 1629 2054 οὕτως
1653 1991 1837 2060 ἡμαρο

285 2082 512 2146 τηκιίτες
546 2081 1026 2150 διορθωθὴσονται.

366 2170 541 2234 Ἐρώτ
587 2178 649 2224 ν’.
724 2172 847 2224 Ἑάν
899 2171 1043 2224 κατά
1106 2172 1205 2240 τήν
1250 2169 1835 2242 Τεσσαρακονθὴμερον

285 2258 539 2323 νηστείας
577 2259 675 2310 οὐκ
711 2259 1148 2328 ἐγκρατεύωνται
1204 2261 1254 2312 οἱ
1281 2260 1558 2330 ὁμόζυγοι,
1594 2257 1832 2328 ἀξιωθή-

287 2363 469 2398 σονται
519 2347 620 2414 τῆς
697 2348 806 2401 τῶν
871 2348 1028 2402 θείων
1089 2351 1444 2419 ἀτιασμάτων
1514 2348 1832 2411 κοινωνίας,

285 2438 422 2488 κατὰ
448 2437 544 2508 τήν
569 2439 657 2490 τοῦ
691 2438 922 2508 μεγάλου
941 2440 1135 2510 Πάσχα
1171 2441 1608 2509 κοσμοσωτήριον
1619 2436 1832 2508 ἑορτὴν,

283 2526 445 2592 ἢυῦς

366 2615 564 2668 Ἀπόκ.
595 2616 655 2668 Εἰ
694 2615 828 2684 μηδὲ
882 2615 1227 2685 ἰχθυοφαγεῖν
1258 2615 1613 2685 ἐδιδάχθημεν
1637 2653 1653 2679 ,
1700 2612 1835 2682 μηδὲ

290 2705 471 2766 ἁπλῶς
504 2706 790 2758 καταλύειν
818 2706 883 2758 δι’
916 2707 1042 2775 ὅλης
1055 2708 1151 2774 τῆς
1180 2706 1338 2773 ἁγίας
1361 2705 1830 2773 Τεσσαρακοστῆς,

285 2796 379 2845 καὶ
432 2797 569 2846 κατὰ
616 2797 795 2847 πᾶσαν
835 2796 1088 2864 τετράδα,
1117 2796 1210 2847 καὶ
1243 2793 1625 2863 Παρασκευὴν,
1655 2789 1834 2860 πολλῷ

286 2882 445 2934 πλέον
501 2886 596 2950 τῆς
656 2886 920 2954 σαρκικῆς
995 2884 1310 2951 συμπλοκῆς
1339 2883 1560 2951 ἀπέχειν
1599 2883 1836 2946 ἀναγκα-

289 2973 594 3040 σθήσονται.
626 2975 686 3026 Ol
711 2974 841 3040 γοῦν
904 2974 1391 3042 παρανομήσαντες
1418 2971 1592 3032 οὕτως
1633 2969 1833 3038 ὁμόζυ-

287 3080 399 3128 γςι,
418 3066 510 3115 καὶ
535 3065 611 3124 είς
643 3065 907 3134 ἀκρασίαν
939 3062 1228 3130 σατανικὴν
1261 3060 1834 3131 μεταστοιχειώσαντες

1940 1893 2032 1960 qui
2067 1894 2147 1948 sic
2176 1895 2536 1964 deliquerunt,
2575 1899 2752 1968 pcenis
2789 1899 3239 1955 moderatior-ibus
3264 1898 3284 1939 τ
3313 1915 3493 1956 emcn-

1941 1981 2236 2038 dabuntur.

2008 2153 2196 2209 Interr.
2250 2155 2338 2210 50.
2367 2155 2424 2211 Si
2480 2173 2577 2228 per
2633 2157 3001 2228 Quadragcnm
3037 2161 3301 2229 jejunium
3356 2179 3489 2217 con-

1935 2242 2092 2311 juges
2159 2246 2499 2301 continenter
2562 2263 2667 2302 non
2742 2261 2924 2317 agant,
2990 2250 3134 2320 digni
3207 2253 3486 2307 habebun-

1941 2342 2030 2386 tur
2103 2333 2408 2388 divinarum
2489 2337 2978 2393 sanctiﬁcationum
3060 2343 3485 2404 comnmnione,

1940 2421 1996 2473 in
2057 2423 2237 2491 magni
2285 2424 2569 2480 Paschalis
2609 2428 2794 2480 mundi
2861 2431 3088 2483 salutari
3156 2431 3315 2494 festo,
3388 2447 3484 2484 an—

1940 2511 2091 2565 non?

2008 2601 2165 2666 Resp.
2225 2604 2280 2658 Si
2332 2620 2508 2674 neque
2552 2607 2729 2674 pisces
2767 2609 2928 2663 edere
2979 2608 3257 2676 docemur,
3312 2626 3488 2681 neque

1941 2696 2261 2765 simpliciter
2305 2696 2570 2766 jejunium
2616 2701 2823 2754 solvere
2880 2717 2974 2769 per
3019 2711 3184 2755 totam
3242 2713 3485 2758 sanctam

1940 2783 2349 2854 Quadragenam
2379 2789 2424 2848 ε,
2479 2789 2649 2841 multo
2698 2791 2868 2856 magis
2902 2804 2930 2842 a
2966 2793 3167 2844 carnali
3203 2794 3486 2863 complexu

1941 2876 2212 2929 abstinere
2254 2885 2535 2947 cogentur.
2585 2877 2856 2949 Conjnges
2898 2894 3049 2948 ergo,
3077 2885 3167 2950 qui
3197 2888 3277 2936 sic
3307 2894 3487 2937 trans-

1940 2963 2112 3031 gressi
2146 2973 2294 3024 sunt,
2339 2974 2392 3018 et
2422 2967 2474 3018 in
2519 2969 2819 3021 satanicam
2857 2969 3302 3026 incontinentiam
3337 2988 3487 3026 com-

1942 3063 2218 3108 mutarunt
2259 3055 2548 3111 salutarem
2599 3060 2990 3125 pmnitentiam,
3025 3075 3142 3129 quc
3180 3078 3243 3115 ex
3280 3062 3487 3130 jejunio

283 3158 381 3220 τὴν
409 3157 512 3206 ἁπδ
546 3155 640 3222 τῆς
673 3155 921 3222 νηστείας
953 3156 1046 3206 καὶ
1069 3153 1167 3221 τῆς
1199 3152 1520 3220 ἀπαλλαγῆς
1561 3150 1668 3204 τῶν
1703 3166 1835 3220 σαρ-

1937 3152 2039 3207 est,
2084 3155 2141 3198 et
2192 3146 2508 3200 liberatione
2561 3150 2910 3215 cupiditatum
2960 3151 3280 3214 carnalium,
3330 3154 3488 3221 quasi

287 3245 456 3293 κιτιῶν
509 3245 807 3310 hauptqu
861 3242 1175 3311 ωτηριὼδη
1238 3241 1522 3310 μετάνοιαν
1549 3239 1759 3309 (ὥσπερ
1786 3241 1835 3291 εί

289 3335 364 3399 μὴ
393 3331 486 3383 τοῦ
522 3333 642 3385 ὅλου
686 3332 933 3386 ἐνιαυτοῦ
961 3333 994 3400 ἡ
1024 3330 1326 3401 περιδρομὴ
1358 3329 1577 3397 ἐξήρκει
1627 3327 1836 3388 τούτοις

291 3425 372 3481 είς
428 3421 813 3489 ἀποπλήρωσιν
839 3420 944 3472 τῶν
970 3418 1244 3488 σαρκικῶν
1289 3417 1587 3486 ἐπιθυμιῶν
1611 3414 1834 3482 αύτῶν)’

287 3511 409 3560 οὕτε
473 3514 569 3580 τὴς
629 3511 776 3572 Θείας
816 3510 906 3561 καὶ
957 3509 1117 3576 ἁγίας
1169 3507 1517 3577 μεταλήψεως
1567 3504 1707 3557 κατὰ
1737 3503 1838 3574 τὴν

292 3602 484 3668 ἑορτήν
545 3598 638 3651 τοῦ
690 3599 842 3665 ἁγίου
889 3601 984 3651 καὶ
1012 3599 1248 3666 μεγάλου
1284 3597 1474 3664 Πάσχα
1507 3595 1836 3665 ἀξιωθήσον-

289 3707 400 3752 τασ,
433 3689 564 3740 ἀλλὰ
588 3692 680 3741 καὶ
712 3690 776 3742 δι’
805 3689 1094 3756 ὲπιτιμιῶν
1122 3687 1595 3756 διορθωθήσονται.

374 3781 564 3844 Ἐρώτ.
623 3785 726 3832 να’.
797 3777 1098 3830 ’Δκίνδυνόν
1154 3778 1269 3828 ἐστι
1327 3775 1467 3828 κατά
1517 3773 1615 3843 τὴν
1668 3776 1839 3843 Κυρι-

291 3870 506 3935 ὠνυμον
533 3867 744 3937 ἡμέραν
778 3869 856 3929 εἰς
891 3867 1165 3935 βαλανεῖον
1203 3864 1559 3933 ἀπέρχεσθαι,
1589 3864 1684 3916 καὶ
1715 3864 1836 3932 θερ-

295 3961 412 4024 μοῖς
445 3957 683 4022 λουτροῖς
709 3954 1120 4017 ἀπονίπτεσθαι,
1148 3953 1179 4022 ἡ
1210 3952 1269 4005 οὔ
1300 3970 1312 4015 ;

375 4046 565 4097 Ἁπόκ.
604 4044 754 4096 Κατά
784 4043 879 4112 τὴν
895 4042 1251 4112 Κυριώνυμον
1283 4043 1439 4112 ἔργου
1461 4043 1658 4105 παντὸς
1699 4045 1835 4096 ἁπο-

287 4136 317 4188 δ
344 4133 720 4195 ίστασθαιτοὺς
734 4135 978 4198 πιστοὺς,
994 4133 1089 4186 καὶ
1099 4136 1147 4186 oi
1166 4133 1547 4201 θεῖοιΠατέρες
1572 4132 1832 4196 ἐδίδαξαν,

289 4229 380 4277 καὶ
399 4223 509 4293 ήνδ¹
527 4225 712 4293 Νεαρά
726 4222 820 4276 τοῦ
838 4224 1094 4293 βασιλέως
1111 4223 1296 4291 κυρίου
1314 4223 1535 4285 Λέοντος
1553 4223 1646 4275 τοῦ
1666 4222 1833 4283 Σοφοῦ

287 4316 509 4376 δικαίως
542 4314 925 4383 ὲθισπιῲδησε,
959 4315 1090 4380 φησὶ
1115 4314 1222 4380 γὰο
1259 4316 1316 4365 ἐν
1348 4315 1501 4382 μέρει
1531 4312 1725 4366 ταῦτα·

1939 3233 2104 3289 totius
2153 3237 2280 3289 anni
2324 3237 2654 3290 curriculum
2686 3237 2772 3291 his
2813 3252 2919 3292 non
2967 3238 3204 3294 sul‘llciat
3242 3241 3308 3294 ad
3356 3257 3487 3296 suas

1938 3325 2231 3391 explendas
2271 3327 2526 3382 libidines
2561 3344 2578 3380 :
2615 3328 2849 3381 divinam
2890 3337 2942 3383 et
2984 3342 3222 3384 sanctam
3266 3334 3489 3400 partici-

1939 3416 2208 3481 pationem
2258 3417 2309 3470 in
2353 3419 2440 3472 diu
2486 3419 2658 3472 sancti
2711 3420 3000 3489 magnique
3045 3420 3324 3477 Paschalis
3377 3438 3488 3476 non

1939 3505 2390 3572 promerebuntur
2427 3523 2440 3558 :
2486 3507 2733 3577 quinimo
2779 3511 2960 3577 potius
3007 3512 3182 3580 pinnis
3231 3512 3488 3568 emenda-

1939 3594 2160 3650 buntur.

2009 3767 2205 3822 Intrrr.
2241 3770 2328 3823 51.
2371 3769 2499 3823 Sine
2546 3771 2784 3837 periculo
2827 3779 2932 3837 est,
2955 3772 3045 3828 die
3093 3773 3375 3832 Dominico
3407 3777 3490 3833 in-

1935 3859 2089 3928 gredi
2137 3859 2428 3925 balneum,
2491 3862 2767 3917 etcalidis
2832 3865 3062 3919 lavacris
3119 3867 3317 3934 ablui,
3385 3884 3486 3926 an-

1939 3964 2045 4002 non
2073 3949 2097 4001 ?

2007 4037 2159 4106 Resp.
2187 4036 2282 4092 Die
2311 4037 2592 4092 Dominiro
2622 4040 2819 4097 debere
2849 4042 2916 4096 ab
2941 4042 3089 4098 omni
3121 4059 3288 4114 opere
3319 4048 3488 4103 abali-

1937 4144 2066 4183 nere
2099 4128 2304 4193 ﬁdeles,
2353 4141 2406 4184 et
2439 4131 2548 4184 divi
2588 4129 2773 4187 Patres
2813 4132 3136 4198 docuerunt,
3179 4143 3233 4190 et
3268 4138 3336 4192 54
3374 4137 3485 4193 Νο-

1944 4223 2074 4275 vella
2109 4222 2454 4291 imperatoris
2504 4225 2708 4278 domini
2741 4223 2940 4281 Leonis
2974 4228 3304 4298 philosophi,
3335 4230 3485 4299 justo

1933 4312 2214 4364 oraculum
2245 4311 2432 4373 edidit,
2475 4313 2583 4366 hinc
2613 4315 2754 4366 enim
2788 4315 2866 4368 ait
2896 4317 2945 4367 in
2981 4325 3165 4379 parte:

368 4403 647 4472 Ὀρίζομεν
701 4404 796 4454 καὶ
856 4403 1016 4470 ἡμεῖς
1083 4401 1118 4455 ἁ
1168 4404 1245 4471 τῴ
1281 4403 1420 4472 ἁγίῳ
1457 4403 1604 4468 εδοξε
1665 4404 1834 4457 ﬂucti-

2010 4400 2312 4456 Statuimns
2342 4417 2448 4456 nos
2480 4404 2667 4466 etiam,
2707 4404 2846 4472 quod
2877 4403 3103 4472 Spiritui
3150 4415 3361 4471 sancto,
3411 4408 3482 4464 ab

292 4509 460 4561 ματι,
503 4493 594 4542 καὶ
646 4493 758 4552 τοῖς
813 4492 904 4544 ὑπ’
957 4491 1118 4544 αὐτοῦ
1179 4494 1545 4562 μεμυημένοις
1605 4497 1835 4548 ἀποστό-

284 4583 395 4644 λοις
441 4596 455 4610 ⁸
506 4582 643 4634 ὥστε
691 4583 896 4643 πάντας
939 4582 1001 4634 ιν
1031 4586 1096 4653 τῇ
1143 4583 1261 4652 θείᾳ
1318 4584 1409 4635 καὶ
1466 4584 1565 4651 τὴν
1625 4584 1836 4654 ἀφθαρ-

287 4675 410 4726 σίαν
467 4673 622 4741 ἡμῶν
681 4673 1102 4743 ὲγκαινισαμένῃ
1160 4675 1339 4744 ἡμέρᾳ
1402 4673 1680 4743 σχολάζειν
1734 4677 1832 4750 ἁρ-

284 4765 399 4830 γίᾳ,
437 4765 526 4814 καὶ
583 4764 718 4831 μήτε
771 4762 1013 4830 γεωργὸν
1075 4764 1210 4830 μήτε
1265 4764 1384 4815 τινὰ
1430 4763 1618 4833 ἕτερον
1666 4765 1834 4818 ἄπτε-

283 4852 409 4902 altat
463 4851 622 4919 ἔργου
685 4853 742 4903 ἑν
799 4849 963 4920 ταύτῃ
1020 4849 1125 4901 τῶν
1184 4850 1257 4918 μὴ
1306 4851 1717 4919 νενομισμένων.
1768 4852 1830 4904 El

285 4942 392 5011 γὰρ
418 4943 464 4992 οὶ
495 4941 713 4992 ’παλαιοὶ⁴
740 4941 838 5004 τάς
865 4941 1023 5002 σκιὰς
1045 4942 1134 4991 καὶ
1159 4941 1284 5000 τοὺς
1302 4940 1503 5002 τύπους
1542 4943 1826 5009 τιμῶντες,

284 5031 371 5081 δια
397 5029 661 5096 τοσαύτης
681 5024 812 5098 ἦγον
833 5028 993 5096 τιμῆς
1023 5028 1118 5096 τὴν
1143 5028 1234 5079 τοῦ
1265 5027 1544 5079 Σαὸδάτου
1587 5029 1824 5099 ἡμέραν,

284 5125 358 5185 ὡς
387 5123 637 5176 παντελεῖ
657 5123 852 5183 αὐτοὺς
877 5121 1118 5190 ἀπραξία
1147 5121 1366 5186 nam,
1399 5121 1514 5183 πῶς
1564 5122 1708 5185 είκδς
1731 5122 1826 5185 οὓς

286 5216 318 5282 ἡ
355 5215 508 5282 χάρις
536 5213 870 5282 θεραπευτὰς
895 5211 1006 5279 ἔχει
1035 5213 1177 5280 καὶὴ
1205 5210 1448 5280 ἀλήθεια,
1499 5211 1717 5273 τούτους
1752 5214 1824 5282 μὴ

286 5304 447 5371 τιμᾷν
472 5304 568 5370 τήν
588 5303 794 5371 ἡμέραν
829 5303 949 5370 ἥτις
974 5303 1034 5352 τὸ
1064 5302 1239 5368 τίμιον
1269 5301 1418 5370 παρὰ
1438 5301 1532 5352 τοῦ
1553 5303 1823 5354 Δεσπύτου

287 5388 603 5458 ιπλούτησε,
659 5391 754 5441 καὶ
794 5391 939 5459 ἡμᾶς
987 5389 1321 5459 ἠλευθέρωσε
1376 5390 1472 5457 τῆς
1527 5392 1590 5441 ὲκ
1622 5390 1825 5459 φθορᾶς

1934 4493 2159 4561 ipsoque
2175 4494 2438 4548 institutis
2463 4496 2728 4562 apostolis
2765 4497 2983 4564 placuit,
3014 4503 3070 4548 ut
3101 4511 3289 4552 omnes
3324 4499 3484 4556 indie

1930 4597 2112 4646 sacro,
2168 4597 2390 4650 quoque
2444 4591 2629 4637 nostra
2661 4585 2946 4654 integritas
2976 4586 3279 4640 instaurata
3314 4601 3420 4654 est,
3450 4605 3480 4644 a

1932 4672 2118 4726 labore
2144 4681 2338 4725 vacent
2371 4689 2386 4726 :
2419 4687 2596 4740 neque
2623 4675 2894 4742 agricola,
2923 4689 3096 4741 neque
3117 4675 3372 4745 quiquam
3385 4679 3479 4733 alii

1931 4763 1987 4817 in
2015 4763 2107 4817 illo
2140 4763 2389 4816 illicitum
2437 4778 2575 4832 opus
2634 4765 3037 4834 aggrediantur.
3097 4765 3153 4819 Si
3207 4766 3351 4821 enim
3386 4766 3474 4836 qui

1932 4854 2178 4909 umbram
2197 4853 2486 4923 quamdam
2513 4863 2673 4924 atque
2701 4856 2921 4923 figuram
2951 4856 3333 4921 observabant,
3357 4868 3480 4912 tan-

1933 4954 2114 5012 topere
2157 4943 2378 4999 Sabbati
2432 4944 2574 4997 diem
2645 4945 3066 5007 venerabantur,
3132 4952 3192 4998 ut
3229 4945 3298 4999 ab
3331 4947 3480 5000 omni

1931 5047 2158 5104 prorsus
2201 5047 2363 5101 opere
2411 5032 2751 5087 abstinerent
2787 5049 2800 5086 :
2837 5034 3112 5101 quomodo
3157 5035 3249 5101 qui
3291 5036 3484 5102 gratis

1929 5121 2124 5184 lucem,
2157 5122 2438 5189 ipsamque
2469 5121 2752 5175 veritatem
2793 5121 3000 5182 colunt,
3035 5121 3134 5173 hos
3155 5135 3277 5173 eum
3310 5122 3476 5190 diem,

1929 5210 2020 5278 qui
2049 5223 2080 5261 a
2105 5207 2330 5261 Domino
2356 5208 2560 5261 honore
2593 5208 2800 5262 ditatus
2831 5217 2934 5271 est,
2966 5221 3175 5275 nosque
3217 5208 3285 5262 ab
3321 5203 3477 5261 exitii

1932 5299 2196 5352 dedecore
2228 5294 2492 5358 liberavit,
2529 5309 2635 5347 non
2659 5296 2903 5348 venerari
2949 5309 3044 5362 par
3071 5295 3187 5348 est?
3213 5305 3300 5347 aut
3335 5310 3478 5363 quo-

1931 5387 2092 5442 modo
2113 5402 2233 5442 cum
2259 5401 2322 5442 ex
2359 5398 2563 5454 septem
2594 5386 2784 5440 diebus
2816 5400 2956 5439 unus
2986 5387 3042 5438 in
3068 5382 3278 5439 Domini
3307 5383 3473 5440 bono-

1550 5499 1778 5554 VARLE
1818 5499 2222 5557 LECTIONES.

361 5603 389 5632 ο
442 5609 472 5643 a
521 5593 729 5645 domino
780 5593 1116 5647 denominati.

287 5661 339 5715 in
372 5677 662 5716 verauera.

1216 5589 1234 5628 ί
1292 5591 1452 5658 pomis
1481 5589 1719 5643 modicis;
1798 5595 1938 5658 ‘per
1994 5601 2155 5646 totum
2197 5590 2673 5659 quadragesimum,
2720 5597 2768 5641 et
2813 5587 2991 5655 quavis
3020 5596 3209 5658 quarta
3234 5587 3389 5657 feris,
3418 5597 3469 5642 et
