4004 6470
563 338 666 400 9Ῐίἷ)

1766 328 2041 391 'l'IlEOD.
2088 326 2561 387 BALSAMONIS

3647 321 3768 382 ὶθθθ

578 477 690 517 rem
746 470 1101 517 consecratus
1155 464 1245 524 sit,
1296 474 1395 515 nos
1449 461 1676 515 aliorum
1719 461 1784 515 ad
1808 475 1967 530 opera
2021 478 2116 515 usu

2240 461 2487 529 ὶτιμίας;
2531 461 2596 511 Ἥ
2620 460 2733 519 πῶς
2761 460 2821 511 ού
2866 457 3139 519 παντελῶς
3191 455 3561 523 ἀσυνείδητον,
3628 450 3766 503 ἑπτὰ

578 544 861 605 ccutcntos
887 564 994 604 non
1025 565 1169 615 esse,
1203 566 1378 618 neque
1426 551 1574 603 illum
1611 552 1835 605 Domino
1861 552 2118 605 eximium

577 653 632 695 et
659 642 973 694 inviolatum
1007 657 1331 696 conservare
1368 659 1381 693 :
1423 641 1516 695 sed
1545 643 1717 709 ipsum
1748 644 1906 695 etiam
1939 644 2121 711 vulga-

582 746 693 783 rem
742 731 937 791 facere,
972 733 1275 798 nostrisque
1303 730 1559 796 operibus
1594 731 1969 797 applicandum
2026 748 2122 800 pu-

582 831 718 881 tare,
750 820 1023 888 religionis
1052 836 1157 871 non
1189 831 1271 873 est
1299 835 1519 886 prorsus
1551 820 1858 873 dissolutaa?
1883 822 2125 886 Quapro-

587 920 703 976 pter
733 911 962 964 dicimus
994 919 1047 963 et
1073 926 1190 972 nos,
1223 912 1363 962 omni
1402 911 1718 978 operatione
1748 909 2124 978 (quemadmo-

585 998 712 1051 dum
749 999 950 1050 dictum
995 1002 1096 1065 est)
1155 1010 1402 1053 cessante
1423 1000 1471 1061 ιι,
1521 1015 1643 1053 cum
1690 1010 1741 1053 et
1800 1000 1898 1066 ipsi
1933 1001 2122 1053 rustici

586 1088 950 1153 negotientur,
984 1096 1035 1139 et
1068 1089 1319 1140 omnibus
1355 1088 1561 1141 coactis
1598 1089 1799 1141 versari
1864 1088 1915 1140 in
1951 1089 2123 1140 eccle-

587 1179 706 1239 siis,
730 1187 782 1230 et
814 1177 1115 1245 gloriﬁcare
1148 1182 1322 1245 potius
1352 1176 1515 1229 lleum
1550 1178 1637 1230 die
1668 1177 2122 1245 Dominico,quod

588 1264 771 1319 ﬁdeles
813 1266 904 1334 qui
937 1281 1142 1328 sumus,
1176 1268 1229 1320 in
1274 1281 1334 1317 ea
1368 1267 1663 1319 viderimus
1694 1267 1916 1333 justitiaa
1948 1268 2121 1320 Solem

587 1355 986 1422 resplenduisse
1025 1357 1066 1405 ί.
1108 1355 1293 1421 Neque
1341 1354 1502 1422 igitur
1525 1357 1614 1422 qui
1656 1356 1969 1408 balneorum
1994 1372 2129 1423 prm-

588 1445 835 1496 censoria
876 1444 1192 1509 lavacraque
1206 1454 1258 1495 et
1286 1444 1487 1511 reliqua
1508 1443 1733 1505 faciunt,
1754 1445 1835 1497 his
1854 1446 2129 1497 ministra-

589 1530 743 1586 bunt.
778 1545 951 1596 neque
981 1531 1151 1585 fidelis
1187 1532 1327 1584 ullus
1362 1532 1567 1583 veniam
1592 1533 1915 1595 merebitur,
1950 1532 2037 1598 qui
2059 1532 2127 1583 ab

591 1618 834 1669 oratione
869 1617 1168 1680 abstinens,
1221 1628 1273 1673 et
1316 1634 1343 1671 a
1378 1620 1601 1671 multum
1652 1620 1985 1673 celebrandis
2016 1621 2131 1687 glo—

591 1704 979 1759 rilicationibus
1060 1708 1613 1775 praeceptionibusque
1692 1709 1793 1761 diei
1864 1708 2126 1761 Dominici

2224 550 2442 618 ἡμερῶν
2470 548 2660 609 οὐσῶν,
2697 541 2770 599 ὦν
2804 547 2899 616 μία
2958 550 3033 608 είς
3062 545 3390 613 Δεσποτικὴν
3424 542 3593 610 τιμὴν
3626 541 3769 593 ἀνει-

2223 657 2330 701 ται,
2375 640 2444 706 μὴ
2494 639 2771 707 ἀρκεῖσθαι
2834 638 2975 705 ἡμᾶς
3030 638 3147 695 ταῖς
3190 633 3247 698 ἐξ
3290 630 3769 698 ὰποκεχρημένους

2225 732 2301 790 είς
2364 729 2538 797 ἔργον,
2587 728 2676 779 καὶ
2730 728 3082 793 ἀναφαίρετον
3136 724 3211 791 τῷ
3262 721 3505 787 Δεσπότῃ
3557 718 3769 783 ἐκείνην

2226 822 2451 887 τηρεῖν·
2485 818 2617 871 ἀλλὰ
2667 819 2758 869 καὶ
2804 816 3003 883 ταύτην
3055 810 3491 871 κοινοποιεῖσθαι,
3540 807 3770 859 καὶτῶν

2225 910 2503 978 ἡμετέρων
2533 909 2704 977 ἔργων
2722 906 2958 974 νομίζειν
3002 902 3223 970 καιρόν;
3259 901 3347 952 Διό
3420 912 3606 966 φαμεν
3669 895 3761 947 καὶ

2226 1003 2402 1068 ἡμεῖς,
2454 999 2628 1065 πάσης
2659 997 2932 1065 ἐνεργείας
2960 990 3429 1059 ὲμπορευομένων,
3476 986 3571 1038 καὶ
3596 983 3773 1036 αὐτῶν

2225 1090 2285 1158 δὴ
2308 1091 2412 1141 τῶν
2439 1088 2713 1157 γεωργῶν,
2771 1082 3216 1152 ἀπρακτησάσης,
3265 1078 3338 1139 ὡς
3388 1077 3626 1144 εἴρηται,
3680 1071 3772 1123 καὶ

2227 1181 2439 1230 πάντων
2467 1174 2916 1243 ἀναγκαζομένων
2961 1174 3077 1229 ταῖς
3128 1168 3440 1230 ἐκκλησίαις
3465 1162 3773 1229 ὲνασχυὶεῖ-

2229 1270 2368 1327 σθαι,
2406 1266 2496 1318 καὶ
2539 1266 2825 1331 δοξολογεῖν
2856 1263 2942 1315 τὸν
2973 1262 3101 1313 Θεὸν
3138 1260 3334 1327 μᾶλλον
3382 1256 3522 1307 κατὰ
3570 1253 3774 1318 ταύτην

2226 1360 2319 1425 τὴν
2364 1357 2717 1424 κυριώνυμον,
2743 1354 2826 1405 διὰ
2880 1353 2938 1403 τὸ
2986 1354 3041 1402 ὲν
3096 1349 3227 1417 αὐτῇ
3274 1346 3399 1397 ἰδεῖν
3454 1346 3602 1412 ἡμᾶς
3651 1343 3773 1399 τοὺς

2229 1449 2445 1509 πιστοὺς
2472 1446 2559 1496 τὸν
2578 1446 2673 1512 τῆς
2702 1441 3035 1509 δικαιοσύνης
3069 1440 3251 1490 Ἥλιον
3287 1436 3575 1505 λάμψαντα
3594 1448 3608 1462 ⁸
3655 1430 3776 1482 οὔτε

2226 1532 2315 1588 οὖν
2337 1537 2385 1587 οί
2412 1534 2478 1585 τὰ
2506 1533 2609 1584 τῶν
2637 1531 2923 1599 βαλανείων
2949 1529 3375 1597 προκαυστήρια.
3403 1520 3666 1591 λουτήριά
3695 1535 3773 1582 τε,

2228 1625 2320 1677 καὶ
2356 1623 2513 1675 λοιπά
2542 1621 2879 1691 ἐνεργοῦντες
2909 1620 3113 1679 τούτοις
3144 1616 3599 1685 ὑπηρετήσουσιν,
3653 1607 3777 1661 οὔτε

2228 1730 2308 1774 τις
2340 1714 2523 1774 πιστὸς
2558 1710 2881 1777 συγγνώμης
2907 1706 3157 1772 ἀξιωθείη
3181 1720 3195 1735 ο
3224 1705 3319 1771 τῆς
3356 1703 3453 1769 μὲν
3474 1698 3780 1768 προσευχῆς

593 1795 868 1857 recedens,
897 1797 1049 1861 aquis
1089 1797 1281 1849 calidis
1312 1796 1546 1850 adlimret
1578 1804 1631 1849 et
1662 1803 1958 1864 occupatur
1990 1815 2002 1850 :
2031 1797 2122 1851 sed

2240 1798 2607 1865 ιποσχόμενος,
2637 1796 2728 1846 καὶ
2760 1793 2866 1845 τῶν
2924 1791 3310 1857 πολυῧμνήτων
3333 1785 3651 1851 δοξολογιῶν
3689 1782 3779 1833 καὶ

595 1884 881 1948 episcopali
902 1884 1107 1951 judicio
1134 1887 1603 1938 emendationihus
1634 1886 1951 1953 corrigetur.

602 1970 717 2033 μοῖς
748 1968 899 2021 ὕδασι
960 1973 1298 2040 προσανέχων
1347 1974 1439 2024 καὶ
1492 1973 1880 2042 ἀσχολούμενος
1908 1989 1921 2003 °

595 2057 977 2129 ορθωθήσεται,

668 2147 864 2201 Interr.
905 2150 993 2202 εξ.
1032 2148 1301 2215 Ieiunium
1335 2153 1553 2207 solvens
1581 2155 1852 2219 carnibus,
1889 2171 2045 2211 caseo
2076 2165 2130 2211 et

601 2253 722 2302 ovo,
742 2240 931 2292 diebus
980 2239 1225 2293 Mercurii
1252 2254 1305 2293 et
1334 2241 1553 2297 Veneris
1588 2246 1751 2298 tetius
1800 2247 1947 2309 anui,
1979 2248 2133 2302 venia

601 2331 816 2397 dignus,
840 2330 1055 2382 annon?

675 2416 824 2484 Resp.
855 2420 1232 2486 Sexagesimus
1260 2434 1429 2473 nouus
1470 2435 1640 2474 canon
1673 2431 1980 2476 sanctorum
2011 2440 2139 2493 apo-

605 2508 863 2558 stolorum
894 2508 966 2558 ait
995 2526 1005 2558 :
1036 2509 1089 2559 Si
1120 2510 1242 2575 quis
1274 2510 1575 2577 episcopus.
1618 2512 1698 2563 vel
1730 2514 2025 2582 presbyter,
2057 2515 2139 2567 vel

604 2594 884 2655 diaconus,
919 2595 1000 2646 vel
1037 2595 1221 2660 lector,
1272 2598 1355 2649 vel
1401 2606 1609 2660 cantor,
1648 2611 1888 2652 sanctam
1920 2602 2138 2657 Pascha:

607 2682 1077 2751 Quadragesimam
1104 2700 1207 2737 non
1232 2686 1459 2753 jejunat,
1486 2690 1564 2740 vel
1596 2698 1842 2757 quartum
1868 2693 2029 2753 diem,
2056 2694 2137 2746 vel

608 2773 963 2837 Parascevcn,
996 2780 1186 2840 praeter
1216 2789 1376 2841 quam
1406 2778 1448 2828 si
1480 2787 1698 2843 propter
1718 2780 2133 2835 imbecillitatem

608 2862 939 2927 corporalem
970 2862 1314 2929 impediatur,
1353 2864 1652 2931 deponatur
1687 2884 1699 2919 :
1737 2870 1778 2921 si
1829 2870 1898 2919 sit
1957 2879 2133 2921 autem

609 2948 800 3008 laicus,
832 2959 1155 3016 segregetur.
1186 2949 1284 3013 Qui
1333 2952 1493 3019 igitur
1530 2954 1645 3004 sine
1676 2956 1939 3021 corporali
1988 2958 2135 3006 inlir-

610 3038 792 3089 mitate
813 3037 1058 3091 dissolvit
1089 3037 1101 3085 i
1139 3038 1255 3093 dies
1280 3038 1530 3094 Mercurii
1556 3051 1609 3095 et
1642 3044 1880 3106 Veneris,
1916 3046 2137 3109 punitur

606 3126 757 3191 juxta
783 3126 1006 3178 canonis
1034 3126 1193 3192 hujus
1228 3137 1487 3183 tenorem.
1521 3131 1744 3193 Quando
1780 3148 1903 3187 vero
1922 3141 2137 3201 propter

2229 1886 2577 1939 διδασκαλιῶν
2609 1888 2703 1953 τῆς
2743 1883 3079 1953 κυριωνύμου
3114 1878 3499 1946 ἀφιστάμενος,
3525 1880 3617 1926 καὶ
3651 1874 3773 1939 Osp-

1973 1973 2107 2025 ἀλλά
2144 1973 2231 2025 διὰ
2257 1976 2542 2041 ἐπιτιμίων
2601 1975 2737 2026 κατὰ
2765 1974 2860 2042 τὴν
2921 1970 3277 2036 ἐπισκῡπικὴν
3332 1967 3604 2033 διάκρισιν
3686 1965 3779 2015 δι-

2311 2156 2498 2219 Ἐρώτ.
2550 2152 2645 2221 νβ’.
2720 2151 2775 2201 '0
2832 2147 3107 2201 καταλύων
3153 2147 3239 2197 διὰ
3284 2145 3548 2213 κρέατῡς,
3610 2137 3771 2204 τυροῦ

2231 2247 2324 2299 καὶ
2347 2244 2596 2309 ὼοῦ,τάς
2657 2239 2916 2309 τετράδας
2970 2238 3063 2289 καὶ
3118 2235 3215 2295 τὰς
3282 2232 3635 2303 παρασκευὰς
3692 2228 3779 2280 τοῦ

2227 2335 2351 2387 ὃ).ου
2376 2332 2587 2400 χρόνον,
2620 2326 2985 2394 συγγνωστέος
3008 2322 3175 2388 ἐστὶν,
3200 2323 3232 2390 ἢ
3256 2320 3315 2372 οὗ
3344 2338 3359 2382 ς

2314 2419 2503 2471 Ἀπόνι.
2533 2417 2590 2467 '0
2618 2414 2690 2477 ἔθ’
2716 2413 2889 2466 κανὼν
2916 2411 3020 2463 τῶν
3050 2410 3215 2474 ἁγίων
3244 2407 3563 2460 ἀποστόλων
3598 2406 3774 2473 φησίν·

2237 2509 2301 2560 Et
2322 2525 2400 2567 τις
2439 2506 2746 2566 ἐπίσκοπος,
2777 2503 2809 2572 ἢ
2834 2500 3217 2571 πρεσὸύτερος,
3242 2496 3273 2566 ἧ
3308 2497 3573 2558 διάκονος,
3597 2494 3629 2564 ἢ
3655 2496 3773 2546 ἀνα-

2237 2598 2501 2667 γνώστης,
2546 2596 2824 2665 ἢψάλτης,
2858 2593 2959 2653 τὴν
3001 2592 3158 2657 ἁγίαν
3189 2586 3641 2655 Τεσσαρακοστὴν
3692 2582 3777 2632 τοῦ

2235 2690 2420 2756 Πάσχα
2448 2687 2507 2738 οὐ
2556 2683 2817 2753 νηστεύει,
2848 2680 3143 2752 ἢτετράδα,
3177 2678 3210 2745 ἢ
3253 2675 3629 2743 παρασκευὴν.
3658 2671 3782 2722 καθ-

2235 2776 2491 2846 αιρείσθω
2515 2791 2527 2807 ·
2580 2776 2627 2825 ει
2661 2775 2734 2841 μὴ
2790 2771 2852 2824 δι’
2883 2769 3162 2822 ἀσθένειαν
3198 2766 3573 2833 ἐμποδίζοιτο.
3610 2761 3671 2813 Ei
3729 2761 3781 2812 ει

2237 2867 2418 2925 λαῖκδς
2444 2866 2549 2930 εἴη,
2583 2859 2938 2930 ἀφοριζέσθω.
2978 2859 3034 2909 '0
3061 2858 3192 2923 γοῦν
3219 2853 3501 2909 καταλύων
3530 2853 3655 2906 ἄνευ
3681 2866 3777 2902 σω-

2245 2952 2473 3023 ματικῆς
2522 2951 2798 3011 ἀσθενείας
2848 2947 2946 3010 τὰς
3004 2946 3267 3017 τετράδας
3309 2945 3403 2996 καὶ
3460 2943 3558 3003 τὰς
3607 2958 3782 3008 παρα-

2243 3044 2457 3104 σκευὰς,
2490 3039 2769 3101 κολάζεται
2805 3037 2943 3090 κατά
2976 3038 3070 3105 τὴν
3136 3035 3227 3086 τοῦ
3274 3032 3512 3084 τοιούτου
3567 3030 3783 3087 κανόνος

2247 3130 2558 3198 περίληψιν.
2598 3126 2802 3179 Ὂτεδὲ
2860 3123 2923 3175 δι’
2949 3122 3229 3175 ἀσθένειαν
3278 3116 3648 3184 ἀναγκασθείη
3702 3129 3780 3174 τις

616 3216 1033 3267 imbecillitatem
1085 3224 1302 3269 coactus
1350 3218 1509 3271 fuerit
1545 3220 1861 3284 dissolvere,
1899 3223 2138 3289 piscibus

2243 3217 2563 3278 καταλῦσαι,
2591 3216 2678 3267 διὰ
2716 3212 2910 3282 ἰχθύων
2940 3212 2972 3280 ἢ
3003 3210 3179 3262 ελαίου
3231 3207 3514 3276 μετριάσει
3539 3204 3635 3255 τοῦ
3685 3204 3783 3290 διρέ

611 3304 695 3358 vel
724 3305 840 3358 oleo
860 3305 1219 3359 moderabitur
1246 3310 1611 3374 aegrotationis
1636 3310 1990 3364 amictionem.
2016 3311 2143 3364 Car-

612 3409 709 3448 nes
734 3396 875 3449 enim
895 3396 975 3448 vel
1005 3409 1243 3458 caseum,
1273 3408 1363 3448 aut
1383 3412 1539 3449 ovum
1568 3400 1829 3467 attingere
1849 3416 1953 3454 non
1987 3400 2146 3455 fuerit

612 3498 952 3545 concessum,
992 3484 1115 3537 licet
1132 3495 1423 3537 extremam
1450 3484 1585 3538 emet
1608 3489 1859 3551 animam,
1895 3504 2066 3556 neque
2091 3491 2142 3542 in

616 3589 809 3641 magna
834 3573 1208 3641 Quadragena,
1232 3589 1405 3642 neque
1430 3576 1482 3626 in
1508 3576 1869 3644 qualicunque
1893 3577 2144 3633 Mercurii

610 3662 695 3713 vel
728 3660 950 3715 Veneris
975 3662 1080 3715 die.
1122 3661 1324 3716 Sufﬁcit
1349 3664 1488 3715 enim
1512 3663 1582 3727 ei,
1607 3666 1697 3730 qui
1721 3666 2027 3719 necessario
2054 3681 2147 3734 per

612 3750 882 3802 aridorum
918 3764 1069 3802 esum
1104 3752 1445 3817 magniﬁcare
1470 3751 1623 3804 debet
1652 3754 1767 3808 dies
1818 3754 2065 3807 Mercurii
2094 3763 2146 3808 et

614 3836 865 3899 Veneris,
904 3853 997 3905 per
1032 3840 1211 3891 oleum
1254 3849 1308 3893 et
1366 3841 1544 3907 pisces
1575 3844 1744 3896 morbi
1806 3845 2145 3898 acerbitatem

614 3927 877 3995 mitigare.
925 3925 1121 3995 Excipe
1169 3927 1301 3979 mihi
1339 3929 1454 3981 dies
1514 3928 1760 3985 Mercurii
1808 3942 1858 3984 et
1903 3933 2146 3997 Veneris,

614 4018 1417 4085 carnisprivii,septuagesima},
1462 4021 1823 4075 renovationis
1854 4029 1906 4074 et.
1944 4023 2150 4077 duode--

617 4107 719 4159 cim
768 4108 997 4160 dierum.
1039 4108 1096 4159 In
1145 4107 1229 4160 bis
1258 4108 1398 4160 enim
1434 4123 1529 4176 per
1558 4125 1747 4163 carnes
1800 4112 1985 4173 etiam,
2014 4111 2149 4164 citra

618 4196 913 4263 periculum
952 4196 1151 4263 jejunia
1190 4196 1488 4265 frangimus
1518 4216 1530 4250 :
1586 4201 1711 4267 quia
1742 4201 1885 4254 circa
1921 4202 2151 4255 dodeca-

621 4287 895 4337 bemerum
926 4284 1169 4351 jejunant
1192 4288 1428 4341 Armenii
1446 4297 1663 4355 propter
1687 4289 2077 4353 Artziburium,
2095 4293 2149 4345 in

623 4374 951 4427 hebdomade
975 4376 1145 4440 prima
1174 4378 1537 4445 carnisprivii,
1572 4388 1791 4447 propter
1829 4381 2095 4435 Ninivitas
2134 4397 2146 4433 :

620 4473 671 4516 et
695 4465 748 4516 in
780 4464 1111 4518 hebdomade
1142 4467 1419 4535 tyrophagi
1446 4466 1732 4521 Tetradita:
1767 4470 2151 4536 haareticijeju-

2245 3308 2593 3375 ρωστήματος
2613 3303 2709 3371 τὴν
2759 3301 3052 3367 κακότητα.
3085 3298 3325 3365 Κρέατος
3384 3294 3493 3361 γὰρ
3539 3292 3575 3361 ἢ
3625 3289 3781 3358 τυροῦ

2242 3398 2275 3467 ἢ
2306 3396 2410 3448 ὼοῦ
2436 3395 2670 3464 ἅψασθαι
2704 3392 2762 3445 ού
2792 3389 3188 3459 συγχωρηθείη,
3220 3387 3323 3439 κᾶν
3363 3385 3501 3455 πνέῃ
3554 3384 3625 3434 τὰ
3680 3382 3785 3432 λοί-

2244 3488 2386 3549 σθια,
2465 3484 2586 3536 οὔτε
2631 3485 2688 3534 ὲν
2742 3485 2806 3550 τῇ
2851 3478 3055 3549 μεγάλῃ
3106 3475 3547 3543 Τεσσαρακοστῇ,
3584 3470 3705 3522 οὔτε
3729 3472 3785 3519 ὲν

2242 3578 2499 3647 οίᾳδήτινι
2537 3573 2749 3641 τετράδι
2782 3572 2875 3622 καὶ
2904 3568 3259 3636 παρασκευῇ·
3294 3566 3457 3632 ἀρκεῖ
3493 3562 3603 3630 γὰρ
3622 3560 3695 3627 τῷ
3729 3560 3785 3622 ἐξ

2245 3669 2485 3735 ἀνάγκης
2511 3664 2596 3716 διὰ
2626 3658 2957 3730 ξηροφαγίας
3015 3655 3331 3725 μεγαλύνειν
3381 3653 3654 3719 ὸςείλοντι
3689 3649 3785 3707 τὰς

2244 3757 2495 3826 τετράδας
2517 3754 2607 3806 καὶ
2631 3752 2725 3813 τὰς
2758 3747 3124 3819 παρασκευὰς,
3159 3745 3243 3797 διὰ
3275 3743 3451 3795 ἐλαίου
3470 3742 3567 3794 καὶ
3595 3740 3787 3808 ἰχθύων

2247 3845 2583 3899 ἔπιεικεῦσαι
2610 3844 2668 3892 τὸ
2706 3834 3204 3905 νόσημα,”Υπέξελέ
3236 3850 3325 3900 μοι
3364 3832 3461 3891 τὰς
3503 3832 3783 3898 τετράδας,

2249 3938 2340 3989 καὶ
2376 3935 2471 3995 τὰς
2512 3928 2855 3999 παρασκευὰς
2886 3926 2981 3993 τῆς
3008 3923 3279 3989 ἀπόκρεω,
3337 3920 3431 3986 τῆς
3481 3918 3785 3985 τυροφάγου

2247 4027 2344 4095 τῆς
2384 4022 2753 4089 διακινησίμου
2804 4018 2868 4077 δ’,
2923 4014 3016 4066 καὶ
3083 4012 3174 4064 τοῦ
3220 4009 3657 4076 δωδεκαημέρου.
3702 4006 3788 4062 Ἐν

2248 4117 2466 4176 ταύταις
2492 4114 2596 4181 γὰρ
2621 4111 2711 4162 καὶ
2741 4108 2828 4159 διὰ
2877 4107 3103 4174 κρέατος
3158 4101 3455 4160 ἀκινδύνως
3524 4097 3788 4150 καταλύοι

2253 4219 2366 4273 μεν·
2431 4202 2511 4253 ὅτι
2567 4198 2706 4250 κατά
2760 4197 2819 4247 τὸ
2881 4192 3290 4260 δωδεκαήμερον
3339 4188 3691 4255 νηστεύουσιν
3743 4184 3788 4234 οἱ

2262 4292 2529 4361 Ἀρμένιοι
2561 4288 2646 4339 διὰ
2704 4286 2792 4337 τὸν
2831 4280 3226 4351 Ἀρτζιὸούριον
3250 4295 3263 4308 ο
3333 4277 3475 4329 κατά
3500 4276 3596 4344 τὴν
3651 4273 3792 4325 ἐϐδο-

2255 4382 2390 4448 μάδα
2413 4379 2507 4445 τῆς
2532 4374 2748 4443 πρώτης
2775 4373 3044 4439 ἀπόκρεω,
3072 4369 3158 4419 διὰ
3190 4367 3315 4428 τοὺς
3346 4367 3636 4425 Νινευῖτας
3656 4382 3670 4394 ·
3704 4364 3793 4415 καὶ

2254 4468 2391 4520 κατὰ
2422 4466 2517 4527 τὴν
2545 4462 2807 4529 ἑϐδομάδα
2835 4459 2931 4526 τῆς
2983 4456 3291 4525 τυροφάγου
3339 4454 3687 4521 νηστεύουσιν
3746 4453 3793 4501 οἱ

622 4554 769 4605 nium
799 4569 1049 4622 magnum
1100 4555 1409 4607 observant.
1439 4556 1545 4609 Nos
1587 4557 1748 4623 igitur
1786 4561 2057 4611 contraria
2085 4561 2138 4612 iis

2255 4556 2567 4625 Τετραδϊται
2596 4554 2643 4603 οἱ
2672 4549 2935 4618 αἱρετικοὶ
2990 4546 3243 4615 νηστείαν
3292 4543 3552 4611 μεγάλην.
3610 4542 3796 4607 Ἡμεῖς

624 4644 903 4702 facientes.
934 4644 1295 4712 frangimus",
1342 4662 1409 4698 ne
1457 4645 1739 4699 videamur
1767 4663 1885 4701 cum
1922 4650 1987 4701 iis
2024 4665 2155 4703 con-

623 4734 849 4795 sentire,
889 4748 953 4785 eo
998 4740 1243 4801 excepto,
1287 4734 1427 4800 quod
1474 4736 1606 4787 illud
1644 4735 1752 4797 ﬁet,
1784 4736 1827 4789 si
1884 4738 2005 4804 quis
2031 4753 2153 4790 cum

625 4821 914 4876 Tetraditis
944 4832 1035 4875 aut
1082 4824 1353 4877 Armeniis
1390 4824 1611 4877 habitet.
1667 4826 1876 4893 Alioqui
1909 4828 2071 4889 enim,
2109 4828 2154 4880 si

627 4912 678 4962 in
704 4912 921 4980 regione
944 4913 1133 4980 degat,
1164 4914 1250 4966 ubi
1283 4913 1466 4967 nullus
1503 4923 1584 4966 est
1614 4914 1935 4981 ejuscemodi
1955 4954 1968 4977 ,
2000 4916 2161 4980 degu-

626 5001 789 5053 stabtt
817 5009 1022 5053 tantum
1071 5017 1135 5054 ex
1164 5004 1442 5065 carnibus,
1484 5005 1565 5055 vel
1595 5018 1771 5067 caseo,
1807 5013 1859 5055 et
1889 5005 2153 5070 suspicio-

627 5105 746 5141 nem
796 5092 1093 5145 attenuabit
1122 5108 1213 5161 per
1265 5093 1670 5157 continentiam,
1703 5108 1807 5147 non
1861 5108 1955 5161 per
1980 5095 2156 5162 inglu-

2256 4643 2818 4711 οὒνὰντιπράττοντες
2870 4635 3099 4697 τούτοις,
3162 4633 3527 4699 καταλύομεν,
3586 4631 3672 4681 ⁶ίνα
3723 4631 3796 4696 μὴ

2258 4736 2489 4802 δόξωμεν
2534 4730 2848 4800 ὁμοφρονεῖν
2894 4728 3093 4785 αὐτοῖς.
3126 4724 3268 4792 Πλὴν
3298 4725 3392 4773 καὶ
3453 4720 3612 4771 τοῦτο
3639 4721 3798 4784 γενή-

2262 4841 2431 4884 σεται,
2459 4824 2580 4873 ὅταν
2613 4837 2696 4880 τις
2726 4819 2858 4885 μετὰ
2887 4814 3221 4882 Τετραδιτῶν
3251 4812 3284 4881 ἢ
3336 4810 3635 4879 Ἀρμενίων
3676 4824 3799 4859 σνν-

2261 4914 2559 4981 αυλίζηται.
2642 4911 2701 4960 El
2733 4908 2838 4976 γὰρ
2860 4908 2935 4966 είς
2962 4905 3143 4972 χώραν
3172 4903 3347 4968 διάγει
3408 4901 3537 4951 ἔνθα
3566 4900 3665 4950 οὐκ
3690 4898 3801 4949 ἐστι

2260 5002 2516 5065 τοιοῦτος,
2548 4998 2906 5065 ἀπογεύσεται
2952 4994 3109 5063 μόνον
3159 4990 3446 5059 κρέατοςῆ
3493 4988 3679 5057 τυροῦ,
3712 4988 3805 5038 καὶ

2269 5092 2581 5162 μετεωρίσει
2628 5089 2724 5157 τὴν
2758 5086 2987 5154 ὑποψίαν
3016 5084 3079 5135 δι’
3113 5082 3457 5151 ἐγκρατείας,
3486 5082 3546 5133 οὐ
3593 5081 3698 5147 μὴν
3718 5076 3807 5129 διὰ

1882 5224 2111 5279 νΑιίΙᾹΞ
2150 5223 2550 5279 LECTIONES.

712 5357 757 5389 δ’
787 5358 1219 5428 διακαινησίμου.

699 5472 723 5509 h
753 5489 866 5524 cum
894 5490 1040 5525 onme
1068 5490 1190 5537 opus
1224 5475 1618 5537 negotiatorum,
1655 5486 1698 5525 et
1737 5475 1965 5540 ipsorum
2000 5486 2194 5538 quoque
2218 5469 2568 5541 agricolarum
2598 5473 2778 5525 cesset,
2818 5472 2873 5514 ut
2889 5463 3086 5541 dictum
3111 5469 3213 5541 ρει,
3258 5471 3810 5541 omnesque-cogantur

629 5556 681 5590 tn
720 5543 943 5593 ecclesiis
983 5528 1195 5593 versari.
1277 5528 1305 5580 in
1333 5528 1706 5606 resplenduisse
1737 5528 1843 5594 εήε
1866 5528 2188 5616 ᾳαὶάέιηιὲοδ
2215 5576 2228 5598 ,
2252 5528 2349 5597 νηιιὶ
2394 5537 2690 5616 balneorum
2724 5532 2976 5616 wstuaria
3013 5538 3060 5582 et
3104 5528 3334 5594 lat'acra,
3378 5542 3425 5585 et
3460 5531 3656 5599 reliqua
3708 5541 3810 5580 tra-

628 5620 788 5671 c..2ut,
830 5611 906 5662 his
939 5625 1117 5677 operas
1162 5626 1284 5663 suas
1314 5614 1541 5675 [acturos
1644 5610 1655 5658 i
1687 5611 1863 5663 violat.

1941 5610 1963 5647 ιι
1993 5608 2245 5660 uiolamus
2273 5610 2399 5660 ha'c.
2458 5610 2471 5623 '
