4004 6454
229 393 350 460 1·“ι;ι1

1068 387 1447 450 RESPUNSA
1486 387 1586 445 AD
1623 382 2344 447 INTERROGATIONES
2383 383 2643 446 MARCI.

3282 385 3306 448 1
3319 383 3424 446 002

231 503 580 580 άδδηςαγὲας.
631 514 784 565 Κατᾶ
831 514 884 565 δὲ
921 515 1015 583 τὴν
1052 517 1318 586 ἑϐδομάδα
1352 517 1446 584 τῆς
1478 515 1771 585 διακινησί-

1874 518 2035 570 viem.
2069 514 2408 569 "ebdomade
2457 523 2632 567 autem
2685 511 3064 578 anlipascnalis
3117 510 3232 562 sine
3275 513 3417 578 peri-

234 620 333 670 μου
368 605 414 636 ⁸³
441 603 732 666 ἀκινδύνως
765 607 1240 674 κρεωςςαγήσομεν,
1293 608 1429 660 κατὰ
1468 605 1564 674 τὴν
1602 605 1770 673 αὐτῆς

231 693 476 759 τετράδα,
501 694 593 746 καὶ
632 695 997 764 παρασκευήν.
1045 695 1130 757 Ὠς
1183 698 1280 764 μία
1339 696 1443 764 γὰρ
1504 694 1770 762 λογίζεται

233 779 563 849 κυριὼνυμος
591 783 650 834 τδ
684 783 1022 852 ἑπταήμερον
1048 783 1206 834 τοῦτο
1251 785 1541 852 διάστημα.

313 871 508 936 Ἐρώτ.
543 878 634 936 νγ’.
695 873 755 922 At
808 873 1048 940 νηστεῖαι
1100 873 1194 939 τῆς
1233 873 1422 942 ἑορτῆς
1456 872 1564 925 τῶν
1599 874 1769 940 ἁγίων

238 957 577 1023 ἀποστόλων,
623 960 715 1010 καὶ
752 960 848 1027 τῆς
891 961 1122 1025 Χριστοῦ
1164 963 1502 1030 γεννήσεως,
1549 963 1640 1014 καὶ
1671 962 1770 1030 τῆς

235 1051 539 1116 κοιμήσεως
591 1049 686 1115 τῆς
742 1049 898 1116 ἁγίας
937 1051 1215 1115 Θεοτόκου,
1262 1052 1356 1105 καὶ⁵
1387 1051 1476 1103 τοῦ
1500 1049 1767 1120 Σωτῆρος,

235 1137 588 1204 ἀπαραίτητοί
617 1139 774 1200 εἰσιν,
798 1139 829 1204 ἦ
873 1141 1242 1210 συγχωρητὲαι
1268 1140 1362 1192 καὶ
1391 1140 1703 1208 ἀδιάφοροις

322 1225 512 1277 Ἀπόκ.
600 1224 662 1276 Ἥ
729 1225 827 1293 μὲν
905 1228 961 1278 ἑν
1023 1227 1575 1279 Κωνσταντινουπόλει
1641 1226 1770 1294 ἁγία

238 1310 446 1370 σύνοδος
502 1311 593 1361 ἐπὶ
655 1311 759 1361 τῶν
796 1312 1017 1379 ἡμερῶν
1074 1311 1167 1363 τοῦ
1220 1312 1521 1376 ἁγιωτάτου
1564 1312 1768 1364 ἑκείνου

235 1399 728 1466 σπατριάρχου.......
760 1400 1088 1468 ἐρωτηθεῖσα
1110 1401 1158 1450 εί
1179 1399 1284 1468 χρὴ
1307 1400 1404 1468 τὴν
1451 1401 1507 1450 ἑν
1543 1399 1619 1468 τῷ
1659 1400 1767 1452 Δύ-

234 1487 444 1556 γούστῳ
472 1487 719 1556 νηστείαν
757 1487 1042 1550 ἐπιτελεῖν,
1100 1489 1468 1558 ἀπελογήσατο
1523 1489 1597 1551 ὡς
1632 1491 1766 1560 αὕτη

235 1577 516 1645 ὴνηστεία
562 1577 834 1646 μετετέθη,
887 1577 972 1630 διὰ
1021 1577 1080 1629 τὸ
1130 1579 1202 1647 μὴ
1240 1579 1581 1647 περιπίπτειν
1642 1582 1764 1642 ταῖς

235 1667 374 1718 κατὰ
398 1667 489 1718 τδν
511 1667 694 1735 καιρὸν
717 1666 901 1718 τοῦτον
946 1667 1252 1734 γινομέναις
1283 1667 1518 1728 ἐθνικαῖς
1547 1667 1766 1734 νηστεί-

236 1773 340 1817 αις.
373 1757 518 1824 Πλὴν
535 1758 627 1809 καὶ
654 1757 731 1807 ἑτι
766 1756 949 1808 πολλοὶ
978 1756 1085 1808 τῶν
1128 1756 1425 1824 ἀνθρώπων
1447 1755 1644 1823 ταύτην
1670 1755 1766 1824 τὴν

235 1815 488 1909 νηστείαν
534 1845 895 1914 νηστεύουσιν.
932 1845 1120 1911 Ἡμεῖς
1165 1815 1244 1906 δὲ,
1296 1815 1659 1912 σκοπήσαντες
1701 1815 1769 1896 τά
1799 1815 1840 1870 Β

236 1935 362 2002 περὶ
386 1934 597 1993 τούτου,
626 1932 1052 2000 ἀπολογούμεθα,
1098 1933 1178 1984 ὅτι
1222 1933 1278 1997 ἑξ
1333 1933 1578 2001 ἀνάγκης
1631 1948 1763 2001 προ-

232 2018 486 2088 ηγοῦνται
519 2022 754 2087 νηστεῖαι
785 2020 886 2086 πρὸ
900 2019 1004 2071 τῶν
1027 2021 1298 2088 τεσσάρων
1313 2021 1508 2074 τούτων
1533 2019 1727 2090 ἑορτῶν
1748 2035 1766 2051 ο

238 2110 404 2175 ἤγουν
437 2110 656 2180 πρὸτῆς
686 2111 874 2178 ἑορτῆς
905 2109 1012 2160 τῶν
1053 2109 1248 2176 ’Λγίων
1278 2110 1634 2173 Ἀποστόλων,
1671 2109 1767 2177 τῆς

235 2197 537 2266 Γεννήσεως
583 2201 675 2249 τοῦ
719 2197 971 2265 Χριστοῦ,
1023 2199 1119 2261 τῆς
1149 2197 1625 2266 Μεταμορφώσεως
1674 2196 1765 2248 τοῦ

233 2285 467 2352 Χριστοῦ
497 2287 588 2338 καὶ
631 2286 762 2338 Θεοῦ
807 2288 981 2355 ἡμῶν,
1039 2287 1130 2337 καὶ
1173 2285 1269 2352 τῆς
1299 2287 1619 2354 Κοιμήσεως
1667 2285 1764 2353 τῆς

233 2375 391 2439 ἁγίας
437 2375 716 2426 Θεοτόκου·
763 2375 899 2444 πλὴν
931 2376 1282 2443 ἑπταήμεροι.
1319 2375 1430 2426 Μία
1469 2375 1576 2443 γὰρ
1639 2390 1765 2426 τεσ-

235 2459 701 2529 σαρακονθήμερος
729 2461 946 2528 νηστεία
978 2462 1144 2524 ἐστὶν,
1179 2459 1320 2529 ἠτοῦ
1369 2461 1525 2527 ἁγίου
1561 2462 1650 2512 καὶ
1674 2477 1766 2530 με·

232 2549 396 2612 γάλου
449 2549 653 2616 Πάσχα.
693 2548 752 2599 Εἰ
789 2549 842 2599 δέ
868 2565 948 2609 τις
981 2549 1074 2600 καὶ
1117 2550 1274 2601 πλέον
1311 2549 1419 2601 τῶν
1452 2550 1588 2603 ἑπτὰ
1629 2550 1766 2617 ἡμε-

236 2636 341 2702 ρῶν
354 2637 491 2688 κατὰ
510 2639 604 2702 τὴν
623 2637 812 2705 ἑορτὴν
829 2637 935 2688 τῶν
959 2637 1152 2702 Ἀγίων
1173 2637 1230 2688 Ἀ
1241 2637 1508 2689 ποστόλων
1521 2637 1766 2689 καὶκατὰ

229 2725 328 2789 τὴν
373 2725 561 2792 ἑορτὴν
590 2726 685 2792 τῆς
730 2726 1032 2790 Γεννήσεως
1076 2725 1168 2778 τοῦ
1212 2725 1444 2792 Χριστοῦ
1498 2725 1762 2794 νηστεύει,

228 2813 261 2880 ἦ
291 2815 490 2874 ἑκοντὶ,
517 2814 548 2881 ἢ
574 2814 677 2864 ἀπὸ
716 2814 1033 2882 κτητορικοῦ
1062 2812 1287 2866 τυπικοῦ
1344 2812 1760 2880 συνωθούμενος,

227 2903 288 2954 οὐ
310 2904 847 2971 καταισχυνθήσεται.
884 2904 1066 2966 Ὅπως
1088 2904 1142 2955 δὲ
1169 2903 1258 2955 καὶ
1281 2903 1418 2954 διατί
1477 2902 1580 2971 πρὸ
1635 2902 1763 2955 ἑκά-

230 3009 362 3062 στης
421 2993 623 3045 τούτων
667 2994 776 3044 τῶν
819 2993 1091 3061 τεσσάρων
1159 2992 1359 3060 ἑορτῶν
1418 2993 1761 3061 ἑπταήμερον

1877 606 1996 660 culo
2028 606 2280 659 carnibus
2335 617 2618 659 vescemur
2657 603 2711 655 in
2762 601 2883 668 ejus
2943 599 3199 652 Mercurii
3246 601 3332 653 die
3365 611 3418 652 ιιι

1873 696 2113 750 Veneris.
2153 694 2282 750 Nam
2313 707 2410 763 pro
2449 707 2556 746 uno
2586 691 2674 776 die
2730 688 3010 742 Bominico
3041 687 3278 742 habetur
3307 688 3412 740 hoc

1871 793 2071 853 septem
2099 785 2304 838 dierum
2333 782 2695 836 intervallum.

1938 875 2134 928 Interr.
2154 875 2240 927 55.
2271 871 2480 942 Jejunia
2507 873 2613 926 dici
2640 871 2760 926 festi
2777 871 3097 926 Sanctorum
3120 869 3408 938 Apostolo—

1871 978 2014 1026 rum,
2049 971 2102 1016 et
2137 959 2344 1014 Natalis
2366 959 2605 1023 Christi,
2645 967 2698 1013 et
2732 959 3162 1015 Obdormitionis
3213 968 3413 1010 sancte

1875 1054 2121 1122 Deiparze
2146 1061 2199 1106 ct
2223 1050 2550 1114 Servatoris,
2601 1049 2991 1104 inexcusabilia
3023 1058 3170 1112 sunt,
3195 1063 3260 1101 an
3296 1062 3414 1116 pcr—

1869 1142 2128 1196 mittenda
2153 1149 2205 1194 et
2227 1139 2629 1193 indill’erentia?

1937 1230 2090 1298 Resp.
2112 1229 2705 1296 Constantinopolitana
2727 1226 2943 1296 quidem
2964 1235 3149 1277 sancta
3175 1225 3408 1294 synodus

1869 1320 1924 1374 in
1952 1320 2142 1374 diebus
2169 1317 2498 1374 sanctissimi
2536 1318 2682 1371 illius
2729 1314 3138 1382 patriarchae...
3177 1314 3408 1365 interro-

1869 1418 2011 1478 gata,
2038 1423 2104 1461 an
2135 1415 2379 1477 oporteat
2429 1406 2656 1475 Augusti
2692 1406 2894 1458 mensis
2927 1403 3191 1471 jejunium
3241 1403 3403 1467 perli-

1867 1513 1989 1553 cere
2021 1496 2038 1535 ι
2077 1513 2090 1547 :
2129 1495 2428 1564 respondit,
2461 1496 2512 1548 id
2553 1495 2816 1563 jejunium
2852 1500 3113 1546 mutatum
3155 1505 3292 1549 esse,
3340 1506 3406 1542 ne

1866 1599 1987 1639 cum
2022 1585 2246 1653 paganis
2301 1583 2521 1651 jejuniis
2573 1597 2691 1648 qua:
2730 1580 2915 1634 eodem
2973 1588 3212 1646 tempore
3249 1579 3402 1636 ﬁunt.

1867 1681 2174 1726 concurrat.
2205 1671 2355 1725 Multi
2378 1679 2553 1724 tamen
2585 1669 2826 1723 homines
2866 1668 2916 1721 id
2943 1667 3206 1735 jvjunium
3226 1665 3404 1717 adhuc

1866 1763 2178 1816 observant.
2215 1760 2320 1814 Nos
2353 1770 2529 1814 autem
2560 1773 2680 1811 cum
2720 1772 2802 1817 ca.
2833 1770 2950 1824 quae
2988 1755 3052 1807 ad
3103 1755 3201 1806 hoc
3235 1753 3401 1820 perti-

1868 1857 2015 1911 nent,
2043 1848 2564 1902 consideraverimus
2587 1885 2602 1909 ,
2631 1844 2966 1898 defendimus
2985 1842 3185 1909 jejunia
3213 1857 3402 1896 ncces-

1868 1941 2012 1996 sario
2032 1940 2333 2008 praecedere
2358 1938 2471 1991 haec
2487 1944 2715 2004 quatuor
2741 1933 2873 1987 festa
2899 1950 2913 1985 :
2942 1934 3190 1986 nimirum
3210 1931 3402 1985 festum

1868 2030 2184 2083 Sanctorum
2229 2027 2604 2094 Apostolorum
2629 2063 2644 2087 ,
2683 2021 2886 2074 Natalis
2926 2021 3121 2074 Christi
3145 2058 3160 2079 .
3199 2018 3401 2072 Transv

1867 2119 2200 2172 formationis
2223 2116 2422 2170 Christi
2450 2122 2504 2169 et
2538 2114 2626 2168 Dei
2658 2113 2846 2174 nostri.
2877 2121 2931 2165 et
2963 2111 3400 2163 (HitiOl‘ﬂtiliOﬂiS

1866 2216 2064 2262 sancta:
2096 2207 2351 2274 Deiparaa,
2378 2205 2468 2258 sed
2501 2213 2706 2257 tantum
2731 2209 2932 2269 septem
2969 2201 3198 2254 dierum.
3227 2198 3398 2253 Uniim

1864 2298 2003 2352 enim
2032 2304 2114 2350 est
2129 2294 2482 2364 quadraginta
2503 2294 2710 2345 dierum
2738 2291 2998 2359 jejunium
3017 2288 3186 2342 sancti
3205 2297 3256 2340 et
3284 2302 3397 2339 ma-

1864 2387 1950 2455 gni
1979 2385 2285 2439 Paschalis.
2323 2383 2476 2448 Quod
2506 2381 2549 2436 si
2584 2381 2706 2449 quis
2734 2382 3012 2449 plusquam
3049 2387 3252 2446 septem
3284 2377 3394 2428 dio.-

1864 2475 1966 2528 bus
1992 2473 2134 2525 circa
2167 2471 2360 2526 festum
2390 2472 2705 2525 Sanctorum
2726 2466 3103 2537 Apostolorum
3137 2464 3396 2519 ctl‘cstum

1865 2563 2065 2614 natalis
2091 2562 2290 2614 Christi
2320 2561 2545 2627 jejunet,
2582 2574 2674 2613 seu
2709 2567 2924 2626 sponte,
2961 2572 3054 2610 seu
3087 2571 3113 2608 a
3148 2555 3398 2607 fundato.

1863 2651 1943 2705 ria
1972 2651 2152 2718 regula
2182 2659 2222 2687 ω
2249 2650 2538 2717 impulsus,
2571 2664 2676 2701 non
2715 2646 3126 2714 vituperabitur.
3158 2645 3395 2708 Quomo-

1861 2740 1930 2791 do
1947 2747 2146 2797 autem,
2183 2746 2234 2790 et
2252 2746 2467 2805 propter
2486 2737 2611 2802 quid
2630 2743 2752 2788 ante
2770 2733 3186 2801 unumquodque
3200 2731 3394 2783 horum

1861 2835 2096 2893 quatuor
2133 2824 2392 2878 festorum
2445 2818 2693 2890 jejunare
2722 2823 3037 2882 debeamus,
3069 2820 3398 2872 declaratum

1861 2915 1916 2969 in
1965 2913 2211 2984 synodali
2267 2913 2564 2976 deeisione,
2592 2911 2659 2965 de
2710 2925 2776 2965 eo
2828 2925 2859 2963 a
2911 2909 3068 2962 nobis
3103 2909 3264 2962 facta.
3296 2907 3396 2971 Qui

1860 3004 2022 3073 igitur
2042 3019 2145 3057 non
2171 3004 2414 3072 jejunant
2445 3015 2568 3055 ante
2588 2999 3012 3068 unumquodque
3044 2999 3234 3052 horum
3261 3011 3399 3065 qua-

226 3083 476 3151 νηστείαν
502 3081 559 3146 ἑξ
586 3081 824 3149 ἀνάγκης
867 3079 1140 3150 νηστεύειν
1187 3081 1486 3147 ὀφείλομεν,
1522 3079 1756 3150 ἑδηλὼθη
1783 3120 1787 3144 ε

1865 3101 1982 3146 ιιιοι·
2013 3091 2269 3145 festorum
2299 3091 2419 3145 sine
2437 3089 2544 3142 ulla
2571 3089 2792 3142 omnino
2815 3086 3167 3139 excusatione
3191 3083 3399 3150 magnis

226 3175 287 3226 ἑν
317 3172 392 3240 τῷ
417 3172 656 3238 γεγονότι
693 3172 821 3238 παρ’
857 3170 1010 3240 ὴμῶν
1061 3171 1216 3238 χάριν
1271 3169 1457 3220 τούτου
1501 3169 1756 3240 συνοδικῷ

1863 3176 2291 3230 enitendabuntur
2323 3177 2521 3244 pmnis.

228 3263 397 3329 τὸμῳ.
427 3260 492 3314 Oi
525 3261 651 3325 γοῦν
686 3260 758 3328 μὴ
789 3259 1134 3328 νηστεύοντες
1165 3260 1268 3329 πρὸ
1305 3259 1538 3327 ἑκάστης
1558 3259 1757 3313 τούτων
1793 3263 1900 3318 τῶν
1925 3267 2198 3336 τεσσάρων
2221 3267 2420 3336 ἑορτῶν
2457 3273 2594 3318 κατα
2659 3265 2720 3317 τδ
2787 3264 2960 3332 πάντη
3013 3261 3395 3331 ἀπαραίτητον,

227 3352 292 3404 δι’
324 3352 610 3418 ἐπιτιμίων
637 3353 883 3420 μεγάλων
912 3352 1376 3422 διορθωθήσονται.

306 3442 502 3507 Ἐρώτ.
534 3441 626 3493 νδ’.
661 3444 723 3493 Οί
766 3441 902 3492 κατὰ
925 3443 1122 3502 ταύτας
1169 3444 1264 3503 τὰς
1289 3443 1536 3510 νηστείας
1561 3445 1762 3513 ἑγκρα-

228 3527 536 3594 τευόμενοι,
595 3527 728 3595 πρὸς
791 3528 846 3578 δὲ
910 3528 1002 3579 καὶ
1055 3531 1103 3579 οί
1163 3530 1303 3580 κατά
1357 3529 1454 3590 τὰς
1505 3531 1762 3598 τετράδας

229 3615 323 3665 καὶ
368 3614 718 3681 παρασκευὰς
781 3614 1227 3682 Εηροφαγοῦντες,
1295 3615 1761 3684 ἑκχωρηθήσονται

224 3703 312 3755 διὰ
337 3703 592 3770 δευτέρας
619 3704 896 3772 τραπέζης
925 3704 1252 3772 θεραπεῦσαι
1311 3704 1407 3773 τὴν
1449 3705 1542 3757 τοῦ
1576 3705 1758 3775 σώμα-

223 3793 557 3856 τοςὲνδειαν,
600 3792 630 3860 ἢ
673 3792 775 3857 οῦς

307 3877 504 3929 Ἀπόκ.
526 3877 740 3945 κυρίως
758 3879 790 3946 ἡ
811 3878 1120 3946 ἑγκράτεια,
1138 3879 1356 3949 νηστεία
1374 3878 1517 3931 εστίν
1539 3895 1551 3908 ·
1569 3883 1648 3933 ὅτι
1665 3882 1758 3933 καὶ

226 3963 572 4026 παθοκτόνος,
626 3967 722 4017 οὐκ
765 3967 1203 4035 ἀνθρωποκτόνος
1241 3969 1504 4020 καλεῖται.
1536 3969 1598 4020 Ei
1629 3968 1758 4035 γοῦν

221 4053 273 4104 0i
327 4054 802 4123 ἑγκρατευόμενοι,
854 4055 942 4107 διὰ
971 4054 1226 4108 σύστασιν
1270 4055 1360 4107 τοῦ
1392 4055 1635 4125 σώματος
1667 4059 1760 4110 καὶ

222 4142 478 4209 δευτέρας
538 4143 812 4209 τραπέζης
863 4144 1141 4210 δεηθῶσιν.
1194 4144 1254 4195 οὺ
1295 4145 1761 4212 προκριματισθή·

224 4245 428 4281 σονται.
485 4231 704 4291 Πάντως
756 4232 862 4300 γὰρ
895 4233 986 4283 καὶ
1010 4232 1158 4284 αὐτοὶ
1196 4233 1292 4300 τὴν
1338 4233 1632 4300 ὀλοήμερον
1663 4233 1759 4284 οὐκ

218 4317 577 4383 ἁτιμάσουσιν
631 4318 971 4382 ἐγκράτειαν,
1009 4317 1093 4369 διὰ
1128 4318 1412 4386 ἑσπερινῆς
1474 4319 1757 4385 ἀκρασίας.

221 4405 389 4456 Τοῦτο
416 4406 472 4456 δὲ
505 4408 847 4474 ποιήσαντες.
879 4407 1378 4476 ἑπιτιμηθήσονται.

303 4495 498 4559 Ἐρώτ.
536 4501 626 4547 νε¹.
687 4497 842 4547 Κατὰ
887 4496 982 4565 τὴν
1039 4497 1354 4564 παραμονὴν
1397 4497 1492 4564 τῆς
1546 4499 1609 4548 ἑκ
1669 4513 1757 4548 νε-

220 4584 370 4654 κρῶν
402 4585 670 4654 ἑγέρσεως
704 4585 796 4638 τοῦ
826 4587 1034 4638 δικαίου
1068 4586 1334 4654 Λαζάρου,
1380 4590 1473 4638 καὶ
1501 4587 1637 4639 κατὰ
1658 4588 1756 4654 τὴν

220 4675 413 4744 ἑορτὴν
438 4675 544 4726 τῶν
592 4675 767 4740 Αγίων
788 4677 1221 4743 Τεσσαράκοντα,
1244 4675 1529 4736 ἀκινδύνως
1549 4676 1754 4727 τελείαν

221 4763 531 4831 ἱερουργίαν
586 4764 923 4832 ίερουργήσει
964 4781 1071 4825 τις,
1124 4765 1156 4832 ἢ
1207 4763 1300 4827 οῦ;
1345 4763 1612 4822 Ὡσαύτως
1663 4763 1756 4813 καὶ

219 4851 359 4902 κατὰ
382 4852 479 4918 τὴν
517 4850 640 4920 ὃλην
671 4853 830 4917 ἁγίαν
859 4853 1303 4920 Τεσσαρακοστὴν
1347 4851 1519 4914 ἔξεστι
1552 4851 1755 4917 βαπτί-

217 4938 351 5001 ζειν,
409 4940 441 5007 ἢ
499 4941 788 5007 ίερολογίας
843 4943 1030 5009 γάμων
1085 4941 1179 4994 καὶ
1225 4941 1520 5010 ανηστειῶν
1561 4943 1752 5004 ποιεῖν,

217 5027 373 5094 ἠοῦς

289 5116 478 5169 Ἀπόκ.
514 5115 572 5170 Ὀ
595 5116 667 5184 νβ’
683 5118 856 5168 κανὼν
869 5119 962 5186 τῆς
977 5120 1031 5170 ἑν
1050 5115 1124 5186 τῷ
1138 5115 1384 5185 Τρούλλῳ
1407 5113 1498 5166 τοῦ
1520 5113 1750 5182 μεγάλου

1927 3442 2123 3497 Interr.
2153 3443 2240 3495 54.
2291 3441 2392 3506 Qui
2424 3443 2508 3494 his
2550 3439 2771 3507 jejuniis
2819 3437 3158 3491 continenter
3204 3444 3386 3501 agunt.

1858 3530 2039 3582 adhaac
2068 3539 2116 3583 et
2139 3529 2330 3582 diebus
2363 3528 2608 3581 Mercurii
2642 3535 2694 3578 et
2715 3525 2935 3577 Veneris
2965 3523 3132 3576 aridis
3162 3535 3383 3575 vescun-

1858 3626 1966 3680 tur,
1993 3618 2238 3670 sinentur
2266 3631 2361 3684 per
2393 3615 2768 3670 secundariam
2801 3628 3037 3666 mensam
3057 3624 3245 3665 curare
3265 3624 3384 3665 cor-

1861 3705 2008 3773 poris
2039 3705 2409 3774 indigentiam,
2446 3703 2658 3757 annon?

1936 3876 2087 3946 Resp.
2127 3876 2348 3945 Proprie
2393 3876 2749 3939 continentia,
2806 3873 3072 3942 jejunium
3109 3879 3224 3937 est;
3264 3870 3388 3939 quia

1867 3973 1921 4021 et
1956 3967 2274 4028 aﬂ‘ecticida,
2310 3981 2415 4019 non
2447 3965 2709 4020 homicida
2752 3972 2990 4018 vocatur.
3023 3962 3077 4014 Si
3120 3976 3268 4026 ergo.
3297 3959 3388 4027 qui

1865 4056 2206 4110 continenter
2251 4057 2478 4118 vivunt,
2531 4054 2597 4108 ad
2653 4054 2898 4120 corporis
2948 4050 3385 4105 sustentationem

1865 4143 2185 4198 secundaria
2250 4157 2434 4196 mensa
2495 4142 2805 4208 indigeant,
2858 4136 3223 4205 prtejudicium
3281 4145 3389 4185 nou

1865 4233 2154 4300 patientur.
2183 4230 2313 4282 Nam
2347 4244 2448 4282 nec
2472 4229 2526 4281 hi
2562 4237 2670 4282 tota
2696 4227 2779 4280 die
2813 4225 3200 4279 coutiuentiam
3247 4219 3386 4272 infa-

1867 4320 2087 4373 mabunt
2123 4333 2217 4388 per
2249 4318 2694 4373 incontinentiam
2745 4325 3062 4370 nocturnam
3087 4322 3137 4365 ιι.
3166 4311 3219 4363 Id
3247 4307 3390 4362 enim

1864 4407 1908 4462 si
1953 4405 2196 4468 fecerint.
2225 4406 2642 4460 coercebuntur.

1933 4494 2125 4548 Interr.
2194 4494 2281 4549 55.
2343 4494 2399 4547 In
2453 4493 2857 4561 exspectatione
2907 4485 3322 4545 resurrectionis
3361 4498 3392 4534 a

1864 4584 2242 4651 mortuisjusti
2279 4583 2489 4646 Lazari,
2529 4591 2582 4636 et
2625 4585 2676 4635 in
2720 4582 2852 4635 festo
2895 4579 3211 4633 Sanctorum
3246 4575 3392 4636 Qua-

1863 4674 2129 4739 draginta,
2159 4673 2273 4725 sine
2302 4673 2544 4740 periculo
2572 4672 2895 4723 sacriﬁcium
2929 4667 3196 4736 quispiam
3221 4661 3395 4730 pcrl’e-

1861 4772 2005 4815 ctum
2053 4761 2386 4824 celebrabit,
2435 4763 2650 4814 annon?
2709 4759 2916 4813 Pariter
2945 4767 2997 4810 et
3043 4763 3152 4807 tota
3201 4761 3387 4804 sancta

1862 4852 2214 4918 Quadragena
2259 4851 2388 4902 licet
2442 4851 2748 4917 baptizare,
2827 4855 2917 4898 aut
2993 4841 3392 4897 benedictioncs

1861 4940 2174 5007 nuptiarum
2203 4939 2709 5006 sponsaliorumque
2741 4922 2940 4996 facere,
2975 4929 3191 4984 annon?

1929 5111 2079 5178 Resp.
2099 5112 2590 5180 Quinquagcsimus
2615 5110 2884 5163 secundus
2911 5123 3088 5160 canon
3110 5116 3310 5158 sancte
3340 5112 3393 5152 ct

1469 5298 1688 5354 γΔῐῖΙᾸέ
1747 5296 2144 5352 LECTIUMCS.

285 5435 332 5466 ”
361 5433 793 5500 διακαινησίμου.

289 5565 309 5605 ι
346 5567 576 5634 Augusto
617 5582 800 5623 mense.
839 5567 1096 5632 jejunium
1133 5573 1354 5616 seri-are!
1385 5580 1400 5614 :

227 5646 332 5690 tota
357 5637 438 5686 die
458 5637 804 5686 continuatum
836 5635 1251 5695 temperantiam,
1279 5649 1364 5694 per
1395 5639 1728 5698 rexperliurmt
1771 5638 1857 5687 iul.
1881 5639 2214 5689 m;~n-..-:m';u:.

493 5731 720 5787 Ρργῑτιιιι
800 5728 938 5804 Οτι..
965 5721 1189 5780 CXXX
1211 5719 1369 5778 Viil.

1501 5577 1538 5604 υ
1567 5582 1651 5617 seu
1690 5583 1718 5617 η
1747 5569 2046 5628 municipali
2066 5571 2284 5617 surdam
2315 5566 2529 5616 r.’.'(‘rt‘.'n.

2625 5576 2650 5601 "
2682 5565 2903 5618 Omnino
2939 5569 3106 5610 tamen
3155 5562 3242 5602 nec
3291 5543 3388 5606 ἱρτὶ

2273 5639 2320 5686 (Ι.
2342 5639 2571 5685 ιὐενεέηίῖι
2597 5645 2650 5684 .ι.

3003 5723 3077 5778 δὲὶ
