4004 6476
592 379 728 439 1οὓ3

1793 376 1889 431 Ἠί
1905 380 1943 434 ὶί
1972 377 2063 431 ii).
2116 376 2196 430 BA
2214 377 2297 432 LS
2313 375 2343 425 Α
2361 374 2594 432 λὶΟΝΙΞ

3684 377 3805 440 10M

597 498 949 551 memnonith
983 514 1061 568 syt
1087 500 1195 562 odi,
1222 501 1274 552 in
1308 502 1493 553 Trulla
1545 503 1715 568 magni
1776 504 1956 566 palatii
2009 518 2135 551 enn-

2249 503 2505 553 παλατίου
2526 502 2792 568 συστάσης
2826 502 2982 564 ἁγίας
3020 502 3108 552 καὶ
3134 499 3518 568 οἰκουμενικῆς
3562 499 3795 556 συνόδου,

586 589 997 656 ἐι-θεαιερνιιτρο
1046 592 1241 643 αἱιιιιη
1274 594 1525 645 omnibus
1575 601 1773 644 samta:
1821 591 2137 658 Quadrage-

595 679 745 731 sima:
800 679 992 748 jejunii
1058 681 1268 740 diebus,
1337 690 1528 749 praeter
1574 697 1732 748 quam
1784 680 2039 744 Sabbato,
2087 690 2141 734 et

596 768 895 829 Dmninico.
924 778 977 822 et
1007 781 1195 823 sancto
1219 772 1659 825 Annuntiationis
1686 771 1793 834 die,
1814 772 1902 824 ﬁat
1924 785 2139 825 sacrum

598 858 1171 923 prmsanetiﬁcatorum
1252 861 1633 915 ministerium.
1694 861 1759 912 Et
1833 862 1900 915 49
1965 876 2136 914 canon

598 948 915 1001 Laodiceam
941 950 1135 1018 synodi
1171 950 1283 1004 hmo
1309 954 1585 1004 enuntiat:
1621 951 1772 1016 Quod
1802 967 1907 1004 non
1934 961 2140 1018 Oportet

598 1038 650 1087 in
692 1037 1118 1105 Quadragesima
1164 1055 1352 1106 panem
1386 1021 1602 1103 oﬁ‘erre,
1657 1042 1759 1093 nisi
1793 1040 2053 1100 Sabbato,
2088 1048 2141 1093 et

596 1127 728 1179 solis
791 1128 1107 1184 Dominicis.
1155 1129 1219 1182 Et
1284 1131 1341 1182 51
1413 1145 1587 1183 canon
1649 1132 1888 1198 ejusdem
1947 1131 2137 1200 synodi

598 1217 801 1284 inquit:
842 1217 996 1280 Quod
1031 1234 1137 1272 non
1163 1228 1376 1286 op0rtet
1423 1221 1474 1272 in
1518 1219 1946 1286 Quadragesima
2000 1233 2143 1270 mar-

597 1319 771 1375 tyrum
807 1308 1014 1360 natales
1048 1322 1324 1375 peragere,
1363 1308 1454 1361 sed
1490 1316 1802 1361 sanctorum
1840 1316 2138 1374 martyrum

596 1397 776 1449 facere
806 1398 1349 1451 commemorationes
1381 1399 1433 1450 in
1468 1396 1718 1450 Sabbatis
1743 1405 1796 1451 et
1824 1397 2137 1450 Dominicis.

594 1487 656 1538 iit
688 1486 754 1538 5‘2
784 1487 858 1538 ait
894 1504 906 1537 :
951 1484 1102 1548 Quod
1138 1502 1243 1539 non
1268 1495 1477 1554 oportet
1518 1489 1568 1539 in
1598 1486 2018 1554 Quadragesima
2047 1500 2146 1537 nu-

592 1576 759 1643 ptias,
806 1574 886 1627 vel
932 1575 1174 1627 natalitia
1214 1574 1509 1629 celebrare.
1558 1574 1808 1641 Ejusdem
1864 1576 2053 1643 synodi
2076 1574 2145 1628 45

593 1665 1012 1732 complectitur:
1045 1665 1197 1727 Quod
1226 1680 1333 1717 non
1370 1672 1585 1731 oportet
1612 1673 1731 1732 post
1773 1663 1908 1717 duas
1937 1664 2140 1716 liebdo-

594 1753 780 1806 madas
820 1751 1264 1819 Quadragesima:
1292 1754 1356 1806 ad
1388 1752 1833 1806 illuminationem
1865 1762 1882 1782 '
1911 1752 2139 1805 admitti.

593 1844 695 1907 Qui
733 1843 896 1911 igitur
920 1854 1105 1897 contra
1139 1845 1329 1899 horum
1390 1858 1630 1901 tenorem
1700 1848 1906 1901 faciunt.
1965 1848 2145 1916 bapti-

594 1941 787 1998 smata,
822 1932 903 1986 vel
950 1936 1211 2001 nuptiales
1257 1936 1659 1990 benedictiones
1716 1937 1769 1989 in
1802 1945 1912 1989 tota
1958 1950 2144 1990 sancta

595 2039 787 2093 magna
815 2023 1301 2093 Quadragena,vel
1354 2025 1622 2093 perfectas
1674 2026 1882 2080 hostias
1938 2026 2144 2080 sacriﬁ-

596 2122 805 2175 cantes,
842 2123 1067 2184 excepto
1098 2116 1213 2168 solo
1234 2113 1495 2178 Sabbato,
1528 2121 1581 2168 et
1625 2114 1713 2168 die
1745 2113 2048 2177 Dominico,
2088 2123 2144 2167 et

596 2203 1055 2270 evangelizatione
1072 2212 1117 2266 Ρ,
1140 2203 1340 2270 injuste
1356 2212 1535 2271 agunt,
1556 2213 1607 2256 et
1624 2202 1877 2272 gravibus
1894 2203 2145 2257 emenda-

597 2294 797 2345 buntur
831 2292 1030 2360 pmnis,
1054 2293 1195 2361 quod
1224 2308 1283 2345 ea
1315 2293 1709 2354 commiserint,
1760 2308 1880 2361 qua:
1930 2293 2140 2347 veniam

596 2396 702 2434 non
736 2388 1036 2434 merentur.
1085 2381 1402 2436 Canonibus
1456 2397 1587 2437 sane
1633 2380 1913 2436 deﬁnitum
1945 2390 2049 2445 est,
2087 2382 2141 2435 in

595 2482 787 2535 magno
819 2466 1056 2522 Sabbato
1114 2468 1438 2537 baptismata
1498 2469 1636 2522 ﬁeri.
1696 2468 1849 2534 Quod
1908 2468 1953 2522 si
2018 2468 2143 2522 vitae

594 2556 773 2609 exitus
831 2563 1021 2624 urgeat
1096 2556 1261 2610 divini
1334 2556 1678 2627 baptismatis
1758 2557 2141 2623 initiationem,

598 2646 870 2699 lavacrum
901 2646 1272 2709 exhibebitur,
1306 2647 1467 2701 etiam
1491 2648 1599 2701 alio
1628 2648 1714 2701 die
1757 2646 2143 2716 Quadragenaz.

601 2734 731 2787 Nam
751 2742 804 2786 et
836 2733 923 2787 iis.
955 2736 1045 2801 qui
1074 2735 1138 2787 ad
1171 2743 1475 2789 extremum
1522 2746 1848 2791 coercentur
1862 2746 1918 2802 τι,
1949 2745 2001 2791 et
2024 2752 2146 2805 per-

600 2832 758 2890 petua
820 2823 1385 2879 excommunicatioue
1439 2825 1677 2878 damnati
1736 2835 1885 2889 sunt,
1950 2828 2143 2880 mortis

599 2912 895 2965 auxiliatur
927 2912 1267 2980 mysterium,
1299 2914 1366 2969 ad
1406 2922 1722 2969 sanctorum
1758 2914 2141 2983 mysteriorum

598 3003 1089 3070 participationem.

668 3092 862 3147 Interr.
896 3094 985 3148 56.
1023 3095 1151 3149 Sine
1174 3094 1415 3163 periculo
1450 3093 1582 3147 ﬁunt
1611 3093 1984 3148 ordinationes
2018 3093 2143 3149 sub—
2167 3103 2213 3166 ο

597 3184 974 3247 diaconorum,
1007 3186 1385 3247 diaconorum,
1425 3185 1789 3247 sacerdotum,
1833 3193 1884 3238 et
1929 3185 2145 3253 pontiﬁ-

598 3287 719 3327 cum
756 3274 807 3327 in
831 3282 1019 3329 sancta
1045 3285 1098 3329 et
1124 3290 1315 3345 magna
1351 3274 1725 3343 Quadragena,
1764 3275 1983 3329 annon?

672 3448 821 3515 Resp.
853 3448 1166 3505 Canonibus
1192 3459 1455 3505 statutum
1482 3459 1563 3504 est
1590 3452 1671 3517 (ut
1717 3450 1968 3518 superius
2011 3448 2149 3502 dixi-

601 3538 743 3606 mus)
778 3552 844 3590 ne
902 3538 1140 3603 perfecta
1171 3538 1494 3593 sacriﬁcatio
1546 3539 1638 3591 ﬁat
1677 3548 1790 3592 toto
1839 3540 1905 3593 40
1936 3540 2144 3593 dierum

600 3624 828 3693 jejunio,
862 3627 1101 3693 exceptis
1152 3626 1282 3681 solis
1331 3626 1599 3689 Sabbatis,
1657 3634 1709 3678 et
1746 3627 2065 3689 Dominicis,
2098 3634 2152 3677 et

602 3713 738 3767 festo
768 3714 1280 3782 Evangelizationis.
1308 3715 1406 3768 His
1434 3716 1612 3781 itaque
1665 3714 1880 3775 diebus,
1934 3715 2152 3782 quando

603 3805 827 3873 mystica
854 3812 1179 3857 consecrata
1209 3805 1427 3856 victima
1460 3805 1757 3877 perﬁcitur,
1779 3805 2152 3858 ordinationes

603 3895 741 3946 citra
774 3894 941 3946 ullum
986 3894 1193 3947 crimen
1228 3894 1362 3946 ﬁunt
1388 3910 1399 3945 :
1427 3895 1636 3947 castoris
1671 3902 1848 3947 autem
1876 3894 2152 3961 jejunato-

602 3982 700 4035 riis
732 3983 945 4045 diebus,
995 3982 1213 4050 quando
1252 3982 1490 4050 perfecta
1548 3983 1874 4036 sacriﬁcatio
1928 3998 2033 4035 non
2073 3980 2152 4047 ﬁt,

605 4086 705 4127 nec
739 4071 1010 4125 ordinatio
1041 4071 1204 4124 ullius
1232 4085 1440 4135 corum,
1473 4072 1562 4138 qui
1596 4071 1748 4123 altari
1802 4070 2149 4132 ministrant,

605 4163 881 4229 multoque
905 4163 1085 4214 minus
1110 4161 1435 4228 episcopalis
1458 4161 1784 4228 perﬁcietur.
1826 4158 2110 4213 Ordinatio
2134 4168 2150 4194 τ

606 4253 749 4304 enim
783 4242 868 4304 est
917 4250 1116 4318 publici
1153 4258 1454 4304 conventus
1490 4259 1724 4317 tempus,
1783 4257 1839 4302 et
1890 4249 2149 4317 gloriﬁca-

604 4340 771 4395 tionis
846 4340 960 4404 Dei,
1041 4341 1218 4410 dignis
1281 4342 1551 4409 elargiens
1624 4340 1896 4408 spiritales
1979 4339 2156 4402 digni-

607 4441 765 4484 tates.

675 4521 870 4574 lnterr.
911 4520 997 4574 57.
1034 4519 1169 4583 Qua:
1193 4520 1247 4573 in
1276 4519 1479 4574 sanctis
1504 4518 1595 4571 Dei
1634 4519 1891 4573 Ecclesiis
1951 4517 2019 4571 ab
2051 4517 2150 4569 ali-

605 4612 803 4678 quibus
860 4610 1162 4663 oﬁ’eruntur
1215 4625 1303 4663 res
1353 4609 1792 4678 qualescunque,
1848 4608 1931 4661 vel
1990 4608 2152 4660 etiam

609 4700 811 4760 edulia,
858 4701 931 4751 ab
980 4700 1090 4752 ullo
1138 4700 1474 4767 accipientur
1510 4709 1555 4760 ⁸,
1600 4707 1651 4750 et
1703 4711 1892 4750 eorum
1947 4697 2152 4749 tribue-

612 4801 696 4843 tur
725 4791 986 4843 licentia?
1020 4790 1148 4844 ltem
1199 4807 1340 4859 quae,
1381 4800 1433 4843 et
1484 4789 1662 4857 qualia
1697 4796 1823 4841 sunt
1870 4786 2153 4846 canonica,

614 4897 732 4950 quae
780 4881 1159 4937 sacerdotibus
1184 4894 1237 4936 et
1296 4882 1638 4950 pontiﬁcibus
1682 4878 1972 4946 quotannis
2023 4877 2158 4929 dan-

609 4972 737 5023 tur?

682 5062 837 5128 Resp.
882 5064 1059 5115 Aurea
1115 5060 1334 5130 quidem
1398 5069 1451 5114 et
1515 5068 1803 5129 argentea,
1874 5070 1994 5124 qum.
2050 5055 2157 5107 Deo

609 5150 939 5213 oﬁ‘eruntur,
1002 5165 1126 5203 vasa
1179 5159 1232 5203 et
1292 5149 1691 5217 supellectilis,
1748 5149 1867 5201 sine
1936 5144 2157 5196 domino

612 5248 741 5291 sunt
772 5241 815 5303 ι,
858 5248 910 5291 et
945 5255 1038 5309 per
1066 5240 1351 5309 episcopos
1389 5239 1500 5293 Deo
1533 5244 1949 5291 consecrantur.
1988 5232 2156 5283 Esca-

613 5331 755 5382 lenta
807 5335 1006 5395 autem,
1055 5341 1107 5384 et
1154 5331 1469 5398 potulenta,

1538 5342 1656 5382 oua:
1728 5328 1873 5377 'uxta
1935 5336 2159 5382 morem,

2240 591 2409 641 ταῦτὰ
2463 609 2644 660 φησιν·
2686 593 2774 641 Ἐν
2793 592 3002 654 ,πάσαις
3058 594 3173 651 ταῖς
3203 592 3300 659 τῆς
3324 590 3487 657 ἁγίας
3524 587 3797 653 Τεσσιρα-

2242 682 2437 746 mari};
2477 682 2585 730 τῶν
2614 681 2873 748 νηστῖιῶν
2910 680 3160 748 ἡμέραις,
3188 678 3681 748 παρὲξΣαὸὁὰτου
3711 678 3799 727 καὶ

2242 771 2540 837 Κυριακῆς,
2582 771 2669 821 καὶ
2692 771 2787 835 τῆς
2817 770 2971 835 ἁγίας
3006 768 3096 820 τοῦ
3121 767 3537 835 Εὐαγγελισμοῦ
3571 767 3796 836 ἡμέρας,

2243 862 2272 922 ὴ
2315 858 2419 908 τῶν
2477 860 2921 924 προηγιασμένων
2981 857 3137 925 ἱερῶν
3184 857 3497 924 λειτουργία
3546 855 3799 921 γινέσθω.

2246 951 2348 999 Καὶ
2382 948 2409 998 ὁ
2438 948 2521 1014 μ(›¹
2556 947 2649 1012 τῆς
2689 950 2742 997 ὲν
2767 946 3053 1015 Λαοδικείᾳ
3082 946 3294 997 συνόδου
3318 946 3492 997 ταῦτα
3527 943 3798 1006 διέξεισιν,

2246 1038 2327 1088 ὅτι
2367 1038 2440 1087 Οὐ
2472 1035 2552 1085 δεῖ
2584 1038 2649 1102 τῇ
2691 1036 3112 1102 Τεσσαρακοστῇ
3146 1036 3305 1102 ἄρτον
3355 1032 3713 1101 προσφέρειν,
3754 1033 3801 1080 εί

2246 1126 2319 1192 μὴ
2375 1127 2431 1177 ὲν
2488 1126 2744 1192 Σαϐϐάτῳ
2788 1126 2877 1175 καὶ
2910 1127 3156 1191 κυριακῇ
3188 1125 3364 1190 μόνον.
3396 1122 3509 1174 Kal.
3538 1122 3569 1172 ὀ
3598 1119 3678 1172 να¹
3703 1136 3800 1192 xa-

2241 1214 2347 1267 νὼν
2380 1218 2474 1282 τῆς
2505 1218 2672 1279 αὐτῆς
2704 1214 2917 1264 συνόδου
2944 1214 3211 1279 φησὶνβτι
3232 1213 3304 1262 Οὐ
3325 1212 3406 1261 δεῖ
3425 1214 3488 1278 τῇ
3514 1210 3798 1275 Τεσσαρα-

2244 1308 2410 1373 κοστῇ
2451 1304 2740 1372 μαρτύρων
2792 1301 3039 1367 γενέθλια
3106 1300 3297 1358 τελεῖν,
3366 1298 3500 1349 ἀλλὰ
3548 1295 3645 1353 τὰς
3696 1293 3801 1344 τῶν

2245 1396 2415 1460 ἁγίων
2459 1397 2746 1463 μαρτύρων
2802 1395 3019 1460 μνήμας
3072 1392 3243 1441 ποιεῖν
3305 1392 3360 1439 ἐν
3420 1387 3533 1443 τοῖς
3563 1381 3799 1433 Σάὁόασι

2244 1484 2335 1535 καὶ
2358 1484 2475 1545 ταῖς
2508 1483 2827 1551 Κυριακαῖς.
2863 1481 2968 1530 Καὶ
2997 1476 3116 1544 δ’νβ¹
3144 1477 3311 1541 λέγει,
3342 1475 3424 1525 ὅτι
3457 1472 3532 1522 Οὐ
3547 1472 3623 1520 δεῖ
3644 1471 3699 1517 ὲν
3735 1472 3799 1534 τῇ

2249 1575 2667 1639 Τεσσαρακοστῇ
2700 1571 2908 1638 γάμους
2943 1570 2973 1637 ἢ
3017 1565 3265 1634 γενέθλια
3295 1562 3587 1615 ἐπιτελεῖν.
3636 1556 3696 1611 Ὀ
3723 1553 3801 1624 με’

2242 1668 2341 1729 τῆς
2369 1662 2538 1732 αὐτῆς
2569 1665 2783 1716 συνόδου
2814 1660 3163 1728 διαλαμϐάνει
3213 1658 3295 1709 ὅτι
3326 1657 3385 1707 οὐ
3419 1655 3502 1707 δεῖ
3542 1652 3678 1715 μετὰ
3717 1650 3804 1701 δύο

2247 1756 2543 1823 ὲὸδομάδας
2594 1754 2692 1818 τῆς
2719 1754 3176 1819 Τεσσαρακοστῆς
3207 1747 3460 1815 δέχεσθαι
3489 1746 3567 1805 εἰς
3600 1739 3803 1807 ταφώ-

2244 1861 2431 1911 τισμα.
2470 1829 2681 1908 Οἱγοῦν
2713 1842 2987 1900 ποιοῦντες
3034 1840 3180 1905 παρὰ
3208 1836 3303 1904 τὴν
3333 1834 3540 1887 τούτων
3577 1831 3805 1898 περίλη-

2244 1930 2335 1997 ψιν
2362 1929 2731 1998 βαπτίσματα,
2760 1927 2790 1995 ἢ
2831 1928 3128 1993 ίερολογῐας
3159 1924 3423 1991 γαμικὰς,
3461 1922 3527 1972 δι’
3551 1921 3679 1987 ὅλης
3707 1919 3809 1981 τῆς

2245 2020 2404 2087 ἁγίας
2448 2019 2685 2088 μεγάλης
2717 2016 3204 2085 Τεσσαρακοστῆς,
3256 2014 3287 2079 ἢ
3361 2011 3569 2071 τελείας
3615 2010 3807 2068 θυσίας

2248 2109 2670 2178 ἱερουργοῦντες,
2732 2104 2857 2160 ἄνευ
2920 2106 3077 2173 μόνου
3119 2104 3211 2155 τοῦ
3262 2102 3546 2153 Σαεὸάτου
3589 2101 3683 2179 καὶ
3710 2099 3806 2165 τῆς

2244 2200 2523 2265 Κυριακῆς
2542 2200 2633 2249 καὶ
2647 2196 2741 2249 τοῦ
2760 2193 3187 2262 Εὐαγγελισμοῦ,
3216 2188 3719 2260 παρανομοῦσι,καὶ
3740 2186 3805 2238 δι’

2244 2287 2530 2355 ἐπιτιμίων
2567 2287 2813 2351 μεγάλων
2832 2284 3299 2352 διορϐωοήσονται,
3338 2282 3414 2340 ὼς
3444 2279 3808 2343 ἁσὺγγνωστα

2232 2375 2749 2445 πλημμελήσαντες.
2793 2374 2947 2426 Κατὰ
3008 2371 3190 2439 μέντοι
3230 2370 3290 2419 τὸ
3354 2368 3499 2434 μέγα
3532 2365 3808 2417 Σάϐϐατοιν

2246 2466 2619 2519 κεκανόνισται
2662 2464 2727 2516 τὰ
2764 2462 3110 2531 βαπτίσματα
3158 2457 3425 2525 γίνεσθαι.
3459 2457 3525 2508 Et
3573 2456 3630 2507 δὲ
3682 2471 3804 2506 κατ-

2245 2553 2451 2617 επείγει
2495 2550 2590 2620 τὴν
2638 2549 2728 2603 τοῦ
2782 2549 2925 2601 υείου
2982 2547 3351 2616 βαπτίσματος
3394 2544 3623 2609 τελετὴν
3652 2545 3683 2609 ἠ
3719 2540 3807 2592 τοῦ

2249 2645 2363 2714 βίου
2385 2644 2727 2711 μετάστασις,
2762 2641 3047 2708 γενήσεται
3096 2638 3375 2706 βὰπτισμα
3405 2636 3500 2687 καὶ
3541 2634 3664 2686 καθ’
3700 2633 3807 2683 ἑτέ-

2249 2753 2345 2806 ραν
2375 2734 2585 2802 ἡμέραν
2612 2733 2708 2797 τῆς
2731 2729 3180 2799 Τεσσαρακοστῆς
3202 2744 3214 2756 ⁸
3248 2729 3329 2778 ὅτι
3372 2725 3469 2776 καὶ
3497 2727 3610 2785 τοῖς
3652 2721 3807 2790 ὲσχὰο

2244 2840 2351 2882 τως
2375 2820 2736 2887 ἐπιτιμηθείσι
2763 2819 2853 2869 καὶ
2885 2814 3246 2885 ἁκοινωνησίᾳ
3264 2810 3650 2878 κατακριθεῐσι
3678 2826 3807 2860 παν-

2245 2908 2390 2960 τελεῖ
2419 2908 2478 2958 τὸ
2535 2906 2627 2958 τοῦ
2700 2904 2928 2955 θανάτου
2984 2905 3278 2969 μυστήριον
3325 2899 3513 2967 βοηθεῖ
3548 2898 3686 2967 πρὸς
3718 2896 3808 2961 τὴν

2246 2998 2355 3050 τῶν
2376 2997 2545 3063 ἁγίων
2584 2994 2891 3065 μυστηρίων
2923 2990 3240 3059 μετάληψιν.

2327 3085 2528 3153 Ἐρώτ.
2588 3090 2694 3148 νς¹.
2773 3078 3088 3140 ’Δκινδύνως
3166 3079 3403 3144 γίνονται
3475 3071 3802 3143 χειροτονίαι

2247 3176 2385 3230 κατὰ
2412 3176 2507 3243 τὴν
2564 3171 2723 3239 ἁγίαν
2768 3170 2860 3223 καὶ
2911 3166 3149 3235 μεγάλην
3201 3162 3667 3231 Τεσσαρακοστὴν
3710 3161 3810 3211 τῶν

2251 3263 2642 3326 ὑποδιακόνων,
2684 3259 2791 3312 τῶν
2854 3256 3134 3319 διακόνων,
3184 3253 3292 3306 τῶν
3347 3252 3541 3321 ἱερέων
3573 3252 3669 3303 καὶ
3710 3248 3811 3301 τῶν

2248 3354 2562 3424 ἀρχιερέων,
2589 3351 2621 3420 ἢ
2653 3348 2711 3401 οὗ
2731 3365 2745 3413 ;
2958 3414 2963 3419 ο

2329 3443 2519 3498 Ἀπόκ.
2567 3440 2953 3495 Κεκανόνισται
2982 3435 3181 3504 (καθὼς
3207 3432 3411 3485 ἄνωθεν
3452 3433 3697 3500 εἴρηται)
3746 3428 3813 3496 μὴ

2253 3530 2497 3597 γίνεσθαι
2534 3529 2743 3579 τελείαν
2792 3524 3190 3593 ίεροτελεστίαν
3220 3522 3289 3573 δι’
3340 3520 3469 3587 ὅλης
3495 3522 3597 3581 τῆς
3622 3532 3814 3569 τεσσαο

2256 3619 2662 3692 ρακονθημέρου
2699 3615 2972 3682 νηστείας,
3012 3614 3138 3665 ἄνευ
3176 3612 3360 3679 μόνων
3388 3611 3495 3661 τῶν
3527 3608 3817 3660 Σαϐϐατων

2253 3712 2344 3764 καὶ
2359 3711 2463 3761 τῶν
2481 3705 2792 3777 Κυριακῶν,
2817 3703 3023 3769 καὶτῆς
3047 3702 3238 3771 ἑορτῆς
3255 3701 3348 3750 τοῦ
3373 3694 3816 3763 Εὑαγγελισμοῦ.

2254 3801 2339 3852 Διδ
2364 3799 2502 3851 κατὰ
2539 3800 2634 3864 μὲν
2664 3796 2759 3856 τὰς
2810 3794 3017 3861 ἡμέρας
3042 3791 3264 3852 ταύτας,
3311 3790 3399 3841 ὅτε
3452 3790 3549 3841 καὶ
3588 3782 3819 3856 μυστική

2254 3885 2642 3953 τετελειωμένη
2674 3882 2831 3935 Θυσία
2863 3880 3114 3941 τελεῖται,
3141 3878 3471 3946 γενήσονται
3498 3874 3821 3943 χειροτονίαι

2254 3978 2392 4030 κατὰ
2421 3976 2481 4027 τὸ
2510 3974 2682 4040 πάντη
2736 3971 3161 4040 ἁκριμάτιστον·
3214 3970 3271 4018 ὲν
3323 3966 3380 4018 δὲ
3438 3967 3559 4026 ταῖς
3611 3965 3822 4024 λοιπαῖς

2254 4066 2531 4135 νηστίμοις
2555 4063 2809 4133 ἡμέραις,
2841 4063 2930 4113 ὅτε
2983 4060 3160 4112 τελεία
3188 4055 3559 4127 ίεροτελεστία
3590 4056 3653 4107 οὐ
3679 4056 3823 4120 γενε-

2256 4174 2366 4214 ται.
2399 4156 2517 4208 οὐδὲ
2544 4152 2844 4223 χειροτονία
2884 4151 3030 4210 τινὸς
3074 4148 3183 4200 τῶν
3210 4147 3302 4199 τοῦ
3337 4147 3608 4214 βήματος,
3647 4142 3821 4209 πολλῷ

2256 4248 2311 4299 δὲ
2341 4248 2499 4299 πλέον
2525 4243 2852 4311 ὲπισκοπικὴ
2881 4239 3283 4308 τελεσθήσεται.
3320 4238 3433 4289 Καὶ
3462 4238 3495 4303 ἡ
3518 4234 3818 4305 χειροτονία

2258 4341 2365 4407 γὰρ
2419 4334 2775 4405 πανηγύρεως
2801 4335 2915 4384 ἐστι
2966 4332 3175 4398 καιρὸς,
3204 4328 3296 4381 καὶ
3321 4327 3632 4391 δοξολογίας
3668 4322 3816 4387 Θεοῦ,

2186 4421 2229 4476 ι)
2257 4432 2368 4489 τοῖς
2393 4427 2560 4490 ἀξίοις
2594 4424 2920 4493 χαριζομένη
2961 4419 3304 4487 πνευματικὰ
3338 4417 3651 4483 ἀξιώματα.

2336 4516 2529 4582 Ἐρώτ.
2589 4514 2682 4575 νζ.
2734 4512 2812 4563 Τὰ
2870 4512 2928 4561 ἐν
2965 4514 3081 4569 ταῖς
3134 4508 3314 4572 ἁγίαις
3366 4504 3459 4556 τοῦ
3500 4503 3638 4555 Θεοῦ
3704 4503 3817 4554 Ἐκ-

2256 4605 2503 4673 κλησίαις
2553 4602 2703 4670 παρά
2730 4616 2887 4652 τινων
2929 4596 3347 4665 προσφερόμενα
3374 4594 3657 4662 οῖαδήτινα
3686 4592 3813 4661 πρά-

2257 4709 2462 4764 γματα,
2518 4691 2549 4760 ἢ
2596 4691 2688 4743 καὶ
2721 4688 2959 4758 τρωκτὰ,
2981 4686 3130 4753 παρὰ
3163 4686 3308 4745 τίνος
3342 4684 3702 4753 δεχθήσονται
3734 4682 3819 4733 καὶ

2260 4778 2765 4847 ἐξουσιασθήσονται
2791 4791 2805 4839 ;
2832 4774 2939 4825 Καὶ
2964 4773 3104 4835 τίνα,
3138 4772 3235 4823 καὶ
3264 4772 3396 4822 ποῖά
3438 4772 3547 4822 εἱσι
3593 4770 3663 4821 τὰ
3703 4771 3818 4835 ὲτη-

2268 4874 2397 4933 σίως
2448 4869 2696 4935 διδόμενα
2748 4867 2858 4925 τοῖς
2903 4861 3129 4931 ἱερεῦσι.
3158 4862 3249 4913 καὶ
3276 4859 3597 4931 ἀρχιερεῦσι
3623 4873 3820 4910 κανονισ

2267 4976 2373 5024 κα;

2350 5050 2540 5101 Ἀπόκ.
2561 5044 2641 5097 Τὰ
2676 5044 2771 5112 μὲν
2798 5042 2872 5111 τῷ
2892 5043 3009 5108 Θεῷ
3026 5039 3408 5107 προσαγόμενα
3426 5038 3605 5106 χρυσᾶ
3621 5037 3714 5086 καὶ
3734 5033 3818 5101 ἁρ-

2264 5138 2408 5206 γυρᾶ
2438 5134 2603 5202 σκεύη
2635 5133 2727 5183 καὶ
2763 5130 2984 5190 ἔπιπλα,
3013 5129 3284 5180 ἀδέσποτὰ
3310 5130 3440 5189 εισι,
3474 5126 3577 5177 κᾶν
3609 5124 3695 5177 διὰ
3721 5122 3817 5172 τῶν

2267 5227 2577 5278 ἐπισκόπων
2638 5220 3052 5289 προσφέρωνται
3092 5217 3169 5286 τῷ
3219 5216 3368 5283 Θεῷο
3406 5216 3475 5266 τὰ
3512 5216 3571 5266 δὲ
3615 5210 3817 5280 τρωκτὰ

2272 5316 2364 5366 καὶ
2398 5313 2536 5363 ποτὰ
2579 5310 2818 5377 συνήθως
2852 5312 2905 5358 ἐν
2934 5307 3175 5375 μνήμαις
3196 5304 3363 5370 ἁγίων
3396 5304 3492 5355 καὶ
3523 5302 3662 5369 ὑπὲρ
3690 5315 3811 5370 μνη·

1861 5473 2093 5527 VARl/E
2130 5465 2525 5525 LECTlONES.

690 5633 710 5653 °
737 5624 803 5675 ad
832 5624 1162 5690 baptismum.
1242 5636 1265 5672 Γ
1302 5633 1348 5675 et
1377 5620 1824 5676 Anmmtiationis.
1904 5626 1930 5663 εἰ
1959 5616 2044 5681 qui
2083 5624 2307 5665 extreme
2331 5609 2662 5690 puniuntan
2723 5614 2740 5638 τ
2769 5618 2887 5690 nan:
2924 5610 2975 5690 ei
3004 5609 3293 5690 ριάιηίξξξο,
3331 5609 3529 5690 ηαυιιει

1710 5667 1992 5753 {dmum},
2023 5667 2338 5748 (κτέρῑρηιμέ
2386 5692 2431 5729 et
2486 5672 2881 5726 rrtinrtmnlur?
2961 5675 2973 5704 ι
3015 5672 3063 5719 in
3097 5667 3291 5718 nullius
3327 5667 3562 5719 dominio
3593 5674 3724 5717 sunt.

608 5703 689 5743 est
744 5698 968 5757 occasio,
1015 5706 1061 5745 et
1128 5695 1486 5745 reitirctionis
1522 5691 1629 5741 Dei.

2723 5614 2740 5638 τ
2769 5618 2887 5653 nam
2924 5610 2975 5652 et
3004 5597 3293 5657 ordinatio,
3331 5597 3527 5663 publici
3557 5606 3815 5648 conventus
