4004 6484
234 378 368 442 1005

1073 378 1460 439 RESPONSA
1504 380 1605 436 AD
1646 376 2378 442 INTERROGATIONES
2420 381 2678 445 ΜΑΒίῖῐ.

3307 384 3445 448 1006

231 502 474 569 μοσύνων
539 503 937 572 κατοιχομένων
968 504 1390 573 είσκομιζόμενα
1419 506 1494 574 τῷ
1530 505 1662 574 ναῷ.
1696 506 1788 557 καὶ

1896 515 2210 562 sanctorum
2238 506 2539 570 memoriis,
2584 511 2637 558 et
2670 518 2770 572 pro
2821 508 3161 558 mortuorum
3202 515 3438 558 comme‘

223 597 288 646 τά
315 594 454 663 ὑπὲρ
482 593 728 662 ψυχικῶν
782 595 1068 646 διαδόσεων
1113 597 1235 658 ταῖς
1261 596 1579 662 ἐκκλησίαις
1637 601 1789 664 παρά

220 701 382 736 τινων
406 685 844 752 προσφερόμενα.
867 687 979 747 τοῖς
1012 685 1329 747 ἐπισκόποις
1359 684 1596 740 δίδοσθαι
1626 702 1792 738 κεκα-

221 773 484 835 νόνισται,
532 776 626 826 καὶ
686 774 838 845 παρά
864 774 1067 828 τούτων
1093 777 1228 844 πρός
1263 792 1321 828 τε
1348 778 1468 838 τοὺς
1498 776 1790 846 κληρικοὺς

223 863 318 915 καὶ
349 865 472 926 τοὺς
503 864 872 934 ξενιζομένους
897 867 990 918 καὶ
1019 865 1190 928 ἄλλως
1213 865 1603 936 πενητεύοντας
1639 865 1792 918 ἀδελ-

223 955 357 1020 φοὺς
388 953 817 1021 διαμερίζεσθαι,
847 955 990 1006 κατά
1012 956 1110 1023 τὴν
1132 956 1336 1007 τούτων
1354 957 1791 1025 διάκρισιν.Φησὶ

222 1041 332 1110 γὰρ
360 1045 388 1094 6
413 1040 458 1108 γ’
489 1042 668 1094 κανὼν
698 1044 806 1094 τῶν
835 1043 1005 1109 ἁγίων
1043 1043 1355 1095 ἀποστόλων
1384 1043 1560 1095 ταῦτα
1589 1045 1785 1114 ῥητῶςο

221 1131 288 1183 1·Σῖ
313 1147 395 1194 τις
428 1131 724 1193 ἐπίσκοπος
756 1132 786 1199 ἢ
826 1132 1198 1202 πρεσσίιτερος
1259 1134 1407 1200 παρά
1431 1132 1528 1203 τὴν
1552 1131 1645 1185 τοῦ
1680 1133 1790 1185 Ku-

227 1221 342 1290 ρίου
375 1222 614 1286 διάταξιν
642 1221 740 1290 τὴν
771 1223 864 1274 ἐπὶ
924 1224 990 1292 τῇ
1031 1221 1190 1292 θυσίᾳ
1245 1223 1585 1293 προσενέγκῃ
1630 1222 1793 1289 ἕτερά

223 1329 344 1364 τινα
373 1314 465 1364 ἐπὶ
509 1312 570 1363 τὸ
614 1311 1023 1380 θυσιαστήριον,
1060 1311 1092 1381 ἢ
1127 1311 1268 1380 μέλι,
1320 1311 1352 1379 ἢ
1404 1311 1564 1378 γάλα,
1605 1311 1638 1368 ἢ
1670 1311 1791 1363 ἀντὶ

222 1405 365 1456 οἴνου
409 1405 601 1472 σίκερα
660 1404 1004 1474 ἐπιτηδευτά,
1071 1405 1105 1474 ἢ
1151 1403 1319 1473 ὅρνις,
1351 1403 1382 1473 ἢ
1418 1401 1535 1466 ζῶά
1577 1402 1786 1472 τινα,ἢ

220 1495 445 1561 ὄσπρια,
498 1495 647 1564 παρά
699 1498 797 1564 τὴν
845 1493 1124 1559 διάταξιν,
1173 1495 1583 1564 καθαιρείσθω·
1653 1494 1792 1556 πλὴν

221 1585 356 1636 νέων
391 1584 611 1655 χίδρων,
656 1586 734 1655 τῷ
762 1587 938 1656 καιρῷ
979 1586 1057 1657 τῷ
1082 1586 1275 1640 δέοντι.
1310 1585 1539 1656 Μὴέξδν
1568 1587 1624 1639 δὲ
1653 1587 1794 1639 ἔστω

229 1675 420 1744 ἔτερόν
450 1694 500 1727 τι
549 1677 915 1745 προσάγεσθαι
946 1679 1026 1741 είς
1054 1679 1115 1730 τδ
1141 1677 1544 1748 θυσιαστήριον,
1571 1677 1605 1748 ἢ
1634 1677 1794 1745 μόνον

224 1765 408 1818 ἔλαιον
450 1769 528 1828 είς
568 1768 667 1835 τὴν
716 1768 958 1838 λυχνίαν,
990 1769 1085 1824 καὶ⁸
1110 1768 1361 1838 θυμίαμα
1383 1767 1460 1837 τῷ
1494 1767 1672 1836 καιρῷ
1694 1767 1794 1835 τῆς

224 1856 388 1922 ἀγίας
417 1859 729 1926 προσφορᾶς
749 1875 764 1890 ο
795 1861 827 1928 ή
855 1859 989 1928 άλλη
1016 1859 1070 1912 δὲ
1106 1860 1254 1911 πᾶσα
1287 1859 1478 1927 ὀπώρα
1532 1859 1613 1920 είς
1643 1854 1792 1912 οῐκον

223 1947 662 2012 ἀποστελλέσθω,
699 1949 920 2018 ἀπαρχὴ
943 1949 1022 2020 τῷ
1057 1948 1342 2020 ἐπισκόπῳ
1378 1949 1605 2012 καὶτοῖς
1657 1966 1792 2019 πρε-

226 2036 539 2104 σϐυτέροις,
568 2037 703 2090 ἀ).λά
730 2039 804 2108 μὴ
854 2038 989 2107 πρὸς
1011 2038 1072 2091 τὸ
1107 2037 1510 2110 θυσιαστήριον.
1537 2040 1707 2108 Δῆλον
1735 2039 1792 2091 δέ

223 2125 300 2188 ὡς
333 2128 362 2178 6
389 2127 684 2190 ἐπίσκοπος
709 2128 801 2180 καὶ
820 2129 866 2182 oi
894 2145 994 2196 πρε
1007 2128 1253 2198 σδύτεροι
1275 2130 1657 2199 ἐπιμερίσουσι
1681 2132 1794 2191 τοῖς

221 2215 492 2278 διακόνοις
523 2218 616 2269 καὶ
656 2219 768 2279 τοῖς
809 2217 1016 2280 λοιποῖς
1045 2217 1345 2289 κληρικοϊς.
1401 2220 1509 2272 Καὶ
1544 2220 1573 2272 6
1612 2218 1657 2282 ζ’
1700 2221 1794 2274 καὶ

224 2307 252 2357 6
275 2303 323 2374 η’
352 2306 532 2358 κανὼν
555 2304 656 2374 τῆς
672 2307 729 2358 ἐν
750 2306 789 2357 Γ
793 2307 976 2377 ἀγγρᾳ
996 2306 1211 2359 συνόδου
1225 2306 1395 2361 ταῦτα
1420 2309 1792 2377 παρακελεύεοο

224 2410 336 2445 ταιο
372 2395 439 2448 Et
461 2411 544 2456 τις
574 2395 953 2464 καρποφορίας
983 2395 1156 2447 ἐθέλει
1186 2395 1505 2465 λαμϐάνειν,
1537 2395 1570 2465 ἦ
1596 2394 1793 2450 διδόναι

223 2485 331 2550 ἐξω
365 2486 462 2554 τῆς
487 2485 801 2555 ἐκκλησίας,
855 2484 1006 2555 παρά
1049 2485 1273 2555 γνώμην
1311 2485 1405 2538 τοῦ
1465 2487 1790 2550 ἐπισκόπου,

225 2577 260 2648 ἢ
289 2577 386 2630 τοῦ
417 2577 892 2648 ἐγκεχειρισμένου
909 2580 976 2630 τὰ
999 2577 1245 2643 τοιαῦτα,
1268 2579 1362 2630 καὶ
1381 2578 1455 2648 μὴ
1492 2578 1628 2647 μετά
1653 2581 1793 2646 γνὼ-

229 2685 338 2736 μης
361 2666 527 2720 αὐτοῦ
583 2667 756 2720 ἐθέλει
820 2669 1103 2737 πράττειν,
1136 2668 1384 2737 ἀνάθεμα
1430 2668 1589 2722 ἔστω.
1629 2671 1738 2722 Καὶ
1768 2673 1796 2724 6

218 2757 301 2824 οβ’
328 2756 680 2820 ἀποστολικδς
710 2757 888 2808 κανὼν
916 2755 1091 2812 ταῦτά
1116 2773 1302 2826 φησιν·
1333 2757 1484 2819 Είτις
1512 2757 1793 2830 κληρικὺς,

224 2845 258 2913 ἢ
281 2843 485 2905 λαῖκδς,
519 2843 626 2894 ἀπὸ
656 2843 756 2910 τῆς
788 2843 948 2910 ἁγίας
980 2844 1274 2912 ἐκκλησίας
1328 2846 1593 2916 ἀφέληται
1628 2848 1797 2917 κηρὸν

224 2934 260 3002 ἢ
291 2934 492 3000 ἔλαιον,
518 2935 880 3004 ἀφοριζέσθω.
913 2936 1022 2988 Καὶ
1047 2937 1075 2988 6
1095 2934 1173 3004 ογ’
1205 2936 1381 2991 κανὼν
1411 2937 1578 3005 λέγει’
1599 2940 1796 3002 Σκεῦο;

226 3023 518 3094 χρυσοῦνή
552 3023 826 3094 ἀργυροῦν
877 3025 1156 3091 ἀγιασθέν,
1198 3026 1231 3096 ἢ
1264 3026 1474 3098 ὀθόνην,
1511 3031 1697 3099 μηδεὶς
1716 3034 1795 3092 είς

1891 597 2285 651 morationibus
2318 596 2627 652 inferuntur
2657 597 2710 648 in
2751 594 3010 663 templum
3035 635 3052 660 ,
3097 603 3149 648 et
3185 608 3304 662 qua:
3346 609 3445 663 pro

1891 689 2216 743 animalibus
2245 688 2661 758 trajectionibus
2699 687 2947 743 ecclesiis
2981 696 3008 724 ίι
3053 685 3122 739 ab
3175 685 3445 754 aliquibus

1892 778 2223 841 oﬂ'eruntur.
2249 780 2523 849 episcopis
2556 779 2675 832 dari
2726 777 2994 832 canonice
3029 783 3294 830 statutum
3340 785 3445 834 est,

1890 877 1944 923 et
1972 867 2040 920 ab
2067 868 2154 921 his
2185 867 2441 921 distribui
2474 869 2528 920 in
2561 867 2794 921 clericos
2845 864 3162 936 peregrinos
3214 862 3447 929 hospitio

1889 967 2172 1023 exceptos,
2205 964 2258 1010 et
2291 957 2534 1025 alioquin
2579 956 2764 1026 inepia
2786 968 3009 1024 pressos
3043 953 3263 1013 fratres,
3290 961 3449 1020 prout

1893 1046 1994 1114 ipsi
2018 1045 2404 1112 iudicaverint.
2429 1048 2518 1100 Ait
2543 1048 2687 1102 enim
2714 1047 2908 1101 tertius
2935 1060 3110 1099 canon
3135 1051 3448 1097 sanctorum

1892 1137 2262 1204 apostolorum
2298 1137 2414 1190 haec
2451 1138 2798 1205 cxpressim:
2855 1138 2910 1190 Si
2964 1137 3090 1205 quis
3136 1135 3448 1204 episcopus.

1894 1226 1977 1280 vel
2015 1229 2318 1297 presbyter.
2361 1236 2556 1295 praeter
2587 1226 2800 1280 Domini
2825 1227 2892 1280 de
2928 1226 3206 1280 sacriﬁcio
3234 1223 3450 1278 ordina-

1894 1317 2119 1379 tionem,
2155 1318 2259 1369 alia
2296 1317 2544 1385 quaedam
2571 1317 2636 1369 ad
2669 1317 2842 1370 altare
2888 1315 3158 1379 attulerit,
3212 1315 3336 1374 mel,
3369 1315 3451 1368 vel

1895 1408 1998 1471 lae,
2031 1409 2111 1462 vel
2143 1423 2241 1476 pro
2273 1409 2398 1461 vino
2428 1408 2667 1462 siceram
2701 1416 2750 1468 ν,
2781 1407 2866 1461 vel
2896 1405 3162 1469 confecta,
3195 1405 3276 1458 vel
3303 1419 3453 1468 aves,

1894 1499 1975 1550 vel
2005 1499 2183 1565 aliqua
2216 1498 2472 1551 animalia
2499 1535 2512 1558 ,
2551 1498 2634 1551 vel
2670 1497 2964 1566 legumina,
2999 1505 3194 1564 praeter
3237 1494 3455 1548 ordina-

1897 1581 2122 1644 tionem,
2155 1583 2487 1651 deponatur:
2553 1592 2911 1652 praeterquam
2963 1599 3100 1638 nova
3159 1583 3454 1650 legumina,

1899 1680 2145 1742 tempore
2169 1683 2501 1743 opportuno.
2537 1672 2616 1729 Ne
2647 1675 2808 1728 liceat
2837 1683 3020 1728 autem
3066 1672 3271 1741 aliquid
3307 1672 3454 1726 aliud

1899 1764 1965 1817 ad
2028 1763 2200 1819 altare
2246 1763 2465 1832 oﬂ‘erre,
2517 1779 2681 1833 quam
2726 1764 2909 1818 oleum
2948 1764 3014 1818 ad
3073 1763 3360 1827 luminare,
3405 1774 3459 1816 et

1897 1856 2205 1919 incensum,
2284 1864 2534 1924 tempore
2603 1864 2810 1912 sanctas
2870 1854 3188 1909 oblationis.
3264 1853 3456 1907 Omnis

1895 1949 2078 1997 autem
2140 1943 2282 1998 alius
2346 1943 2560 1999 fructus
2617 1944 2841 1998 domum
2897 1944 3179 2007 mittatur,
3238 1951 3296 1994 ut
3349 1944 3458 1994 sint

1896 2035 2153 2104 primitiae
2183 2037 2464 2105 episcopo,
2496 2044 2551 2090 et
2600 2036 2958 2105 presbyteris.
3013 2033 3231 2086 Clarum
3273 2039 3454 2084 autem

1894 2136 1999 2191 est,
2030 2129 2346 2196 episcopum
2379 2136 2433 2182 et
2461 2127 2818 2196 presbyteros
2849 2126 3116 2189 diaconis,
3142 2132 3196 2178 et
3231 2123 3456 2190 reliquis

1895 2218 2113 2272 clericis
2143 2218 2565 2272 distributuros.
2602 2216 2663 2269 Et
2718 2216 2748 2268 7
2779 2223 2834 2270 et
2865 2215 2898 2268 8
2923 2229 3102 2269 canon
3158 2213 3457 2282 Gangrena:

1895 2307 2089 2378 synodi
2126 2308 2239 2362 hare
2273 2309 2551 2377 praecipit:
2589 2307 2644 2362 Si
2673 2309 2798 2377 quis
2823 2306 2942 2360 vult
2972 2306 3184 2360 fructus
3211 2305 3458 2358 ecclesia:

1895 2399 2112 2454 oblatos
2148 2400 2426 2468 accipere.
2456 2401 2542 2455 vel
2565 2403 2695 2454 dare
2729 2407 2883 2453 extra
2909 2396 3223 2459 ecclesiam,
3266 2404 3458 2461 praeter

1894 2489 2139 2558 episcopi
2189 2492 2540 2555 sententiam,
2597 2488 2682 2543 vel
2741 2488 2897 2556 ejus,
2946 2485 3034 2538 cui
3097 2498 3230 2537 cura
3270 2498 3456 2536 eorum

1897 2581 2098 2636 tradita
2133 2589 2237 2645 est,
2289 2593 2341 2634 et
2397 2596 2504 2635 non
2546 2595 2670 2634 cum
2731 2579 2852 2648 ejus
2879 2575 3170 2634 .senteutia
3223 2588 3287 2628 ea
3330 2573 3454 2626 velit

1898 2687 2089 2742 agere.
2121 2673 2193 2727 sit
2220 2673 2532 2726 anathema.
2566 2671 2631 2724 Et
2655 2670 2724 2722 7‘2
2772 2667 3111 2737 apostolicus
3142 2679 3317 2720 canon
3344 2663 3458 2716 hac

1895 2764 2008 2818 ait:
2039 2763 2095 2816 Si
2128 2765 2254 2833 quis
2277 2764 2532 2822 clericus.
2568 2761 2650 2816 vel
2687 2761 2882 2820 laicus,
2929 2773 2957 2811 a
2994 2765 3183 2810 sancta
3225 2755 3456 2808 ecclesia

1897 2867 2081 2907 ceram
2111 2853 2192 2906 vel
2221 2853 2398 2905 oleum
2443 2849 2672 2913 auferat,
2696 2855 3034 2918 scgregetur.
3080 2847 3142 2900 Et
3189 2846 3257 2898 73
3285 2858 3456 2897 cano:-

1899 2941 2008 2995 ait:
2041 2939 2150 2995 Vas
2177 2955 2425 3003 aureum,
2453 2939 2538 2993 vel
2575 2946 2918 3007 argenteum,
2952 2937 3032 2990 vel
3069 2937 3246 2990 velum
3299 2948 3458 2988 sanc-

1897 3032 2186 3114 tiﬁcatum,
2223 3045 2382 3084 nemo
2411 3029 2645 3098 amplius
2676 3029 2730 3081 in
2766 3042 2926 3081 suum
2957 3041 3116 3080 usum
3143 3033 3452 3079 convertat:

222 3116 433 3168 οἰκείαν
488 3119 682 3184 χρῆσιν
734 3117 1166 3183 σφετεριζέσθω’
1203 3119 1518 3191 παράνομον
1564 3122 1690 3190 γάρ.
1735 3123 1794 3174 El

1898 3123 2002 3178 hoc
2039 3121 2184 3176 enim
2213 3121 2274 3174 lit
2311 3130 2504 3189 praeter
2522 3121 2632 3188 jus,
2674 3129 2728 3173 et
2776 3126 2966 3172 contra
3014 3118 3186 3184 leges.
3243 3116 3300 3171 Si
3332 3116 3457 3185 quis

224 3207 285 3261 δέ
320 3224 410 3268 τις
441 3207 748 3277 φωραθείη,
779 3207 1122 3277 ἐπιτιμᾶσθω
1145 3208 1458 3278 ἀφορισμῷ.
1488 3209 1547 3263 '0
1568 3211 1622 3263 δέ
1646 3211 1675 3263 ι’
1707 3230 1799 3266 κα-

225 3298 332 3350 νὼν
353 3299 454 3366 τῆς
471 3301 527 3350 ἐν
548 3298 625 3367 τῷ
653 3298 765 3367 ναῷ
785 3299 891 3352 τῶν
933 3300 1130 3368 ’Δγίων
1167 3301 1506 3356 ’Δποστόλων
1526 3304 1798 3375 συστάσης

221 3390 608 3456 οίκουμενικῆς
633 3389 795 3455 ἁγίας
818 3389 1058 3455 συνόδου,
1080 3390 1206 3452 τοὺς
1241 3391 1338 3457 μὲν
1358 3391 1795 3455 κοινοποιοῦντας

223 3479 294 3532 τά
337 3477 433 3530 τοῦ
511 3481 753 3548 βήματος
812 3478 931 3548 ἱερά
1002 3478 1318 3549 καθαιρέσει
1357 3481 1795 3534 καθυποϐάλὶειο

223 3573 354 3634 τοὺς
384 3573 440 3624 δέ
470 3572 540 3623 τὰ
569 3571 769 3636 ἔξωθεν
814 3569 908 3624 τοῦ
939 3569 1178 3640 βήματος
1211 3572 1338 3623 ὄντα
1371 3571 1490 3641 ίερά
1519 3576 1685 3643 σκεύη
1717 3575 1800 3636 είς

223 3664 442 3733 ἀνίερον
497 3663 692 3732 χρῆσιν
737 3662 1183 3732 μεταποιοῦντας,
1248 3663 1534 3734 ἀφορίζει·
1571 3667 1694 3728 τοὺς
1742 3667 1800 3721 δέ

225 3755 598 3822 ἁρπάζοντας,
627 3754 702 3818 ὡς
734 3755 1046 3824 ίεροσύλους
1079 3756 1418 3825 κατακρίνει.
1462 3757 1519 3809 Ὀ
1544 3757 1600 3810 δέ
1626 3759 1800 3828 μέγας

226 3845 498 3915 Κύριλλος
522 3847 580 3898 ἐν
612 3848 675 3915 τῇ
706 3845 836 3914 πρὸς
868 3845 1070 3914 Δόμνον
1107 3847 1362 3917 ἐπιστολῇ
1395 3848 1568 3900 ταῦτά
1600 3867 1763 3918 φησιν
1784 3867 1799 3882 ο

227 3937 500 3998 Ἕκαστος
528 3937 685 4005 ἡμῶν
735 3932 842 3988 τῶν
888 3935 1033 3988 ίδίων
1076 3937 1284 4005 καιρῶν
1331 3938 1489 3989 δώσει
1513 3938 1700 4006 λόγους
1723 3939 1801 4010 τῷ

224 4031 448 4083 πάντων
498 4029 697 4099 Κριτῇ.
765 4028 1065 4097 Καμήλων
1119 4030 1217 4098 μὲν
1265 4029 1392 4098 γὰρ,
1435 4031 1528 4082 καὶ
1583 4034 1798 4100 κτήσεις

223 4123 516 4192 ἀκινήτους
580 4121 914 4189 άνεκποίητα
971 4124 1090 4183 ταῖς
1146 4123 1461 4189 ἐκκλησίαις
1526 4124 1800 4187 σώζεσθαι

222 4211 355 4284 χρὴ,
380 4211 695 4281 θαρσεῐσθαι
718 4211 773 4264 δὲ
802 4211 912 4274 τοῖς
964 4213 1105 4264 κατά
1141 4212 1332 4281 καιρὸν
1373 4213 1470 4281 τὴν
1511 4215 1661 4266 θείαν
1719 4215 1800 4267 διο

223 4303 447 4355 ἕπουσιν
473 4299 802 4370 ἱερωσύνην,
826 4298 936 4351 τῶν
960 4301 1419 4368 παραπιπτόντων
1436 4302 1802 4371 ἀναλωμάτων

220 4395 324 4465 τὴν
349 4394 680 4463 οἰκονομίαν.
713 4394 872 4464 Ζήτει
900 4394 990 4445 καὶ
1041 4393 1244 4462 βώλίου
1285 4394 1354 4446 νδ¹
1399 4395 1575 4447 τίτλον
1607 4404 1674 4464 γ’,
1705 4415 1796 4450 κε-

221 4452 454 4554 φάλαιον
486 4452 549 4553 ﬂ".
589 4452 850 4553 Xdptv'a
887 4483 984 4552 τῆς
1010 4452 1328 4552 ὀίρειλούσης
1361 4485 1594 4537 δίδοσθαι
1617 4452 1793 4538 ’ποσό-
1827 4452 1872 4508 D

218 4591 384 4644 τητος
403 4575 541 4644 ὑπὲρ
576 4574 860 4626 κανονικοῦ
902 4565 1053 4642 παρᾶ
1098 4575 1464 4637 κοινολαῐτῶν,
1489 4578 1535 4627 οί
1569 4577 1792 4640 κανόνες

224 4664 326 4733 μὲν
354 4663 507 4716 οὐδέν
535 4680 586 4716 τι
612 4663 956 4730 διορίζονται,
978 4666 1306 4732 πρόσταγμα
1335 4664 1391 4716 δὲ
1418 4664 1511 4716 τοῦ
1546 4667 1791 4735 ἀοιδίμου

223 4748 491 4823 βασιλέως
526 4753 737 4805 ἐκείνου
798 4753 986 4821 κυρίου
1042 4754 1309 4805 ’ῐσαακίου
1349 4753 1441 4806 τοῦ
1507 4757 1790 4826 Κομνηνοῦ

221 4846 493 4899 ὑποτυποί
526 4845 696 4897 πολλά
725 4863 844 4896 τινα
877 4842 1112 4896 δίδοσθαι
1148 4846 1256 4906 τοῖς
1287 4846 1603 4910 ἐπισκόποις
1636 4850 1784 4916 παρά

217 4935 331 4988 τῶν
357 4938 414 4987 ἐν
443 4936 562 4996 ταῖς
596 4934 836 5002 ἐνορίαιςι
852 4934 1027 4986 αὐτῶν
1063 4935 1532 5005 προσκαθημένων
1561 4937 1782 4993 λαῖκῶν.

233 5021 391 5075 Ἐπεὶ
446 5019 502 5073 δὲ
553 5023 587 5090 ἡ
636 5022 743 5073 τῶν
778 5022 1119 5091 πραγμάτων
1166 5024 1448 5095 ἀνωμαλία
1484 5029 1575 5080 καὶ
1610 5029 1784 5082 ἔνδεια

215 5113 320 5184 τὴν
352 5112 557 5166 τούτων
600 5111 870 5179 ἐκάλυψεν
915 5113 1264 5166 ὑποτύπωσιν
1307 5116 1786 5189 (πολλοστημόριον

220 5207 332 5273 γάρ
355 5221 439 5266 τις
473 5203 654 5258 αὐτῶν
690 5203 751 5256 οὐ
790 5203 972 5255 δίδωσι
1025 5204 1159 5275 πρὸς
1209 5206 1551 5277 ἐπίσκοπον),
1594 5212 1791 5281 ἀρκού-

225 5297 368 5366 μεθα
392 5299 458 5364 τῇ
502 5294 761 5365 συνηθείᾳ
795 5297 889 5350 καὶ
925 5297 1242 5366 προαιρέσει
1269 5300 1376 5350 τῶν
1407 5301 1678 5356 διδόντων.

1900 3225 2079 3271 autem
2110 3215 2482 3284 deprehensus
2511 3212 2700 3274 fuerit.
2731 3197 3011 3267 multetur.
3047 3211 3236 3266 Canon
3274 3222 3457 3264 autem

1898 3305 2146 3360 decimus
2175 3303 2527 3358 mcumeuicae
2551 3309 2751 3356 sancte
2783 3300 2994 3370 synodi,
3035 3307 3373 3368 congregata
3403 3299 3458 3351 in

1900 3394 2104 3462 templo
2160 3391 2490 3446 Sanctorum
2561 3387 2992 3457 Apostolorum.
3049 3401 3144 3440 eos
3216 3385 3460 3453 quidem,

1899 3484 1992 3554 qui
2019 3484 2209 3537 altaris
2229 3497 2386 3538 sacra
2405 3480 2807 3543 contaminant,
2834 3478 3166 3548 depositioni
3205 3477 3420 3544 subjicit
3443 3495 3455 3526 :

1899 3591 1996 3632 eos
2027 3588 2232 3640 autem,
2267 3575 2359 3643 qui
2395 3583 2550 3627 extra
2581 3572 2755 3625 altare
2783 3570 3104 3625 exsislentia
3125 3582 3283 3622 sacra
3335 3583 3459 3620 vasa

1900 3667 1956 3722 in
1998 3666 2289 3736 profanum
2347 3679 2509 3717 usum
2560 3669 2917 3724 convertunt,
2978 3660 3457 3715 excommunicat:

1904 3773 2001 3812 eos
2034 3772 2186 3822 vero,
2211 3756 2301 3824 qui
2326 3753 2608 3824 diripiunt,
2663 3760 2723 3806 ut
2756 3751 3057 3819 sacrilegos
3110 3749 3458 3804 condemnat.

1899 3847 2072 3904 Porro
2097 3861 2328 3917 magnus
2375 3845 2614 3914 Cyrillus
2671 3843 2726 3896 in
2785 3841 3013 3912 epistola
3087 3840 3152 3895 ad
3193 3840 3458 3896 Domuum

1900 3940 2128 4010 scripta,
2157 3939 2271 3994 base
2289 3938 2366 3992 ait
2391 3953 2406 3991 :
2431 3935 2824 4006 Unusquisque
2844 3941 3097 3988 nostrum
3117 3931 3460 4001 propriorum

1902 4042 2204 4101 temporum
2272 4030 2514 4085 rationes
2566 4026 2760 4083 reddet
2823 4023 3004 4080 Judici
3060 4023 3330 4078 omnium.
3365 4019 3465 4073 Va-

1901 4138 2086 4178 sorum
2108 4123 2255 4176 enim
2289 4123 2601 4182 thesauros.
2634 4127 2688 4175 et
2720 4117 3101 4188 possessiones
3133 4114 3459 4172 immobiles.

1901 4213 2282 4270 inalienabiles
2351 4212 2602 4267 ecclesiis
2676 4210 2994 4266 conservari
3075 4216 3324 4275 oportet:
3396 4203 3464 4256 iis

1902 4315 2105 4369 autem,
2139 4304 2232 4372 qui
2269 4317 2364 4372 per
2399 4311 2617 4371 tempus
2651 4301 2836 4355 divino
2876 4299 3179 4367 funguntur
3209 4293 3468 4349 sacerdo-

1902 4395 2002 4458 tio,
2073 4391 2608 4445 administrationem
2682 4396 2996 4457 sumptuum
3066 4383 3462 4452 erogandorum

1901 4484 2101 4539 liducia
2128 4483 2410 4551 praeditam
2444 4496 2565 4536 esse
2594 4489 2641 4533 ⁸.
2685 4481 2878 4545 Quare
2907 4485 2960 4532 et
3001 4475 3124 4530 libri
3165 4474 3251 4535 54,
3293 4474 3377 4525 tit.
3407 4474 3460 4527 ’5.

1900 4592 2020 4644 cap.
2056 4576 2112 4628 2.
2150 4574 2225 4629 De
2252 4575 2559 4643 quantitate
2607 4580 2812 4634 autem,
2870 4583 2992 4639 qua:
3026 4582 3123 4636 pro
3171 4563 3467 4619 canooario

1899 4669 2074 4722 danda
2095 4678 2179 4724 est
2207 4681 2236 4720 a
2273 4666 2498 4734 plebeiis
2532 4674 2583 4730 7,
2617 4677 2859 4718 canones
2919 4661 3141 4731 quidem
3178 4657 3308 4710 nihil
3338 4657 3466 4708 deli-

1900 4760 2096 4812 nittnt:
2162 4773 2349 4812 verum
2407 4756 2586 4826 iussio
2641 4755 2825 4826 inclyti
2897 4754 3240 4822 imperatoris
3297 4753 3464 4814 illius,

1893 4851 2098 4906 domini
2121 4848 2310 4902 lsaaeii
2331 4847 2618 4909 Coroneni,
2645 4845 2874 4900 formam
2897 4843 3147 4913 designat
3169 4843 3462 4894 multorum

1893 4939 2286 5008 quorumdam,
2323 4951 2444 5005 qua:
2468 4936 2742 5005 episcopis
2807 4935 3009 4988 dantur
3059 4947 3086 4985 ο
3148 4933 3321 4996 Inicis,
3373 4948 3463 5001 qut

1893 5031 2053 5086 sedes
2075 5031 2127 5083 in
2158 5045 2353 5083 eorum
2372 5028 2705 5083 dioecesibus
2730 5027 3082 5082 stabilierunt
3116 5035 3164 5077 ι.
3196 5023 3462 5088 Quoniam

1899 5133 2079 5175 antem
2121 5135 2302 5175 rerum
2338 5118 2717 5189 irrcgularitas
2757 5126 2810 5171 et
2863 5116 3239 5186 indulgentia!
3274 5115 3464 5168 horum

1897 5214 2194 5268 occultavit
2218 5212 2643 5280 descriptionem
2683 5209 3071 5280 (rnultesimam
3107 5207 3251 5260 enim
3277 5221 3462 5260 eorum

1901 5311 2107 5372 partem
2141 5303 2400 5371 episcopo
2431 5304 2522 5355 dat
2548 5300 2757 5360 nemo).
2790 5299 3032 5352 contenti
3086 5311 3275 5350 sumus
3332 5311 3462 5350 cou-

1904 5395 2214 5457 suetudine,
2248 5405 2294 5446 et
2333 5395 2578 5447 dantium
2624 5391 2970 5444 liberalitate.

1500 5506 1730 5562 VARI/1".
1773 5511 2177 5570 LECTIONES.

295 5598 319 5624 υ
344 5602 462 5661 qua;
493 5589 699 5661 nomine
729 5589 1162 5643 dislributionum
1195 5595 1512 5661 spiritu/imit
1539 5601 1790 5654 ecclesiis.

221 5672 338 5736 εφη
367 5656 584 5738 ,Ῑίίίζλεξξέ
619 5661 897 5738 εοηυηίιίξ·
975 5667 1144 5738 ῗίίῑιω
1199 5656 1438 5718 τ’(ιηοηίσὶ
1488 5672 1692 5724 umninc
1737 5656 2184 5738 pra’slaitdawestv

219 5729 314 5777 riis
344 5727 634 5780 domicilia.
715 5743 736 5765 υ
778 5739 823 5780 cl
851 5730 1053 5793 iuopiw.

1906 5613 1930 5639 ν
1967 5609 2186 5659 siceram
2224 5607 2510 5673 familiam,
2560 5605 2632 5656 rel
2669 5603 2916 5670 gallinas.
2949 5672 2954 5673 ν
3028 5616 3049 5641 ι
3083 5598 3464 5673 erogandoram

2530 5686 2547 5710 ι
2583 5669 2677 5741 qui
2702 5673 2894 5725 habens
2940 5672 2991 5723 in
3023 5688 3200 5724 eorum
3260 5669 3460 5723 terrilo-
