4004 6444
591 340 626 401 .i
643 336 740 396 90.7

597 566 706 616 tus,
743 564 794 607 et
851 571 944 622 per
977 557 1080 609 vim
1129 559 1482 615 orthodoxam
1544 564 1698 616 Iidem
1753 566 2017 632 ejuratus,
2077 581 2139 619 ac

597 646 973 707 circumcisus,
996 648 1202 715 absque
1237 650 1639 704 intermissione
1680 651 1790 706 fere
1843 653 2086 706 immund
2113 683 2137 694 -

598 732 725 784 tiem
783 733 958 798 deﬂet,
1014 745 1065 789 et
1125 737 1261 790 clam
1321 754 1442 792 cum
1505 740 1818 795 orthodoxis
1864 742 2136 805 convenit,

597 823 919 892 invocatque
945 829 1194 881 salutem.
1230 827 1366 893 Quia
1396 838 1575 884 autem
1610 831 1726 884 vult
1770 841 2139 886 sacramento-

598 925 716 961 rum
761 912 873 963 lieri
924 916 1222 984 particeps,
1268 917 1584 984 quaerimus,
1635 918 1764 988 quid
1807 919 1880 974 sit
1939 918 2140 972 facien-

597 999 743 1052 dum.

668 1088 822 1158 Resp.
866 1091 1199 1147 Certantium
1247 1104 1373 1150 sunt
1431 1112 1664 1163 coronae,
1696 1110 1745 1152 et
1771 1100 2032 1154 Dominus
2075 1115 2139 1154 ac

627 1186 739 1231 reus
775 1188 960 1232 noster
989 1180 1145 1235 Jcsus
1178 1181 1466 1238 Christus:
1505 1186 1559 1238 Si
1592 1188 1712 1253 quis
1761 1203 1845 1241 me
1877 1190 2138 1242 confitea-

626 1283 685 1319 ur
707 1308 720 1330 ,
748 1269 920 1337 inquit
941 1310 958 1333 ,
989 1286 1168 1323 coram
1223 1273 1534 1329 hominibus
1560 1315 1573 1338 ,
1608 1285 1657 1329 et
1697 1291 1796 1344 ego
1844 1278 2141 1331 conﬁtebor

598 1373 721 1410 eum
749 1373 931 1411 coram
965 1359 1121 1414 Patre
1151 1376 1292 1424 meo,
1329 1366 1418 1430 qui
1468 1366 1520 1416 in
1561 1366 1718 1418 caelis
1761 1375 1866 1420 est.
1901 1367 2139 1418 immun-

595 1444 723 1498 dum
781 1461 910 1514 ergo
964 1463 1078 1509 vas,
1131 1450 1196 1502 ad
1241 1453 1642 1518 susceptionem
1697 1455 1978 1521 unguenti,
2033 1469 2138 1522 qua

599 1535 798 1588 mentis
856 1536 1182 1592 alienatione
1222 1541 1569 1606 admittetur?
1616 1541 1976 1606 Quamobrem
2011 1559 2141 1597 con-

595 1622 917 1676 solationem
945 1625 1162 1692 quidem
1195 1627 1581 1696 episcopicam,
1614 1639 1668 1683 et
1713 1631 1859 1685 aliud
1891 1633 2139 1701 Spiritale

594 1710 920 1779 colloquium
949 1713 1036 1767 ille
1079 1716 1156 1768 sic
1211 1719 1504 1782 paenitens,
1543 1729 1594 1774 et
1645 1721 1784 1774 bona
1831 1724 2137 1777 mutatione

597 1799 794 1852 mutari
836 1803 1044 1864 volens,
1076 1808 1503 1870 promcrebitur;
1563 1810 1654 1861 sed
1709 1813 1912 1865 sanctis
1959 1827 2140 1866 sacra-

594 1894 791 1944 mentis
817 1893 1012 1961 dignus
1032 1911 1138 1948 non
1164 1897 1469 1950 habebitur.
1494 1899 1658 1952 Debet
1679 1902 1820 1954 enim
1843 1902 2138 1971 impietatis

596 1984 784 2037 sordes
812 1985 1051 2048 abluere,
1085 1996 1135 2039 et
1165 1988 1235 2039 ita
1260 1989 1467 2042 admitti
1493 2007 1508 2042 :
1534 1999 1583 2044 ct
1621 2000 1744 2058 post
1778 1994 2137 2059 praestitutum

596 2083 809 2144 tempus
835 2087 1033 2131 sanctae
1084 2081 1246 2134 etiam
1278 2081 1787 2138 communicationis
1847 2084 1936 2139 ﬂet
1969 2086 2139 2154 parti-

595 2178 742 2232 ceps.

666 2250 861 2306 lnterr.
924 2254 1012 2308 59.
1056 2254 1382 2311 Vicanorum
1438 2260 1606 2314 turba:
1660 2275 1805 2326 eum,
1861 2263 1952 2330 qui
2008 2262 2140 2332 ipsis

594 2343 809 2395 videtur
835 2358 954 2397 esse
982 2344 1178 2412 dignus
1221 2349 1532 2417 episc0pali,
1560 2350 1642 2404 vel
1687 2351 2015 2405 sacerdotali
2057 2351 2134 2404 di-

600 2433 828 2500 gnitate,
859 2435 989 2487 mihi
1031 2437 1316 2501 exhibent;
1353 2448 1645 2507 petuntque
1677 2449 1734 2493 ut
1783 2442 1898 2495 sine
1924 2440 2138 2509 repulsa

601 2525 943 2577 renuntietur
973 2525 1367 2595 ordineturque
1397 2528 1659 2596 pontifex.
1713 2537 1808 2584 aut
1856 2530 2134 2592 sacerdos,

598 2611 679 2662 vel
742 2612 1024 2666 diaconus.
1083 2612 1275 2677 Qumro
1338 2617 1533 2684 igitur,
1593 2633 1659 2671 an
1713 2619 2138 2675 acclamationes

599 2701 780 2768 populi
807 2703 955 2770 sequi
993 2706 1282 2770 compellar
1305 2706 1354 2756 δ.

669 2787 820 2855 Resp.
861 2789 997 2843 Olim
1029 2792 1316 2859 aliquando
1345 2794 1716 2851 ordinationes
1743 2798 2133 2867 episcoporum,

596 2885 648 2928 et
680 2878 1014 2944 reliquorum
1041 2880 1212 2932 sacris
1259 2881 1590 2936 initiatorum
1623 2884 1906 2940 ordinibus
1941 2885 2140 2940 fiebant

596 2984 692 3037 per
719 2970 1033 3024 electionem
1068 2971 1451 3034 multitudinis,
1481 2989 1797 3044 eorumque,
1852 2977 1945 3043 qui
1975 2977 2135 3031 simul

1813 337 1913 395 ἨΞ
1931 336 2087 399 ΞΟΠ.
2118 340 2532 400 -ῘίᾹίλΞΛλίῡΝ
2545 340 2610 398 ις

627 530 630 532 γ
665 463 858 518 Ῑπιτεῖτ.
895 465 981 521 58.
1022 465 1363 524 ()rthodoxus
1395 471 1610 539 quidam
1631 473 1695 525 ab
1719 474 1979 542 Agareuis
2007 489 2130 543 cap-
2167 477 2214 531 Α

3682 335 3725 399 lt
3745 334 3807 396 (ει

2323 474 2516 540 Ἐρὼτ.
2594 480 2694 545 νη’.
2785 472 3086 542 Ὀρθοδοξός
3173 490 3254 532 τις
3344 468 3807 540 αἰχμαλωτισθεὶς

2241 565 2392 630 παρὰ
2437 563 2771 633 Ἀγαρηνῶν,
2825 564 2914 615 καὶ
2945 564 3083 615 κατὰ
3117 563 3235 631 βίαν
3270 563 3367 629 τὴν
3408 561 3695 630 όρθόδοξον
3724 558 3806 609 πί-

2243 668 2358 702 στιν
2407 652 2824 718 ὲξομοσάμενος,
2857 652 2949 703 καὶ
3003 651 3381 719 περιτμηθεὶς,
3406 643 3804 714 διόλου’σχεδὸν

2238 742 2336 810 τὴν
2367 742 2703 812 ἀκαθαρσίαν
2740 742 3115 807 ἀποκλαίεται,
3154 741 3247 793 καὶ
3296 741 3433 809 μετὰ
3460 741 3570 791 τῶν
3596 739 3806 807 690656-

2242 830 2344 894 ξων
2381 830 2650 898 λαθραίως
2684 832 3018 898 συνέρχεται,
3046 833 3134 882 καὶ
3170 829 3266 897 τὴν
3295 829 3572 896 σωτηρίαν
3602 829 3804 880 ἀνακα-

2241 919 2428 970 λεῖται.
2476 919 2626 970 Ἐπεὶ
2663 918 2718 969 δὲ
2751 918 2922 969 ἐθέλει
2954 917 3045 969 καὶ
3076 919 3183 969 τῶν
3229 918 3594 984 ἁγιασμὰτων
3649 934 3806 984 μετα-

2240 1008 2559 1075 λαμϐάνειν,
2589 1006 2855 1076 ζητοῦμεν
2881 1008 2940 1060 τὸ
2964 1009 3210 1075 ποιητέον
3242 1007 3456 1074 μαθεῖν.

2323 1096 2524 1148 Ἀπόκ.
2556 1095 2674 1146 Τῶν
2699 1096 3108 1164 ἀγωνιζομένων
3139 1097 3275 1146 είσὶν
3315 1097 3361 1144 οἱ
3399 1094 3684 1159 στέφανοι,
3718 1093 3804 1143 καὶ

2243 1187 2268 1237 6
2299 1185 2495 1254 Κύριος
2529 1185 2619 1236 καὶ
2639 1185 2768 1245 Θεὸς
2799 1185 2949 1252 ἡμῶν
2985 1185 3189 1250 Ἰησοῦς
3225 1184 3485 1252 Χριστός.
3539 1183 3606 1234 Εἴ
3635 1182 3716 1241 τίς
3743 1199 3805 1248 με

2241 1275 2581 1341 ὁμολογήσει,
2615 1274 2795 1340 φησὶν,
2831 1274 3134 1341 ἔμπροσθεν
3163 1274 3267 1324 τῶν
3297 1273 3632 1340 ἀνθρώπων,
3660 1272 3806 1336 κάγὼ

2241 1363 2553 1432 ὁμολογήσω
2576 1362 2734 1413 αὑτὸν
2789 1363 3095 1430 ἔμπροσθεν
3131 1362 3221 1414 τοῦ
3251 1362 3462 1430 Πατρός
3503 1379 3608 1429 μου
3638 1359 3805 1412 τοῦὲν

2241 1454 2506 1519 οὐρανοῖς.
2549 1452 2879 1520 ’Λκάθαρτον
2935 1451 3062 1516 γοῦν
3110 1454 3328 1517 ἀγγεῖον
3359 1450 3494 1520 πρὸς
3539 1450 3805 1517 ὑποδῡχὴν

2246 1540 2413 1610 μύρου
2449 1539 2561 1600 πῶς
2592 1541 3083 1609 παραφρονούντως
3120 1541 3441 1609 δεχθήσεται
3471 1557 3484 1602 ;
3535 1541 3629 1591 Διὸ
3673 1558 3807 1609 παρ-

2242 1631 2464 1698 ηγορίας
2519 1631 2615 1698 μὲν
2642 1611 3022 1698 ’ἐπισκοπικῆς
3077 1631 3170 1682 καὶ
3217 1631 3382 1698 ἄλλης
3425 1630 3804 1697 πνευματικῆς

2242 1718 2475 1786 ὁμιλίας,
2528 1719 2556 1768 6
2606 1717 2746 1769 οὕτω
2805 1719 3096 1786 μετανοῶν,
3151 1720 3245 1771 καὶ
3293 1719 3393 1787 τὴν
3433 1719 3608 1785 καλὴν
3642 1720 3805 1771 θέλων

2241 1806 2592 1875 ἀλλοιωθῆναι
2627 1806 2925 1869 ἀλλοίωσιν,
2961 1808 3319 1874 ἀξιωθήσεται
3343 1824 3357 1837 ·
3410 1807 3519 1858 τῶν
3546 1807 3602 1858 δὲ
3637 1808 3804 1873 ἁγίων

2244 1897 2555 1966 μυστηρίων
2605 1897 2701 1948 οὐκ
2738 1897 3118 1964 ἀξιωθήσεται.
3145 1898 3418 1965 Πρότερον
3453 1897 3564 1966 γὰρ
3603 1899 3802 1965 ὀφείλει

2239 1987 2338 2054 τῆς
2377 1987 2624 2048 ἀσεϐείας
2658 1987 2752 2056 τὴν
2789 1987 3084 2056 βεϐήλωσιν
3103 1988 3489 2052 ἀπονίψασθαι,
3519 1988 3802 2048 καὶοῦτως

2239 2075 2491 2145 δεχθῆναι
2517 2091 2529 2104 ⁶
2575 2076 2665 2127 καὶ
2724 2077 2859 2143 μετὰ
2894 2075 2982 2126 τὸν
3035 2075 3438 2143 νενομισμένον,
3483 2076 3676 2142 καιρὶν
3715 2075 3800 2126 καὶ

2237 2165 2336 2235 τῆς
2367 2166 2527 2230 ἁγίας
2567 2164 2913 2233 μεταλήψεως
2942 2167 3224 2231 γενήσεται
3259 2166 3504 2232 μέτοχος.

2321 2256 2509 2321 Ἐρώτ.
2545 2256 2641 2308 νθ’.
2677 2254 2860 2322 Πλὴθη
2911 2254 3177 2322 χωριτικὰ
3226 2253 3317 2305 τὸν
3365 2254 3633 2306 δοκοῦντα
3675 2251 3797 2305 τού-

2242 2362 2350 2407 τοις
2377 2345 2521 2408 ἄξιον
2557 2341 2692 2398 εἶναι
2729 2346 2864 2415 πρὸς
2907 2343 3119 2410 ἀξίωμα
3169 2346 3527 2397 ἐπισκοπικὺν
3572 2345 3607 2414 ἢ
3657 2348 3799 2412 ἱερα-

2241 2437 2387 2489 τικὸν
2418 2437 2719 2506 παριστῶσί
2751 2453 2839 2504 μοι
2863 2449 2878 2465 ο
2912 2436 3003 2487 καὶ
3033 2434 3252 2503 ζητοῦσι
3305 2435 3448 2485 κατὰ
3475 2435 3533 2485 τδ
3564 2436 3799 2501 ἀπαραί-

2240 2544 2398 2598 τητον
2420 2526 2850 2596 ὲπικηρυχθῆναι
2878 2524 2971 2577 καὶ
3029 2523 3473 2592 χειροτονηθῆναι
3515 2526 3796 2592 ἀρχιερέα,

2238 2620 2270 2688 ἢ
2301 2617 2562 2672 διάκονον.
2605 2616 2758 2684 Ζητῶ
2783 2617 2956 2666 τοίνυν
2996 2613 3183 2682 μαθεῖν
3236 2617 3284 2664 εί
3315 2617 3435 2675 ταῖς
3467 2619 3673 2681 φωναῖς
3696 2617 3799 2668 τῶν

2238 2710 2405 2780 ὔχλων
2429 2707 2845 2775 ἀναγκαζόμεθα
2874 2705 3311 2758 κατακολουθεῖν.

2321 2803 2438 2852 Ἀπ.
2461 2799 2641 2850 Πάλαι
2665 2797 2791 2849 ποτὲ
2816 2797 2870 2848 ai.
2897 2795 3218 2865 χειροτονίαι
3237 2794 3346 2846 τῶν
3375 2794 3698 2847 ἐπισκόπων
3713 2795 3799 2846 καὶ

2237 2888 2346 2939 τῶν
2382 2887 2582 2938 λοιπῶν
2633 2887 2943 2955 ἱερωμένων
2977 2886 3042 2935 δι’
3095 2883 3353 2950 ὲπιλογῆς
3384 2883 3480 2935 τοῦ
3519 2885 3678 2951 ὄχλου
3709 2887 3799 2936 καὶ

2238 2979 2346 3031 τῶν
2377 2975 2952 3046 παραδυναστευόντων
2975 2973 3208 3040 ἐγίνοντο
3233 2992 3243 3002 ·
3275 2975 3302 3025 6
3322 2973 3378 3024 δὲ
3402 2981 3469 3040 ιγ’
3498 2975 3679 3025 κανὼν
3706 2977 3801 3042 τῆς

597 3060 955 3126 imperabant.
990 3059 1237 3113 Decimus
1279 3063 1469 3115 tertius
1518 3073 1694 3117 autem
1727 3079 1898 3118 canon
1945 3065 2138 3119 Laodi-

2241 3071 2296 3121 ἐν
2330 3065 2617 3134 Λαοδικείᾳ
2648 3065 2885 3125 συνόδου,
2921 3065 3012 3115 καὶ
3043 3063 3070 3114 6
3097 3062 3144 3127 γ’
3169 3061 3347 3114 κανὼν
3382 3063 3484 3130 τῆς
3514 3063 3683 3129 ἁγίας
3708 3064 3802 3114 καὶ

596 3163 744 3200 cenae
789 3149 1000 3217 synodi,
1047 3159 1096 3201 et
1141 3149 1176 3202 3
1226 3164 1395 3204 canon
1444 3165 1644 3206 sancta:
1691 3164 1742 3206 et
1785 3157 2135 3212 mcumenicaa

595 3237 626 3289 7
661 3240 865 3306 synodi,
905 3239 1205 3305 huiusmodi
1251 3242 1618 3296 ordinationes
1662 3244 1726 3296 ab
1768 3247 2134 3302 ecclesiastico

599 3328 782 3394 rejecit
821 3336 981 3382 statu.
1012 3329 1104 3384 llle
1143 3331 1284 3383 enim
1335 3332 1428 3394 ait,
1482 3333 1652 3388 turbis
1705 3350 1809 3388 non
1861 3351 1980 3390 esse
2011 3353 2134 3406 per-

598 3419 915 3472 mittendum
947 3434 1150 3483 eorum,
1183 3422 1271 3488 qui
1307 3432 1432 3476 sunt
1485 3425 1536 3476 in
1576 3426 1881 3481 sacerdotio
1934 3430 2136 3482 consti-

596 3507 808 3570 tuendi,
841 3507 1161 3563 electionem
1201 3510 1398 3563 facere.
1451 3511 1543 3565 ilic
1572 3520 1748 3567 antem
1787 3518 2132 3581 pronuntiat:

597 3599 820 3650 Omnem
852 3598 1189 3662 eiectionem,
1249 3615 1366 3668 qua:
1400 3602 1455 3654 iit
1497 3617 1523 3654 a
1557 3603 1979 3671 magistratibus,
2021 3608 2137 3674 epi-

596 3687 771 3754 scopi,
806 3689 887 3742 vel
919 3690 1238 3768 presbyteri,
1264 3691 1345 3745 vel
1374 3691 1608 3756 diaconi,
1641 3694 1846 3747 irritam
1878 3711 2130 3752 manere:

595 3792 660 3828 ex
688 3791 892 3831 canone
929 3779 1159 3841 dicente,
1195 3778 1248 3832 Si
1283 3782 1404 3848 quis
1462 3783 1746 3851 episcopus
1781 3787 2134 3841 saecularibus

599 3868 999 3935 magistratibus
1037 3885 1186 3934 usus,
1221 3887 1316 3940 per
1346 3887 1439 3925 eos
1491 3873 1773 3926 ecclesiam
1816 3875 2132 3938 obtinuerit,

596 3955 896 4022 deponatur
920 3996 934 4020 ,
967 3966 1018 4010 et
1061 3970 1408 4028 segregetur,
1450 3969 1501 4013 et
1535 3977 1722 4016 omnes
1775 3963 1863 4031 qui
1922 3979 2043 4017 cum
2072 3981 2136 4020 eo

597 4046 1020 4099 communicant.
1057 4045 1273 4115 Oportet
1303 4051 1442 4102 enim
1469 4066 1613 4112 eum,
1643 4053 1734 4118 qui
1793 4060 1873 4105 est
1921 4069 2137 4121 promo-

597 4133 805 4187 vendus
828 4133 893 4187 ad
920 4135 1311 4204 episcopatum,
1341 4138 1407 4190 ab
1430 4140 1694 4207 episcopis
1739 4141 1861 4206 eligi
1884 4183 1896 4198 .
1948 4154 2138 4207 quem-

596 4222 884 4276 admodum
921 4238 949 4275 a
975 4226 1180 4277 sanctis
1204 4222 1470 4298 'Patribus
1500 4225 1672 4279 Nicea:
1724 4226 1999 4280 decretum
2035 4235 2136 4290 est,

599 4312 651 4363 in
686 4327 894 4366 canone
926 4314 1017 4381 qui
1054 4313 1218 4366 dicit:
1268 4314 1590 4387 Episcopum
1636 4324 1850 4383 oportet
1906 4318 2138 4370 maxime

2235 3155 2612 3224 οίκουμενικῆς
2666 3152 2710 3215 ζ’
2745 3153 2957 3206 συνόδου
2981 3192 2995 3216 ,
3039 3153 3133 3212 τὰς
3171 3152 3426 3213 τοιαύτας
3464 3153 3798 3220 χειροτονίας

2238 3245 2344 3297 ἀπὸ
2377 3247 2474 3314 τῆς
2505 3243 2962 3312 ἐκκλησιαστικῆς
2997 3243 3342 3304 ἀπεξένωσαν
3381 3242 3798 3300 καταστάσεως.

2250 3335 2306 3387 Ὀ
2348 3336 2444 3404 μὲν
2465 3334 2572 3404 γάρ
2600 3350 2731 3401 φησι
2759 3333 2885 3400 περὶ
2917 3331 3006 3383 τοῦ
3032 3332 3104 3399 μὴ
3134 3330 3310 3398 ὖχλοις
3353 3331 3680 3396 ἐπιτρέπειν
3709 3329 3801 3389 τὰς

2237 3424 2462 3491 ἐκλογὰς
2509 3422 2775 3475 ποιεῖσθαι
2810 3420 2919 3472 τῶν
2963 3420 3263 3487 μελλόντων
3312 3418 3682 3471 καθίστασθαι
3726 3421 3801 3478 είς

2240 3515 2530 3582 ἱερατεῖον·
2570 3512 2598 3562 6
2631 3511 2687 3562 δὲ
2732 3508 2902 3562 ταῦτα
2932 3507 3170 3570 διέξεισι,
3204 3507 3392 3558 Πᾶσαν
3442 3507 3629 3573 ψῆφον
3661 3523 3798 3572 γινο-

2242 3603 2408 3673 μένην
2436 3600 2584 3671 παρὰ
2611 3600 2719 3652 τῶν
2740 3600 3035 3667 ἀρχόντων,
3064 3598 3387 3660 ἐπισκόπου,
3427 3596 3459 3664 ἢ
3499 3597 3801 3664 πρεσϐυτέ-

2241 3707 2354 3758 ρου,
2385 3691 2415 3757 ἢ
2440 3687 2710 3750 διακόνου,
2742 3687 2942 3755 ἄκυρον
2971 3685 3170 3752 μένειν,
3202 3683 3340 3736 κατὰ
3370 3685 3462 3734 τὸν
3485 3686 3693 3736 κανόνα
3712 3684 3801 3734 τὸν

2236 3779 2478 3846 λέγοντα.
2513 3778 2580 3830 Εἴ
2601 3794 2684 3838 τις
2707 3776 2997 3837 ἐπίσκοπος
3024 3776 3301 3843 κοσμικοϊς
3332 3773 3565 3842 ἄρχουσι
3596 3773 3803 3842 χρησό-

2241 3885 2418 3936 μενος,
2448 3866 2513 3919 δι’
2537 3866 2712 3920 αὐτῶν
2726 3866 2995 3934 ἐγκρατὴς
3021 3864 3313 3932 ἐκκλησίας
3334 3852 3793 3931 γένηταιξκαθαι-

2243 3957 2436 4027 ρείσθω
2483 3956 2574 4007 καὶ
2628 3954 2989 4024 ἀφοριζέσθω,
3029 3955 3123 4006 καὶ
3149 3955 3197 4005 oi
3242 3952 3636 4012 κοινωνοῦντες
3658 3950 3806 4018 αὐτῷ

2241 4047 2462 4107 πάντες.
2488 4047 2578 4096 Δεῖ
2594 4045 2700 4113 γὰρ
2727 4045 2816 4095 τὸν
2842 4043 3105 4111 μέλλοντα
3127 4042 3560 4111 προδιδάξεσθαι
3589 4043 3670 4103 είς
3693 4043 3808 4092 ἐπι-

2241 4137 2467 4203 σκοπὴν,
2523 4134 2626 4187 ὑπδ
2668 4133 2980 4185 ἐπισκόπων
3031 4131 3393 4200 ψηφίζεσθαιο
3467 4131 3654 4192 καθὼς
3714 4132 3804 4182 καὶ

2243 4225 2392 4293 παρὰ
2425 4222 2536 4283 τῶν
2559 4221 2728 4288 ἁγίων
2789 4221 3046 4290 Πατέρων
3083 4218 3190 4271 τῶν
3228 4222 3283 4271 ἐν
3308 4219 3518 4288 Νικαίᾳ
3547 4219 3802 4288 ὥρισται,

2242 4317 2297 4366 ἐν
2316 4315 2392 4380 τῷ
2427 4311 2608 4364 κανόνι
2641 4310 2717 4378 τῷ
2738 4310 2972 4376 λέγοντι,
3027 4310 3356 4361 Ἐπίσκοπον
3402 4311 3674 4378 προσήκει
3703 4306 3806 4377 μά-

599 4400 812 4468 quidem
843 4402 909 4455 ab
932 4403 1200 4468 omnibus,
1237 4386 1481 4471 quisunt
1512 4405 1564 4457 in
1602 4405 1896 4471 provincia,
1926 4406 2134 4458 consti-

2242 4405 2397 4456 λιστα
2420 4403 2515 4472 μὲν
2544 4401 2644 4453 ὑπὸ
2677 4401 2889 4453 πάντων
2923 4399 3029 4451 τῶν
3059 4403 3115 4450 ἐν
3162 4402 3226 4466 τῇ
3267 4399 3512 4466 ἐπαρχίᾳ
3543 4399 3803 4450 καθίστα-

604 4492 717 4542 ttti:
761 4490 807 4544 si
870 4502 1049 4543 autem
1107 4493 1204 4543 hoc
1277 4492 1488 4545 dillicile
1540 4493 1723 4554 fuerit,
1784 4494 1864 4546 vel
1921 4503 2138 4562 propter

605 4585 886 4646 urgentem
927 4579 1329 4641 necessitatem,
1390 4579 1468 4630 vel
1503 4589 1718 4646 propter
1769 4582 1866 4633 viae
1900 4581 2137 4649 longitu-

600 4669 802 4729 dinem,
831 4678 939 4722 tres
962 4668 1180 4721 omnino
1198 4667 1380 4720 eodem
1406 4669 1810 4730 convenientes,
1831 4669 1897 4721 iis
1925 4685 2139 4738 quoque

599 4759 689 4824 qui
718 4758 941 4818 absunt,
975 4759 1131 4810 simul
1158 4758 1471 4826 sutiragium
1507 4758 1824 4820 ferentibus,
1863 4766 1916 4810 et
1952 4773 2140 4813 assen-

598 4845 856 4900 tientibus
910 4856 1004 4914 per
1069 4847 1309 4908 litteras,
1353 4856 1477 4900 tunc
1545 4847 1722 4900 facere
1793 4847 2137 4900 electionem.

601 4935 796 4990 Eorum
839 4947 1038 4999 autem,
1099 4952 1216 5004 qua:
1270 4951 1297 4988 a
1360 4952 1416 4990 se
1474 4937 1624 5000 ﬁunt,
1676 4936 2137 4991 conﬁrmationem

602 5026 730 5079 dare
777 5027 1067 5094 unicuique
1115 5027 1545 5094 metropolitano.

674 5114 864 5169 lnterr.
898 5116 985 5170 60.
1017 5116 1193 5170 Liheri
1218 5133 1281 5170 ex
1312 5119 1565 5172 secundis
1612 5120 1812 5186 nuptiis
1845 5124 2137 5188 procreati,

600 5218 650 5260 et
687 5207 778 5275 qui
809 5222 869 5258 ex
903 5208 1134 5270 ancillis,
1173 5223 1234 5261 ac
1268 5209 1615 5271 concubinis,
1654 5210 1956 5264 sacerdotio
1988 5212 2136 5280 digni

600 5295 1003 5365 iudicabuntur,
1039 5299 1257 5351 annon?

672 5389 819 5456 Resp.
844 5389 1210 5443 Secundarum
1244 5389 1550 5457 nuptiarum
1587 5390 1736 5443 liberi
1761 5389 1902 5443 nulla
1929 5391 2137 5444 ratione

2247 4494 2371 4546 σθαι
2393 4509 2405 4522 ·
2437 4493 2483 4543 εί
2506 4492 2560 4542 δὲ
2585 4491 2840 4557 δυσχερὲς
2869 4491 2950 4557 εἴη
2978 4489 3155 4547 τοῦτο,
3188 4480 3329 4556 ἣδῖὰ
3364 4492 3803 4554 κατεπείγουσαν

2245 4586 2507 4650 ἀνάγκην,
2537 4582 2568 4647 ἢ
2598 4581 2684 4631 διὰ
2718 4581 2888 4648 μῆκος
2919 4578 3060 4641 ὁδοῦ,
3095 4577 3152 4640 ἐξ
3178 4578 3418 4637 ἅπαντος
3454 4579 3607 4644 τρεῖς
3638 4576 3730 4627 ἐπὶ
3749 4574 3806 4625 τὸ

2245 4675 2376 4726 αὐτὸ
2403 4671 2816 4738 συναγομένους,
2875 4667 3176 4736 συμψήφων
3230 4667 3534 4732 γινομένων
3581 4665 3804 4717 καὶτῶν

2246 4763 2507 4825 ἀπόντων,
2562 4759 2652 4811 καὶ
2705 4758 3100 4824 συντιθεμένων
3149 4754 3236 4806 διὰ
3273 4755 3648 4822 γραμμάτων,
3689 4753 3804 4804 τότε

2248 4852 2343 4918 τὴν
2374 4847 2699 4918 χειροτονίαν
2745 4844 3036 4896 ποιεῖσθαι.
3073 4844 3146 4895 Τὸ
3173 4843 3228 4893 δὲ
3257 4841 3427 4909 κῦρος
3454 4843 3562 4892 τῶν
3593 4841 3807 4909 γινομέ-

2248 4957 2351 4990 νων
2390 4937 2620 4989 δίδοσθαι
2677 4935 2798 4987 καθ’
2825 4933 3062 5001 ἑκάστην
3111 4930 3379 4999 ἐπαρχίαν
3413 4930 3491 4998 τῷ
3526 4945 3804 4998 μητροπο-

2248 5027 2389 5079 λίτη.

2333 5045 2524 5182 ξρώτ.
2573 5113 2633 5176 ξ’.
2672 5114 2734 5166 Oi
2778 5111 2871 5163 τοῦ
2921 5109 3173 5178 δευτέρου
3204 5107 3382 5174 γάμου
3435 5106 3652 5168 παῖδες,
3711 5107 3798 5158 καὶ

2249 5209 2298 5260 οἱ
2330 5206 2434 5258 ἀπὸ
2459 5204 2705 5256 δουλίδων
2762 5203 2854 5255 καὶ
2907 5198 3193 5253 παλλακῶν
3234 5195 3539 5264 τεχθέντες,
3573 5197 3804 5266 ἀξιωθή-

2255 5314 2433 5349 σονται
2464 5293 2780 5365 ίερωσύνης,
2818 5293 2849 5361 ἢ
2877 5290 2973 5356 ob;

2316 5391 2371 5440 ‘A
2384 5387 2521 5438 πόκ.
2549 5387 2611 5442 Οἱ
2629 5382 2721 5436 τοῦ
2739 5381 2989 5450 δευτέρου
3009 5380 3183 5448 γάμου
3210 5380 3396 5442 παῖδες
3413 5378 3475 5442 ἐξ
3492 5375 3702 5439 οὐδενὸς
3724 5376 3797 5426 λό-

1851 5561 2071 5614 V'ARIAZ
2112 5557 2500 5614 LECTIONES.

666 5656 703 5700 ’δ
729 5663 791 5708 an
837 5672 974 5708 voces
1013 5669 1279 5723 imputares
1328 5655 1468 5719 sequi
1503 5667 1762 5719 cogamur.
