4004 6460
212 394 345 462 1009

1025 361 1402 460 nesrousa
1448 397 1548 457 an
1584 390 2299 455 lNrERttOGATIONES
2336 391 2590 454 MARCI.

3230 386 3362 453 1010

214 547 308 597 γου
344 528 637 582 κωλύονται
688 525 947 594 ἱερᾶσθαι.
988 523 1044 576 Ὀ
1091 524 1196 592 γὰρ
1222 523 1313 575 ἐπὶ
1340 521 1431 574 τοῦ
1471 522 1775 589 Ιιορφυροο,

1858 529 2092 574 vetantur
2129 521 2301 573 sacris
2333 518 2612 572 ordinibus
2637 516 2859 570 initiari.
2911 514 3174 584 Synodica
3218 512 3362 566 enim

211 616 468 684 γεννήτου
515 615 604 668 καὶ
647 609 900 681 βασιλέως
962 611 1148 678 κυρίου
1203 609 1600 663 Κωνσταντίνου
1654 623 1744 673 γε-

213 705 384 769 γονὼς
419 704 578 770 τόμος
605 701 869 760 συνοδικδς
893 699 967 766 τῷ
994 697 1191 766 πρώτῳ
1207 698 1365 766 γάμῳ
1387 697 1474 750 τὸν
1501 697 1746 765 δεύτερον

213 795 304 843 ἐπὶ
359 793 524 842 πᾶσιν
566 789 804 853 ἐξίσωσε.
831 788 919 838 Διὸ
955 787 1048 839 καὶ
1077 787 1380 849 ὑπεξούσιοι
1428 786 1745 856 κληρονόμοι

213 879 306 932 τοῦ
331 881 530 948 πατρός
553 881 710 931 είσιν.
745 877 900 929 Ἀλλά
924 878 1016 930 καὶ
1048 878 1095 929 oi
1129 877 1234 929 ἀπὸ
1253 875 1499 928 δουλίδων
1537 877 1747 943 τεχθέν-

212 984 324 1029 τες,
365 968 460 1020 καὶ
489 965 794 1033 ἐλευθερίας
822 964 1158 1028 ἀξιωθέντες,
1188 964 1443 1025 ὡσαύτως
1467 964 1558 1016 καὶ
1605 965 1652 1015 oi
1686 965 1748 1016 ἐκ

215 1056 504 1112 παλλακῶν
535 1055 901 1123 γεννηθέντες,
931 1054 990 1106 οὐ
1024 1052 1415 1122 κωλυθήσονται
1435 1052 1745 1120 ίερωθῆναι.

213 1149 278 1198 At
293 1146 401 1213 γάρ
421 1146 649 1213 μητέρες
673 1144 848 1195 αύτῶν
865 1144 1152 1210 ἐπιτιμίοις
1166 1144 1524 1212 πορνευόντων
1548 1143 1748 1194 ὑπέπε-

214 1252 325 1294 σον,
349 1234 504 1285 αὐτοὶ
533 1234 586 1284 δὲ
615 1233 763 1285 ούδέν
789 1234 1051 1300 ἥμαρτον,
1079 1231 1170 1283 καὶ
1191 1232 1274 1283 διὰ
1310 1231 1466 1283 τοῦτο
1493 1231 1611 1282 οὐδὲ
1634 1231 1750 1281 ἐπι-

211 1319 409 1386 τιμίοις
437 1319 766 1370 ὑπόκεινται.
794 1320 946 1370 Κατά
981 1317 1106 1382 γοῦν
1131 1318 1254 1380 τοὺς
1281 1316 1497 1377 λοιποὺς
1542 1313 1750 1385 ἀνθρώ-

213 1423 347 1467 πους
375 1408 497 1467 τοὺς
525 1407 689 1476 μηδέν
724 1407 1125 1474 ἡμαρτηκότας,
1156 1406 1248 1457 καὶ
1279 1406 1430 1458 αὐτοὶ
1481 1405 1639 1472 τιμῆς
1669 1405 1746 1456 ίε-

216 1495 442 1563 ρατικῆς
465 1496 602 1545 κατὰ
633 1496 855 1555 κανόνας
889 1492 1299 1562 ἀξιωθήτονται.

593 1602 692 1668 Ea’.

215 1695 534 1760 ἐπιτραπεὶς
592 1694 792 1744 διέπειν
843 1693 1095 1760 κτήματα
1143 1695 1570 1760 μοναστηριακά,
1608 1692 1748 1743 θέλει

301 1603 503 1669 Ἐρώτ.
593 1603 692 1668 Ea’.
781 1603 1151 1671 Ἀναγνώστης
1228 1603 1378 1673 παρά
1449 1603 1748 1671 ἡγουμένου

1846 610 2082 675 decisio,
2122 609 2261 663 facta
2296 618 2529 676 tempore
2581 605 2917 676 imperatoris
2974 602 3171 657 domini
3224 601 3366 656 Con-

1847 701 2068 757 stantini
2099 699 2637 768 Porphyrogennetze,
2666 696 2854 763 primis
2873 693 3074 762 nuptiis
3099 691 3366 744 secundas

1849 795 1903 844 in
1935 790 2187 843 omnibus
2229 787 2546 857 exaequavit.
2617 784 2844 850 ideoque
2898 791 2950 836 et
2996 782 3076 835 sui
3132 779 3368 832 liceredcs

1847 887 1974 934 sunt
2006 881 2168 946 patri.
2207 877 2310 931 Sed
2338 885 2391 931 et
2418 876 2509 944 qui
2537 891 2602 930 ex
2643 872 2854 927 ancillis
2887 871 3020 932 nati,
3083 878 3136 923 et
3186 867 3368 920 donati

1847 969 2112 1031 libertate,
2145 966 2366 1034 parique
2397 964 2577 1026 modo,
2605 962 2698 1031 qui
2729 976 2793 1014 ex
2821 958 3136 1013 concubinis
3180 955 3368 1025 geniti,

1848 1072 1953 1109 non
2004 1063 2249 1108 vetantur
2279 1053 2504 1107 sacrari.
2536 1050 2730 1104 Matres
2779 1047 2921 1102 enim
2963 1060 3146 1099 eorum
3199 1045 3371 1111 pinnis

1847 1147 2194 1199 scortantiuni
2223 1143 2570 1196 succiderunt
2601 1150 2647 1201 ο,
2682 1136 2782 1206 ipsi
2820 1141 2995 1188 autem
3059 1133 3192 1184 nihil
3233 1131 3371 1183 deli-

1849 1247 2116 1304 querunt:
2151 1233 2500 1301 quamobrem
2527 1243 2624 1282 nec
2674 1225 2849 1296 pinnis
2883 1222 3267 1290 subjiciuntur.
3307 1220 3377 1274 Ut

1851 1326 2044 1393 reliqui
2084 1325 2245 1392 igitur
2277 1320 2539 1383 homines,
2572 1319 2662 1388 qui
2692 1316 2824 1370 nihil
2859 1321 3170 1383 peccarunt,
3203 1309 3377 1362 hono-

1853 1429 1963 1469 rem
1991 1412 2373 1467 sacerdotalem
2403 1409 2698 1462 secundum
2724 1416 2960 1458 canones
2982 1406 3379 1454 consenuentur

1852 1508 1906 1554 ct
1935 1500 2054 1568 ipsi.

1921 1610 2112 1662 Interr.
2145 1606 2231 1661 61.
2267 1606 2453 1659 Lector
2488 1609 2749 1672 potestate
2800 1614 2830 1652 a
2874 1597 3055 1666 priore
3083 1595 3109 1633 δ
3138 1599 3378 1660 accepta,

1853 1697 2266 1755 administrandi
2325 1695 2698 1764 possessiones
2771 1685 3212 1743 monasteriales.
3268 1680 3383 1734 vult

196 1782 591 1850 -προκαθῆσθαι
641 1782 744 1831 τῶν
791 1784 962 1832 ἐκεῖσε
1001 1782 1166 1833 ὄντων
1203 1781 1407 1850 ἱερέων,
1435 1784 1525 1835 καὶ
1551 1782 1749 1834 λοιπῶν

1858 1789 2150 1857 praecedere
2184 1785 2509 1847 sacerdotes,
2539 1791 2591 1836 et
2625 1781 2757 1834 alios
2784 1777 3011 1832 clericos
3079 1773 3189 1824 illic
3241 1768 3383 1822 exsi-

214 1870 507 1936 κληρικῶν,
543 1871 634 1922 καὶ
685 1871 742 1921 ἐν
787 1873 905 1930 ταῖς
955 1871 1119 1939 ἱεραῖς
1175 1871 1474 1936 ἁγιστείαις
1504 1872 1638 1939 μετά
1661 1871 1750 1923 τὸν

213 1957 513 2024 ἡγούμενον
538 1958 985 2025 μνημονεύεσθαι.
1035 1959 1248 2028 Ἐρωτῶ
1273 1959 1450 2012 τοίνυν
1485 1959 1674 2029 μαθεῖν
1704 1960 1752 2011 εί

214 2048 393 2108 καλῶς
424 2049 551 2116 περὶ
579 2047 764 2099 τούτου
795 2049 1100 2115 φιλονεικεῖ.

296 2159 498 2212 Ἀπόκ.
527 2157 692 2224 Τάξις
723 2161 934 2227 συνέχει
957 2159 1024 2212 τὰ
1060 2161 1283 2230 οὐράνια
1305 2161 1398 2214 καὶ
1421 2162 1488 2214 τά
1519 2161 1750 2228 ἐπίγεια.

213 2247 302 2298 Διὸ
336 2248 427 2298 καὶ
455 2247 482 2297 6
513 2249 711 2317 Κύριος
767 2248 920 2317 ἡμῶν
967 2248 1170 2316 Ἰησοῦς
1195 2250 1450 2318 Χριστὸς,
1472 2249 1570 2318 τῆς
1600 2267 1751 2302 κενο-

213 2335 392 2398 δοξίας
422 2337 758 2387 ἀναστέλλων
813 2334 908 2405 τὴν
950 2339 1304 2407 ματαιότητα,
1333 2339 1504 2392 Ὅταν
1555 2339 1754 2409 κληθῇς

214 2427 292 2485 είς
323 2425 499 2490 γάμον
542 2425 642 2476 ὑπό
688 2442 852 2488 τινος,
885 2426 1102 2492 ἔφησεν,
1138 2430 1216 2487 είς
1244 2428 1633 2499 πρωτοκλισίας
1662 2430 1745 2481 τά·

216 2531 394 2582 πητας
421 2515 494 2584 μὴ
523 2516 834 2584 ἀνακλιθῇς,
865 2516 978 2568 ἀλλ’
1009 2518 1088 2576 είς
1116 2516 1340 2585 ἔσχατον
1361 2516 1522 2568 τόπον
1553 2516 1752 2568 ἀνάπε-

215 2621 307 2655 σον
339 2619 354 2632 ⁸
386 2606 472 2655 ἵνα
505 2605 739 2674 ἀκούσῃς
788 2607 934 2674 παρά
982 2606 1073 2658 τοῦ
1117 2607 1439 2674 κεκληκότος
1472 2623 1528 2656 σε
1564 2622 1581 2639 ο
1613 2605 1755 2670 Φίλε,

216 2692 610 2762 προσανάϐηθι.
675 2693 781 2744 Καὶ
813 2691 982 2754 οὕτως
1030 2692 1181 2746 ἔσται
1245 2709 1324 2744 σοι
1379 2691 1506 2756 δόξα
1569 2691 1753 2758 πολλή.

227 2781 287 2832 '0
319 2780 446 2845 γοῦν
478 2780 654 2847 ζητῶν
707 2783 1057 2850 ἀναγνώστης
1093 2781 1195 2850 πρὸ
1224 2780 1329 2832 τῶν
1381 2780 1565 2849 ίερέων
1622 2779 1758 2831 καθο-

216 2869 402 2936 ἧσθαι,
424 2871 516 2920 καὶ
555 2870 693 2937 μετά
729 2871 818 2920 τὸν
847 2869 1147 2937 ἡγούμενον
1182 2868 1622 2937 μνημονεύεσθαι,
1647 2869 1757 2929 τοῖς

220 2959 513 3024 Ιὶυριακοῖς
545 2959 940 3026 ἐναντιοιρρονεῖ
954 2957 1426 3024 παραγγέλμασιν.
1454 2957 1514 3008 Et
1542 2957 1596 3008 δὲ
1621 2957 1757 3008 κατά

216 3044 315 3112 τὴν
343 3043 592 3110 διήγησίν
623 3060 712 3095 σου
739 3045 765 3094 ὁ
799 3044 1148 3111 ἀναγνώστης
1168 3045 1245 3103 είς
1276 3043 1458 3113 χώραν
1483 3045 1754 3110 ἐπιδημεῖ,

220 3131 630 3198 καθηγουμένου
653 3131 812 3182 τόπον
846 3132 1189 3199 ἀναπληρῶν,
1230 3119 1524 3194 ἀκινδύνως
1560 3133 1758 3200 μᾶλλον

217 3221 273 3271 δὲ
306 3219 468 3282 ἀξίως
505 3218 796 3286 φιλονεικεῖ
833 3220 937 3288 πρὸ
1003 3220 1108 3272 τῶν
1136 3221 1319 3290 ίερέων
1356 3221 1639 3287 καθῆσθαι,
1668 3222 1762 3273 καὶ

222 3307 676 3372 μνημονεύεσθαι,
705 3308 777 3370 ὡς
799 3308 960 3360 τόπον
1001 3309 1213 3377 ἐπέχων
1253 3309 1344 3360 τοῦ
1373 3308 1760 3377 ἐπιτρέψαντος

217 3395 366 3462 αύτῷ
413 3396 471 3446 τὸ
517 3395 899 3464 λειτούργημα.
951 3395 1060 3448 Καὶ
1093 3397 1419 3466 παρίσταται
1473 3397 1627 3447 τοῦτο
1656 3396 1763 3448 ἀπὸ

217 3484 310 3534 τοῦ
338 3481 380 3544 ζ’
422 3484 642 3544 κανόνος
675 3484 771 3550 τῆς
820 3486 879 3535 ἐν
924 3483 1173 3553 Τρούλλῳ
1214 3482 1306 3536 τοῦ
1341 3485 1571 3553 μεγάλου
1595 3484 1765 3535 παλα-

218 3571 332 3623 τὶου
362 3571 631 3635 συστάσης
685 3571 842 3637 ἁγίας
884 3574 978 3622 καὶ
1019 3571 1400 3639 οίκουμενικῆς
1447 3570 1499 3634 ς’
1547 3573 1762 3623 συνόδου

219 3661 276 3709 ἐν
333 3660 487 3725 μέρει
530 3659 696 3710 ταῦτα
757 3660 1062 3722 διεξιόντος.
1114 3661 1528 3730 Μεμαθήκαμεν
1559 3661 1613 3712 ἐν
1655 3677 1763 3712 τισι

217 3748 324 3798 τῶν
357 3748 686 3815 Ἐκκλησιῶν
719 3749 988 3811 διακόνους
1026 3751 1172 3810 τινὰς
1199 3751 1452 3820 αὐθαδείᾳ
1482 3751 1573 3802 καὶ
1606 3750 1764 3801 αύτο-

219 3835 380 3905 νομίᾳ
431 3840 816 3906 κεχρημένους,
849 3839 1049 3903 τολμᾷν
1081 3841 1187 3906 πρὸ
1227 3839 1332 3891 τῶν
1371 3838 1758 3907 πρεσϐυτέρων

218 3924 1762 3988 καθέζεσθαι,....’........

219 4014 381 4075 ἐκτὸς
411 4015 459 4064 εί
515 4015 588 4082 μὴ
623 4016 682 4066 τὸ
712 4015 997 4083 πρόσωπον
1040 4017 1248 4084 ἐπέχων
1277 4015 1369 4070 τοῦ
1421 4015 1621 4066 οίκείου
1659 4030 1766 4065 πα·

218 4104 497 4171 τριάρχου.
541 4105 572 4172 ἦ
608 4105 1018 4174 μητροπολίτου,
1051 4108 1106 4156 ἐν
1153 4107 1312 4174 ἑτέρα
1348 4106 1495 4156 πόλει
1524 4107 1762 4173 παραγί-

219 4208 400 4258 νηται,
454 4194 545 4243 ἐπί
570 4210 674 4243 τινι
702 4194 994 4260 κεφαλαίῳ.
1017 4195 1146 4245 Τότε
1183 4195 1308 4263 γὰρ,
1339 4194 1412 4254 ώς
1441 4195 1528 4245 τὸν
1557 4193 1760 4244 ἐκείνου

216 4282 380 4330 τόπον
404 4281 747 4350 ἀναπληρῶν,
779 4282 1157 4349 τιμηθήσεται.

307 4474 503 4542 Ἐρώτ.
557 4475 654 4542 ξβ¹.
718 4476 1131 4548 ’Λγροικώτερος
1200 4481 1373 4548 ίερεὺς
1439 4481 1531 4531 ἐὰν
1583 4446 1840 4544 τρίτουι)

226 4566 399 4630 γάμου
460 4566 754 4632 ίερολογίαν
823 4570 1052 4637 ποιήσῃ,
1114 4570 1209 4637 τὴν
1275 4572 1628 4636 τριτογαμίαν
1687 4569 1763 4618 είο

223 4653 347 4714 δὼς,
393 4653 694 4723 κολασθείη,
743 4653 774 4722 ἢ
821 4656 894 4716 ώς
926 4657 1182 4725 χωρίτης,
1233 4654 1555 4724 συγγνώμης
1602 4657 1764 4721 ἀξιω-

226 4741 445 4808 θήσεται
476 4759 491 4805 ;

305 4852 505 4905 Ἀπόκ.
558 4851 615 4903 Ὀ
665 4852 761 4919 μὲν
815 4853 1014 4920 φάκτον
1059 4855 1358 4922 ἀγνοήσας,
1403 4848 1512 4914 οἷος
1558 4854 1622 4906 ἂν
1668 4854 1760 4906 καὶ

225 4943 392 5003 ἐστιν,
431 4940 669 5003 ἀξιοῦται
715 4943 853 4994 κατά
904 4942 1096 5010 νόμους
1140 4944 1492 5012 συγγνώμης·
1528 4946 1556 4995 ὁ
1590 4943 1646 4995 δὲ
1675 4944 1764 4994 νό-

228 5047 329 5097 μον
383 5031 683 5098 ἁγνοήσας,
714 5032 775 5083 οὐ
807 5032 1247 5098 συγγινώσκεται.
1288 5033 1509 5086 Ἐπεὶδὲ
1551 5034 1655 5085 ἀπὸ
1670 5034 1763 5101 τῆς

223 5121 438 5187 Νεαρᾶς
460 5121 774 5188 νομοθεσίας
818 5121 908 5173 τοῦ
968 5123 1207 5191 ἀοιδίμου
1267 5123 1521 5192 βασιλέως
1574 5125 1758 5192 κυρίου

224 5210 628 5260 Κωνσταντίνου
660 5209 752 5260 τοῦ
804 5211 1311 5280 Πορφυρογεννήτου
1357 5213 1383 5262 ὁ
1430 5213 1608 5280 τρίτος
1657 5211 1758 5277 γά-

226 5313 322 5357 μος
353 5315 425 5364 πη
467 5297 562 5364 μὲν
587 5299 953 5364 συγγνωστέος
1001 5301 1134 5364 ἐστὶ,
1185 5300 1260 5368 πῆ
1292 5300 1347 5352 δὲ
1387 5301 1760 5368 ἀσύγγνωστος

222 5391 290 5455 (οἱ
329 5389 436 5456 γὰρ
469 5388 680 5456 ἔχοντες
708 5390 896 5453 παῖδας
921 5391 983 5443 ἐκ
1010 5394 1220 5459 πρώτου
1276 5393 1306 5462 ἢ
1359 5395 1605 5461 δευτέρου
1651 5393 1760 5459 γά-

1850 1887 2076 1941 stentes,
2103 1884 2156 1929 et
2179 1876 2233 1928 in
2263 1873 2462 1929 sanctis
2491 1868 2770 1926 sacriﬁciis
2795 1874 2915 1935 post
2951 1859 3257 1932 praefectum
3291 1872 3381 1910 seu

1851 1969 2086 2038 priorem
2118 1981 2159 2029 ο,
2192 1961 2754 2019 commemorationem
2793 1955 2875 2010 sui
2903 1953 3036 2009 fieri.
3071 1951 3264 2015 Quaero
3313 1962 3381 1999 an

1852 2065 1996 2112 recte
2020 2055 2085 2110 de
2109 2070 2175 2109 eo
2196 2051 2506 2108 contendat.

1921 2166 2071 2235 Resp.
2145 2164 2286 2219 Ordo
2353 2161 2592 2216 caelestia
2656 2166 2709 2212 et
2792 2155 3063 2210 terrestria
3125 2150 3383 2206 continet.

1852 2255 2082 2321 Ideoque
2133 2251 2389 2304 Dominus
2446 2256 2631 2301 noster
2683 2244 2842 2300 Jesus
2890 2243 3142 2296 Christus
3209 2238 3385 2290 inanis

1852 2343 2035 2413 gloria
2061 2341 2348 2394 vanitatem
2401 2338 2713 2406 reprimens,
2747 2335 2878 2386 Cum
2908 2340 3130 2384 voratus
3191 2326 3379 2392 fueris,

1856 2434 2050 2500 inquit,
2097 2432 2162 2483 ad
2200 2429 2414 2496 nuptias
2473 2428 2540 2479 ab
2569 2425 2772 2492 aliquo,
2837 2437 2903 2475 ne
2952 2418 3267 2473 discumbas
3323 2417 3384 2468 ad

1857 2521 2015 2590 primi
2055 2518 2334 2571 accubitus
2389 2522 2609 2582 tapetes,
2638 2510 2729 2565 sed
2783 2508 3035 2563 recnmhe
3092 2508 3142 2558 in
3202 2504 3386 2556 ultimo

1859 2613 2008 2665 loco:
2063 2618 2118 2659 nt
2161 2607 2348 2658 audias
2385 2605 2452 2656 ab
2502 2618 2566 2656 eo
2595 2601 2685 2669 qui
2743 2608 2796 2653 te
2854 2597 3100 2652 invitavit
3134 2609 3148 2646 :
3183 2593 3386 2644 Amice.

1857 2696 2084 2751 ascende
2114 2693 2383 2762 superius.
2426 2692 2490 2743 Et
2546 2692 2614 2743 ita
2677 2689 2780 2742 erit
2834 2689 2927 2742 tibi
2974 2687 3143 2753 gloria
3201 2683 3386 2734 multa.

1859 2787 2052 2840 Lector
2111 2786 2272 2852 igitur
2324 2783 2510 2836 volens
2569 2787 2692 2832 ante
2737 2777 3048 2830 sacerdotes
3097 2772 3304 2833 sedere,
3339 2781 3392 2823 ct

1857 2885 1978 2944 post
2007 2874 2318 2942 praal‘ccmm
2352 2872 2371 2909 ί
2407 2868 2841 2930 commemorari,
2876 2864 3165 2918 Dominicis
3201 2862 3390 2913 adver-

1859 2971 2010 3017 satur
2034 2960 2336 3029 prtrceptis.
2369 2958 2521 3022 Quod
2551 2957 2619 3021 si,
2669 2952 3121 3022 quemadmodum
3177 2962 3387 3005 narras.

1861 3053 2026 3106 lector
2056 3051 2110 3102 in
2164 3050 2377 3116 regione
2429 3047 2824 3115 peregrinatur,
2880 3041 3121 3110 prteleeti
3157 3040 3333 3093 locum
3367 3040 3390 3074 ⁸

1861 3141 2089 3207 implens
2115 3177 2127 3199 ,
2157 3138 2272 3192 sine
2303 3135 2561 3204 periculo,
2595 3134 2673 3186 vel
2699 3134 2876 3201 potius
2911 3132 3122 3193 merito,
3172 3137 3392 3181 centen-

1862 3233 1938 3285 dit
1967 3239 2088 3282 ante
2118 3227 2428 3282 sacerdotes
2453 3225 2639 3278 sedere
2667 3233 2720 3277 et
2749 3219 3189 3280 commemorari,
3231 3218 3390 3272 veluti

1861 3321 2036 3372 locum
2094 3317 2342 3371 obtinens
2401 3315 2538 3382 ejus,
2603 3314 2690 3382 qui
2741 3311 3014 3366 mandavit
3068 3311 3116 3364 ei
3175 3325 3392 3362 munus.

1861 3409 2024 3476 idque
2053 3406 2357 3461 ostenditur
2379 3419 2410 3457 e
2440 3419 2644 3458 canone
2679 3405 2908 3471 septimo
2933 3412 3135 3456 sancta:
3166 3411 3218 3454 et
3249 3414 3395 3453 ωςιι·

1861 3498 2085 3551 meuicae
2119 3504 2281 3548 sextae
2311 3494 2524 3563 synodi,
2544 3500 2879 3560 congregatae
2912 3492 2965 3543 in
3000 3489 3185 3542 Trullo
3216 3492 3392 3555 magni

1862 3586 2065 3654 palatii,
2096 3583 2209 3636 haec
2259 3583 2312 3636 in
2343 3591 2494 3650 parte
2555 3579 2966 3648 persequentis:
3007 3577 3063 3630 lu
3119 3575 3395 3631 nonnum.-

1864 3674 2121 3727 Ecclesiis
2175 3672 2429 3725 diacones
2493 3670 2664 3723 ollicia
2750 3666 3120 3722 ecclesiastica
3201 3665 3397 3717 habete

1862 3761 2181 3815 didicimus:
2207 3771 2257 3814 et
2287 3775 2350 3813 ex
2386 3760 2484 3814 hoc
2512 3759 2797 3811 nonnullos
2829 3771 3039 3820 eorum,
3092 3751 3397 3820 arrogantia

1863 3862 1915 3906 et
1948 3853 2160 3905 licentia
2189 3849 2376 3913 fretos,
2401 3857 2523 3903 ante
2561 3849 2904 3916 presbyteros
2942 3845 3169 3898 sedere:
3203 3841 3391 3896 statui-

1866 3956 2006 4004 mus,
2033 3950 2090 3992 ut
2123 3940 2403 4002 diaconus,
2435 3937 2646 3990 etiamsi
2707 3937 2760 3988 in
2787 3935 3066 4003 dignitate,
3098 3932 3151 3984 id
3200 3940 3305 3994 est,
3346 3931 3398 3981 in

1866 4030 2060 4095 quovis
2095 4029 2164 4081 sit
2204 4026 2378 4079 officio
2409 4025 2801 4081 ecclesiastica,
2863 4031 2983 4073 ante
3031 4021 3398 4088 presbyterum

1868 4131 1931 4167 ne
1966 4115 2179 4167 sedeat:
2220 4122 2600 4180 praeterquam,
2624 4112 2694 4164 sit
2725 4109 2924 4178 proprii
2949 4108 3286 4177 patriarchae,
3319 4110 3399 4157 \‘cl

1868 4203 2262 4271 metropolitani
2295 4206 2462 4254 vicem
2498 4215 2712 4268 gerens,
2760 4199 2900 4251 adsit
2932 4199 2984 4250 in
3033 4197 3136 4249 alia
3183 4196 3399 4248 civitate

1871 4308 2034 4358 soper
2061 4293 2241 4358 aliquo
2268 4290 2458 4356 capite.
2511 4288 2661 4341 Tune
2725 4288 2890 4350 enim,
2925 4295 2985 4339 ut
3042 4285 3214 4339 locum
3257 4284 3398 4334 illius

1871 4382 2116 4448 iniplens,
2148 4379 2519 4430 lionorabitnr.

1941 4491 2135 4542 lnierr.
2175 4489 2260 4540 6‘2.
2293 4489 2568 4555 Agrestior
2596 4487 2850 4540 sacerdos
2870 4487 2913 4539 si
2951 4485 3093 4537 tertii
3123 4483 3401 4536 matrimo-

1870 4581 1947 4633 nii
1983 4593 2192 4632 sacram
2227 4577 2650 4630 benedictionem
2679 4575 2854 4627 sciens
2886 4573 3092 4636 fecerit,
3125 4571 3398 4640 punietur,

1869 4683 1958 4731 an,
1986 4676 2045 4719 ut
2081 4667 2337 4727 rusticus,
2374 4664 2578 4715 veniam
2604 4662 2931 4716 iuci'ebitur?

1934 4860 2087 4926 Resp.
2107 4856 2208 4923 Qui
2228 4857 2424 4911 factum
2449 4858 2650 4923 ignOrat
2669 4856 3055 4924 qualiscunque
3074 4855 3166 4916 sit,
3195 4854 3400 4922 legibus

1867 4958 2158 5003 excusatur
2190 4966 2201 4998 :
2239 4948 2327 5016 qui
2360 4956 2534 4999 autem
2563 4948 2729 5013 legem
2766 4945 2994 5012 ignorat,
3032 4945 3240 4996 veniam
3293 4959 3397 4995 non

1869 5036 2244 5104 consequitur.
2286 5035 2550 5098 Quoniam
2575 5041 2752 5085 autem
2773 5035 2985 5086 Novella
3011 5032 3400 5085 constitutione

1871 5123 2057 5191 inclyti
2086 5122 2444 5190 imperatoris,
2473 5121 2670 5173 domini
2723 5120 3065 5174 Constantini
3099 5122 3402 5191 Porpliyro-

1867 5221 2129 5281 gennetm,
2185 5214 2358 5266 tertiae
2389 5211 2585 5277 nuptiae
2621 5211 2810 5278 partim
2867 5214 3161 5264 suntvenia
3204 5213 3397 5280 digna»,

1867 5304 2058 5371 partim
2103 5303 2322 5355 minime
2373 5310 2516 5368 (nam
2568 5306 2656 5366 qni
2712 5318 2772 5354 cx
2827 5305 3018 5370 primo,
3057 5303 3134 5354 vel
3165 5303 3401 5355 secundo

1867 5393 2213 5447 matrimonio
2242 5393 2435 5446 habt-nt
2466 5393 2682 5455 libi-rus,
2720 5404 2771 5445 et
2807 5395 2895 5458 qui
2930 5394 3398 5462 quadragesimum

1473 5553 1554 5606 VA
1569 5554 1702 5606 “UE
1739 5554 1898 5608 LBC'I
1914 5553 2025 5606 ΙοΝ
2036 5553 2134 5607 ΕΞ.

296 5668 314 5693 ε
366 5657 586 5709 obnoxia
612 5660 838 5722 fuerunt.
913 5662 937 5700 d
969 5663 1029 5714 ab
1081 5667 1279 5719 (τίνι-(τερ.

1365 5681 1382 5705 ι·
1417 5679 1526 5731 fusi
1561 5668 1814 5719 nitentem.

1900 5666 1917 5704 ί
1957 5668 2209 5721 abbatem.
2291 5669 2536 5720 ‘abbutis
2591 5674 2718 5722 circa
2765 5683 2959 5731 genus.
