4004 6466
575 382 700 452 1011

1768 395 2045 457 ΊἩΕΟΙ).
2075 396 2550 463 BALSAMONIS

3667 405 3797 472 1012

580 513 758 568 aetatis
791 526 992 567 annum
1034 512 1634 583 excesserunt,tertias
1676 512 1996 565 contrahere
2028 526 2133 568 non

2241 530 2368 579 μου,
2403 516 2494 566 καλ⁵
2520 519 2567 569 οί
2596 521 3026 587 τεσσαρακοστὸν
3052 522 3242 593 χρόνον
3261 522 3361 591 τῆς
3383 523 3603 593 ἡλικίας
3624 525 3797 581 αὐτῶν

581 603 830 673 possunt)
856 620 871 657 :
901 604 1133 658 dicimus
1162 604 1519 666 sacerdotem,
1538 602 1629 672 qui
1652 601 1961 670 hujusmodi
1995 602 2135 654 veti-

580 702 756 747 tarum
786 692 1098 761 nuptiarum
1118 691 1559 745 benedictionem
1594 691 1804 755 fecerit,
1858 690 2133 757 deponen-

578 786 705 838 dum
736 798 889 838 esse:
926 783 1047 850 ejus
1094 785 1237 838 enim
1286 797 1468 836 crassa
1508 793 1589 835 est
1635 781 1767 849 legis
1807 780 2130 850 ignorantia.

579 874 788 928 Rustici
826 882 1007 927 autem
1040 874 1084 928 si
1118 872 1473 927 subtilitatem
1502 871 1634 939 legis
1665 870 1933 939 ignorent,
1961 872 2135 923 inter-

576 961 702 1014 dum
742 969 1110 1024 excusantur,
1159 973 1267 1012 non
1324 969 1522 1022 tamen,
1554 958 1599 1011 si
1640 956 1891 1009 omnibus
1916 955 2135 1009 manife-

577 1060 657 1103 sta
683 1050 829 1118 jura.

649 1147 839 1200 Inlerr.
873 1145 959 1199 63.
982 1144 1175 1197 Mulier
1197 1142 1441 1211 quaedam
1481 1156 1509 1193 a
1540 1142 1757 1210 proprio
1783 1148 1933 1206 patre
1947 1148 2133 1193 coacta

583 1242 819 1310 legitime
858 1236 1114 1303 conjungi
1150 1233 1285 1294 viro,
1319 1241 1374 1286 et
1405 1231 1593 1284 videns
1622 1231 1963 1295 obligatoriis
1994 1230 2133 1283 scri-

575 1338 683 1400 ptis
711 1330 1088 1397 conjugium-a
1138 1334 1289 1393 patre
1322 1324 1613 1386 munitum,
1644 1322 1922 1384 indicavit,
1986 1321 2130 1389 quod

578 1431 725 1475 recte
778 1419 979 1472 factum
1040 1426 1175 1480 erat,
1212 1412 1422 1469 cuidam
1468 1414 1731 1467 amatorie
1768 1426 1895 1480 erga
1956 1413 2129 1480 ipsam

578 1512 792 1567 allecto.
821 1510 917 1564 ilic
944 1518 1147 1571 autem,
1180 1518 1237 1560 ut
1272 1505 1478 1575 perdite
1514 1518 1723 1566 amans,
1751 1503 1885 1556 nihil
1916 1512 2136 1556 cuncta-

576 1612 687 1661 tus,
731 1614 853 1654 cum
912 1597 1188 1651 nonnullis
1224 1597 1299 1649 rei
1362 1594 1567 1663 ignaris
1601 1592 1961 1647 familiaribus
2010 1592 2126 1645 suis

576 1687 975 1757 noctequadam
1001 1687 1055 1739 in
1084 1685 1329 1738 mulieris
1379 1681 1713 1737 domicilium
1743 1681 1956 1748 irrupit,
1984 1694 2131 1732 eam-

576 1796 681 1850 que
730 1780 995 1833 volentem
1057 1774 1258 1843 rapuit,
1328 1772 1657 1840 abduxitque
1701 1770 1919 1824 domum
1950 1785 2124 1829 suam,

575 1873 717 1924 intra
763 1869 897 1921 lines
943 1867 1080 1919 alius
1135 1863 1392 1918 territorii
1450 1862 1639 1915 sitam.
1673 1861 1888 1925 Quaero,
1939 1874 2004 1912 an
2036 1861 2127 1928 qui

574 1962 736 2013 talem
761 1966 974 2025 raptum
1004 1956 1332 2015 molitisnnt,
1366 1953 1578 2023 possint
1604 1967 1698 2021 per
1726 1966 1935 2005 sacram
1964 1952 2129 2003 bone-

575 2051 865 2105 dictionem
890 2047 1150 2101 canonice
1178 2046 1429 2115 conjungi
1466 2061 1479 2097 :
1505 2044 1757 2109 maxime,
1785 2056 1908 2099 cum
1940 2043 2131 2113 puella:

574 2151 826 2211 parentes
850 2138 979 2192 illud
999 2138 1161 2192 modo
1192 2137 1304 2191 fieri
1343 2137 1523 2189 velint.

645 2391 802 2460 Resp.
826 2391 1068 2447 Tertium
1092 2401 1251 2460 caput
1271 2391 1337 2445 58
1367 2392 1449 2445 tit.
1480 2392 1573 2445 lib.
1602 2390 1670 2447 60
1700 2392 1988 2458 Basilicon,
2018 2396 2129 2448 haec

577 2486 652 2537 ait
694 2482 1034 2539 nominatim.
1096 2481 1170 2537 Ne
1210 2484 1377 2536 nubat
1412 2491 1562 2549 rapta
1603 2484 1829 2549 raptori.
1858 2482 1960 2537 Sed
1994 2479 2052 2538 et
2086 2487 2128 2538 si

576 2578 667 2630 tali
688 2576 944 2643 canjugio
972 2584 1225 2641 parentes
1269 2576 1387 2642 ejus
1414 2577 1775 2638 consentiant,
1800 2576 1994 2630 exsilio
2024 2579 2131 2629 cir-

576 2665 1038 2720 cumscribuntur.
1069 2662 1131 2715 Et
1158 2664 1226 2715 27
1251 2678 1424 2716 canon
1456 2673 1656 2717 sancta:
1702 2674 1754 2717 et
1787 2668 2133 2722 metimenicz

576 2762 784 2822 quarta:
808 2753 997 2822 synodi
1035 2754 1147 2805 hate
1175 2753 1383 2822 inquit:
1417 2751 1547 2814 Eos,
1580 2755 1672 2820 qui
1708 2755 1924 2808 nomine
1946 2756 2135 2823 conju-

576 2846 647 2916 gii
702 2846 955 2899 mulieres
1002 2845 1237 2911 rapiunt,
1275 2843 1357 2896 vel
1380 2858 1533 2911 opem
1573 2842 1751 2895 ferunt
1795 2858 1857 2897 ac
1906 2858 2135 2898 consen-

575 2938 719 2989 tiunt
750 2937 834 2994 iis.
867 2936 957 3003 qui
994 2935 1242 3002 rapiunt;
1283 2934 1471 2987 statuit
1496 2922 1754 3002 synodus,
1789 2935 1833 2987 si
1866 2933 1977 2987 sint
2007 2934 2133 3002 qui.

576 3026 695 3078 dem
732 3026 915 3079 clerici
998 3026 1222 3093 praprio
1264 3024 1433 3092 gradu
1461 3023 1712 3077 excidere
1752 3041 1763 3075 :
1817 3025 1899 3078 sin
1954 3034 2131 3078 autem

577 3118 727 3179 laici,
761 3115 1238 3170 anathematizari.
1276 3115 1639 3179 Quamobrem
1667 3124 1836 3169 etnos
1866 3116 1977 3168 hac
2004 3116 2133 3184 legi-
2159 3146 2203 3202 ο

577 3211 710 3264 time
739 3210 1107 3278 canoniceque
1154 3211 1448 3262 constituta
1484 3220 1793 3277 sequentes,
1852 3208 2082 3262 dicimus
2116 3228 2128 3262 :

580 3303 629 3356 si
660 3318 781 3366 res,
837 3310 896 3357 ut
954 3300 1380 3368 interrogatione
1438 3310 1528 3353 tua
1587 3299 2036 3367 proposuisti,ita
2072 3314 2130 3352 se

580 3392 775 3457 liabet;
832 3406 1007 3459 neque
1035 3390 1250 3458 nuptias
1287 3387 1500 3441 futuras
1537 3389 1676 3442 inter
1729 3396 1934 3452 raptam
1963 3394 2017 3440 et
2045 3402 2133 3440 ra-

580 3490 813 3550 ptorem,
866 3490 920 3533 et
979 3482 1023 3533 si
1076 3488 1229 3547 pater
1270 3479 1416 3531 illius
1468 3493 1577 3531 rem
1618 3479 1921 3546 approbet:
1956 3493 2131 3547 neque

580 3581 770 3640 raptus
798 3586 986 3638 pmnas
1024 3570 1363 3639 etl‘ugituros,
1387 3569 1479 3638 qui
1509 3568 1625 3635 ejus
1659 3570 1860 3624 fuerint
1902 3571 2130 3636 conscii,

582 3663 675 3716 sed
702 3663 864 3715 etiam
899 3661 1089 3714 ultimo
1112 3660 1331 3731 affectos
1359 3661 1424 3714 iri
1455 3660 1744 3727 supplicio.

2241 602 2699 669 ὑπεραναδάντες,
2744 609 2926 675 τρίτον
2972 610 3346 662 συναλλάττειν
3364 613 3427 663 οὐ
3477 612 3794 681 δύνανται)⁹

2236 693 2417 759 φαμὲν
2450 694 2531 745 ὅτι
2563 696 2590 745 ὁ
2614 695 2853 748 τοιούτου
2885 697 3262 765 κεκωλυμένου
3289 701 3475 767 τρίτου
3506 703 3689 767 γάμου
3722 704 3793 753 is-

2236 782 2482 851 ρολογίαν
2506 784 2816 853 πεποιηκὼς
2843 787 3036 857 ἱερεὺς,
3064 772 3417 858 καθαιρετίος
3470 789 3623 841 ἐστίν
3649 806 3664 819 ’
3693 807 3794 840 πα-

2234 872 2437 940 χύτητα
2476 873 2583 942 γὰρ
2610 876 2770 943 νόμου
2794 878 3076 945 ἠγνόησεν.
3104 878 3166 929 Ol
3196 879 3251 930 δὲ
3301 880 3561 946 χωρῖται,
3601 878 3794 930 λεπτό-

2232 977 2369 1028 τητα
2394 963 2557 1029 νόμου
2586 964 2932 1032 ἠγνοηκότες,
2996 966 3165 1019 ἐνίοτε
3201 969 3695 1034 συγγινώσκονται,
3734 965 3793 1017 ού

2236 1049 2343 1117 μὴν
2372 1050 2439 1101 τὰ
2472 1053 2602 1103 πᾶσι
2631 1051 2766 1122 δῆλα
2795 1054 3019 1122 νόμιμα.

2315 1140 2508 1205 Ἐρώτ.
2559 1141 2655 1209 if.
2713 1143 2850 1212 Γυνή
2873 1159 2954 1204 τις
2999 1144 3420 1213 άναγκαζομένη
3501 1144 3654 1211 παρά
3700 1144 3792 1196 τοῦ

2232 1231 2430 1283 οίκείου
2488 1234 2692 1301 πατρὸς
2757 1235 3000 1304 νομίμως
3047 1236 3408 1303 συζευχθῆναι
3468 1237 3645 1305 ἀνδρὶ,
3701 1236 3795 1288 καὶ

2234 1325 2506 1393 βλέπουσα
2543 1325 2610 1377 δι’
2640 1325 2933 1394 ἐγγράφων
2991 1326 3342 1394 δεσμωτικῶν
3388 1329 3492 1397 τὴν
3531 1328 3794 1394 συζυγίαν

2234 1416 2336 1467 ὑπὸ
2360 1415 2452 1467 τοῦ
2494 1416 2695 1483 πατρὸς
2727 1416 3182 1483 άσφαλιζομένην,
3231 1418 3459 1485 μήνυμα
3481 1418 3635 1470 ἔθετο
3659 1419 3793 1484 πρός

2230 1524 2350 1559 τινα
2375 1507 2715 1575 διακείμενον
2743 1507 3017 1576 ἐρωτικῶς
3049 1506 3182 1576 πρὸς
3228 1508 3400 1575 αὐτὴν
3429 1509 3524 1559 τοῦ
3573 1510 3793 1577 γινομέ-

2232 1608 2321 1643 νου
2350 1592 2530 1644 καλοῦ.
2572 1591 2629 1643 Ὀ
2661 1590 2738 1651 δὲ,
2780 1592 2946 1662 μηδὲν
2984 1594 3273 1662 μελλήσας,
3304 1594 3381 1656 ὡς
3407 1596 3791 1664 ὲρωτομανῶν,

2234 1681 2371 1748 μετά
2426 1698 2586 1734 τινων
2628 1682 2961 1735 ἀπαιδεύτων
3020 1685 3264 1753 συνήθων
3312 1686 3464 1754 αὐτῷ
3494 1690 3552 1739 ὲν
3581 1688 3796 1758 ἑσπέρᾳ

2236 1774 2331 1841 μιᾷ
2365 1772 2462 1841 τὴν
2493 1772 2592 1841 τῆς
2629 1772 2880 1839 γυναικὸς
2904 1774 3181 1826 κατοικίαν
3202 1775 3469 1829 κατέλαϐε
3494 1793 3510 1810 ο
3548 1780 3643 1832 καὶ
3665 1781 3795 1831 ταύ-

2232 1862 2328 1931 τὴν
2356 1862 2573 1931 ἥρπασε
2602 1862 2885 1925 θέλουσαν,
2930 1864 3023 1917 καὶ
3069 1864 3355 1933 ἀπήγαγεν
3385 1867 3466 1927 είς
3490 1866 3594 1936 τὴν
3616 1886 3798 1921 κατοι-

2232 1946 2354 1997 κίαν
2388 1944 2573 2010 αὐτοῦ,
2607 1946 2958 2019 διακειμένην
3016 1949 3096 2008 είς
3135 1948 3321 2016 ἑτέρου
3377 1950 3579 2017 χωρίου
3638 1968 3796 2019 περι-

2233 2038 2386 2106 οχήν.
2431 2038 2648 2107 Ἐρωτῶ
2680 2032 2771 2089 οὖν
2800 2038 2989 2106 μαθεῖν
3018 2038 3065 2089 εί
3105 2038 3354 2092 δύνανται
3386 2040 3472 2091 διὰ
3494 2040 3799 2109 ίιρολογίας

2231 2129 2524 2189 κανονικῶς
2545 2128 2877 2197 ωναφθῆναι
2904 2130 2953 2181 oi
2968 2129 3108 2182 οὕτω
3131 2130 3229 2199 τὴν
3258 2131 3517 2200 τοιαύτην
3538 2133 3795 2202 ἁρπαγὴν

2233 2217 2679 2281 συσκευάσαντες.
2716 2219 2825 2271 Καὶ
2849 2221 2897 2271 oi
2935 2223 3111 2287 γονεῖς
3148 2222 3255 2291 γάρ
3282 2222 3380 2291 τῆς
3408 2223 3669 2288 γυναικὸς
3707 2224 3799 2276 θέ-

2230 2310 2408 2362 λουσιν
2435 2310 2633 2379 ἀρτίως
2668 2308 2824 2361 τοῦτο
2861 2310 3132 2377 γενέσθαι.

2312 2403 2515 2455 ’Δπόκ.
2549 2403 2623 2454 Τὸ
2653 2400 2703 2468 γ’
2733 2403 3023 2471 κεφάλαιον
3053 2403 3144 2455 τοῦ
3176 2412 3255 2472 νη¹
3292 2404 3471 2456 τίτλου
3501 2404 3598 2455 τοῦ
3633 2404 3678 2467 ξ’
3716 2404 3796 2472 βι-

2233 2491 2375 2560 βλίου
2404 2492 2509 2545 τῶν
2532 2491 2834 2545 Βασιλικῶν
2852 2492 3023 2547 ταῦτά
3053 2510 3185 2561 φησι
3227 2494 3431 2563 ῥητῶς
3462 2495 3553 2561 Μὴ
3605 2497 3796 2561 γαμεί-

2234 2580 2342 2632 σθω
2372 2582 2405 2650 ή
2434 2579 2745 2649 ἁρπαγεῖσα
2790 2580 2866 2649 τῷ
2922 2582 3229 2648 ἁρπάσαντι
3267 2582 3439 2651 αὐτήν
3466 2598 3480 2613 ·
3533 2583 3673 2635 ἀλλὰ
3706 2583 3797 2634 καὶ

2232 2672 2279 2721 εί
2311 2671 2681 2723 συναινέσουσι
2729 2671 2808 2740 τῷ
2851 2671 3077 2741 τοιούτῳ
3138 2673 3463 2741 συνοικεσίῳ
3497 2675 3547 2725 oi
3618 2676 3797 2737 γονεῖς

2232 2762 2401 2829 αὐτῆς
2424 2802 2438 2825 ,
2489 2761 2907 2831 περιορίζονται.
2973 2763 3079 2814 Καὶ
3107 2764 3135 2814 ὁ
3164 2762 3244 2824 κζ’
3275 2761 3456 2814 κανὼν
3488 2762 3593 2828 τῆς
3637 2764 3795 2825 ἁγίας

2234 2854 2325 2903 καὶ
2348 2850 2728 2919 οίκουμενικῆς
2756 2849 2797 2903 δ’
2824 2851 3039 2903 συνόδου
3068 2850 3240 2904 ταῦτα
3290 2866 3428 2919 φησι
3453 2865 3465 2877 ·
3502 2850 3645 2909 Τοὺς
3697 2853 3795 2919 ἀρ-

2234 2940 2503 3003 πάζοντας
2567 2944 2829 3008 γυναῖκας
2915 2942 3002 2994 ὶπ⁹
3071 2941 3295 3010 ὀνόματι
3362 2941 3793 3011 συνοικεσίου,ή

2236 3031 2697 3100 συμπράττοντας,
2729 3032 2761 3099 ἢ
2798 3031 3221 3100 συναιρομένους
3268 3032 3379 3093 τοῖς
3435 3031 3793 3101 ἁρπάζουσιν,

2235 3122 2426 3189 ὥρισεν
2460 3124 2491 3189 ἡ
2529 3122 2657 3186 ἁγία
2681 3120 2917 3184 σύνοδος,
2948 3122 2995 3172 εί
3019 3121 3118 3189 μὲν
3171 3120 3424 3190 κληρικοὶ
3456 3119 3588 3184 εῐεν,
3638 3120 3793 3173 ἐκπί-

2239 3228 2394 3262 πτειν
2419 3210 2511 3263 τοῦ
2573 3210 2779 3278 βαθμοῦ
2802 3226 2815 3240 ·
2868 3214 2915 3262 εί
2966 3212 3021 3263 δὲ
3052 3210 3249 3274 λαῐκοὶ,
3279 3209 3794 3278 ἀναθεματίζεσθαι.

2239 3301 2327 3351 Διὸ
2353 3302 2447 3352 καὶ
2474 3303 2632 3369 ἡμεῖς
2662 3303 2774 3361 τοῖς
2798 3300 2938 3352 οὕτω
2964 3301 3404 3367 διατεταγμένοις
3456 3302 3704 3367 νομίμως
3739 3316 3794 3351 τε

2238 3391 2330 3441 καὶ
2383 3389 2678 3450 κανονικιῖκ
2750 3388 3235 3455 ἀκολουθήσαντες,
3289 3388 3523 3455 λέγομεν
3591 3389 3668 3447 ὡς
3750 3391 3794 3439 εί

2238 3478 2405 3539 οὕτως
2443 3479 2622 3547 ἔχουσι
2657 3478 2725 3530 τά
2760 3478 2853 3530 τοῦ
2882 3479 3199 3547 πράγματος
3230 3478 3408 3539 καθὼς
3444 3480 3475 3547 ἡ
3530 3478 3795 3546 ἐρώτησις

2239 3570 2614 3637 περιέστησεν,
2650 3568 2771 3620 οὕτε
2801 3569 2977 3637 γάμος
3005 3569 3291 3637 γενήσεται
3321 3566 3523 3637 μεταξὺ
3551 3568 3648 3635 τῆς
3705 3568 3795 3637 ἀρ-

2242 3658 2504 3726 παγείσης
2537 3659 2629 3709 καὶ
2662 3657 2755 3709 τοῦ
2791 3658 3154 3728 ἁρπάσαντος,
3188 3658 3290 3709 κᾶν
3319 3658 3347 3707 ὀ
3378 3659 3563 3726 πατὴρ
3600 3657 3799 3723 ταύτης

579 3751 890 3819 ἀσπάζηται
917 3750 976 3802 τὸ
1002 3752 1297 3819 γινόμενον,
1326 3748 1449 3802 οὕτε
1496 3749 1561 3800 τά
1593 3749 1689 3817 τῆς
1737 3750 1989 3820 άρπαγῆς
2016 3748 2263 3819 ἐπιτίμια
2301 3749 2673 3817 διαδράσουσιν
2702 3750 2751 3801 ol
2816 3748 3019 3817 ταύτης
3089 3750 3424 3816 συνίστορες,
3494 3748 3635 3799 ἀλλὰ
3714 3751 3801 3799 καὶ

581 3846 821 3914 ἐσχάτως
852 3844 1345 3912 τιμωρηθήσονται.

654 3935 848 3989 lnterr.
873 3935 960 3988 64.
988 3933 1178 3986 Mulier
1207 3934 1449 4001 quaedam
1472 3933 1621 4001 gravi
1646 3933 1833 3985 morbo
1858 3933 2132 3994 laborans,

583 4035 746 4082 nocte
800 4025 927 4078 mali
982 4023 1325 4076 amictionem
1372 4023 1506 4086 ulta,
1543 4024 1775 4089 seipsam
1818 4021 1870 4072 in
1910 4030 2135 4074 mortem

588 4113 841 4182 projecit,
879 4123 930 4165 et
959 4110 1151 4164 mortis
1182 4111 1359 4164 hausit
1407 4110 1682 4178 poculum.
1722 4108 1818 4161 Vir
1841 4108 1981 4176 ejus,
2012 4122 2135 4163 cum

2324 3928 2521 3993 Ἔρώτ.
2586 3926 2676 3989 Eg’.
2737 3927 2875 3995 Γυνή
2936 3944 3018 3989 τις
3086 3927 3366 3996 ἀρρωστίᾳ
3428 3926 3801 3995 περιπεσοῦσα

2236 4017 2403 4082 δεινῇ,
2442 4016 2498 4064 ὲν
2552 4014 2669 4081 ὥρα
2720 4017 3027 4082 νυκτερινῇ.
3081 4014 3176 4065 τοῦ
3234 4016 3543 4083 νοσήματος
3601 4020 3801 4083 ἀμυνο-

2242 4102 2373 4171 μένη
2402 4102 2563 4168 δῆθεν
2609 4102 2707 4170 τὴν
2738 4102 3000 4165 κάκωσιν,
3049 4102 3249 4169 ἑαυτὴν
3311 4104 3390 4163 είς
3436 4103 3671 4155 θάνατον
3720 4106 3801 4174 Ep.

587 4204 756 4256 lector
813 4209 939 4253 tunc
986 4210 1179 4265 esset,
1238 4200 1503 4267 hodieque
1548 4199 1647 4261 sit,
1706 4199 1916 4265 quatrit,
1964 4212 2032 4250 an
2070 4198 2137 4252 ob

2242 4193 2385 4263 ῥιψε,
2424 4192 2518 4244 καὶ
2550 4192 2611 4243 τὸ
2649 4191 2743 4243 τοῦ
2793 4191 3022 4243 Θανάτου
3071 4194 3328 4261 ποτήριον
3355 4192 3530 4245 ἔπιεν.
3602 4195 3802 4263 Ἐρωτᾷ

588 4307 706 4347 eam
754 4307 866 4345 rem
917 4290 1312 4345 saderdotalein
1354 4290 1673 4358 dignitatem
1722 4290 1980 4358 consequi
2026 4305 2133 4343 non

590 4381 777 4449 possit.

665 4552 817 4619 Resp.
841 4551 919 4613 Si,
947 4548 1405 4620 quemadmodum
1425 4564 1639 4613 narras,
1664 4554 1736 4603 ita
1760 4565 1817 4603 se
1846 4536 1932 4604 res
1959 4550 2138 4614 habet,
2174 4530 2215 4583 ί)

594 4640 764 4691 lector
783 4639 901 4691 sine
937 4637 1322 4705 impedimento
1350 4638 1675 4691 sacrahitur.
1735 4636 1802 4690 Ut
1851 4640 1990 4691 enim
2018 4639 2141 4691 dili-

2242 4282 2385 4335 οὒνὸ
2430 4282 2630 4350 ταύτης
2667 4281 2823 4350 ἀνὴρ,
2863 4282 3212 4350 ἀναγνώστης
3272 4282 3345 4334 ὢν
3394 4285 3489 4334 καὶ
3544 4286 3665 4336 τότε
3717 4290 3802 4334 καὶ

2247 4375 2507 4442 σήμερον,
2564 4374 2611 4424 εί
2656 4372 2902 4425 ἐντεῦθεν
2966 4373 3231 4425 κωλύεται
3288 4377 3473 4441 τυχεῖν
3536 4375 3800 4443 ἱερατικοῦ

2246 4461 2569 4528 ἀξιώματος.

2327 4552 2530 4603 Ἀπόκ.
2593 4551 2651 4601 El
2694 4549 2834 4602 κατὰ
2879 4549 2976 4617 τὴν
3008 4549 3257 4617 διήγησίν
3290 4568 3381 4602 σου
3413 4554 3710 4605 συνέπεσον
3743 4558 3803 4606 τὶ

2244 4640 2337 4691 τοῦ
2406 4640 2745 4709 πράγματος,
2802 4641 3289 4707 ἀπαρεμποδίστως
3344 4643 3373 4692 ὁ
3452 4646 3800 4708 ἀναγνώστῃ

596 4742 804 4801 gentem
840 4732 1058 4800 pigritia
1095 4745 1197 4783 non
1219 4730 1363 4783 lu-dit
1396 4731 1814 4799 negligentis,cx
1836 4732 2137 4783 divinorqu

2247 4729 2616 4796 ίερωθήσεται.
2681 4729 2765 4788 Ὠς
2807 4728 2912 4797 γὰρ
2959 4730 3017 4779 οὐ
3095 4730 3318 4789 βλάπτει
3370 4733 3462 4782 τὶν
3521 4736 3799 4784 σπουῐχῖνι

597 4836 861 4875 canonum
919 4823 1184 4873 sententia
1216 4838 1228 4872 :
1257 4821 1333 4873 sic
1392 4820 1579 4873 lectori
1634 4821 2003 4888 praejudicium
2039 4836 2137 4873 non

2250 4820 2283 4887 ή
2317 4817 2556 4886 ῥᾳθυμία
2602 4817 2694 4868 τοῦ
2751 4819 3003 4883 ἀμελοῦς,
3053 4820 3192 4869 κατά
3222 4820 3319 4886 τὴν
3348 4820 3456 4870 τῶν
3511 4822 3671 4872 θείων
3728 4825 3802 4873 »ὸ-

601 4910 763 4965 faciet
798 4914 986 4965 uxoris
1051 4912 1171 4977 ejus
1227 4922 1526 4978 peccatum.
1564 4909 1945 4978 Unusquisque
2004 4912 2145 4963 enim

601 5002 834 5069 pr0priis
920 5002 1133 5054 catenis
1225 5004 1324 5069 (ut
1408 5002 1562 5070 vulgo
1643 5000 1850 5069 fertur)
1935 5016 2148 5053 coerce-

602 5101 689 5144 tur
735 5092 786 5143 ιι.

774 5259 1089 5317 OFFlClUM
1125 5262 1213 5315 ET
1256 5263 1595 5318 DEFINITIO
1634 5264 1961 5319 EPISCOPI.

606 5350 689 5403 Ea:
741 5351 875 5403 libro
914 5350 975 5401 de
1026 5351 1168 5419 jure,
1201 5354 1288 5419 qui
1341 5364 1414 5403 est
1470 5354 1675 5413 Basilii,
1729 5354 2060 5408 Constantini
2102 5368 2147 5408 et

1014 5417 1220 5479 Leonis,
1261 5423 1411 5473 timlo
1458 5439 1507 5476 v.
1551 5438 1665 5487 cap.
1701 5438 1737 5475 ι.

677 5562 975 5634 Episcopus
1030 5577 1112 5621 est
1146 5571 1414 5637 inspector
1448 5584 1498 5625 cl
1536 5584 1751 5625 i-itratnr
1808 5576 2047 5628 omnium
2086 5575 2149 5627 ad

2259 4924 2372 4973 μων
2402 4905 2711 4972 περίληψιν,
2747 4906 2867 4956 οὐδὲ
2903 4908 2991 4957 τὸν
3032 4907 3385 4973 ἀναγνώστην
3449 4912 3779 4978 προκριματί

2255 5008 2336 5041 σει
2377 4994 2473 5058 τῆς
2508 4992 2763 5055 γυναικὸς
2791 4990 2953 5043 αὑτοῦ
2977 4993 3036 5042 τὸ
3065 4992 3357 5060 ὀλίσθημα.
3407 4994 3678 5057 Ἕκαστος
3708 5013 3807 5062 γαρ

2256 5084 2373 5141 ταῖς
2402 5080 2630 5140 οἰκείαις
2675 5083 2901 5149 σειραῖς,
2957 5082 3096 5133 κατὰ
3154 5082 3243 5132 τὸν
3286 5082 3533 5147 είπόντα,
3588 5087 3808 5150 συσφίγ-

2256 5188 2428 5235 γεται.

2314 5262 2400 5311 ΤΟ
2428 5261 2765 5314 ΚΑΘΗΚΟΝ
2797 5261 2914 5312 ΚΑΙ
2946 5262 3116 5313 ΟΡΟΣ
3161 5263 3296 5313 ΤΟΥ
3330 5264 3747 5317 ΕΠΙΣΚΟΠΟΥ.

2271 5350 2410 5401 Ἀπὸ
2465 5351 2567 5402 τοῦ
2648 5352 2898 5418 νομίμου
2960 5352 3203 5412 ,βιϐλίου
3266 5356 3614 5411 Βασιλεία).
3662 5358 3805 5406 Κων-

2327 5422 2647 5471 σταντίνου
2710 5421 2806 5470 καὶ
2874 5419 3148 5484 Λέοντος,
3193 5422 3309 5473 ἀπὸ
3372 5422 3480 5475 τοῦ
3515 5432 3557 5475 ε’
3592 5428 3802 5486 τίτλον,

2328 5504 2455 5553 κερ.
2497 5487 2567 5539 α’.

2340 5578 2659 5638 Ἐπίσκοπος
2729 5580 2871 5629 ἐστιν
2931 5580 3261 5648 ὲπιτηρητὴς
3330 5582 3422 5633 καὶ
3483 5582 3805 5649 ἐπιμελητὴς

1901 5664 2127 5717 νΑιιιΑς
2169 5664 2563 5718 ιιῑατιωκιξδ.

682 5745 707 5786 ιι
743 5751 1138 5815 constringitur.
