4004 6458
212 365 356 439 1013,

1624 371 1676 427 Μ
1686 371 1731 429 Ε
1741 371 1863 430 DlT
1867 372 1960 434 AT
1965 373 2021 434 A.

3203 360 3205 363 ·
3287 361 3421 454 ton

682 629 1583 763 ΘΕΟΔΩΡΟΥ
1658 631 2001 761 ΤΟΥ
2074 627 2962 762 ΒΑΛΣΑΜΩΝ

1375 859 1813 913 ΠΑΤΡΙΛΡΧΟΥ
1862 859 2277 913 ΔΝΤΙΟΧΕΙΔΣ

1038 1018 1519 1104 ΜΕΛΕΤΑΙ
1599 1021 1870 1104 ΗΤΟΙ
1938 1013 2589 1108 ΑΠΟΚΡΙΣΕΙΣ

701 1376 1672 1533 THEODORI
1757 1379 2766 1536 BALSAMON
2773 1382 2951 1538 IS

1301 1644 1806 1710 PATRIARCHE
1895 1649 2368 1711 ANTIOCHENI

980 1815 1053 1898 Μ
1080 1814 1422 1900 EDITA
1443 1816 1578 1901 TA
1653 1816 1919 1904 SIVE
2024 1815 2650 1908 RESPONSA.

233 2176 342 2231 τοῦ
370 2176 689 2254 ἆτ’-ιωτι-ξτον
714 2175 1074 2254 πατριάρχου
1108 2176 1455 2254 Ἀτςτιοχείεις
1479 2174 1780 2241 Θεοδώρου

1888 2175 2567 2254 Sanetissimipatriarcha:
2613 2182 2920 2254 Antiocheni
2971 2187 3223 2241 Theodori
3263 2197 3426 2254 med:-

292 2262 369 2309 με
393 2246 512 2320 ιξτη
549 2244 735 2309 ἤγουν
762 2246 1096 2326 ιὰπόκρισις,
1128 2245 1295 2310 χάριν
1342 2246 1456 2296 τῶν
1504 2259 1779 2312 πατριαρ-

300 2330 485 2378 χιλίων
519 2329 874 2376 προνομιων.

304 2423 529 2489 Είσῆλθε
563 2425 621 2474 τδ
662 2421 874 2491 ἀξίωμά
927 2438 1017 2473 σου
1094 2422 1317 2474 ἐνώπιόν
1357 2440 1481 2489 μου,
1515 2424 1780 2492 πανιερὼ-

229 2531 380 2574 τατε,
413 2516 504 2564 καὶ
532 2513 739 2582 ἐδέχθη,
785 2517 875 2565 καὶ
905 2511 1195 2580 ἀπεδέχθη,
1250 2513 1342 2564 καὶ
1387 2512 1632 2581 ᾠκειώθη
1667 2530 1775 2582 μοι.

230 2603 305 2653 οὺ
357 2601 464 2669 γὰρ
513 2601 720 2668 ἄσεμνα
779 2603 918 2669 ῥάκη
959 2601 1367 2668 περιεϐέϐλητο,
1423 2603 1634 2670 καὶτῆς
1681 2602 1780 2670 σῆς

231 2691 630 2752 πλουτοδότιδος
664 2692 852 2757 σοφίας
881 2691 1074 2753 ἀνάξια
1096 2707 1110 2720 ·
1138 2691 1309 2758 σεμνὰ
1335 2691 1390 2742 δὲ
1439 2691 1656 2760 μᾶλλον,
1687 2691 1779 2742 καὶ

233 2781 505 2849 εὐπρεπῆ,
540 2781 631 2832 καὶ
657 2776 744 2833 οἷα
770 2782 919 2850 χείλη
953 2781 1359 2850 στημονίζουσιν
1391 2781 1654 2851 ίερατικὰ,
1686 2780 1779 2837 λαο

233 2872 437 2925 λοῦντα
477 2873 837 2943 δικαιοσύνην,
874 2876 966 2927 καὶ
1003 2874 1265 2942 ζητοῦντα
1316 2877 1587 2945 ἀλήθειαν.
1621 2878 1778 2939 Δέξαι

232 2964 408 3015 τοίνυν
432 2963 458 3014 ὃ
481 2963 547 3014 δι’
575 2963 733 3015 αὑτοῦ
774 2963 952 3016 λαϐεῖν
977 2965 1242 3033 ἐζήτησας
1281 2965 1341 3028 ἐξ
1372 2967 1526 3034 ἡμῶν
1565 2966 1780 3034 φιλικῆς

234 3053 575 3121 ἀποκρίσεως
629 3054 907 3106 τάλαντον.
983 3053 1247 3118 Ἠξίωσας
1301 3073 1401 3124 με,
1439 3055 1780 3108 διαλαϐέσθαι

236 3147 441 3210 τραφῇ,
471 3143 629 3194 πόθεν
677 3144 767 3195 καὶ
816 3143 931 3205 πῶς
968 3145 1131 3213 ἡτῶν
1163 3123 1477 3211 ἁγιωτάτων
1512 3162 1780 3215 πατριαρ-

236 3234 346 3301 χῶν
373 3235 607 3301 οὑσιὼθη
642 3235 862 3296 πεντὰς,
893 3237 986 3287 καὶ
1012 3236 1176 3286 ποίων
1206 3238 1508 3305 προνομίων
1532 3237 1779 3306 ἠξίωται,

237 3324 333 3374 καὶ
364 3326 410 3374 εἰ
438 3325 552 3375 ἐστι
575 3339 655 3384 τις
694 3325 852 3390 μέσον
895 3323 1096 3374 τούτων
1137 3325 1386 3392 διαφορὰ,
1433 3327 1610 3388 καθώς
1639 3344 1782 3390 τινες

235 3415 472 3478 λέγουσι,
506 3413 788 3480 Γράφομεν
815 3414 988 3465 τοίνυν
1019 3417 1083 3483 τῇ
1121 3415 1354 3483 ἱερότητί
1400 3433 1511 3479 σου,
1538 3417 1619 3469 ὅτι
1680 3419 1782 3486 πρὸ

1964 2256 2152 2326 totum,
2202 2249 2306 2300 sive
2361 2263 2665 2315 responsum
2723 2253 2784 2304 de
2833 2255 3252 2321 patriarcharum
3312 2249 3425 2326 pri-

1953 2315 2172 2384 vilegiis.

1952 2422 2112 2479 Venit
2137 2426 2188 2479 in
2217 2438 2570 2496 conspectum
2603 2445 2787 2491 meum
2804 2435 2992 2501 petitio
3044 2444 3154 2499 tua,
3186 2441 3266 2488 vir
3300 2455 3424 2492 san-

1884 2514 2145 2578 ctissime,
2171 2525 2224 2569 et
2248 2517 2482 2571 admissa
2532 2528 2869 2587 receptaque,
2895 2537 2990 2592 per
3023 2526 3150 2578 mihi
3205 2529 3403 2594 placuit

1886 2601 2092 2671 Quippe
2122 2619 2228 2657 non
2263 2604 2566 2661 inhonestis
2591 2615 2706 2660 erat
2732 2607 3061 2665 indumentis
3085 2617 3294 2678 amicus,
3327 2632 3424 2670 nec

1886 2691 2125 2773 indignis
2148 2694 2354 2748 liberali
2385 2696 2652 2762 sapientia
2681 2707 2770 2750 tua
2798 2715 2812 2751 :
2836 2699 2927 2752 sed
2957 2700 3199 2757 honestis
3246 2707 3424 2773 potius

1885 2789 1939 2837 et
1994 2769 2333 2849 docentibus,
2383 2785 2562 2854 qualia
2622 2795 2801 2841 texere
2863 2769 3423 2849 sacerdotalia—labra

1886 2872 2082 2933 solent,
2112 2888 2230 2942 quae
2254 2873 2521 2942 justitiam
2548 2873 2850 2944 proferunt,
2884 2883 2940 2930 et
2975 2881 3251 2934 veritatem
3283 2897 3428 2948 «tua»

1886 2971 2030 3019 runt.
2066 2963 2400 3032 Quapmpter
2423 2966 2624 3034 accipe,
2675 2966 2818 3033 quod
2847 2981 2944 3035 per
2984 2983 3102 3022 eam
3134 2970 3347 3025 voluisti
3393 2987 3424 3027 ε

1888 3053 2041 3107 nobis
2102 3055 2381 3123 consequi,
2459 3056 2831 3122 responsionis
2901 3059 3090 3113 amica:
3140 3061 3420 3115 talentum.

1886 3141 2118 3205 Petiisti,
2173 3150 2234 3197 ut
2285 3145 2488 3212 scripto
2503 3144 2829 3212 complectar
2853 3183 2870 3211 ,
2892 3146 3052 3207 unde,
3081 3155 3133 3200 et
3158 3152 3425 3217 quomodo

1887 3231 2351 3285 sanctissimorum
2395 3232 2826 3299 patriarcharum
2861 3249 3117 3289 numerus
3143 3239 3424 3305 quinatius

1888 3321 2203 3386 exstiterit;
2261 3335 2380 3389 qua:
2439 3321 2714 3391 privilegia
2750 3327 3026 3379 consecuti
3064 3329 3168 3380 sint
3202 3345 3218 3395 ;
3253 3338 3305 3382 et
3358 3345 3424 3383 an

1891 3410 1963 3463 sit
1997 3410 2134 3461 inter
2157 3423 2251 3462 eos
2281 3410 2576 3463 discrimen
2605 3410 2846 3479 aliquod.
2877 3412 2952 3464 uti
2985 3415 3198 3481 quidam
3247 3419 3426 3486 perhi-

236 3503 452 3553 πάντων
483 3501 834 3570 πατριαρχῶν
866 3503 962 3572 τῆς
998 3503 1332 3565 θεουπόλεως
1368 3507 1607 3575 μεγάλης
1672 3508 1790 3558 Ἀν-

1892 3497 2039 3550 bent.
2074 3494 2378 3550 Scribimus
2405 3513 2535 3566 ergo
2570 3499 2845 3551 sanctitati
2881 3508 3006 3561 tuae,
3033 3512 3262 3557 caeteros
3301 3515 3425 3559 ante

235 3592 470 3660 τιοχείας
496 3592 642 3658 παρὰ
679 3590 769 3642 τοῦ
805 3592 957 3657 ἁγίου
998 3592 1289 3644 ἀποστόλου
1321 3594 1526 3662 Πέτρου
1549 3613 1787 3665 κεχειροο

234 3681 456 3746 τόνηται
493 3680 520 3728 ὀ
568 3679 623 3743 ἐξ
667 3679 978 3746 Ἀντιοχέων
1037 3677 1264 3740 Εὕοδος·
1305 3681 1398 3730 καὶ
1453 3681 1568 3747 μετ’
1608 3681 1785 3748 ὀλίγον

236 3771 340 3820 ὑπὸ
372 3768 462 3819 τοῦ
486 3769 648 3820 αὑτοῦ
675 3749 1022 3838 θεοκήρυκος,
1045 3769 1138 3837 τῆς
1168 3769 1605 3838 Ἐκκλησίαςτῶν
1644 3771 1786 3823 Ἀλε-

235 3859 507 3926 ξανδρέων
537 3858 847 3919 ἐπίσκοπος,
887 3859 913 3908 ὁ
938 3857 1090 3921 ἅγιος
1122 3857 1344 3925 Μάρκος
1390 3859 1781 3926 προϐέϐληται·

234 3947 343 3997 τῶν
379 3945 834 4012 Ἱεροσολυμιτῶν,
859 3947 884 3995 ὁ
906 3945 1053 4008 ἅγιος
1082 3945 1329 4005 Ἰάκωϐος
1353 3961 1366 3975 ο
1401 3948 1493 3998 καὶ
1525 3948 1624 4014 τῆς
1645 3948 1787 4018 Θρᾲ-

236 4055 362 4105 κης.
399 4039 426 4087 ὁ
454 4035 604 4100 ἅγιος
646 4035 911 4103 Ἀνδρέας..
953 4035 1104 4086 Μετὰ
1127 4034 1181 4085 δὲ
1211 4036 1432 4103 χρόνους
1470 4037 1602 4088 ὡσεὶ
1633 4054 1786 4105 τρια-

237 4128 450 4186 κοσίους
489 4128 514 4176 ὁ
567 4126 736 4191 μέγας
772 4127 826 4175 ἐν
887 4126 1178 4194 Πατρὰσιν,
1222 4128 1249 4176 ὁ
1291 4126 1441 4192 ἅγιος
1469 4127 1786 4197 Σίλϐεστρος

241 4215 387 4282 παρὰ
418 4215 509 4264 τοῦ
534 4216 685 4279 ἁγίου
717 4216 1061 4266 ίσαποστὸὶου
1097 4216 1329 4283 μεγάλου
1359 4218 1781 4284 Κωνσταντίνου,

236 4308 361 4374 ἄρτι
407 4306 636 4373 πρώτως
694 4306 1177 4373 ὀρθοδοξήσαντος,
1225 4309 1412 4368 πάπας
1448 4308 1541 4359 τοῦ
1598 4308 1782 4378 θρόνου

236 4399 338 4462 τῆς
374 4397 608 4457 παλαιᾶς
649 4384 862 4462 Ῥώμης
909 4397 1240 4462 ὠνόμασται,
1271 4397 1503 4467 καθὼςὴ
1541 4400 1783 4464 φιλόθεος

237 4483 470 4550 ἱστορία,
504 4486 595 4535 καὶ
625 4485 679 4534 αἱ
714 4483 894 4535 λοιπαὶ
941 4485 1380 4551 ἐκκλησιαστικαὶ
1413 4488 1639 4554 ἱστορίαι
1667 4488 1782 4539 δια-

237 4576 620 4643 )αμϐάνουσιν.
668 4575 724 4625 Ὀ
750 4574 805 4624 δέ
831 4575 1001 4642 μέγας
1031 4574 1214 4641 θρόνος
1231 4576 1325 4642 τῆς
1349 4577 1782 4630 Κωνσταντινου·

239 4668 467 4727 πόλεως,
495 4665 551 4716 τὸ
577 4663 895 4732 περιϐόητον
916 4662 1071 4714 τοῦτο
1100 4664 1189 4714 καὶ
1212 4667 1438 4732 πρᾶγμα
1467 4664 1561 4716 καὶ
1591 4664 1781 4733 θνομα,

240 4757 564 4824 Πειρινθίοις
595 4754 947 4821 ὑποκείμενος
980 4754 1279 4822 (Πείρινθος
1309 4755 1363 4806 δέ
1393 4758 1538 4807 ἐστιν
1571 4758 1604 4825 ἡ
1634 4756 1780 4809 δυτι-

238 4850 309 4916 κὴ
356 4846 668 4916 Ἡράκλεια)
715 4845 881 4897 ἐτέλει
936 4844 1040 4896 ὑπὸ
1099 4845 1410 4897 ἐπίσκοπον.
1465 4846 1630 4900 Οὕπω
1671 4849 1780 4917 γὰρ

241 4920 598 5003 μεγαλόπολις
623 4936 655 5003 ἡ
686 4934 1248 4996 Κωνσταντινούπολις
1278 4934 1604 5002 ὠνομάζετο,
1643 4937 1781 4990 ἀλλά

238 5027 528 5094 πολίχνιον,
573 5025 663 5075 καὶ
715 5022 1024 5085 Βυζάντιον.
1079 5024 1520 5092 Μετενεχθέντων
1570 5026 1625 5077 δὲ
1675 5026 1782 5078 τῶν

239 5120 531 5184 σκήπτρων
559 5113 656 5182 τῆς
699 5113 970 5180 βασιλείας
1013 5114 1119 5165 ἀπὸ
1150 5114 1246 5181 τῆς
1290 5113 1526 5176 παλαιᾶς⁵
1565 5115 1782 5185 Ῥώμης

239 5210 295 5256 εν
324 5205 482 5271 αὐτῇ,
519 5210 656 5256 κατὰ
682 5201 826 5253 θείαν
850 5203 943 5253 xui.
978 5203 1284 5272 ἀπόρρητον
1312 5203 1591 5271 Πρόνοιαν,
1626 5205 1701 5266 ὼς
1724 5206 1783 5269 ἐξ

238 5295 546 5363 ἀγριελαίου
574 5294 650 5354 είς
683 5292 1037 5355 καλλιέλαιον,
1073 5295 1233 5345 ὀτότε
1257 5294 1657 5363 ἀρχιερατεύων
1690 5296 1787 5364 τῆς

257 5384 582 5452 Ἐκκλησίας
603 5383 695 5435 τοῦ
731 5382 972 5434 τοιούτου
1014 5383 1202 5452 θρόνου
1228 5383 1376 5450 ἅγιος
1397 5386 1784 5456 Μητροφάνης,

242 5479 304 5541 ἐξ
330 5475 624 5528 ἐπισκόπου
661 5473 1050 5541 μετωνομάσθη
1079 5475 1521 5542 ἀρχιεπίσκοπος.
1548 5475 1642 5527 Διὰ
1683 5477 1787 5541 γὰρ

244 5567 401 5618 τοῦτο
431 5563 520 5615 καὶ
556 5567 587 5632 ὴ
616 5563 800 5631 πρώτη
853 5563 984 5629 ἁγία
1013 5562 1370 5639 οἰκουμενικὴ
1406 5562 1619 5624 σύνοδος
1655 5582 1788 5632 μνη-

246 5658 550 5726 μονεύσασα
569 5658 660 5707 καὶ
683 5656 773 5707 τοῦ
803 5656 990 5722 θρόνου
1020 5656 1112 5722 τῆς
1149 5657 1786 5719 Κωνσταντινουπόλεως,

1889 3587 2228 3653 patriarchas
2254 3601 2463 3646 omnes.
2491 3603 2519 3639 a
2555 3596 2745 3640 sancto
2779 3589 2941 3643 Petro
2969 3594 3212 3658 apostolo
3257 3595 3426 3648 fuisse

1888 3675 2197 3729 ordinatum
2223 3690 2429 3742 magna
2451 3676 2593 3730 illius
2620 3680 2916 3732 Antiochia:
2941 3683 3256 3748 antistitem,
3289 3683 3426 3737 Evo-

1886 3763 2012 3816 dunt
2040 3763 2434 3815 Antiochenum
2463 3780 2477 3826 ;
2503 3774 2552 3816 et
2580 3766 2738 3832 paulo
2769 3773 2908 3832 post,
2940 3766 3007 3818 ah
3059 3769 3242 3822 eodem
3293 3787 3429 3839 prm-

1887 3851 2254 3914 conedivino,
2315 3854 2628 3920 episcopum
2669 3855 3046 3908 Alexandrinae
3111 3859 3426 3924 praefectum

1886 3943 2168 4006 Ecclesiae,
2249 3952 2494 3996 sanctum
2556 3941 2836 4006 Marcum;
2911 3945 3425 4017 llierosolymitanm.

1887 4044 2133 4086 sanctum
2158 4031 2417 4086 Jacobum
2446 4050 2461 4097 ;
2491 4031 2809 4093 Thraceusi,
2838 4044 3080 4087 sanetum
3131 4039 3423 4094 Andream.

1887 4124 2015 4178 Post
2049 4137 2220 4176 annos
2277 4136 2404 4174 vero
2437 4123 2591 4190 quasi
2660 4130 2953 4186 trecentos,
3015 4141 3241 4194 magnus
3291 4130 3432 4183 inter

1886 4214 2102 4275 Patres,
2128 4221 2182 4266 et
2203 4220 2425 4265 sanctus
2448 4213 2526 4264 \‘ir
2548 4211 2828 4276 Silvestcr,
2855 4229 2880 4265 a
2909 4224 3098 4268 sancto
3129 4227 3181 4270 et
3211 4229 3430 4285 aposto-

1886 4305 1953 4359 lis
1992 4303 2128 4372 pari,
2159 4317 2353 4371 magno
2397 4303 2490 4356 illo
2519 4301 2901 4365 Constantino,
2935 4305 3024 4370 qui
3067 4319 3268 4360 rectam
3329 4310 3426 4362 do-

1885 4393 2115 4447 ctrinam
2140 4406 2331 4445 recens
2354 4392 2632 4458 amplexus
2655 4391 2846 4456 fuerat,
2878 4394 2995 4446 solii
3027 4396 3216 4462 prisca:
3245 4396 3428 4453 Romae

1885 4496 2022 4551 papa
2050 4481 2153 4535 fuit
2190 4481 2522 4548 appellatus;
2544 4480 2995 4548 quemadmodum
3028 4483 3251 4540 historia
3301 4489 3426 4542 reli-

1886 4572 2058 4640 giosa,
2089 4586 2211 4623 cum
2244 4570 2455 4624 caeteris
2491 4569 2732 4623 historiis
2775 4571 3181 4635 ecclesiasticis,
3241 4578 3426 4632 tradit.

1888 4661 2116 4730 Magnus
2153 4666 2332 4713 autem
2386 4660 2614 4712 thronus
2658 4659 2748 4712 ille
2791 4658 3312 4732 Constantinopolis,
3369 4681 3427 4718 re

1885 4751 2090 4818 pariter
2119 4762 2184 4801 ac
2222 4748 2439 4801 nomine
2477 4747 2717 4800 famosus
2743 4784 2758 4808 ,
2807 4745 3097 4804 Perinthiis
3146 4752 3431 4821 subjectus

1893 4840 1997 4909 (est
2025 4846 2203 4891 autem
2272 4837 2581 4900 Perinthus,
2617 4837 2962 4892 occidentalis
3001 4838 3279 4911 Heraclea)
3319 4847 3431 4911 epi-

1891 4944 2057 4998 scopo
2091 4929 2330 4998 parebat.
2359 4927 2593 4981 Necdum
2618 4929 2759 4981 enim
2779 4929 2907 4982 urbs
2931 4944 3142 4997 magna,
3176 4934 3256 4986 vel
3285 4935 3429 4987 Con-

1890 5018 2273 5086 stantinOpolis
2300 5019 2704 5086 appellabatur;
2737 5017 2827 5070 sed
2872 5019 3126 5086 Oppidum
3151 5029 3204 5074 et
3228 5020 3433 5091 Byzan-

1889 5115 2048 5165 tium.
2083 5109 2216 5163 Cum
2249 5117 2425 5163 autem
2459 5109 2667 5177 imperii
2709 5118 2923 5176 sceptra
2953 5125 3015 5161 ex
3049 5113 3210 5164 reteri
3237 5112 3428 5180 Roma,

1893 5203 2076 5259 divina
2129 5211 2181 5254 et
2270 5199 2525 5254 ineffabili
2609 5199 2978 5262 Providentia,
3035 5209 3288 5268 tanquam
3363 5221 3432 5260 ex

1892 5296 2125 5349 oleastro
2181 5293 2235 5345 in
2269 5292 2499 5350 olivam,
2547 5291 2649 5344 huc
2703 5291 2962 5342 translata
3020 5291 3290 5351 fuissent:
3339 5298 3432 5363 qui

1890 5395 2021 5438 tunc
2048 5383 2318 5454 pontificia
2343 5397 2466 5434 cum
2491 5381 2813 5434 auctoritate
2845 5382 3037 5434 throno
3070 5383 3231 5450 hujus
3258 5386 3435 5439 cccle-

1893 5477 1983 5530 size
1998 5483 2244 5544 prmerat,
2264 5481 2486 5526 sanctus
2518 5473 2605 5525 ille
2619 5470 2993 5538 Metrophanes
3014 5512 3028 5534 ,
3053 5487 3117 5525 ex
3157 5473 3433 5544 episc0po,

1897 5569 2112 5620 nomine
2138 5574 2365 5628 mutato,
2421 5572 2644 5616 vocatus
2681 5559 2782 5613 fuit
2823 5561 3283 5630 archiepiscopus.
3313 5563 3438 5618 Ete-

1899 5659 2005 5710 nim
2067 5657 2270 5709 idcirco
2325 5657 2492 5723 prima
2558 5661 2744 5706 sancta
2799 5651 3038 5719 synodus
3093 5653 3434 5719 universalis,
