4004 6500
595 355 723 421 ιοιδ

1812 370 1855 429 Τ
1864 374 1912 431 ΙΙ
1926 371 2083 435 BOD.
2124 375 2208 431 BA
2224 370 2591 432 LSAMONIS

3648 364 3771 430 1616

602 478 868 531 mentione
900 479 1075 533 throni
1125 480 1709 553 Constantinopolitani
1756 488 1914 547 facta,
1945 488 2118 541 Roma:

2225 488 2451 542 δέδωκεν
2482 491 2617 559 αὐτῇ
2647 490 2711 543 τά
2741 492 2998 561 πρεσϐεία
3021 496 3116 559 τῆς
3151 494 3380 558 παλαιᾶς
3414 497 3655 567 Ῥώμης,
3683 505 3763 555 διὰ

596 569 789 621 veteris
837 568 910 620 illi
945 570 1231 623 honoraria
1268 571 1381 639 jura
1428 575 1636 639 tribuit,
1668 587 1946 645 propterea
1982 580 2122 647 quod

596 656 825 715 csset(ut
855 656 1026 724 ipsius
1052 659 1229 712 verbis
1282 661 1421 730 utar)
1446 661 1612 717 Roma
1642 680 1777 719 nova
1814 683 1828 718 :
1865 668 2123 736 quemad-

593 745 809 797 modum
869 744 982 797 haec
1034 746 1269 801 secundo
1319 758 1372 800 et
1432 751 1590 804 tertio
1633 754 1819 819 synodi
1886 752 2122 819 ejusdem

592 848 801 887 canone
852 836 1219 889 declarantur.
1280 835 1347 890 Ut
1403 850 1579 892 autem
1624 844 1795 894 bonus
1846 844 1997 901 ordo,
2038 857 2123 895 res

591 925 832 976 omnium
883 926 1267 993 pulcherrima,
1347 930 1401 980 in
1495 927 1852 983 Ecclesiarum
1911 946 2124 999 quoque

589 1013 855 1080 capitibus
902 1016 1141 1082 perinde,
1196 1025 1459 1081 servetur,
1517 1026 1673 1086 atque
1722 1020 2034 1073 caelestibus
2070 1021 2122 1073 in

585 1104 864 1156 ordinibus
893 1145 906 1169 ,
957 1103 1134 1156 divina
1168 1113 1220 1157 et
1255 1106 1569 1162 universalis
1624 1116 1809 1161 sancta
1861 1110 2119 1177 synodus,

591 1191 643 1242 in
702 1189 887 1243 Trullo
928 1192 1148 1258 majoris
1209 1193 1386 1259 palatii
1420 1206 1623 1259 coacta,
1665 1211 1780 1263 qua!
1833 1200 2019 1265 quinta
2071 1206 2125 1251 et

584 1293 733 1337 sexta
766 1284 989 1339 dicitur.
1026 1284 1141 1337 haec
1173 1285 1387 1338 disertis
1417 1287 1597 1340 verbis
1655 1287 1909 1341 decrevit.

654 1373 965 1427 Renovantes
989 1391 1071 1437 ea,
1103 1390 1219 1443 qua:
1244 1391 1275 1427 a
1298 1385 1499 1428 centum
1523 1378 1899 1445 quinquaginta
1927 1379 2122 1431 sanctis

586 1462 853 1523 l’atribus,
880 1464 932 1514 in
960 1465 1219 1516 custodita
1251 1466 1499 1517 divinitus
1534 1476 1581 1517 et
1631 1467 1966 1533 imperatoria
1999 1470 2122 1521 urbe

580 1552 885 1619 congressis,
932 1562 979 1604 et
1032 1569 1061 1604 a
1101 1555 1351 1605 sexcentis
1405 1570 1464 1605 ac
1502 1555 1735 1622 triginta,
1773 1557 1862 1623 qui
1908 1555 2119 1610 Chalce-

578 1649 711 1694 done
758 1652 1122 1697 convenerunt.
1176 1644 1379 1694 sancito
1431 1653 1550 1695 sunt
1609 1662 1625 1694 .·
1669 1644 2006 1708 decernimus,
2065 1657 2119 1698 ut

578 1732 791 1786 t/tronus
887 1733 1362 1799 Constantinopolis
1455 1733 1735 1800 tequalibus
1825 1738 2118 1788 honorariis

575 1834 785 1888 [matur
823 1821 1028 1889 juribus
1062 1822 1247 1888 quibus
1276 1823 1456 1874 veteris
1480 1821 1657 1876 Romae
1686 1824 1936 1879 thronus:
1967 1835 2120 1892 utque

574 1925 751 1976 parem
780 1924 895 1960 cum
934 1909 1024 1959 illo
1048 1908 1409 1960 ecclesiasticis
1448 1910 1498 1961 in
1540 1911 1688 1963 rebus
1723 1912 2116 1979 amplitudinem

574 1998 821 2055 obtineat.
852 2007 897 2049 et
930 1997 991 2047 ab
1020 1995 1108 2047 illo
1140 1995 1397 2048 secundus
1422 1997 1489 2048 sit
1523 2013 1539 2047 :
1565 2007 1677 2061 post
1714 2015 1888 2065 quam,
1919 2016 2119 2068 magna:

574 2088 715 2138 urbis
767 2085 1140 2138 Alexandrina
1221 2085 1434 2138 thronus
1498 2097 1795 2138 numeretur
1845 2104 1862 2138 :
1911 2089 2113 2151 deinde.

575 2176 923 2230 Antias/tenus
971 2191 987 2226 :
1032 2185 1079 2227 et
1151 2184 1263 2242 post
1330 2176 1483 2239 hunc,
1552 2175 1691 2228 urbis
1743 2176 2117 2248 Hierosolymi-

574 2276 711 2320 tante
767 2266 1000 2317 thronus.
1037 2263 1321 2332 Propterea
1354 2265 1647 2317 secundum
1700 2265 1773 2331 id,
1820 2268 1963 2335 quod
2017 2268 2117 2322 hoc

574 2373 778 2412 canone
833 2359 1161 2417 continetur,
1213 2372 1277 2407 ex
1326 2370 1389 2409 eo
1448 2365 1689 2425 tempore
1752 2359 1857 2412 huc
1923 2375 2115 2427 usque,

574 2446 1039 2497 sanctissimorum
1070 2444 1297 2496 istorum
1331 2444 1572 2510 quinque
1603 2446 1859 2499 soliorum
1895 2463 2117 2517 magnos

574 2533 854 2601 pontiﬁces
880 2546 975 2600 per
1007 2530 1193 2584 orbem
1219 2528 1526 2583 universum
1565 2531 1665 2584 hoc
1697 2534 1857 2585 modo
1897 2549 2118 2588 venera—

576 2640 717 2675 mur.
754 2621 958 2675 Etenim
990 2623 1131 2688 iusta
1156 2635 1304 2688 papze
1335 2620 1533 2673 veteris
1558 2620 1737 2674 Reum
1768 2626 1833 2675 ab
1861 2623 2117 2678 Ecclesiis

574 2712 863 2776 abscissio,
899 2711 1140 2766 .minime
1189 2710 1429 2763 ordinem
1483 2714 1802 2765 canonicum
1862 2714 2113 2769 abolevit.

573 2804 835 2857 Praeterea
896 2803 1100 2869 primus
1166 2800 1420 2854 adversus
1477 2803 1771 2855 secundum
1831 2819 1952 2859 sese
2010 2820 2115 2859 non

572 2893 751 2955 effert,
809 2904 979 2957 neque
1032 2887 1306 2943 secundus
1375 2890 1633 2944 adversus
1686 2890 1901 2945 tertium
1970 2896 2116 2947 :sed

572 2998 696 3037 cum
743 2982 917 3035 instar
954 2980 1194 3048 quinque
1238 2992 1496 3032 sensuum
1558 2980 1750 3046 capitls
1800 2982 1962 3037 unius
2002 2984 2113 3051 (qui

2224 576 2284 627 τὸ
2314 573 2448 627 εἶναι
2483 577 2682 647 ταύτην
2705 578 2879 648 (φησὶ)
2910 581 3033 632 νέαν
3080 582 3315 649 Ῥώμην.
3347 583 3532 647 καθὼς
3582 586 3764 655 δηλοῦς

2238 683 2327 718 ται
2356 669 2422 719 τὰ
2454 671 2579 737 περὶ
2631 673 2819 721 τούτου
2874 671 2980 721 άπὸ
3022 672 3114 721 τοῦ
3167 672 3422 741 δευτέρου
3466 676 3565 726 καὶ
3595 678 3765 745 τρίτου

2225 756 2438 817 κανόνος
2472 759 2569 823 τῆς
2594 757 2760 826 αὐτῆς
2789 760 3023 810 συνόδου.
3055 759 3170 811 Ἵνα
3194 760 3249 811 δὲ
3266 761 3324 812 τδ
3340 761 3630 815 κάλλιστον
3644 766 3767 832 κρῆς

2226 860 2297 911 μα
2333 845 2428 912 τῆς
2460 845 2709 908 εὐταξίας
2753 848 2847 899 καὶ
2893 849 2970 909 el;
3005 848 3099 909 τὰς
3148 849 3389 915 κεφαλάς
3434 850 3769 921 φυλάττηται

2222 933 2328 983 τῶν
2359 932 2709 1000 Ἐκκλησιῶν,
2725 933 2909 1003 ὥσπερ
2930 936 3021 987 καὶ
3051 938 3129 998 είς
3148 936 3215 987 τά
3235 937 3462 1004 οὐράνια
3496 940 3767 1007 τάγματα,

2224 1020 2418 1089 ὥρισεν
2447 1024 2479 1090 ἡ
2507 1022 2564 1073 ὲν
2591 1022 2667 1091 τῷ
2689 1023 2941 1093 Τρούλλῳ
2968 1024 3061 1076 τοῦ
3099 1026 3331 1092 μεγάλου
3366 1026 3631 1080 παλατίου
3677 1044 3767 1079 συ-

2226 1112 2397 1163 στᾶσα
2438 1112 2555 1164 Θεία
2604 1113 2695 1165 καὶ
2732 1114 3076 1182 οἰκουμενικὴ
3125 1116 3257 1181 άγία
3307 1115 3552 1181 σύνοδος,
3595 1120 3629 1185 η
3682 1119 3772 1170 καὶ

2229 1199 2491 1269 πενθέκτη
2527 1202 2811 1271 λεγομένη,
2840 1203 3011 1256 ταῦτα
3032 1205 3228 1273 ῥητῶς.

2290 1382 2731 1446 Ἀνανεούμενοι
2772 1382 2839 1432 τὰ
2883 1384 3040 1447 παρὰ
3088 1382 3202 1433 τῶν
3232 1382 3324 1449 ρν¹
3363 1386 3549 1451 ἁγίων
3590 1385 3770 1438 Πατέ-

2214 1484 2358 1533 ρων,
2389 1467 2505 1519 τῶν
2531 1469 2597 1519 ἐν
2641 1466 2712 1533 τῇ
2738 1468 3119 1534 θεοφυλάκτῳ
3145 1470 3242 1521 καί
3267 1471 3548 1532 βασιλίδι
3598 1474 3770 1526 πόλει

2220 1558 2648 1617 συνελθόντων,
2687 1556 2782 1607 καί
2818 1554 2934 1609 τῶν
2967 1557 3296 1619 ἑξακοσίων
3318 1559 3636 1624 τριάκοντα
3658 1560 3774 1613 τῶν

2219 1646 2286 1696 ἐν
2349 1642 2681 1709 Χαλκηδόνι
2755 1646 3170 1699 συνελθόντων
3220 1649 3735 1716 νενομοθετημένα
3755 1666 3767 1678 ·

2222 1731 2517 1797 ὁρίζομεν,
2557 1730 2708 1783 ὥστε
2754 1732 2859 1783 τὸν
2918 1733 3024 1799 τῆς
3074 1738 3771 1803 Κωνσταντινουπόλεως

2220 1823 2431 1886 θρόνον
2458 1820 2573 1872 τῶν
2613 1822 2761 1873 ἴσων
2796 1822 3123 1876 ἀπολαύειν
3151 1827 3481 1890 πρεσϐείων
3519 1829 3627 1881 τοῦ
3662 1829 3769 1894 τῆς

2219 1911 2618 1976 πρεσϐυτέρας
2656 1909 2876 1976 Ῥώμης
2909 1912 3145 1976 θρόνου,
3173 1913 3269 1964 καὶ
3296 1914 3365 1964 ἐν
3404 1914 3531 1977 τοῖς
3550 1916 3769 1981 ἐκκλη-

2217 2000 2547 2061 σιαστικοῖς
2574 2000 2651 2063 ὡς
2680 1998 2912 2051 ἐκεῖνον
2932 2001 3385 2067 μεγαλύνεσθαι
3433 2002 3760 2069 πράγμασι.

2217 2088 2493 2155 δεύτερον
2523 2090 2646 2154 μετ’
2671 2088 2902 2142 ἐκεῖνον
2935 2089 3282 2156 ὑπάρχοντα
3301 2104 3314 2117 ³
3350 2091 3481 2157 μεθ’
3517 2090 3588 2143 ὃν
3612 2094 3645 2143 ό
3664 2089 3769 2157 τῆς

2230 2174 2664 2242 Ἀλεξανδρείας
2676 2178 3130 2244 μεταλοπόλεως
3155 2177 3510 2242 ἀριθμείσθω
3537 2178 3769 2243 θρόνος·

2217 2262 2341 2318 εἶτα
2357 2269 2388 2319 ό
2412 2265 2519 2332 τῆς
2547 2266 2664 2317 τῶν
2682 2266 3052 2332 Ἀντιοχέωνο
3075 2266 3171 2319 καὶ
3189 2267 3338 2333 μετὰ
3364 2268 3599 2329 τοῦτον,
3618 2272 3649 2321 ὀ
3664 2269 3771 2333 τῆς

2216 2352 2335 2405 τῶν
2391 2352 2880 2421 Ἱεροσολυμιτῶν
2934 2356 3181 2418 πόλεως.
3216 2356 3306 2407 Διὸ
3335 2358 3425 2407 καὶ
3485 2358 3626 2408 κατὰ
3675 2359 3773 2424 τὴν

2216 2444 2405 2495 τούτου
2432 2443 2744 2513 περίληψιν,
2781 2444 2962 2496 ἔκτοτε
2988 2447 3081 2497 καὶ
3123 2447 3281 2515 μέχρι
3312 2447 3406 2496 τοῦ
3443 2446 3539 2497 νῦν
3575 2452 3625 2498 οι
3664 2448 3769 2497 τῶν

2216 2531 2469 2583 τοιούτων
2502 2531 2658 2583 πέντε
2692 2532 3006 2597 ἁγιωτάτων
3066 2532 3268 2600 Θρὸνων
3306 2531 3531 2598 μεγάλοι
3587 2534 3770 2599 ἀρχιε-

2217 2625 2327 2689 ρεῖς
2354 2621 2492 2699 οὕτω
2517 2622 2657 2672 κατὰ
2703 2623 2883 2672 πᾶσαν
2916 2622 3012 2687 τὴν
3050 2621 3375 2687 οἰκουμένην
3429 2617 3768 2679 σεὸάζονται.

2217 2709 2323 2761 Τοῦ
2352 2710 2459 2778 γὰρ
2488 2711 2645 2761 πάπα
2697 2710 2793 2776 τῆς
2830 2709 3061 2770 παλαιᾶς
3113 2708 3330 2776 Ῥώμης
3378 2710 3415 2776 ἡ
3465 2709 3653 2760 δικαία
3706 2710 3771 2759 lx

2216 2802 2322 2852 τῶν
2364 2799 2698 2867 Ἐκκλησιῶν
2749 2798 2978 2867 ὲκκοπὴ,
3018 2799 3116 2868 τὴν
3169 2800 3459 2867 κανονικὴν
3521 2797 3772 2861 εὐταξίαν

2217 2890 2314 2942 οὐκ
2344 2890 2665 2958 ἐλυμήνατο.
2696 2889 2854 2957 Παρὰ
2878 2888 3034 2940 τοῦτο
3060 2889 3135 2953 δὲ,
3166 2888 3259 2940 τοῦ
3287 2888 3544 2957 δευτέρου
3575 2890 3603 2939 ὁ
3627 2888 3771 2955 πρῶ-

2217 2996 2305 3041 τος
2339 2981 2397 3031 ού
2440 2978 2867 3049 κατεπαίρεται,
2923 2979 3040 3029 οὐδὲ
3073 2977 3164 3028 τοῦ
3199 2978 3382 3047 τρίτου
3406 2979 3434 3028 ὁ
3480 2979 3767 3045 δεύτερος·

575 3085 655 3129 tot
683 3088 805 3127 esse
835 3084 1059 3125 numero
1088 3069 1364 3129 dicuntur,
1392 3082 1489 3121 nec
1517 3068 1831 3125 dividuntur
1858 3081 2032 3126 tamen
2060 3074 2114 3127 in

2223 3070 2334 3121 ἀλλ’
2374 3069 2447 3130 ὡς
2479 3068 2760 3136 αἰσθήσεις
2788 3069 2945 3119 πέντε
2982 3069 3107 3136 μιᾶς
3141 3068 3381 3135 κεφαλῆς
3431 3068 3774 3136 ἀριθμούμε-

506 3150 510 3157 ’
574 3168 779 3231 partes)
811 3157 951 3227 apud
998 3157 1252 3226 populum
1292 3154 1659 3209 Christianum
1690 3158 2005 3222 habeantur,
2038 3162 2115 3213 di-

582 3253 787 3322 gnitate
836 3250 1186 3304 nihilominus
1232 3263 1388 3317 pares
1436 3258 1560 3302 sunt
1620 3250 1673 3303 in
1722 3250 2009 3313 euntibus;
2063 3260 2115 3305 et

575 3358 695 3396 cum
745 3340 921 3408 capita
958 3350 1267 3393 sanctarum
1308 3352 1401 3405 per
1435 3339 1744 3392 universum
1780 3342 1962 3392 orbem
2011 3339 2114 3393 Ec-

577 3430 863 3484 clesiarum
912 3426 1002 3479 Dei
1048 3426 1169 3494 jure
1202 3426 1472 3489 dicantur,
1510 3426 1689 3479 locum
1728 3427 1779 3479 iu
1812 3429 1889 3481 eis
1921 3429 2114 3482 discri-

577 3537 696 3573 men
741 3520 807 3572 ab
852 3517 1165 3571 hominibus
1216 3526 1475 3570 statutum
1516 3515 1711 3569 habere
1758 3531 1861 3569 non
1892 3526 2110 3585 potest:

581 3625 750 3677 neque
793 3610 857 3662 de
895 3607 1157 3661 sententia
1210 3605 1565 3674 quorumdam
1613 3622 1717 3659 non
1768 3609 1946 3674 magni
2002 3624 2116 3668 inu-

581 3699 742 3749 mrnti
791 3712 875 3748 res
923 3695 1280 3756 alferentium,
1341 3710 1489 3762 papae
1540 3694 1783 3747 Romano
1833 3704 2112 3763 prepterea

578 3786 635 3839 ﬁt
686 3784 915 3854 injuria,
961 3784 1102 3851 quod
1162 3783 1276 3850 ipse
1329 3793 1546 3850 propter
1603 3784 1833 3836 litteram
1883 3782 1928 3835 ιι
1980 3782 2111 3853 (57),

579 3879 622 3931 si
658 3877 955 3929 litterarum
991 3873 1395 3925 collocationem
1431 3873 1801 3939 respiciamus,
1830 3876 2019 3927 tertius
2062 3876 2113 3928 in

577 3963 764 4014 ordine
792 3960 897 4021 sit;
929 3969 978 4011 et
1007 3958 1191 4011 eadem
1236 3958 1444 4009 ratione
1481 3956 2115 4026 Constantiuopolitanus

580 4068 669 4118 per
693 4050 741 4105 C
767 4050 1001 4102 litteram
1024 4048 1340 4107 honoretur,
1375 4060 1437 4097 ac
1455 4046 1688 4113 priorem
1723 4048 1896 4100 locum
1928 4063 2117 4102 conse-

579 4150 796 4210 quatur.
850 4138 955 4189 Nec
1001 4135 1285 4189 offensioni
1337 4141 1520 4201 aperta
1564 4134 1794 4188 fenestra
1845 4134 1947 4189 fuit
1978 4138 2118 4191 inter

581 4228 995 4284 Alexandrinum
1023 4236 1075 4278 et
1110 4223 1520 4286 Antiochenum,
1560 4233 1777 4291 propter
1799 4224 1843 4275 Α
1864 4225 2114 4291 litteram,

580 4323 725 4375 velut
760 4332 945 4372 eorum
999 4315 1234 4383 quolibet
1280 4315 1454 4367 locum
1501 4313 1601 4367 sibi
1661 4314 1895 4381 priorem
1943 4314 2119 4368 vindi-

2221 3176 2306 3211 ναι
2338 3160 2431 3211 καὶ
2457 3158 2531 3226 μὴ
2580 3156 2951 3225 μεριζόμεναι,
2994 3157 3140 3225 παρὰ
3164 3156 3241 3224 τῷ
3272 3158 3637 3225 χριστωνύμῳ
3665 3155 3775 3223 λαῷ

2220 3247 2573 3314 λογιζόμενοι,
2612 3245 2878 3312 ἰσοτιμίαν
2921 3246 2977 3295 ὲν
3000 3244 3196 3295 ἅπασιν
3237 3244 3444 3311 έχουσι,
3486 3246 3581 3294 καὶ
3607 3244 3770 3310 κάραι

2219 3336 2325 3389 τῶν
2358 3336 2495 3388 κατὰ
2538 3336 2716 3386 πᾶσαν
2758 3333 2857 3401 τὴν
2885 3333 3204 3401 οἰκουμένην
3235 3333 3406 3398 ἁγίων
3443 3332 3774 3399 Ἐκκλησιὼν

2221 3427 2311 3479 τοῦ
2351 3427 2486 3481 Θεοῦ
2516 3428 2735 3486 δικαίως
2767 3426 3105 3492 καλούμενοι,
3133 3424 3394 3491 διαφοράν
3429 3423 3776 3490 ἀνθρωπίνην

2220 3517 2280 3567 οὐ
2313 3517 2641 3585 πάσχουσιν·
2683 3517 2802 3567 οὐδὲ
2837 3516 2976 3567 κατά
3012 3513 3436 3583 σμικρολόγους.
3494 3512 3523 3562 ὁ
3596 3514 3772 3570 mina;

2229 3607 2445 3674 Ῥώμης
2465 3607 2800 3675 ὑδριοπαθεῖ,
2818 3608 2896 3657 ὅτι
2924 3606 3080 3663 αὐτὸς
3112 3606 3206 3671 μὲν
3228 3604 3313 3655 διὰ
3335 3604 3427 3653 τοῦ
3452 3605 3492 3654 Ρ
3512 3603 3773 3670 στοιχείου

2220 3699 2487 3766 τρίτοςτῇ
2519 3697 2662 3747 Θέσει
2717 3696 2823 3747 τῶν
2881 3698 3219 3763 γραμμάτων
3274 3694 3771 3761 κατεστοιχείωτατ,

2219 3787 2245 3836 ὁ
2282 3784 2338 3835 δὲ
2367 3784 2979 3845 Κωνσταντινουπόλεως
3016 3785 3104 3837 διὰ
3150 3784 3242 3836 τοῦ
3297 3785 3347 3835 Κ
3398 3784 3630 3851 τιμᾶται
3685 3783 3777 3833 καὶ

2234 3876 2641 3946 προτερεύεται.
2696 3878 2826 3929 Οὐδὲ
2865 3877 3154 3930 σκανδάλου
3200 3877 3432 3941 πάροδος
3463 3876 3655 3943 γέγονε
3688 3876 3778 3942 μέ-

2226 3982 2316 4017 σον
2345 3965 2438 4017 τοῦ
2482 3965 2881 4033 Ἀλεξανδρείας
2917 3967 3011 4017 καὶ
3062 3964 3156 4016 τοῦ
3217 3965 3565 4033 Ἀντιοχείας,
3621 3964 3775 4031 χάριν

2222 4055 2313 4107 τοῦ
2345 4056 2488 4121 ἄλφα
2534 4054 2913 4123 στοιχείου,ὠς
2964 4054 3194 4105 ἑκάστου
3248 4054 3430 4105 αὐτῶν
3481 4054 3776 4121 ίδιουμένου

2226 4144 2315 4195 τὸν
2349 4148 2608 4212 πρότερον
2628 4160 2641 4173 ·
2677 4144 2789 4195 ἀλλ’
2822 4143 2969 4195 ὥσπε
2979 4160 3009 4210 ρ
3036 4145 3068 4211 ἡ
3109 4142 3306 4204 πεντάς
3332 4142 3441 4194 τῶν
3475 4142 3778 4211 αἰσθήσεων

2228 4236 2426 4302 στοιχεί
2450 4235 2512 4301 τῇ
2540 4233 2818 4284 διαπλάσει
2846 4233 2937 4283 τοῦ
2974 4232 3347 4300 ἀρχιτέκτονος
3394 4233 3490 4282 καὶ
3544 4231 3777 4282 πλάστου

2226 4321 2383 4383 Θεοῦ,
2412 4322 2504 4372 καὶ
2532 4320 2590 4370 οὑ
2624 4320 2945 4387 κατατρέχει
2972 4318 3131 4386 τυχὸν
3176 4319 3209 4387 ἡ
3236 4318 3425 4385 ὅρασις
3441 4316 3543 4383 τῆς
3573 4317 3775 4383 despu-

577 4418 736 4462 cante
776 4426 788 4461 :
821 4407 915 4461 sed
938 4404 1390 4473 quemadmodum
1417 4402 1696 4471 quinarius
1728 4404 1815 4458 illc.
1842 4419 2118 4470 sensuum,

2231 4428 2385 4472 σεως,
2439 4411 2557 4461 οὐδὲ
2584 4413 2614 4478 ἡ
2645 4410 2782 4478 ἀκοὴ
2808 4410 2907 4477 τῆς
2939 4410 3079 4477 ἁφῆς
3111 4410 3203 4460 καὶ
3246 4410 3343 4475 τῆς
3396 4408 3663 4473 γεύσεως,
3696 4410 3778 4459 ὅτι

580 4498 856 4552 architecti
907 4505 960 4549 et
989 4495 1285 4549 conditoris
1325 4493 1415 4547 Dei
1469 4492 1775 4547 formationi
1813 4496 2117 4561 respondet,

582 4602 680 4641 nec
711 4595 958 4654 aspectus
986 4586 1155 4657 (verhi
1190 4584 1381 4652 gratia)
1407 4583 1714 4645 odoratum,
1762 4600 1859 4638 nec
1903 4586 2121 4640 auditus

582 4685 780 4730 tactum
847 4676 925 4729 vel
977 4683 1246 4743 gustatum
1304 4674 1569 4727 hostiliter
1612 4688 1729 4726 eam
1780 4675 1849 4727 ob
1903 4688 2120 4727 causam

584 4765 808 4829 invadit,
850 4767 989 4832 quod
1007 4780 1191 4817 eorum
1217 4763 1432 4817 nomina
1467 4762 1603 4815 forte
1622 4763 1713 4814 tali
1746 4763 1885 4815 serie
1914 4778 1943 4815 a
1963 4764 2123 4817 nobis

2230 4500 2357 4567 παρ’
2390 4502 2519 4567 ἡμῖν
2574 4500 2714 4551 οὕτω
2746 4516 2859 4560 πως
2915 4498 3264 4567 ὀνομάζονται
3284 4513 3298 4527 ’
3330 4497 3501 4558 οὕτως
3551 4498 3672 4549 οὐδὲ
3702 4514 3781 4557 τις

2233 4588 2338 4640 τῶν
2366 4588 2678 4655 ἁγιωτάτων
2706 4587 3053 4656 πατριαρχῶν
3085 4588 3148 4637 ὲκ
3178 4588 3283 4637 τῶν
3311 4586 3472 4637 θείων
3541 4587 3779 4637 κανόνων

2232 4680 2394 4729 τόπον
2441 4676 2858 4746 κληρωσάμενος
2920 4676 3200 4745 πρότερον,
3240 4675 3335 4725 τοῦ
3383 4674 3642 4742 δευτέρου
3696 4674 3782 4725 καὶ

2234 4766 2325 4817 τοῦ
2361 4767 2477 4834 μετ’
2508 4765 2665 4818 αὑτὸν
2690 4765 2762 4825 ὡς
2794 4764 3115 4833 ὑπερφέρων
3140 4762 3546 4825 άλαζονεύεται.

591 4857 975 4926 proferantur:
1013 4857 1081 4907 ita
1127 4872 1223 4909 nec
1287 4856 1751 4910 sanctissimorum
1787 4857 2219 4923 patriarcharum
2253 4860 2467 4927 aliquis,
2512 4860 2597 4912 cui
2668 4873 2761 4927 per
2787 4857 2996 4910 divinos
3060 4870 3296 4911 canones
3362 4858 3575 4922 primus
3644 4856 3788 4908 attri-

585 4954 745 5003 hutus
775 4958 858 5001 est
889 4948 1062 5011 locus,
1098 4946 1354 4999 adversus
1386 4945 1706 5010 secundum,
1733 4954 1785 4998 et
1810 4948 2117 5013 proximum
2165 4950 2228 5002 ad
2260 4951 2378 5015 hoc,
2405 4958 2717 5018 arroganter
2750 4956 2920 5001 semet
2944 4944 3115 4999 etIert.

656 5044 794 5106 Quia
832 5056 959 5094 vero
1005 5040 1245 5093 nonnulli
1280 5040 1485 5103 dicunt,
1514 5055 1619 5093 non
1649 5055 1771 5094 esse
1808 5042 2129 5108 permissum

589 5130 958 5185 Alexandrino
995 5129 1076 5182 vel
1112 5130 1465 5188 Antiocheuo,
1500 5129 1646 5181 verbi
1685 5129 1877 5197 gratia,
1920 5138 1975 5181 ut
2007 5146 2129 5183 cum

590 5221 833 5288 lampade
862 5221 946 5272 vel
984 5220 1096 5272 l‘ace
1137 5218 1478 5285 patriarchali
1514 5216 1676 5270 faciat
1716 5218 1815 5271 iter
1845 5218 1909 5271 ad
1946 5221 2130 5274 urbem

590 5309 1009 5379 imperatoriam,
1059 5308 1141 5361 vel
1198 5308 1248 5361 in
1310 5308 1468 5360 aliam
1534 5306 1836 5373 ditecesin;
1893 5313 2131 5378 exceptis

590 5403 694 5455 illis
751 5398 1064 5467 provinciis,
1128 5413 1244 5467 quae
1298 5413 1392 5467 per
1439 5412 1674 5453 canones
1725 5398 1804 5452 eis
1864 5400 2131 5453 attributae

2324 5045 2473 5097 Ἐπεὶ
2494 5044 2550 5095 δέ
2580 5058 2719 5103 τινες
2741 5041 3008 5107 λέγουσιν,
3041 5038 3117 5101 ὡς
3146 5038 3243 5090 οὐκ
3285 5041 3495 5105 ἐφεῖται
3526 5040 3605 5108 τῷ
3646 5038 3783 5090 Ἁλε-

2237 5132 2510 5199 ξανδρείας
2556 5128 2694 5198 ἧτῷ
2732 5128 3053 5197 Ἀντιοχείας
3108 5127 3287 5196 τυχὸν,
3339 5127 3478 5194 μετὰ
3508 5127 3785 5194 λαμπάδος

2235 5222 2634 5289 πατριαρχικῆς
2662 5221 2756 5281 τὰς
2786 5218 3088 5287 ὁδοιπορίας
3114 5220 3284 5269 ποιεῖν
3313 5218 3391 5278 εἰς
3424 5217 3523 5283 τὴν
3556 5216 3665 5267 τῶν
3694 5217 3785 5267 n6-

2233 5311 2368 5362 λεων
2401 5309 2800 5377 βασιλεύουσαν,
2832 5307 2865 5374 ἢ
2892 5308 2970 5368 είς
3002 5308 3191 5375 ἑτέραν
3210 5305 3495 5372 διοίκησιν,
3521 5305 3672 5371 παρὰ
3693 5307 3783 5363 τὰς

2237 5399 2670 5467 άπονεμηθείσας
2740 5398 2845 5451 άπὸ
2878 5397 2983 5449 τῶν
3039 5396 3274 5449 κανόνων
3300 5396 3502 5456 αὐτοῖς.
3566 5395 3631 5447 Ἦ
3680 5393 3783 5462 γὰρ

1798 5570 2024 5625 VARIA?
2095 5567 2484 5626 LECTIONICS.

661 5666 768 5731 (57)
810 5664 937 5730 Qua:
971 5662 1139 5732 prima
1169 5670 1249 5715 cst
1296 5661 1345 5713 in
1393 5662 1655 5717 vocabulo
1691 5660 1885 5715 Horme.
