4004 6466
243 401 375 468 mu

1647 400 1695 466 Μ
1711 397 1883 457 EDIT
1896 397 2057 457 ΑΤΛ.

3269 382 3404 447 1M8

250 522 471 588 λκμπέις
504 520 597 573 τοῦ
613 515 1007 579 διδασκαλικοῦ,
1041 515 1220 583 φασιν,
1252 516 1398 566 ἐστὶν
1450 513 1770 580 ἀξιώματος.

1888 523 2018 563 sunt.
2069 508 2275 575 Quippe
2309 505 2416 569 fax,
2466 506 2733 574 inquiunt,
2765 505 2830 556 ad
2878 502 3104 557 ndicium
3160 503 3394 556 dor-turis

258 608 629 682 ilap’tvppiav
677 607 733 659 δὲ
781 606 1046 659 διδάσκειν
1094 606 1192 657 οὐκ
1244 605 1446 669 ἐφεῖται
1512 603 1772 670 ἀρχιερεῖ,

253 700 393 755 κατά
420 699 510 752 τὸν
546 703 592 750 κ’
626 696 818 749 κανόνα
842 695 938 763 τῆς
984 697 1040 746 ὲν
1076 693 1153 761 τῷ
1196 692 1444 760 Τρούλλῳ
1485 690 1776 754 ἁγίαςνκαὶ

252 785 629 856 οίκουμενικῆς
648 784 809 852 ἕκτης
864 781 1101 833 συνόδου.
1148 780 1258 831 Καὶ
1303 781 1381 838 είς
1427 778 1775 829 ὲπισύστασιν

257 878 415 946 δῆθεν
438 874 529 927 τοῦ
554 874 709 939 λόγου
735 870 931 934 αὐτῶν,
968 870 1059 921 καὶ
1088 870 1197 930 τοῖς
1241 866 1608 932 εὐαγγελικοϊς
1644 865 1777 915 ἀπο-

257 963 492 1035 χρῶνται
516 962 739 1030 ῥήμασι,
800 961 893 1011 καὶ
949 957 1203 1021 λέγουσι’
1237 954 1517 1021 Δαμψάτω
1565 952 1624 1003 τὸ
1665 951 1778 1019 φῶς

256 1051 407 1119 ὑμῶν
472 1047 770 1117 ἔμπροσθεν
814 1044 920 1097 τῶν
974 1041 1289 1112 ἀνθρώπων.
1347 1041 1774 1101 ’Δκουσάτώσαν,

251 1142 326 1202 ὡς
353 1141 401 1191 οί
430 1137 660 1206 βασιλεῖς
690 1138 780 1188 καὶ
807 1136 854 1185 οί
903 1134 1235 1201 πατριάρχαι
1266 1129 1647 1199 μεγαλύνονται
1683 1129 1779 1196 μὲν

256 1229 349 1278 καὶ
395 1225 787 1283 διδασκαλικοῖς
847 1221 1135 1286 ἀξιώμασι,
1192 1221 1278 1271 διὰ
1333 1218 1428 1288 τὴν
1477 1217 1569 1280 τοῦ
1624 1216 1776 1282 ἁγίου

256 1312 548 1382 χρίσματος
567 1310 809 1377 δύναμιν·
841 1306 1081 1358 ἐντεῦθεν
1108 1305 1211 1372 γὰρ
1239 1306 1288 1355 οί
1318 1305 1497 1356 πιστοὶ
1527 1304 1779 1355 δεσπόται

257 1402 348 1451 καὶ
370 1398 758 1463 αὐτοκράτορες
788 1393 1158 1463 κατηχητικῶς
1185 1392 1429 1460 ὁμιλοῦσι
1449 1391 1523 1459 τῷ
1549 1407 1781 1458 χριστωο

255 1490 409 1555 νόμῳ
433 1485 565 1552 λαῷ,
597 1483 628 1552 ἢ
664 1482 922 1550 θυμιῶσιν
949 1482 1021 1541 ὡς
1049 1482 1229 1548 ἱερεῖς,
1262 1481 1354 1532 καὶ
1382 1480 1515 1545 μετὰ
1538 1478 1778 1546 δικηρίου

258 1574 631 1642 σφραγίςουσι.
662 1569 812 1620 Κατᾶ
844 1568 997 1619 τοῦτο
1017 1569 1072 1619 δὲ
1099 1567 1253 1635 μόνον
1284 1565 1529 1634 λαμπάσι
1553 1564 1781 1628 ζωννυο-

262 1662 445 1725 μὲναι;
474 1658 733 1725 ἀργυροῖς
764 1657 856 1706 καὶ
874 1653 1174 1722 διαχρύσοις
1206 1647 1331 1720 (οἷον
1357 1652 1547 1720 εἰπεῖν)
1583 1668 1777 1718 στεφα-

258 1751 498 1814 νώμασιν
524 1747 621 1795 οὐκ
654 1742 1132 1810 ἀποσεμνύνονται,
1162 1740 1273 1792 ἀλλ’
1301 1742 1381 1793 ὅτι
1411 1743 1502 1793 καὶ
1530 1740 1667 1791 κατὰ
1687 1740 1775 1791 τὸν

258 1838 503 1905 οὐράνιον
547 1833 770 1899 γίγαντα
825 1832 883 1882 τὸ
936 1830 1153 1897 κέντρον
1207 1830 1630 1897 καταφωτίζουσι
1682 1829 1781 1896 τῆς

258 1925 559 1995 ὁρθοδοξίας
623 1925 733 1984 τοῖς
786 1921 1137 1989 ἀμαρύγμασι
1193 1921 1285 1971 καὶ
1314 1906 1352 1988 ’ὴ
1382 1920 1553 1983 ἔξοδος
1605 1919 1780 1972 αὐτῶν

261 2017 352 2067 az‘
377 2012 777 2089 ﬁxpou}dpmt
806 2009 896 2061 τοῦ
942 2008 1187 2079 οὐρανοῦ,
1224 2012 1317 2062 καὶ
1362 2009 1421 2060 τὸ
1466 2008 1782 2075 κατάντημα

260 2106 438 2156 αὐτῶν
462 2103 565 2163 ἓως
593 2104 758 2170 ἀκρον
787 2101 976 2167 φθάνει
1004 2098 1094 2151 τοῦ
1115 2097 1337 2167 οὐρανοῦ
1358 2112 1372 2126 ·
1404 2098 1494 2150 καὶ
1515 2097 1612 2149 οὐκ
1640 2096 1782 2148 ἔστιν

256 2196 315 2251 ὃς
344 2193 444 2260 τῆς
476 2185 691 2259 ’θέρμης
709 2189 883 2240 αὐτῶν
903 2187 1330 2258 ἀποκρύπτεται.
1372 2187 1433 2238 Ei
1483 2186 1589 2253 γὰρ
1627 2187 1783 2254 μόνον

258 2284 345 2335 διὰ
370 2283 429 2333 τὸ
455 2281 552 2349 τῆς
575 2280 914 2339 διδασκαλίας
962 2278 1172 2345 ἀξίωμα
1205 2277 1307 2329 τῶν
1335 2275 1585 2328 τοιούτων
1643 2274 1781 2340 λαμ-

264 2371 444 2425 πάδων
477 2369 742 2437 ἐπενοήθη
771 2369 830 2420 τδ
862 2368 1258 2435 σεμνολόγημα,
1315 2369 1348 2435 ἡ
1383 2366 1519 2419 κατὰ
1562 2365 1783 2435 καιροὺς

261 2456 398 2519 τέως
427 2457 879 2525 αὐτοκρατὸρισσα
905 2457 967 2507 ὲκ
1012 2453 1103 2505 τοῦ
1142 2455 1430 2521 προνομίου
1477 2453 1661 2505 τούτου
1712 2452 1787 2515 8t,-

264 2546 432 2604 καίως
454 2544 517 2597 ἂν
542 2546 747 2613 ἀφῆκεν
809 2542 1124 2610 ἀφώτιστος.
1178 2545 1441 2605 Γυναῖκας
1486 2544 1592 2611 γὰρ
1632 2545 1788 2613 σιγᾷν

264 2636 360 2687 καὶ
418 2635 491 2703 μὴ
532 2634 801 2686 διδάσκειν
849 2633 1278 2702 νενομοθέτηται.
1335 2632 1492 2684 Ἀλλά
1540 2634 1645 2702 μὴν
1697 2634 1790 2685 καὶ

263 2721 465 2784 ταύτας
487 2723 696 2791 ὁρῶμεν
723 2721 861 2774 οὕτω
880 2721 1234 2790 δοξαζομένας
1280 2721 1417 2772 κατά
1462 2721 1586 2783 τοὺς
1637 2720 1787 2789 βασι-

268 2811 401 2873 λεῖς.
453 2812 562 2863 Καὶ
607 2812 657 2863 οἱ
705 2811 956 2879 ἐγχώριοι
994 2811 1049 2862 δὲ
1085 2811 1278 2871 πάντες
1330 2811 1599 2879 ἀρχιερεῖς
1648 2827 1789 2880 παρ-

267 2900 465 2967 ομοίως
494 2900 592 2962 τὰς
621 2899 1003 2968 ἀρχιερατικάς
1035 2900 1128 2952 καὶ
1171 2899 1380 2960 ἀλλοίας
1409 2900 1661 2968 προόδους
1695 2902 1790 2951 ἑπ-

266 2988 448 3041 ινόουν
491 2988 556 3042 ἄν
579 3002 593 3018 ο
648 2989 740 3039 κα)⁸
766 2984 901 3041 είδεν
929 2988 993 3041 ἀν
1017 3004 1097 3048 τις
1125 2970 1282 3055 τυχὸν
1328 2988 1417 3040 τὸν
1451 2988 1543 3040 τοῦ
1594 2987 1790 3055 Ἀθύρα

1876 608 2099 667 spectat.
2136 599 2295 650 Extra
2336 596 2662 664 provinciam
2706 609 2829 646 vero
2868 594 3084 655 docere,
3126 607 3231 646 non
3274 608 3393 660 ρετ-

1877 688 2098 740 missum
2162 696 2242 737 est
2306 683 2590 752 pontilici;
2646 681 2936 735 secundmn
3001 695 3264 734 canouem
3329 697 3392 733 vx

1878 777 2069 830 habitas
2112 776 2165 829 in
2223 776 2407 828 Trullo
2454 782 2650 826 sancta:
2697 780 2854 838 atque
2900 772 3212 824 universalis
3234 778 3396 824 sextae

1877 864 2086 930 synodi.
2136 863 2199 914 Et
2255 864 2319 915 ad
2379 860 2796 914 conﬁrmandam
2869 859 3072 911 scilicet
3119 858 3257 911 hanc
3314 873 3400 910 ra-

1877 955 2077 1006 tionem
2138 965 2288 1005 suam
2321 990 2336 1013 ,
2381 949 2701 1017 evangelicis
2750 961 2961 1015 qucque
3042 948 3217 1000 verbis
3257 948 3402 1002 hisce

1878 1050 2102 1093 utuntur
2146 1055 2159 1092 :
2205 1037 2403 1093 Luccat
2464 1038 2552 1090 lux
2617 1047 2791 1089 vestra
2839 1050 3018 1103 coram
3073 1036 3397 1089 hominibus.

1878 1129 2111 1182 Audiaut
2154 1128 2231 1187 hi,
2264 1135 2370 1179 tam
2422 1124 2934 1192 adamplitudiuem
2982 1125 3398 1189 imperatoriam,

1879 1233 2036 1285 quam
2094 1215 2532 1284 patriarchalem,
2587 1213 2754 1267 ollicia
2828 1212 3054 1265 docendi
3111 1214 3398 1279 pertinuere,

1878 1316 2095 1377 propter
2140 1304 2409 1359 unctionis
2463 1318 2631 1357 sacra:
2684 1305 2786 1354 vim
2851 1312 3009 1367 atque
3064 1312 3398 1369 potestatem.

1880 1396 2015 1449 llinc
2042 1395 2183 1447 enim
2220 1391 2495 1452 usuvenit,
2521 1400 2577 1444 ut
2618 1390 2796 1442 lldvles
2840 1390 3106 1457 principes
3145 1398 3198 1442 et
3239 1391 3404 1457 impeo

1880 1496 2086 1541 ratores
2125 1485 2453 1539 catecbetico
2492 1497 2638 1536 more
2669 1497 2791 1536 cum
2860 1484 3056 1551 popqu
3098 1483 3405 1535 ChriStiauo

1879 1579 2269 1645 colloquantur,
2316 1582 2409 1626 aut
2442 1572 2673 1627 sumtum
2719 1570 2916 1623 faciant
2951 1586 3100 1625 more
3146 1571 3405 1625 sacerdo-

1883 1673 2085 1735 tnpi,et
2108 1677 2228 1716 cum
2251 1676 2375 1716 cera
2398 1657 2594 1727 duplici
2627 1657 2927 1725 obsignent.
2952 1655 3146 1711 Verum
3170 1656 3267 1709 hac
3293 1660 3407 1711 sola

1885 1754 1950 1807 de
1974 1768 2133 1807 causa
2178 1751 2402 1810 facibus.
2436 1764 2554 1817 qua:
2604 1748 2871 1814 argenteis
2916 1755 2970 1800 et
3013 1747 3187 1801 aureis
3219 1748 3299 1814 (ut
3335 1747 3406 1799 ita

1882 1843 2128 1909 dixerim)
2186 1838 2402 1893 corollis
2476 1838 2664 1890 cincta:
2706 1846 2850 1894 sunt.
2912 1850 3016 1887 non
3071 1845 3294 1889 utuntur
3352 1838 3404 1888 in

1881 1932 2089 2000 pompis
2133 1947 2146 1982 :
2190 1928 2281 1981 sed
2331 1929 2513 1991 etiam,
2561 1924 2705 1993 quod
2759 1926 2929 1977 instar
2979 1924 3215 1977 caelestis
3262 1924 3406 1979 illius

1881 2022 2109 2091 gigantis
2158 2018 2290 2089 (58),
2348 2018 2449 2069 hoc
2492 2024 2733 2069 centrum
2779 2013 3091 2067 orthodoxa:
3153 2014 3407 2066 doctrinae

1881 2111 2047 2164 radiis
2072 2109 2388 2161 collustrent
2422 2124 2435 2159 :
2467 2104 2713 2171 quodque
2747 2103 2937 2164 luceat,
2965 2116 3147 2156 eorum
3170 2102 3409 2167 egressio

1881 2197 1948 2250 ab
1971 2205 2207 2249 extremo
2235 2193 2391 2257 calo,
2422 2202 2474 2244 et
2518 2205 2773 2244 occursus
2818 2190 3053 2257 ipsorum
3088 2188 3152 2241 ad
3185 2188 3403 2241 alteram

1882 2284 2002 2338 σιειί
2037 2281 2220 2337 tendat
2261 2280 2649 2334 extremitatem
2677 2296 2692 2333 :
2727 2292 2848 2331 cum
2879 2277 3100 2333 inierint
3134 2290 3289 2331 nemo
3314 2278 3405 2337 sit.

1883 2372 1972 2440 qui
2023 2370 2091 2423 ab
2126 2384 2311 2425 eorum
2354 2370 2530 2422 calore
2589 2383 2647 2422 se
2704 2368 2872 2434 possit
2914 2368 3129 2420 abdere.
3182 2366 3310 2419 Nam
3360 2367 3406 2419 si

1885 2460 2144 2512 duntaxat
2177 2466 2389 2525 propter
2411 2456 2719 2524 dignitatem
2754 2453 2910 2508 oliicii
2952 2452 3200 2514 docendi,
3234 2452 3405 2505 lacum

1886 2547 2147 2615 ejusmodi
2229 2545 2505 2614 speciosus
2586 2545 2723 2598 ritus
2792 2544 3122 2613 excogitatus
3202 2550 3407 2597 esset:

1888 2637 2152 2705 cujusque
2182 2636 2443 2703 temporis
2470 2634 2781 2701 imperatrix
2821 2646 3008 2700 expers
3051 2633 3269 2701 hujusce
3300 2632 3414 2700 pri-

1887 2724 2061 2793 vilegii
2090 2722 2247 2786 foret,
2276 2737 2339 2776 ac
2377 2723 2587 2775 facibus
2614 2735 2721 2774 non
2746 2721 2842 2774 abs
2873 2736 2931 2774 re
2950 2731 3176 2774 careret.
3208 2719 3414 2787 Quippe

1890 2814 2154 2866 sancitum
2192 2821 2295 2877 est,
2331 2820 2390 2864 ut
2436 2818 2648 2864 taceant
2680 2809 2949 2870 mulieres,
2984 2823 3045 2861 ac
3081 2808 3299 2860 minime
3326 2809 3415 2862 do-

1888 2910 2061 2956 ceant.
2087 2890 2333 2954 Attamen
2388 2900 2470 2951 his
2517 2911 2731 2966 quoque
2782 2896 3022 2950 videmus
3071 2897 3255 2949 eodem
3290 2910 3414 2949 cum

1890 2992 2302 3061 imperatoribus
2343 2991 2447 3043 ritu
2481 2988 2628 3043 faces
2659 2987 2916 3056 praferri.
2951 2986 3247 3053 Regionum
3281 3002 3414 3055 prae-

269 3079 581 3144 ἒπίσκοπον,
610 3078 703 3130 καὶ
732 3077 819 3129 τὸν
840 3076 1015 3144 πολλῷ
1037 3077 1220 3129 τούτου
1248 3077 1785 3148 μικροπρεπέστερον,

1894 3094 2034 3135 terea
2070 3079 2346 3148 pontiﬁces
2385 3078 2641 3141 universi,
2674 3078 3025 3131 consimiliter
3053 3086 3162 3129 tum
3196 3076 3418 3145 pontiﬁ-

266 3167 406 3235 πεζῇ
433 3166 531 3233 μὲν
557 3166 648 3217 καὶ
674 3166 837 3234 βάδην
857 3167 951 3229 τάς
975 3166 1224 3233 προόδους
1252 3166 1345 3233 τῆς
1363 3166 1562 3226 οἰκείας
1586 3167 1787 3234 ὲνορίας

1894 3169 2057 3234 cales,
2092 3175 2201 3221 tum
2251 3167 2383 3221 alias
2432 3166 2483 3217 in
2531 3164 2801 3232 publicum
2854 3164 3221 3231 processioncs
3260 3164 3419 3217 insti-

272 3253 710 3322 περιερχόμενον,
739 3252 978 3318 λαμπάδι
1007 3251 1062 3301 δὲ
1084 3253 1444 3319 πατριαρχικῇ
1483 3251 1791 3319 κυδαινόμε-

270 3357 382 3403 νον,
418 3341 499 3390 ὅτι
525 3339 617 3391 καὶ
645 3340 797 3390 αὐτοὶ
815 3338 1182 3392 διδασκαλικὸν
1209 3338 1418 3408 ἀξίωμα
1444 3356 1506 3391 πε
1518 3339 1792 3408 ριὸέϐλην-

268 3446 378 3480 ται.
405 3422 480 3480 Ob
527 3428 580 3479 τί
601 3426 664 3480 ἄν
698 3444 777 3488 τις
797 3428 924 3497 φαίη
961 3430 1473 3497 καινοπρεπέστερον
1495 3468 1509 3491 ,
1536 3431 1569 3497 ἦ
1598 3432 1792 3497 μᾶλλον

271 3519 465 3580 εἰπεῖν,
491 3516 852 3584 ἀηδέστερον;
886 3516 949 3569 Εἰ
977 3517 1033 3569 δὲ
1060 3516 1212 3569 τοῦτο
1271 3518 1518 3570 οὐδέποτέ
1554 3535 1635 3579 τις
1687 3515 1791 3570 εἶδε

279 3606 561 3672 γινόμενον
594 3607 672 3667 είς
701 3622 819 3657 τινα
851 3606 954 3657 τῶν
985 3605 1439 3676 μητροπολιτῶνῆ
1470 3607 1794 3676 τῶν·ἀρχιε-

278 3697 577 3761 πισκόπων,
611 3695 789 3764 πολλῷ
850 3696 903 3748 δὲ
942 3697 1096 3748 πλέον
1125 3696 1231 3749 τῶν
1281 3698 1607 3759 ἐπισκόπων,
1667 3699 1791 3750 ἄνευ

277 3782 450 3850 μόνων
482 3782 587 3832 τῶν
608 3781 983 3846 αὐτοκεφάλων
1024 3783 1481 3850 ἁρχιεπισκόπων,
1512 3784 1602 3835 τοῦ
1637 3785 1793 3836 Βουλ-

274 3869 469 3939 γαρίας
522 3869 683 3938 φημὶ,
725 3870 817 3921 καὶ
846 3868 939 3920 τοῦ
991 3868 1232 3937 Κύπρου,
1262 3869 1352 3920 καί
1401 3886 1557 3921 τινων
1602 3870 1791 3936 ὀλίγων

277 3956 682 4025 μητροπολιτῶν
722 3956 987 4008 λαϐόντων
1017 3958 1120 4007 ἀπὸ
1163 3956 1465 4024 φιλοτιμίας
1518 3957 1795 4025 βασιλικῆς

280 4042 450 4107 ἱδικῆς
477 4040 634 4092 τοῦτο
661 4046 718 4092 τὸ
739 4041 970 4093 δίκαιον
1028 4043 1217 4112 ἄραρε,
1257 4042 1434 4107 μόνοις
1483 4046 1591 4105 τοῖς
1643 4044 1795 4112 βασι-

278 4129 430 4179 λεῦσι
476 4128 569 4179 καὶ
614 4130 723 4188 τοῖς
774 4129 1132 4197 πατριάρχαις
1156 4130 1256 4180 ὑπὸ
1282 4130 1378 4195 τῆς
1398 4129 1490 4180 τοῦ
1535 4131 1794 4196 παναγίου

288 4215 593 4283 Πνεύματος
616 4216 853 4283 χάριτος,
885 4218 976 4268 καὶ
1022 4218 1117 4285 τῆς
1158 4218 1643 4285 ἀρχαιοπαραδότου
1676 4234 1787 4269 συν-

1902 4219 2005 4286 pis,
2063 4218 2153 4287 qui
2205 4223 2363 4283 caput
2438 4216 2537 4284 ipsi
2600 4230 2818 4269 suorum
2899 4225 3061 4279 sunt;

274 4304 481 4372 ηθείας,
514 4306 608 4357 καὶ
634 4304 899 4370 εὐταξίας,
924 4305 1421 4374 ἔπιφιλοτιμηθῆναι
1456 4305 1609 4358 τοῦτο
1635 4306 1693 4359 τὸ
1715 4307 1795 4357 δί-

276 4410 429 4445 καιον
464 4393 549 4445 διὰ
570 4392 665 4454 τὰς
693 4392 941 4462 ῥηθείσας
964 4394 1158 4454 αίτίας.

1896 3264 2103 3308 tnercnt
2129 3269 2144 3305 :
2168 3267 2228 3306 ac
2255 3252 2457 3306 videret
2480 3251 2676 3318 aliquis
2705 3252 3009 3319 episcopum
3036 3252 3416 3319 Athyr-ensem,

1899 3344 2044 3397 verbi
2074 3341 2265 3409 gratia,
2296 3340 2377 3392 vel
2405 3339 2567 3393 etiam
2613 3340 2768 3406 longe
2797 3341 3093 3406 quempiam
3142 3338 3243 3391 hoc
3282 3338 3417 3392 infe-

1899 3432 2118 3490 riorem,
2167 3428 2395 3496 peditem
2450 3426 2599 3479 illum
2633 3425 2847 3494 quidem
2894 3425 2945 3477 iu
2997 3425 3271 3493 provincia
3318 3440 3415 3479 sua

1896 3516 2240 3583 prodeuntem
2297 3513 2350 3565 in
2404 3512 2693 3577 publicum,
2731 3522 2783 3564 et
2830 3512 2928 3564 hac
2983 3512 3103 3564 illac
3155 3513 3415 3576 itantem;

1896 3603 1989 3657 sed
2033 3602 2221 3656 facula:
2253 3609 2429 3654 tamen
2481 3600 2852 3668 patriarchalis
2881 3601 3076 3653 honore
3100 3608 3414 3664 tumentem,

1895 3691 2109 3760 quando
2140 3691 2193 3743 bi
2223 3692 2381 3744 etiam
2409 3689 2649 3757 episcopi
2681 3688 2851 3741 olilcio
2878 3688 3099 3741 docendi
3143 3688 3413 3742 fruuntur.

1896 3782 2013 3845 Quo
2040 3795 2168 3834 sane
2202 3780 2331 3848 quid
2357 3780 2460 3832 dici
2493 3780 2665 3847 possit
2708 3778 3021 3831 insolentius
3049 3778 3072 3828 7
3110 3778 3187 3830 vel
3218 3779 3413 3833 rectius

1899 3878 1957 3922 ut
2011 3870 2218 3936 loquar,
2274 3867 2401 3935 quid
2475 3866 2861 3933 iniucundius?
2924 3867 2992 3917 At
3044 3866 3089 3919 si
3144 3851 3414 3931 nunquam

1898 3957 2177 4026 quisquam
2206 3955 2308 4007 hoc
2350 3954 2459 4006 ﬁeri
2489 3953 2620 4006 vidit
2652 3954 2709 4005 in
2765 3953 2942 4019 aliquo
2974 3953 3055 4005 vel
3104 3955 3415 4022 metropoli-

1900 4055 2044 4106 tano,
2108 4042 2188 4095 vel
2242 4040 2686 4107 archiepiscopo,
2746 4048 2949 4091 tantum
3015 4041 3166 4094 abest
3246 4052 3303 4095 ut
3360 4044 3412 4096 in

1898 4131 2178 4198 episcopos
2207 4128 2378 4189 cadat,
2420 4128 2655 4194 exceptis
2680 4127 3000 4195 quibusdam
3053 4131 3415 4199 archiepisco-

3136 4216 3295 4286 Buiga
3304 4221 3415 4279 riae,

1903 4309 2139 4375 inquam,
2174 4314 2225 4359 et
2254 4304 2434 4374 Cypri,
2465 4311 2518 4357 et
2552 4306 2735 4371 paucis
2764 4306 3079 4372 quibusdam
3113 4308 3417 4375 metropoli-

1837 4394 1875 4447 0
1908 4397 2081 4458 tanis;
2104 4394 2193 4461 qui
2220 4408 2284 4446 ex
2317 4392 2656 4458 imperatoria
2682 4394 2898 4458 speciali
2944 4395 3304 4449 muniﬁcentia
3328 4396 3419 4460 jus

278 4484 379 4534 hoc
417 4481 801 4534 obtinuerunt:
830 4480 1088 4547 sequitur,
1126 4480 1255 4534 solis
1296 4483 1704 4547 imperatoribus
1729 4493 1781 4537 et
1817 4483 2132 4554 patriarchis
2167 4496 2259 4548 per
2290 4482 2511 4547 gratiam
2562 4481 2794 4550 Spiritus
2822 4484 3010 4547 sancti,
3050 4491 3101 4539 et
3145 4500 3415 4557 acceptam

280 4571 579 4638 antiquitus
630 4571 1065 4623 consuetudinem
1122 4577 1280 4635 atque
1342 4569 1605 4631 ordinem,
1635 4571 1723 4638 jus
1747 4575 1849 4627 hoc
1896 4580 2108 4639 propter
2153 4569 2408 4621 iudicatas
2441 4582 2633 4622 causas
2661 4584 2778 4623 esse
2812 4585 3142 4622 concessum.

348 4664 467 4712 Ὅτι
495 4660 677 4712 δὲ’τῶν
705 4659 800 4728 μὲν
819 4661 1223 4728 αὐτοκρατόρων
1257 4662 1287 4728 ἡ
1315 4659 1500 4729 ἀρωγὴ
1531 4662 1663 4730 πρὸς
1690 4680 1797 4727 φω-

280 4750 468 4816 τισμὺν
496 4750 593 4801 κα)⁸
616 4748 869 4799 σύστασιν
898 4748 1260 4797 ἐπεκτείνεται
1288 4747 1459 4815 ψυχῆς
1480 4764 1537 4799 τε
1574 4751 1665 4802 καὶ
1691 4748 1797 4799 orb-

283 4852 471 4903 ματος,
502 4835 562 4885 τὸ
588 4835 643 4886 δὲ
673 4835 950 4901 μεγαλεῖον
987 4833 1092 4884 τῶν
1118 4836 1461 4901 πατριαρχῶν
1506 4837 1584 4897 είς
1635 4837 1798 4904 μόνην

278 4923 512 4993 ψυχικὴν
535 4922 950 4991 ὲστενοχώρηται
983 4922 1303 4974 λυσιτέλειαν
1343 4922 1510 4992 (ὸλέγη
1532 4926 1634 4991 γὰρ
1681 4927 1801 4977 τού·

279 5029 390 5072 τοις
436 5008 549 5061 ἐστὶ
580 5010 792 5076 φροντὶς
843 5007 1126 5068 εὐπαθείας
1158 5008 1505 5075 σωματικῆς),
1546 5010 1800 5071 ὡσαύτως

281 5102 374 5153 καὶ
408 5101 440 5168 ὴ
469 5098 592 5165 περὶ
624 5098 744 5156 τοὺς
766 5097 1029 5162 ὑπηκόους
1059 5097 1155 5163 τῆς
1178 5097 1487 5163 βασιλίσσης
1514 5100 1797 5165 κηδεμονία

283 5193 377 5241 καὶ
443 5186 678 5254 μέριμνα
724 5186 857 5250 πρῦς
910 5183 1072 5251 μόνην
1102 5186 1412 5252 σωματικὴν
1438 5184 1665 5245 εὐζωῖαν
1712 5188 1798 5248 ἐξ·

282 5278 524 5345 ήπλωται
547 5274 746 5344 (πάσης
780 5272 885 5340 γὰρ
911 5273 1138 5339 ψυχικῆς
1184 5272 1423 5341 βοηθείας
1450 5275 1504 5323 αί
1559 5277 1803 5339 γυναῖκες

282 5366 637 5432 ἐστέρηνται),
671 5364 724 5413 αί
755 5362 1025 5426 λαμπάδες
1056 5361 1151 5428 μὲν
1182 5364 1284 5412 τῶν
1327 5361 1581 5429 βασιλέων
1615 5364 1802 5425 διτταῖς

1969 4660 2106 4726 Quia
2133 4674 2256 4713 vero
2288 4660 2665 4727 imperatorum
2697 4660 2949 4713 auxilium
2982 4666 3045 4713 ad
3077 4664 3417 4719 illuminatio—

1903 4764 2017 4803 nem
2047 4758 2100 4802 et
2131 4748 2540 4804 stabilimentum
2577 4763 2694 4802 sese
2728 4757 2831 4801 tam
2873 4751 3055 4815 animi,
3100 4766 3254 4819 quam
3294 4769 3415 4806 cur-

1900 4840 2044 4907 poris
2104 4839 2375 4907 porrigit;
2448 4840 2794 4907 amplitudine
2868 4844 3289 4908 patriarcharum
3349 4846 3415 4897 ad

1898 4927 2058 4979 animi
2094 4928 2347 4980 duntaxat
2380 4926 2657 4981 utilitatem
2725 4931 3011 4983 constricta
3053 4932 3413 5000 (perexiguam

1899 5019 2093 5083 quippe
2137 5027 2319 5068 curam
2366 5020 2554 5080 gerunt
2601 5015 2653 5066 hi
2703 5016 2767 5068 de
2815 5016 2973 5070 rebus
3019 5018 3082 5069 ad
3133 5032 3415 5085 corporum

1902 5102 2175 5156 commoda
2208 5102 2617 5171 spectantibus),
2669 5112 2721 5157 et
2745 5105 3093 5157 consimiliter
3120 5106 3419 5174 imperatri—

1905 5192 1983 5244 cis
2029 5204 2155 5243 cura
2202 5198 2255 5242 et
2302 5190 2604 5245 sollicitudo
2651 5190 2716 5244 de
2764 5190 3014 5251 subditis,
3055 5192 3311 5246 duntaxat
3354 5196 3416 5250 ad

1908 5280 2027 5331 vita:
2071 5278 2363 5345 corporalis
2405 5280 2807 5347 prosper-uatem
2845 5280 3146 5335 extenditur
3190 5284 3417 5352 (nullum

1908 5368 2046 5421 enim
2084 5367 2378 5420 animarum
2421 5382 2451 5419 a
2491 5369 2810 5422 mulierculis
2837 5371 3243 5438 exspectandum
3274 5375 3420 5425 auxi-

1747 5548 1969 5603 ΝΟΤΑΞ.

358 5636 465 5702 (33-)
503 5634 637 5687 Solis
666 5637 920 5689 ι’ΞιΙνΙίιιτι.
