4004 6466
519 367 651 433 ιοιο
704 436 708 439 λ

1755 370 2034 428 TllEUD.
2078 367 2546 426 BA-l.SA.\iONIS

3613 358 3744 422 1020

519 503 678 572 lium)
717 516 730 552 :
776 501 978 556 idcirco
1024 501 1169 556 faces
1212 503 1595 568 imperatorum
1633 497 1865 566 geminis
1897 494 2075 546 aureis

2183 489 2486 557 διαχρύσοις
2548 486 2996 556 περιζωννύονται
3033 480 3420 548 στεφανώμασι
3453 496 3465 508 ·
3515 482 3624 532 τῶν
3682 485 3734 532 δὲ

519 597 814 663 cinguntur
873 595 1113 655 corollis,
1169 607 1291 645 cum
1350 606 1469 657 qua:
1539 588 1968 656 patriarcharum
2027 593 2080 635 et

521 684 885 754 imperatricis
942 695 1087 746 sunt,
1141 697 1249 735 uno
1297 681 1451 750 quasi
1498 679 1800 747 sepimento
1844 677 2080 729 circum-

520 775 736 828 dentur.
780 774 883 827 Sed
914 775 1056 829 dicet
1080 774 1344 842 quispiam
1374 788 1387 824 :
1421 770 1501 822 Sit
1535 769 1632 832 ita,
1657 782 1807 822 sane.
1842 765 2081 818 Conces-

521 877 639 916 sum
668 870 807 923 esto,
834 864 1080 916 lucernas
1109 860 1497 929 patriarchales
1528 853 1748 909 accendi
1782 868 1876 922 per
1901 853 2074 920 ignem

520 959 603 1005 tot
627 952 1000 1016 traditionum,
1024 951 1133 1003 veri
1169 951 1399 1018 speciem
1432 947 1764 1000 habentium.
1795 941 1900 996 Sed
1932 940 2076 995 unde

521 1041 822 1108 profectum
851 1050 952 1102 est,
976 1041 1116 1106 quod
1144 1039 1346 1092 eisdem
1381 1052 1444 1089 ex
1475 1044 1699 1104 argento
1721 1034 1803 1086 vis
1831 1031 2074 1100 quaedam

521 1127 783 1180 accedat?
817 1126 1146 1188 Suﬂiciehat,
1181 1126 1442 1177 duntaxat
1478 1121 1834 1175 ecclesiarum
1885 1117 2076 1185 capiti-

521 1217 624 1270 bus
682 1233 775 1284 per
833 1218 1110 1282 lampadas
1172 1215 1470 1283 majestatis
1527 1211 1728 1278 aliquid
1791 1208 2071 1269 accedere,

523 1315 684 1374 atque
713 1307 929 1360 interim
962 1321 1076 1367 eos,
1105 1305 1195 1372 qui
1229 1312 1494 1371 vagantur
1527 1303 1578 1353 in
1608 1300 1823 1359 exsilio,
1860 1305 1913 1351 ct
1942 1311 2074 1366 pau-

519 1410 676 1464 peres
704 1402 853 1452 sunt,
879 1407 995 1446 eam
1031 1394 1100 1445 ob
1134 1404 1352 1445 causam
1386 1404 1492 1442 non
1524 1386 1730 1440 vexari.
1763 1382 2076 1450 Responde-

521 1498 664 1544 mus.
717 1483 994 1550 piissimos
1054 1480 1431 1546 imperatores,
1495 1481 1549 1528 et
1604 1474 2072 1527 sanctissimorum

519 1573 950 1641 patriarcharum
993 1569 1325 1638 quinarium,
1378 1580 1498 1621 esse
1541 1564 1747 1618 similes
1793 1559 2070 1630 agricolis,

519 1663 946 1718 consistentibus
1005 1662 1058 1712 in
1121 1674 1243 1712 area
1312 1657 1565 1710 frumenti
1630 1653 1948 1723 largitricc.
2009 1663 2072 1702 ac

519 1753 818 1807 ventilabro
852 1750 1126 1804 unctionis
1153 1748 1499 1802 vitiositatem
1532 1761 1629 1799 ceu
1671 1745 1852 1811 paleas
1888 1748 2070 1794 exter-

522 1844 773 1904 minare,
825 1851 878 1893 et
928 1840 1179 1892 virtutem
1233 1853 1329 1890 ceu
1379 1850 1548 1905 grana
1605 1834 1859 1902 colligere
1915 1849 1926 1881 :

522 1933 727 1987 similes
796 1946 918 1984 esse
993 1929 1199 1982 normis
1265 1935 1411 1981 recta
1480 1925 1666 1978 circuli
1733 1920 2074 1989 superficiem

522 2023 846 2076 librantihus
902 2027 956 2072 et
1027 2025 1276 2070 centrum
1327 2029 1424 2082 per
1472 2012 1702 2082 jnstitia:
1749 2010 1929 2063 radios
1966 2007 2077 2060 col—

523 2113 877 2166 lustrantibus
914 2124 928 2161 :
972 2109 1053 2162 vel
1093 2105 1352 2160 maritimi
1387 2104 1585 2170 navigii
1625 2103 1781 2155 malis
1821 2115 1885 2153 ac
1916 2099 2072 2159 velis,

520 2205 646 2257 dum
681 2200 1046 2269 imperatoriis
1075 2198 1340 2259 consiliis,
1374 2204 1426 2249 et
1456 2191 1742 2263 praeceptis
1775 2187 2076 2257 spirituali-

519 2294 622 2347 bus
678 2292 924 2362 cymbam
985 2289 1168 2342 mundi
1234 2287 1395 2354 hujus
1454 2284 1776 2338 incolumem
1836 2285 2074 2333 servant.

520 2384 639 2448 Quo
673 2384 750 2441 lit.
795 2390 852 2435 ut
892 2396 1014 2434 cum
1047 2380 1255 2447 exiguis
1299 2391 1489 2445 magna
1534 2381 1913 2443 comparantes
1947 2369 2076 2422 reli-

521 2473 816 2544 giosissimi
849 2473 1229 2541 imperatores,
1262 2479 1424 2539 atque
1450 2470 1591 2522 inter
1618 2476 1837 2520 sanctos
1865 2463 2075 2524 Patres,

519 2563 701 2619 eximii
745 2562 948 2630 quique
996 2562 1308 2614 necessario
1355 2557 1664 2618 statuerint,
1714 2556 1816 2609 ista
1869 2555 2079 2606 ratione

521 2650 862 2703 comitandos
894 2663 1015 2704 esse
1049 2663 1276 2715 magnos
1311 2647 1619 2715 pontiﬁces,
1656 2647 1882 2712 parique
1920 2641 2078 2694 modo

523 2746 630 2789 tam
679 2737 1018 2804 opulentum,
1058 2751 1217 2803 quam
1266 2750 1558 2804 pauperem
1609 2733 1914 2788 habendmn
1958 2745 1973 2782 :
2013 2737 2080 2784 ut

522 2836 682 2878 recta:
721 2825 939 2893 quidem
991 2824 1245 2877 doctrinae
1296 2833 1618 2885 sectatores,
1659 2824 1786 2876 dum
1827 2834 2076 2890 magnam

524 2917 671 2968 illam
699 2923 752 2969 et
781 2921 1065 2984 augustam
1103 2927 1349 2982 pompam
1395 2913 1528 2967 solis
1576 2912 1994 2978 imperatoribus
2025 2917 2080 2964 et

526 3005 853 3078 patriarchis
896 3003 1138 3057 exhiberi
1179 3002 1381 3065 vident,
1429 3000 1836 3053 convenientem
1879 2999 2081 3068 gratia-

526 3113 644 3152 rum
670 3099 937 3150 actionem
963 3094 1139 3148 instar
1164 3093 1297 3162 grati
1322 3090 1551 3153 sumtus,
1572 3089 1802 3144 oll'erant
1828 3086 2078 3148 Domino,
2104 3120 2149 3183 ρ

523 3187 615 3256 qui
651 3187 794 3238 intra
822 3191 1068 3238 centrum
1113 3179 1401 3235 mundanae
1427 3175 1848 3247 pulchritudinis
1889 3173 2079 3227 delen-

526 3290 678 3330 sores
727 3275 846 3343 ejus
902 3272 1209 3342 gloriﬁcat;
1257 3277 1424 3334 utque
1469 3267 1610 3321 ﬂexo
1647 3281 1784 3336 genu
1835 3272 2019 3334 petant
2053 3277 2082 3316 a

530 3366 776 3428 Domino,
823 3377 931 3431 quo
977 3361 1199 3427 tropaeis
1260 3355 1627 3424 imperatoriis
1677 3355 1931 3408 universa
1980 3351 2084 3406 sub

527 3458 640 3510 sole
686 3455 845 3509 tellus
894 3451 1265 3512 collustretur,
1307 3455 1358 3501 et
1407 3445 1788 3515 patriarcbicis
1833 3443 2084 3511 precibus

527 3556 757 3601 terrenae
791 3557 875 3597 res
901 3541 1231 3596 irradientur
1262 3554 1275 3591 :
1313 3545 1365 3590 at
1390 3550 1518 3591 vero
1551 3537 1776 3590 diversae
1805 3533 2085 3588 sententire

527 3645 848 3697 sectatores,
896 3632 987 3700 qui
1040 3629 1276 3699 potentia
1312 3642 1408 3681 sua
1445 3629 1694 3680 nituntur
1728 3665 1741 3689 ,
1779 3632 1833 3678 et
1872 3624 1986 3679 suis
2028 3637 2087 3675 se

527 3730 733 3795 jactant
783 3723 976 3789 opibus
1034 3717 1344 3787 (simulacra
1392 3727 1623 3781 namque
1668 3712 1907 3780 gentium
1959 3717 2085 3763 sunt

532 3830 721 3869 aurum
754 3823 808 3868 et
840 3807 1145 3880 argentum)
1182 3805 1248 3858 ad
1302 3806 1372 3867 id,
1418 3803 1559 3872 quod
1608 3803 1871 3862 cernitur,
1914 3814 2088 3853 caecu-

534 3913 669 3958 tiant
715 3920 730 3957 :
779 3911 831 3957 et
886 3911 1212 3953 cxcusorum
1262 3907 1424 3963 opera
1479 3905 1616 3943 vana
1669 3898 1830 3957 atque
1879 3888 2085 3941 inutilia

534 3995 868 4054 existiment,
895 3988 1292 4055 mundanazque
1317 3981 1592 4051 opinionis
1619 3994 1862 4033 munera.
1889 3979 1949 4030 Et
1977 3979 2090 4032 hzec

532 4085 750 4154 quidem
777 4082 844 4135 de
874 4079 1214 4147 lampadibus
1247 4071 1643 4143 patriarchicis.
1672 4069 1938 4134 Quoniam
1964 4085 2090 4123 vero

536 4174 782 4229 baculus.
824 4179 877 4223 et
915 4181 1127 4227 saccus,
1172 4174 1224 4218 et
1274 4177 1468 4215 cruces
1513 4160 1776 4228 plurimae,
1827 4158 2090 4225 plenaque

535 4264 714 4316 tunica
771 4260 955 4330 figuris
1001 4270 1214 4326 gamma
1270 4253 1500 4306 litteram
1557 4249 2088 4317 repraesentantibus,

537 4353 950 4425 patriarchalem
1007 4348 1353 4402 sanctitatem
1419 4343 1588 4397 solam
1647 4341 1972 4401 nobilitant,
2030 4355 2093 4394 ac

1987 1829 2070 1882 vel
2103 1806 2144 1860 Β

2182 577 2532 646 πατριαρχῶν
2571 579 2664 628 καὶ
2690 575 2789 640 τῆς
2814 574 3126 642 βασιλίσσης
3162 572 3240 621 ἑνὶ
3271 570 3739 621 κατακυκλοῦνται

2180 665 2540 734 θριγγώματι.
2590 665 2726 717 Ἀλλ’
2774 665 2892 731 ἐρεῖ
2933 678 3012 722 τις
3037 677 3050 690 ’
3089 660 3290 711 Ἔστω·
3321 659 3577 719 δεδόσθω,
3643 660 3738 718 τὰς

2180 756 2581 824 πατριαρχικάς
2614 754 2902 822 λαμπάδας
2931 750 3267 806 ἀνάπτεσθαι
3307 749 3442 811 πυρὶ
3471 747 3740 798 τοσούτων

2177 843 2548 910 εὐλογοφανῶν
2582 843 2948 911 παραδόσεων.
3000 840 3073 891 Τὸ
3119 838 3322 898 ταύτας
3371 839 3433 900 ἐξ
3495 837 3738 905 ἀργύρου

2178 932 2636 1002 περιζωννύεσθαι
2664 932 2913 999 δύναμιν,
2956 930 3118 980 πόθεν
3173 928 3552 998 περιεζώσατο
3579 925 3740 977 δύνα-

2182 1039 2309 1090 μιν;
2337 1024 2534 1091 Ἤρκει
2561 1022 2646 1074 διὰ
2673 1022 2846 1090 μόνων
2879 1018 2986 1072 τῶν
3029 1018 3326 1086 λαμπάδων
3365 1018 3468 1078 τὰς
3501 1015 3738 1082 κεφαλὰς

2175 1111 2281 1162 τῶν
2329 1112 2634 1176 ἐκκλησιῶν
2686 1107 3105 1178 μεγαλύνεσθαι,
3138 1108 3232 1158 καὶ
3260 1106 3397 1166 τέως
3437 1107 3563 1164 τοὺς
3579 1104 3739 1171 ὑπερ-

2173 1202 2354 1268 ορίους
2380 1202 2765 1268 πλανωμένους
2790 1201 2880 1251 καὶ
2909 1197 3321 1265 πενητεύοντας,
3358 1195 3522 1263 χάριν
3549 1193 3735 1244 τούτου

2178 1291 2251 1358 μὴ
2286 1291 2626 1343 σκύλλεσθαι.
2660 1290 2840 1357 Φαμὲν
2871 1285 2983 1350 οὖν,
3036 1288 3110 1346 ὡς
3151 1288 3198 1337 oi
3231 1285 3613 1336 εὐσεϐέστατον,
3642 1283 3739 1348 βα-

2176 1379 2360 1445 σιλεῖς,
2393 1380 2486 1431 καὶ
2507 1379 2614 1430 τῶν
2635 1378 2955 1444 ἁγιωτάτων
3002 1375 3356 1442 πατριαρχῶν
3421 1375 3454 1441 ἠ
3518 1374 3732 1433 πεντὰς,

2174 1467 2380 1521 ἐοίκασι
2408 1471 2672 1536 γεωργοῖς
2706 1468 2868 1535 μέσον
2907 1464 3158 1532 ὲστηκόσι
3219 1461 3542 1521 σιτοδότιδος
3598 1461 3741 1512 ᾰλω-

2173 1575 2283 1622 νος,
2334 1561 2427 1611 καὶ
2471 1558 2549 1626 τῷ
2603 1557 2755 1623 πτύῳ
2792 1556 2892 1608 τοῦ
2939 1555 3238 1622 χρίσματος
3287 1551 3386 1619 τὴν
3441 1551 3642 1603 κακίαν
3666 1550 3740 1609 ὡς

2173 1650 2373 1720 ἄχυρον
2396 1649 2798 1715 ὲκφαυλίζουσι,
2819 1646 2912 1698 καὶ
2942 1645 3040 1713 τὴν
3067 1643 3265 1709 ἀρετὴν
3285 1641 3360 1702 ὡς
3393 1641 3593 1691 κόκκον
3618 1656 3740 1689 συν⁹

2174 1741 2396 1805 άγουσιν
2429 1754 2442 1768 ⁶
2474 1738 2505 1806 ἢ
2546 1737 2828 1802 διαῦήταις
2888 1732 3310 1801 ζυγοστατοῦσιν
3361 1730 3617 1789 ίθυτενὼς
3646 1728 3737 1779 τοῦ

2176 1826 2377 1879 κύκλου
2405 1827 2502 1895 τὴν
2552 1824 2893 1891 ἐπιφάνειαν,
2942 1822 3034 1874 καὶ
3090 1820 3151 1870 τὸ
3212 1819 3438 1886 κέντρον
3463 1831 3740 1881 καταπυρ-

2175 1922 2390 1973 σεύουσι
2422 1921 2520 1987 τῆς
2552 1916 2895 1985 δικαιοσύνης
2924 1918 3033 1974 τοῖς
3068 1913 3464 1984 άμαρύγμασιν
3487 1926 3502 1940 ο
3551 1909 3583 1977 ἦ
3616 1908 3740 1977 νηὸς

2177 2011 2614 2081 ποντοπορούσης
2674 2011 2834 2069 ίστοῖς
2870 2007 2964 2060 καὶ
3014 2005 3385 2072 πετάσμασιν,
3434 2003 3491 2052 ὲν
3535 2016 3742 2068 προμη-

2177 2101 2349 2165 θείαις
2385 2101 2708 2171 βασιλικαῖς,
2759 2101 2853 2152 καὶ
2905 2096 3299 2165 παραγγελίαις
3344 2092 3739 2159 πνευματικαῖς

2174 2193 2235 2245 τὸ
2266 2192 2525 2262 κοσμικδν
2563 2192 2786 2244 ἀκάτιον
2829 2188 3076 2251 σώζουσι.
3113 2185 3202 2253 Τῷ
3247 2199 3328 2235 τοι
3369 2183 3466 2234 καὶ
3531 2183 3740 2249 μικροῖς

2175 2285 2242 2336 τά
2268 2284 2478 2351 μεγάλα
2506 2283 2883 2349 σταθμώμενοι
2913 2279 3019 2329 τῶν
3055 2275 3317 2342 βασιλέων
3339 2274 3388 2324 οι
3423 2272 3743 2323 εὐσεϐέστα-

2175 2392 2275 2437 τοι,
2319 2377 2412 2427 καὶ
2441 2374 2546 2425 τῶν
2576 2374 2744 2438 ἁγίων
2792 2370 3048 2435 Πατέρων
3084 2368 3135 2418 οἱ
3171 2364 3532 2435 προύχοντες,
3561 2361 3744 2430 διωρί-

2179 2481 2338 2516 σαντο
2365 2464 2424 2527 ἐξ
2451 2465 2693 2529 ἀνάγκης
2743 2459 2884 2512 οὕτω
2939 2455 3352 2527 δορυφορεῖσθαι
3382 2455 3511 2513 τοὺς
3577 2451 3744 2520 μεγά-

2177 2555 2300 2617 λους
2322 2556 2614 2623 ἀρχιερεῖς,
2640 2554 2731 2604 καὶ
2758 2549 2892 2601 εἶναι
2924 2546 3211 2600 ὲπιτοαυτὺ
3238 2545 3497 2596 πλούσιόν
3545 2558 3602 2592 τε
3655 2541 3744 2592 καὶ

2179 2647 2387 2713 πένητα
2412 2660 2426 2674 ·
2458 2643 2532 2704 ὡς
2567 2643 2630 2693 ἂν
2656 2642 2705 2692 oi
2738 2641 2835 2708 μὲν
2861 2636 3129 2706 ὀρθόδοξοι
3169 2635 3460 2702 βλέποντες
3508 2631 3569 2683 τὸ
3603 2632 3746 2698 μέγα

2178 2734 2335 2788 τοῦτο
2360 2732 2454 2786 καὶ
2479 2731 2767 2798 σεϐάσμιον
2821 2727 3203 2795 σεμνολόγημα
3260 2723 3413 2791 παρὰ
3471 2720 3745 2790 βασιλεῦσι

2181 2826 2275 2878 καὶ
2306 2822 2669 2891 πατριάρχαις
2703 2819 2881 2887 μόνοις
2912 2815 3347 2881 πολιτευόμενον,
3394 2811 3747 2880 εὐχαριστίαν

2181 2913 2440 2979 ἀνάλογον
2467 2911 2540 2972 ὡς
2555 2909 2801 2978 θυμίαμα
2827 2906 3010 2958 δεκτδν
3039 2903 3115 2972 τῷ
3144 2903 3339 2970 Κυρίῳ
3371 2900 3744 2969 προσφέρωσι,

2180 3005 2257 3073 τῷ
2323 3003 2488 3071 μέσον
2524 3001 2616 3051 τοῦ
2655 3000 2879 3066 κέντρου
2929 2996 3029 3061 τῆς
3088 2992 3364 3061 κοσμικῆς
3412 2991 3746 3057 ὼραιότητος

2182 3095 2306 3154 τοὺς
2334 3091 2657 3158 δεφένσορας
2688 3087 2878 3138 τούτου
2908 3083 3182 3146 δοξάζοντι
3210 3097 3225 3113 ο
3278 3080 3372 3131 καὶ
3392 3077 3746 3146 γονυκλιτῶσι

2186 3179 2318 3248 πρὸς
2347 3179 2572 3247 Κύριον,
2603 3173 2880 3244 τροπαίοις
2936 3169 3233 3239 βασιλικοῖς
3263 3167 3362 3236 τὴν
3389 3166 3620 3234 ὕφήλιον
3651 3181 3748 3216 κα·

2181 3268 2578 3339 ταλάμπεσθαι,
2637 3265 2732 3318 καὶ
2763 3263 2948 3331 εὐχαῖς
2985 3258 3418 3326 πατριαρχικαῖς
3466 3253 3746 3307 ἀκτινοϐο-

2183 3359 2389 3411 λεῖσθαι
2420 3357 2488 3409 τὰ
2522 3355 2799 3423 ὲπιχθόνια
2826 3367 2842 3381 ·
2877 3353 2925 3403 οἱ
2959 3350 3014 3402 δὲ
3051 3347 3372 3408 πεποιθότες
3419 3345 3516 3396 ἐπὶ
3566 3348 3632 3413 τῇ
3656 3345 3748 3396 δυο

2184 3450 2344 3520 νάμει
2399 3447 2576 3501 αὐτῶν
2626 3441 2942 3513 ἑτερόδοξοι,
3005 3441 3099 3493 καὶ
3159 3437 3509 3505 καυχώμενοι
3558 3437 3651 3488 ἐπὶ
3675 3433 3750 3503 τῷ

2185 3540 2404 3609 πλούτῳ
2433 3536 2612 3590 αὐτῶν
2646 3536 2734 3605 (τά
2797 3534 2904 3601 γὰρ
2937 3531 3128 3582 εῐδωλα
3175 3529 3285 3580 τῶν
3333 3528 3506 3579 ὲθνῶν
3532 3527 3749 3595 χρυσίον

2186 3631 2291 3681 εἰσὶ
2319 3630 2412 3681 καὶ
2440 3623 2744 3695 ἀργύριον),
2786 3622 2922 3690 πρὸς
2947 3622 3006 3672 τὸ
3032 3620 3307 3688 δρώμενον
3339 3617 3748 3683 ἀϐλεπτήσωσι,

2186 3720 2279 3771 καὶ¹
2309 3717 2597 3786 νομίσωσιν
2622 3715 2758 3780 ἔργα
2789 3709 3146 3780 χαλκοτύπων
3195 3704 3336 3760 εἶναι
3398 3707 3608 3774 μάταια
3658 3707 3748 3756 καὶ

2185 3812 2434 3879 ἀνόνητα,
2493 3807 2584 3858 καὶ
2642 3801 2905 3871 κοσμικοῦ
2945 3799 3201 3868 δοξαρίου
3257 3799 3597 3868 χαρίσματα.
3645 3797 3750 3847 Καὶ

2185 3896 2354 3951 ταῦτα
2389 3896 2486 3964 μὲν
2523 3910 2585 3945 πε
2597 3893 2650 3962 pi
2683 3892 2789 3942 τῶν
2811 3885 3226 3956 πατριαρχικῶν
3257 3884 3582 3951 λαμπάδων.
3603 3883 3750 3934 Ἐπει

2186 3985 2242 4037 δὲ
2277 3983 2372 4036 καὶ
2398 3981 2608 4052 ῥάϐδος,
2649 3979 2741 4031 καὶ
2771 3978 2993 4038 σάκκος,
3047 3977 3140 4027 καὶ
3200 3973 3622 4040 πολυσταύριον,
3662 3974 3753 4024 καὶ

2187 4076 2273 4128 διὰ
2309 4071 2648 4143 γραμμάτων
2677 4071 2725 4101 ⁷⁸
2773 4069 3069 4136 στιχάριον,
3099 4076 3198 4134 την
3228 4065 3637 4132 πατριαρχικὴν
3662 4066 3755 4114 καί

2192 4168 2354 4236 μόνην
2386 4163 2693 4228 δοξάζουσιν
2721 4160 3001 4226 άγιότητα,
3044 4156 3257 4208 θέλουσι
3291 4155 3349 4207 δέ
3408 4155 3560 4215 τινές
3615 4170 3755 4203 τισιν

2190 4259 2250 4323 ἐξ
2282 4257 2460 4310 αὐτῶν
2486 4273 2637 4318 τινας
2666 4253 2771 4305 τῶν
2814 4251 3168 4320 πατριαρχῶν
3227 4249 3400 4300 ἐνίοτε
3461 4247 3538 4316 μὴ
3589 4264 3756 4298 κατα-

2192 4348 2585 4410 ποικίλλεσθαι,
2617 4347 2745 4414 φέρε
2785 4344 2877 4396 καὶ
2909 4341 3038 4410 περὶ
3058 4339 3261 4391 τούτων
3301 4337 3510 4406 βραχέα
3540 4337 3755 4404 (piloso-

537 4445 780 4500 nonnulli
826 4444 1035 4505 volunt,
1072 4436 1334 4507 quosdam
1367 4450 1430 4488 ex
1471 4432 1793 4502 patriarchis
1835 4446 2082 4485 nonnun-

2197 4439 2475 4507 φήσωμεν.
2499 4435 2690 4486 Κλῖνον
2707 4433 2764 4484 τὸ
2781 4428 2872 4492 οὖς
2894 4447 3012 4494 σου,
3044 4427 3442 4496 πανιερώτατε,
3473 4426 3566 4476 καὶ
3593 4426 3759 4477 ἄκου-

535 4551 696 4605 quam
740 4533 1010 4602 aliquibus
1053 4532 1241 4583 horum
1282 4542 1387 4582 non
1416 4523 1666 4580 exornari
1706 4540 1718 4575 :
1754 4537 1873 4592 age,
1904 4522 1968 4576 de
2007 4522 2088 4575 his

535 4628 696 4680 etiam
747 4624 980 4677 breviter
1028 4621 1380 4675 disseramus.
1435 4617 1640 4671 lnclina
1684 4629 1867 4668 aurem
1917 4624 2085 4675 tuam.

536 4714 900 4774 sanctissime,
944 4718 998 4764 et
1045 4725 1130 4763 me
1170 4707 1314 4762 audi.
1357 4707 1474 4761 Non
1521 4705 1667 4760 enim
1719 4705 1770 4757 in
1815 4705 2089 4772 parabolis

539 4805 778 4873 aperiam
811 4817 872 4854 os
903 4815 1101 4862 meum,
1137 4798 1230 4852 sed
1260 4798 1588 4865 quaestiones
1620 4795 1686 4846 ab
1717 4794 1926 4860 origine
1960 4806 2083 4860 pro-

541 4897 731 4959 feram,
760 4907 896 4960 quas
922 4891 1169 4943 divorum
1208 4889 1426 4940 Patrum
1460 4888 1633 4954 gratia
1669 4898 1754 4936 me
1779 4883 1982 4936 docuit.

610 4982 994 5039 Sanctissimos
1030 4981 1271 5049 quinque
1308 4978 1647 5046 patriarchas
1693 4975 1893 5043 (adhuc
1941 4973 2085 5027 enim

542 5087 602 5131 ut
628 5076 824 5129 hedera
846 5073 1090 5142 quercui,
1114 5073 1192 5124 sic
1221 5071 1334 5136 ipse
1361 5068 1664 5120 concordiae
1693 5081 1840 5134 papae
1870 5065 2095 5117 Romani

545 5166 699 5236 quasi
742 5165 1016 5217 mordicus
1045 5161 1304 5222 inhaereo,
1335 5168 1387 5211 et
1416 5158 1484 5211 ob
1516 5160 1914 5225 separationem
1950 5158 2094 5209 illius

545 5259 727 5312 animo
752 5257 977 5315 laceror,
1006 5263 1165 5320 atque
1190 5249 1429 5320 quotidie
1484 5250 1890 5302 conversionem
1924 5248 2094 5312 ipsius

539 5348 811 5416 egregiam
883 5343 1158 5412 exspecto)
1237 5355 1332 5410 pro
1403 5339 1520 5393 solo
1598 5340 1774 5406 capite
1846 5338 2093 5406 corporis

540 5439 786 5492 ontnium
820 5436 1181 5489 Ecclesiarum
1215 5435 1307 5488 Dei
1341 5431 1704 5502 agnoscimus,
1735 5429 2095 5499 quemadmo-

2198 4530 2289 4580 σόν
2328 4543 2451 4595 μου.
2505 4525 2578 4575 Οὐ
2601 4525 2708 4590 γὰρ
2735 4523 2791 4572 ἐν
2820 4519 3156 4589 παραϐολαῖς
3211 4515 3409 4579 ἁνοίξω
3459 4517 3521 4566 τὸ
3583 4516 3756 4582 στόμα

2198 4636 2324 4689 μου,
2355 4616 2496 4672 ἀλλὰ
2527 4613 2823 4681 φθέγξομαι
2859 4609 3220 4678 προϐλήματα
3256 4607 3350 4658 ἀπ’
3403 4605 3601 4673 ἀρχῆς,
3659 4606 3757 4657 ὅσα

2199 4713 2272 4780 μὴ
2308 4708 2463 4760 θείων
2495 4705 2750 4772 Πατέρων
2778 4702 2934 4769 χάρις
2965 4697 3185 4760 ἐδίδαξε.

2265 4969 2399 5028 Τοὺς
2423 4963 2755 5032 ἁγιωτάτους
2780 4955 3124 5022 πατριάρχας
3168 4951 3328 5002 πέντε
3362 4951 3478 5018 (καὶ
3519 4950 3594 4999 ἔτι
3651 4948 3758 5014 γὰρ

2197 5060 2268 5118 ὡς
2303 5055 2484 5116 κισσὸς
2516 5049 2694 5120 δρυὸς,
2725 5047 2822 5112 τῆς
2851 5043 3100 5111 ὁμονοίας
3155 5039 3250 5090 τοῦ
3307 5041 3465 5090 πάπα
3537 5037 3757 5104 Ῥώμης

2200 5149 2474 5215 ὲξέχομαι,
2499 5139 2690 5205 καὶτῷ
2715 5133 2975 5206 χωρισμῴ
3004 5130 3194 5183 τούτου
3227 5128 3334 5197 τὴν
3357 5128 3586 5196 καρδίαν
3622 5141 3758 5177 σπα-

2204 5240 2486 5308 ράττομαι,
2533 5232 2628 5284 καὶ
2654 5229 2751 5298 τὴν
2801 5225 2968 5292 καλὴν
3025 5220 3360 5288 ἐπιστροφὴν
3419 5217 3758 5283 κσ’)εκάστην

2200 5305 2510 5397 καραδοκῶ>
2544 5325 2672 5392 μίαν
2701 5321 2923 5386 οἴδαμεν
2954 5311 3197 5379 κεφαλὴν
3246 5307 3339 5359 τοῦ
3376 5305 3627 5375 σώματος
3655 5321 3760 5356 πα-

2204 5423 2310 5476 οῶν
2328 5419 2434 5470 τῶν
2473 5414 2804 5483 Ἐκκλησιῶν
2837 5409 2930 5461 τοῦ
2952 5404 3110 5469 Θεοῦ,
3169 5396 3350 5460 καθὼς
3403 5402 3498 5451 καὶ
3559 5395 3757 5449 ἀνωθεν

1768 5600 1997 5656 VARI/ﬁ
2049 5595 2332 5651 LECTION
2346 5596 2442 5647 ΕΞ.

615 5703 658 5733 ‘“
683 5703 1000 5773 γαμμάτων.
