4004 6476
264 407 391 477 1021

1693 421 2103 484 MEDITATA.

3324 428 3462 492 1022

269 530 518 600 εἴρηται·
564 532 656 586 καὶ
684 534 1027 598 πιστεύοντες
1058 539 1401 609 τελειωθῆναι
1453 541 1670 602 τούτους
1720 545 1814 610 τῆς

1925 543 2043 597 dum
2075 555 2124 599 et
2159 561 2322 615 supra
2366 547 2567 600 dictant
2611 545 2711 600 fuit
2747 564 2761 600 :
2799 553 2851 600 et
2889 545 3015 614 quia
3054 543 3326 599 credimus
3366 561 3460 600 eos

269 621 577 693 ἁγιωσύνης
635 626 713 696 τῷ
771 629 1071 697 χρίσματι,
1125 631 1391 700 Χριστοὺς
1449 633 1674 703 Κυρίου,
1723 637 1816 686 καὶ

271 713 608 780 ἀγιωτάτους
657 718 1125 796 κατονομάζιζμεν,
1171 722 1262 773 καὶ
1321 722 1816 790 στηλογραφοῦντες

273 801 412 871 μετά
431 802 541 854 τῶν
571 803 736 870 ἁγίων
764 803 855 858 καὶ
886 806 1155 876 θεοφόρων
1198 809 1454 880 Πατὲρων
1487 810 1664 880 ἡμῶν,
1722 811 1816 863 καὶ

272 892 535 961 quam;
557 893 941 964 ἀσπαζόμενοι,
987 895 1472 968 πληροφορούμεθα
1500 901 1585 953 διά
1613 900 1816 953 τούτων

268 982 402 1048 ἡμῖν
429 982 526 1044 τὰς
554 983 724 1053 θύρας
765 985 864 1054 τῆς
907 985 1178 1055 βασιλείας
1221 987 1332 1040 τῶν
1395 989 1639 1057 οὐρανῶν
1679 992 1816 1043 ἀπο-

270 1069 543 1122 κλείεσθαι
587 1074 680 1123 καὶ
718 1074 1048 1141 ἀνοίγεσθαι,
1072 1078 1166 1129 καὶ
1214 1077 1301 1129 διά
1333 1078 1442 1130 τῶν
1469 1078 1693 1146 χειλέων
1718 1079 1815 1132 αὑ-

268 1156 376 1208 τῶν
395 1159 486 1209 τὸν
518 1159 649 1212 Θεὸν
671 1162 1121 1230 ἀποστοματίζειν
1142 1165 1208 1217 τά
1251 1166 1526 1232 μέλλοντα.
1591 1170 1666 1220 Οὐ
1708 1169 1816 1238 γάρ

271 1244 411 1315 σάρξ
454 1250 547 1300 καὶ
593 1247 754 1320 αἷμα,
805 1253 918 1305 ἀλλ’
964 1254 992 1304 ό
1025 1254 1272 1323 οὐράνιος
1326 1257 1513 1325 Πατὴρ
1545 1259 1636 1310 καὶ
1685 1259 1818 1321 Θεὸς

267 1335 448 1402 ἡμῶν,
481 1339 511 1390 ό
541 1330 711 1391 είπών
744 1355 757 1370 ’
804 1342 891 1394 Ἐν
921 1345 1038 1405 ταῖς
1085 1345 1315 1413 ἡμέραις
1362 1347 1595 1411 ἐκείναις
1638 1351 1813 1419 ἔκχεῶ

273 1425 377 1476 ἀπὸ
405 1427 500 1477 τοῦ
540 1426 844 1497 πνεύματός
873 1449 996 1499 μου,
1029 1435 1123 1486 κοιλ⁵
1153 1435 1203 1486 oi
1247 1435 1420 1489 δοῦλοί
1469 1456 1568 1508 μου
1608 1457 1819 1509 προφη-

285 1513 569 1575 τεύσουσιν.
630 1520 999 1574 ἀποκαλύπτει
1041 1522 1249 1587 τούτοις
1301 1526 1369 1583 τὰ
1422 1527 1551 1580 δντα
1602 1531 1697 1583 καὶ
1749 1532 1818 1583 τὰ

301 1602 521 1668 σόμενα.
565 1605 718 1659 Οὕτω
768 1609 876 1678 γὰρ
908 1610 999 1662 καὶ
1060 1611 1230 1665 Σαοὺλ
1272 1617 1329 1667 ἐν
1359 1619 1682 1686 προφήταις,
1724 1622 1818 1675 καὶ

269 1693 525 1760 Καϊάφας
553 1696 698 1749 ἀκων
725 1701 1184 1767 προειρητεύσατο,
1210 1704 1398 1757 εἰπών·
1419 1708 1695 1780 Συμφέρει
1721 1710 1816 1766 ἕνα

268 1784 567 1837 ἀπολέσθαι
597 1786 736 1856 ὑπὲρ
769 1790 860 1840 τοῦ
897 1789 1026 1843 λαοῦ
1055 1794 1150 1844 καὶ
1180 1795 1318 1864 ὑπὲρ
1341 1800 1437 1849 τοῦ
1465 1799 1648 1864 ἔθνους
1683 1820 1818 1856 παν-

266 1871 381 1932 τός.
423 1872 482 1924 '0
511 1873 730 1942 μὲνγὰρ
753 1875 826 1944 τῷ
851 1878 1108 1946 χρίσματι
1161 1885 1258 1952 τῆς
1290 1858 1565 1952 βασιλείας
1589 1858 1821 1961 ὑπεθερ-
1849 1858 1888 1913 Β

273 1963 513 2032 μαίνετο,
537 1965 564 2016 ό
591 1965 647 2018 δὲ
667 1965 762 2034 τῆς
783 1969 1185 2036 ἀρχιερωσύνης
1231 1976 1294 2042 τῇ
1318 1975 1521 2045 χάριτι.
1544 1974 1654 2032 Ἤν
1685 1980 1814 2050 γὰρ,

269 2051 459 2119 φησὶν,
497 2054 784 2122 ἀρχιερεὺς
820 2056 910 2109 τοῦ
951 2061 1190 2113 ἐνιαυτοῦ
1215 2064 1440 2117 ἐκείνου.
1483 2067 1574 2119 Διδ
1602 2068 1696 2120 καὶ
1746 2070 1821 2132 ὡς

267 2139 432 2194 τόπον
461 2141 746 2210 ἐπέχοντες
769 2145 862 2197 τοῦ
883 2148 1116 2217 Χριστοῦ
1145 2152 1236 2202 καὶ
1253 2152 1386 2205 Θεοῦ
1407 2155 1438 2222 ἡ
1446 2154 1582 2222 μῶν,
1599 2156 1820 2221 δικαίως

245 2230 699 2297 ,ἀποσεμνύνουσι
726 2236 792 2287 τά
825 2237 1043 2289 ἑκούσια
1091 2241 1236 2307 πάθη
1269 2243 1454 2306 αὐτοῦ,
1502 2247 1594 2299 καὶ
1628 2249 1690 2300 τά
1734 2249 1821 2304 διὰ

267 2321 368 2392 τὴν
425 2326 702 2393 σωτηρίαν
733 2327 886 2396 ἡμῶν
917 2330 1268 2401 ἐπενεχθέντα
1297 2335 1468 2404 τούτῳ
1509 2339 1657 2408 παρὰ
1714 2341 1822 2393 τῶν

267 2412 577 2483 ἀχαρίστων
617 2415 882 2475 Ἰουδαίων
936 2420 1234 2492 ἔφύόριστα
1283 2425 1388 2494 πρὸ
1441 2423 1535 2480 τοῦ
1588 2431 1819 2500 σταυροῦ

269 2502 363 2557 καὶ
401 2503 497 2574 τῆς
522 2506 884 2571 ἀναστάσεως.
907 2509 1035 2564 Ποῖα
1065 2511 1118 2564 δὲ
1140 2514 1309 2567 ταῦτά
1348 2518 1507 2579 εἰσιν,
1535 2519 1821 2575 ἀκουσάτω

269 2597 304 2662 ὴ
333 2597 544 2664 ίερότης
574 2615 688 2651 σου.
732 2599 845 2651 Κᾶν
881 2602 988 2667 γὰρ
1046 2603 1208 2664 κόπος
1247 2606 1476 2657 ἐνώπιόν
1521 2609 1621 2677 μού
1674 2612 1822 2663 ἐστιν

271 2686 374 2748 ἓως
395 2682 455 2739 οὗ
496 2685 719 2740 είσέλθω
754 2691 835 2751 είς
889 2691 950 2743 τὸ
979 2691 1331 2763 ἀγιαστήριον
1389 2695 1482 2747 τοῦ
1529 2696 1682 2763 Θεοῦ,
1730 2699 1822 2751 καὶ

273 2774 416 2826 συνῶ
442 2777 508 2828 τά
540 2779 595 2826 ὲν
626 2777 771 2847 αῦτῷ
797 2780 891 2831 καὶ
934 2780 1058 2848 περὶ
1098 2782 1249 2845 αὐτὸ,
1294 2781 1410 2834 ἀλλ’
1526 2786 1683 2854 χάρις
1727 2787 1820 2840 τοῦ

271 2862 539 2929 παναγίου
589 2864 901 2933 Πνεύματος
945 2869 978 2934 ἡ
1014 2870 1070 2918 ἐν
1129 2869 1488 2939 πατριάρχαις
1537 2889 1820 2942 προτυπω·

271 2948 445 3012 θεῖσα,
465 2953 524 3002 ὲν
558 2957 859 3022 προφήταις
891 2956 1352 3024 προκηρυχθετσα,
1410 2961 1469 3011 ὲν
1502 2961 1822 3027 ἀποστόλοις

271 3035 677 3104 θεμελιωθετσα,
719 3041 778 3092 ιν
829 3043 1062 3111 μάρτυσι
1091 3044 1457 3112 τελειωθείσα,
1489 3050 1584 3103 καὶ
1622 3053 1681 3103 ὲν
1713 3053 1824 3123 ἱερ-

1918 649 2018 702 per.
2045 637 2357 690 unctionem
2394 637 2702 691 sanctitatis
2746 635 2950 704 perlici,
2985 644 3176 687 unctos
3224 633 3461 694 Domini,

1915 732 1968 776 et
2015 725 2391 778 sanctissimos
2435 725 2790 793 appellamus;
2833 740 2896 778 ac
2941 723 3238 778 referentes
3277 738 3372 776 eos
3407 725 3460 775 iu

1917 827 2198 868 numerum
2222 822 2535 869 sanctorum
2556 823 2610 867 ct
2632 814 2893 869 divinitus
2919 812 3216 865 alllatormu
3243 811 3461 864 Patrum

1915 911 2250 966 nostrorum,
2298 911 2351 957 et
2403 913 2648 956 amanter
2690 904 2836 972 ipsos
2884 905 3293 969 atuptectentes,
3325 901 3460 954 certi

1915 1011 2125 1060 sumus,
2181 995 2324 1051 fores
2380 997 2529 1063 regni
2577 996 2815 1050 caelestis
2864 1010 2958 1064 per
3003 1008 3096 1048 eos
3142 995 3296 1048 nobis
3350 1003 3461 1044 tum

1915 1085 2149 1148 occludi,
2183 1095 2295 1138 tum
2334 1085 2549 1152 aperiri,
2585 1093 2638 1139 et
2683 1098 2779 1152 per
2819 1085 3058 1150 ipsorum
3105 1083 3248 1135 labra
3299 1082 3461 1135 Deum

1917 1175 2063 1233 velut
2093 1189 2186 1228 ore
2215 1177 2433 1244 pr0prio
2475 1175 2656 1228 futura
2698 1174 2958 1241 proferre.
3006 1172 3120 1225 Non
3155 1173 3299 1226 enim
3338 1187 3466 1229 caro

1916 1266 1970 1310 et
2007 1261 2248 1328 sanguis,
2278 1259 2371 1315 sed
2407 1262 2643 1315 ctelestis
2681 1261 2770 1314 ille
2805 1260 2964 1320 Pater
3002 1274 3063 1313 ac
3109 1259 3248 1313 Deus
3284 1271 3466 1311 noster

1919 1347 2032 1416 (qui
2060 1349 2224 1403 dixit:
2257 1349 2313 1404 In
2341 1350 2532 1404 diebus
2564 1351 2669 1404 illis
2693 1350 2961 1405 cﬂ‘undam
2991 1350 3056 1402 de
3087 1347 3288 1416 Spiritu
3323 1362 3465 1407 meo,

1914 1446 1968 1492 et
2033 1439 2176 1494 servi
2235 1439 2340 1493 mel
2408 1440 2891 1509 vaticinahuntur),
2953 1439 3155 1493 revelat
3215 1438 3294 1491 eis
3357 1446 3464 1489 tam

1917 1530 2232 1600 praesentia,
2276 1544 2436 1599 quam
2483 1530 2688 1584 futura.
2729 1531 2819 1584 Sic
2869 1529 3009 1584 enim
3055 1537 3109 1582 et
3152 1528 3282 1582 Saul
3328 1526 3472 1580 inter

1918 1617 2250 1686 prophetas,
2314 1625 2369 1671 et
2423 1617 2693 1686 Caiaphas
2761 1618 2962 1672 invitus
3019 1618 3297 1671 oraculum
3367 1618 3469 1668 hoc

1919 1707 2184 1776 protulit:
2251 1705 2476 1774 Expedit
2535 1722 2700 1762 unum
2769 1707 2944 1775 perire
3007 1721 3104 1775 pro
3165 1706 3362 1775 p0pulo
3417 1715 3471 1758 et

1919 1810 2016 1862 pro
2047 1795 2146 1849 hac
2182 1795 2434 1849 universa
2474 1795 2714 1850 natione.
2744 1793 2877 1848 Nam
2902 1795 2995 1847 ille
3016 1809 3110 1862 per
3159 1793 3470 1846 unctionem

1921 1886 2121 1954 regiam
2163 1883 2552 1948 incalescehat,
2589 1886 2676 1940 hic
2713 1900 2810 1954 per
2837 1886 3066 1954 gratiam
3101 1881 3468 1952 pontiﬁcatus.

1920 1977 2049 2030 Erat
2089 1977 2252 2041 enim,
2295 1975 2492 2045 inquit,
2538 1974 2659 2042 ejus
2712 1975 2838 2028 anni
2887 1973 3124 2043 pontifex
3179 1970 3468 2026 maximus.

1920 2068 2208 2137 Propterea
2253 2065 2425 2121 nostri
2477 2065 2817 2135 patriarcha,
2883 2073 3137 2133 tanquam
3165 2062 3477 2116 obtinentes

1921 2140 2096 2213 locum
2119 2158 2322 2213 Christi
2350 2156 2551 2228 Deique
2571 2156 2769 2218 nostri,
2792 2171 2899 2212 non
2927 2155 3024 2211 abs
3051 2170 3118 2208 τε·
3134 2153 3471 2206 voluntarios

1922 2247 2093 2315 ipsius
2123 2245 2422 2308 cruciatus,
2455 2253 2507 2299 et
2540 2244 2734 2312 probra
2775 2244 2970 2298 salutis
3000 2250 3200 2295 nostrte
3228 2253 3392 2294 causa
3420 2239 3470 2293 ei

1921 2342 2045 2386 ante
2075 2347 2293 2387 crucem
2328 2341 2382 2386 et
2415 2331 2871 2384 resurrectionem
2911 2328 2979 2381 ah
3013 2328 3243 2396 ingratis
3270 2324 3471 2379 Iudaeis

1922 2425 2089 2490 illata,
2116 2439 2238 2477 cum
2268 2423 2532 2492 gravitate
2564 2428 2969 2490 repraesentant.
3004 2419 3134 2486 Quae
3163 2429 3342 2472 autem
3378 2417 3474 2471 illa

1923 2515 2050 2576 sint,
2098 2511 2284 2566 audiat
2325 2519 2416 2565 tua
2460 2511 2746 2566 sanctitas.
2806 2507 2940 2561 Nam
3001 2506 3216 2561 tametsi
3260 2504 3472 2558 videam

1924 2619 2008 2657 me
2031 2604 2272 2658 laborem
2300 2602 2630 2663 subiturum,
2655 2601 2828 2653 donec
2851 2597 3121 2667 ingrediar
3145 2597 3196 2648 in
3221 2603 3472 2648 sanctua-

1922 2695 2063 2748 rium
2117 2691 2228 2756 Dei,
2275 2704 2501 2760 quaeque
2547 2690 2600 2742 in
2648 2703 2714 2742 eo
2765 2695 2916 2750 sunt,
2965 2694 3019 2740 et
3067 2685 3210 2739 circa
3272 2685 3469 2751 ipsum,

1923 2782 2214 2850 intelligam
2259 2799 2272 2834 :
2314 2778 2666 2833 nihilominus
2709 2776 2880 2832 sancti
2925 2773 3160 2846 Spiritus
3204 2775 3373 2843 gratia
3416 2772 3470 2824 in

1923 2871 2251 2940 patriarchis
2291 2868 2660 2938 praeﬁgurata,
2702 2866 2757 2919 in
2805 2865 3081 2935 prophetis
3113 2873 3236 2917 ante
3265 2863 3476 2917 denun-

1922 2964 2078 3027 tiata,
2108 2963 2162 3015 in
2193 2959 2452 3029 apostolis
2481 2958 2728 3021 fundata,
2753 2958 2806 3011 in
2841 2957 3172 3026 martyribus
3197 2955 3473 3016 absoluta,

1926 3053 1979 3106 iu
2027 3053 2327 3107 hierarchis
2361 3051 2622 3105 decorata
2647 3091 2664 3116 ,
2693 3047 3131 3103 subministrabit
3173 3045 3472 3100 orationem

273 3125 468 3195 άρχαις
533 3130 1030 3200 κατακοσμηθετσα,
1061 3133 1219 3187 δώσει
1250 3135 1408 3204 λόγον
1425 3139 1483 3191 ὲν
1512 3141 1818 3204 ἀνοίξει-δοῦ

1925 3142 1978 3196 in
2018 3144 2291 3210 apertione
2323 3143 2437 3196 oris
2475 3140 2600 3194 mei.

273 3217 537 3284 στόματός
572 3237 695 3288 μου.

341 3302 421 3357 Τά
464 3306 573 3358 τῶν
612 3309 959 3379 πατριαρχῶν
1001 3312 1108 3365 τῶν
1148 3314 1316 3380 ἁγίων
1355 3316 1687 3386 ὲπιμάνικα,
1726 3322 1825 3384 τὰς

271 3395 589 3460 χειροπέδας
617 3396 710 3449 τοῦ
743 3399 946 3467 Κυρίου
976 3401 1287 3466 δοξάζουσιν
1315 3444 1330 3466 ,
1362 3404 1428 3468 ἀς
1455 3408 1595 3460 ἑκὼν
1619 3410 1822 3482 ὑπέστη

270 3482 360 3535 διά
414 3485 512 3553 τὴν
568 3489 841 3557 σωτηρίαν
901 3491 1092 3559 ἡμῶν,
1146 3495 1287 3547 κατὰ
1347 3499 1634 3566 μαστιγίαν
1693 3501 1828 3570 πρὸς

272 3572 530 3640 Καϊάφαν
561 3577 841 3643 ἀγόμενος.
875 3580 952 3633 Td
985 3584 1361 3654 ἐπιτραχήλια,
1399 3587 1458 3639 τὸ
1505 3590 1827 3656 φραγέλλιον

271 3662 332 3713 τὸ
363 3661 595 3716 ἑλκύσαν
644 3667 740 3735 τὴν
782 3666 925 3737 ζωὴν
970 3668 1104 3739 πρὸς
1147 3672 1236 3725 τὸν
1281 3673 1527 3728 θάνατον.
1576 3675 1656 3730 Td
1690 3679 1829 3746 μετά

273 3753 551 3820 ποταμίων
574 3755 846 3824 πιχάρια,
861 3759 984 3818 τοὺς
1007 3761 1265 3828 κρουνοὺς
1280 3763 1372 3815 τοῦ
1390 3764 1616 3833 αἵματος
1631 3769 1724 3820 καὶ
1733 3767 1827 3821 τοῦ

273 3839 466 3903 ὕδατος
489 3882 504 3906 ,
539 3850 664 3905 τοὺς
712 3849 774 3898 ἐκ
814 3847 912 3916 τῆς
939 3848 1086 3912 Θείας
1121 3851 1357 3921 πλευρᾶς
1398 3857 1824 3923 ἀποστάξαντας.

274 3931 394 3983 Τῶν
415 3936 676 4020 γονατίων
706 3934 774 3988 τὰ
798 3937 1160 4007 ἐπιϐλήματα,
1191 3941 1282 3993 τοῦ
1315 3945 1518 3997 λεντίου
1552 3949 1616 3998 τὸ
1646 3951 1825 4020 ἐγχει-

278 4021 462 4090 ρίδιον,
493 4023 558 4075 δι’
587 4018 648 4078 οὖ
680 4028 815 4090 τοὺς.
851 4027 1020 4090 πόδας
1060 4031 1088 4081 ὁ
1137 4031 1338 4100 Κύριος
1376 4033 1482 4084 τῶν
1517 4018 1828 4091 ἀποστόλων

274 4113 612 4183 ἀπέσμηξεν.
644 4117 704 4169 Oi
734 4117 946 4181 σάκκοι,
981 4119 1079 4187 τὴν
1108 4120 1326 4189 χλαῖναν
1358 4124 1451 4189 τῆς
1486 4122 1714 4203 ὕϐρεως.
1748 4129 1828 4180 Τά

274 4204 578 4273 ὠμοφόρια.
611 4206 708 4274 τὴν
737 4209 800 4260 ὲκ
822 4209 917 4260 τοῦ
950 4209 1075 4276 ᾅδου
1111 4212 1244 4278 πρὸς
1275 4213 1503 4279 οὐρανὸν
1549 4215 1644 4266 τοῦ
1676 4234 1829 4286 πρω-

271 4295 571 4348 τοπλάστου
594 4296 908 4363 μετάϐασιν.
928 4300 1006 4353 Τὰ
1023 4300 1110 4352 διὰ
1126 4301 1534 4370 πολυσταυρίων
1558 4307 1823 4373 φαινόλια,

273 4383 366 4437 τοῦ
392 4384 575 4452 τιμίου
603 4384 834 4453 σταυροῦ
867 4389 965 4455 τὴν
997 4389 1336 4458 παγκόσμιον
1366 4392 1521 4457 δόξαν
1548 4396 1641 4446 καὶ
1672 4397 1830 4448 δύνα-

1996 3325 2319 3380 Sanctorum
2376 3322 2806 3393 patriarcharum
2866 3321 3205 3391 epimanica,
3261 3317 3476 3371 Domini

1929 3417 2170 3470 manicas
2207 3416 2505 3480 celebrant,
2532 3429 2671 3483 quas
2695 3413 2883 3467 volens
2914 3411 3176 3466 sustinuit
3224 3411 3293 3463 ob
3326 3409 3476 3461 salu-

1929 3515 2035 3559 tem
2066 3513 2329 3568 nostram,
2364 3519 2487 3558 cum
2521 3505 2693 3560 instar
2722 3503 3043 3558 verberonis
3085 3501 3149 3552 ad
3181 3498 3475 3567 Caia'pham

1930 3595 2241 3647 duceretur.
2300 3591 2559 3655 Collaria,
2597 3593 2771 3644 lorum
2823 3590 2977 3655 illud,
3011 3587 3155 3656 quod
3210 3587 3376 3642 vitam
3406 3586 3472 3638 ad

1931 3691 2159 3737 mortem
2187 3682 2367 3736 traxit.
2400 3681 2623 3735 Tunicae
2653 3679 2845 3734 ﬂuvios
2879 3679 3164 3739 habentes,
3193 3676 3477 3744 sanguinis

1929 3781 1985 3824 et
2014 3785 2168 3837 aquae
2217 3771 2382 3833 rivos,
2409 3772 2502 3839 qui
2538 3786 2601 3824 ex
2666 3769 2850 3824 divino
2889 3770 3060 3823 latere
3106 3767 3474 3823 destillaruut.

1930 3853 2176 3912 Genuum
2226 3859 2479 3922 amictus,
2537 3859 2656 3925 ejus
2708 3857 2856 3912 lintei
2911 3857 3322 3915 documentum,
3371 3869 3478 3920 quc

1929 3948 2091 4016 pedes
2179 3949 2549 4015 apostolorum
2625 3947 2887 4001 Dominus
2961 3945 3206 4000 extersit.
3297 3942 3477 4006 Sacci,

1929 4037 2154 4106 pallium
2182 4036 2315 4090 illud
2347 4037 2688 4092 contumelia:
2719 4043 2882 4103 atque
2927 4035 3226 4103 opprobrii.
3283 4033 3481 4086 Hume-

1931 4126 2089 4185 ralia,
2123 4125 2380 4195 primitivi
2445 4125 2733 4178 transitum
2784 4125 2852 4178 ab
2918 4123 3109 4177 inferis
3154 4121 3218 4176 ad
3261 4121 3474 4176 malum.

1929 4210 2115 4265 Multis
2193 4211 2462 4280 insignitae
2541 4211 2797 4266 crucibus
2858 4211 3090 4279 peuulte.
3159 4207 3480 4264 venerandae

1931 4301 2112 4355 crucis
2150 4301 2508 4355 uniuersalem
2533 4302 2758 4369 gloriam
2793 4310 2952 4368 atque
2977 4308 3315 4367 potestatem.
3349 4299 3478 4364 Quas

1932 4391 2143 4443 suntin
2202 4389 2287 4445 his
2330 4391 2622 4459 triangula,
2675 4387 2904 4457 lapidem
2957 4391 3106 4441 illum
3167 4390 3476 4457 angularem

277 4495 390 4544 μιν.
415 4476 497 4529 τὰ
526 4478 582 4529 εν
603 4477 810 4540 τούτοις
824 4478 1107 4549 τριγώνια,
1131 4481 1222 4533 τὸν
1246 4485 1633 4552 ἀκρογωνιαίον
1657 4485 1824 4549 λίθον,

1931 4481 2205 4534 Christum
2242 4480 2406 4536 Deum
2437 4491 2707 4544 nostrum,
2730 4480 2821 4548 qui
2847 4479 3124 4547 disjuncta
3170 4480 3476 4547 conjunxrt.

272 4567 505 4636 Χριστὸν
530 4567 618 4619 τὸν
641 4567 771 4620 Θεὸν
793 4569 967 4636 ἡμῶν,
998 4570 1088 4622 τὸν
1117 4571 1186 4623 τά
1211 4572 1469 4625 διεστῶτα
1497 4575 1826 4642 συνάψαντα.

273 4656 384 4710 Καὶ
416 4657 472 4710 αί
505 4657 687 4726 ῥάϐδοι
728 4658 818 4710 τὸν
849 4659 1090 4726 κάλαμον
1111 4699 1126 4723 ,
1170 4662 1261 4712 τὸν
1289 4663 1386 4729 τὴν
1429 4665 1697 4732 σωτηρίαν
1733 4665 1827 4718 τοῦ

273 4747 462 4814 γένους
515 4746 624 4799 τῶν
674 4746 974 4818 ἀνθρώπων
1029 4750 1570 4819 καλλιγραφήσαντα.
1629 4755 1738 4806 Καὶ
1803 4757 1830 4808 ὁ

278 4838 487 4906 μάρτυς
526 4840 583 4890 δν
610 4837 820 4908 οὐρανῷ
854 4840 1059 4902 πιστός.
1116 4841 1249 4894 Ἀπὸ
1276 4841 1405 4908 γοῦν
1432 4843 1540 4894 τῶν
1569 4843 1710 4897 οὕτω
1740 4845 1826 4897 δε-

271 4927 615 4996 δοξασμένων
657 4930 957 4994 ἀγακλεῶς,
991 4932 1085 4984 καὶ
1119 4933 1198 4992 είς
1245 4932 1416 4986 τύπον
1447 4936 1828 4990 καταστάντων

273 5016 366 5068 τοῦ
389 5017 643 5086 ἀληθινοῦ
671 5019 904 5090 Χριστοῦ
937 5022 1030 5073 καὶ
1059 5019 1192 5074 Θεοῦ
1218 5023 1391 5093 ἡμῶν,
1423 5025 1574 5087 ποῖός
1604 5041 1688 5085 τις
1709 5027 1829 5078 τολ-

276 5107 476 5174 μητίας
505 5108 598 5159 καὶ
629 5107 1021 5177 θρασυκάρδιος
1054 5109 1317 5175 ἀφέληταί
1350 5126 1400 5162 τι
1439 5110 1646 5162 δίκαιον
1681 5112 1830 5180 lega-

274 5197 424 5249 τικδν
452 5198 832 5266 όπωσδήποτες
867 5199 1088 5259 Πάντως
1116 5199 1311 5257 οὐδείς.
1355 5199 1602 5254 Ἀκούσει
1631 5201 1736 5272 γὰρ
1766 5202 1830 5254 ἐκ

279 5284 371 5337 τοῦ
400 5283 748 5354 θεοπάτοροςθ
773 5286 846 5338 Σὺ
888 5286 940 5338 δὲ
980 5286 1182 5338 ἀπώσω
1221 5289 1314 5339 καὶ
1341 5287 1703 5351 ἐξουδένωσας
1739 5290 1829 5341 τὸν

277 5377 511 5444 Χριστόν
555 5391 669 5438 σου,
706 5378 799 5427 καὶ
848 5375 907 5428 τὸ
957 5376 1201 5446 ἀγίασμα
1251 5377 1413 5430 αὑτοῦ
1464 5377 1825 5448 ὲὸεσήλωσας.

281 5467 490 5536 Ὠσπερ
524 5467 702 5518 τοίνυν
745 5467 845 5518 οὐκ
891 5466 1060 5531 ἔξεστι
1095 5468 1198 5518 τῶν
1237 5467 1488 5519 ἁπάντων
1519 5469 1624 5518 τινὶ
1655 5467 1830 5534 λέγειν

277 5558 406 5624 περὶ
432 5556 524 5608 τοῦ
559 5557 676 5612 ἑνὸς
697 5558 932 5622 Χριστοῦ
959 5556 1048 5614 καὶ
1080 5554 1212 5608 Θεοῦ
1243 5557 1419 5626 ἡμῶν,
1450 5557 1623 5618 άλλως
1651 5557 1746 5625 μὲν
1776 5560 1831 5608 ἑν

282 5645 412 5714 τῷδε
455 5647 550 5715 τῆς
594 5649 913 5715 οἰκουμένης
953 5647 1030 5715 τῷ
1063 5648 1283 5715 κλίματι
1321 5648 1702 5717 παρουσιάζειν
1741 5651 1832 5701 καὶ

280 5738 701 5802 μεγαλύνεσοαι,
738 5740 906 5797 ἄλλως
953 5739 998 5789 δ’
1041 5740 1098 5790 ἐν
1142 5739 1332 5808 ἐκείνῳ
1364 5739 1708 5804 δοξάζεσθαι,
1747 5741 1831 5791 ἵνα

1930 4569 2137 4632 Baculi,
2183 4571 2505 4624 arundinem
2568 4571 2735 4634 illam,
2799 4587 2919 4639 qua:
2981 4572 3211 4624 salutem
3265 4574 3477 4639 generis

1933 4661 2151 4714 humani
2175 4661 2387 4730 egregie
2439 4659 2703 4728 depinxit.
2759 4661 2937 4715 Testis
2992 4665 3046 4713 in
3092 4661 3232 4714 cmlo
3286 4661 3478 4714 fidelis.

1933 4751 2268 4806 Patriarchis
2297 4765 2426 4819 ergo
2460 4759 2567 4802 tam
2620 4751 2878 4818 praeclare
2933 4751 3258 4814 nobilitatis,
3314 4760 3365 4804 et
3425 4768 3476 4803 Ill

1933 4840 2282 4894 simulacrum
2306 4840 2418 4893 veri
2450 4837 2652 4892 Christi
2675 4854 2740 4893 ac
2773 4838 2864 4892 Dei
2909 4840 3082 4893 nostri
3140 4840 3476 4900 constitutis,

1931 4929 2053 4997 quis
2081 4929 2213 4983 adeo
2237 4930 2555 4982 temerarius
2585 4939 2639 4983 et
2680 4928 2856 4982 audax
2908 4928 3095 4988 fuerit,
3150 4937 3207 4980 ut
3243 4929 3334 4995 jus
3378 4929 3478 4980 ali-

1931 5019 2076 5088 quod
2104 5019 2439 5073 sacerdotale
2463 5034 2790 5088 quocunque
2817 5019 2975 5073 modo
2998 5019 3237 5072 adimat?
3260 5021 3482 5072 omnino

1932 5109 2137 5162 nullus.
2168 5107 2364 5162 Audiet
2390 5111 2532 5161 enim
2563 5122 2592 5161 a
2649 5108 2850 5162 Christi
2913 5118 3064 5178 patre
3118 5108 3355 5162 Davitle:
3398 5106 3476 5162 Tu

1931 5204 2110 5250 autem
2167 5198 2415 5266 repulisti
2463 5207 2512 5250 et
2563 5198 2874 5252 annihilasti
2934 5210 3154 5252 unctum
3212 5210 3384 5261 tuum,
3423 5208 3478 5252 et

1932 5287 2412 5342 sanctillcationem
2474 5287 2594 5355 ejus
2645 5288 2968 5357 profanasti.
3013 5287 3476 5353 Quemadmodum

1931 5393 2060 5446 ergo
2099 5377 2301 5432 nemini
2333 5377 2514 5448 dicere
2543 5379 2666 5431 licet
2699 5377 2765 5432 de
2824 5394 2931 5432 uno
2983 5379 3203 5432 Christo
3264 5378 3479 5448 Deuque

1933 5445 2142 5532 nostro,
2167 5467 2311 5537 quod
2343 5445 2500 5522 aliter
2526 5469 2578 5521 in
2606 5469 2707 5522 hoc
2738 5470 2886 5523 orbis
2919 5476 3090 5523 tractu
3123 5469 3196 5522 sit
3241 5445 3478 5538 prrcscns

1933 5570 1984 5611 et
2011 5557 2408 5625 magniﬂcctur,
2435 5559 2594 5611 aliter
2621 5559 2673 5611 in
2705 5557 2794 5611 illo
2817 5559 3154 5627 gloriﬁcetur
3179 5575 3192 5622 ;
3228 5575 3293 5612 ne
3323 5575 3478 5614 vesa-

1936 5648 2039 5701 nia:
2072 5657 2326 5701 extremae
2379 5664 2529 5700 reum
2587 5663 2645 5702 se
2688 5648 2869 5712 faciat,
2929 5657 2981 5702 ct
3032 5650 3097 5703 ad
3151 5650 3476 5716 impietatem

1935 5737 2239 5791 exot'bitct:
2274 5739 2350 5792 sic
2375 5739 2535 5791 ctiam
2589 5754 2746 5791 nemo
2796 5739 3208 5806 patriarchach
3263 5753 3476 5795 sacrant
