4004 6448
568 367 588 429 l
636 367 702 429 2'3

1772 363 2042 421 TllEUU.
2093 362 2178 419 B.\
2191 355 2563 420 LSAHONIS

3613 329 3752 416 met

563 488 972 555 amplitudinem
1005 486 1167 538 dividi
1199 485 1394 538 debere
1425 483 1636 544 dixerit,
1689 483 1764 536 uti
1791 485 1871 536 vel
1897 483 2086 548 majora

2201 481 2271 548 μὴ
2303 475 2680 549 παραπληξίας
2706 475 2933 544 ἐσχάτης
2962 473 3260 544 κατακριθῇ
3282 513 3298 537 ,
3333 473 3426 525 καὶ
3457 473 3593 542 πρὸς
3617 473 3750 525 δυσ-

563 579 642 630 vel
676 577 882 629 minora
946 578 1135 629 habeat
1195 576 1490 644 privilegia.
1538 575 1872 640 Quapropter
1929 573 2090 626 etiam

561 674 820 719 statutum
848 675 949 724 est.
978 676 1034 717 ut
1080 666 1132 718 in
1195 667 1385 732 quavis
1435 663 1661 716 ecclesia
1712 663 1824 726 Dei,
1867 661 1980 714 sive
2027 659 2092 710 ad

561 754 908 821 Euphratem,
939 757 1048 808 sive
1074 757 1136 809 ad
1168 757 1404 822 Tigrim,
1439 755 1552 808 sive
1586 754 1652 805 ad
1683 754 1856 819 ipsum
1891 749 2092 819 pertin-

559 840 966 909 gatOceanum,
993 845 1319 910 conjunctim
1377 858 1561 895 eorum
1593 841 1805 893 nomina
1857 837 2095 890 referan-

559 944 668 984 tur.
721 934 1060 1001 Acceperunt
1121 934 1301 995 enim,
1364 933 1442 984 uti
1513 932 1776 998 scriptum
1845 927 2089 996 legimus,

560 1022 807 1088 regiones
868 1024 1146 1089 gentium;
1189 1031 1241 1076 et
1286 1037 1471 1075 eorum
1527 1021 1704 1074 throni
1749 1025 1877 1072 sunt
1923 1019 2095 1070 instar

557 1110 697 1164 lunae
727 1113 993 1180 perfectae.
1027 1128 1088 1166 ac
1115 1112 1246 1165 solis
1277 1114 1447 1163 instar
1479 1125 1661 1162 coram
1701 1124 1783 1162 me
1806 1115 1952 1161 sunt.

627 1288 732 1342 Sed
769 1289 905 1343 dicet
933 1288 1167 1356 aliquis:
1202 1287 1334 1340 Cum
1370 1287 1536 1340 divini
1569 1293 1620 1340 et
1673 1285 1813 1338 sacri
1850 1295 2092 1337 canones

555 1379 701 1431 velut
763 1379 1076 1446 arvipendio
1151 1377 1381 1446 quodam
1459 1375 1783 1445 patriarcbis
1859 1380 2093 1440 quatuor

557 1467 702 1524 Orbis
746 1480 922 1534 partes
975 1465 1373 1528 distribuerint,
1424 1465 1514 1530 qui
1551 1464 1626 1524 ﬁt,
1666 1473 1722 1515 ut
1763 1463 1878 1528 ipse
1927 1459 2091 1512 semel

558 1564 757 1609 statuta
788 1557 1211 1623 transgrediens,
1244 1555 1376 1608 velis
1403 1570 1495 1606 cas
1521 1555 1688 1604 instar
1718 1552 1878 1604 unius
1908 1547 2091 1601 haberi

557 1652 866 1720 provincite,
890 1667 1114 1720 qumque
1145 1651 1313 1702 divisa
1359 1658 1502 1701 recte
1526 1657 1670 1707 sunt,
1700 1647 1836 1699 male
1871 1643 2094 1697 confun-

557 1741 718 1793 tlere?
753 1742 828 1792 Ad
885 1741 1020 1792 hanc
1066 1740 1421 1806 objectiouem
1468 1736 1877 1805 respondemus,
1928 1747 2092 1801 posse

2197 568 2406 621 σέϐειαν
2438 566 2816 636 μετακυλισθῇ,
2849 565 3016 626 οὕτως
3041 565 3161 615 οὐδὲ
3199 567 3299 633 τὴν
3328 563 3744 632 πατριαρχικὴν

2195 658 2341 711 θείαν
2377 655 2762 726 μεγαλειότητα
2793 654 3090 721 διαιρετέαν
3136 652 3279 704 εἰποι
3317 668 3403 713 τις
3437 647 3578 704 εῖναι
3601 689 3615 711 ,
3648 653 3748 702 καὶ

2195 748 2326 818 πρὸς
2349 746 2569 814 μείζονα
2590 746 2683 796 καὶ
2701 745 2955 796 ἐλάττονα
2977 742 3242 813 προνόμια
3270 741 3743 810 μεταπίπτουσαν.

2194 836 2284 903 Τῷ
2320 852 2399 885 τοι
2428 834 2518 885 καὶ
2566 832 2802 883 δέδοκται
2864 831 3000 882 κατὰ
3043 833 3221 884 πᾶσαν
3262 829 3579 897 ἐκκλησίαν,
3617 828 3750 896 περὶ

2192 926 2280 977 τὸν
2313 924 2624 992 Εὐφράτην,
2648 923 2740 973 καὶ
2761 922 3020 989 Τίγρητα,
3038 923 3130 973 καὶ
3152 921 3310 972 αὑτὸν
3339 920 3633 986 διήκουσαν
3655 916 3749 969 τὸν

2192 1013 2426 1064 ὠκεανὸν
2445 1050 2459 1073 ,
2486 1012 2657 1062 ἰλαδὸν
2702 1011 2895 1070 αὐτοὺς
2924 1010 3307 1076 ἀναφέρεσθαι.
3342 1006 3575 1060 Ἔλαϐον
3613 1005 3750 1074 γάρ,

2193 1105 2345 1171 φησι,
2368 1102 2547 1171 χώρας
2572 1101 2735 1152 ἐθνῶν
2757 1139 2770 1160 ,
2790 1101 2880 1151 καὶ
2906 1102 2953 1150 οἰ
2983 1099 3159 1167 θρόνοι
3183 1098 3362 1151 αὐτῶν
3387 1096 3520 1152 ὡσεὶ
3543 1111 3749 1164 κατηρο

2192 1192 2417 1259 τισμένη
2452 1190 2667 1256 σελήνη,
2697 1188 2790 1238 καὶ
2824 1187 2894 1247 ὡς
2924 1187 3073 1255 ἥλιός
3103 1188 3239 1237 εἰσιν
3275 1188 3515 1237 ἐναντίον
3548 1200 3672 1252 μου.

2272 1278 2408 1329 Ἀλλ’
2436 1277 2550 1343 ἐρεῖ
2584 1290 2703 1335 τις·
2757 1274 2863 1324 Καὶ
2919 1273 3033 1334 πῶς
3087 1273 3194 1324 τῶν
3249 1272 3410 1324 θείων
3448 1271 3544 1323 καὶ
3585 1269 3752 1338 ἰερῶν

2193 1368 2427 1419 κανόνων
2458 1365 2531 1427 ὡς
2560 1367 2614 1415 ὲν
2653 1363 2866 1432 σχοινίῳ
2912 1362 3263 1429 κληροδοσίας
3307 1360 3748 1428 ὲπιμερισάντων

2191 1457 2303 1515 τοῖς
2334 1453 2695 1521 πατριάρχαις
2723 1452 2822 1517 τῆς
2848 1449 3167 1517 οἰκουμένης
3194 1450 3294 1517 τὴν
3325 1447 3746 1516 τετραμέρειαν.

2192 1543 2346 1602 αὐτὸς
2369 1541 2708 1609 ὑπερϐαίνων
2732 1539 2801 1591 τά
2826 1538 3050 1601 δόξαντα
3077 1539 3248 1599 θέλεις
3271 1537 3347 1598 ὡς
3375 1537 3502 1604 μίαν
3532 1534 3750 1603 ὲνορίαν

2190 1631 2391 1692 ταύτας
2420 1629 2724 1697 λογίζεσθαι
2751 1669 2765 1693 ,
2801 1629 2894 1679 καὶ
2943 1627 3192 1695 συγχέειν
3225 1626 3410 1686 κακῶς
3437 1625 3507 1678 τὰ
3544 1624 3753 1691 διαιρε-

2193 1719 2351 1772 θέντα
2383 1717 2594 1780 καλῶς;
2629 1717 2806 1784 Φαμὲν
2834 1711 2924 1768 οὗν
2958 1716 3091 1783 πρὸς
3121 1714 3220 1781 τὴν
3249 1713 3507 1781 τοιαύτην
3539 1711 3753 1763 ἀντίθεο

557 1847 590 1897 p
610 1832 757 1882 triter
779 1838 831 1882 et
863 1830 973 1882 lucc
999 1830 1105 1881 vim
1135 1843 1284 1881 suam
1331 1828 1593 1887 obtinere,
1643 1821 2086 1891 quemadmodum

2194 1826 2296 1870 σιν,
2324 1807 2394 1869 ὡς
2423 1809 2538 1860 ἔστι
2559 1808 2651 1859 καὶ
2675 1806 2844 1858 ταῦτα
2862 1806 3079 1874 κρατεῖν
3103 1802 3284 1863 καθὼς
3315 1802 3421 1853 ύπὺ
3441 1801 3550 1852 τῶν
3577 1800 3750 1865 ἁγίων

557 1935 584 1970 a
610 1921 816 1972 sanctis
843 1919 1095 1972 Patribus
1128 1920 1333 1970 sancita
1369 1918 1516 1978 sint,
1550 1923 1602 1967 et
1628 1925 1800 1967 tamen
1843 1913 2092 1965 identita-

557 2017 658 2058 tem
686 2011 898 2060 unionis
922 2025 1023 2061 non
1047 2007 1324 2061 confundi.
1350 2005 1536 2072 Opifex
1556 2005 1643 2056 ille
1671 2002 1829 2069 hujus
1853 2000 2091 2053 universi

554 2099 716 2159 Deus,
755 2097 841 2162 qui
869 2097 1136 2148 hominem
1185 2108 1335 2147 suam
1375 2094 1438 2145 ad
1485 2093 1768 2158 imaginem
1831 2088 2004 2149 tinxit,
2039 2094 2092 2138 et

555 2199 727 2251 regem
758 2183 1087 2236 terrestrium
1118 2182 1416 2241 constituit,
1471 2179 1562 2247 qui
1615 2179 1826 2230 coalitus
1878 2189 2091 2242 regere-

555 2281 660 2329 tur,
697 2272 1017 2338 praedicatur
1043 2269 1130 2321 ille
1161 2267 1377 2334 quidem
1409 2281 1527 2318 cum
1559 2273 1781 2332 propter
1830 2263 2088 2329 reliquam

557 2360 795 2425 ligntenti
831 2357 993 2424 huius
1025 2356 1274 2408 eximiam
1313 2367 1658 2422 compagem;
1706 2361 1815 2402 tum
1849 2349 1990 2418 quod
2024 2363 2090 2400 ex

556 2448 844 2500 immortali
903 2447 1119 2512 partim,
1173 2444 1366 2512 partim
1427 2441 1638 2496 mortali
1693 2443 1942 2502 mistura,
1993 2452 2088 2491 vas

554 2538 680 2589 illud
714 2545 834 2604 apte
866 2534 1113 2587 ﬂuxerit:
1151 2533 1293 2600 quod
1352 2549 1482 2585 sane
1511 2547 1630 2585 cum
1685 2533 1804 2584 loco
1853 2532 2089 2586 circum-

555 2626 843 2684 scribatur,
876 2623 1082 2674 ratione
1118 2621 1389 2674 crassitiei
1417 2620 1673 2679 carnalis,
1708 2629 1883 2672 mente
1911 2626 2087 2670 tamen

555 2727 616 2763 ea
645 2719 865 2778 spectat,
899 2723 1015 2776 qua:
1037 2707 1119 2759 vel
1170 2707 1305 2773 apud
1329 2704 1505 2757 Gades
1559 2705 1848 2757 exsistunt.
1905 2700 2090 2766 Neque

557 2801 734 2852 minus
754 2799 800 2851 ei
832 2797 1211 2864 majestatisex
1241 2809 1304 2847 eo
1334 2793 1609 2856 tribuitur,
1639 2791 1781 2860 quod
1811 2792 2086 2843 hominum

558 2890 716 2939 vitam
753 2902 844 2952 per
875 2888 1114 2953 quinque
1154 2898 1345 2938 sensus
1392 2883 1500 2950 regi
1561 2881 1808 2940 voluerit,
1859 2891 2085 2945 quorum

557 2978 780 3044 quilibet
813 2977 918 3027 vim
952 2976 1051 3027 sibi
1080 2974 1400 3041 peculiarem
1429 2971 1748 3031 vindicaret,
1781 2983 1902 3020 cum
1951 2967 2088 3018 inte-

556 3071 656 3121 rim
687 3069 996 3121 societatem
1031 3072 1270 3116 mutuam
1300 3077 1403 3114 non
1434 3061 1719 3127 abnegent.
1768 3057 1917 3109 Licet
1943 3055 2084 3108 enim

555 3168 827 3225 aspectus,
853 3155 998 3207 verbi
1034 3155 1225 3221 gratia,
1251 3167 1447 3204 munus
1469 3150 1568 3201 sibi
1595 3148 1855 3200 divinitus
1910 3144 2089 3212 injun-

554 3256 699 3298 ctum
753 3245 911 3296 etiam
963 3258 1059 3311 pro
1114 3258 1208 3295 sua
1239 3250 1389 3308 parte
1436 3239 1698 3290 duntaxat
1770 3235 1947 3295 obeat,
1989 3246 2084 3284 ceu

556 3336 793 3387 debitum
854 3330 1122 3398 quoddam
1177 3329 1526 3396 persolvens,
1586 3326 1639 3376 in
1697 3339 1801 3390 quo
1871 3320 2088 3372 minime

557 3422 802 3490 cognatis
831 3436 858 3471 a
883 3420 1131 3474 sensibus
1171 3417 1477 3482 impeditur,
1536 3425 1875 3480 nequaquam
1909 3416 2085 3460 tamen

555 3515 621 3567 ab
652 3515 840 3565 horum
874 3512 1128 3564 societate
1162 3507 1428 3566 avellitur,
1489 3505 1581 3556 sed
1623 3503 1736 3554 vult
1781 3515 1874 3553 eos
1909 3498 2086 3567 digni-

553 3605 681 3656 tatis
741 3616 849 3654 sua:
909 3599 1195 3668 participes
1252 3610 1411 3654 esse,
1477 3601 1794 3659 mutuasque
1841 3587 2088 3641 conferre

552 3708 745 3760 operas
779 3696 949 3742 instar
983 3689 1205 3739 lidarum
1242 3685 1581 3745 ancillarum,
1616 3681 1678 3732 ad
1705 3679 2000 3732 curandum
2035 3676 2084 3728 id

552 3798 770 3850 col-pus,
798 3781 882 3831 cui
915 3794 1106 3831 sensus
1139 3778 1186 3827 hi
1221 3777 1327 3828 dati
1363 3784 1504 3827 sunt.
1532 3772 1798 3824 Praeterea
1856 3776 2089 3822 meretur

553 3868 982 3925 admirationem,
1021 3862 1161 3927 quod
1199 3861 1492 3926 quemlibet
1536 3858 1727 3909 horum
1783 3856 2089 3922 geminave-

555 3960 657 4020 rit;
701 3965 758 4008 ιιι
816 3956 1026 4006 tametsi
1094 3952 1271 4018 perire
1317 3949 1604 4016 contigerit
1656 3961 1844 4009 unum,
1907 3953 2085 3995 tamen

552 4050 792 4114 reliquus
825 4045 968 4096 illitts
997 4044 1156 4094 etiam
1186 4043 1354 4093 vicem
1388 4039 1626 4104 impleat,
1670 4050 1769 4089 nec
1827 4034 2087 4086 adversus

553 4154 674 4190 eum
707 4137 1028 4188 insolescaut
1057 4145 1250 4183 sensus
1281 4128 1460 4180 adhuc
1495 4126 1710 4193 integri,
1765 4121 1856 4177 scd
1911 4121 2088 4188 potius

551 4228 600 4278 ei
633 4225 971 4282 condoleant,
1003 4238 1066 4273 ne
1124 4219 1356 4271 ludibrio
1408 4215 1792 4285 paterfamilias
1845 4215 2086 4280 ipsorum

553 4316 839 4368 habeatur.
874 4311 1081 4377 Quippe
1132 4309 1176 4362 si
1214 4309 1499 4375 contigerit
1556 4307 1868 4357 alterutram
1903 4317 2087 4354 aurem

554 4405 795 4458 inutilem
830 4402 1001 4454 reddi.
1027 4415 1130 4450 non
1159 4399 1385 4465 amplius
1439 4397 1620 4455 homo,
1653 4403 1890 4447 creatum
1929 4392 2087 4458 longe

554 4489 997 4559 pulcherrimum,
1042 4484 1309 4552 perfectus
1345 4491 1396 4535 et
1440 4482 1749 4537 incolumis.
1792 4488 1843 4531 et
1875 4478 2083 4544 qualem

551 4582 696 4634 Dens
722 4577 981 4634 condidit,
1033 4589 1151 4627 esse
1216 4573 1442 4636 dicitur;
1501 4569 1594 4623 sed
1643 4570 1816 4621 instar
1868 4569 2087 4620 abortus

553 4669 798 4730 habetur,
850 4680 968 4717 cum
1030 4677 1057 4714 a
1108 4662 1325 4728 reliquis
1360 4669 1588 4728 quatuor
1637 4659 1907 4725 sensibus,
1959 4657 2086 4708 licet

553 4756 852 4809 incolumes
877 4755 1002 4813 sint,
1027 4751 1209 4801 auxilii
1233 4750 1363 4800 nihil
1388 4749 1599 4801 habeat.
1625 4746 2085 4811 Quemadmodum

550 4860 678 4911 ergo
714 4845 955 4910 quolibet
992 4856 1153 4892 sensu
1186 4854 1380 4890 munus
1413 4853 1570 4890 suum
1619 4838 1896 4904 implente,
1927 4845 2086 4890 (ταξιο-

551 4947 730 4984 rorum
767 4946 924 4982 usum
954 4945 1056 4982 non
1107 4928 1428 4990 inficiamur,
1476 4942 1572 4980 nec
1626 4926 1946 4979 damnamus
1996 4939 2087 4979 eos

554 5030 805 5085 tanquam
835 5017 1007 5070 {cedes
1047 5027 1098 5069 et
1121 5017 1364 5082 inutiles,
1396 5023 1676 5084 propterea
1705 5015 1845 5082 quod
1875 5016 2085 5082 gemina

552 5110 758 5162 ratione
806 5123 908 5159 non
957 5107 1066 5160 sint
1121 5107 1383 5172 eﬂicaces,
1436 5105 1884 5173 quemadmodum
1933 5112 2087 5157 erant

552 5198 776 5259 ronditi,
801 5197 890 5248 sed
919 5197 1095 5264 potius
1131 5196 1208 5248 eis
1239 5194 1478 5248 favemus
1515 5193 1730 5263 (quippe
1764 5194 1807 5246 si
1850 5208 1987 5245 unus
2020 5209 2082 5245 ex

549 5289 648 5346 eis,
682 5287 760 5338 uti
792 5286 993 5338 dictum
1027 5294 1128 5346 est,
1161 5284 1214 5336 in
1237 5284 1549 5336 universum
1585 5283 1876 5344 defecerit;
1906 5291 2075 5334 totum

547 5388 746 5439 corpus
797 5373 984 5425 inutile
1031 5372 1298 5435 redditur,
1351 5380 1403 5423 et
1449 5371 1517 5423 ab
1571 5372 1882 5425 hominibus
1936 5371 2075 5423 haud

546 5464 702 5514 aliter
738 5461 959 5514 habetur
999 5470 1157 5529 atque
1213 5461 1256 5513 si
1305 5476 1412 5514 non
1451 5462 1770 5527 exsisteret),
1803 5461 1880 5514 sic
1917 5462 2075 5515 etiam

544 5550 826 5615 quinarius
872 5551 1298 5618 patriarcharum
1363 5559 1507 5604 recte
1536 5560 1694 5618 atque
1725 5552 1913 5604 ordine
1959 5566 2075 5604 sese

546 5648 711 5709 geret.
747 5639 875 5692 Nam
902 5641 1124 5707 quilibet
1155 5641 1345 5694 horum
1398 5642 1920 5695 administrationem
1973 5643 2071 5695 sibi

2193 1898 2449 1965 Πατέρων
2480 1896 2847 1960 τεθέσπισται,
2888 1896 2981 1946 καὶ
3011 1893 3108 1962 τὴν
3145 1893 3452 1958 ταυτότητα
3484 1890 3585 1958 τῆς
3624 1887 3755 1941 svi»-

2194 2002 2328 2042 σεως
2363 1984 2434 2052 μὴ
2471 1984 2810 2053 συγχέεσθαι.
2862 1983 2918 2034 ⁸0
2948 1980 3287 2050 Δημιουργδς
3314 1980 3423 2031 τῶν
3453 1979 3588 2030 ὃλων
3619 1978 3755 2039 Θεὸς

2191 2076 2310 2127 κατ’
2339 2074 2542 2126 οἰκείαν
2579 2072 2760 2124 εἰκόνα
2808 2072 3259 2139 πλαστουργήσας
3303 2069 3395 2122 τὸν
3427 2068 3715 2136 ἄνθρωπον
3736 2106 3753 2131 ,

2191 2165 2283 2215 καὶ
2316 2161 2536 2230 βασιλέα
2563 2161 2911 2226 καταστήσας
2939 2159 3046 2210 τῶν
3070 2158 3160 2209 ἐπὶ
3187 2158 3291 2223 γῆς
3325 2157 3752 2224 βασιλευόμενον

2190 2250 2412 2314 ἄνωθεν,
2439 2251 2682 2319 ὑμνεῖται
2714 2250 2811 2317 μὲν
2832 2248 2925 2300 καὶ
2948 2249 3105 2317 χάριν
3130 2248 3227 2316 τῆς
3246 2247 3413 2314 ἄλλης
3435 2244 3752 2314 ὑπερφυοῦς

2191 2341 2451 2410 ἁρμονίας
2477 2339 2569 2392 τοῦ
2601 2339 2934 2408 πλάσματος,
2960 2339 3053 2390 καὶ
3077 2336 3192 2398 πῶς
3217 2336 3276 2400 ἐξ
3305 2336 3579 2389 ἀθανάτου
3610 2335 3752 2402 κρά-

2192 2446 2356 2498 ματος
2377 2430 2467 2480 καὶ
2489 2427 2681 2498 θνητοῦ
2715 2427 2775 2478 τὸ
2801 2427 3045 2494 ἐφόλκιον
3074 2424 3444 2493 δμιωργάνωσε,
3473 2424 3570 2475 καὶ
3599 2425 3750 2490 τόπῳ

2190 2519 2657 2588 περιγραφόμενον
2688 2515 2763 2584 τῷ
2783 2515 2924 2583 λόγῳ
2950 2515 3049 2583 τῆς
3081 2514 3392 2583 σαρκώδους
3415 2513 3749 2583 παχύτητος,

2193 2606 2391 2673 νοερῶς
2426 2607 2493 2656 τὰ
2517 2605 2662 2673 παρὰ
2684 2603 2954 2672 Γαδείρων
2975 2601 3422 2670 περιεργάζεται.
3448 2601 3563 2668 Οὐχ
3589 2597 3753 2670 ἧττον

2189 2695 2243 2746 δὲ
2285 2692 2640 2761 μεγαλύνεται
2661 2729 2676 2752 ,
2709 2692 2790 2742 ὅτι
2819 2690 2914 2758 τὴν
2949 2688 3092 2758 ζωὴν
3123 2689 3230 2740 τῶν
3260 2689 3567 2758 ἀνθρώπων
3605 2689 3752 2739 εὑδό-

2189 2803 2321 2851 κησε
2360 2785 2445 2837 διὰ
2477 2786 2633 2835 πέντε
2677 2783 2978 2851 αἰσθήσεων
3019 2779 3397 2846 διεξάγεσθαι,
3431 2780 3750 2848 σφετεριζοο

2190 2875 2362 2942 μένων
2405 2875 2502 2941 τὴν
2543 2872 2807 2939 ίδικότητα
2834 2913 2848 2937 ,
2897 2871 2991 2922 καὶ
3044 2870 3118 2937 μὴ
3171 2870 3602 2938 ἀπαρνουμένων
3649 2870 3751 2938 τὴν

2186 2963 2554 3016 ἀνακοίνωσιν.
2591 2961 2706 3014 Κᾶν
2723 2963 2827 3030 γὰρ
2860 2962 2891 3029 ἡ
2918 2960 3036 3027 ὄψις
3066 2959 3225 3028 τυχὸν
3250 2960 3447 3029 ἐνεργῇ
3480 2960 3578 3011 καὶ
3595 2975 3752 3027 μονο-

2192 3053 2371 3120 μερῶς
2419 3053 2480 3102 τὸ
2529 3049 2912 3118 ἀποκληρωθὲν
2955 3049 3123 3118 ταύτῃ
3187 3049 3560 3118 λειτούργημα
3598 3048 3752 3118 παρὰ

2112 3111 2155 3172 C
2191 3111 2365 3203 δεοῦ,
2394 3139 2530 3192 καθά
2582 3157 2631 3191 τι
2675 3111 2876 3190 δίκαιον
2908 3111 3164 3205 ὄφλημα,
3219 3137 3293 3205 μὴ
3344 3111 3751 3205 ἐμποδιζομένη

2192 3231 2338 3297 παρὰ
2359 3229 2466 3280 τῶν
2495 3229 2803 3295 συντρόφων
2830 3228 3153 3295 αἰσθήσεων,
3178 3227 3314 3278 άλλά
3338 3226 3439 3294 τῆς
3461 3225 3750 3286 κοινωνίας

2191 3318 2365 3369 αὐτῶν
2398 3318 2458 3367 οὑ
2489 3315 2807 3385 χωρίζεται·
2842 3315 2985 3367 θέλει
3027 3315 3083 3368 δὲ
3120 3316 3324 3376 ταύτας
3357 3315 3608 3382 μετέχειν
3640 3315 3748 3364 τῶν

2191 3408 2508 3474 ἀξιωμάτων
2540 3406 2726 3470 αὐτῆς,
2768 3405 2862 3456 καὶ
2891 3404 3218 3472 συναρήγειν
3244 3404 3324 3464 είς
3350 3403 3411 3455 τδ
3441 3403 3572 3454 αὐτὸ
3609 3404 3751 3454 κατά

2191 3495 2428 3557 δουλίδας
2458 3495 2650 3555 πιστὰς
2670 3533 2686 3557 ,
2725 3497 2860 3564 πρὸς
2897 3494 3190 3562 θεραπείαν
3220 3492 3313 3545 τοῦ
3343 3492 3549 3555 ταύτας
3582 3493 3754 3544 πλου-

2192 3587 2449 3650 τήσαντος
2493 3584 2758 3651 σώματος.
2807 3584 2926 3635 Ἔτι
2961 3583 3330 3647 θαυμάζεται,
3360 3581 3478 3642 πῶς
3511 3582 3755 3644 ἑκάστην

2193 3673 2393 3724 τούτων
2419 3671 2821 3733 ἐδιπλασίασεν,
2855 3671 2940 3722 ἵνα
2975 3671 3077 3722 κᾶν
3121 3671 3299 3738 συμϐῇ
3332 3669 3751 3738 περιαιρεθῆναι

2193 3762 2288 3830 τὴν
2322 3763 2446 3829 μίαν
2469 3799 2482 3822 ,
2512 3762 2542 3828 ἡ
2573 3760 2976 3827 περιλειφθεῖσα
3006 3759 3262 3825 κάκείνης
3295 3758 3386 3810 τὸν
3420 3759 3583 3809 τόπον
3617 3764 3751 3811 άνα-

2195 3851 2533 3918 πληρώσειε,
2583 3849 2676 3900 καὶ
2732 3850 2806 3916 μὴ
2860 3847 3392 3908 καταλαζονεύωνται
3432 3847 3640 3916 ταύτης
3693 3849 3751 3898 αἰ

2194 3941 2552 4005 ἀρτιόσωμοι,
2598 3938 2908 4002 συμπονῶσι
2939 3936 2993 3985 δὲ
3030 3937 3223 3999 μᾶλλον
3265 3937 3422 4003 αὐτῇ,
3452 3936 3530 3996 ὡς
3577 3936 3643 3987 ἂν
3675 3936 3750 4003 μὴ

2192 4031 2218 4080 ὁ
2243 4027 2620 4094 οἰκοδεσπότης
2641 4026 2812 4077 αὐτῶν
2841 4023 3258 4093 θριαμϐεύηται.
3299 4025 3386 4085 Ὠς
3411 4024 3571 4092 εἰπερ
3599 4024 3751 4092 τύχοι

2193 4118 2286 4169 καὶ
2310 4117 2405 4185 τὴν
2434 4116 2663 4182 θατέραν
2706 4115 3066 4182 ἀχρειωθῆναι
3095 4114 3202 4164 τῶν
3235 4112 3442 4178 ἀκοῶν,
3474 4114 3657 4166 οὐκέτι
3690 4114 3752 4164 τὸ

2194 4207 2475 4259 κάλλιστον
2520 4205 2707 4274 χρῆμα
2757 4207 2783 4255 ὁ
2825 4203 3128 4273 ἅνθρωπος,
3162 4202 3381 4266 ἐντελὴς
3436 4203 3531 4254 καὶ
3589 4203 3747 4264 σῶος,

2195 4297 2287 4346 καὶ
2316 4290 2425 4346 οἷον
2460 4293 2618 4345 αὑτὸν
2652 4295 2679 4344 ὁ
2708 4292 2836 4353 Θεὸς
2885 4293 3212 4358 εἰργάσατο,
3248 4291 3494 4357 λέγεται·
3529 4291 3644 4343 ἀλλ’
3673 4292 3751 4353 ῶς

2195 4382 2452 4451 ἐκτρωμά
2500 4399 2552 4433 τι
2598 4381 2893 4446 λογίζεται,
2946 4381 3048 4432 ὑπὸ
3096 4380 3200 4432 τῶν
3240 4379 3442 4433 λοιπῶν
3471 4381 3750 4447 τεττάρων

2191 4471 2514 4535 αίσθήσεων,
2538 4468 2893 4532 ὑγιαινουσῶν
2922 4471 3015 4519 καὶ
3039 4467 3232 4527 ταῦταῖ
3257 4466 3330 4535 μὴ
3363 4467 3744 4536 βοηθούμενος.

2203 4561 2287 4622 Ὠς
2324 4559 2453 4625 γοῦν
2496 4559 2730 4626 ἑκάστης
2780 4556 2887 4608 τῶν
2934 4556 3233 4624 αἰσθήσεων
3283 4556 3601 4625 πληρούσης
3649 4558 3742 4626 τὴν

2188 4650 2390 4701 οἰκείαν
2418 4647 2714 4714 ἐνέργειαν,
2739 4646 2843 4697 τῶν
2872 4645 3072 4698 λοιπῶν
3102 4646 3161 4697 τὸ
3181 4647 3451 4715 χρήσιμον
3473 4648 3574 4700 οὐκ
3601 4649 3745 4700 άπα-

2190 4738 2493 4804 ναινόμεθα,
2527 4737 2643 4788 οὐδὲ
2675 4735 3168 4804 καταψηφιζόμεθα
3199 4735 3401 4787 τούτων
3433 4737 3747 4804 ἀσχημοσύ-

2190 4844 2283 4895 νην
2309 4827 2401 4878 καί
2435 4824 2757 4894 άχρειότητα
2780 4865 2792 4888 ,
2819 4823 2906 4874 διὰ
2932 4825 2993 4874 τὸ
3029 4823 3103 4891 μὴ
3133 4823 3444 4886 διπλοειδῶς
3477 4826 3742 4893 ἐνεργεῖν,

2191 4914 2367 4976 καθὼς
2399 4913 2936 4981 πεπλαστούργηνται
2959 4949 2973 4974 ,
3013 4913 3208 4979 μᾶλλον
3246 4913 3343 4980 μὲν
3371 4911 3466 4964 οὖν
3497 4914 3594 4964 καὶ
3622 4930 3745 4963 συν-

2190 5008 2388 5073 άγομεν
2422 5005 2571 5074 (μιᾶς
2605 5003 2711 5072 γὰρ
2741 5002 2800 5064 ἐξ
2825 5001 3000 5053 αὐτῶν
3031 5002 3366 5069 σχολασάσης
3397 5003 3639 5065 τελείως.
3667 5003 3744 5064 ὡς

2187 5099 2419 5164 εἴρηται,
2462 5095 2578 5146 ὅλον
2624 5093 2683 5143 τὸ
2735 5092 2890 5159 σῶμα
2927 5091 3247 5159 ὴχρείωται,
3298 5091 3395 5142 καὶ
3422 5092 3497 5152 ὡς
3524 5092 3656 5159 μηδὲ
3681 5091 3743 5142 δν

2185 5188 2294 5247 τοῖς
2318 5181 2618 5250 ἀνθρώποις
2637 5178 2948 5247 λογίζεται)·
2966 5179 3104 5230 οὕτω
3125 5180 3216 5230 καὶ
3239 5178 3346 5230 τῶν
3382 5197 3492 5231 πατ
3502 5179 3741 5248 ριαρχῶν

2187 5278 2218 5342 ἡ
2255 5274 2451 5334 πεντὰς
2477 5314 2490 5338 ,
2539 5272 2762 5333 δικαίως
2791 5272 2884 5323 καὶ
2929 5269 3182 5337 ἀσφαλῶς
3225 5271 3734 5340 οἰκονομηθ,ήσεται.

2189 5365 2449 5424 Ἕκαστος
2479 5362 2586 5430 γὰρ
2614 5361 2838 5425 τούτων,
2874 5362 2972 5426 τὴν
3005 5359 3099 5427 μὲν
3126 5360 3564 5428 ἀπονεμηθεῖσαν
3591 5361 3735 5428 αὐτῷ

2185 5457 2443 5524 διοίκησιν
2492 5455 2769 5522 ἐνεργήσει
2803 5451 3117 5518 μονοειδῶς,
3164 5451 3250 5502 ἴνα
3282 5452 3357 5520 μὴ
3401 5453 3734 5519 συγχέωνται

2184 5548 2287 5599 τῶν
2337 5545 2502 5612 ἁγίων
2551 5543 2878 5613 Ἐκκλησιῶν
2913 5542 2980 5594 τὰ
3010 5542 3303 5612 προνόμια·
3338 5542 3448 5593 τῶν
3472 5542 3526 5592 δὲ
3570 5543 3732 5609 τιμῆς

2182 5637 2273 5688 τοῦ
2321 5637 2452 5687 Θεοῦ
2489 5637 2577 5687 καὶ
2612 5636 2715 5687 τῶν
2757 5634 3014 5687 ἀνέκαθεν
3060 5633 3356 5701 δεδομένων
3399 5633 3621 5684 δικαίων
3666 5635 3724 5698 τῇ
