4004 6452
260 354 395 419 1025

1673 356 1722 413 Μ
1741 357 2082 418 τίῡιΤΛΤΛ.

3291 372 3310 436 1
3323 375 3426 436 026

264 475 631 542 πατριαρχικῇ
659 472 776 544 θείᾳ
808 476 1213 543 μεγαλειότητι,
1245 477 1413 539 οὐδεὶς
1454 478 1794 544 άποξενωθή-

1898 480 2150 532 tributam
2177 480 2338 532 obibit
2369 494 2460 546 pro
2495 489 2641 544 parte
2665 494 2785 542 sua,
2827 494 2893 533 ne
2918 490 3224 536 sanctarum
3253 485 3420 538 ece|e~

268 580 437 616 σεται.
473 564 534 615 Ei
565 564 670 632 γὰρ
699 563 932 615 τοιοῦτόν
957 582 1006 616 τι
1035 566 1273 632 γένηται,
1305 570 1394 618 καὶ
1423 567 1510 619 τὸν
1549 568 1793 630 Ἀλεξαν-

265 651 449 723 δρείας
501 652 658 720 τυχὸν
721 652 1100 722 εὑρισκόμενον
1155 656 1231 715 είς
1283 654 1379 722 τὴν
1441 654 1546 705 τῶν
1599 655 1798 705 πόλεων

268 740 667 809 βασιλεύουσαν,
698 741 801 792 τῶν
828 743 1229 810 πατριαρχικῶν
1269 743 1573 810 προνομίων
1601 744 1798 807 ἀποξε-

267 829 428 880 νώσει
455 846 558 891 τις,
584 831 664 881 ὅτι
690 829 828 881 κατὰ
849 832 944 897 τὴν
973 832 1173 882 οίκείαν
1197 829 1404 896 ἐνορίαν
1427 831 1484 882 οὐ
1520 831 1796 898 πάρεστιν,

266 918 553 985 ἀχρειώσει
582 918 676 987 τὴν
702 919 934 987 κεφαλὴν
955 920 1028 979 ὼς
1052 920 1416 984 κωφεύουσαν,
1442 919 1474 986 ἢ
1499 919 1798 970 άϐλεπτοῦ-

266 1025 384 1071 σαν,
411 1010 502 1059 καὶ
529 1009 632 1060 ὑπὸ
653 1011 940 1079 τεττάρων,
989 1009 1020 1076 ἢ
1075 1010 1164 1060 καὶ
1213 1009 1374 1078 τριῶν
1420 1008 1798 1077 διεξαγομένην

266 1097 585 1165 αίσθήσεων.
614 1096 708 1148 Διὰ
736 1096 934 1163 ταύτην
968 1095 1062 1160 τὴν
1088 1097 1282 1153 αἰτίαν,
1309 1096 1381 1154 ὼς
1409 1095 1567 1156 ἔοικε,
1601 1111 1796 1161 προτε-

261 1185 506 1237 τύπωται
562 1183 951 1254 προϐάλλεσθαι
1017 1183 1155 1235 κατὰ
1187 1182 1246 1233 τὸ
1290 1182 1657 1250 ἀπαραίτητον
1705 1182 1797 1233 καὶ

262 1276 385 1336 τοὺς
418 1275 490 1343 μὴ
526 1275 742 1343 ἔχοντας
781 1273 1116 1342 πατριάρχας
1166 1272 1287 1333 τοὺς
1319 1271 1798 1338 ἀποκληρωθέντας

264 1363 446 1423 αὐτοῖς
472 1361 656 1428 άγίους
677 1360 1012 1429 θρόνους,διά
1038 1359 1132 1428 τὴν
1159 1359 1451 1426 ἐπιδρομὴν
1479 1357 1585 1409 τῶν
1608 1357 1792 1420 ἐθνῶν,

263 1451 353 1502 τὸν
386 1448 711 1518 Ἀντιοχείας
739 1447 940 1500 καὶτὸν
974 1446 1352 1514 Ἰεροσολύμων
1385 1447 1549 1514 φημί.

1896 569 2096 621 siarum
2129 570 2402 636 privilegia
2429 569 2862 622 confundantur:
2896 585 2993 622 nec
3019 579 3197 624 tamen
3217 572 3425 628 honore

1898 670 2157 710 concesso
2191 658 2468 721 divinitus,
2502 659 2709 712 datisve
2749 659 3046 726 antiquitus
3082 661 3426 726 patriarchali

1900 756 2067 795 sacrae
2095 743 2430 811 amplitudini
2476 731 2691 810 juribus
2714 781 2727 804 ,
2763 743 3031 810 quispiam
3085 745 3426 810 spoliabitur.

1901 831 2106 899 Quippe
2147 833 2191 885 si
2226 834 2332 886 tale
2361 833 2489 901 quid
2523 833 2860 893 usuvenerit,
2914 840 2966 884 et
3008 833 3428 887 Alexandrinum

1905 923 2070 990 (verbi
2107 924 2288 991 causa)
2321 924 2373 976 in
2403 925 2536 978 urbe
2579 925 2926 992 imperatrice
2984 936 3430 987 commorantem,

1903 1011 2194 1079 privilegiis
2272 1013 2722 1080 patriarchalibus
2799 1023 3079 1081 prapterea
3157 1016 3428 1082 quispiam

1902 1098 2234 1166 spoliaverit,
2265 1100 2406 1166 quod
2425 1115 2530 1154 non
2556 1100 2712 1169 degat
2736 1103 2787 1154 in
2810 1102 3083 1170 provincia
3111 1115 3206 1155 sua
3236 1119 3250 1160 ;
3273 1113 3436 1169 caput

1901 1187 2074 1254 ipsum
2105 1188 2296 1242 inutile
2316 1190 2521 1248 reddet.
2544 1198 2794 1256 tanquam
2825 1192 3073 1254 surdum,
3096 1191 3181 1242 vel
3209 1205 3435 1252 caecum,

1900 1282 1952 1325 et
1984 1282 2234 1341 quatuor.
2267 1282 2359 1326 aut
2409 1277 2579 1329 tribus
2613 1275 2876 1329 duntaxat
2930 1278 3182 1330 sensibus
3245 1278 3436 1345 prmdi-

1904 1368 2035 1413 tum.
2064 1363 2142 1416 Ob
2171 1363 2308 1416 hanc
2362 1364 2532 1430 ipsam
2565 1378 2808 1424 causam,
2849 1379 2944 1417 ceu
2990 1365 3134 1416 credi
3203 1380 3298 1432 par
3335 1375 3436 1425 est,

1897 1450 2212 1515 jamdudum
2249 1453 2516 1504 sancitum
2555 1460 2658 1517 est,
2700 1464 2752 1505 ut
2789 1453 2929 1505 haud
2968 1453 3129 1505 dubie
3183 1468 3276 1519 per
3325 1455 3435 1506 ele-

263 1539 497 1591 ctionem
555 1538 906 1589 instituantur
949 1537 1110 1587 etiam
1171 1536 1206 1587 ii
1275 1535 1628 1601 patriarchae,
1698 1536 1789 1603 qui
1827 1540 2115 1606 ceteroqui
2150 1553 2331 1592 sacros
2355 1540 2455 1593 sibi
2481 1540 2780 1593 destinatos
2857 1541 3102 1601 thronos,
3164 1540 3234 1592 ob
3277 1555 3434 1607 paga-

261 1641 458 1681 norum
488 1627 712 1680 hostiles
735 1627 1007 1688 incursus,
1054 1625 1194 1677 haud
1228 1625 1534 1690 possident:
1570 1626 1964 1694 Antiochenus,
2005 1629 2244 1696 inquam,
2289 1637 2341 1681 et
2379 1629 2918 1696 Hierosolymitanus.

329 1716 449 1768 Κᾶν
480 1714 583 1781 γάρ
609 1709 913 1781 ἐξώσθησαν
948 1716 1043 1782 τῆς
1063 1712 1218 1780 δόξης
1242 1712 1348 1764 τῶν
1371 1713 1573 1781 θρόνων
1600 1713 1795 1776 αὐτῶν,

1969 1715 2167 1779 Quavis
2194 1717 2337 1771 enim
2366 1719 2533 1786 gloria
2582 1719 2898 1769 thronorunt
2941 1731 3160 1769 suorum
3199 1730 3294 1783 ρετ
3332 1720 3436 1767 vim

262 1805 378 1857 ἀλλ’
417 1807 450 1874 ἡ
511 1803 851 1872 πνευματικὴ
883 1803 1064 1871 χάριςς
1101 1803 1240 1855 κατὰ
1267 1803 1358 1854 τὸν
1388 1802 1569 1863 Δαόὶδ,
1602 1803 1660 1854 οὐ
1695 1820 1798 1856 πα-

261 1895 634 1962 λαιωθήσεται.
661 1894 813 1957 Ἥξει
841 1893 896 1944 δὲ
921 1893 1113 1960 μᾶλλον
1134 1895 1162 1944 ό
1185 1893 1311 1952 Θεὸς
1344 1893 1496 1960 ήμῶν
1525 1892 1799 1959 ἐμφανῶς,

263 1985 360 2036 καὶ
412 1983 471 2034 οὐ
518 1983 1028 2050 παρασιωπήσεται’
1087 1981 1161 2041 ὠς
1191 1983 1466 2048 συναγάγῃ
1499 1979 1644 2048 αὑτῷ
1673 1981 1800 2041 τοὺς

264 2073 442 2133 ὁσίους
468 2071 651 2136 αὑτοῦ,
707 2071 827 2132 τοὺς
859 2069 1253 2138 διατιθεμένους
1288 2070 1386 2136 τὴν
1419 2069 1678 2137 διαθήκην
1701 2069 1803 2120 αὺ-

263 2162 382 2216 τοῦ.
415 2159 828 2231 Φιλοφρονητέον
859 2159 1034 2211 τοίνυν
1054 2160 1177 2220 τοὺς
1225 2156 1664 2221 άποξενωθέντας
1697 2175 1801 2210 πα-

265 2252 530 2323 τριάρχας
554 2253 615 2302 ἐκ
640 2249 745 2301 τῶν
801 2251 1112 2316 ἁγιωτάτων
1163 2249 1462 2317 ἐκκλησιῶν
1485 2250 1680 2313 αὐτῶν,
1709 2252 1802 2302 καὶ⁹

268 2338 586 2405 ὑπερορίους
623 2337 961 2406 καθημένους
1017 2339 1095 2399 είς
1130 2337 1312 2405 ἐτέρου
1368 2337 1696 2406 πατριάρχου
1726 2338 1803 2389 δι-

262 2427 496 2494 οίκησιν,
524 2426 613 2478 καὶ
636 2425 707 2493 μὴ
725 2426 1065 2494 άτιμαστέον.
1092 2426 1477 2478 Κεκανόνισται
1497 2427 1600 2494 γὰρ
1623 2443 1802 2496 παρα-

263 2513 542 2566 καλεῖσθαι
623 2513 872 2576 τούτους,
953 2512 1046 2564 καὶ
1112 2513 1290 2582 πάσης
1335 2512 1646 2580 ἐπιμελείας
1707 2516 1801 2565 καὶ

265 2598 529 2666 ὑποδοχῆς
555 2599 846 2663 ἀξιοῦσθαι,
880 2600 940 2650 οὐ
974 2599 1076 2668 μὴν
1104 2599 1412 2667 ὑϐρίζεσθαι
1457 2601 1542 2652 διὰ
1569 2601 1666 2668 τὴν
1694 2600 1801 2651 τῶν

265 2689 600 2755 πραγμάτων
633 2687 973 2756 ἀνωμαλίαν,
1029 2687 1236 2756 θρήνων
1286 2688 1440 2751 ἀξίαν
1493 2688 1673 2750 οὖσαν,
1711 2690 1803 2741 καὶ

268 2773 344 2843 μὴ
360 2774 672 2835 ἀλαζονείας
697 2776 1031 2843 γεννήτριαν.
1050 2768 1180 2825 Εἶτα
1203 2774 1308 2826 τῶν
1331 2774 1485 2827 θείων
1510 2776 1601 2827 καὶ
1635 2777 1801 2842 ἁγίων

263 2864 496 2934 Γραφῶν
545 2863 636 2915 καὶ
668 2863 773 2915 τῶν
811 2864 1096 2931 Πατρικῶν
1141 2865 1481 2930 παραδόσεων
1507 2881 1804 2933 κατονομα·

265 2952 474 3015 ζουσῶν
508 2954 698 3006 Πάπαν
721 2953 808 3005 τὸν
831 2953 1123 3004 ἐπίσκοπον
1163 2952 1396 3021 Ῥώμης,
1424 2953 1678 3016 ὡσαύτως
1708 2955 1800 3006 καὶ

1899 1806 2236 1869 exciderunt,
2283 1817 2458 1860 tamen
2526 1807 2820 1873 spiritualis
2888 1806 3081 1874 gratia,
3136 1803 3431 1858 secundum

1899 1892 2174 1954 Davidém,
2222 1910 2326 1947 non
2363 1895 2650 1947 exolescet.
2687 1895 2795 1945 lmo
2847 1894 3022 1960 potius
3071 1893 3246 1946 veniet
3297 1892 3437 1946 Deus

1900 1989 2086 2031 noster
2131 1981 2438 2042 manifesto,
2496 1996 2594 2034 nec
2657 1981 2929 2045 Silubilttl‘;
2969 1990 3022 2033 ut
3065 1983 3283 2048 colligat
3335 1981 3436 2034 sibi

1898 2075 2118 2120 sanctos
2157 2083 2302 2129 suos,
2352 2070 2442 2136 qui
2486 2077 2862 2122 testamentum
2909 2070 3078 2134 ipsius
3125 2069 3436 2134 disponunt.

1901 2155 2083 2224 Itaque
2131 2157 2520 2225 complectendi
2563 2164 2688 2209 sunt
2735 2165 2977 2208 amanter
3025 2156 3059 2208 ii
3095 2156 3435 2222 patriai-clum.

1899 2245 1989 2312 qui
2050 2246 2406 2299 sanctissimis
2458 2244 2715 2299 Ecclnsiis
2771 2247 2883 2299 suis
2934 2245 3147 2314 spoliati
3189 2251 3336 2307 sunt,
3386 2252 3437 2295 et

1901 2334 2116 2388 exsules
2155 2336 2206 2386 in
2233 2335 2453 2387 alterius
2487 2334 2801 2400 patriarchae
2829 2334 3048 2387 dimcesi
3079 2334 3299 2401 degunt,
3337 2336 3438 2382 mi-

1902 2423 2149 2489 nimeque
2208 2422 2547 2481 contumeliis
2595 2422 2875 2474 alliciendi.
2915 2420 3121 2489 Quippe
3173 2423 3436 2473 sancitum

1901 2511 2198 2564 canonibus
2237 2518 2339 2574 est,
2379 2517 2437 2561 ut
2489 2525 2582 2563 eos
2623 2510 2979 2571 consolemur,
3027 2521 3079 2563 et
3113 2509 3258 2562 omni
3307 2523 3435 2561 cura

1909 2601 2352 2668 susceptioneque
2419 2599 2714 2666 iignemur;
2755 2613 2858 2651 non
2904 2597 3114 2665 injuriis
3146 2596 3437 2666 afﬁciamus

1901 2689 1970 2741 ob
1999 2702 2177 2739 rerum
2235 2687 2590 2738 humanarum
2668 2687 3107 2747 inconstantiam,
3177 2700 3295 2752 quae
3359 2684 3438 2734 la-

1901 2776 2098 2845 crymis
2137 2775 2314 2844 potius
2343 2783 2427 2828 est
2463 2775 2644 2843 digna,
2678 2789 2840 2843 quam
2879 2783 2937 2827 ut
2981 2774 3324 2827 insolentiam
3361 2773 3437 2839 gi-

1902 2879 2062 2931 gnere
2120 2865 2327 2916 debeat.
2379 2864 2640 2917 Cmterum
2687 2879 2809 2917 cum
2858 2878 3024 2917 sacra:
3062 2863 3294 2925 Litteraz,
3335 2861 3438 2915 Pa-

1907 2959 2155 3018 trumque
2173 2952 2508 3010 traditiones.
2527 2953 2833 3020 episcopum
2857 2952 3153 3005 Romanum
3175 2952 3438 3020 appellent

257 3044 354 3095 τὸν
394 3041 783 3110 Ἀλεξανδρείας
807 3058 820 3070 ·
845 3042 977 3095 ἀλλὰ
1009 3041 1112 3110 μὴν
1143 3044 1230 3094 καὶ
1263 3042 1350 3092 τὸν
1379 3044 1795 3095 Κωνσταντινου-

1902 3055 2123 3108 papam;
2161 3040 2450 3107 itidemque
2477 3041 2916 3102 Alexandrinum,
2941 3049 2992 3093 et
3021 3043 3194 3108 ipsum
3225 3057 3438 3108 quoque

261 3129 493 3194 ⁶ιίόλεως,
517 3131 610 3184 καὶ
635 3131 722 3182 τὸν
752 3132 1009 3200 Ἰεροσολῠ
1019 3147 1150 3198 μων,
1184 3133 1635 3198 ἀρχιεπισκόπους
1660 3149 1672 3162 ·
1707 3133 1802 3199 μό·

264 3239 351 3274 νον
375 3221 432 3273 δὲ
472 3222 561 3271 τὸν
607 3220 946 3287 Ἀντιοχείας,
986 3222 1344 3286 πατριάρχην.
1384 3219 1511 3280 Πῶς
1545 3221 1649 3270 τῶν
1684 3220 1802 3270 Ἀν-

259 3311 481 3379 τιοχέων
525 3312 557 3378 ἡ
619 3309 874 3377 ἐκκλησία
927 3309 1021 3376 οὐχ
1065 3308 1396 3376 ὑϐριοπαθεῖ,
1463 3309 1800 3375 μανθάνουσα

261 3400 356 3450 καὶ
383 3400 502 3459 τοὺς
537 3397 769 3459 λοιποὺς,
796 3399 1131 3466 πατριάρχας
1157 3399 1642 3466 ἀνακηρύττεσθαις
1671 3401 1800 3451 πάν-

259 3505 369 3550 τως
418 3487 506 3541 διὰ
530 3487 628 3554 τὴν
655 3487 953 3555 ταυτότητα
982 3488 1080 3553 τῆς
1114 3487 1293 3554 τιμῆς,
1351 3490 1443 3539 καὶ
1468 3488 1552 3539 διὰ
1595 3488 1655 3538 τὸ
1705 3491 1799 3540 ἐπ-

261 3577 406 3644 όχειν
435 3576 559 3637 τοὺς
592 3569 749 3628 πὲντε
773 3577 1111 3643 πατριάρχας
1147 3575 1308 3626 τόπον
1341 3575 1437 3641 τῆς
1475 3576 1599 3641 μιᾶς
1634 3591 1800 3642 κεφα-

261 3660 358 3728 λῆς
385 3659 477 3712 τοῦ
504 3657 778 3728 σώματος,
809 3659 1004 3728 δηλαδὴ
1028 3659 1130 3711 τῶν
1153 3659 1319 3725 ἁγίων
1347 3659 1680 3728 Ἐκκλησιῶν
1705 3661 1796 3714 τοῦ

259 3749 416 3803 θεοῦ.

339 3839 492 3889 Ἐπεὶ
521 3839 577 3889 δέ
632 3855 773 3899 τινες
806 3839 1016 3905 λέγουσι
1053 3838 1213 3906 μηδὲν
1264 3832 1400 3890 εἶναι
1425 3838 1484 3891 τδ
1529 3839 1794 3908 ἐμποδὼν,

257 3929 500 3990 καὶτοὺς
527 3929 799 3996 ἑκασταχῆ
831 3927 1309 3997 ἀρχιερατεύοντας
1360 3926 1499 3979 οὕτω
1539 3929 1796 3996 τιμᾶσθαι

257 4017 352 4067 καὶ
405 4015 816 4084 μεγαλύνεσθαι.
881 4017 987 4067 Καὶ
1052 4010 1196 4067 οὗτοι
1256 4030 1360 4080 γαρ
1417 4014 1794 4067 διδασκαλικοῦ

256 4105 560 4171 ἀξιώματος
584 4105 960 4171 κατηξίωνται,
989 4105 1076 4156 καὶ
1099 4105 1238 4156 κατὰ
1267 4105 1463 4156 Μωσέα
1486 4105 1574 4154 καὶ
1591 4103 1796 4172 Ἀαρὼν

252 4177 337 4256 είς
362 4197 428 4247 τὰ
450 4195 579 4261 ἅγια
593 4195 698 4246 τῶν
724 4195 890 4261 ἀγίων
910 4196 1186 4263 ἑστήκασι,
1219 4195 1312 4247 καὶ
1334 4194 1430 4262 τὴν
1465 4195 1796 4260 ἀναίμακτον

255 4283 444 4336 θυσίαν
471 4283 849 4353 προσφέρουσι.
890 4284 1088 4351 Φαμὲν,
1123 4283 1194 4345 ὡς
1233 4285 1337 4335 άπδ
1379 4283 1483 4334 τῶν
1524 4283 1678 4334 θείων
1705 4284 1795 4334 καὶ

1900 3128 2578 3195 Constantinopolitanum,
2635 3145 2694 3182 ac
2740 3128 3302 3198 Hierosolymitauum,
3352 3145 3437 3182 ar-

1899 3219 2304 3286 chiepiSCopos;
2360 3219 2532 3272 solum
2584 3234 2708 3271 vero
2766 3219 3153 3272 Antiochenum
3209 3221 3435 3287 patriar-

1897 3310 2055 3361 cham
2084 3324 2096 3359 :
2132 3310 2220 3375 qui
2247 3308 2359 3361 lieri
2389 3318 2580 3376 poti-st,
2614 3318 2671 3361 ut
2702 3309 3032 3362 Antiochena
3072 3311 3298 3364 ecclesia
3328 3325 3436 3364 non

1898 3397 2130 3465 patiatur
2170 3397 2444 3464 injuriant,
2489 3412 2607 3464 qua:
2663 3396 2942 3464 intelligat,
2988 3397 3222 3465 reliquos
3273 3399 3434 3451 etiam

1898 3487 2108 3553 publice
2152 3485 2256 3538 dici
2306 3485 2676 3552 patriarchas?
2711 3485 2942 3538 Omnino
2981 3487 3036 3538 llt
3075 3487 3174 3538 hoc
3220 3495 3436 3553 prOpter

1897 3575 2229 3628 identitatem
2259 3575 2500 3636 honoris,
2533 3582 2586 3628 et
2612 3575 2752 3642 quod
2781 3575 2832 3627 hi
2857 3577 3096 3642 quinque
3117 3576 3435 3640 patriarcha:

1897 3663 2065 3716 vicem
2118 3665 2278 3717 unius
2332 3665 2523 3732 capitis
2576 3666 2812 3718 universi
2856 3667 3100 3733 corporis
3137 3665 3432 3729 obtineant,

1897 3758 2205 3803 sanctarum
2229 3749 2474 3803 videlicet
2503 3749 2865 3804 Ecclesiarum
2903 3751 3017 3804 Dei.

1963 3839 2097 3903 Quia
2126 3854 2250 3894 vero
2280 3839 2496 3906 quidam
2537 3840 2842 3906 perhibent,
2869 3839 3001 3892 nihil
3036 3855 3157 3894 esse
3205 3840 3431 3908 impedi-

1896 3939 2103 3990 mento,
2187 3929 2476 3996 quominus
2559 3930 2734 3981 ubivis
2785 3929 3065 3982 conatituti
3125 3931 3429 3996 pontitices.

1894 4021 2080 4070 eodem
2127 4033 2248 4070 cum
2317 4019 2639 4086 patriarchis
2705 4019 2910 4072 honore
2974 4020 3429 4086 amplitudineth

1894 4107 2160 4169 fruantur,
2221 4122 2338 4159 cum
2389 4117 2442 4160 et
2501 4108 2600 4174 ipsi
2653 4108 2878 4160 docendi
2925 4108 3236 4173 dignitatem
3291 4110 3428 4158 ιιειι-ιὶ

1895 4201 2044 4256 sunt,
2084 4200 2135 4246 et
2164 4194 2406 4260 exemplo
2448 4191 2609 4246 Mosis
2637 4200 2690 4246 et
2727 4193 2957 4245 Aaronis
2994 4194 3044 4244 in
3076 4192 3276 4244 sanctis
3308 4207 3433 4243 san-

1893 4292 2101 4337 ctorum
2144 4285 2463 4341 consistant.
2503 4285 2952 4347 incruentamque
2997 4281 3266 4334 victimam
3296 4280 3429 4332 olfe-

251 4372 413 4440 ἰερῶν
445 4347 693 4423 κανόνων-
717 4372 895 4438 μόνοις
920 4347 1028 4432 col;
1061 4371 1416 4440 πατριάρχαις
1446 4372 1795 4438 πεφιλοτίμη-

1897 4381 2016 4425 rant
2039 4388 2054 4425 :
2081 4373 2470 4439 respondemus
2493 4386 2584 4439 per
2609 4371 2820 4424 divinos
2843 4385 3136 4438 sacrosque
3170 4384 3425 4426 canones,

249 4477 338 4511 ται
390 4461 489 4524 τῆς
542 4460 862 4526 οἰκουμένης
917 4460 982 4510 τὰ
1039 4453 1292 4526 κλίματᾶ.
1329 4460 1634 4510 Κάντεῦθεν
1674 4461 1794 4510 οὖδέ

247 4550 360 4618 εχει
401 4566 480 4610 τις
508 4549 688 4618 ἕτερος
720 4551 902 4617 οἰκείῳ
932 4549 1119 4617 δικαίῳ
1143 4549 1372 4615 ἐνορίαν,
1409 4549 1439 4615 ἢ
1466 4549 1590 4599 ἄλλο
1628 4565 1680 4599 τι
1711 4549 1790 4601 δί-

248 4651 404 4686 καιον
437 4636 733 4704 ίερατικόνθ
763 4635 874 4686 ἀλλ’
896 4637 1066 4686 ἐκεῖνο
1114 4637 1204 4686 καὶ
1231 4636 1387 4703 μόνον
1413 4635 1472 4687 τὸ
1501 4637 1662 4703 μέρος
1695 4637 1792 4702 τῆς

243 4717 585 4790 διοικήσεως’
617 4724 900 4792 ίερατικῶς
937 4725 1164 4791 ἐνεργεῖ,
1200 4725 1258 4775 τὸ
1288 4725 1435 4776 δοθὲν
1463 4726 1612 4793 αὐτῷ
1643 4726 1793 4792 παρὰ

245 4811 344 4874 τῆς
398 4811 797 4880 πατριαρχικῆς
858 4811 1002 4872 θείας
1039 4812 1467 4879 μεγαλειότητος.
1514 4813 1675 4865 Ὅθεν
1715 4814 1789 4874 ὡς

245 4897 868 4968 ἀποστελλόμενοι⁶παρά
901 4900 1266 4968 πατριαρχῶν,
1299 4902 1391 4952 καὶ
1418 4901 1789 4969 ἀναπληροῦν-

241 4998 337 5045 τες
367 4984 457 5035 τδν
478 4986 639 5038 τόπον
666 4987 772 5038 τῶν
803 4987 958 5039 θείων
987 4989 1080 5039 καὶ
1109 4989 1275 5053 ἀγίων
1307 4989 1632 5053 ἀποστόλων,
1652 4991 1787 5040 ἀπο-

244 5072 507 5126 στολικῶν
567 5075 663 5141 μὲν
700 5077 1007 5144 προνομίων
1067 5076 1319 5144 ἠξίωνται
1364 5079 1638 5146 (δεσμοῦσι
1680 5079 1785 5146 γὰρ

241 5159 335 5210 καὶ
364 5161 548 5216 λύουσι
581 5166 698 5216 κατ’
723 5166 917 5226 αὐτοὺς
943 5166 1036 5217 καὶ
1054 5168 1383 5235 χειροτονίας
1409 5167 1638 5231 ποιοῦσι,
1696 5169 1788 5220 καὶ

234 5245 337 5312 τὴν
373 5250 703 5319 ἀναίμακτον
759 5254 966 5319 θυσίαν,
999 5256 1350 5325 προσάγουσι)
1384 5258 1788 5327 πατριαρχικῶν

238 5339 296 5392 δέ
331 5339 552 5394 δικαίων
574 5345 634 5395 οὐ
663 5345 1041 5410 κατηξίωνται.
1069 5345 1204 5398 Οὔτε
1248 5348 1354 5414 γὰρ
1381 5349 1633 5412 σάκκους,
1662 5346 1784 5399 οὔτε

241 5429 613 5498 πολυσταὺρια
641 5433 1029 5486 ἐνδιδύσκονται
1053 5453 1066 5466 ο
1097 5434 1218 5487 οὔτε
1273 5439 1407 5504 μετά
1449 5437 1786 5506 γραμμάτων

240 5520 336 5572 καὶ
359 5524 662 5588 τριγωνὶων
686 5526 950 5594 στιχάρια.
985 5525 1166 5578 Ταῦτα
1195 5526 1249 5580 δὲ
1275 5527 1416 5579 οὕτω
1443 5529 1669 5593 γίνεται,
1706 5529 1785 5580 ὅτι

240 5609 335 5661 καὶ
363 5613 470 5665 τῶν
529 5614 695 5675 ἀγίων
727 5615 1032 5668 ἀποστόλων
1086 5618 1118 5685 ἡ
1167 5616 1283 5668 θεία
1315 5620 1584 5687 ὁμήγυρις
1609 5619 1667 5670 τὸ
1694 5618 1784 5671 τοῦ

1892 4463 2024 4516 solis
2076 4462 2399 4530 patriarchis
2451 4476 2568 4514 esse
2627 4475 2917 4514 concessos
2967 4461 3113 4512 orbis
3165 4469 3428 4510 terrarum

1892 4558 2119 4602 tractus.
2159 4549 2308 4603 Unde
2337 4550 2412 4613 lit,
2445 4559 2501 4602 ut
2537 4551 2676 4602 alius
2721 4549 2988 4617 quispiam
3026 4564 3123 4602 suo
3148 4549 3270 4615 jure
3309 4562 3431 4615 pro-

1890 4639 2121 4691 vinciam
2153 4652 2253 4690 non
2288 4639 2496 4700 habeat,
2530 4639 2610 4692 vel
2643 4639 2785 4690 aliud
2815 4640 3100 4706 quodpiam
3125 4639 3214 4706 jus
3247 4652 3430 4690 sacer-

1889 4725 2066 4778 dotale
2101 4740 2115 4776 :
2145 4724 2238 4778 scd
2267 4727 2319 4776 in
2356 4739 2418 4778 ea
2451 4725 2709 4777 duntaxat
2737 4737 2886 4793 parte
2916 4725 3164 4779 dimcesis
3210 4739 3429 4777 munere

1890 4813 2208 4867 sacerdotali
2243 4813 2505 4881 fungitur,
2539 4829 2657 4880 quae
2691 4815 2787 4880 ipsi
2824 4828 2850 4863 a
2893 4827 3044 4866 sacra
3079 4810 3426 4880 patriarchali

1890 4901 2240 4968 amplitudine
2274 4917 2529 4954 concessa
2563 4911 2661 4954 est.
2699 4900 2850 4952 Unde
2885 4901 3047 4952 veluti
3086 4902 3176 4966 qui
3211 4901 3430 4951 mittan-

1890 5001 1977 5045 tur
2006 5008 2032 5043 a
2057 4992 2397 5058 patriarehis.
2419 4998 2470 5043 et
2491 4991 2660 5043 vicem
2685 4991 2988 5042 divinorum
3011 5001 3428 5056 sanctorumque

1889 5081 2253 5149 apostolorum
2288 5080 2561 5147 impleant,
2595 5080 2886 5146 apostolica
2909 5080 3119 5146 quidem
3153 5077 3424 5144 privilegia

1887 5168 2166 5223 consecuti
2205 5177 2330 5221 sunt
2364 5169 2551 5235 (ligant
2585 5169 2728 5220 enim
2769 5175 2822 5220 et
2863 5169 3077 5219 solvunt
3126 5181 3217 5232 per
3254 5180 3332 5229 se,
3364 5179 3431 5220 ac

1889 5257 2255 5310 ordinationes
2285 5254 2509 5315 laciunt,
2549 5261 2604 5306 et
2636 5254 2975 5306 ineruentam
3025 5253 3254 5305 hostiam
3295 5253 3430 5306 oﬂ'e-

1889 5346 2072 5415 runt),
2104 5356 2156 5398 at
2180 5343 2558 5414 patriarchalia
2590 5345 2712 5412 jura
2755 5358 2862 5396 non
2904 5343 3271 5397 obtinuerunt.
3319 5341 3429 5397 Nec

1889 5435 2034 5488 enim
2059 5436 2140 5488 vel
2165 5449 2376 5498 saccos,
2410 5435 2491 5486 vel
2529 5432 2751 5501 penulas
2783 5432 2964 5486 multis
2996 5433 3276 5499 insignitas
3306 5446 3429 5485 eru-

1889 5525 2042 5578 cibus
2063 5523 2316 5584 induunt,
2339 5537 2436 5575 nec
2457 5522 2667 5575 tunicas
2696 5520 2960 5589 frequenti
2995 5521 3168 5571 littera
3193 5534 3424 5584 gamma,

1897 5615 2281 5684 triangulisque
2317 5615 2578 5682 depictas.
2614 5613 2735 5667 lla-c
2779 5623 2954 5663 autem
2991 5612 3058 5662 ita
3105 5611 3251 5662 liun-L
3286 5613 3424 5678 ιιιιυεΙ
