4004 6444
535 326 669 390 109.7

1765 328 2048 389 'l'llEtll).
2094 331 2178 385 BA
2193 330 2327 388 [ΒΛ
2340 333 2382 388 .il
2395 329 2490 388 ΟΝ
2505 329 2572 388 l3

3631 331 3768 393 l028

540 461 848 508 sanctorum
868 449 1234 518 apostolorum
1264 451 1479 503 divinus
1509 457 1685 504 curtus
1708 450 1947 520 martyrii
1973 459 2083 504 sta-

2192 453 2485 518 μαρτυρίου
2517 451 2726 503 στάδιον
2787 455 3071 518 τρέχουσα,
3129 451 3474 520 χειροπέδαις
3506 450 3606 519 μὲν
3659 455 3755 504 καὶ

541 542 686 598 dium
715 543 1029 604 decurrens,
1067 540 1292 594 manicis
1327 541 1538 607 quidem
1567 555 1626 593 ar
1654 542 1768 592 loro
1807 540 2084 607 subjectus

542 632 721 696 fuerit,
769 640 823 683 et
868 630 1259 698 discipulorum
1313 629 1476 695 pedes
1534 628 1843 681 absterserit
1897 629 2082 690 linteo,

540 729 701 787 atque
755 719 981 772 Aaronis
1023 717 1270 786 exemplo
1316 717 1546 769 induerit
1596 717 1891 778 humerale.
1939 719 2086 770 tuni-

532 825 651 861 cam
685 810 929 866 talarein.
951 807 1165 874 Ephud,
1196 806 1395 875 quibus
1437 808 1523 857 illa
1553 808 1732 873 prisca
1767 806 1921 874 pellis
1945 805 2086 857 Ada-

538 901 702 952 ntiacze
738 915 928 951 massze
955 898 1315 951 tlenotabatur
1348 917 1360 951 :
1394 912 1574 949 verum
1617 898 1839 963 sanguis
1868 906 1916 947 et
1944 909 2085 961 aqua

533 1005 596 1043 ex
637 1005 822 1041 eorum
857 992 1021 1042 latere
1060 1003 1165 1040 non
1197 987 1439 1050 deﬂuxit,
1474 1001 1702 1054 quorum
1737 987 1903 1039 vicem
1935 999 2086 1054 gam-

533 1080 696 1130 matia
755 1079 861 1144 (.'-.9)
926 1078 1233 1128 tunicarum
1285 1078 1526 1143 implent.
1587 1074 1694 1128 Nec
1744 1073 2086 1127 contumeliae

534 1170 753 1234 pallium
797 1167 1109 1219 induerunt.
1139 1165 1244 1218 Nec
1271 1180 1456 1217 eorum
1495 1167 1780 1232 quisquam
1826 1164 1961 1229 lapis
1991 1177 2086 1213 an-

532 1258 735 1321 gularis
782 1266 1000 1309 vocatus
1040 1254 1162 1316 fuit,
1212 1256 1350 1308 sicut
1403 1255 1662 1306 Dominus
1710 1253 1798 1304 ille
1838 1251 2085 1317 Deusqtte

533 1357 735 1397 noster.
781 1344 886 1397 Nec
920 1345 1042 1397 ﬁdei
1078 1346 1338 1396 talentum
1381 1358 1476 1410 per
1517 1341 1805 1409 quemlibet
1843 1341 2082 1406 ipsorum

533 1436 585 1486 in
617 1435 929 1486 universum
979 1434 1162 1486 orbem
1204 1441 1470 1485 tet-rarum
1512 1431 1795 1483 dilatatunt
1830 1429 1951 1488 fuit,
1989 1429 2082 1480 sed

531 1525 618 1576 hic
645 1524 891 1588 Romam,
925 1523 1014 1575 ille
1063 1523 1126 1574 ad
1167 1520 1328 1574 Indos
1368 1522 1447 1573 vel
1502 1520 1811 1577 Britannos.
1843 1518 1983 1570 alius
2016 1518 2083 1570 ad

528 1614 712 1668 Gallos
745 1614 1009 1665 doctrinm
1044 1612 1234 1664 latices
1279 1610 1564 1663 derivavit.
1608 1608 1771 1661 Solus
1805 1608 1894 1661 ille
1928 1606 2085 1661 Chri-

528 1713 644 1758 stus
676 1719 739 1756 ac
764 1703 906 1757 Deus
947 1713 1134 1755 noster
1164 1702 1351 1753 aderat
1385 1700 1604 1766 ubique,
1643 1708 1803 1766 atqtte
1830 1699 2082 1751 universa

2187 541 2500 611 φραγγελίῳ
2529 541 3020 609 καθυποϐέϐληται,
3050 540 3143 592 κάὶ
3170 543 3334 604 πόδας
3369 543 3634 612 μαθητῶν
3667 546 3759 597 διὰ

2185 631 2390 684 λεντίου
2441 632 2743 700 ἅπέσμηξε,
2777 631 2871 681 καὶ
2922 629 3287 684 ἐνεδιδύσκετο
3343 633 3486 684 κατά
3540 633 3758 700 Ἀαρὼν

2185 722 2281 790 τὴν
2309 722 2573 790 ἐπωμίδα,
2608 723 2702 773 καὶ
2753 720 2840 771 τὸν
2873 719 3104 788 ποδήρη,
3137 719 3229 771 καὶ
3266 720 3327 770 τὸ
3374 721 3562 785 ὲςροὺδ,
3594 720 3664 771 τὰ
3697 721 3762 771 τδ

2186 813 2407 879 ἀρχαῖον
2435 811 2764 878 σημαίνοντα
2789 807 2979 860 κώδιον
3009 807 3105 860 τοῦ
3143 808 3461 874 Ἀδαμιαίου
3492 810 3760 876 φυράμα-

2189 915 2301 959 τος·
2359 894 2496 966 αἷμα
2544 899 2600 949 δὲ
2652 899 2746 949 καὶ
2793 898 2936 965 ὕδωρ
2986 898 3051 949 ὲκ
3081 897 3177 962 τῆς
3204 897 3447 965 πλευρᾶς
3470 898 3654 949 αὐτῶν
3695 900 3759 949 οὔ

2186 988 2570 1056 κατέρῤευσεν,
2601 981 2674 1039 ὧν
2702 984 3080 1054 ἀναπληροῦσι
3109 986 3276 1039 τόπον
3321 987 3390 1039 τὰ
3424 988 3532 1038 τῶν
3569 1004 3762 1054 στιχα-

2190 1080 2318 1147 ρίων
2359 1078 2662 1144 γαμμάτια.
2697 1077 2830 1128 Οὐδὲ
2855 1077 2956 1144 τὴν
2988 1075 3210 1143 χλαῖναν
3254 1076 3356 1142 τῆς
3419 1073 3634 1142 ὕϐρεως
3674 1077 3762 1126 ὲν-

2189 1170 2459 1221 εδύσαντο.
2481 1169 2710 1229 Ούδέτις
2740 1167 2915 1219 αὐτῶν
2943 1166 3087 1229 λίθος
3119 1169 3512 1235 ἀκρογωνιαῖος
3541 1167 3762 1234 ὠνόμα-

2189 1275 2328 1320 σται,
2385 1257 2458 1318 ὡς
2491 1259 2519 1308 6
2560 1256 2760 1325 Κύριος
2789 1256 2882 1306 καὶ
2926 1255 3058 1316 Θεὸς
3118 1255 3292 1322 ἡμῶν.
3351 1255 3491 1307 Οὐδὲ
3544 1256 3608 1306 τὸ
3662 1257 3763 1322 τῆς

2187 1346 2419 1407 πίστεως
2451 1346 2709 1398 τάλαντον
2740 1345 2804 1397 δι’
2837 1345 3071 1397 ἑκάστου
3104 1345 3284 1397 αὐτῶν
3337 1349 3418 1406 εἰς
3454 1347 3637 1396 πᾶσαν
3663 1347 3763 1412 τὴν

2187 1437 2506 1504 οἰκουμένην
2529 1435 2866 1503 ὲφήπλωται,
2899 1433 3011 1485 ἀλλ’
3037 1437 3064 1486 6
3098 1435 3195 1498 μὲν
3219 1436 3274 1486 ἐν
3315 1433 3530 1502 Ῥώμῃ,
3568 1436 3597 1486 6
3617 1434 3672 1485 δὲ
3703 1437 3763 1486 ὲν

2196 1526 2427 1593 Ἰνδοῖςῆ
2457 1527 2792 1594 Βρεττανοῖς,
2826 1528 2852 1577 6
2877 1525 2932 1577 δὲ
2949 1530 3003 1579 ὲν
3026 1527 3289 1584 Γαλάταις
3317 1527 3447 1585 τοὺς
3485 1526 3584 1593 τῆς
3614 1525 3764 1577 διδα-

2188 1616 2411 1677 σκαλίας
2444 1616 2749 1684 μετώχευσε
2783 1615 3037 1676 πίδακας.
3063 1616 3237 1677 Μόνος
3260 1616 3316 1667 δὲ
3342 1617 3369 1667 6
3405 1616 3646 1681 Χριστὺς
3668 1613 3764 1664 καὶ

2187 1706 2318 1767 Θεὸς
2352 1706 2505 1773 ἡμῶν
2553 1703 2825 1772 πανταχοῦ
2858 1705 3059 1772 παρῆν,
3112 1705 3205 1757 καὶ
3251 1705 3430 1773 χαρᾶς
3457 1705 3526 1756 τὰ
3581 1705 3766 1756 πάντα

529 1794 723 1862 gaudio
769 1793 1046 1861 implebat.
1074 1790 1233 1844 Unde
1265 1791 1342 1850 ﬁt,
1379 1799 1436 1840 ut
1485 1787 1812 1842 sanctissimi
1854 1788 2081 1856 patriar-

2191 1795 2514 1863 ὲπλήρωσεν.
2549 1792 2710 1843 ’Ὀοεν
2740 1792 2834 1842 καὶ
2860 1793 2906 1842 ol
2939 1793 3234 1858 ἁγιώτατοι
3271 1793 3642 1860 πατριάρχαι.
3668 1792 3765 1842 τό·

530 1884 663 1942 clnc,
695 1883 784 1948 qui
819 1890 1128 1934 sanctarum
1166 1872 1534 1932 Ecciesiarum
1559 1878 1756 1945 capitis
1789 1877 1879 1931 Dci
1912 1879 2080 1931 vicem

529 1970 774 2036 implent,
806 1983 996 2022 saccos
1023 1967 1272 2028 induant,
1308 1967 1631 2032 tunicasque
1669 1965 1846 2018 ﬂuviis
1881 1980 1943 2018 ac
1983 1966 2082 2018 tri-

528 2060 761 2127 angulis,
793 2059 1016 2126 penulas
1045 2057 1229 2111 multis
1255 2057 1512 2109 crucibus
1541 2055 1816 2122 depictas;
1849 2069 1910 2107 ac
1936 2055 2082 2122 pari-

528 2158 610 2201 ter
655 2148 709 2201 in
762 2149 1016 2201 omnibus
1073 2144 1331 2200 Ecclesiis
1377 2145 1699 2197 nominatim
1754 2145 2078 2198 referantur.

527 2237 671 2292 ldem
696 2240 909 2299 baculo,
955 2238 1174 2304 perinde
1195 2253 1258 2289 ac
1273 2235 1539 2288 arundine
1562 2235 1812 2288 Christus
1838 2235 2082 2302 Deusque

526 2337 733 2388 noster.
767 2327 1086 2393 spectabiles
1123 2340 1242 2380 sese
1278 2323 1528 2378 reddunt.
1570 2323 1763 2378 Ca'teri
1803 2325 2081 2393 pontiﬁces

526 2427 580 2472 et
643 2419 933 2480 antistites,
984 2418 1206 2485 perinde
1261 2432 1323 2470 ac
1385 2417 1565 2469 Aaron
1617 2416 1704 2468 illa
1751 2414 1920 2484 virga,
1961 2430 2083 2483 quae

527 2512 704 2578 magni
739 2509 980 2578 mysterii
1018 2507 1356 2572 signiﬁcandi
1380 2520 1542 2560 causa
1573 2505 1774 2566 ﬂoruit,
1796 2506 1877 2559 vel
1909 2506 2082 2558 instar

526 2601 702 2668 magni
735 2599 880 2652 illius
911 2600 1137 2666 apostoli
1194 2597 1359 2658 Petri.
1399 2598 1489 2665 qui
1530 2613 1594 2651 ex
1627 2597 1744 2664 ipso
1783 2596 1892 2650 Deo
1923 2597 2081 2648 audi-

526 2691 622 2752 vit,
652 2689 819 2742 Pasce
850 2703 978 2742 oves
1007 2702 1173 2741 meas.
1209 2687 1272 2740 Et
1300 2687 1557 2756 quoniam
1600 2701 1730 2740 vero
1761 2694 1846 2739 est
1881 2686 2078 2750 simile,

525 2778 833 2846 quempiam
876 2775 1232 2843 interrogare,
1272 2789 1392 2841 qua:
1418 2773 1667 2828 vocabuli
1698 2788 1834 2842 papa
1873 2774 2080 2841 signiti-

525 2869 668 2921 catio
718 2871 807 2930 sit,
844 2881 962 2934 qua:
1008 2865 1369 2933 patriarchae,
1401 2879 1521 2932 quae
1560 2863 1998 2931 archiepiscopi;
2029 2871 2082 2916 et

525 2958 877 3024 quamobrem
946 2956 1138 3008 horum
1215 2956 1459 3024 quinque
1527 2954 1768 3022 capitum
1849 2952 2082 3007 facultas

524 3056 685 3114 atque
720 3044 1000 3113 privilegia
1044 3043 1154 3098 sint
1199 3043 1409 3104 eadem,
1453 3044 1529 3096 uti
1571 3044 1907 3096 declaratum
1955 3043 2078 3106 fuit,

524 3151 646 3189 eum
700 3135 1014 3188 eorumdem
1063 3135 1278 3187 nomina
1324 3135 1432 3187 sint
1475 3135 1690 3188 diversa

525 3229 607 3280 rio
663 3228 973 3295 putavimus
1013 3225 1208 3278 horum
1241 3239 1459 3293 quoque
1507 3226 1654 3280 velut
1706 3225 1912 3291 apicem
1968 3234 2084 3278 tan-

524 3315 776 3387 gendum.

593 3408 745 3474 Apud
790 3406 1017 3460 Latinos
1059 3421 1195 3474 papa
1241 3405 1445 3457 dicitur
1484 3405 1660 3458 Pater.
1701 3404 1764 3457 Et
1799 3405 1941 3474 apud
1985 3403 2082 3457 Ju-

525 3499 670 3553 dteos
697 3497 1010 3567 patriarcha
1045 3496 1248 3549 dicitur
1273 3495 1524 3563 princeps
1553 3494 1667 3549 sive
1691 3493 1852 3547 Pater
1875 3494 2082 3561 patria-

526 3604 665 3641 rum.
717 3587 979 3640 Similiter
1027 3585 1504 3651 archiepiscotius,
1553 3581 1655 3637 erit
1701 3584 2080 3652 episcoporum

526 3679 703 3732 Pater.
741 3676 888 3729 Licet
933 3690 1060 3743 ergo
1099 3689 1272 3742 papae,
1310 3673 1633 3740 patriarchae
1661 3713 1676 3736 ,
1718 3684 1770 3726 et
1815 3674 2085 3741 archiepi-

527 3769 677 3836 scopi
735 3766 1076 3833 signiﬁcata,
1139 3764 1336 3832 linguae
1389 3763 1600 3816 ratione
1657 3763 1870 3816 diversa
1927 3773 2080 3824 sunt,

527 3860 677 3912 nullo
726 3865 903 3910 tamen
951 3855 1110 3909 modo
1156 3863 1418 3924 potestate
1470 3853 1748 3906 dilferunt.
1810 3852 2086 3917 Quamob-

527 3964 639 4002 rem
720 3962 906 4001 omnes
984 3948 1144 4001 etiam
1218 3945 1490 3999 communi
1555 3944 1774 3997 nomine
1852 3946 2085 4012 patriar-

528 4042 643 4093 cha:
715 4039 991 4091 dicuntur.
1066 4037 1298 4088 Sanctus
1353 4035 1570 4103 quidem
1646 4037 1736 4087 ille
1803 4033 2082 4093 Silvester,

528 4132 617 4198 qui
675 4132 880 4197 primus
935 4127 1118 4179 Romae
1167 4126 1533 4194 pontiﬁratum
1588 4126 1845 4188 obtinuit,
1895 4136 1942 4178 et
1991 4126 2082 4192 qui

528 4221 732 4286 primus
764 4214 1061 4270 Antiochiae
1098 4213 1335 4282 pontifex
1369 4212 1467 4265 fuit
1496 4213 1734 4274 Evodus,
1773 4227 1879 4264 non
1910 4213 2005 4263 abs
2027 4226 2085 4263 re

529 4310 711 4361 Patres
743 4306 994 4373 appellati
1035 4302 1206 4356 fuere.
1250 4302 1461 4370 Quippe
1491 4302 1720 4355 necdum
1745 4308 1900 4354 erant
1931 4300 2090 4367 patri-

530 4401 741 4459 archa3,
793 4398 881 4463 qui
930 4412 956 4448 a
993 4395 1244 4447 Patribus
1292 4395 1675 4447 instituuntur.
1729 4391 1993 4445 Similiter
2033 4402 2086 4445 et

1756 3150 1767 3185 :
1831 3149 2079 3188 necessa-
2111 3126 2154 3182 C

2187 1903 2286 1938 πον
2316 1883 2746 1952 ἀναπληροῦντες
2784 1883 2881 1950 τῆς
2906 1883 3150 1952 κεφαλῆς
3184 1884 3292 1936 τῶν
3322 1885 3499 1950 ἀγίων
3522 1885 3767 1952 Ἐκκλη-

2188 1976 2319 2029 σιῶν
2351 1974 2443 2027 τοῦ
2494 1973 2653 2038 Θεοῦ,
2699 1973 3098 2028 ἑνδιδύσκονται
3147 1974 3411 2037 σάκκους,
3468 1975 3565 2026 καὶ
3619 1975 3766 2038 μετά

2187 2065 2465 2132 ποταμίων
2485 2064 2580 2116 καὶ
2609 2065 2910 2134 τριγωνίων
2940 2063 3209 2133 στιχάρια,
3239 2065 3331 2134 καὶ
3350 2065 3438 2118 διά
3457 2065 3768 2116 πολυσταυ-

2190 2125 2615 2222 ρίωνκραινόλια,
2644 2125 2744 2204 καὶ
2775 2153 2854 2213 εἰς
2884 2125 3062 2212 πάσας
3098 2125 3194 2213 τάς
3256 2125 3590 2218 ’ἐκκλησίας
3624 2152 3766 2203 κατά

2185 2242 2380 2294 ταύτὸν
2405 2241 2782 2308 ἀναφέρονται.
2816 2240 2894 2309 Τῇ
2927 2239 2982 2290 δὲ
3017 2239 3217 2307 ῥάϐδῳ,
3253 2239 3328 2301 ὡς
3349 2242 3376 2291 6
3411 2241 3649 2308 Χριστὸς
3669 2240 3767 2290 καὶ

2185 2333 2316 2395 Θεὸς
2336 2333 2493 2401 ἡμῶν
2520 2331 2597 2395 τῷ
2617 2331 2846 2399 καλάμῳ
2872 2331 2970 2398 τῆς
3004 2329 3233 2397 ὕϐρεως,
3267 2329 3761 2398 ἀποσεμνύνονται.

2186 2426 2248 2476 Ol
2280 2425 2332 2476 δὲ
2364 2424 2536 2476 λοιποὶ
2579 2423 2851 2491 ἀρχιερεῖς
2885 2422 2978 2474 καὶ
3034 2420 3345 2488 ἡγούμενοι,
3376 2420 3454 2481 ὡς
3479 2422 3508 2471 6
3549 2421 3767 2489 ’Λαρὼν

2184 2519 2250 2586 τῇ
2284 2514 2461 2585 ῥάϐδῳ
2493 2515 2673 2582 ἐκείνῃ
2702 2515 2766 2582 τῇ
2799 2513 3147 2584 βλαστησάσῃ
3170 2514 3311 2564 κατὰ
3363 2512 3606 2582 μεγάλου
3659 2529 3764 2579 μυ-

2186 2605 2405 2674 στηρίου
2440 2604 2799 2673 προδήλωσιν,
2855 2605 2886 2673 ἢ
2931 2604 3004 2664 ὡς
3038 2605 3064 2655 6
3120 2604 3290 2671 μέγας
3325 2599 3626 2666 ἀπόστολος
3659 2604 3768 2655 Πέ-

2184 2716 2330 2766 τρος,
2385 2698 2412 2748 6
2444 2696 2681 2756 ἀκούσας
2713 2694 2863 2763 παρὰ
2911 2694 3081 2759 Θεοῦ,
3121 2695 3356 2763 Ποίμανε
3389 2695 3460 2746 τὰ
3515 2694 3766 2764 πρόϐατά.

2188 2805 2313 2856 μου.
2352 2787 2502 2838 Ἑπεὶ
2535 2784 2590 2837 δὲ
2619 2785 2729 2837 τῶν
2765 2785 2989 2836 εἰκότων
3018 2786 3164 2836 ἐστὶν
3191 2784 3466 2852 ἐρωτῆσαί
3501 2801 3645 2844 τινα,
3677 2784 3767 2844 τίς

2186 2877 2219 2945 ἡ
2247 2874 2338 2928 τοῦ
2377 2876 2534 2928 πάπα
2561 2875 2823 2942 σημασία,
2857 2875 2948 2926 καὶ
2970 2874 3050 2936 τίς
3072 2876 3104 2942 ὴ
3126 2873 3219 2925 τοῦ
3247 2875 3593 2943 πατριάρχου
3623 2874 3765 2933 ἐστὶ,

2186 2966 2277 3019 καὶ
2297 2967 2439 3034 τίςή
2499 2964 2594 3017 τόῦ
2627 2963 3078 3032 ἀρχιεπισκόπου,
3109 2965 3202 3015 καὶ
3243 2962 3385 3015 διατί
3433 2964 3545 3015 τῶν
3604 2964 3766 3015 πέντε

2187 3056 2434 3124 κεφαλῶν
2460 3056 2494 3124 ἡ
2525 3055 2621 3123 μὲν
2653 3054 2903 3123 ἐνέργεια
2937 3055 3028 3105 καὶ
3053 3054 3123 3105 τά
3177 3055 3448 3123 προνόμια
3486 3053 3767 3116 ταυτίζον-

2188 3165 2296 3208 ται,
2329 3144 2510 3207 καθὼς
2555 3143 2882 3212 διείληπται,
2934 3143 3003 3196 τὰ
3032 3144 3088 3196 δὲ
3129 3144 3372 3212 ὀνόματα
3403 3145 3616 3197 τούτων
3660 3147 3768 3197 εἰσὶ

2187 3240 2436 3307 διάφορα,
2471 3234 2590 3289 δέον
2640 3234 3004 3304 ἐλογισάμεθα
3033 3235 3126 3287 καὶ
3159 3237 3225 3287 τὰ
3272 3237 3404 3303 περὶ
3431 3236 3641 3290 τούτων
3671 3240 3759 3288 ὲκ-

2188 3328 2520 3395 κορυφῶσαι.

2260 3417 2451 3477 Πάπας
2498 3414 2647 3484 παρὰ
2705 3413 2955 3477 Λατίνοις
2998 3414 3261 3484 κέκληται
3307 3418 3335 3469 6
3389 3417 3605 3487 Πατήρ.
3655 3418 3766 3469 Καὶ

2191 3507 2338 3576 παρὰ
2384 3506 2654 3568 Ἰουδαίοις
2694 3505 3059 3575 πατριάρχης,
3093 3507 3120 3557 6
3153 3505 3334 3575 ἄρχων
3363 3507 3483 3574 ἦτοι
3519 3509 3548 3558 6
3580 3509 3766 3574 Πατὴρ

2188 3597 2293 3650 τῶν
2324 3597 2587 3665 πατριῶν.
2624 3596 2731 3648 Καὶ
2764 3595 3195 3666 ἀρχιεπίσκοπος
3227 3596 3452 3664 ὁμοίως,
3481 3598 3512 3647 6
3541 3598 3761 3649 ἐπισκό-

2190 3702 2306 3736 πων
2327 3685 2533 3754 Πατήρ.
2563 3684 2683 3737 Κᾶν
2713 3684 2843 3751 γοῦν
2870 3677 2969 3734 ὦσι
2998 3682 3091 3734 τοῦ
3131 3684 3287 3737 πάπα
3309 3723 3323 3746 ,
3354 3684 3448 3736 τοῦ
3485 3685 3758 3752 πατριάρο

2190 3791 2308 3842 χου,
2340 3772 2434 3824 καὶ
2461 3772 2554 3824 τοῦ
2586 3773 3018 3841 άρχιεπισκόπου
3047 3772 3115 3824 τὰ
3150 3773 3533 3840 σημαινόμενα
3556 3776 3620 3842 τῇ
3646 3773 3763 3824 δια-

2190 3861 2362 3930 λέκτῳ
2397 3861 2647 3928 διάφορα,
2684 3860 2816 3914 ἀλλὰ
2841 3859 3064 3928 δυνάμει
3097 3861 3239 3912 κατὰ
3273 3861 3443 3928 μηδὲν
3469 3861 3766 3928 διαφέρου-

2194 3969 2265 4003 σι.
2331 3951 2417 4002 Διὸ
2478 3952 2571 4002 καὶ
2636 3950 2832 4011 πάντες
2899 3949 3062 4017 κοινῷ
3124 3949 3355 4018 ὀνόματι
3424 3952 3764 4018 πατριάρχαι

2192 4039 2674 4107 κατονομάζοντχι.
2724 4039 2780 4090 ’0
2813 4039 2941 4103 γοῦν
2975 4039 3206 4106 πρώτως
3237 4039 3674 4108 ἀρχιερατεύσας
3708 4042 3766 4091 ὲν

2203 4130 2388 4198 Ῥώμῃ
2419 4130 2568 4196 ἆγιος
2596 4129 2933 4196 Σίλϐεστρος,
2968 4128 3060 4180 καὶ
3084 4131 3110 4180 6
3146 4129 3377 4199 πρώτως
3406 4131 3766 4198 ἀρχιερατεύ-

2196 4237 2291 4280 σας
2325 4223 2380 4272 ὲν
2424 4219 2718 4288 Ἀντιοχείᾳ
2750 4217 2975 4282 Εὕοδος,
3027 4217 3333 4287 ἐκλήθησαν
3388 4218 3626 4283 εὐλόγως
3655 4219 3769 4269 II:-

2193 4311 2367 4377 τέρες.
2401 4308 2565 4358 Οὔπω
2594 4309 2700 4374 γάρ
2753 4303 2894 4376 ἦσαν
2949 4308 3303 4376 πατριάρχαι,
3331 4307 3486 4375 παρά
3517 4308 3624 4358 τῶν
3659 4309 3766 4358 [Ια-

2193 4403 2366 4467 τέρων
2390 4397 2826 4464 προϐαλλόμενοι.
2848 4398 3122 4458 Ὡσαύτως
3156 4398 3249 4447 καὶ
3283 4400 3310 4448 ὁ
3352 4397 3768 4465 Ἀλεξανδρείας

529 4454 930 4544 Alexandrinus
977 4495 1256 4553 propterea
1305 4496 1528 4538 vocatus
1574 4485 1671 4536 fuit
1724 4499 1894 4552 papa,
1941 4483 2083 4550 quod

2200 4454 2400 4557 ὲκιλήΟη
2431 4454 2669 4550 ’πάπας,
2698 4486 2785 4537 διὰ
2835 4486 2898 4537 τὸ
2949 4454 3133 4538 λαϐεῖν
3167 4488 3256 4537 τὸν
3306 4487 3462 4552 ἆγιον
3494 4454 3769 4555 ἰίύριιλλον

529 4591 751 4633 sanctus
804 4579 891 4631 ille
945 4575 1181 4644 Cyrillus
1229 4575 1280 4626 in
1331 4575 1488 4626 tertia
1555 4574 2083 4642 synodo.privilegia

529 4684 682 4738 papae
735 4666 984 4727 Romani,
1030 4662 1310 4716 Coelestini
1355 4661 1580 4720 scilicet,
1621 4663 1912 4727 acceperit.
1949 4661 2084 4713 Cum

531 4739 708 4811 autem
773 4757 957 4821 religio
988 4755 1099 4821 jam
1153 4763 1440 4821 pervagata
1488 4751 1678 4804 fuisset
1750 4751 1881 4806 ﬁnes
1938 4753 2086 4805 Orbis

531 4861 824 4908 terrarum,
868 4855 925 4899 ut
958 4846 1089 4899 urbs
1127 4845 1236 4897 fere
1282 4844 1533 4909 qumlibet
1578 4844 1895 4911 episcopum
1949 4844 2089 4896 obti-

532 4943 744 4994 nuisset
770 4954 785 4993 :
813 4938 927 5006 ipsa
975 4935 1192 5004 pietatis
1237 4936 1376 4987 ratio
1428 4935 1705 5002 poscebat,
1739 4942 1795 4985 ut
1837 4931 2091 4986 llieroso-

534 5031 693 5099 lymis
723 5029 884 5082 etiam
926 5026 1100 5079 bonos
1136 5023 1446 5082 haberetur,
1487 5023 1555 5075 ob
1587 5022 1866 5074 cruciatus
1905 5036 2090 5072 sacro-

535 5129 752 5174 sanctos
785 5127 838 5173 et
887 5117 1198 5185 sepulcrum
1225 5113 1431 5166 Domini
1478 5115 1642 5166 nostri
1686 5113 1812 5166 Jesu
1859 5112 2089 5166 Christi.

533 5208 664 5264 Nam
695 5223 883 5276 magna
933 5208 1122 5260 isthmc
1145 5207 1276 5258 urbs
1305 5205 1801 5271 ConstantinOpolis
1824 5203 1931 5269 jam
1966 5213 2093 5255 ante

534 5303 795 5356 honorem
849 5300 1178 5360 obtinuerat,
1226 5297 1300 5349 uti
1349 5311 1509 5362 supra
1561 5295 1764 5348 dictum
1799 5293 1917 5356 fuit,
1963 5309 2090 5361 pro-

2194 4581 2332 4632 κατὰ
2366 4579 2462 4648 τὴν
2490 4577 2677 4646 τρίτην
2712 4577 2927 4629 σύνοδον
2955 4577 3048 4628 τοῦ
3081 4578 3236 4629 πάπα
3275 4578 3516 4648 Ῥώμης,
3542 4581 3634 4630 τοῦ
3661 4581 3770 4631 Κεφ

2191 4672 2433 4722 λεστίνου
2469 4671 2628 4736 φημὶ,
2676 4667 2745 4718 τὰ
2777 4667 3066 4736 προνόμια.
3103 4667 3213 4732 Τῆις
3244 4667 3299 4718 δὲ
3333 4668 3619 4731 εὐσεϐείας
3653 4670 3770 4720 δια·

2191 4753 2502 4820 δραμούσης
2533 4755 2610 4813 εἰς
2639 4754 2736 4819 τῆς
2757 4753 3078 4820 οἰκουμένης
3094 4755 3159 4804 τά
3188 4754 3424 4821 πέρατα,
3443 4757 3537 4806 καὶ
3562 4757 3768 4816 πόλεως

2195 4850 2426 4914 ἑκάστης
2452 4846 2633 4915 σχεδον
2658 4846 2924 4914 λαϐούσης
2955 4847 3270 4910 ἐπίσκοπον,
3307 4849 3496 4915 ἐδέησε
3529 4850 3766 4919 τιμηθῆ-

2199 4956 2284 4988 ναι
2327 4937 2635 5004 Θεαρέστως
2690 4937 2780 4987 καὶ
2812 4935 3047 4997 εὐσεϐῶς
3099 4938 3192 4988 καὶ
3241 4937 3342 5006 τὴν
3387 4939 3766 5006 Ἰερουσαλὴμ,

2200 5030 2287 5079 διὰ
2326 5029 2391 5078 τὰ
2420 5028 2546 5093 ἆγια
2598 5028 2742 5092 πάθη
2773 5028 2866 5077 καὶ
2901 5028 2988 5078 τὸν
3018 5030 3187 5093 τάφον
3235 5029 3328 5080 τοῦ
3365 5031 3574 5097 Κυρίου
3613 5029 3770 5097 ἡμῶν

2214 5115 2384 5183 Ἰησοῦ
2417 5115 2670 5183 Χριστοῦ.
2713 5115 2772 5167 ἸΙ
2818 5115 2924 5183 γὰρ
2960 5116 3326 5183 μεγαλόπολις
3377 5118 3764 5186 προτετίμητο,

2204 5207 2380 5268 καθὼς
2400 5209 2738 5274 προείρηται,
2763 5207 2848 5257 διά
2871 5207 2928 5257 τὸ
2957 5210 3035 5268 εἰς
3059 5205 3259 5275 ταύτην
3290 5208 3679 5276 μετενεχθῆναι
3702 5208 3768 5259 τὰ

2205 5297 2457 5365 σκῆπτρα
2487 5297 2581 5364 τῆς
2610 5296 2713 5347 τῶν
2767 5296 3044 5365 Ῥωμαίων
3083 5296 3380 5365 βασιλείας.
3435 5297 3772 5370 Μετωνομά-

1805 5410 2036 5464 \‘ARl/E
2069 5412 2462 5465 LECTiONiZS.

609 5507 655 5538 "
675 5504 996 5574 φραγίλλιῳ.
1077 5502 1119 5534 ’⁸
1157 5505 1537 5570 μετυχὲτευσε.

2044 5602 2083 5652 Pi
2098 5599 2272 5653 07A").

609 5673 716 5731 (illi)
758 5671 947 5737 Figura
1003 5667 1191 5720 liltct‘u‘
1225 5681 1455 5734 gnatm.
