4004 6476
273 370 414 436 10:29

1731 379 1836 438 ME
1849 381 1891 438 D
1904 380 2148 443 iTA'I'.\.

3365 393 3504 457 1030

278 499 486 566 σθησαν
514 491 606 547 οὗν
629 497 676 546 oi
711 497 765 546 ὲν
788 492 1008 556 ταύταις
1052 495 1548 564 ἀρχιερατεύοντες,
1585 499 1832 568 ἀρχιεπί-

1937 511 2115 566 ptcrea
2144 502 2283 570 quod
2317 504 2368 556 in
2394 518 2508 556 ean;
2532 505 2599 556 im
2611 507 2741 572 po-rii
2770 505 2996 560 Romani
3023 517 3234 578 sceptra
3264 508 3498 568 fuissem

275 601 500 642 σκοποι·
539 585 702 654 ἀρχαὶ
727 587 967 654 δηλονότι
995 588 1085 637 καὶ
1108 586 1337 650 κεφαλαὶ
1370 586 1577 638 πολλῶν
1615 590 1834 640 ἐπισκό-

275 697 413 734 πων.
445 681 652 732 Ταὐτὸν
681 679 736 730 δέ
763 679 907 730 ἐστιν
948 678 1141 740 εἰπεῖν,
1173 679 1408 745 Πατέρες
1447 678 1540 730 καὶ
1572 680 1835 748 πατριάρ-

275 788 391 839 χαι.
434 772 528 823 Ἐκ
556 769 744 822 τούτου
789 769 844 820 δὲ
873 769 1106 835 διαφορὰ
1137 786 1219 830 τις
1245 769 1342 819 οὐκ
1375 769 1489 820 ἔστι
1545 771 1706 838 μέσον
1740 771 1836 822 αὑ-

271 862 404 930 τῷν,
467 860 525 912 '0
550 858 656 928 γὰρ
685 859 871 927 πατὴρ
899 857 993 908 τοῦ
1027 856 1212 918 ἔθνους
1257 857 1408 907 τοῦδε
1439 857 1621 924 τυχὸν,
1651 858 1834 926 πατήρ

273 953 390 1003 ἐστι
423 955 514 1002 καὶ
547 949 824 1019 ἱερατικῆς
856 949 1026 1017 φυλῆς
1058 949 1152 999 καὶ
1187 947 1400 1014 λαῖκῆς,
1456 947 1532 1009 ὡς
1581 950 1609 1000 6
1640 947 1834 1000 Ἰακὼὸ

270 1045 383 1096 τῶν
412 1044 477 1110 ιβ’
520 1041 700 1109 φυλῶν
739 1042 974 1111 Ἰσραήλ.
1011 1040 1118 1092 Καὶ
1145 1041 1324 1107 ἄρχων
1353 1038 1684 1102 ἐπισκόπων,
1747 1039 1834 1104 ἑξ-

267 1135 518 1204 ανάγκης
547 1134 662 1185 ἐστὶ
694 1133 874 1202 πατὴρ
903 1133 995 1184 καὶ
1022 1131 1333 1183 ἐπισκόπων
1357 1131 1450 1184 καλ
1480 1129 1705 1183 λαῖκῶνο
1729 1133 1756 1182 6
1775 1131 1833 1183 δὲ

269 1226 495 1286 Γοτθίας
523 1226 582 1276 οὑ
611 1224 851 1275 καλεῖται
881 1223 1308 1292 ἀρχιεπίσκοπος
1332 1263 1346 1284 ,
1395 1222 1471 1284 ὡς
1503 1222 1686 1291 ἄρχων
1713 1225 1833 1274 ἑπι-

271 1315 493 1366 σκόπων
524 1314 618 1365 καὶ
668 1310 983 1381 προὸολεὺς,
1045 1309 1156 1361 ἀλλ’
1200 1310 1276 1371 ὡς
1308 1308 1448 1377 ἁρχὴ
1499 1310 1830 1364 ἐπισκόπων.

281 1404 507 1472 Ὠρίσθη
537 1404 646 1472 γὰρ
697 1403 848 1471 παρὰ
877 1401 983 1453 τῶν
1016 1401 1186 1466 ἁγίων
1245 1399 1528 1469 Πατέρων,
1573 1399 1674 1461 τὰς
1733 1401 1833 1468 μὲν

270 1495 500 1564 ἐχούσας
539 1493 833 1561 διοικήσεις
871 1491 1070 1553 πολλὰς
1104 1491 1308 1554 πόλεις,
1370 1490 1473 1542 ὑπὸ
1521 1489 1832 1543 ἐπισκόπων

269 1583 722 1652 κυὸερνωμένας,
791 1583 943 1648 παρά
1002 1580 1410 1649 μητροπολιτῶν
1468 1579 1829 1648 διεξάγεσθαι,

269 1671 364 1735 οὓς
411 1674 502 1725 καὶ
533 1671 780 1740 πρώτους
804 1670 852 1721 oi
896 1670 1117 1730 κανόνες
1146 1667 1500 1736 ὀνομάζουσι·
1536 1668 1635 1731 τὰς
1667 1667 1722 1721 δὲ
1758 1669 1831 1738 μὴ

269 1763 502 1833 ἐχούσας
535 1761 623 1830 ὑφ’
677 1761 877 1821 ἑαυτὰς
927 1759 1110 1820 πόλεις
1156 1760 1309 1820 τινάς
1362 1759 1466 1811 ὑπὸ
1518 1759 1832 1811 ἐπισκόπων

273 1853 613 1919 ίθυνομὲνας,
636 1851 784 1920 παρὰ
805 1849 1245 1918 ἀρχιεπισκόπων
1269 1849 1637 1917 ίερατεύεσθαι
1659 1865 1673 1878 ·
1692 1848 1830 1901 ὥστε

272 1944 605 2010 μειονεκτεῖν
640 1943 737 2009 μὲν
791 1939 958 2002 αὐτὰς
1013 1939 1121 1990 τῶν
1158 1938 1563 2007 μητροπόλεων.
1601 1938 1831 2008 ὑπερτε-

273 2035 387 2100 ρεῖν
408 2032 464 2083 δὲ
489 2032 595 2082 τῶν
625 2030 957 2083 ιπισκὸπων.
991 2028 1145 2082 Οὕτω
1176 2028 1428 2097 λυθείσης
1450 2029 1561 2082 -καὶ
1591 2029 1688 2098 τῆς
1723 2045 1833 2081 τοι-

269 2123 439 2190 αύτης
470 2120 815 2189 ἀμφιϐολίας,
867 2120 1056 2189 ἠθελον
1087 2122 1282 2181 εἰπεῖν,
1316 2120 1438 2171 ὅτου
1470 2120 1630 2189 χάριν
1664 2122 1692 2172 6
1729 2119 1833 2172 πά-

270 2231 380 2275 πας
425 2211 644 2281 Ῥώμης
665 2212 1037 2280 οίκουμενικὸς
1083 2211 1270 2272 πάπας
1313 2210 1550 2277 λέγεται,
1574 2210 1832 2272 ὡσαύτως

269 2306 363 2356 καὶ
392 2305 420 2354 ὀ
451 2301 878 2370 ἁρχιεπίσκοπος
909 2299 1548 2362 Κωνσταντινουπόλεως,
1576 2299 1832 2367 οίκουμε-

269 2390 418 2452 νικος
475 2390 857 2458 πατριάρχης·
911 2389 962 2439 oi
1000 2389 1056 2440 δὲ
1115 2388 1292 2440 λοιποὶ
1332 2391 1704 2458 πατριάρχαι,
1739 2390 1834 2442 καὶ

267 2479 444 2533 ταῦτα
472 2478 572 2546 τῆς
599 2479 766 2546 αὐτῆς
792 2477 942 2538 ὄντες
973 2475 1200 2541 τάξεως,
1255 2476 1496 2547 κλήσεώς
1528 2495 1586 2529 τε
1634 2477 1726 2531 καὶ
1755 2495 1834 2531 τι-

272 2569 400 2637 μῆς,
435 2570 529 2620 καὶ
559 2567 758 2636 ταύτης
791 2568 888 2619 οὑκ
914 2567 1102 2636 ἔτυχον
1131 2567 1228 2634 τῆς
1246 2567 1648 2638 ἀνακηρύξεως,
1683 2569 1834 2620 Ἐπεὶ

268 2660 326 2714 66
363 2660 453 2713 τὸν
489 2659 587 2730 μὲν
625 2662 811 2714 πάπαν
859 2659 919 2713 τὸ
948 2659 1050 2729 τῆς
1105 2659 1390 2728 φιλαυτίας
1434 2659 1707 2729 δαιμόνιον
1732 2659 1833 2728 τῆς

268 2754 380 2808 τῶν
413 2753 613 2806 λοιπῶν
647 2753 962 2819 ἁγιωτάτων
996 2752 1346 2822 πατριαρχῶν
1379 2752 1688 2818 ἀπέστησεν
1735 2751 1833 2824 ὁμ-

269 2849 540 2918 ηγύρεως,
565 2847 660 2899 καὶ
692 2848 770 2907 είς
801 2847 966 2914 μόνην
993 2847 1090 2915 τὴν
1103 2845 1262 2897 Δύσιν
1286 2845 1684 2914 ἑστενοχώρησε
1705 2862 1718 2875 ο
1745 2845 1833 2898 τὸν

267 2936 327 2986 δδ
352 2937 980 2996 Κωνσταντινουπόλεως
1042 2935 1226 3002 βλέπω
1255 2934 1440 3002 μηδενὶ
1493 2933 1599 2984 τῶν
1643 2951 1833 3003 προνο-

274 3026 413 3094 μίων
444 3025 534 3077 τοῦ
572 3027 729 3078 πὰπα
757 3024 1268 3093 κατακοσμούμενον
1322 3023 1468 3094 (οὔτε
1497 3025 1603 3094 γὰρ
1627 3026 1701 3094 τῷ
1733 3025 1832 3094 τῆς

1937 590 2216 644 translata.
2253 592 2434 662 Itaque
2475 597 2695 648 mutatis
2753 599 3068 652 nominibus
3103 599 3291 653 barum
3329 603 3498 668 ponti-

1937 681 2065 733 (lces
2106 681 2237 735 dicti
2293 693 2420 736 sunt
2461 686 2883 754 archiepiscopi,
2930 689 3091 742 veluti
3136 691 3399 758 principia
3441 703 3497 744 et

1935 773 2112 840 capita
2140 774 2431 826 multorum
2466 775 2868 842 episcoporum.
2902 777 3058 842 Quod
3103 777 3243 832 idem
3277 781 3401 839 erit.
3434 795 3498 833 ac

1935 863 1979 916 si
2008 861 2234 922 dixeris.
2263 863 2453 918 Patres
2478 871 2532 916 et
2556 867 2894 932 patriarchae.
2940 868 3092 924 Unde
3132 870 3340 922 nullum
3386 871 3496 923 exi-

1933 951 2191 1005 stitinter
2213 966 2307 1006 eos
2339 952 2655 1007 discritren.
2699 954 2830 1007 Nam
2873 957 3031 1010 Pater
3063 957 3223 1024 hujus
3282 958 3494 1011 iiliusvo

1933 1043 2129 1108 gentis,
2191 1050 2298 1094 tam
2345 1045 2717 1106 sacerdotalis,
2764 1062 2924 1114 quam
2973 1047 3122 1100 laicaa
3185 1046 3360 1101 tribus
3412 1055 3498 1100 est

1933 1128 2111 1194 Pater,
2136 1132 2280 1186 sicut
2317 1130 2484 1186 Iacob
2522 1116 2806 1188 duodecim
2857 1136 3097 1190 tribuum
3150 1136 3382 1191 lsraelis.
3431 1139 3494 1192 Et

1935 1221 2186 1290 princeps
2225 1223 2624 1290 episcoporum,
2672 1229 2980 1280 necessario
3038 1227 3198 1283 Pater
3246 1239 3327 1284 est
3381 1241 3493 1284 tum

1933 1308 2332 1376 episcoporum,
2374 1318 2483 1362 tum
2523 1302 2806 1364 laicoruin.
2857 1312 3088 1367 Gotthize
3145 1316 3361 1383 quidem
3403 1333 3500 1368 an-

1934 1399 2084 1450 tistes
2117 1413 2224 1452 non
2267 1407 2554 1468 propterea
2590 1409 2814 1453 vocatur
2847 1403 3318 1473 archiepiscopus.
3352 1411 3494 1473 quod

1933 1485 2306 1554 episcoporum
2353 1489 2603 1556 princeps
2643 1499 2696 1542 et
2735 1489 3017 1543 ordinator
3052 1493 3158 1554 sit,
3227 1494 3320 1546 sed
3376 1503 3498 1545 tat:-

1933 1589 2093 1643 quam
2150 1577 2476 1646 principium
2514 1579 2922 1648 episc0porum.
2971 1581 3185 1652 Quippe
3233 1586 3438 1638 sanctis
3471 1601 3498 1635 ιι

1931 1663 2182 1721 Patribus
2212 1675 2294 1723 est
2318 1672 2608 1734 sancitum,
2633 1679 2693 1724 ut
2722 1687 2800 1726 eae
2833 1674 3118 1740 dimceses,
3153 1692 3272 1744 quae
3303 1683 3501 1729 multas

1933 1755 2132 1811 habent
2172 1761 2336 1813 urbes
2377 1761 2479 1813 sub
2514 1763 2892 1830 episcoporum
2932 1767 3343 1833 gubernatione
3378 1782 3501 1820 con-

1935 1849 2192 1910 stitutas,
2248 1864 2277 1901 a
2328 1852 2762 1919 metropolitanis
2825 1853 3312 1918 administrentur,
3365 1870 3500 1923 quos

1933 1938 2096 1992 etiam
2153 1940 2252 2006 ipsi
2291 1953 2527 1994 canones
2574 1943 2846 2010 appellant
2907 1945 3112 2012 primos
3163 1961 3176 1996 :
3220 1961 3339 2014 qua:
3374 1961 3502 2000 veto

1934 2028 2036 2082 sub
2062 2043 2119 2082 se
2147 2044 2252 2082 non
2286 2030 2488 2084 habent
2528 2034 2691 2088 urbes
2722 2034 2954 2100 aliquas,
2996 2036 3373 2103 episcOporum
3414 2053 3497 2090 rc-

1932 2118 2120 2188 gimini
2143 2119 2409 2183 subditas,
2439 2123 2880 2190 archiepiscopos
2901 2123 3132 2177 habeant
3163 2125 3444 2193 pontillces
3473 2141 3487 2177 :

1934 2215 1994 2261 ut
2019 2208 2308 2262 inferiores
2341 2211 2422 2262 ha:
2449 2209 2666 2277 quidem
2707 2213 2818 2264 sint
2851 2213 3266 2282 metropolibus,
3301 2224 3354 2266 at
3385 2214 3500 2281 epi-

1934 2297 2243 2366 scopalibus
2289 2301 2626 2368 superiores.
2661 2302 2716 2355 ιιι
2760 2304 2903 2356 hunc
2932 2305 3176 2364 modum,
3205 2303 3305 2357 hoc
3337 2303 3497 2357 etiam

1935 2388 2187 2455 ambiguo
2217 2389 2418 2449 soluto,
2453 2391 2704 2442 Volebant
2724 2393 2971 2459 equidem
2992 2388 3189 2453 dicere,
3219 2394 3492 2460 quamobo

1935 2492 2046 2531 rem
2097 2494 2229 2545 papa
2267 2477 2544 2532 Romanus
2585 2481 2885 2546 appelletur
2931 2480 3253 2536 universalis
3317 2480 3497 2550 Papa,

1935 2567 2303 2635 similiterque
2341 2567 2841 2637 Constantinopolis
2875 2571 3360 2645 archiepiscOpus,_
3388 2574 3503 2625 uni-

1935 2658 2164 2711 versalis
2198 2659 2504 2726 patriarcha
2543 2675 2557 2710 :
2595 2674 2715 2714 cum
2762 2659 2958 2727 reliqui
2994 2661 3335 2727 patriarclne,
3379 2662 3504 2714 lit-et

1933 2748 2172 2814 ejusdem
2207 2749 2317 2801 sint
2354 2750 2582 2810 ordinis,
2619 2751 2997 2818 appellationis
3041 2758 3093 2802 et
3139 2741 3384 2813 honoris,
3427 2751 3501 2803 ita

1935 2839 2260 2906 proclatnari
2298 2854 2402 2891 non
2442 2840 2668 2892 soleant.
2726 2839 2829 2893 Sed
2879 2839 3099 2906 quando
3150 2855 3340 2909 papam
3385 2839 3495 2894 Ro-

1936 2946 2156 2984 manum
2190 2932 2364 2985 malus
2409 2933 2720 2985 ambitionis
2753 2933 2839 2986 ille
2871 2934 3063 3002 genius
3098 2949 3125 2985 a
3163 2935 3496 3002 reliquorum

1935 3021 2410 3075 sanctissimornm
2453 3024 2884 3089 patriarcharum
2924 3033 3067 3077 coztu
3097 3024 3315 3086 avulsit,
3355 3033 3409 3078 et
3440 3024 3495 3076 in

267 3115 548 3184 βασιλείας
605 3115 762 3186 λώρῳ
794 3115 936 3168 κατὰ
991 3115 1050 3167 τδ
1079 3116 1172 3168 τοῦ
1227 3117 1381 3183 ἁγίου
1419 3114 1827 3168 Κωνσταντίνου

1936 3109 2278 3165 Occidentem
2308 3113 2568 3165 duntaxat
2617 3114 2947 3179 coarctavit;
2996 3129 3117 3167 cum
3165 3115 3378 3167 interim
3419 3115 3504 3168 vi-

270 3206 624 3277 νομιζόμενον
659 3209 930 3276 θέσπισμα
974 3208 1394 3275 καταστέφεται,
1427 3205 1545 3259 οὒτε
1566 3207 1831 3260 κοκκοϐα-

271 3298 398 3366 vict
431 3297 664 3361 πεδίλοις
703 3301 842 3352 κατὰ
883 3299 941 3350 τὸ
985 3299 1234 3350 τυπωθὲν
1293 3297 1656 3366 Θεατρίζεται,
1715 3297 1831 3350 ἀλλ’

269 3386 378 3441 οὐδ’
411 3388 584 3455 ἑτέρῳ
618 3388 1008 3457 προνομίῳντῆς
1039 3389 1274 3449 παλαιᾶς
1312 3387 1526 3457 Ῥώμης
1547 3381 1831 3458 κέχρηται,

273 3476 368 3526 καὶ
397 3475 484 3526 διὰ
512 3474 668 3526 τοῦτο
695 3477 742 3526 ut
780 3476 936 3536 πόδες
973 3477 1135 3528 αὐτοῦ
1188 3475 1431 3526 ῐστανται
1463 3475 1519 3525 ὲν
1557 3473 1832 3543 εὐθύτητι,

269 3565 367 3616 καὶ
392 3565 650 3633 ὴκεφαλὴ
672 3567 833 3616 αὑτοῦ
863 3567 1090 3634 παντοίᾳ
1112 3567 1342 3628 συνέσει,
1375 3565 1513 3617 κατὰ
1539 3566 1627 3617 τὸν
1641 3564 1831 3628 Δασὶδ,

271 3656 636 3708 πεπολίωταιο
691 3657 782 3707 καὶ
835 3659 932 3717 τὰς
963 3657 1168 3717 οἰκείας
1198 3655 1254 3707 δὲ
1288 3655 1613 3724 ὑπογραφάς
1647 3655 1724 3717 ὡς
1754 3658 1834 3708 οί-

271 3749 591 3817 κουμενικὸς
627 3747 686 3799 οὑ
749 3747 1030 3816 μεγευύνει
1081 3746 1284 3816 πατὴρ,
1339 3745 1443 3798 κᾶν
1499 3744 1626 3814 παρ’
1676 3745 1834 3815 ἡμῶν

269 3841 410 3894 οὕτω
435 3840 694 3907 κέκληται
724 3841 814 3890 καὶ
853 3838 1208 3905 δεδόξασται)·
1231 3837 1329 3906 τὴν
1367 3836 1464 3906 μὲν
1491 3837 1619 3905 περὶ
1641 3836 1833 3888 τούτου

271 3930 587 3999 συζήτησιν,
617 3928 691 3990 ὡς
714 3928 1022 3996 ἀλυσιτελῆ,
1056 3929 1400 3998 παρατρέχω.
1434 3926 1833 3996 Ἀπολογοῦμαι

269 4020 326 4072 δὲ
358 4020 492 4087 πρὸς
521 4019 644 4080 τοὺς
676 4018 931 4085 λέγοντας
987 4019 1291 4087 τολμηρῶς,
1342 4018 1573 4088 ᾁφείλειν
1603 4018 1701 4086 τῆς
1732 4013 1856 4069 πα-’

270 4109 598 4178 τριαρχικῆς
625 4109 1015 4174 ἀποξενοῦσθαι
1051 4111 1214 4178 τιμῆς
1247 4109 1334 4160 τὸν
1378 4108 1708 4178 Ἀντιοχείας
1742 4107 1836 4160 καὶ

267 4200 361 4252 τὸν
399 4199 799 4268 Ἱεροσολύμων.
854 4198 1240 4250 Κεκανόνισται
1277 4198 1404 4265 γὰρ,
1468 4197 1644 4264 φασὶ,
1708 4197 1834 4266 μηδ’

269 4293 330 4342 ὲν
357 4289 666 4359 ἀρχιερεῦσι
737 4289 1115 4340 συντάττεσθαι
1160 4289 1283 4348 τοὺς
1318 4287 1390 4354 μὴ
1443 4285 1834 4365 ῥιψοκινδύνως

269 4381 678 4449 ἀπερχομένους
728 4380 1001 4449 ἀρχιερεῖς
1033 4381 1109 4439 είς
1150 4381 1274 4440 τοὺς
1322 4376 1472 4442 παρὰ
1533 4369 1831 4444 Βαρϐάρων

269 4470 667 4539 κατεχομένους
696 4469 914 4536 θρόνους
966 4469 1167 4530 αὐτῶν,
1215 4468 1346 4536 μηδὲ
1377 4466 1466 4518 τὸν
1494 4465 1586 4518 τοῦ
1621 4481 1828 4534 μαρτυ-
1861 4449 1909 4508 D

269 4560 389 4630 ρίου
419 4557 870 4627 προαρπάζοντας
922 4559 1204 4624 στέφανον.
1252 4557 1336 4614 Ὠς
1364 4557 1411 4607 εί
1443 4553 1541 4624 μὲν
1563 4554 1670 4606 είσὶ
1708 4553 1827 4604 λαῖ-

268 4648 356 4700 κολ⁵
380 4649 427 4700 oi
449 4646 669 4699 τοιαῦτα
701 4645 841 4698 καθά
877 4662 928 4695 τι
964 4647 1190 4713 μάταιον
1244 4645 1515 4712 ἁμὸλωμα
1550 4642 1690 4694 κατὰ
1722 4642 1829 4694 τῶν

267 4739 439 4806 ἁγίων
460 4737 710 4805 κεφαλῶν
740 4735 1121 4805 ὡδινήσαντες,
1155 4734 1480 4802 συγγνώμης
1510 4732 1833 4800 ἀξιωθήσον-

267 4847 358 4881 ται
383 4829 522 4881 κατὰ
549 4828 744 4897 πολλὴν
772 4826 1091 4878 ἐπιείκειαν.
1126 4825 1434 4896 Γέγραπται
1461 4824 1588 4893 γάρ·
1618 4823 1691 4875 0'5
1723 4821 1828 4890 χρὴ

279 4923 549 4989 Ῥωμαῖον
594 4919 760 4988 ἄνδρα
791 4919 985 4988 νόμους
1019 4918 1236 4986 (ταύτὸν
1265 4915 1309 4967 δ’
1359 4915 1501 4968 ἔστιν
1533 4915 1706 4966 εἰπεῖν
1739 4913 1829 4965 καὶ

265 5011 520 5079 κανόνας)
549 5013 781 5076 ἀγνοεῖν.
826 5011 947 5060 ’Ότι
985 5009 1087 5060 κᾶν
1123 5005 1392 5076 χειρῶναξ
1425 5007 1507 5066 τίς
1545 5008 1683 5066 ἔστι,
1723 5003 1828 5057 κᾶν

264 5102 498 5169 σύρφαξ,
528 5101 738 5154 οίκοθεν
762 5100 952 5152 εἰδέναι
972 5101 1162 5167 νόμους
1186 5097 1218 5166 ἢ
1263 5097 1488 5159 κανόνας
1521 5096 1593 5166 μὴ
1622 5112 1831 5164 συγχω-

257 5195 526 5267 ρούμενός
580 5197 748 5256 ἐστιν,
817 5192 928 5246 ἀλλ’
983 5194 1029 5243 oi
1065 5191 1284 5252 τούτους
1319 5190 1457 5242 κατὰ
1511 5189 1828 5251 σπουδαίους

259 5283 757 5354 ἀργυρογνώμονας
792 5283 1224 5352 μεταλλεύοντες,

303 5378 504 5430 Ὄσσα
529 5393 592 5428 τε
614 5379 818 5444 φύλλα
848 5380 948 5430 καὶ
975 5379 1155 5432 ἄνθεα
1178 5379 1396 5446 γίνεται
1420 5379 1616 5445 εἴαρος
1639 5378 1760 5446 ὥρῃ
1784 5397 1795 5410 ·

1934 3202 2097 3256 deant
2137 3201 2797 3272 Constantinopolitanum
2832 3205 2982 3257 nullo
3033 3219 3186 3273 papae
3218 3204 3503 3274 privilegio

1947 3301 2117 3346 semet
2175 3301 2459 3346 ornantem
2522 3296 2761 3362 (quippe
2831 3310 2929 3348 nec
2990 3295 3140 3362 regni
3215 3304 3504 3346 coronatur

1936 3383 2128 3445 fascia,
2162 3385 2460 3438 secundum
2505 3385 2579 3446 id,
2614 3386 2758 3454 quod
2795 3386 2968 3439 sancti
3013 3384 3357 3438 Constantini
3395 3392 3506 3438 sta-

1938 3480 2114 3525 tutum
2139 3489 2258 3527 esse
2290 3483 2532 3537 putatur,
2572 3489 2670 3528 nec
2721 3491 2841 3528 cum
2883 3475 3154 3527 coccineis
3191 3472 3411 3532 calceis,
3444 3482 3504 3526 nt

1941 3564 2141 3619 ibidem
2191 3546 2468 3628 sancitur;
2503 3567 2647 3618 velut
2690 3566 2742 3617 in
2790 3567 3101 3633 spectaculo
3143 3575 3310 3618 semet
3356 3565 3510 3617 exhi-

1947 3655 2075 3717 bet;
2109 3669 2206 3708 nec
2247 3653 2394 3706 aliud
2427 3655 2658 3722 denique
2692 3655 2879 3709 Roma:
2926 3655 3124 3708 veteris
3157 3670 3305 3723 papa:
3340 3655 3510 3719 privi-

1943 3743 2143 3812 legium
2171 3754 2392 3811 usurpat
2424 3760 2438 3795 :
2475 3745 2704 3812 ideoque
2733 3753 2878 3798 stant
2913 3747 3074 3813 pedes
3106 3746 3228 3813 ejus
3259 3745 3310 3797 in
3339 3746 3508 3798 recti-

1936 3835 2221 3898 tudine,et
2250 3841 2409 3903 caput
2439 3834 2557 3903 ejus
2590 3837 2878 3905 omnigena
2913 3838 3218 3906 prudentia,
3241 3835 3506 3903 quemad-

1935 3927 2154 3978 modum
2235 3924 2464 3978 Davides
2529 3927 2810 3994 l0quitnr,
2880 3929 3144 3980 incanuit.
3227 3927 3370 3978 Idem
3443 3939 3512 3978 ne

1935 4017 2370 4085 subscriptiones
2399 4017 2616 4084 quidem
2667 4033 2797 4071 snas
2847 4019 3159 4086 magnificas
3194 4016 3343 4076 facit,
3389 4021 3512 4066 tan-

1937 4123 2098 4177 quam
2129 4118 2284 4175 pater
2319 4109 2677 4172 universalis;
2711 4109 2833 4160 licet
2862 4122 2888 4158 a
2921 4107 3074 4160 nobis
3108 4108 3177 4159 ita
3210 4114 3432 4158 vocetur
3455 4113 3510 4158 et

1935 4198 2242 4252 celebretur
2295 4197 2567 4266 (equidem
2597 4198 2662 4250 de
2695 4197 2796 4249 hoc
2843 4197 3306 4264 disquisitionem,
3365 4197 3512 4249 velut

1933 4290 2332 4360 infrugiieram,
2360 4289 2647 4343 instituere
2707 4289 3057 4357 supersedeo.
3094 4288 3294 4342 Facere
3330 4297 3512 4341 tamen

1934 4395 2041 4434 non
2085 4395 2326 4449 possum,
2362 4381 2493 4448 quin
2548 4379 2615 4434 iis
2671 4379 3030 4447 respondeam
3065 4419 3078 4444 ,
3120 4380 3214 4446 qui
3253 4381 3512 4430 audacter

1937 4470 2254 4541 pra-dicant,
2291 4485 2318 4522 a
2351 4469 2612 4537 dignitate
2641 4470 2984 4537 patriarclrali
3019 4467 3378 4522 removendos
3403 4468 3513 4519 An-

1939 4562 2251 4615 tiochenum
2283 4571 2339 4614 et
2364 4559 2937 4628 Ilierosolymitanum.
2966 4559 3178 4628 Quippe
3208 4558 3512 4611 canonibns

1944 4664 2206 4710 statutum
2242 4662 2346 4716 est,
2381 4653 2655 4721 inquiunt,
2704 4667 2768 4704 ne
2802 4651 3018 4719 quidem
3052 4651 3193 4702 inter
3227 4649 3513 4717 pontiﬁces

1936 4742 2302 4798 recensendos
2348 4757 2492 4805 esse,
2528 4742 2621 4810 qui
2657 4757 2766 4794 non
2807 4741 2885 4791 vel
2915 4747 3162 4792 extremo
3198 4754 3320 4791 cum
3356 4737 3508 4804 peri-

1936 4835 2059 4888 culo
2091 4850 2149 4888 sc
2178 4833 2472 4888 conferant
2503 4833 2568 4885 ad
2595 4832 2824 4886 thronos
2857 4845 2986 4883 suos
3012 4844 3038 4880 a
3066 4828 3317 4880 Barbaris
3346 4843 3510 4880 occu-

1936 4936 2114 4995 patos,
2145 4942 2244 4980 nec
2273 4926 2517 4995 martyrii
2559 4938 2817 4978 coronam
2867 4921 3197 4990 praeripiam.
3244 4918 3508 4971 Nimirum

1938 5017 1985 5072 si
2024 5017 2150 5070 laici
2198 5026 2350 5078 sunt,
2402 5016 2492 5082 qui
2534 5014 2658 5065 talia
2709 5013 2874 5065 Veluti
2918 5012 3175 5065 stolidum
3219 5011 3506 5077 quemdam

1938 5110 2188 5162 abortum
2217 5109 2479 5161 adversus
2506 5120 2658 5158 sacra
2686 5116 2872 5159 sancta
2902 5109 3079 5172 capita
3113 5103 3506 5170 parturivi-unt,

1939 5199 2148 5253 veniam
2199 5198 2549 5251 merebuntur
2593 5213 2656 5250 es
2730 5196 2994 5263 singulari
3040 5196 3272 5260 quadam
3320 5201 3505 5243 nostra

1941 5289 2333 5344 moderatione.
2365 5287 2707 5354 Cacteroquin
2742 5289 2883 5340 enim
2919 5287 3177 5352 scriptum
3211 5289 3291 5334 est
3327 5296 3340 5334 :
3396 5277 3507 5328 Ilo-

1939 5384 2136 5435 minem
2171 5379 2471 5432 Romanum
2504 5379 2754 5447 ignorare
2787 5379 2928 5447 leges
2964 5377 3124 5442 (idem
3156 5382 3207 5426 et
3236 5373 3300 5424 de
3335 5386 3506 5423 cano-

263 5467 420 5521 nibus
453 5468 765 5537 dicendum)
806 5485 912 5523 non
981 5479 1211 5538 oportet.
1252 5469 1461 5537 Quippe
1527 5472 1652 5525 licet
1688 5474 1886 5542 aliquis
1929 5473 2246 5526 manuarius
2269 5471 2340 5524 sit
2374 5469 2574 5538 opifex,
2603 5480 2653 5523 et
2680 5486 2741 5521 ex
2779 5469 2960 5522 intima
2993 5466 3119 5518 faece
3153 5463 3346 5532 plebis.
3371 5464 3498 5526 quin

261 5561 407 5626 leges
439 5569 532 5613 aut
563 5575 800 5614 canones
836 5577 930 5630 per
971 5578 1027 5616 se
1065 5564 1230 5622 norit,
1302 5563 1513 5616 veniam
1599 5566 1889 5632 impetrare
1931 5579 2037 5618 non
2089 5571 2269 5632 potest
2318 5581 2331 5616 :

2375 5578 2496 5616 cum
2543 5564 2634 5629 qui
2685 5565 2827 5629 leges
2899 5568 2949 5612 ct
2999 5570 3260 5620 canones,
3325 5553 3494 5608 instat

261 5649 649 5705 industriorum
702 5653 908 5720 argenti
962 5655 1392 5722 exploratorum,
1436 5654 1783 5720 investigant,
1833 5655 1886 5708 in
1929 5655 2030 5707 hac
2059 5655 2192 5708 urbe
2235 5654 2377 5722 regia
2414 5662 2489 5705 tot
2520 5655 2647 5710 sint.

1196 5745 1332 5804 Quot
1361 5743 1488 5806 folia
1519 5754 1563 5795 ct
1593 5746 1745 5813 ﬂores
1773 5755 2058 5799 nascuntur
2092 5755 2314 5812 tempore
2344 5762 2495 5798 t't't'no
2532 5761 2549 5796 :
