4004 6440
551 335 677 401 1031

1787 347 1881 406 ῚΙΙ
1893 346 2054 410 EOD.
2100 346 2330 406 BALSA
2342 348 2493 408 illth
2508 349 2573 408 lS

3619 349 3760 418 [0’22

541 461 634 527 qui
669 459 882 526 quidem
916 460 1093 514 cuivis
1123 459 1188 512 ad
1219 471 1434 512 manum
1473 467 1614 522 sunt,
1661 466 1916 525 tanquam
1952 458 2077 511 libe-

2196 459 2340 526 παρὰ
2372 460 2541 527 ταύτῃ
2569 461 2635 527 τῇ
2677 441 3025 526 βασιλευούσῃ
3078 457 3184 508 τῶν
3212 457 3420 509 πόλεων
3476 459 3756 526 καθεστή-

541 538 654 601 rale
693 549 963 617 quoddam
1010 558 1063 602 et
1109 549 1257 601 nullo
1310 560 1563 602 constans
1609 550 1780 615 pretio
1822 549 2086 616 epulum:

539 652 715 703 neque
762 637 984 688 dubium
1038 645 1142 698 est,
1187 637 1318 703 quin
1373 636 1562 688 horum
1615 637 1872 688 doctrina
1915 634 2090 689 mulso

540 729 852 780 dulcescere
891 729 1062 794 possit
1093 728 1318 780 istorum
1350 725 1704 795 ignorationis
1731 724 2086 779 absinthium.

548 816 642 866 Sin
678 825 856 867 autem
888 831 1046 868 sacro
1088 816 1398 881 pontiﬁcum
1433 815 1679 883 catalogo
1715 817 2086 877 continemur,

543 902 726 955 babae!
761 919 994 970 quonam
1038 903 1196 956 modo
1222 905 1343 970 quis
1367 906 1556 958 horum
1587 905 2086 958 condemnationem

539 1006 597 1041 ex
613 991 1094 1054 presserit?Quam
1135 992 1278 1044 enim
1321 993 1613 1045 mercbitur
1643 993 1688 1045 is
1716 992 1950 1052 veniam,
1994 991 2086 1059 qui

540 1096 662 1131 eum
694 1097 751 1134 se
775 1097 1011 1134 canones
1040 1083 1233 1136 docere
1263 1083 1594 1149 proﬁteatur,
1621 1097 1889 1135 canonum
1909 1091 2085 1135 tamen

539 1169 841 1221 crassitiem
899 1185 1004 1221 non
1043 1171 1206 1233 videt,
1257 1186 1378 1238 qua:
1421 1172 1598 1238 ipsum
1650 1186 1814 1238 prope
1851 1181 2085 1223 montem

540 1260 714 1309 Athon
778 1260 1041 1325 superat?
1100 1258 1334 1312 Omnino
1382 1260 1603 1311 nullam.
1653 1259 1762 1312 lmo
1812 1260 1987 1327 potius
2022 1274 2086 1312 ex

537 1348 895 1412 omnipotenti
960 1349 1064 1401 Deo
1099 1349 1294 1400 audiet.
1333 1347 1408 1400 Tu
1467 1349 1698 1415 rejecisti
1723 1348 2010 1414 justitiam,
2036 1357 2085 1399 et

540 1450 638 1502 ego
669 1435 909 1502 rejiciam
947 1444 1017 1498 te,
1051 1453 1117 1488 ne
1150 1437 1282 1488 mihi
1316 1437 1392 1490 sis
1421 1438 1694 1490 sacerdos.
1745 1436 2088 1504 QuaprOpter

538 1525 684 1574 omni
713 1525 778 1576 de
822 1526 921 1576 hoc
956 1526 1298 1576 contentione
1331 1525 1556 1586 omissa,
1591 1526 1794 1592 scripto
1834 1526 2084 1593 praesenti

537 1612 602 1662 ad
634 1614 933 1665 tollendum
960 1628 1118 1666 omne
1153 1614 1468 1665 scandalum
1507 1615 1742 1666 inseram
1777 1630 1956 1669 xum
1995 1630 2088 1667 ca—

538 1712 730 1751 nonem
766 1713 966 1753 coactae
992 1701 1042 1752 in
1086 1701 1265 1768 magni
1311 1702 1495 1768 palatii
1539 1700 1723 1755 Trullo
1775 1714 1977 1757 sanctzc
2019 1717 2083 1757 ac

538 1793 860 1846 universalis
887 1795 1100 1862 synodi.
1128 1811 1247 1860 qua:
1281 1797 1466 1858 quinta
1497 1803 1548 1847 et
1583 1805 1730 1848 sexta
1760 1797 1861 1849 dici
1891 1797 2030 1850 solet
2065 1815 2078 1851 :

536 1880 626 1945 qui
657 1895 787 1932 sane
816 1897 987 1934 canon
1014 1885 1084 1935 ita
1119 1893 1273 1936 sonat
1305 1885 1366 1936 ad
1403 1886 1623 1936 verbum
1653 1903 1665 1936 :
1707 1886 1844 1949 Quia
1868 1885 2083 1940 diversis

538 1969 848 2034 temporibus
908 1970 1258 2024 Barbarorum
1336 1974 1700 2038 impressiones
1765 1976 2083 2041 acciderunt,

534 2062 584 2102 et
625 2053 774 2104 urbes
831 2055 945 2106 hinc
987 2059 1226 2124 plurimm
1276 2061 1498 2113 redacta:
1551 2071 1670 2113 sunt
1704 2066 1756 2112 in
1784 2071 2085 2128 potestatem

535 2142 834 2208 impiorum,
868 2146 942 2196 ita
980 2155 1034 2197 ut
1079 2149 1314 2213 deinceps
1359 2151 1515 2216 hujus
1548 2152 1672 2204 talis
1709 2153 1851 2204 urbis
1895 2169 2084 2220 praeses

530 2243 646 2296 post
675 2236 1050 2288 ordinationem
1079 2253 1227 2290 suam
1267 2255 1365 2289 non
1392 2244 1617 2302 potuerit
1645 2242 1884 2294 thronum
1934 2260 2085 2296 suum

532 2323 780 2384 accipere.
831 2335 985 2392 atque
1036 2327 1086 2377 in
1142 2343 1199 2378 eo
1258 2344 1350 2394 pro
1407 2331 1701 2381 conditione
1771 2317 2089 2386 sacerdotali

529 2412 803 2472 collocari.
861 2405 908 2466 ei
952 2431 1048 2467 usu
1086 2426 1289 2481 recepta
1342 2421 1716 2472 consuetudine
1763 2430 1870 2472 tam
1937 2423 2082 2473 ordi-

530 2501 785 2563 nationes,
835 2518 992 2568 quam
1043 2505 1153 2555 alia
1211 2507 1406 2568 omnia,
1467 2524 1580 2574 quce
1620 2509 1687 2559 ad
1717 2510 2085 2575 episcopiper-

529 2589 696 2640 tinent
734 2591 976 2657 oﬁicium,
1010 2595 1254 2659 perﬁcere
1280 2607 1433 2657 atque
1470 2611 1707 2650 exercere
1733 2614 1751 2650 :
1787 2616 1879 2651 nos
1912 2600 2083 2668 digni-

530 2689 688 2729 tatem
726 2689 773 2731 et
806 2683 1184 2734 venerationem
1211 2684 1490 2737 sacerdotii
1518 2696 1738 2748 tuentes.
1773 2691 2084 2753 minimeque

528 2767 772 2828 uolentes,
810 2780 864 2820 ut
889 2771 1088 2831 iniuria
1125 2788 1450 2838 paganorum
1478 2775 1688 2840 juribus
1714 2780 2082 2833 ecclesiasticis

527 2857 836 2911 detrimento
899 2864 992 2917 sit.
1052 2864 1104 2913 in
1158 2866 1291 2914 hunc
1347 2865 1557 2916 modum
1608 2868 1886 2928 ordinatis,
1935 2878 1983 2921 et
2019 2871 2081 2921 ob

527 2965 742 2999 causam
781 2966 937 3016 supra
965 2954 1190 3014 positam
1221 2954 1429 3007 thronos
1469 2973 1591 3008 suos
1631 2973 1732 3010 non
1761 2959 2078 3024 possidenti-

2195 563 2337 609 κασι,
2372 547 2461 598 καὶ
2489 548 2802 614 πρόκεινται
2826 545 2903 614 τῷ
2926 546 3234 614 βουλομένῳ
3276 546 3436 598 παντὶ
3467 547 3758 614 φιλότιμος

2191 636 2478 687 πανδαισία
2525 636 2618 687 καὶ
2647 636 3118 704 άπραγμάτευτος,
3149 637 3245 686 καὶ
3295 635 3518 696 πάντως
3542 637 3622 704 τῷ
3654 653 3757 704 με·

2190 724 2426 792 λικράτῳ
2464 723 2551 792 τῆς
2577 724 2924 786 διδασκαλίας
2964 719 3142 775 αὐτῶν
3195 723 3508 792 ὲμελιτὼθη
3561 725 3624 776 τὸ
3653 725 3758 790 τῆς

2189 813 2404 880 ἀγνοίας
2437 814 2656 865 ἐκείνων
2689 813 2949 880 άψίνθιον.
2981 813 3043 864 Et
3076 813 3131 863 δὲ
3149 813 3242 864 τοῦ
3278 814 3424 865 θείου
3448 815 3759 878 καταλόγου

2189 901 2295 952 τῶν
2324 902 2618 970 ἀρχιερέων
2648 903 2773 965 stat,
2804 902 2999 968 βαδαίί
3038 902 3155 963 πῶς
3176 902 3241 954 ἄν
3259 918 3344 964 τις
3377 905 3510 972 εῐπῃ
3551 903 3646 954 καὶ
3675 903 3761 952 δι-

2189 991 2562 1060 ηγήσεταιτὴν
2585 992 2926 1060 ἐπαγομένην
2954 992 3160 1052 τούτοις
3191 993 3518 1061 κατάκρισιν
3541 1009 3556 1055 ;
3586 992 3756 1053 Ποίας

2189 1062 2654 1146 γὰρ’συγγνώμης
2715 1079 3075 1148 ἀξιωθήσεται
3123 1083 3152 1131 6
3197 1079 3472 1132 διδάσκειν
3520 1063 3760 1140 κανόνας

2189 1166 2671 1234 ἐπαγγειλάμενος,
2701 1172 2793 1220 καὶ
2823 1169 3061 1220 κανόνων
3099 1169 3173 1237 μὴ
3205 1168 3421 1237 βλέπων
3439 1170 3758 1237 παχύτητα,

2187 1253 2276 1303 τὸν
2319 1253 2497 1304 ’Δθων
2531 1256 2691 1307 αὐτὸν
2716 1256 2897 1323 σχεδὸν
2927 1256 3391 1324 ὑπερθαίνουσαν;
3424 1255 3652 1318 Πάντως
3668 1259 3763 1307 οὑ-

2185 1340 2400 1406 δεμιᾶςο
2429 1341 2649 1393 ἀκούσει
2686 1344 2742 1394 δὲ
2767 1345 2865 1411 μᾶ)
2877 1344 2966 1396 λον
2991 1345 3099 1396 ἀπὸ
3120 1344 3254 1396 Θεοῦ
3290 1346 3759 1414 παντοκράτορος·

2188 1428 2258 1478 Σὺ
2292 1428 2493 1481 ἀπώσω
2519 1430 2885 1500 δικαιοσύνην,
2931 1433 3086 1499 κάγὼ
3113 1433 3413 1502 άπώσομαί
3449 1451 3509 1484 σε
3554 1434 3645 1484 τοῦ
3682 1435 3762 1501 μὴ

2190 1517 2481 1583 ἱερατεύειν
2516 1536 2625 1583 μοι.
2661 1521 2820 1574 Ὅθεν
2853 1522 2949 1590 τὴν
2984 1524 3111 1591 περὶ
3143 1523 3331 1573 τούτου
3384 1523 3586 1588 πολλὴν
3613 1525 3766 1574 ἀντι-

2187 1606 2372 1674 λογίαν
2405 1611 2732 1672 καταλιπὼν,
2783 1617 3213 1681 καταστρωννύω
3243 1616 3380 1682 πρὸς
3414 1615 3764 1683 περιαίρεσιν

2190 1698 2484 1750 σκανδάλου
2517 1703 2714 1763 παντὸς
2739 1706 2802 1772 τῇ
2832 1704 3080 1774 παρούσῃ
3107 1708 3288 1774 γραφῇ
3325 1706 3416 1756 τὸν
3445 1705 3523 1768 λζ’
3557 1707 3764 1757 κανόνα

2118 1756 2159 1809 Β
2189 1784 2283 1850 τῆς
2313 1786 2370 1836 ὲν
2390 1787 2467 1854 τῷ
2497 1756 2747 1857 Τρούλλιρ
2778 1756 2888 1842 ’τοῦ
2913 1756 3158 1859 Ιμεγάλου
3187 1756 3452 1844 παλατίου
3484 1756 3767 1861 συστάσης

2185 1877 2342 1943 ἁγίας
2368 1878 2458 1930 καὶ
2489 1879 2871 1947 οίκουμενικῆς
2899 1881 3115 1932 συνόδου
3143 1881 3241 1950 τῆς
3271 1881 3575 1950 λεγομένης
3598 1883 3766 1934 πενθ-

2197 1965 2382 2034 έκτης,
2419 1966 2589 2029 οὕτως
2619 1969 2712 2020 ἐπὶ
2738 1969 2931 2032 λέξεως
2958 1969 3172 2038 ἔχοντα⁸
3191 1970 3429 2037 Ἐπειδὴ
3460 1972 3615 2024 κατὰ
3635 1971 3768 2022 δια-

2185 2056 2405 2122 φόρους
2420 2056 2659 2123 καιροὺς
2672 2059 3024 2124 ,ϐαρϐαρικαὶ
3049 2063 3373 2128 γεγόνασιν
3399 2061 3628 2129 ἔφοδοι,
3656 2063 3764 2113 καὶ

2186 2146 2460 2198 πλεῖσται
2471 2147 2675 2212 πόλεις
2689 2147 2967 2201 ἐντεῦθεν
2988 2153 3320 2218 ὑποχείριοι
3352 2151 3479 2213 τοῖς
3509 2153 3765 2218 ἀνόμοις

2186 2234 2584 2300 κατέστησαν,
2619 2237 2699 2300 ὡς
2724 2238 3001 2291 ἐντεῦθεν
3017 2238 3102 2306 μὴ
3135 2238 3472 2304 δυνηθῆναι
3505 2240 3613 2290 τὸν
3649 2238 3764 2302 τῆς

2185 2327 2462 2390 τοιαύτης
2505 2327 2734 2391 πόλεως
2774 2328 3060 2395 πρόεδρον
3113 2330 3265 2396 μετὰ
3302 2329 3417 2396 τὴν
3446 2329 3542 2381 ἐπ’
3590 2328 3760 2391 αὐτῷ

2187 2415 2552 2482 χειροτονίαν
2578 2417 2684 2468 τὸν
2717 2418 2934 2470 οἰκεῖον
2967 2420 3185 2484 θρόνον
3214 2420 3602 2483 καταλαϐεῖν,
3655 2420 3762 2470 καὶ

2186 2505 2254 2554 ἐν
2283 2503 2442 2566 αὐτῷ
2489 2504 2749 2572 ιερατικῇ
2811 2506 3172 2560 καταστάσει
3219 2508 3625 2575 ἐνιδρυθῆναι,
3657 2506 3765 2559 καὶ

2185 2592 2336 2643 οὕτω
2401 2592 2548 2643 κατὰ
2600 2593 2668 2645 τὸ
2698 2593 3005 2659 κρατῆσαν
3043 2596 3181 2659 ἔθος
3215 2596 3323 2660 τὰς
3359 2598 3760 2664 χειροτονίας,

2187 2680 2284 2732 καὶ
2311 2679 2524 2744 πάντα,
2569 2681 2606 2734 d
2650 2680 2728 2746 τῷ
2751 2683 3059 2748 ἐπισκόπῳ
3107 2684 3339 2751 ἀνήκει,
3384 2687 3669 2752 πράττειν
3694 2703 3762 2738 τε

2186 2772 2281 2823 καί
2333 2773 2863 2840 μεταχειρίζεσθαι,
2920 2773 3087 2843 ἡμεῖς·
3116 2775 3182 2827 τὸ
3219 2777 3410 2844 τίμιον
3447 2779 3545 2830 καί
3582 2778 3763 2831 σεϐά-

2186 2876 2362 2927 σμιον
2393 2861 2468 2928 τῇ
2523 2865 2814 2931 ἱερωσύνῃ
2859 2865 3285 2932 φυλάττοντες,
3333 2868 3433 2919 καί
3471 2868 3762 2936 μηδαμῶς

2184 2952 2330 3018 ,πρὸς
2357 2954 2558 3019 λύμην
2605 2952 2722 3005 τῶν
2765 2955 3285 3020 ἐκκλησιαστικῶν
3340 2956 3590 3009 δικαίων
3642 2959 3763 3022 τὴν

529 3036 654 3097 bus,
676 3038 765 3102 jus
807 3053 960 3088 suum
996 3042 1188 3106 absque
1214 3041 1520 3106 prejudicio
1557 3045 1631 3095 sic
1666 3047 2077 3099 conservandum

2183 3043 2428 3111 ἐθνικὴν
2467 3045 2746 3110 ἐπήρειαν
2789 3045 3152 3112 ἐνεργεῖσθαι
3180 3049 3587 3114 βουλόμενοι,
3626 3048 3762 3112 τοῖς

526 3123 862 3186 dccrevimus,
893 3135 948 3176 ut
976 3137 1024 3179 et
1050 3129 1402 3182 ordinationes
1427 3131 1747 3183 diversorum
1777 3134 2079 3188 clericorum

518 3213 680 3278 juxta
710 3229 933 3267 canones
966 3216 1266 3278 instituant,
1302 3229 1346 3269 et
1383 3222 1696 3272 auctoritate
1735 3222 2081 3286 prmsidentite

528 3304 808 3354 secundum
839 3305 1046 3356 modum
1079 3306 1349 3374 fruantur,
1387 3325 1446 3360 ac
1470 3309 1688 3376 denique
1707 3311 1862 3376 ﬁrma
1885 3321 1932 3364 et
1960 3323 2081 3365 rata

527 3394 597 3442 sit
629 3397 796 3444 omnis
824 3396 886 3444 ab
921 3395 1049 3457 ipsis
1080 3396 1312 3461 profecta
1342 3399 1760 3452 administratio.
1792 3398 1911 3454 Non
1941 3403 2077 3454 enim

527 3485 862 3532 accuratione
907 3499 999 3549 per
1042 3486 1365 3537 necessitatis
1418 3496 1617 3550 tempus
1656 3490 2076 3558 circumscripta,

525 3566 609 3618 (ea:
640 3569 1039 3634 dispensationis
1070 3574 1121 3624 in
1162 3586 1436 3642 angustum
1466 3588 1692 3645 cogetur.

2183 3133 2333 3184 οὓτω
2372 3132 2859 3201 χειροτονηθεῖσι,
2907 3135 3004 3187 καί
3053 3135 3149 3188 διὰ
3181 3136 3299 3202 τὴν
3349 3136 3764 3206 προκειμένην

2182 3223 2375 3275 αιτίαν
2399 3222 2610 3287 ἐντοῖς
2659 3223 2885 3275 ἑαυτῶν
2926 3223 3010 3290 μὴ
3056 3225 3462 3291 ἐγκαταστᾶσι
3500 3229 3762 3293 θρόνοις,

2181 3313 2247 3364 τὸ
2271 3313 2772 3380 ἀποκριμάτιστον
2786 3313 3231 3381 συντηρηθῆναι
3254 3318 3722 3384 συνεωράκαμεν
3745 3334 3760 3348 ο

2181 3400 2334 3454 ὥστε
2366 3402 2461 3454 καί
2490 3405 2854 3470 χειροτονίας
2903 3403 3199 3470 διαφόρων
3242 3405 3549 3472 κληρικῶν
3577 3423 3764 3459 κανο-

2184 3491 2364 3554 νικῶς
2419 3492 2629 3556 ποιεῖν,
2673 3493 2771 3544 καί
2822 3491 2896 3559 τῇ
2944 3492 3053 3559 τῆς
3092 3495 3440 3561 προεδρείας
3473 3499 3760 3562 aii-0min

2186 3582 2334 3634 κατὰ
2356 3583 2461 3634 τὸν
2511 3582 2664 3635 ἴδιον
2689 3584 2828 3649 ὅρον
2871 3583 3216 3651 κεχρῆσθαι,
3252 3585 3351 3637 καὶ
3376 3587 3635 3648 ,βεϐαίαν
3657 3598 3762 3644 καὶ

522 3662 960 3743 νενομισμένην
995 3661 1144 3715 εἶναι
1178 3665 1380 3719 πᾶσαν
1413 3667 1726 3720 ὐπάὑτῶν
1747 3670 2076 3734 προϊοῦσαν
2114 3671 2433 3736 διοίκησιν.
2472 3674 2552 3725 Οὐ
2595 3671 2703 3739 γὰρ
2730 3673 2847 3726 ἀπὸ
2907 3674 3010 3726 τοῦ
3075 3675 3186 3742 τῆς
3226 3676 3496 3742 ἀνάγκης
3543 3677 3760 3743 καιροῦ

523 3741 631 3806 τῆς
654 3746 945 3813 ἀκριϐείας
985 3756 1462 3819 περιγραφείσης,
1514 3758 1546 3808 ὀ
1581 3755 1686 3822 τῆς
1741 3760 2078 3824 οἰκονομίας
2117 3759 2254 3826 ὄρος
2277 3763 2809 3828 περιορισθήσεται.

599 3835 798 3889 Ρτᾶξῑει·
848 3839 991 3893 hunc
1042 3858 1170 3893 vero
1225 3860 1508 3907 canonem,
1563 3849 1767 3915 scripto
1822 3852 2070 3916 praesenti

2237 3852 2338 3904 Σὺν
2371 3851 2447 3918 τῷ
2485 3852 2705 3920 τοιούτῳ
2732 3853 2785 3902 δὲ
2813 3854 2991 3904 κανόνι
3014 3855 3347 3906 άναδιδάσκω
3408 3856 3535 3914 τοὺς
3563 3857 3758 3917 ἐντυγ-

525 3923 756 3979 lectores
787 3943 1002 3987 moneo.
1035 3932 1198 3985 etiam
1248 3936 1484 3988 edictum
1537 3939 1808 4005 quoddam
1857 3949 2072 3994 exstare

2183 3943 2432 4008 (ἀνοντας
2486 3945 2552 4010 τῇ
2602 3942 2850 4010 παρούσῃ
2905 3947 3087 4010 γραφῇ
3119 3983 3134 4006 ,
3171 3943 3246 4003 ὡς
3297 3944 3390 3993 καὶ¹
3446 3943 3756 4010 πρόσταξις

528 4016 1252 4085 memorandiimperatoris,
1303 4023 1503 4077 domini
1553 4026 1727 4079 Alexii
1788 4027 2070 4092 Comneni,

526 4114 714 4155 mense
745 4103 1032 4159 Novembri
1059 4110 1308 4163 secundae
1350 4112 1659 4169 indictionis
1712 4117 2067 4183 publicatum,

2172 4031 2289 4080 ἔστι
2356 4028 2448 4080 τοῦ
2506 4028 2747 4096 ἀοιδίμου
2800 4027 3061 4096 βασιλέως
3119 4028 3288 4096 κυροῦ
3354 4028 3595 4093 Ἀλεξίου
3651 4030 3753 4081 τοῦ

2171 4117 2478 4185 Κομνηνοῦ,
2533 4118 2672 4169 κατὰ
2700 4117 2790 4168 τὸν
2830 4116 3135 4186 Νοέμῦριον
3172 4118 3317 4184 μῆνα
3355 4121 3455 4186 τῆς
3485 4119 3755 4186 δευτέρας

527 4201 590 4240 ac
623 4190 904 4247 hscalihus
943 4204 995 4248 et
1050 4200 1438 4256 ecclesiasticis
1498 4206 1724 4258 secretis
1781 4207 2065 4270 insertum,

2183 4208 2544 4275 ὲπινεμήσεως
2589 4208 2938 4271 ἀπολυθεῖσα,
2977 4209 3069 4258 καὶ
3107 4210 3218 4268 τοῖς
3258 4208 3616 4275 δημοσιακοίς
3650 4212 3752 4260 καὶ

523 4280 664 4344 quod
699 4284 888 4333 statuit
918 4284 1048 4350 (60),
1078 4303 1183 4340 non
1229 4293 1406 4342 solum
1458 4293 1653 4346 debere
1708 4297 1844 4346 citra
1898 4296 2063 4348 ullum

523 4367 961 4436 impedimentum
985 4375 1105 4442 eligi
1135 4379 1416 4442 pontiﬁces
1464 4381 1516 4431 in
1560 4382 1849 4437 Orientales
1881 4384 2068 4438 Eccle-

521 4459 652 4514 sias.
706 4472 734 4508 a
789 4462 1010 4524 paganis
1056 4476 1359 4529 possessas,
1415 4467 1537 4519 licet
1601 4469 1660 4529 ii,
1706 4471 1796 4535 qui
1852 4479 1914 4521 ad
1977 4487 2068 4524 eas

520 4551 929 4610 renuntiantur,
961 4567 1098 4618 quos
1154 4557 1328 4606 sortiti
1373 4566 1499 4609 sunt
1535 4558 1760 4611 thronos
1822 4563 2070 4628 accipere

523 4645 793 4700 nequeant
859 4650 1075 4707 propter
1127 4645 1385 4695 malitiam
1452 4661 1817 4714 paganorum:
1882 4666 2065 4702 verum

519 4726 680 4774 etiam
737 4728 878 4792 quod
935 4740 1054 4796 post
1099 4732 1496 4788 ordinationem
1562 4738 1755 4794 habere
1817 4741 2067 4806 debeant,

521 4825 862 4880 quzecunque
895 4828 1022 4871 ante
1073 4820 1218 4871 illam
1277 4822 1744 4893 Constantinopoli
1795 4828 2066 4881 habebant

522 4901 672 4964 iura:
742 4908 995 4959 nimirum
1067 4911 1342 4974 abhatias,
1416 4915 1821 4982 adelphatorum
1895 4934 2064 4972 anno-

524 5007 618 5044 nas
653 4993 782 5061 (6|),
815 5007 868 5047 et
901 4998 1126 5064 reliqua.
1179 5001 1350 5069 Atque
1411 5019 1509 5057 nos
1562 5008 1779 5072 quidem
1841 5011 1951 5060 haec
1994 5011 2064 5062 ila

523 5083 692 5148 rogati
729 5087 1161 5153 perscripsimus.
1191 5091 1458 5144 Caeterum
1491 5095 1630 5147 Dens
1666 5097 1752 5149 ille
1782 5099 1951 5164 pacis,
1974 5102 2064 5167 qui

523 5183 613 5232 per
670 5170 917 5226 Daridem
956 5181 1263 5243 prophetam
1313 5182 1484 5235 dixit:
1519 5184 1572 5236 Si
1627 5187 1856 5252 populus
1916 5205 2065 5242 meus

524 5271 786 5327 przrcepta
825 5279 939 5317 mea
972 5270 1287 5333 servaverit,
1323 5274 1372 5321 in
1411 5275 1554 5340 virga
1617 5275 1845 5328 visitabo
1879 5279 2063 5330 inimi-

517 5360 614 5400 cos
681 5367 897 5416 eorum,
964 5366 1015 5409 ct
1076 5358 1126 5410 in
1189 5358 1412 5429 ﬂagellis
1473 5365 1784 5432 iniquitates
1835 5383 2056 5428 eorum;

2174 4296 2644 4364 ὲκκλησιαστικοῖς
2679 4299 2956 4364 σεκρέτοις
3006 4297 3454 4362 καταστρωθεῖσα
3476 4336 3491 4359 ,
3526 4303 3620 4349 καὶ
3664 4299 3755 4350 δι-

2173 4390 2469 4459 οριζομένη
2500 4392 2572 4460 μὴ
2598 4393 2756 4460 μόνον
2775 4391 3263 4460 ἀπαρεμποδίστως
3280 4395 3560 4460 ἀρχιερεῖς
3583 4393 3757 4460 ψηφίο

2177 4480 2362 4543 ζεσθαι
2385 4482 2462 4542 είς
2484 4481 2580 4542 τὰς
2603 4482 2926 4543 ὰνατολικάς
2965 4479 3314 4550 Ἑκκλησίας,
3339 4481 3438 4540 τὰς
3469 4483 3620 4550 παρὰ
3641 4483 3756 4534 τῶν

2176 4570 2342 4621 ἐθνῶν
2383 4571 2782 4639 κατεχομένας,
2838 4572 2940 4624 κᾶν
2984 4573 3044 4623 οὐ
3091 4571 3346 4624 δύνανται
3381 4573 3430 4624 oi
3465 4575 3522 4624 ἐν
3555 4573 3753 4633 αὐταῖς

2177 4663 2654 4731 ἐπικηρυττόμενοι
2685 4663 3124 4732 καταλαμϐάνειν
3157 4665 3284 4725 τοὺς
3318 4663 3585 4733 λαχόντας
3620 4665 3754 4716 1:06-

2176 4769 2300 4814 τους
2327 4735 2545 4823 θρόνους
2579 4756 2667 4806 διὰ
2691 4758 2787 4822 τὴν
2819 4755 3037 4823 ὲθνικὴν
3060 4755 3279 4818 κακίαν,
3312 4756 3448 4807 ἀλλὰ
3482 4756 3577 4806 καὶ
3609 4754 3753 4822 μετά

2176 4841 2274 4908 τὴν
2309 4843 2638 4909 χειροτονίαν
2675 4842 2819 4910 ἔχειν
2865 4844 2964 4894 ὅσα
3009 4843 3114 4912 πρὸ
3159 4844 3366 4912 ταύτης
3404 4844 3561 4911 ἔσχον
3604 4844 3747 4895 κατὰ

2171 4930 2267 4996 τὴν
2299 4931 2656 4997 μεγαλόπολιν
2678 4933 2880 4984 δίκαια.
2923 4931 3312 4998 Ἦγουμενείας
3340 4932 3564 5000 δηλαδὴ,
3590 4932 3748 4984 ἅδε).-

2172 5021 2353 5082 φάτων
2383 5020 2662 5087 σιτηρέσια
2688 5060 2701 5083 ,
2737 5020 2830 5071 καὶ
2859 5021 3039 5072 λοιπά.
3082 5023 3190 5072 Καὶ
3234 5023 3398 5089 ἡμεῖς
3430 5021 3528 5089 μὲν
3560 5021 3748 5082 καθὼς

2212 5108 2512 5176 ξιώθημεν,
2547 5110 2718 5162 ταῦτα
2751 5113 3126 5177 γεγράφαμεν.
3176 5111 3235 5162 Ὀ
3283 5111 3339 5162 δὲ
3382 5112 3484 5177 τῆς
3517 5112 3746 5178 εἰρήνης

2173 5196 2322 5258 Θεός,
2349 5200 2374 5248 6
2404 5197 2570 5248 εἰπὼν
2601 5200 2685 5250 διὰ
2715 5199 2808 5251 τοῦ
2841 5201 3120 5268 προφήτου
3155 5200 3319 5251 Δαὸίδ
3348 5216 3361 5229 ·
3400 5201 3526 5251 Ἐαν
3553 5204 3581 5252 ὁ
3610 5202 3743 5260 λαός

2178 5303 2276 5351 μου
2307 5287 2399 5346 τὰς
2432 5288 2646 5349 ὲντολάς
2674 5305 2772 5355 μου
2799 5287 3028 5357 φυλάξῃ,
3065 5292 3120 5339 ὲν
3153 5288 3332 5357 ῥάϐδῳ
3357 5291 3482 5350 τοὺς
3509 5288 3740 5354 ἐχθροὺς

2178 5377 2353 5427 αὐτῶν
2384 5379 2766 5446 ἐπισκέψομαι,
2802 5380 2894 5431 καὶ
2926 5382 2981 5432 ὲν
3019 5381 3233 5446 μάστιξι
3260 5383 3358 5442 τὰς
3389 5381 3600 5440 ἀδικίας
3631 5379 3740 5432 αὖ·-

1997 5540 2226 5596 ΝΟΤΛΕ.

591 5608 704 5680 (60)
739 5614 864 5667 Vide.
893 5615 1160 5672 Novellum
1204 5633 1408 5675 sextam
1439 5625 1607 5679 Alaxii
1641 5628 1920 5684 Conmeni.

2248 5633 2354 5701 (Gl)
2389 5636 2513 5698 Qun?
2547 5640 2819 5703 porziuncs
2854 5641 3074 5691 fratrum
3108 5653 3253 5701 sunt.
3289 5642 3360 5694 uti
3406 5650 3618 5696 vocant.
