4004 6470
208 409 349 478 I033

1605 399 2011 465 ΜΕΟΙΤᾹΤᾹ.

3257 386 3388 453 1034

205 528 336 582 τῶνο
375 525 436 580 τὸ
471 523 528 578 δι
561 522 703 584 ἔλεός
749 537 846 589 μου
893 512 954 572 οὗ
993 519 1064 588 μὴ
1118 507 1450 573 διασκεδάσω
1495 518 1599 571 ἀπὸ
1641 519 1747 572 τῶν

1855 514 2275 571 miscricordiam
2307 531 2433 571 vero
2465 528 2635 572 meam
2665 530 2770 570 non
2822 515 3128 584 dispergam
3187 527 3217 566 a
3260 511 3388 567 dili-

206 616 541 685 ἀγαπώντων
574 631 659 684 με,
692 613 798 666 οὐδ’
829 612 892 665 οὖ
934 610 1007 679 μὴ
1038 608 1326 680 βεϐηλὼσω
1355 609 1453 678 τὴν
1490 608 1748 678 διαθήκην

210 719 350 774 μου·
394 703 488 772 τὴν
526 703 622 770 μὲν
669 699 886 767 ὲθνικὴν
927 698 1180 752 ἀπιστίαν
1221 696 1589 765 διασκορπίσει
1619 696 1747 748 ὡσεὶ

207 792 482 862 κονιορτὸν
512 791 617 844 ἀπὸ
648 789 845 850 ἅλωνος
872 787 1106 858 θερινῆς,
1139 787 1262 848 τοὺς
1295 786 1351 839 δὲ
1379 785 1554 847 ὁσίους
1585 785 1746 838 αὐτοῦ

209 881 510 952 συναγάγῃ,
538 879 629 931 καὶ
652 878 810 930 δώσει
840 877 1019 937 αὐτοῖς
1047 873 1226 944 χώρας
1255 874 1422 926 ὶθνῶν
1441 875 1533 927 καὶ
1555 873 1744 939 φυλάς.

207 973 316 1023 Καὶ
344 972 460 1039 ipsi
497 970 599 1030 πᾶς
655 968 684 1018 ό
712 966 836 1028 λαός
868 981 884 996 ο
927 965 1224 1035 Εὐλογητὸς
1277 964 1477 1032 Κύριος
1530 964 1610 1026 εἰς
1659 962 1748 1015 τὸν

207 1057 400 1110 αἰῶνα.
431 1056 661 1119 Γίνοιτο,
700 1054 922 1119 γένοιτο.

774 1181 909 1234 ΤΟΥ
952 1173 1179 1233 ΑΥΤΟΥ

210 1313 463 1380 Μελέτη,
493 1311 665 1378 χάριν
686 1309 802 1362 τῶν
826 1308 934 1380 ddo
965 1307 1273 1380 ὀξοφικίων,
1291 1304 1423 1380 Δτοῦ
1451 1319 1512 1357 τε
1537 1307 1747 1373 καρτο-

485 1372 775 1448 έὸύξλακος,
799 1376 897 1429 καὶ
923 1372 1026 1428 τοῦ
1053 1372 1474 1438 πρωτεκδίκου.

280 1485 386 1539 Τοῦ
421 1484 652 1554 μεγάλου
685 1481 999 1536 διδασκάλου
1037 1479 1137 1550 τῆς
1183 1479 1505 1549 Ἐκκλησίας
1538 1477 1747 1531 Παύλου

207 1577 304 1630 τοῦ
337 1575 660 1643 θεοκήρυκος
697 1571 944 1638 λέγοντος
967 1609 981 1631 ,
1014 1570 1125 1637 Οὐχ
1163 1568 1337 1637 ἑαυτῷ
1363 1585 1445 1630 τις
1487 1566 1750 1633 λαμϐάνει

209 1666 394 1733 τιμὴν,
426 1664 560 1715 ἀλλά
598 1661 920 1730 καλούμενος
958 1660 1060 1711 ὑπὸ
1103 1657 1196 1710 τοῦ
1242 1657 1376 1710 Θεοῦ
1400 1698 1414 1720 ,
1448 1656 1674 1724 ὤφειλεν
1722 1659 1750 1708 ὁ

210 1755 575 1825 πρωτέκδικος
613 1750 899 1821 ἀρκεῖσθαι
945 1751 1055 1810 τοῖς
1102 1747 1400 1815 δεδομένοις
1440 1744 1604 1813 αὐτῷ,
1657 1744 1752 1797 καὶ

209 1819 329 1896 κατ’
355 1843 492 1910 ἰχνία
522 1843 565 1873 ⁷⁸
600 1819 800 1908 βαίνειν
831 1837 938 1889 τῶν
971 1835 1074 1905 πρὸ
1113 1832 1296 1896 αὑτοῦ,
1332 1833 1557 1904 παντοίᾳ
1589 1832 1749 1900 σοφίᾳ
1778 1819 1822 1878 Β

209 1935 319 1986 τῶν
351 1934 605 1986 πλειόνων
651 1928 1071 1998 κεκοσμημένων
1118 1928 1183 1996 τῇ
1226 1926 1406 1994 χάριτι
1446 1923 1538 1976 τοῦ
1592 1922 1748 1988 Θεοῦ,

210 2022 392 2084 καθὼς
417 2022 509 2074 καὶ
539 2021 696 2081 αὐτός
721 2022 854 2081 ἐστι,
889 2018 983 2070 καὶ
1019 2017 1086 2068 τά
1120 2015 1422 2084 ὑψηλότατα
1451 2015 1550 2082 τῆς
1590 2014 1754 2080 ἁγιω-

209 2112 378 2179 τάτης
406 2112 496 2163 τοῦ
541 2109 672 2162 Θεοῦ
708 2108 945 2179 μεγάλης
982 2107 1306 2176 Ἐκκλησίας
1345 2105 1751 2174 ἐνεργησάντων

208 2199 458 2267 όφφίκια,
492 2197 651 2250 τινῶν
678 2197 733 2249 δὲ
765 2195 856 2248 καὶ
889 2195 1029 2247 κατὰ
1058 2194 1310 2264 γνησίους
1339 2190 1753 2262 πτερυξαμένων

207 2289 463 2346 ἀετιδεῖς,
494 2287 586 2338 καὶ
613 2287 691 2346 εἰς
724 2285 815 2336 τὸν
855 2283 1028 2352 μέγαν
1071 2282 1388 2349 φθασάντων
1435 2279 1622 2348 θρόνον
1655 2277 1754 2347 τῆς

211 2375 856 2437 Κωνσταντινουπόλεως,
885 2373 978 2425 καὶ
1002 2372 1070 2423 τά
1099 2366 1410 2438 κυρωθέντα
1434 2367 1519 2420 διὰ
1549 2366 1753 2436 χρόνων

211 2464 632 2533 ἀμνημονεύτων
692 2462 909 2531 σχεδὸν,
970 2458 1042 2529 μὴ
1100 2457 1348 2511 σπεύδειν
1402 2453 1753 2522 ἀλλοιωθῆναι

213 2554 354 2607 κατά
389 2553 599 2619 σηπύας
643 2549 982 2620 αὐθημερὸν,
1034 2549 1125 2601 καὶ
1168 2547 1312 2601 οὓτω
1374 2543 1754 2614 ῥιψοκινδύνως

213 2641 587 2704 σκανδαλίζειν
618 2641 711 2694 καὶ
745 2637 1182 2701 σκανδαλίζεσθαι
1207 2653 1222 2668 ·
1255 2635 1426 2688 θέλειν
1458 2635 1513 2687 δι
1559 2633 1756 2702 μᾶλλον

214 2733 438 2802 εἰρήνην
465 2733 556 2783 ἐπὶ
581 2731 670 2784 τὸν
697 2730 824 2785 λαδν
856 2729 949 2781 τοῦ
979 2727 1142 2789 Θεοῦ,
1172 2728 1265 2779 καὶ
1296 2725 1389 2778 ἐπὶ
1425 2726 1550 2786 τοὺς
1578 2725 1756 2786 ὁσίους

214 2822 402 2877 αὐτοῦ.
447 2821 597 2874 Ἐπεὶ
639 2819 684 2872 δ’
728 2820 826 2873 οὐκ
870 2814 968 2871 οἷδ’
1014 2818 1158 2880 ὅπως
1210 2814 1578 2885 παραδραμὼν
1631 2815 1757 2875 τοὺς

213 2911 522 2982 ιγείροντας
544 2909 612 2962 τὰ
638 2907 904 2962 σκάνδαλα
929 2905 1192 2976 μύλωνας,
1218 2905 1312 2957 καὶ
1332 2905 1399 2956 τὰ
1421 2902 1755 2972 διορισθέντα

215 3000 511 3062 κανονικῶς
561 2998 698 3053 κατά
739 2997 848 3051 τῶν
903 2995 1288 3065 παραλυόντων
1343 2992 1758 3062 ἀπερισκέπτως

215 3088 502 3157 συνήθειαν
535 3087 748 3156 μακράν
775 3083 1229 3154 εκκλησιαστικὴν
1268 3080 1574 3151 οἱανδήτινα
1620 3079 1756 3151 (καὶ

210 3177 414 3248 ταύτην
441 3178 544 3247 γάρ
574 3176 793 3245 κρατεῖν
821 3174 896 3236 ὡς
927 3173 1054 3235 τοὺς
1091 3171 1265 3233 θείους
1289 3170 1515 3232 κανόνας
1535 3185 1754 3238 νενομο-

213 3267 482 3336 θέτηται),
507 3267 601 3320 καὶ
631 3264 978 3335 ὕπερανασάς
1000 3262 1090 3316 τδν
1114 3261 1383 3331 ὁρίζοντα,
1406 3259 1550 3312 θέλει
1579 3268 1756 3328 παρα-

217 3357 477 3410 σαλεῦσαι
505 3356 571 3407 τὰ
614 3352 707 3407 τοῦ
738 3350 1142 3422 χαρτοφύλακος
1172 3348 1438 3419 προνόμια
1457 3388 1472 3412 ,
1505 3349 1600 3400 καί
1637 3363 1758 3400 συν-

217 3447 351 3515 άψαι
380 3447 492 3506 τοῖς
521 3443 808 3504 ἑκδικικοῖς
835 3439 1118 3510 λειτουργή
1128 3455 1280 3508 μασι,
1301 3438 1440 3491 κατά
1466 3453 1614 3498 τινας
1641 3437 1760 3488 ἐτε-

215 3536 388 3607 ροφυῆ
421 3532 887 3602 συμμοσχεύοντας
911 3530 1156 3600 σώματα,
1183 3529 1276 3581 καὶ
1305 3527 1437 3597 πρὸς
1463 3525 1759 3579 επισύστα-

215 3641 300 3680 σιν
327 3623 424 3677 τοῦ
452 3622 649 3676 οἰκείου
671 3621 996 3690 θελήματος,
1036 3618 1221 3672 κανόσι
1251 3616 1448 3687 χρῆται
1471 3614 1568 3684 τῆς
1600 3614 1758 3681 ἀγίας

214 3714 311 3766 καὶ
342 3711 723 3779 οἰκουμενικῆς
748 3710 1012 3776 τετάρτης
1039 3706 1277 3770 συνόδου,
1300 3704 1432 3775 πρὸς
1456 3704 1513 3756 δὲ
1537 3702 1628 3756 καί
1650 3718 1758 3756 τισι

215 3803 283 3872 pi]
295 3817 421 3869 μασ·
458 3799 550 3852 τοῦ
577 3797 934 3868 ἀποκειμένου
973 3795 1174 3865 βιϐλίου
1206 3797 1262 3846 εν
1290 3792 1369 3861 τῶ
1399 3780 1636 3860 σείιρετῳ
1663 3787 1758 3840 τοῦ

216 3882 363 3953 ἰιιροῦ
383 3883 664 3948 δκδικείου,
701 3881 947 3950 παριστῶ
976 3881 1068 3932 καὶ
1097 3879 1258 3942 αὐτὸς
1287 3879 1376 3930 διά
1419 3877 1516 3946 τῆς
1553 3875 1760 3946 παρού-

215 3988 313 4042 σης
332 3973 544 4041 γραφῆς
573 3988 693 4040 μου,
716 3969 895 4032 καθὼς
919 3969 1173 4038 ὴξίωμαι,
1196 3969 1264 4020 τὰ
1291 3965 1497 4032 τοῦτον,
1525 3964 1598 4026 ὡς
1623 3958 1760 4031 1γῷ-

219 4079 338 4132 μαι,
364 4060 583 4120 δικαίως
624 4057 1060 4127 ὶπιστομίζοντα,
1094 4057 1188 4110 καὶ
1225 4057 1317 4110 τὸν
1346 4056 1486 4110 κατά
1534 4056 1761 4125 καιροὺς

214 4148 597 4220 χαρτοφύλακα
640 4147 942 4216 φιλαλήθως
985 4145 1447 4214 ἀποσεμνύνοντα.
1493 4143 1625 4196 Ἀπὸ
1665 4143 1760 4196 τοῦ

1849 608 2097 676 gentibus
2129 623 2232 674 me,
2254 624 2353 662 nec
2382 607 2679 677 proianabo
2732 611 3116 660 testamentum
3169 615 3384 656 meum:

1848 695 1893 748 is
1919 709 2047 764 ergo
2084 709 2414 763 paganorum
2463 695 2677 763 quidem
2715 690 3086 747 inﬁdelitatem
3138 688 3387 756 dissipet,

1848 783 2012 837 veluti
2064 784 2343 852 pulverem
2395 799 2460 838 ex
2494 798 2619 837 area
2678 783 2886 844 aestiva,
2938 788 3157 835 sanctos
3207 790 3385 831 autem

1847 888 1976 927 suos
2007 875 2248 943 colligat,
2282 881 2336 927 et
2383 886 2716 942 paganorum
2769 871 2850 926 eis
2886 870 2978 924 det
3022 871 3267 938 regiones
3325 880 3390 920 ac

1848 963 2040 1018 tribus.
2087 964 2152 1018 Et
2216 963 2362 1018 dicat
2408 962 2638 1032 populus
2686 961 2974 1016 universus
3017 958 3390 1013 :Benedictns

1850 1051 2107 1106 Dominus
2138 1052 2190 1105 in
2219 1052 2497 1107 saeculum.
2534 1050 2674 1116 Fiat,
2708 1049 2821 1103 liat.

2468 1176 2768 1235 EIUSDEM

1849 1304 2178 1369 Medianum,
2212 1308 2274 1360 de
2304 1306 2505 1359 duobus
2539 1307 2647 1359 illis
2678 1305 2854 1369 Oﬁciis
2879 1345 2893 1369 ,
2926 1299 3239 1356 chartulat‘ii
3283 1300 3388 1354 ειε-

2217 1375 2355 1438 licet,
2397 1390 2458 1427 ac
2499 1375 2654 1442 primi
2687 1374 2998 1441 defensoris.

1917 1479 2052 1533 Cum
2087 1493 2314 1548 magnus
2355 1477 2442 1532 ille
2492 1478 2683 1532 doctor
2739 1477 3015 1542 Ecclesiae,
3068 1479 3389 1548 divinusque

1850 1583 2023 1639 praeco
2055 1567 2249 1622 Paulus
2273 1567 2440 1633 dicat,
2470 1583 2576 1621 non
2618 1567 2721 1622 sibi
2771 1568 3076 1636 quempiam
3130 1570 3386 1624 honorem

1851 1672 2082 1722 sumere,
2115 1657 2206 1711 sed
2232 1670 2262 1710 a
2291 1655 2397 1711 Deo
2420 1668 2703 1721 vocatum;
2733 1671 2861 1711 sane
2893 1657 3123 1712 debebat
3185 1661 3388 1728 primus

1851 1748 2103 1804 defensor
2139 1747 2243 1802 sibi
2278 1747 2557 1803 concessis
2593 1761 2716 1802 esse
2771 1757 3083 1814 contentus,
3117 1758 3169 1804 et
3199 1751 3387 1804 decesa

1851 1851 2033 1891 sorum
2054 1849 2272 1889 suorum
2292 1835 2533 1902 vestigiis
2552 1835 2831 1898 insistere;
2861 1849 3090 1904 quorum
3122 1836 3387 1906 plerique,

1853 1927 1989 1980 sicut
2012 1935 2065 1980 et
2103 1925 2242 1994 ipse,
2281 1939 2377 1993 per
2407 1923 2499 1978 Dei
2564 1924 2791 1993 gratiam
2834 1926 3119 1994 omnigena
3168 1925 3390 1979 l'uerunt

1852 2015 2026 2070 ornati
2093 2014 2371 2078 doctrina,
2435 2026 2826 2083 supremasque
2885 2014 3245 2069 sanctissimae
3297 2013 3389 2069 Dei

1854 2106 2074 2173 majoris
2110 2103 2362 2158 Ecclesiae
2386 2103 2672 2173 dignitates
2699 2113 3011 2172 gesserunt,
3037 2114 3198 2174 atque
3221 2105 3387 2159 etiam

1853 2195 2018 2264 aliqui
2053 2194 2410 2263 genuinorum
2452 2195 2506 2248 in
2552 2209 2754 2250 morem
2807 2195 3076 2264 pullorum
3128 2198 3392 2265 aquilino-

1855 2297 1977 2338 rum
2003 2284 2117 2339 alas
2153 2291 2524 2352 sumpserunt,
2556 2291 2610 2337 et
2638 2284 2702 2337 ad
2757 2293 3010 2354 magnUm
3066 2283 3216 2346 illum
3249 2285 3394 2338 Con-

1854 2375 2241 2444 stantinopolis
2295 2373 2550 2428 thronum
2601 2383 3004 2444 pervenerunt:
3065 2377 3393 2443 minimeque

1853 2465 1983 2520 dare
2007 2464 2236 2519 debebat
2267 2477 2510 2534 operam,
2567 2472 2630 2518 ut
2675 2464 2834 2518 annis
2888 2465 3162 2518 hominum
3227 2475 3394 2532 prope

1856 2555 2172 2610 memoriam
2214 2553 2603 2608 excedentibus
2660 2553 2998 2614 conﬁrmata.
3051 2560 3390 2607 mutarentur

1856 2658 1964 2697 uno
1993 2644 2101 2708 die,
2123 2645 2396 2713 sepiarum
2424 2645 2476 2697 in
2502 2657 2704 2697 morem
2727 2660 2742 2708 ;
2763 2653 2923 2713 atque
2966 2644 3038 2696 ita
3084 2644 3388 2713 periculose

1857 2743 1964 2786 tam
2020 2731 2313 2797 ollendere,
2378 2747 2538 2802 quam
2597 2734 2829 2789 oﬂettdl:
2890 2734 2982 2789 sed
3029 2735 3165 2788 velle
3213 2735 3392 2803 potius

1855 2836 2040 2890 pacem
2069 2836 2230 2891 supra
2262 2823 2521 2892 populum
2567 2820 2684 2887 Dei,
2716 2829 2771 2877 et
2797 2836 2963 2892 supra
2994 2831 3211 2877 sanctos
3254 2822 3389 2886 eius.

1855 2909 2057 2965 Verum
2092 2911 2213 2981 quia
2263 2914 2452 2967 nescio
2506 2907 2776 2982 quomodo
2810 2911 3109 2968 molaribus
3158 2914 3393 2967 sscitan-

1856 2997 2002 3052 tibus
2033 2997 2285 3053 scandala
2318 2999 2628 3068 praeteritis,
2684 3008 2846 3069 atque
2899 2999 3084 3054 itidem
3147 2999 3235 3060 iis,
3265 3007 3388 3065 quae

1859 3083 2125 3138 canonice
2190 3090 2395 3139 statuta
2467 3091 2597 3139 sunt
2661 3086 2922 3140 adversus
2995 3085 3394 3139 inconsiderate

1859 3171 2127 3227 violantes
2165 3186 2546 3242 quamcunque
2586 3173 2898 3227 diuturnam
2947 3171 3390 3228 consuetudinem

1857 3260 2281 3318 ecclesiasticam
2331 3261 2480 3331 (nam
2515 3269 2567 3317 et
2593 3261 2742 3316 illam
2789 3261 3010 3331 perinde
3064 3269 3234 3314 ratam
3272 3275 3397 3315 esse

1857 3351 2056 3407 debere
2099 3352 2372 3407 sancitum
2422 3358 2525 3417 est,
2582 3361 2743 3421 atque
2792 3363 2979 3406 sacros
3030 3349 3286 3416 canones)
3340 3361 3395 3402 et

1859 3447 2177 3496 transcenso
2198 3440 2431 3511 denique
2453 3441 2754 3503 horizonte,
2776 3439 3057 3508 privilegia
3079 3438 3392 3492 chartularii

1858 3535 2148 3582 concutere
2191 3529 2327 3591 vult,
2373 3537 2427 3582 et
2470 3543 2592 3582 cum
2641 3527 3015 3584 {unctionibus
3073 3527 3395 3583 deiensoriis

1858 3616 2206 3686 conjungere,
2233 3631 2383 3673 more
2403 3616 2785 3687 quorumdam,
2807 3617 2900 3687 qui
2927 3617 3156 3672 diversa
3186 3625 3394 3672 natura:

1861 3719 2092 3774 corpora
2147 3706 2367 3761 sibimet
2445 3705 2733 3761 inserendo
2799 3707 3087 3777 copulant:
3163 3722 3398 3776 cumque

1867 3794 2106 3848 instituti
2141 3795 2224 3850 sui
2251 3795 2509 3865 probandi
2533 3808 2716 3862 causa,
2746 3805 2950 3852 sanctae
2985 3807 3038 3851 et
3069 3799 3396 3852 universalis

1861 3892 2068 3953 quartas
2124 3884 2313 3954 synodi
2378 3887 2686 3941 canonihus
2735 3894 2950 3949 utatur,
3007 3902 3068 3941 ac
3144 3897 3398 3956 praeterea

1859 3972 2041 4026 verbis
2069 3973 2394 4041 quibusdam
2421 3989 2487 4029 ex
2506 3974 2663 4039 libro,
2699 3975 2792 4044 qui
2823 3984 3068 4031 servatur
3097 3978 3150 4030 in
3193 3987 3400 4030 secreto

1861 4062 2005 4116 sacri
2043 4061 2338 4116 defensorii
2374 4080 2388 4117 :
2447 4063 2717 4132 proferam
2745 4072 2800 4120 et
2847 4065 2962 4134 ipse
2999 4067 3099 4121 hoc
3150 4070 3400 4135 praesenti

1861 4151 2088 4221 scripto,
2111 4153 2562 4222 quemadmodum
2599 4167 2627 4207 a
2655 4169 2742 4208 me
2775 4155 2998 4224 petitum
3039 4166 3141 4216 est.
3169 4166 3287 4224 quae
3323 4170 3385 4210 os

214 4245 311 4307 κγ’
328 4238 548 4301 κανόνος
572 4238 679 4292 τῶν
705 4239 761 4291 εν
783 4235 1082 4305 Χαλκηδόνι
1107 4234 1462 4288 συνελθόντων
1489 4233 1566 4301 χλ⁹
1591 4231 1761 4299 ἀγίων

217 4328 506 4398 Πατέρων,
557 4326 777 4396 συκίνην
815 4325 1133 4396 ἀπικουρίαν
1162 4325 1191 4378 ό
1227 4324 1589 4395 πρωτίιιδικος
1622 4319 1764 4374 ἰδιώ-

1861 4242 1988 4297 huic
2014 4257 2122 4296 non
2145 4243 2242 4298 abs
2258 4257 2338 4306 re,
2373 4257 2492 4299 meo
2513 4243 2729 4313 quidem
2753 4243 2978 4312 judicio,
3029 4254 3153 4300 sunt
3186 4245 3407 4298 obtura-

1863 4337 2016 4398 tura;
2074 4338 2128 4386 et
2189 4346 2315 4387 vere
2376 4333 2549 4388 cuivis
2613 4347 2710 4402 pro
2769 4340 3012 4403 tempore
3075 4333 3405 4387 chartulario

217 4439 368 4487 σατο,
398 4419 557 4492 χάριν
580 4419 675 4471 τοῦ
706 4417 910 4486 κρίνειν
939 4414 1272 4484 ἱδιορυθμίας
1305 4412 1640 4482 μοναζόντων
1667 4411 1756 4465 καὶ

1867 4420 2271 4476 venerationem
2295 4423 2672 4477 conciliatura.
2728 4421 2893 4491 Igitur
2926 4438 2992 4478 ex
3037 4435 3243 4477 canone
3270 4436 3402 4476 mn

216 4510 521 4580 κληρικῶν,
568 4509 662 4560 καὶ
709 4505 1024 4576 ἀνακρίνειν
1069 4501 1374 4572 ἀποδημίας
1422 4500 1638 4565 αὐτῶν,
1668 4500 1756 4553 καὶ

1867 4518 2176 4564 sanctorum
2205 4507 2448 4575 Patrum,
2489 4511 2580 4580 qui
2625 4511 2970 4567 Chalcedone
3016 4520 3404 4568 convenerunt.

214 4603 560 4673 κατακρίνειν
603 4602 678 4664 ὼς
720 4598 983 4668 φυγαδίας
1026 4595 1431 4664 δουλοπρεπεῖς.
1486 4592 1598 4663 [Iph
1657 4593 1756 4661 γὰρ

1866 4594 2126 4650 ﬁculnum
2157 4597 2465 4666 praesidium
2501 4598 2604 4653 sibi
2626 4598 2878 4655 defensor
2929 4601 3196 4668 quaesivit.
3247 4601 3404 4668 quasi

217 4694 414 4747 ικατδν
446 4692 648 4762 χρόνων
684 4689 878 4759 μικρόν
918 4701 971 4741 τι
1000 4686 1161 4738 πλέον
1191 4683 1227 4755 ἢ
1251 4683 1503 4746 ῐλαττον,
1532 4675 1626 4735 τοῦ
1653 4682 1756 4733 ἀοι-

1862 4685 2068 4754 judicet
2097 4686 2211 4756 ipse
2233 4686 2300 4741 de
2321 4687 2408 4751 iis,
2430 4702 2549 4757 qua
2581 4695 2708 4742 sunt
2735 4687 2893 4744 cilicii
2938 4690 3326 4743 monachorum
3352 4698 3406 4742 et

216 4784 376 4850 δίμου
400 4777 656 4847 βασιλέως
683 4774 777 4827 τοῦ
806 4769 1312 4833 ἰουστινιανοῦ,τοῦ
1332 4764 1756 4836 τὴνἝκκλησίαν

1865 4773 2208 4836 clericorum.
2245 4775 2513 4844 quasique
2542 4775 2610 4830 de
2641 4777 2834 4831 borum
2877 4777 3405 4846 peregrinationibus

217 4865 500 4935 ἀγακλεῶς
540 4861 942 4932 οὐρανὼσαντος
961 4897 976 4918 .
1024 4861 1053 4911 ό
1093 4855 1328 4917 τοιοῦτος
1381 4854 1560 4909 κανὼν
1599 4855 1756 4908 ὲκπε‹

1867 4864 2126 4934 inquirat,
2163 4877 2368 4933 easque
2406 4865 2570 4920 veluti
2601 4866 2992 4936 mancipiorum
3030 4865 3247 4935 aufugia
3273 4878 3405 4919 con-

220 4957 490 5026 φὼνηται,
524 4953 611 5004 ὅτε
654 4949 812 5018 λόγος
839 4949 939 4999 οὐκ
975 4942 1041 5016 ἦν
1073 4945 1299 4998 ικδίκων
1326 4944 1493 4998 δντων
1523 4944 1633 4997 ἀπὸ
1671 4945 1756 4998 τοῦ

1863 4951 2100 5005 demnet.
2165 4950 2429 5006 Nimirum
2508 4950 2665 5007 ann‘is
2729 4953 2889 5023 paulo
2964 4956 3083 5022 plus
3161 4955 3404 5008 minusve

223 5045 497 5112 βήματος,
545 5037 745 5090 λαῖκῶν
813 5035 869 5088 δὲ
925 5037 1044 5096 ταῖς
1113 5029 1426 5099 ἰκκλησίαις
1478 5029 1756 5099 διδομένων

1862 5048 2080 5093 centum
2152 5047 2278 5095 ante
2350 5042 2716 5098 clarissimum
2789 5043 2938 5096 illum
3019 5043 3400 5111 imperatorem

221 5132 477 5186 ἑκάστοτε
503 5126 636 5196 πρὸς
668 5125 962 5191 δκδίκησιν.
991 5121 1099 5174 Καὶ
1127 5121 1280 5174 τοῦτο
1308 5119 1463 5188 δῆλόν
1482 5120 1629 5172 εστιν
1660 5117 1756 5171 ἀπὶ

1861 5123 2260 5192 Iustinianum,
2334 5129 2427 5198 qui
2502 5129 2644 5183 hanc
2713 5129 2993 5185 ecclesiam
3065 5129 3406 5183 laudabiliter

224 5220 321 5276 τοῦ
350 5224 418 5273 os’
445 5216 662 5276 κανόνος
699 5215 796 5281 τῆς
832 5214 889 5264 ιν
918 5210 1245 5280 Καρθαγένη
1285 5209 1502 5262 συνόδου
1525 5245 1540 5272 ,
1570 5207 1756 5259 οὕτωσί

1865 5217 2021 5287 quasi
2054 5218 2288 5287 quodam
2325 5217 2530 5274 cmlesti
2566 5233 2730 5287 opere
2769 5217 3094 5282 construxit,
3131 5217 3178 5272 is
3229 5233 3402 5271 canon

221 5309 508 5373 διεξιόντος
541 5304 715 5376 ῥητῶς
738 5319 750 5333 ο
784 5302 916 5368 Περὶ
941 5300 1192 5353 ἐκδικων
1221 5298 1336 5352 τῶν
1375 5295 1756 5362 Ἐκκλησιῶν,

1865 5305 2178 5374 publicatus
2209 5305 2345 5359 fuit:
2396 5319 2510 5374 quo
2547 5312 2789 5372 tempore
2843 5302 3026 5356 nttllus
3056 5311 3172 5355 erat
3225 5315 3403 5355 ssrno

223 5396 342 5452 τῶν
368 5394 724 5463 ὀφειλόντων
772 5389 886 5443 ἀπὸ
923 5388 1028 5442 τοῦ
1073 5389 1377 5452 ,ϐασιλέως
1432 5384 1756 5451 αἰτηθῆναι,

1865 5393 1931 5447 de
1976 5393 2356 5448 defensoribus
2404 5407 2471 5448 es
2533 5391 2724 5447 ordine
2787 5403 2965 5453 sacro,
3017 5388 3108 5441 sed
3154 5386 3399 5441 ecclesiis

230 5492 544 5555 σύμπασιν
589 5481 797 5547 Ιδοεεν
841 5479 1080 5546 dirimat
1143 5479 1260 5533 ἀπὸ
1297 5480 1410 5533 τῶν
1456 5476 1756 5541 βασιλέων

1860 5494 2072 5550 semper
2101 5481 2224 5535 laici
2283 5478 2616 5537 defensionis
2665 5491 2832 5532 causa
2881 5476 3173 5530 dabantur.
3235 5477 3410 5537 Atque

1485 5607 1715 5664 νΑιιιε
1751 5607 2148 5670 LECTIONES.

304 5707 351 5742 "
384 5719 485 5760 κατ
494 5704 652 5776 ίχνια.

524 5808 788 5870 Remos.
822 5801 938 5863 Gn.
981 5797 1377 5865 CXXXVIII.
3033 5800 3112 5861 33
