4004 6456
562 386 692 452 1035

542 516 1050 576 vboc'manifestum
1081 525 1163 572 est
1192 532 1255 573 ex
1276 532 1414 573 Lxxv
1456 530 1664 574 canone
1717 519 1941 573 concilii
1968 517 2100 571 Car-
2136 521 2184 579 Α

566 605 941 677 tliagiuiensis,
965 606 1120 676 cujus
1148 608 1258 661 haec
1288 606 1448 661 verba
1483 617 1646 661 sunt:
1702 608 1777 661 De
1821 608 2104 675 defensori-

520 694 525 707 ⁴
566 700 658 751 bus
715 695 1088 762 Eeclesiarrnn,
1140 699 1229 765 qui
1279 699 1341 751 ab
1389 701 1702 767 imperatore
1753 698 1856 763 peti
1902 696 2103 760 debent,

566 787 730 839 visum
794 794 869 840 est
927 787 1205 853 universis,
1263 790 1503 854 petendos
1567 789 1629 841 ab
1678 786 2101 855 imperatoribus,

566 884 773 942 propter
806 875 1134 945 aﬂlictionem
1192 892 1498 942 pauperum,
1528 892 1744 943 quorum
1777 873 2098 944 gravemini-

1820 390 2092 454 THEOD.
2131 391 2218 450 BA
2230 390 2520 450 LSAMON
2535 392 2598 449 IS

3657 388 3795 452 1036

2224 516 2321 569 διὰ
2349 518 2461 585 τὴν
2501 517 2618 572 τῶν
2678 517 2947 582 πενήτων
2996 518 3283 581 κάκωσιν,
3307 507 3400 569 ὧν
3451 512 3586 577 ταῖς
3638 512 3787 563 ἐπα-

2218 608 2436 673 χθείαις
2466 607 2783 670 ἀπαύστως
2812 608 2848 673 ἠ
2887 607 3216 671 Ἐκκλησία
3272 601 3742 671 παρσνοχλεῒται
3765 641 3782 665 ,

2213 694 2365 747 ὥστε
2394 695 2671 759 ἐκδίκους
2699 695 2928 758 τούτοις
2955 695 3103 761 μετὰ
3132 692 3244 761 τῆς
3283 691 3401 745 τῶν
3429 694 3786 744 ἐπισκόπων

2213 785 2493 848 προνοίας
2527 784 2904 852 ἐπιλέγεσθαι
2954 784 3100 836 κατὰ
3126 782 3233 849 τῆς
3287 781 3406 835 τῶν
3464 782 3786 833 πλουσίων

2216 873 2583 938 τιφαννίδος,

570 968 664 1018 bus
692 965 1038 1019 indesinenter
1073 964 1305 1019 Ecclesia
1335 968 1670 1021 molestatur:
1701 978 1755 1019 ut
1800 968 2093 1034 defensores
2132 966 2227 1025 eis,
2290 966 2656 1025 interveniente
2692 965 3017 1033 providentia
3074 964 3459 1033 episcoporum,
3510 965 3778 1033 eligantur

572 1054 815 1107 adversus
842 1056 1200 1123 apulentorum
1242 1058 1583 1124 tyrannidem.

642 1146 827 1199 Itidem
850 1154 1003 1213 paret
1032 1146 1136 1199 hoc
1167 1162 1231 1198 ex
1262 1162 1328 1199 xv
1349 1148 1552 1200 novella
1594 1149 1933 1215 imperatoris
1978 1148 2106 1201 Jus-

572 1232 788 1297 tiniani,
809 1247 927 1300 qua:
944 1240 1120 1287 exstat
1144 1234 1284 1287 libro
1317 1250 1365 1287 vt
1396 1235 1769 1299 Basilicorum,
1798 1238 1954 1289 titulo
1980 1252 2107 1290 svnt

575 1323 628 1375 in
659 1323 797 1373 hanc
820 1321 1175 1377 sententiam:
1227 1322 1554 1378 Defensores
1583 1340 1643 1378 ex
1694 1326 1886 1379 incolis
1929 1326 2109 1394 cujus-

576 1413 705 1464 libet
754 1412 902 1464 urbis
950 1427 1043 1478 per
1090 1413 1235 1468 vices
1285 1414 1428 1482 eligi,
1476 1414 1598 1466 licet
1656 1414 1892 1467 illustres
1947 1415 2111 1482 aliqui

572 1502 704 1562 sint,
736 1512 788 1553 et
841 1500 1166 1555 clarissimi:
1218 1510 1379 1570 atque
1436 1502 1533 1557 lios
1585 1503 1847 1556 duntaxat
1895 1505 2111 1558 biennio

575 1586 907 1642 defensionis
942 1604 1140 1643 munus
1175 1591 1467 1644 sustinere.
1500 1590 1677 1649 Quare
1707 1608 1827 1645 cum
1860 1590 2109 1645 defenso-

576 1692 660 1730 res
691 1684 743 1728 et
767 1677 1051 1744 eligantur,
1081 1693 1179 1732 ceu
1201 1679 1401 1733 dictum
1438 1690 1539 1743 est,
1590 1690 1641 1733 et
1675 1694 1860 1734 eorum
1914 1696 2110 1735 munus

574 1773 723 1817 certo
758 1766 1011 1832 temporis
1050 1766 1224 1835 spatio
1246 1767 1558 1822 deﬁniatur:
1613 1775 1883 1837 nugantur
1937 1783 2065 1821 sane
2092 1808 2105 1833 ,

572 1849 665 1912 qui
697 1864 761 1901 ex
794 1849 1030 1904 indicato
1051 1865 1258 1905 canone
1284 1852 1512 1905 stabiliri
1538 1840 1821 1919 perhibent
1856 1854 1928 1917 id,
1958 1853 2102 1921 quod

574 1950 601 1985 a
645 1939 818 2007 primo
846 1937 1126 1993 defensore
1180 1943 1460 1994 asseritur.
1501 1940 1673 1995 Verba
1709 1957 1835 1996 vero
1886 1942 2008 1995 libri
2044 1943 2110 1997 de
2141 1958 2185 2016 Β

573 2024 747 2097 oliicio
786 2027 941 2093 primi
964 2026 1288 2091 defensoris,
1325 2043 1445 2095 qua:
1490 2029 1877 2096 propemodum
1919 2030 2106 2098 hujus.

572 2115 717 2167 modi
749 2124 910 2167 sunt:
961 2115 1175 2181 Oportet
1227 2132 1335 2178 vos,
1368 2116 1414 2169 si
1444 2117 1558 2186 quis
1606 2119 2016 2185 presbyterorum
2061 2129 2109 2171 et

572 2200 911 2253 diaconorum
936 2218 1052 2254 cum
1078 2205 1251 2273 aliqua
1272 2205 1415 2258 litem
1447 2208 1671 2270 habebit,
1703 2226 1817 2261 eum
1846 2214 1930 2277 qui
1958 2228 2085 2264 accu

574 2302 742 2350 satur,
776 2293 983 2343 tertium
1010 2294 1194 2353 citare,
1224 2293 1501 2346 secundum
1560 2296 1849 2349 indicatum
1880 2302 2107 2364 modum,

572 2390 621 2433 et
684 2397 785 2434 non
847 2386 1201 2451 obsequentem
1233 2387 1603 2441 condemnare:
1685 2392 1817 2454 haec,
1866 2392 2107 2461 inquam,

573 2469 736 2523 verba
768 2485 941 2539 neque
966 2474 1250 2539 radicitus,
1282 2490 1452 2544 neque
1479 2479 1558 2531 vel
1593 2482 1747 2545 rami,
1777 2483 1859 2535 vel
1892 2484 2111 2537 corticis

574 2568 818 2624 respectu
848 2597 861 2619 ,
895 2560 1330 2627 jurisdictionetn
1383 2562 1693 2619 cliartularii
1735 2570 1786 2621 in
1828 2572 2110 2625 universos

575 2648 747 2702 sacris
778 2648 1021 2704 initiatos
1060 2660 1329 2716 evertunt,
1360 2660 1412 2707 et
1439 2655 1502 2706 ad
1533 2655 1843 2713 defensores
1880 2660 2112 2715 transfe-

576 2744 724 2790 runt.

642 2824 849 2895 Quippe
873 2840 977 2880 non
1002 2828 1081 2883 sic
1103 2828 1488 2899 intelliguntur,
1529 2834 1591 2887 de
1617 2835 1773 2903 primi
1815 2834 2112 2891 defensoris

573 2917 860 2982 sententia,
905 2919 1054 2986 quasi
1103 2921 1273 2987 possit
1316 2922 1360 2975 is
1405 2937 1594 2992 cogere
1632 2926 1715 2980 vel
1755 2927 1953 2982 invitos
1992 2943 2109 2995 eos,

573 3001 664 3067 qui
711 3016 739 3053 a
785 3001 1027 3058 diaconis
1077 3014 1128 3058 et
1182 3007 1508 3077 presbyteris
1554 3011 1866 3077 quibusdam
1914 3030 2111 3069 conve-

572 3091 814 3154 niuntur,
856 3091 1101 3147 fortassis
1147 3095 1248 3163 ipsi
1290 3098 1428 3163 laici,
1475 3107 1530 3151 ut
1573 3102 1710 3166 apud
1740 3118 1859 3156 eum
1895 3119 2111 3159 causam

574 3178 775 3240 dicant,
829 3180 897 3233 ob
942 3197 1101 3250 quam
1161 3186 1518 3252 postulantur.
1578 3188 1711 3242 Nam
1770 3195 2110 3246 temerarium

574 3266 751 3323 imbue
786 3276 891 3327 est.
926 3285 986 3324 ac
1026 3285 1093 3324 ne
1139 3275 1482 3340 patriarchali
1532 3276 1745 3343 quidem
1790 3293 1956 3332 sacra:
1998 3294 2112 3333 am-
2138 3256 2184 3315 (ἶ

576 3356 824 3423 plitudini
883 3373 1225 3425 concessum,
1283 3363 1447 3417 veluti
1500 3365 1705 3434 legibus
1761 3370 2110 3432 contrarium,

576 3461 692 3511 qua:
729 3456 937 3502 actores
974 3449 1147 3503 forum
1196 3466 1411 3505 reorum
1455 3458 1605 3522 sequi
1646 3457 1847 3511 volunt.
1882 3458 2033 3523 Quod
2070 3461 2113 3515 si

576 3534 698 3599 quis
746 3536 902 3601 primi
957 3536 1256 3591 defensoris
1302 3549 1529 3594 mentem
1582 3545 1815 3611 probans
1866 3546 2010 3617 (nam
2062 3558 2115 3603 et

579 3624 844 3679 malitiose
884 3626 1165 3692 agentibus
1194 3629 1334 3696 quod
1380 3631 1550 3695 aiunt,
1585 3633 1852 3688 interdum
1895 3638 2114 3691 benedi-

575 3712 758 3782 citur),
808 3731 944 3767 vano
984 3732 1104 3769 cum
1155 3716 1300 3772 fastu
1353 3721 1626 3789 subjiciet,
1680 3726 1917 3779 indicata
1956 3730 2114 3784 verba

576 3799 716 3868 loqui
781 3803 846 3855 de
889 3805 1095 3860 duabus
1140 3808 1404 3874 partibus,
1471 3826 1589 3878 quas
1634 3814 1859 3869 diversis
1924 3818 2115 3871 studiis

576 3904 681 3943 non
727 3892 1161 3962 distinguantur;
1204 3898 1297 3952 sed
1336 3915 1451 3969 quae
1491 3905 1790 3956 communis
1825 3906 2113 3959 sacerdotii

578 3981 909 4048 professione
956 3986 1255 4053 conjunctae
1300 3990 1409 4043 sint
1456 4007 1467 4040 :
1516 3992 1561 4046 is
1596 3992 1795 4056 audiet,
1827 3994 1926 4048 hoc
1960 3998 2115 4050 modo

577 4076 915 4126 temerariam
970 4078 1299 4133 vacationem
1346 4088 1399 4134 et
1455 4081 1735 4150 jnsticium
1790 4085 1952 4137 indici
2009 4101 2114 4140 non

576 4159 887 4215 chartularii
928 4164 1190 4220 duntaxat
1234 4169 1644 4235 jurisdictioni,
1724 4187 1908 4225 verum
1957 4173 2114 4225 etiam

578 4246 743 4312 ipsius
775 4252 1149 4314 patriarchalis
1181 4257 1535 4311 sacratissimi
1573 4258 1877 4317 tribunalis.
1907 4259 2115 4329 Quippe

576 4334 619 4387 si
665 4336 765 4389 hoc
806 4353 1119 4394 concessum
1163 4344 1252 4408 sit,
1299 4346 1505 4413 primus
1554 4348 1805 4401 defensor
1844 4349 1934 4416 jus
1975 4348 2117 4404 dicet

575 4423 853 4485 audacter,
906 4426 1013 4480 imo
1066 4444 1315 4496 suprema
1365 4448 1485 4485 eum
1532 4444 1818 4501 potestate,
1856 4438 2116 4493 adversus

2299 1149 2566 1211 Ὡσαύτως
2605 1151 2698 1202 καὶ
2744 1150 2849 1202 ἀπὸ
2896 1149 2993 1217 τῆς
3041 1149 3103 1202 ιε’
3135 1153 3334 1217 νεαρᾶς
3378 1148 3474 1200 τοῦ
3513 1148 3782 1217 βασιλέως

2227 1238 2615 1304 ’ῐουστινιανοιλ
2650 1239 2743 1307 τῆς
2778 1241 3032 1308 κειμένης
3066 1242 3123 1292 ἐν
3154 1240 3341 1308 βιϐλίῳ
3383 1238 3436 1302 ς’
3475 1241 3586 1291 τῶν
3617 1241 3781 1292 Βασι-

2216 1325 2400 1389 λικῶν,
2429 1326 2589 1395 τίτλῳ
2624 1324 2711 1395 ιη’,
2741 1327 2833 1378 καὶ
2860 1326 3352 1395 διαλαμόανούσης,
3377 1328 3504 1387 τοὺς
3531 1327 3782 1389 ἐκδίκους

2219 1414 2323 1465 άπὸ
2360 1414 2464 1467 τῶν
2504 1416 2771 1468 κατοίκων
2809 1416 3043 1485 ἑκάστης
3076 1416 3285 1478 πόλεως
3320 1416 3619 1484 eameam
3658 1418 3783 1467 ὲπι-

2217 1502 2487 1567 λέγεσθαι,
2511 1504 2610 1556 κᾶν
2635 1503 2951 1573 ίλλούστριοί
2975 1520 3117 1566 τινες
3138 1498 3240 1557 ὦσι
3257 1505 3353 1557 καὶ
3371 1505 3779 1573 λαμπρότατον

2218 1591 2307 1642 καὶ
2330 1591 2418 1642 ἐπὶ
2449 1592 2581 1660 μόνῃ
2612 1592 2782 1660 διετίᾳ
2806 1593 2865 1643 τὸ
2900 1592 2999 1661 τῆς
3030 1594 3359 1663 ἐκδικήσεως
3400 1594 3623 1661 ὑπέχειν
3648 1593 3782 1647 τού-

2212 1694 2336 1741 τους
2365 1667 2747 1750 λειτούργημα.
2783 1681 2902 1734 Τῶν
2932 1682 3059 1749 γοῦν
3098 1682 3325 1735 ἐκδίκων
3372 1683 3782 1751 ἐπιλεγομένων

2216 1768 2289 1829 ὡς
2319 1768 2548 1837 είρηται,
2577 1768 2671 1820 καὶ
2696 1768 2793 1836 τῆς
2823 1769 3161 1837 λειτουργίας
3185 1770 3365 1822 αὐτῶν
3397 1772 3782 1838 μετρουμένης

2214 1857 2448 1927 χρονικῷ
2467 1858 2808 1927 διαστήματι,
2834 1858 3271 1927 εἱκαιομυθοῦσιν
3290 1862 3339 1910 οἱ
3363 1859 3634 1926 λέγοντες,
3666 1862 3781 1912 ἀπὸ

2214 1948 2305 1999 τοῦ
2361 1948 2612 2014 ῥηθέντος
2672 1949 2889 2009 κανόνος
2948 1949 3293 2016 στηρίζεσθαι
3352 1951 3411 2002 τὸ
3469 1952 3619 2021 παρὰ
3682 1952 3780 2004 τοῦ

2212 2036 2576 2105 πρωτεκδίκου
2599 2036 2908 2105 λεγόμενον.
2928 2038 3005 2089 Τὰ
3025 2038 3081 2089 δὲ
3106 2039 3327 2106 ῥήματα
3353 2038 3445 2091 τοῦ
3470 2041 3772 2109 πρωτεκδίο

2211 2143 2304 2178 κου
2332 2125 2555 2194 βισλίου,
2579 2126 2645 2178 τὰ
2669 2126 2807 2178 οὕτω
2834 2146 2947 2189 πως
2973 2128 3108 2180 κατὰ
3136 2129 3286 2199 ῥῆμα
3310 2130 3773 2197 διαλαμϐάνοντα·

2212 2213 2308 2263 Δεῖ
2343 2212 2518 2278 ὑμᾶς,
2546 2213 2602 2264 ει
2639 2228 2727 2277 τις
2750 2212 2867 2263 τῶν
2895 2215 3310 2280 πρεσϐυτέρων
3339 2216 3439 2268 καὶ
3475 2216 3673 2268 omnes
3692 2234 3782 2268 ων

2211 2300 2387 2365 δίκην
2408 2300 2527 2361 ἔξει
2552 2300 2703 2367 μετά
2738 2318 2926 2365 τινος,
2955 2302 3381 2369 προκαλεῖσθαι
3402 2304 3447 2334 ³⁸
3469 2304 3576 2355 τὸν
3612 2303 3779 2372 διετ-

2211 2392 2582 2455 κααὶούμενον
2609 2390 2675 2441 ἐκ
2709 2392 2902 2457 τρίτου
2940 2392 3087 2443 κατὰ
3126 2394 3232 2444 τὸν
3280 2392 3595 2459 εἰρημένον
3637 2394 3783 2459 τρό-

2212 2494 2344 2541 πον,
2363 2478 2459 2530 καί
2470 2479 2879 2546 μὴύπείκοντα
2895 2478 3320 2537 καταδικάζειν.
3344 2482 3418 2532 Οὐ
3448 2481 3780 2532 κατασπῶσι

2215 2567 2589 2638 προθέλυμνόν,
2625 2569 2733 2621 οὐδ’
2773 2568 2831 2631 ἐξ
2870 2570 3325 2635 άποσπάδος,οὑδ⁸
3353 2571 3417 2621 ἐκ
3438 2570 3641 2637 φλοιοῦ,
3680 2571 3783 2639 τὴν

2213 2657 2348 2708 κατὰ
2368 2657 2579 2711 πάντων
2596 2657 2699 2709 τῶν
2732 2659 3036 2727 ἱερωμένων
3070 2658 3433 2711 δικαιοδοσίαν
3456 2660 3550 2710 τοῦ
3579 2677 3783 2729 χαρτο-

2214 2742 2447 2812 φύλακος
2471 2784 2485 2808 ,
2512 2745 2603 2795 καὶ
2631 2745 2763 2812 πρὸς
2827 2747 2948 2808 τοὺς
2988 2745 3233 2807 ἐκδίκους
3291 2749 3783 2815 μεταφυτεύουσιν.

2283 2832 2415 2887 Οὐδὲ
2448 2834 2553 2903 γὰρ
2582 2834 3029 2901 ἐκλαμϐάνονται,
3057 2835 3237 2896 καθώς
3265 2852 3436 2904 φησιν
3463 2839 3491 2888 ὁ
3528 2842 3785 2905 πρωτέκο

2213 2922 2380 2985 δικος,
2442 2924 2517 2982 είς
2546 2922 2603 2974 τὸ
2639 2922 2893 2975 δύνασθαι
2938 2924 3124 2976 τοῦτον
3177 2926 3621 2993 καταναγκάζειν
3681 2929 3779 2980 καὶ

2212 3011 2439 3073 ἄκοντας
2471 3011 2598 3072 τοὺς
2627 3012 2988 3078 ἐναγομένους
3016 3012 3165 3081 παρὰ
3189 3013 3453 3066 διακόνων
3512 3016 3607 3067 καὶ
3640 3033 3781 3084 πρε-

2218 3100 2489 3170 σϐυτέρων
2522 3101 2702 3164 τινῶν,
2738 3103 2867 3162 ἴσως
2887 3103 3045 3163 ὄντας
3073 3105 3164 3156 καὶ
3191 3105 3432 3169 λαῖκοὺς,
3487 3106 3782 3173 ἀπολογεῖ-

2218 3189 2336 3241 σθαι
2367 3190 2513 3256 παρὰ
2538 3190 2707 3259 τούτῳ
2738 3195 2862 3260 περὶ
2889 3188 2961 3245 ὧν
2993 3194 3297 3261 ήαὶτίασις.
3331 3195 3507 3248 Τοῦτο
3532 3197 3639 3266 γὰρ
3682 3198 3783 3248 καὶ

2215 3280 2479 3349 τολμηρόν
2537 3280 2702 3347 ἐστιν,
2757 3283 2873 3334 οὐδὲ
2909 3286 2974 3353 τῇ
3027 3288 3395 3354 πατριαρχικῇ
3446 3286 3568 3355 θείᾳ
3610 3303 3782 3353 μεγα-

2216 3368 2445 3438 λειότητι
2492 3371 2717 3434 δέδοται,
2776 3373 2850 3433 ὡς
2915 3375 3229 3427 ὑπεναντίον
3265 3376 3377 3436 τοῖς
3424 3376 3632 3442 νόμοις,
3665 3379 3783 3437 τοῖς

2215 3456 2591 3526 διοριζομένοις
2608 3459 2714 3510 τῶν
2741 3460 3080 3527 ἐναγομένων
3108 3462 3183 3530 τῷ
3207 3463 3354 3531 φόρῳ
3387 3463 3511 3524 τοὺς
3546 3464 3779 3530 ἐνάγον-

2214 3561 2310 3605 τας
2326 3545 2570 3601 ἐπεσθαι.
2604 3548 2663 3599 Εἱ
2690 3549 2747 3599 δέ
2786 3565 2869 3610 τις
2892 3548 2983 3600 τοῦ
3005 3551 3432 3618 πρωτεκδικικοῦ
3471 3552 3781 3619 θελήματος

2215 3635 2564 3703 ἀντεχόμενος
2590 3630 2949 3701 (εὐλογοῦνται
2998 3637 3126 3706 γὰρ,
3166 3638 3319 3706 φησὶ,
3348 3638 3442 3690 καὶ
3492 3654 3781 3708 κακοπρα-

2217 3722 2435 3787 γοῦντες
2478 3724 2689 3791 ἐνίοτε),
2727 3724 2986 3793 ὑποθήσει
3022 3727 3392 3794 κενεμϐατῶν,
3420 3728 3489 3778 τὰ
3543 3728 3783 3795 ρηθέντα

2218 3810 2433 3878 ῥήματα
2461 3811 2933 3881 διαλέγεσθαιπερὶ
2957 3812 3135 3881 μερῶν
3154 3813 3227 3882 μὴ
3263 3812 3634 3881 μεριζομένων
3658 3814 3781 3865 δια·

2225 3902 2407 3969 φόροις
2435 3900 2877 3967 ἐπιτηδεύμασιν.
2913 3900 3027 3952 ἀλλ’
3045 3901 3337 3969 ήνωμένων
3358 3902 3453 3967 τῆς
3480 3900 3783 3969 ἱερωσύνης

2215 3990 2290 4058 τῷ
2321 3989 2709 4056 ἐπαγγέλματι,
2744 3989 2963 4040 ἀκούσει
2992 3989 3080 4040 διὰ
3132 3988 3322 4040 τούτου
3351 3990 3547 4057 σχολὴν
3574 3990 3785 4058 τολμηο

2218 4078 2317 4149 ρὰν
2351 4076 2817 4147 καταψηφίζεσθαι
2853 4077 2944 4128 καὶ
2978 4078 3303 4146 παρόρασιν,
3367 4078 3440 4144 μὴ
3491 4076 3651 4145 μόνον
3680 4080 3785 4145 τῆς

2220 4166 2569 4225 δικαιοδοσίας
2596 4163 2690 4216 τοῦ
2732 4163 3160 4234 χαρτοφύλακος,
3197 4163 3334 4216 ἀλλὰ
3378 4165 3470 4215 καὶ
3521 4164 3614 4215 τοῦ
3670 4179 3782 4215 πα-

2216 4253 2534 4323 τριαρχικοῦ
2569 4252 2837 4305 θειοτάτου
2877 4252 3138 4321 βήματος.
3174 4253 3233 4304 Et
3261 4252 3366 4321 γὰρ
3389 4254 3547 4303 τοῦτο
3576 4248 3784 4320 δοθείη,

2219 4342 2609 4408 δικαιοδοτήσει
2640 4341 3004 4409 θαρρούντως,
3039 4340 3273 4407 μάλιστα
3301 4340 3345 4389 δ’
3376 4341 3551 4390 εἰπεῖν
3584 4338 3788 4390 αὐθεν-

2216 4432 2379 4494 τικῶς
2412 4432 2439 4482 ὀ
2474 4428 2863 4498 πρωτέκδικος,
2910 4429 3048 4481 κατὰ
3093 4428 3416 4497 ἀρχιερέων,
3472 4429 3567 4478 καὶ
3598 4427 3790 4478 διακό-

573 4511 873 4579 pontifices,
927 4522 979 4569 et
1041 4518 1318 4593 diaconos,
1380 4532 1427 4574 et
1490 4523 1729 4591 reliquos
1782 4526 2111 4594 sacerdotes,

2217 4539 2339 4580 νων,
2378 4522 2469 4571 καὶ
2500 4519 2702 4570 λοιπῶν
2722 4519 2829 4570 τῶν
2858 4517 2950 4570 τοῦ
2975 4518 3235 4587 βήματος,
3270 4517 3418 4567 ἐστιν
3450 4518 3537 4568 ὅτε
3562 4515 3654 4566 καὶ
3683 4534 3790 4584 με-

574 4602 785 4667 magnis
835 4617 1220 4673 nonnunquam
1274 4609 1625 4678 dignitatibus
1689 4613 1949 4680 insignes,
1995 4630 2114 4684 qua:

2217 4609 2357 4676 γάλα
2386 4608 2789 4677 διαπρεπύντων
2828 4606 3075 4675 ὀφφίκια,
3138 4606 3231 4658 καὶ
3270 4607 3368 4673 τὴν
3424 4607 3792 4675 πρωτεκδικι-

575 4689 745 4757 ipsius
798 4693 959 4747 etiam
1013 4698 1167 4763 primi
1221 4698 1527 4753 defensoris
1580 4702 2005 4767 iurisdictionem
2051 4720 2114 4758 ex

2219 4700 2321 4768 κὴν
2376 4696 2787 4765 ίουρισδικτίονα
2847 4696 2987 4748 κατὰ
3037 4696 3323 4763 διάμετρον
3383 4697 3786 4761 ὑπερπαίοντα.

574 4780 839 4836 diametro
872 4789 1271 4841 transcendant.
1318 4788 1458 4853 Quin
1503 4798 1556 4843 et
1598 4793 1971 4861 episcopianos
2012 4796 2114 4848 sibi

2219 4788 2448 4854 Ζητήσει
2474 4787 2528 4838 δὲ
2556 4788 2646 4837 καὶ
2678 4785 2802 4845 τοὺς
2828 4784 3282 4844 ὲπισκοπειανοὺς
3334 4783 3784 4849 σφετερίσασθαι,

574 4870 847 4926 vindicare
877 4876 1177 4935 conabitur,
1204 4878 1360 4932 veluti
1388 4879 1479 4947 qui
1505 4883 1735 4949 episc0pi
1772 4883 2112 4936 ratiocinium

2217 4876 2289 4937 ὡς
2312 4876 2607 4927 ἐπισκόπου
2639 4873 3055 4941 κληρωσάμενος
3109 4871 3440 4937 λογοθὲσιον.
3472 4870 3653 4937 ’Ὅπερ
3713 4874 3788 4935 ὡς

574 4960 801 5014 sortitus
834 4962 920 5015 sit.
976 4950 1127 5026 Quod
1183 4982 1333 5029 sane,
1369 4984 1528 5036 quam
1583 4969 1869 5023 absurdum
1917 4972 2005 5032 sit,
2050 4986 2114 5025 ne

2218 4963 2436 5025 ἄτοπον,
2499 4964 2615 5014 οὐδὲ
2663 4961 2912 5027 λέγεσθαι
2966 4961 3135 5022 ἄξιον.
3192 4960 3267 5011 Τδ
3321 4960 3377 5011 δὲ
3406 4961 3587 5026 λέγειν
3630 4962 3787 5022 τινὰ,

574 5047 679 5100 dici
710 5050 922 5114 quidem
967 5062 1223 5106 meretur.
1275 5056 1541 5111 Caeterum
1583 5058 1724 5123 quod
1762 5058 1979 5125 quidam
2019 5059 2111 5122 ait,

2217 5058 2340 5117 τοὺς
2380 5052 2700 5119 ἑλκομένους
2744 5050 2891 5118 παρὰ
2913 5052 3022 5111 τοῖς
3062 5049 3296 5110 ἐκδίκοις
3317 5049 3424 5100 ὑπό
3458 5066 3621 5101 τινων
3673 5050 3788 5101 τῶν

574 5150 667 5191 eos
701 5138 791 5205 qui
827 5153 854 5190 a
890 5142 1262 5196 sacerdotibus
1293 5146 1433 5213 apud
1467 5145 1791 5201 defensores
1820 5148 1889 5200 ob
1923 5161 2114 5214 quom-

2220 5141 2313 5193 τοῦ
2360 5140 2601 5209 βήματος
2666 5140 2791 5207 περὶ
2865 5139 3211 5208 χρηματικῆς
3277 5137 3308 5205 ἢ
3365 5136 3790 5204 ἐγκληματικῆς

575 5241 787 5294 cunque
811 5244 1025 5282 causam
1060 5232 1139 5283 vel
1171 5233 1402 5297 civilem,
1438 5234 1515 5287 vel
1554 5234 1911 5298 criminalem,
1946 5236 1997 5287 in
2028 5234 2114 5301 jus

2220 5233 2546 5300 οἱασδήτινος
2577 5228 3158 5291 ὑποθέσεως,,όφείλειν
3210 5226 3633 5295 μετακαλεῖσθαι
3695 5225 3789 5278 διὰ

577 5318 835 5383 rapiatur,
865 5334 957 5388 per
988 5329 1095 5375 tres
1123 5323 1561 5378 denuntiationos
1588 5339 1708 5378 esse
1739 5325 2114 5387 arcessendos,

2225 5320 2553 5389 μηνυμάτων
2580 5318 2764 5383 τριῶν,
2788 5316 2881 5366 καὶ
2917 5314 3370 5377 καταδικάζεσθαι
3428 5314 3503 5383 μὴ
3539 5315 3788 5365 ὑπείκονυ

578 5415 631 5459 et
674 5409 1115 5463 condemnandos
1168 5412 1210 5463 si
1265 5426 1369 5465 non
1452 5421 1801 5481 compareant
1848 5412 1926 5478 (id
1974 5414 2114 5466 enim

2226 5428 2322 5471 τας
2356 5408 2516 5472 (οὕτω
2547 5408 2651 5475 γὰρ
2679 5408 2889 5474 ἀνάγκη
2917 5405 3062 5457 πᾶσα
3107 5404 3390 5473 πρόκειται
3421 5401 3689 5469 γίνεσθαι,
3736 5400 3787 5453 εἱ

581 5499 800 5552 omnino
836 5498 920 5551 fiat
958 5514 1175 5554 necesse
1220 5510 1300 5555 est
1348 5501 1394 5555 si
1443 5516 1759 5558 concessum
1810 5502 1988 5565 fuerit,
2028 5516 2114 5569 per

2222 5500 2398 5568 δοθείη
2429 5500 2513 5552 διὰ
2541 5498 2645 5549 τῶν
2668 5496 2937 5565 ῥηθέντων
2987 5495 3246 5565 ῥημάτων
3291 5492 3389 5545 τοῦ
3422 5488 3787 5560 «pensam-

1862 5641 2091 5695 VARIE
2130 5640 2524 5694 LECTIONES.

658 5708 699 5737 '°
725 5712 1127 5780 προσαλεῖσθαι.
