  <div class='ocr_page' id='page_1' title='image "/cluster/home/n/w/nwhite01/storage/ocr_20150623/138/ien.35556001660133/532.png"; bbox 0 0 4004 6462; ppageno 0'>
   <div class='ocr_carea' id='block_1_1' title="bbox 273 368 404 433">
    <p class='ocr_par' dir='ltr' id='par_1_1' title="bbox 273 368 404 433">
     <span class='ocr_line' id='line_1_1' title="bbox 273 368 404 433; baseline 0.031 -4"><span class='ocrx_word' id='word_1_1' title='bbox 273 368 404 433; x_wconf 83' lang='grc'><strong>103⁸1</strong></span> 
     </span>
    </p>
   </div>
   <div class='ocr_carea' id='block_1_2' title="bbox 1694 377 2104 439">
    <p class='ocr_par' dir='ltr' id='par_1_2' title="bbox 1694 377 2104 439">
     <span class='ocr_line' id='line_1_2' title="bbox 1694 377 2104 439; baseline 0.01 -4"><span class='ocrx_word' id='word_1_2' title='bbox 1694 378 1744 435; x_wconf 79' lang='grc' dir='ltr'>Μ</span> <span class='ocrx_word' id='word_1_3' title='bbox 1757 377 2104 439; x_wconf 69' lang='grc' dir='ltr'><strong>ΕΒΙΤΑΤΛ.</strong></span> 
     </span>
    </p>
   </div>
   <div class='ocr_carea' id='block_1_3' title="bbox 3353 381 3480 446">
    <p class='ocr_par' dir='ltr' id='par_1_3' title="bbox 3353 381 3480 446">
     <span class='ocr_line' id='line_1_3' title="bbox 3353 381 3480 446; baseline -0.024 0"><span class='ocrx_word' id='word_1_4' title='bbox 3353 381 3480 446; x_wconf 81' lang='grc'><strong>1038</strong></span> 
     </span>
    </p>
   </div>
   <div class='ocr_carea' id='block_1_4' title="bbox 277 493 1841 566">
    <p class='ocr_par' dir='ltr' id='par_1_4' title="bbox 277 495 1830 566">
     <span class='ocr_line' id='line_1_4' title="bbox 277 495 1830 566; baseline -0.001 -16"><span class='ocrx_word' id='word_1_5' title='bbox 277 497 377 550; x_wconf 78' lang='grc' dir='ltr'><strong>κού</strong></span> <span class='ocrx_word' id='word_1_6' title='bbox 424 495 626 563; x_wconf 66' lang='grc' dir='ltr'><strong>βιϐλίου</strong></span> <span class='ocrx_word' id='word_1_7' title='bbox 657 495 838 548; x_wconf 74' lang='grc' dir='ltr'><strong>λαϐεῖν</strong></span> <span class='ocrx_word' id='word_1_8' title='bbox 893 497 981 548; x_wconf 80' lang='grc' dir='ltr'><strong>τὸν</strong></span> <span class='ocrx_word' id='word_1_9' title='bbox 1012 498 1378 565; x_wconf 57' lang='grc' dir='ltr'><strong>πρωτὲκδικον</strong></span> <span class='ocrx_word' id='word_1_10' title='bbox 1445 500 1649 561; x_wconf 80' lang='grc' dir='ltr'><strong>ἀδειαν,</strong></span> <span class='ocrx_word' id='word_1_11' title='bbox 1703 502 1830 566; x_wconf 70' lang='grc' dir='ltr'><strong>περὶ</strong></span> 
     </span>
    </p>
   </div>
   <div class='ocr_carea' id='block_1_5' title="bbox 1943 493 3471 566">
    <p class='ocr_par' dir='ltr' id='par_1_5' title="bbox 1943 493 3471 562">
     <span class='ocr_line' id='line_1_5' title="bbox 1943 493 3471 562; baseline 0.001 -12"><span class='ocrx_word' id='word_1_12' title='bbox 1943 497 2168 551; x_wconf 58' lang='lat' dir='ltr'><strong>indicata</strong></span> <span class='ocrx_word' id='word_1_13' title='bbox 2222 496 2380 551; x_wconf 83' lang='lat' dir='ltr'><strong>verba</strong></span> <span class='ocrx_word' id='word_1_14' title='bbox 2431 495 2551 549; x_wconf 82' lang='lat' dir='ltr'><strong>libri</strong></span> <span class='ocrx_word' id='word_1_15' title='bbox 2601 495 2668 549; x_wconf 88' lang='lat' dir='ltr'><strong>de</strong></span> <span class='ocrx_word' id='word_1_16' title='bbox 2715 493 2886 548; x_wconf 73' lang='lat' dir='ltr'><strong>officio</strong></span> <span class='ocrx_word' id='word_1_17' title='bbox 2940 495 3098 562; x_wconf 84' lang='lat' dir='ltr'><strong>primi</strong></span> <span class='ocrx_word' id='word_1_18' title='bbox 3149 493 3471 562; x_wconf 86' lang='lat' dir='ltr'><strong>defensorts,</strong></span> 
     </span>
    </p>
   </div>
   <div class='ocr_carea' id='block_1_6' title="bbox 280 586 1831 658">
    <p class='ocr_par' dir='ltr' id='par_1_6' title="bbox 280 586 1831 658">
     <span class='ocr_line' id='line_1_6' title="bbox 280 586 1831 658; baseline 0.001 -19"><span class='ocrx_word' id='word_1_19' title='bbox 280 589 458 656; x_wconf 75' lang='grc' dir='ltr'><strong>πάσης</strong></span> <span class='ocrx_word' id='word_1_20' title='bbox 489 587 788 649; x_wconf 73' lang='grc' dir='ltr'><strong>ὑποθέσεως</strong></span> <span class='ocrx_word' id='word_1_21' title='bbox 814 586 1051 649; x_wconf 78' lang='grc' dir='ltr'><strong>δικάζειν</strong></span> <span class='ocrx_word' id='word_1_22' title='bbox 1073 587 1351 649; x_wconf 74' lang='grc' dir='ltr'><strong>διακόνους</strong></span> <span class='ocrx_word' id='word_1_23' title='bbox 1383 590 1475 640; x_wconf 63' lang='grc' dir='ltr'><strong>καὶ</strong></span> <span class='ocrx_word' id='word_1_24' title='bbox 1511 591 1674 658; x_wconf 75' lang='grc' dir='ltr'><strong>ἱερεῖς</strong></span> <span class='ocrx_word' id='word_1_25' title='bbox 1696 589 1831 657; x_wconf 76' lang='grc' dir='ltr'><strong>μετὰ</strong></span> 
     </span>
    </p>
   </div>
   <div class='ocr_carea' id='block_1_7' title="bbox 280 675 1830 747">
    <p class='ocr_par' dir='ltr' id='par_1_7' title="bbox 280 675 1830 747">
     <span class='ocr_line' id='line_1_7' title="bbox 280 675 1830 747; baseline 0 -18"><span class='ocrx_word' id='word_1_26' title='bbox 280 678 389 730; x_wconf 85' lang='grc' dir='ltr'><strong>τῶν</strong></span> <span class='ocrx_word' id='word_1_27' title='bbox 419 675 830 730; x_wconf 80' lang='grc' dir='ltr'><strong>άντιθιτούντων</strong></span> <span class='ocrx_word' id='word_1_28' title='bbox 857 676 1080 746; x_wconf 72' lang='grc' dir='ltr'><strong>αὐτοῖς),</strong></span> <span class='ocrx_word' id='word_1_29' title='bbox 1112 679 1228 739; x_wconf 85' lang='grc' dir='ltr'><strong>πῶς</strong></span> <span class='ocrx_word' id='word_1_30' title='bbox 1251 679 1349 730; x_wconf 82' lang='grc' dir='ltr'><strong>οὐκ</strong></span> <span class='ocrx_word' id='word_1_31' title='bbox 1380 678 1493 729; x_wconf 76' lang='grc' dir='ltr'><strong>ἐστι</strong></span> <span class='ocrx_word' id='word_1_32' title='bbox 1520 678 1616 746; x_wconf 81' lang='grc' dir='ltr'><strong>τῆς</strong></span> <span class='ocrx_word' id='word_1_33' title='bbox 1647 695 1830 747; x_wconf 87' lang='grc' dir='ltr'><strong>πρωτ-</strong></span> 
     </span>
    </p>
   </div>
   <div class='ocr_carea' id='block_1_8' title="bbox 278 764 1829 835">
    <p class='ocr_par' dir='ltr' id='par_1_8' title="bbox 278 764 1829 835">
     <span class='ocr_line' id='line_1_8' title="bbox 278 764 1829 835; baseline -0.001 -17"><span class='ocrx_word' id='word_1_34' title='bbox 278 767 559 835; x_wconf 78' lang='grc' dir='ltr'><strong>εκδικικῆς</strong></span> <span class='ocrx_word' id='word_1_35' title='bbox 586 765 774 832; x_wconf 80' lang='grc' dir='ltr'><strong>σοφίας</strong></span> <span class='ocrx_word' id='word_1_36' title='bbox 807 764 1058 831; x_wconf 75' lang='grc' dir='ltr'><strong>ἀνάξιονς</strong></span> <span class='ocrx_word' id='word_1_37' title='bbox 1092 766 1260 818; x_wconf 77' lang='grc' dir='ltr'><strong>Βαϐαὶ</strong></span> <span class='ocrx_word' id='word_1_38' title='bbox 1285 768 1410 835; x_wconf 83' lang='grc' dir='ltr'><strong>γὰρ,</strong></span> <span class='ocrx_word' id='word_1_39' title='bbox 1446 767 1587 818; x_wconf 80' lang='grc' dir='ltr'><strong>πόσα</strong></span> <span class='ocrx_word' id='word_1_40' title='bbox 1642 766 1829 818; x_wconf 88' lang='grc' dir='ltr'><strong>τούτου</strong></span> 
     </span>
    </p>
   </div>
   <div class='ocr_carea' id='block_1_9' title="bbox 278 845 1829 921">
    <p class='ocr_par' dir='ltr' id='par_1_9' title="bbox 278 845 1829 921">
     <span class='ocr_line' id='line_1_9' title="bbox 278 845 1829 921; baseline -0.002 -15"><span class='ocrx_word' id='word_1_41' title='bbox 278 845 521 916; x_wconf 65' lang='grc' dir='ltr'><strong>ὣθέντος</strong></span> <span class='ocrx_word' id='word_1_42' title='bbox 560 852 874 905; x_wconf 78' lang='grc' dir='ltr'><strong>ἀθετοῦνται</strong></span> <span class='ocrx_word' id='word_1_43' title='bbox 911 854 1155 905; x_wconf 72' lang='grc' dir='ltr'><strong>θειότατα</strong></span> <span class='ocrx_word' id='word_1_44' title='bbox 1201 854 1438 921; x_wconf 78' lang='grc' dir='ltr'><strong>νόμιμαῑ</strong></span> <span class='ocrx_word' id='word_1_45' title='bbox 1493 854 1633 904; x_wconf 80' lang='grc' dir='ltr'><strong>πόσα</strong></span> <span class='ocrx_word' id='word_1_46' title='bbox 1679 852 1829 918; x_wconf 85' lang='grc' dir='ltr'><strong>βασι-</strong></span> 
     </span>
    </p>
   </div>
   <div class='ocr_carea' id='block_1_10' title="bbox 278 941 1833 1011">
    <p class='ocr_par' dir='ltr' id='par_1_10' title="bbox 278 941 1833 1011">
     <span class='ocr_line' id='line_1_10' title="bbox 278 941 1833 1011; baseline -0.001 -17"><span class='ocrx_word' id='word_1_47' title='bbox 278 943 414 994; x_wconf 78' lang='grc' dir='ltr'><strong>λέων</strong></span> <span class='ocrx_word' id='word_1_48' title='bbox 470 942 762 1011; x_wconf 77' lang='grc' dir='ltr'><strong>όρθοδόξων</strong></span> <span class='ocrx_word' id='word_1_49' title='bbox 834 941 1291 1010; x_wconf 77' lang='grc' dir='ltr'><strong>θεσπιωόήματαί</strong></span> <span class='ocrx_word' id='word_1_50' title='bbox 1372 942 1509 994; x_wconf 85' lang='grc' dir='ltr'><strong>πόσα</strong></span> <span class='ocrx_word' id='word_1_51' title='bbox 1575 941 1833 1008; x_wconf 86' lang='grc' dir='ltr'><strong>Πατέρων</strong></span> 
     </span>
    </p>
   </div>
   <div class='ocr_carea' id='block_1_11' title="bbox 280 1032 1834 1113">
    <p class='ocr_par' dir='ltr' id='par_1_11' title="bbox 280 1032 1834 1113">
     <span class='ocr_line' id='line_1_11' title="bbox 280 1032 1834 1113; baseline -0.001 -29"><span class='ocrx_word' id='word_1_52' title='bbox 280 1033 440 1086; x_wconf 80' lang='grc' dir='ltr'><strong>θείων</strong></span> <span class='ocrx_word' id='word_1_53' title='bbox 501 1033 748 1101; x_wconf 75' lang='grc' dir='ltr'><strong>δόγματα</strong></span> <span class='ocrx_word' id='word_1_54' title='bbox 795 1033 886 1113; x_wconf 56' lang='lat' dir='ltr'><strong>aceti.</strong></span> <span class='ocrx_word' id='word_1_55' title='bbox 920 1032 1257 1101; x_wconf 78' lang='grc' dir='ltr'><strong>διδάγματα,</strong></span> <span class='ocrx_word' id='word_1_56' title='bbox 1307 1034 1434 1095; x_wconf 81' lang='grc' dir='ltr'><strong>τοὺς</strong></span> <span class='ocrx_word' id='word_1_57' title='bbox 1480 1034 1834 1101; x_wconf 75' lang='grc' dir='ltr'><strong>ὲναγομένους</strong></span> 
     </span>
    </p>
   </div>
   <div class='ocr_carea' id='block_1_12' title="bbox 282 1119 1835 1190">
    <p class='ocr_par' dir='ltr' id='par_1_12' title="bbox 282 1119 1835 1190">
     <span class='ocr_line' id='line_1_12' title="bbox 282 1119 1835 1190; baseline -0.001 -17"><span class='ocrx_word' id='word_1_58' title='bbox 282 1121 548 1182; x_wconf 79' lang='grc' dir='ltr'><strong>παντοίως</strong></span> <span class='ocrx_word' id='word_1_59' title='bbox 583 1122 903 1186; x_wconf 72' lang='grc' dir='ltr'><strong>συνάγοντα,</strong></span> <span class='ocrx_word' id='word_1_60' title='bbox 932 1119 1070 1190; x_wconf 62' lang='lat' dir='ltr'><strong>[uel]</strong></span> <span class='ocrx_word' id='word_1_61' title='bbox 1116 1121 1183 1173; x_wconf 79' lang='grc' dir='ltr'><strong>δι’</strong></span> <span class='ocrx_word' id='word_1_62' title='bbox 1217 1122 1656 1190; x_wconf 73' lang='grc' dir='ltr'><strong>ἑπιφωνημάτων</strong></span> <span class='ocrx_word' id='word_1_63' title='bbox 1681 1137 1835 1190; x_wconf 77' lang='grc' dir='ltr'><strong>τρια-</strong></span> 
     </span>
    </p>
   </div>
   <div class='ocr_carea' id='block_1_13' title="bbox 281 1210 1835 1279">
    <p class='ocr_par' dir='ltr' id='par_1_13' title="bbox 281 1210 1835 1279">
     <span class='ocr_line' id='line_1_13' title="bbox 281 1210 1835 1279; baseline -0.001 -17"><span class='ocrx_word' id='word_1_64' title='bbox 281 1210 636 1279; x_wconf 77' lang='grc' dir='ltr'><strong>κονθημέρων</strong></span> <span class='ocrx_word' id='word_1_65' title='bbox 663 1210 1187 1277; x_wconf 78' lang='grc' dir='ltr'><strong>μετακαλουμένους,</strong></span> <span class='ocrx_word' id='word_1_66' title='bbox 1240 1213 1333 1262; x_wconf 73' lang='grc' dir='ltr'><strong>καὶ</strong></span> <span class='ocrx_word' id='word_1_67' title='bbox 1379 1211 1593 1272; x_wconf 77' lang='grc' dir='ltr'><strong>διπλαῖς</strong></span> <span class='ocrx_word' id='word_1_68' title='bbox 1640 1210 1835 1278; x_wconf 82' lang='grc' dir='ltr'><strong>ἐκκλή-</strong></span> 
     </span>
    </p>
   </div>
   <div class='ocr_carea' id='block_1_14' title="bbox 283 1298 1836 1369">
    <p class='ocr_par' dir='ltr' id='par_1_14' title="bbox 283 1298 1836 1369">
     <span class='ocr_line' id='line_1_14' title="bbox 283 1298 1836 1369; baseline 0 -18"><span class='ocrx_word' id='word_1_69' title='bbox 283 1317 397 1360; x_wconf 90' lang='grc' dir='ltr'><strong>τοις</strong></span> <span class='ocrx_word' id='word_1_70' title='bbox 426 1301 522 1366; x_wconf 80' lang='grc' dir='ltr'><strong>τὴν</strong></span> <span class='ocrx_word' id='word_1_71' title='bbox 556 1298 759 1353; x_wconf 90' lang='grc' dir='ltr'><strong>τούτων</strong></span> <span class='ocrx_word' id='word_1_72' title='bbox 795 1300 1087 1369; x_wconf 74' lang='grc' dir='ltr'><strong>καταδίκην</strong></span> <span class='ocrx_word' id='word_1_73' title='bbox 1133 1301 1558 1369; x_wconf 75' lang='grc' dir='ltr'><strong>μετεωρίζονταῑ</strong></span> <span class='ocrx_word' id='word_1_74' title='bbox 1615 1300 1836 1360; x_wconf 80' lang='grc' dir='ltr'><strong>Πάντως</strong></span> 
     </span>
    </p>
   </div>
   <div class='ocr_carea' id='block_1_15' title="bbox 285 1385 1832 1455">
    <p class='ocr_par' dir='ltr' id='par_1_15' title="bbox 285 1385 1832 1455">
     <span class='ocr_line' id='line_1_15' title="bbox 285 1385 1832 1455; baseline -0.003 -17"><span class='ocrx_word' id='word_1_75' title='bbox 285 1387 472 1450; x_wconf 72' lang='grc' dir='ltr'><strong>πολλὰ,</strong></span> <span class='ocrx_word' id='word_1_76' title='bbox 516 1388 608 1438; x_wconf 71' lang='grc' dir='ltr'><strong>καὶ</strong></span> <span class='ocrx_word' id='word_1_77' title='bbox 667 1387 842 1438; x_wconf 78' lang='grc' dir='ltr'><strong>πάντα</strong></span> <span class='ocrx_word' id='word_1_78' title='bbox 894 1387 1076 1455; x_wconf 75' lang='grc' dir='ltr'><strong>σχεδὸν</strong></span> <span class='ocrx_word' id='word_1_79' title='bbox 1141 1386 1372 1455; x_wconf 80' lang='grc' dir='ltr'><strong>ἀριθμὸν</strong></span> <span class='ocrx_word' id='word_1_80' title='bbox 1420 1385 1832 1453; x_wconf 76' lang='grc' dir='ltr'><strong>ὑπερϐαίνοντα.</strong></span> 
     </span>
    </p>
   </div>
   <div class='ocr_carea' id='block_1_16' title="bbox 283 1475 1836 1545">
    <p class='ocr_par' dir='ltr' id='par_1_16' title="bbox 283 1475 1836 1545">
     <span class='ocr_line' id='line_1_16' title="bbox 283 1475 1836 1545; baseline -0.001 -19"><span class='ocrx_word' id='word_1_81' title='bbox 283 1477 578 1541; x_wconf 79' lang='grc' dir='ltr'><strong>Συνάγεται</strong></span> <span class='ocrx_word' id='word_1_82' title='bbox 608 1476 784 1527; x_wconf 88' lang='grc' dir='ltr'><strong>τοίνυν</strong></span> <span class='ocrx_word' id='word_1_83' title='bbox 825 1475 1210 1545; x_wconf 84' lang='grc' dir='ltr'><strong>ἀπροσπαθῶς,</strong></span> <span class='ocrx_word' id='word_1_84' title='bbox 1240 1476 1334 1528; x_wconf 72' lang='grc' dir='ltr'><strong>καὶ</strong></span> <span class='ocrx_word' id='word_1_85' title='bbox 1388 1475 1487 1544; x_wconf 80' lang='grc' dir='ltr'><strong>τὴν</strong></span> <span class='ocrx_word' id='word_1_86' title='bbox 1519 1475 1582 1527; x_wconf 84' lang='grc' dir='ltr'><strong>ὲκ</strong></span> <span class='ocrx_word' id='word_1_87' title='bbox 1635 1475 1836 1527; x_wconf 87' lang='grc' dir='ltr'><strong>τούτων</strong></span> 
     </span>
    </p>
   </div>
   <div class='ocr_carea' id='block_1_17' title="bbox 279 1563 1837 1633">
    <p class='ocr_par' dir='ltr' id='par_1_17' title="bbox 279 1563 1837 1633">
     <span class='ocr_line' id='line_1_17' title="bbox 279 1563 1837 1633; baseline -0.001 -18"><span class='ocrx_word' id='word_1_88' title='bbox 279 1565 388 1615; x_wconf 87' lang='grc' dir='ltr'><strong>τῶν</strong></span> <span class='ocrx_word' id='word_1_89' title='bbox 421 1564 676 1632; x_wconf 73' lang='grc' dir='ltr'><strong>ῥημάτων</strong></span> <span class='ocrx_word' id='word_1_90' title='bbox 711 1563 1140 1633; x_wconf 79' lang='grc' dir='ltr'><strong>ἀναφαινομὲνην</strong></span> <span class='ocrx_word' id='word_1_91' title='bbox 1170 1564 1328 1631; x_wconf 75' lang='grc' dir='ltr'><strong>δῆθεν</strong></span> <span class='ocrx_word' id='word_1_92' title='bbox 1350 1564 1614 1630; x_wconf 73' lang='grc' dir='ltr'><strong>ἀσάφειαν</strong></span> <span class='ocrx_word' id='word_1_93' title='bbox 1633 1579 1837 1631; x_wconf 85' lang='grc' dir='ltr'><strong>συναρ-</strong></span> 
     </span>
    </p>
   </div>
   <div class='ocr_carea' id='block_1_18' title="bbox 285 1650 1835 1722">
    <p class='ocr_par' dir='ltr' id='par_1_18' title="bbox 285 1650 1835 1722">
     <span class='ocr_line' id='line_1_18' title="bbox 285 1650 1835 1722; baseline -0.001 -19"><span class='ocrx_word' id='word_1_94' title='bbox 285 1651 630 1722; x_wconf 80' lang='grc' dir='ltr'><strong>μολογεῖσοαι</strong></span> <span class='ocrx_word' id='word_1_95' title='bbox 675 1653 852 1714; x_wconf 84' lang='grc' dir='ltr'><strong>καλῶς</strong></span> <span class='ocrx_word' id='word_1_96' title='bbox 910 1655 973 1721; x_wconf 75' lang='grc' dir='ltr'><strong>τῇ</strong></span> <span class='ocrx_word' id='word_1_97' title='bbox 1008 1653 1134 1722; x_wconf 77' lang='grc' dir='ltr'><strong>περὶ</strong></span> <span class='ocrx_word' id='word_1_98' title='bbox 1183 1651 1504 1720; x_wconf 82' lang='grc' dir='ltr'><strong>ὲλευθεριῶν</strong></span> <span class='ocrx_word' id='word_1_99' title='bbox 1541 1651 1699 1721; x_wconf 77' lang='grc' dir='ltr'><strong>λοιπῇ</strong></span> <span class='ocrx_word' id='word_1_100' title='bbox 1744 1650 1835 1702; x_wconf 79' lang='grc' dir='ltr'><strong>τοῦ</strong></span> 
     </span>
    </p>
   </div>
   <div class='ocr_carea' id='block_1_19' title="bbox 283 1741 1838 1812">
    <p class='ocr_par' dir='ltr' id='par_1_19' title="bbox 283 1741 1838 1812">
     <span class='ocr_line' id='line_1_19' title="bbox 283 1741 1838 1812; baseline -0.002 -17"><span class='ocrx_word' id='word_1_101' title='bbox 283 1741 489 1811; x_wconf 82' lang='grc' dir='ltr'><strong>βιϐλίου</strong></span> <span class='ocrx_word' id='word_1_102' title='bbox 525 1745 704 1810; x_wconf 78' lang='grc' dir='ltr'><strong>γραφῇ</strong></span> <span class='ocrx_word' id='word_1_103' title='bbox 736 1757 746 1771; x_wconf 87' lang='lat'><strong>&#39;</strong></span> <span class='ocrx_word' id='word_1_104' title='bbox 785 1742 877 1793; x_wconf 77' lang='grc' dir='ltr'><strong>καὶ</strong></span> <span class='ocrx_word' id='word_1_105' title='bbox 905 1743 1029 1802; x_wconf 83' lang='grc' dir='ltr'><strong>τοὺς</strong></span> <span class='ocrx_word' id='word_1_106' title='bbox 1061 1741 1215 1812; x_wconf 69' lang='grc' dir='ltr'><strong>παρὰ</strong></span> <span class='ocrx_word' id='word_1_107' title='bbox 1240 1742 1626 1812; x_wconf 71' lang='grc' dir='ltr'><strong>πρεσϐυτέρων</strong></span> <span class='ocrx_word' id='word_1_108' title='bbox 1659 1742 1691 1810; x_wconf 82' lang='grc' dir='ltr'>ἢ</span> <span class='ocrx_word' id='word_1_109' title='bbox 1722 1741 1838 1793; x_wconf 86' lang='grc' dir='ltr'><strong>δια-</strong></span> 
     </span>
    </p>
   </div>
   <div class='ocr_carea' id='block_1_20' title="bbox 1934 584 3475 657">
    <p class='ocr_par' dir='ltr' id='par_1_20' title="bbox 1934 584 3475 657">
     <span class='ocr_line' id='line_1_20' title="bbox 1934 584 3475 657; baseline 0.001 -16"><span class='ocrx_word' id='word_1_110' title='bbox 1934 596 2248 657; x_wconf 80' lang='lat' dir='ltr'><strong>pOtestatcm</strong></span> <span class='ocrx_word' id='word_1_111' title='bbox 2287 587 2542 655; x_wconf 82' lang='lat' dir='ltr'><strong>consequi</strong></span> <span class='ocrx_word' id='word_1_112' title='bbox 2595 589 2827 654; x_wconf 89' lang='lat' dir='ltr'><strong>primum</strong></span> <span class='ocrx_word' id='word_1_113' title='bbox 2878 584 3250 649; x_wconf 78' lang='lat' dir='ltr'><strong>defensorem,</strong></span> <span class='ocrx_word' id='word_1_114' title='bbox 3286 589 3475 656; x_wconf 83' lang='lat' dir='ltr'><strong>quavis</strong></span> 
     </span>
    </p>
   </div>
   <div class='ocr_carea' id='block_1_21' title="bbox 1933 673 3472 743">
    <p class='ocr_par' dir='ltr' id='par_1_21' title="bbox 1933 673 3472 743">
     <span class='ocr_line' id='line_1_21' title="bbox 1933 673 3472 743; baseline -0.001 -14"><span class='ocrx_word' id='word_1_115' title='bbox 1933 679 1986 729; x_wconf 88' lang='lat' dir='ltr'><strong>in</strong></span> <span class='ocrx_word' id='word_1_116' title='bbox 2036 691 2196 730; x_wconf 83' lang='lat' dir='ltr'><strong>causa</strong></span> <span class='ocrx_word' id='word_1_117' title='bbox 2241 675 2522 743; x_wconf 88' lang='lat' dir='ltr'><strong>jndicandi</strong></span> <span class='ocrx_word' id='word_1_118' title='bbox 2576 675 2834 728; x_wconf 84' lang='lat' dir='ltr'><strong>diaconos</strong></span> <span class='ocrx_word' id='word_1_119' title='bbox 2883 681 2935 726; x_wconf 90' lang='lat' dir='ltr'><strong>et</strong></span> <span class='ocrx_word' id='word_1_120' title='bbox 2978 673 3302 737; x_wconf 79' lang='lat' dir='ltr'><strong>sacerdotes,</strong></span> <span class='ocrx_word' id='word_1_121' title='bbox 3350 691 3472 728; x_wconf 92' lang='lat' dir='ltr'><strong>eum</strong></span> 
     </span>
    </p>
   </div>
   <div class='ocr_carea' id='block_1_22' title="bbox 1933 764 3472 833">
    <p class='ocr_par' dir='ltr' id='par_1_22' title="bbox 1933 764 3472 833">
     <span class='ocr_line' id='line_1_22' title="bbox 1933 764 3472 833; baseline -0.003 -12"><span class='ocrx_word' id='word_1_122' title='bbox 1933 783 2119 821; x_wconf 89' lang='lat' dir='ltr'><strong>eorum</strong></span> <span class='ocrx_word' id='word_1_123' title='bbox 2158 765 2530 833; x_wconf 82' lang='lat' dir='ltr'><strong>adversariis),</strong></span> <span class='ocrx_word' id='word_1_124' title='bbox 2573 764 2625 818; x_wconf 90' lang='lat' dir='ltr'><strong>id</strong></span> <span class='ocrx_word' id='word_1_125' title='bbox 2666 779 2790 817; x_wconf 85' lang='lat' dir='ltr'><strong>vero</strong></span> <span class='ocrx_word' id='word_1_126' title='bbox 2826 777 2929 831; x_wconf 88' lang='lat' dir='ltr'><strong>quo</strong></span> <span class='ocrx_word' id='word_1_127' title='bbox 2962 771 3120 830; x_wconf 85' lang='lat' dir='ltr'><strong>pacto</strong></span> <span class='ocrx_word' id='word_1_128' title='bbox 3156 765 3472 829; x_wconf 89' lang='lat' dir='ltr'><strong>sapientiam</strong></span> 
     </span>
    </p>
   </div>
   <div class='ocr_carea' id='block_1_23' title="bbox 1932 852 3476 923">
    <p class='ocr_par' dir='ltr' id='par_1_23' title="bbox 1932 852 3476 923">
     <span class='ocr_line' id='line_1_23' title="bbox 1932 852 3476 923; baseline -0.001 -15"><span class='ocrx_word' id='word_1_129' title='bbox 1932 857 2091 923; x_wconf 81' lang='lat' dir='ltr'><strong>primi</strong></span> <span class='ocrx_word' id='word_1_130' title='bbox 2142 854 2453 909; x_wconf 60' lang='lat' dir='ltr'><strong>defensoris</strong></span> <span class='ocrx_word' id='word_1_131' title='bbox 2496 868 2599 906; x_wconf 90' lang='lat' dir='ltr'><strong>non</strong></span> <span class='ocrx_word' id='word_1_132' title='bbox 2653 854 2929 922; x_wconf 89' lang='lat' dir='ltr'><strong>indignum</strong></span> <span class='ocrx_word' id='word_1_133' title='bbox 2975 853 3096 906; x_wconf 81' lang='lat' dir='ltr'><strong>est?</strong></span> <span class='ocrx_word' id='word_1_134' title='bbox 3137 852 3312 918; x_wconf 73' lang='lat' dir='ltr'><strong>Babae,</strong></span> <span class='ocrx_word' id='word_1_135' title='bbox 3347 864 3476 920; x_wconf 83' lang='lat' dir='ltr'><strong>quot</strong></span> 
     </span>
    </p>
   </div>
   <div class='ocr_carea' id='block_1_24' title="bbox 1934 943 3482 1010">
    <p class='ocr_par' dir='ltr' id='par_1_24' title="bbox 1934 943 3482 1010">
     <span class='ocr_line' id='line_1_24' title="bbox 1934 943 3482 1010; baseline 0 -13"><span class='ocrx_word' id='word_1_136' title='bbox 1934 945 2026 998; x_wconf 91' lang='lat' dir='ltr'><strong>illo</strong></span> <span class='ocrx_word' id='word_1_137' title='bbox 2067 958 2333 997; x_wconf 85' lang='lat' dir='ltr'><strong>concesso</strong></span> <span class='ocrx_word' id='word_1_138' title='bbox 2374 943 2751 998; x_wconf 61' lang='lat' dir='ltr'><strong>sacratissima</strong></span> <span class='ocrx_word' id='word_1_139' title='bbox 2793 943 2936 1009; x_wconf 86' lang='lat' dir='ltr'><strong>leges</strong></span> <span class='ocrx_word' id='word_1_140' title='bbox 2979 943 3294 995; x_wconf 79' lang='lat' dir='ltr'><strong>abolentur!</strong></span> <span class='ocrx_word' id='word_1_141' title='bbox 3350 952 3482 1010; x_wconf 87' lang='lat' dir='ltr'><strong>quot</strong></span> 
     </span>
    </p>
   </div>
   <div class='ocr_carea' id='block_1_25' title="bbox 1935 1032 3482 1098">
    <p class='ocr_par' dir='ltr' id='par_1_25' title="bbox 1935 1032 3482 1098">
     <span class='ocr_line' id='line_1_25' title="bbox 1935 1032 3482 1098; baseline -0.001 -14"><span class='ocrx_word' id='word_1_142' title='bbox 1935 1033 2358 1085; x_wconf 78' lang='lat' dir='ltr'><strong>orthodoxorum</strong></span> <span class='ocrx_word' id='word_1_143' title='bbox 2395 1033 2694 1098; x_wconf 86' lang='lat' dir='ltr'><strong>principum</strong></span> <span class='ocrx_word' id='word_1_144' title='bbox 2724 1032 3064 1083; x_wconf 73' lang='lat' dir='ltr'><strong>sanctiones!</strong></span> <span class='ocrx_word' id='word_1_145' title='bbox 3101 1039 3232 1097; x_wconf 92' lang='lat' dir='ltr'><strong>quot</strong></span> <span class='ocrx_word' id='word_1_146' title='bbox 3268 1039 3482 1083; x_wconf 83' lang='lat' dir='ltr'><strong>sancto-</strong></span> 
     </span>
    </p>
   </div>
   <div class='ocr_carea' id='block_1_26' title="bbox 1934 1117 3481 1188">
    <p class='ocr_par' dir='ltr' id='par_1_26' title="bbox 1934 1117 3481 1188">
     <span class='ocr_line' id='line_1_26' title="bbox 1934 1117 3481 1188; baseline -0.001 -16"><span class='ocrx_word' id='word_1_147' title='bbox 1934 1134 2053 1177; x_wconf 80' lang='lat' dir='ltr'><strong>rum</strong></span> <span class='ocrx_word' id='word_1_148' title='bbox 2107 1118 2326 1172; x_wconf 85' lang='lat' dir='ltr'><strong>Patrum</strong></span> <span class='ocrx_word' id='word_1_149' title='bbox 2389 1119 2606 1172; x_wconf 78' lang='lat' dir='ltr'><strong>decreta</strong></span> <span class='ocrx_word' id='word_1_150' title='bbox 2665 1120 2865 1186; x_wconf 87' lang='lat' dir='ltr'><strong>pariter</strong></span> <span class='ocrx_word' id='word_1_151' title='bbox 2907 1128 2956 1170; x_wconf 92' lang='lat' dir='ltr'><strong>et</strong></span> <span class='ocrx_word' id='word_1_152' title='bbox 3010 1117 3312 1170; x_wconf 64' lang='lat' dir='ltr'><strong>doctrinm?</strong></span> <span class='ocrx_word' id='word_1_153' title='bbox 3363 1133 3481 1188; x_wconf 75' lang='lat' dir='ltr'><strong>qum</strong></span> 
     </span>
    </p>
   </div>
   <div class='ocr_carea' id='block_1_27' title="bbox 1937 1208 3479 1275">
    <p class='ocr_par' dir='ltr' id='par_1_27' title="bbox 1937 1208 3479 1275">
     <span class='ocr_line' id='line_1_27' title="bbox 1937 1208 3479 1275; baseline -0.001 -13"><span class='ocrx_word' id='word_1_154' title='bbox 1937 1210 2104 1264; x_wconf 88' lang='lat' dir='ltr'><strong>variis</strong></span> <span class='ocrx_word' id='word_1_155' title='bbox 2145 1210 2316 1262; x_wconf 88' lang='lat' dir='ltr'><strong>modis</strong></span> <span class='ocrx_word' id='word_1_156' title='bbox 2364 1210 2470 1262; x_wconf 87' lang='lat' dir='ltr'><strong>reis</strong></span> <span class='ocrx_word' id='word_1_157' title='bbox 2507 1208 2705 1271; x_wconf 88' lang='lat' dir='ltr'><strong>favent,</strong></span> <span class='ocrx_word' id='word_1_158' title='bbox 2738 1208 2862 1260; x_wconf 86' lang='lat' dir='ltr'><strong>dum</strong></span> <span class='ocrx_word' id='word_1_159' title='bbox 2903 1223 3000 1263; x_wconf 89' lang='lat' dir='ltr'><strong>eos</strong></span> <span class='ocrx_word' id='word_1_160' title='bbox 3045 1223 3141 1275; x_wconf 88' lang='lat' dir='ltr'><strong>per</strong></span> <span class='ocrx_word' id='word_1_161' title='bbox 3173 1209 3344 1259; x_wconf 68' lang='grc' dir='ltr'><strong>εεείνιίι</strong></span> <span class='ocrx_word' id='word_1_162' title='bbox 3382 1209 3479 1260; x_wconf 82' lang='lat' dir='ltr'><strong>tri-</strong></span> 
     </span>
    </p>
   </div>
   <div class='ocr_carea' id='block_1_28' title="bbox 1937 1299 3484 1370">
    <p class='ocr_par' dir='ltr' id='par_1_28' title="bbox 1937 1299 3484 1370">
     <span class='ocr_line' id='line_1_28' title="bbox 1937 1299 3484 1370; baseline -0.001 -16"><span class='ocrx_word' id='word_1_163' title='bbox 1937 1301 2079 1370; x_wconf 88' lang='lat' dir='ltr'><strong>ginta</strong></span> <span class='ocrx_word' id='word_1_164' title='bbox 2127 1301 2332 1354; x_wconf 89' lang='lat' dir='ltr'><strong>dierum</strong></span> <span class='ocrx_word' id='word_1_165' title='bbox 2365 1311 2666 1364; x_wconf 75' lang='lat' dir='ltr'><strong>arcessunt,</strong></span> <span class='ocrx_word' id='word_1_166' title='bbox 2703 1307 2758 1353; x_wconf 90' lang='lat' dir='ltr'><strong>et</strong></span> <span class='ocrx_word' id='word_1_167' title='bbox 2787 1300 2996 1353; x_wconf 80' lang='lat' dir='ltr'><strong>duabus</strong></span> <span class='ocrx_word' id='word_1_168' title='bbox 3037 1299 3484 1365; x_wconf 83' lang='lat' dir='ltr'><strong>appellationibus</strong></span> 
     </span>
    </p>
   </div>
   <div class='ocr_carea' id='block_1_29' title="bbox 1936 1387 3485 1457">
    <p class='ocr_par' dir='ltr' id='par_1_29' title="bbox 1936 1387 3485 1457">
     <span class='ocr_line' id='line_1_29' title="bbox 1936 1387 3485 1457; baseline -0.003 -13"><span class='ocrx_word' id='word_1_169' title='bbox 1936 1390 2438 1445; x_wconf 88' lang='lat' dir='ltr'><strong>condemnationetn</strong></span> <span class='ocrx_word' id='word_1_170' title='bbox 2481 1405 2661 1442; x_wconf 88' lang='lat' dir='ltr'><strong>eorum</strong></span> <span class='ocrx_word' id='word_1_171' title='bbox 2694 1389 3077 1457; x_wconf 87' lang='lat' dir='ltr'><strong>suspendunt?</strong></span> <span class='ocrx_word' id='word_1_172' title='bbox 3104 1387 3298 1451; x_wconf 64' lang='lat' dir='ltr'><strong>Multa},</strong></span> <span class='ocrx_word' id='word_1_173' title='bbox 3344 1388 3485 1440; x_wconf 86' lang='lat' dir='ltr'><strong>baud</strong></span> 
     </span>
    </p>
   </div>
   <div class='ocr_carea' id='block_1_30' title="bbox 1939 1478 3485 1546">
    <p class='ocr_par' dir='ltr' id='par_1_30' title="bbox 1939 1478 3485 1546">
     <span class='ocr_line' id='line_1_30' title="bbox 1939 1478 3485 1546; baseline -0.001 -14"><span class='ocrx_word' id='word_1_174' title='bbox 1939 1479 2120 1540; x_wconf 89' lang='lat' dir='ltr'><strong>dubie,</strong></span> <span class='ocrx_word' id='word_1_175' title='bbox 2153 1488 2312 1546; x_wconf 86' lang='lat' dir='ltr'><strong>atque</strong></span> <span class='ocrx_word' id='word_1_176' title='bbox 2345 1492 2558 1531; x_wconf 89' lang='lat' dir='ltr'><strong>omnem</strong></span> <span class='ocrx_word' id='word_1_177' title='bbox 2593 1492 2874 1530; x_wconf 90' lang='lat' dir='ltr'><strong>numerum</strong></span> <span class='ocrx_word' id='word_1_178' title='bbox 2923 1479 3261 1531; x_wconf 79' lang='lat' dir='ltr'><strong>excedentes.</strong></span> <span class='ocrx_word' id='word_1_179' title='bbox 3305 1478 3485 1544; x_wconf 83' lang='lat' dir='ltr'><strong>Itaque</strong></span> 
     </span>
    </p>
   </div>
   <div class='ocr_carea' id='block_1_31' title="bbox 1939 1567 3482 1635">
    <p class='ocr_par' dir='ltr' id='par_1_31' title="bbox 1939 1567 3482 1635">
     <span class='ocr_line' id='line_1_31' title="bbox 1939 1567 3482 1635; baseline -0.001 -12"><span class='ocrx_word' id='word_1_180' title='bbox 1939 1569 2091 1623; x_wconf 90' lang='lat' dir='ltr'><strong>nullo</strong></span> <span class='ocrx_word' id='word_1_181' title='bbox 2125 1569 2516 1622; x_wconf 88' lang='lat' dir='ltr'><strong>interveniente</strong></span> <span class='ocrx_word' id='word_1_182' title='bbox 2547 1568 2713 1620; x_wconf 87' lang='lat' dir='ltr'><strong>animi</strong></span> <span class='ocrx_word' id='word_1_183' title='bbox 2751 1567 2942 1620; x_wconf 69' lang='lat' dir='ltr'><strong>affectu</strong></span> <span class='ocrx_word' id='word_1_184' title='bbox 2984 1568 3276 1635; x_wconf 83' lang='lat' dir='ltr'><strong>colligitur,</strong></span> <span class='ocrx_word' id='word_1_185' title='bbox 3306 1583 3482 1621; x_wconf 85' lang='lat' dir='ltr'><strong>emer—</strong></span> 
     </span>
    </p>
   </div>
   <div class='ocr_carea' id='block_1_32' title="bbox 1940 1655 3482 1726">
    <p class='ocr_par' dir='ltr' id='par_1_32' title="bbox 1940 1655 3482 1726">
     <span class='ocr_line' id='line_1_32' title="bbox 1940 1655 3482 1726; baseline -0.003 -16"><span class='ocrx_word' id='word_1_186' title='bbox 1940 1669 2150 1726; x_wconf 84' lang='lat' dir='ltr'><strong>gentem</strong></span> <span class='ocrx_word' id='word_1_187' title='bbox 2205 1671 2266 1710; x_wconf 79' lang='lat' dir='ltr'><strong>ex</strong></span> <span class='ocrx_word' id='word_1_188' title='bbox 2318 1657 2466 1710; x_wconf 87' lang='lat' dir='ltr'><strong>hisee</strong></span> <span class='ocrx_word' id='word_1_189' title='bbox 2508 1655 2681 1709; x_wconf 78' lang='lat' dir='ltr'><strong>verbis</strong></span> <span class='ocrx_word' id='word_1_190' title='bbox 2725 1655 3108 1709; x_wconf 87' lang='lat' dir='ltr'><strong>obscuritatem</strong></span> <span class='ocrx_word' id='word_1_191' title='bbox 3155 1657 3482 1723; x_wconf 84' lang='lat' dir='ltr'><strong>ambiguam,</strong></span> 
     </span>
    </p>
   </div>
   <div class='ocr_carea' id='block_1_33' title="bbox 1941 1744 3488 1814">
    <p class='ocr_par' dir='ltr' id='par_1_33' title="bbox 1941 1744 3488 1814">
     <span class='ocr_line' id='line_1_33' title="bbox 1941 1744 3488 1814; baseline -0.002 -14"><span class='ocrx_word' id='word_1_192' title='bbox 1941 1756 2084 1800; x_wconf 86' lang='lat' dir='ltr'><strong>recte</strong></span> <span class='ocrx_word' id='word_1_193' title='bbox 2118 1745 2395 1799; x_wconf 87' lang='lat' dir='ltr'><strong>conciliari</strong></span> <span class='ocrx_word' id='word_1_194' title='bbox 2432 1761 2524 1813; x_wconf 90' lang='lat' dir='ltr'><strong>per</strong></span> <span class='ocrx_word' id='word_1_195' title='bbox 2559 1745 2630 1808; x_wconf 90' lang='lat' dir='ltr'><strong>id,</strong></span> <span class='ocrx_word' id='word_1_196' title='bbox 2664 1744 2808 1814; x_wconf 92' lang='lat' dir='ltr'><strong>quod</strong></span> <span class='ocrx_word' id='word_1_197' title='bbox 2848 1744 2901 1798; x_wconf 90' lang='lat' dir='ltr'><strong>in</strong></span> <span class='ocrx_word' id='word_1_198' title='bbox 2936 1744 3122 1798; x_wconf 88' lang='lat' dir='ltr'><strong>eodem</strong></span> <span class='ocrx_word' id='word_1_199' title='bbox 3167 1745 3302 1798; x_wconf 91' lang='lat' dir='ltr'><strong>libro</strong></span> <span class='ocrx_word' id='word_1_200' title='bbox 3337 1745 3488 1797; x_wconf 88' lang='lat' dir='ltr'><strong>dein—</strong></span> 
     </span>
    </p>
   </div>
   <div class='ocr_carea' id='block_1_34' title="bbox 282 1811 1841 1905">
    <p class='ocr_par' dir='ltr' id='par_1_34' title="bbox 282 1830 1839 1900">
     <span class='ocr_line' id='line_1_34' title="bbox 282 1830 1839 1900; baseline -0.003 -16"><span class='ocrx_word' id='word_1_201' title='bbox 282 1832 457 1884; x_wconf 76' lang='grc' dir='ltr'><strong>κόνων</strong></span> <span class='ocrx_word' id='word_1_202' title='bbox 489 1832 807 1897; x_wconf 75' lang='grc' dir='ltr'><strong>ἑλκομένους</strong></span> <span class='ocrx_word' id='word_1_203' title='bbox 833 1831 978 1900; x_wconf 71' lang='grc' dir='ltr'><strong>παρὰ</strong></span> <span class='ocrx_word' id='word_1_204' title='bbox 1007 1833 1117 1892; x_wconf 87' lang='grc' dir='ltr'><strong>τοῖς</strong></span> <span class='ocrx_word' id='word_1_205' title='bbox 1149 1830 1586 1893; x_wconf 77' lang='grc' dir='ltr'><strong>θεοσεὸεστάτοις</strong></span> <span class='ocrx_word' id='word_1_206' title='bbox 1607 1830 1839 1893; x_wconf 85' lang='grc' dir='ltr'><strong>ὲκδίκοις</strong></span> 
     </span>
    </p>
   </div>
   <div class='ocr_carea' id='block_1_35' title="bbox 1943 1811 3481 1905">
    <p class='ocr_par' dir='ltr' id='par_1_35' title="bbox 1943 1834 3481 1905">
     <span class='ocr_line' id='line_1_35' title="bbox 1943 1834 3481 1905; baseline -0.001 -17"><span class='ocrx_word' id='word_1_207' title='bbox 1943 1849 2067 1903; x_wconf 86' lang='lat' dir='ltr'><strong>eeps</strong></span> <span class='ocrx_word' id='word_1_208' title='bbox 2098 1835 2458 1905; x_wconf 87' lang='lat' dir='ltr'><strong>perscriptum</strong></span> <span class='ocrx_word' id='word_1_209' title='bbox 2503 1842 2586 1887; x_wconf 90' lang='lat' dir='ltr'><strong>est</strong></span> <span class='ocrx_word' id='word_1_210' title='bbox 2627 1835 2692 1887; x_wconf 92' lang='lat' dir='ltr'><strong>de</strong></span> <span class='ocrx_word' id='word_1_211' title='bbox 2727 1834 3063 1888; x_wconf 85' lang='lat' dir='ltr'><strong>libertatibus</strong></span> <span class='ocrx_word' id='word_1_212' title='bbox 3091 1835 3342 1886; x_wconf 86' lang='lat' dir='ltr'><strong>nimirum</strong></span> <span class='ocrx_word' id='word_1_213' title='bbox 3371 1848 3481 1897; x_wconf 87' lang='lat' dir='ltr'><strong>eos,</strong></span> 
     </span>
    </p>
   </div>
   <div class='ocr_carea' id='block_1_36' title="bbox 285 1918 1836 1989">
    <p class='ocr_par' dir='ltr' id='par_1_36' title="bbox 285 1918 1836 1989">
     <span class='ocr_line' id='line_1_36' title="bbox 285 1918 1836 1989; baseline -0.001 -19"><span class='ocrx_word' id='word_1_214' title='bbox 285 1919 446 1988; x_wconf 83' lang='grc' dir='ltr'><strong>χάριν</strong></span> <span class='ocrx_word' id='word_1_215' title='bbox 462 1918 980 1984; x_wconf 77' lang='grc' dir='ltr'><strong>ὲλευθεροϐοούντων</strong></span> <span class='ocrx_word' id='word_1_216' title='bbox 1017 1919 1050 1988; x_wconf 79' lang='grc' dir='ltr'>ἢ</span> <span class='ocrx_word' id='word_1_217' title='bbox 1105 1919 1629 1989; x_wconf 70' lang='grc' dir='ltr'><strong>δουλαγωγουμένων</strong></span> <span class='ocrx_word' id='word_1_218' title='bbox 1657 1920 1836 1982; x_wconf 82' lang='grc' dir='ltr'><strong>τινῶν,</strong></span> 
     </span>
    </p>
   </div>
   <div class='ocr_carea' id='block_1_37' title="bbox 294 2007 1837 2078">
    <p class='ocr_par' dir='ltr' id='par_1_37' title="bbox 294 2007 1837 2078">
     <span class='ocr_line' id='line_1_37' title="bbox 294 2007 1837 2078; baseline -0.001 -19"><span class='ocrx_word' id='word_1_219' title='bbox 294 2009 389 2060; x_wconf 79' lang='grc' dir='ltr'><strong>καὶ</strong></span> <span class='ocrx_word' id='word_1_220' title='bbox 425 2007 562 2075; x_wconf 85' lang='grc' dir='ltr'><strong>μετὰ</strong></span> <span class='ocrx_word' id='word_1_221' title='bbox 592 2011 736 2076; x_wconf 78' lang='grc' dir='ltr'><strong>τρεῖς</strong></span> <span class='ocrx_word' id='word_1_222' title='bbox 769 2009 1046 2072; x_wconf 83' lang='grc' dir='ltr'><strong>διαλαλιάς</strong></span> <span class='ocrx_word' id='word_1_223' title='bbox 1090 2009 1164 2078; x_wconf 84' lang='grc' dir='ltr'><strong>μὴ</strong></span> <span class='ocrx_word' id='word_1_224' title='bbox 1220 2009 1578 2078; x_wconf 84' lang='grc' dir='ltr'><strong>πειθομένους</strong></span> <span class='ocrx_word' id='word_1_225' title='bbox 1646 2009 1837 2072; x_wconf 76' lang='grc' dir='ltr'><strong>ἐλθεῖν,</strong></span> 
     </span>
    </p>
   </div>
   <div class='ocr_carea' id='block_1_38' title="bbox 289 2099 1842 2169">
    <p class='ocr_par' dir='ltr' id='par_1_38' title="bbox 289 2099 1842 2169">
     <span class='ocr_line' id='line_1_38' title="bbox 289 2099 1842 2169; baseline -0.001 -19"><span class='ocrx_word' id='word_1_226' title='bbox 289 2099 605 2168; x_wconf 84' lang='grc' dir='ltr'><strong>μονομερῶς</strong></span> <span class='ocrx_word' id='word_1_227' title='bbox 642 2100 1084 2168; x_wconf 80' lang='grc' dir='ltr'><strong>κατακρίνεσθαι,</strong></span> <span class='ocrx_word' id='word_1_228' title='bbox 1124 2101 1209 2152; x_wconf 85' lang='grc' dir='ltr'><strong>διὰ</strong></span> <span class='ocrx_word' id='word_1_229' title='bbox 1252 2101 1320 2152; x_wconf 80' lang='grc' dir='ltr'><strong>τά</strong></span> <span class='ocrx_word' id='word_1_230' title='bbox 1361 2099 1565 2169; x_wconf 87' lang='grc' dir='ltr'><strong>νόμιμα</strong></span> <span class='ocrx_word' id='word_1_231' title='bbox 1595 2099 1712 2150; x_wconf 74' lang='grc' dir='ltr'><strong>θεῖα</strong></span> <span class='ocrx_word' id='word_1_232' title='bbox 1758 2099 1842 2150; x_wconf 85' lang='grc' dir='ltr'><strong>θε-</strong></span> 
     </span>
    </p>
   </div>
   <div class='ocr_carea' id='block_1_39' title="bbox 288 2188 1842 2258">
    <p class='ocr_par' dir='ltr' id='par_1_39' title="bbox 288 2188 1842 2258">
     <span class='ocr_line' id='line_1_39' title="bbox 288 2188 1842 2258; baseline 0.001 -19"><span class='ocrx_word' id='word_1_233' title='bbox 288 2189 590 2256; x_wconf 84' lang='grc' dir='ltr'><strong>σπίσματα,</strong></span> <span class='ocrx_word' id='word_1_234' title='bbox 625 2188 690 2241; x_wconf 82' lang='grc' dir='ltr'><strong>τὰ</strong></span> <span class='ocrx_word' id='word_1_235' title='bbox 744 2189 841 2258; x_wconf 75' lang='grc' dir='ltr'><strong>τὴν</strong></span> <span class='ocrx_word' id='word_1_236' title='bbox 890 2188 1199 2258; x_wconf 79' lang='grc' dir='ltr'><strong>ἐλευθερίαν</strong></span> <span class='ocrx_word' id='word_1_237' title='bbox 1249 2190 1386 2258; x_wconf 80' lang='grc' dir='ltr'><strong>ὑπὲρ</strong></span> <span class='ocrx_word' id='word_1_238' title='bbox 1440 2189 1613 2241; x_wconf 87' lang='grc' dir='ltr'><strong>πάντα</strong></span> <span class='ocrx_word' id='word_1_239' title='bbox 1661 2188 1842 2256; x_wconf 72' lang='grc' dir='ltr'><strong>σχεδὸν</strong></span> 
     </span>
    </p>
   </div>
   <div class='ocr_carea' id='block_1_40' title="bbox 287 2277 1842 2346">
    <p class='ocr_par' dir='ltr' id='par_1_40' title="bbox 287 2277 1842 2346">
     <span class='ocr_line' id='line_1_40' title="bbox 287 2277 1842 2346; baseline 0 -18"><span class='ocrx_word' id='word_1_240' title='bbox 287 2278 715 2345; x_wconf 76' lang='grc' dir='ltr'><strong>περιϐάλποντα,</strong></span> <span class='ocrx_word' id='word_1_241' title='bbox 785 2279 878 2331; x_wconf 71' lang='lat' dir='ltr'><strong>xui.</strong></span> <span class='ocrx_word' id='word_1_242' title='bbox 937 2279 994 2342; x_wconf 75' lang='grc' dir='ltr'><strong>ἐξ</strong></span> <span class='ocrx_word' id='word_1_243' title='bbox 1047 2279 1302 2332; x_wconf 60' lang='grc' dir='ltr'><strong>ἐπιπέδου</strong></span> <span class='ocrx_word' id='word_1_244' title='bbox 1355 2279 1694 2346; x_wconf 78' lang='grc' dir='ltr'><strong>διοριζόμενα</strong></span> <span class='ocrx_word' id='word_1_245' title='bbox 1746 2277 1842 2345; x_wconf 80' lang='grc' dir='ltr'><strong>τὴν</strong></span> 
     </span>
    </p>
   </div>
   <div class='ocr_carea' id='block_1_41' title="bbox 287 2367 1841 2437">
    <p class='ocr_par' dir='ltr' id='par_1_41' title="bbox 287 2367 1841 2437">
     <span class='ocr_line' id='line_1_41' title="bbox 287 2367 1841 2437; baseline 0.001 -19"><span class='ocrx_word' id='word_1_246' title='bbox 287 2367 490 2434; x_wconf 84' lang='grc' dir='ltr'><strong>ταύτης</strong></span> <span class='ocrx_word' id='word_1_247' title='bbox 522 2367 746 2437; x_wconf 78' lang='grc' dir='ltr'><strong>ζήτησιν</strong></span> <span class='ocrx_word' id='word_1_248' title='bbox 789 2367 1050 2434; x_wconf 83' lang='grc' dir='ltr'><strong>γίνεσθαι,</strong></span> <span class='ocrx_word' id='word_1_249' title='bbox 1092 2369 1184 2419; x_wconf 74' lang='grc' dir='ltr'><strong>καὶ</strong></span> <span class='ocrx_word' id='word_1_250' title='bbox 1240 2368 1313 2436; x_wconf 81' lang='grc' dir='ltr'><strong>μὴ</strong></span> <span class='ocrx_word' id='word_1_251' title='bbox 1356 2368 1676 2435; x_wconf 82' lang='grc' dir='ltr'><strong>ὡφελεῖσθαι</strong></span> <span class='ocrx_word' id='word_1_252' title='bbox 1717 2370 1841 2429; x_wconf 80' lang='grc' dir='ltr'><strong>τοὺς</strong></span> 
     </span>
    </p>
   </div>
   <div class='ocr_carea' id='block_1_42' title="bbox 288 2456 1841 2525">
    <p class='ocr_par' dir='ltr' id='par_1_42' title="bbox 288 2456 1841 2525">
     <span class='ocr_line' id='line_1_42' title="bbox 288 2456 1841 2525; baseline -0.001 -17"><span class='ocrx_word' id='word_1_253' title='bbox 288 2457 428 2508; x_wconf 80' lang='grc' dir='ltr'><strong>οὓτω</strong></span> <span class='ocrx_word' id='word_1_254' title='bbox 455 2457 548 2524; x_wconf 82' lang='grc' dir='ltr'><strong>τὴν</strong></span> <span class='ocrx_word' id='word_1_255' title='bbox 582 2458 876 2525; x_wconf 77' lang='grc' dir='ltr'><strong>καταδίκην</strong></span> <span class='ocrx_word' id='word_1_256' title='bbox 908 2456 1028 2508; x_wconf 88' lang='grc' dir='ltr'><strong>καθ’</strong></span> <span class='ocrx_word' id='word_1_257' title='bbox 1061 2456 1267 2508; x_wconf 80' lang='grc' dir='ltr'><strong>ἑαυτῶν</strong></span> <span class='ocrx_word' id='word_1_258' title='bbox 1324 2457 1727 2525; x_wconf 84' lang='grc' dir='ltr'><strong>σχεδιάσαντας,</strong></span> <span class='ocrx_word' id='word_1_259' title='bbox 1777 2458 1841 2509; x_wconf 82' lang='grc' dir='ltr'><strong>ὲκ</strong></span> 
     </span>
    </p>
   </div>
   <div class='ocr_carea' id='block_1_43' title="bbox 288 2541 1840 2616">
    <p class='ocr_par' dir='ltr' id='par_1_43' title="bbox 288 2541 1840 2616">
     <span class='ocr_line' id='line_1_43' title="bbox 288 2541 1840 2616; baseline 0.001 -20"><span class='ocrx_word' id='word_1_260' title='bbox 288 2546 380 2596; x_wconf 82' lang='grc' dir='ltr'><strong>τοῦ</strong></span> <span class='ocrx_word' id='word_1_261' title='bbox 407 2541 541 2597; x_wconf 76' lang='grc' dir='ltr'><strong>εἶναι</strong></span> <span class='ocrx_word' id='word_1_262' title='bbox 570 2545 662 2597; x_wconf 77' lang='grc' dir='ltr'><strong>τοῦ</strong></span> <span class='ocrx_word' id='word_1_263' title='bbox 695 2545 930 2614; x_wconf 81' lang='grc' dir='ltr'><strong>βήματος</strong></span> <span class='ocrx_word' id='word_1_264' title='bbox 965 2547 1064 2615; x_wconf 83' lang='grc' dir='ltr'><strong>τῆς</strong></span> <span class='ocrx_word' id='word_1_265' title='bbox 1102 2546 1410 2613; x_wconf 77' lang='grc' dir='ltr'><strong>ἐλευθερίας</strong></span> <span class='ocrx_word' id='word_1_266' title='bbox 1467 2548 1589 2608; x_wconf 81' lang='grc' dir='ltr'><strong>τοὺς</strong></span> <span class='ocrx_word' id='word_1_267' title='bbox 1622 2547 1840 2616; x_wconf 82' lang='grc' dir='ltr'><strong>ἀντιλή-</strong></span> 
     </span>
    </p>
   </div>
   <div class='ocr_carea' id='block_1_44' title="bbox 291 2634 1842 2704">
    <p class='ocr_par' dir='ltr' id='par_1_44' title="bbox 291 2634 1842 2704">
     <span class='ocr_line' id='line_1_44' title="bbox 291 2634 1842 2704; baseline 0.003 -21"><span class='ocrx_word' id='word_1_268' title='bbox 291 2650 519 2701; x_wconf 85' lang='grc' dir='ltr'><strong>πτορας.</strong></span> <span class='ocrx_word' id='word_1_269' title='bbox 561 2634 715 2686; x_wconf 75' lang='grc' dir='ltr'><strong>Οὕτω</strong></span> <span class='ocrx_word' id='word_1_270' title='bbox 749 2635 805 2686; x_wconf 81' lang='grc' dir='ltr'><strong>δὲ</strong></span> <span class='ocrx_word' id='word_1_271' title='bbox 829 2635 1034 2688; x_wconf 87' lang='grc' dir='ltr'><strong>τούτων</strong></span> <span class='ocrx_word' id='word_1_272' title='bbox 1074 2636 1326 2704; x_wconf 76' lang='grc' dir='ltr'><strong>ἑχόντων,</strong></span> <span class='ocrx_word' id='word_1_273' title='bbox 1370 2635 1589 2697; x_wconf 88' lang='grc' dir='ltr'><strong>δικαίως</strong></span> <span class='ocrx_word' id='word_1_274' title='bbox 1611 2637 1842 2704; x_wconf 77' lang='grc' dir='ltr'><strong>ἐπιτρα-</strong></span> 
     </span>
    </p>
   </div>
   <div class='ocr_carea' id='block_1_45' title="bbox 291 2723 1840 2794">
    <p class='ocr_par' dir='ltr' id='par_1_45' title="bbox 291 2723 1840 2794">
     <span class='ocr_line' id='line_1_45' title="bbox 291 2723 1840 2794; baseline 0.004 -21"><span class='ocrx_word' id='word_1_275' title='bbox 291 2723 523 2790; x_wconf 77' lang='grc' dir='ltr'><strong>πήσεται</strong></span> <span class='ocrx_word' id='word_1_276' title='bbox 549 2726 575 2774; x_wconf 84' lang='grc' dir='ltr'><strong>ό</strong></span> <span class='ocrx_word' id='word_1_277' title='bbox 617 2724 1005 2793; x_wconf 83' lang='grc' dir='ltr'><strong>πρωτέκδικος,</strong></span> <span class='ocrx_word' id='word_1_278' title='bbox 1057 2725 1164 2776; x_wconf 89' lang='grc' dir='ltr'><strong>τῶν</strong></span> <span class='ocrx_word' id='word_1_279' title='bbox 1198 2727 1295 2792; x_wconf 77' lang='grc' dir='ltr'><strong>μὲν</strong></span> <span class='ocrx_word' id='word_1_280' title='bbox 1349 2725 1504 2792; x_wconf 76' lang='grc' dir='ltr'><strong>χάριν</strong></span> <span class='ocrx_word' id='word_1_281' title='bbox 1533 2725 1840 2794; x_wconf 66' lang='grc' dir='ltr'><strong>ἐλευθερίας</strong></span> 
     </span>
    </p>
   </div>
   <div class='ocr_carea' id='block_1_46' title="bbox 289 2812 1843 2882">
    <p class='ocr_par' dir='ltr' id='par_1_46' title="bbox 289 2812 1843 2882">
     <span class='ocr_line' id='line_1_46' title="bbox 289 2812 1843 2882; baseline 0.006 -22"><span class='ocrx_word' id='word_1_282' title='bbox 289 2812 388 2876; x_wconf 78' lang='grc' dir='ltr'><strong>τὴν</strong></span> <span class='ocrx_word' id='word_1_283' title='bbox 419 2812 883 2882; x_wconf 81' lang='grc' dir='ltr'><strong>ἐκκλησιαστικὴν</strong></span> <span class='ocrx_word' id='word_1_284' title='bbox 915 2812 1220 2882; x_wconf 81' lang='grc' dir='ltr'><strong>ζητούντων</strong></span> <span class='ocrx_word' id='word_1_285' title='bbox 1256 2813 1522 2882; x_wconf 84' lang='grc' dir='ltr'><strong>βοήθειαν,</strong></span> <span class='ocrx_word' id='word_1_286' title='bbox 1582 2816 1718 2882; x_wconf 85' lang='grc' dir='ltr'><strong>μετὰ</strong></span> <span class='ocrx_word' id='word_1_287' title='bbox 1767 2817 1843 2868; x_wconf 86' lang='grc' dir='ltr'><strong>δι-</strong></span> 
     </span>
    </p>
   </div>
   <div class='ocr_carea' id='block_1_47' title="bbox 294 2901 1839 2974">
    <p class='ocr_par' dir='ltr' id='par_1_47' title="bbox 294 2901 1839 2974">
     <span class='ocr_line' id='line_1_47' title="bbox 294 2901 1839 2974; baseline 0.003 -22"><span class='ocrx_word' id='word_1_288' title='bbox 294 2901 600 2962; x_wconf 85' lang='grc' dir='ltr'><strong>καιοδοσίας</strong></span> <span class='ocrx_word' id='word_1_289' title='bbox 634 2902 1127 2970; x_wconf 78' lang='grc' dir='ltr'><strong>ἀντιλαμϐάνεσθαι</strong></span> <span class='ocrx_word' id='word_1_290' title='bbox 1156 2919 1170 2934; x_wconf 91' lang='grc'><strong>·</strong></span> <span class='ocrx_word' id='word_1_291' title='bbox 1206 2903 1314 2954; x_wconf 84' lang='grc' dir='ltr'><strong>τῶν</strong></span> <span class='ocrx_word' id='word_1_292' title='bbox 1341 2903 1398 2955; x_wconf 80' lang='grc' dir='ltr'><strong>δὲ</strong></span> <span class='ocrx_word' id='word_1_293' title='bbox 1433 2905 1632 2957; x_wconf 87' lang='grc' dir='ltr'><strong>λοιπῶν</strong></span> <span class='ocrx_word' id='word_1_294' title='bbox 1674 2921 1839 2974; x_wconf 81' lang='grc' dir='ltr'><strong>προσο</strong></span> 
     </span>
    </p>
   </div>
   <div class='ocr_carea' id='block_1_48' title="bbox 291 2989 1838 3062">
    <p class='ocr_par' dir='ltr' id='par_1_48' title="bbox 291 2989 1838 3062">
     <span class='ocr_line' id='line_1_48' title="bbox 291 2989 1838 3062; baseline 0.005 -24"><span class='ocrx_word' id='word_1_295' title='bbox 291 2989 479 3056; x_wconf 71' lang='grc' dir='ltr'><strong>φύγων</strong></span> <span class='ocrx_word' id='word_1_296' title='bbox 528 2991 943 3054; x_wconf 80' lang='grc' dir='ltr'><strong>ἀντιποιεῖσθαι,</strong></span> <span class='ocrx_word' id='word_1_297' title='bbox 993 2990 1178 3061; x_wconf 83' lang='grc' dir='ltr'><strong>ὥσπερ</strong></span> <span class='ocrx_word' id='word_1_298' title='bbox 1203 2994 1294 3043; x_wconf 68' lang='grc' dir='ltr'><strong>καὶ</strong></span> <span class='ocrx_word' id='word_1_299' title='bbox 1325 2994 1455 3045; x_wconf 84' lang='grc' dir='ltr'><strong>ὅπου</strong></span> <span class='ocrx_word' id='word_1_300' title='bbox 1488 2993 1796 3062; x_wconf 88' lang='grc' dir='ltr'><strong>νενόμισται</strong></span> <span class='ocrx_word' id='word_1_301' title='bbox 1824 3007 1838 3022; x_wconf 90' lang='grc'><strong>·</strong></span> 
     </span>
    </p>
   </div>
   <div class='ocr_carea' id='block_1_49' title="bbox 1940 1923 3485 1993">
    <p class='ocr_par' dir='ltr' id='par_1_49' title="bbox 1940 1923 3485 1993">
     <span class='ocr_line' id='line_1_49' title="bbox 1940 1923 3485 1993; baseline 0 -17"><span class='ocrx_word' id='word_1_302' title='bbox 1940 1924 2032 1992; x_wconf 90' lang='lat' dir='ltr'><strong>qui</strong></span> <span class='ocrx_word' id='word_1_303' title='bbox 2066 1939 2095 1976; x_wconf 92' lang='lat' dir='ltr'><strong>a</strong></span> <span class='ocrx_word' id='word_1_304' title='bbox 2127 1924 2458 1993; x_wconf 79' lang='lat' dir='ltr'><strong>presbyteris</strong></span> <span class='ocrx_word' id='word_1_305' title='bbox 2495 1923 2575 1976; x_wconf 90' lang='lat' dir='ltr'><strong>vel</strong></span> <span class='ocrx_word' id='word_1_306' title='bbox 2607 1923 2849 1976; x_wconf 88' lang='lat' dir='ltr'><strong>diaeonis</strong></span> <span class='ocrx_word' id='word_1_307' title='bbox 2891 1935 3239 1978; x_wconf 84' lang='lat' dir='ltr'><strong>arcessantur</strong></span> <span class='ocrx_word' id='word_1_308' title='bbox 3269 1925 3332 1976; x_wconf 90' lang='lat' dir='ltr'><strong>ad</strong></span> <span class='ocrx_word' id='word_1_309' title='bbox 3365 1925 3485 1976; x_wconf 81' lang='lat' dir='ltr'><strong>reli-</strong></span> 
     </span>
    </p>
   </div>
   <div class='ocr_carea' id='block_1_50' title="bbox 1940 2013 3486 2084">
    <p class='ocr_par' dir='ltr' id='par_1_50' title="bbox 1940 2013 3486 2084">
     <span class='ocr_line' id='line_1_50' title="bbox 1940 2013 3486 2084; baseline 0.002 -20"><span class='ocrx_word' id='word_1_310' title='bbox 1940 2013 2291 2082; x_wconf 82' lang='lat' dir='ltr'><strong>giosissimos</strong></span> <span class='ocrx_word' id='word_1_311' title='bbox 2321 2013 2642 2068; x_wconf 84' lang='lat' dir='ltr'><strong>defensores</strong></span> <span class='ocrx_word' id='word_1_312' title='bbox 2676 2015 2889 2067; x_wconf 92' lang='lat' dir='ltr'><strong>illorum</strong></span> <span class='ocrx_word' id='word_1_313' title='bbox 2926 2030 3109 2076; x_wconf 85' lang='lat' dir='ltr'><strong>causa,</strong></span> <span class='ocrx_word' id='word_1_314' title='bbox 3140 2016 3230 2082; x_wconf 86' lang='lat' dir='ltr'><strong>qui</strong></span> <span class='ocrx_word' id='word_1_315' title='bbox 3273 2016 3486 2084; x_wconf 81' lang='lat' dir='ltr'><strong>procla-</strong></span> 
     </span>
    </p>
   </div>
   <div class='ocr_carea' id='block_1_51' title="bbox 1941 2102 3486 2171">
    <p class='ocr_par' dir='ltr' id='par_1_51' title="bbox 1941 2102 3486 2171">
     <span class='ocr_line' id='line_1_51' title="bbox 1941 2102 3486 2171; baseline -0.001 -16"><span class='ocrx_word' id='word_1_316' title='bbox 1941 2111 2091 2155; x_wconf 90' lang='lat' dir='ltr'><strong>mant</strong></span> <span class='ocrx_word' id='word_1_317' title='bbox 2120 2103 2184 2156; x_wconf 88' lang='lat' dir='ltr'><strong>ad</strong></span> <span class='ocrx_word' id='word_1_318' title='bbox 2219 2103 2544 2166; x_wconf 87' lang='lat' dir='ltr'><strong>libertatem,</strong></span> <span class='ocrx_word' id='word_1_319' title='bbox 2580 2102 2661 2154; x_wconf 85' lang='lat' dir='ltr'><strong>vel</strong></span> <span class='ocrx_word' id='word_1_320' title='bbox 2698 2103 2750 2154; x_wconf 91' lang='lat' dir='ltr'><strong>in</strong></span> <span class='ocrx_word' id='word_1_321' title='bbox 2783 2104 3091 2156; x_wconf 90' lang='lat' dir='ltr'><strong>servitutem</strong></span> <span class='ocrx_word' id='word_1_322' title='bbox 3128 2104 3486 2171; x_wconf 82' lang='lat' dir='ltr'><strong>abripiuntur,</strong></span> 
     </span>
    </p>
   </div>
   <div class='ocr_carea' id='block_1_52' title="bbox 1940 2193 3488 2259">
    <p class='ocr_par' dir='ltr' id='par_1_52' title="bbox 1940 2193 3488 2259">
     <span class='ocr_line' id='line_1_52' title="bbox 1940 2193 3488 2259; baseline -0.001 -14"><span class='ocrx_word' id='word_1_323' title='bbox 1940 2193 1986 2245; x_wconf 87' lang='lat' dir='ltr'><strong>si</strong></span> <span class='ocrx_word' id='word_1_324' title='bbox 2019 2199 2139 2259; x_wconf 88' lang='lat' dir='ltr'><strong>post</strong></span> <span class='ocrx_word' id='word_1_325' title='bbox 2175 2193 2347 2246; x_wconf 88' lang='lat' dir='ltr'><strong>edicta</strong></span> <span class='ocrx_word' id='word_1_326' title='bbox 2388 2193 2489 2245; x_wconf 89' lang='lat' dir='ltr'><strong>tria</strong></span> <span class='ocrx_word' id='word_1_327' title='bbox 2536 2200 2783 2245; x_wconf 82' lang='lat' dir='ltr'><strong>recusent</strong></span> <span class='ocrx_word' id='word_1_328' title='bbox 2821 2207 3161 2259; x_wconf 86' lang='lat' dir='ltr'><strong>comparere,</strong></span> <span class='ocrx_word' id='word_1_329' title='bbox 3216 2210 3318 2246; x_wconf 88' lang='lat' dir='ltr'><strong>una</strong></span> <span class='ocrx_word' id='word_1_330' title='bbox 3347 2193 3488 2245; x_wconf 91' lang='lat' dir='ltr'><strong>dun-</strong></span> 
     </span>
    </p>
   </div>
   <div class='ocr_carea' id='block_1_53' title="bbox 1941 2281 3489 2350">
    <p class='ocr_par' dir='ltr' id='par_1_53' title="bbox 1941 2281 3489 2350">
     <span class='ocr_line' id='line_1_53' title="bbox 1941 2281 3489 2350; baseline 0.001 -18"><span class='ocrx_word' id='word_1_331' title='bbox 1941 2287 2089 2332; x_wconf 81' lang='lat' dir='ltr'><strong>taxat</strong></span> <span class='ocrx_word' id='word_1_332' title='bbox 2134 2291 2284 2348; x_wconf 88' lang='lat' dir='ltr'><strong>parte</strong></span> <span class='ocrx_word' id='word_1_333' title='bbox 2324 2290 2588 2349; x_wconf 72' lang='lat' dir='ltr'><strong>prmsente</strong></span> <span class='ocrx_word' id='word_1_334' title='bbox 2632 2281 3008 2344; x_wconf 85' lang='lat' dir='ltr'><strong>condemnari,</strong></span> <span class='ocrx_word' id='word_1_335' title='bbox 3050 2291 3266 2350; x_wconf 86' lang='lat' dir='ltr'><strong>propter</strong></span> <span class='ocrx_word' id='word_1_336' title='bbox 3306 2296 3489 2336; x_wconf 85' lang='lat' dir='ltr'><strong>sacras</strong></span> 
     </span>
    </p>
   </div>
   <div class='ocr_carea' id='block_1_54' title="bbox 1936 2367 3490 2439">
    <p class='ocr_par' dir='ltr' id='par_1_54' title="bbox 1936 2367 3490 2439">
     <span class='ocr_line' id='line_1_54' title="bbox 1936 2367 3490 2439; baseline 0.001 -18"><span class='ocrx_word' id='word_1_337' title='bbox 1936 2367 2077 2436; x_wconf 90' lang='lat' dir='ltr'><strong>juris</strong></span> <span class='ocrx_word' id='word_1_338' title='bbox 2110 2370 2441 2433; x_wconf 87' lang='lat' dir='ltr'><strong>sanctiones,</strong></span> <span class='ocrx_word' id='word_1_339' title='bbox 2483 2386 2602 2439; x_wconf 78' lang='lat' dir='ltr'><strong>qua:</strong></span> <span class='ocrx_word' id='word_1_340' title='bbox 2646 2372 2946 2424; x_wconf 87' lang='lat' dir='ltr'><strong>libertatem</strong></span> <span class='ocrx_word' id='word_1_341' title='bbox 2990 2387 3155 2439; x_wconf 87' lang='lat' dir='ltr'><strong>prope</strong></span> <span class='ocrx_word' id='word_1_342' title='bbox 3199 2386 3357 2439; x_wconf 82' lang='lat' dir='ltr'><strong>supra</strong></span> <span class='ocrx_word' id='word_1_343' title='bbox 3405 2386 3490 2423; x_wconf 87' lang='lat' dir='ltr'><strong>res</strong></span> 
     </span>
    </p>
   </div>
   <div class='ocr_carea' id='block_1_55' title="bbox 1941 2459 3490 2530">
    <p class='ocr_par' dir='ltr' id='par_1_55' title="bbox 1941 2459 3490 2530">
     <span class='ocr_line' id='line_1_55' title="bbox 1941 2459 3490 2530; baseline 0.002 -21"><span class='ocrx_word' id='word_1_344' title='bbox 1941 2472 2129 2513; x_wconf 88' lang='lat' dir='ltr'><strong>omnes</strong></span> <span class='ocrx_word' id='word_1_345' title='bbox 2157 2459 2358 2522; x_wconf 84' lang='lat' dir='ltr'><strong>fovent,</strong></span> <span class='ocrx_word' id='word_1_346' title='bbox 2390 2471 2441 2513; x_wconf 89' lang='lat' dir='ltr'><strong>et</strong></span> <span class='ocrx_word' id='word_1_347' title='bbox 2471 2462 2666 2529; x_wconf 88' lang='lat' dir='ltr'><strong>inquiri</strong></span> <span class='ocrx_word' id='word_1_348' title='bbox 2691 2461 2757 2515; x_wconf 85' lang='lat' dir='ltr'><strong>de</strong></span> <span class='ocrx_word' id='word_1_349' title='bbox 2799 2463 2897 2515; x_wconf 70' lang='lat' dir='ltr'><strong>hac</strong></span> <span class='ocrx_word' id='word_1_350' title='bbox 2929 2463 3140 2530; x_wconf 86' lang='lat' dir='ltr'><strong>jnbeut,</strong></span> <span class='ocrx_word' id='word_1_351' title='bbox 3170 2476 3231 2514; x_wconf 81' lang='lat' dir='ltr'><strong>ex</strong></span> <span class='ocrx_word' id='word_1_352' title='bbox 3263 2461 3490 2528; x_wconf 87' lang='lat' dir='ltr'><strong>simplici</strong></span> 
     </span>
    </p>
   </div>
   <div class='ocr_carea' id='block_1_56' title="bbox 1941 2549 3491 2618">
    <p class='ocr_par' dir='ltr' id='par_1_56' title="bbox 1941 2549 3491 2618">
     <span class='ocr_line' id='line_1_56' title="bbox 1941 2549 3491 2618; baseline -0.001 -16"><span class='ocrx_word' id='word_1_353' title='bbox 1941 2556 1992 2602; x_wconf 87' lang='lat' dir='ltr'><strong>et</strong></span> <span class='ocrx_word' id='word_1_354' title='bbox 2016 2549 2212 2617; x_wconf 88' lang='lat' dir='ltr'><strong>plano;</strong></span> <span class='ocrx_word' id='word_1_355' title='bbox 2245 2564 2343 2603; x_wconf 90' lang='lat' dir='ltr'><strong>nec</strong></span> <span class='ocrx_word' id='word_1_356' title='bbox 2375 2552 2446 2602; x_wconf 91' lang='lat' dir='ltr'><strong>ita</strong></span> <span class='ocrx_word' id='word_1_357' title='bbox 2475 2549 2861 2605; x_wconf 87' lang='lat' dir='ltr'><strong>condemnatos</strong></span> <span class='ocrx_word' id='word_1_358' title='bbox 2890 2550 3179 2618; x_wconf 89' lang='lat' dir='ltr'><strong>quidquam</strong></span> <span class='ocrx_word' id='word_1_359' title='bbox 3204 2564 3267 2602; x_wconf 77' lang='lat' dir='ltr'><strong>ex</strong></span> <span class='ocrx_word' id='word_1_360' title='bbox 3290 2564 3352 2602; x_wconf 86' lang='lat' dir='ltr'><strong>eo</strong></span> <span class='ocrx_word' id='word_1_361' title='bbox 3369 2549 3491 2601; x_wconf 84' lang='lat' dir='ltr'><strong>sub-</strong></span> 
     </span>
    </p>
   </div>
   <div class='ocr_carea' id='block_1_57' title="bbox 1945 2636 3490 2708">
    <p class='ocr_par' dir='ltr' id='par_1_57' title="bbox 1945 2636 3490 2708">
     <span class='ocr_line' id='line_1_57' title="bbox 1945 2636 3490 2708; baseline 0.001 -18"><span class='ocrx_word' id='word_1_362' title='bbox 1945 2636 2066 2690; x_wconf 88' lang='lat' dir='ltr'><strong>sidii</strong></span> <span class='ocrx_word' id='word_1_363' title='bbox 2092 2653 2280 2704; x_wconf 85' lang='lat' dir='ltr'><strong>capere</strong></span> <span class='ocrx_word' id='word_1_364' title='bbox 2328 2639 2536 2702; x_wconf 88' lang='lat' dir='ltr'><strong>volunt,</strong></span> <span class='ocrx_word' id='word_1_365' title='bbox 2575 2642 2716 2708; x_wconf 88' lang='lat' dir='ltr'><strong>quod</strong></span> <span class='ocrx_word' id='word_1_366' title='bbox 2743 2640 3004 2694; x_wconf 87' lang='lat' dir='ltr'><strong>libertatis</strong></span> <span class='ocrx_word' id='word_1_367' title='bbox 3047 2647 3490 2707; x_wconf 84' lang='lat' dir='ltr'><strong>propugnatores,</strong></span> 
     </span>
    </p>
   </div>
   <div class='ocr_carea' id='block_1_58' title="bbox 1942 2727 3487 2794">
    <p class='ocr_par' dir='ltr' id='par_1_58' title="bbox 1942 2727 3487 2794">
     <span class='ocr_line' id='line_1_58' title="bbox 1942 2727 3487 2794; baseline -0.001 -14"><span class='ocrx_word' id='word_1_368' title='bbox 1942 2728 2081 2781; x_wconf 87' lang='lat' dir='ltr'><strong>sacri</strong></span> <span class='ocrx_word' id='word_1_369' title='bbox 2129 2728 2236 2780; x_wconf 91' lang='lat' dir='ltr'><strong>sint</strong></span> <span class='ocrx_word' id='word_1_370' title='bbox 2290 2729 2496 2784; x_wconf 84' lang='lat' dir='ltr'><strong>ordinis</strong></span> <span class='ocrx_word' id='word_1_371' title='bbox 2555 2731 2822 2785; x_wconf 83' lang='lat' dir='ltr'><strong>homines.</strong></span> <span class='ocrx_word' id='word_1_372' title='bbox 2893 2729 3022 2794; x_wconf 67' lang='lat' dir='ltr'><strong>Quae</strong></span> <span class='ocrx_word' id='word_1_373' title='bbox 3072 2742 3194 2782; x_wconf 88' lang='lat' dir='ltr'><strong>cum</strong></span> <span class='ocrx_word' id='word_1_374' title='bbox 3253 2729 3324 2779; x_wconf 90' lang='lat' dir='ltr'><strong>ita</strong></span> <span class='ocrx_word' id='word_1_375' title='bbox 3361 2727 3487 2789; x_wconf 88' lang='lat' dir='ltr'><strong>sint,</strong></span> 
     </span>
    </p>
   </div>
   <div class='ocr_carea' id='block_1_59' title="bbox 1944 2815 3497 2886">
    <p class='ocr_par' dir='ltr' id='par_1_59' title="bbox 1944 2815 3497 2886">
     <span class='ocr_line' id='line_1_59' title="bbox 1944 2815 3497 2886; baseline -0.001 -17"><span class='ocrx_word' id='word_1_376' title='bbox 1944 2815 2086 2869; x_wconf 89' lang='lat' dir='ltr'><strong>baud</strong></span> <span class='ocrx_word' id='word_1_377' title='bbox 2123 2817 2218 2872; x_wconf 86' lang='lat' dir='ltr'><strong>abs</strong></span> <span class='ocrx_word' id='word_1_378' title='bbox 2255 2832 2311 2872; x_wconf 89' lang='lat' dir='ltr'><strong>re</strong></span> <span class='ocrx_word' id='word_1_379' title='bbox 2351 2818 2524 2885; x_wconf 90' lang='lat' dir='ltr'><strong>primo</strong></span> <span class='ocrx_word' id='word_1_380' title='bbox 2560 2818 2824 2872; x_wconf 77' lang='lat' dir='ltr'><strong>defensori</strong></span> <span class='ocrx_word' id='word_1_381' title='bbox 2889 2818 3210 2886; x_wconf 70' lang='lat' dir='ltr'><strong>peririissum</strong></span> <span class='ocrx_word' id='word_1_382' title='bbox 3261 2817 3384 2878; x_wconf 89' lang='lat' dir='ltr'><strong>erit,</strong></span> <span class='ocrx_word' id='word_1_383' title='bbox 3440 2827 3497 2868; x_wconf 89' lang='lat' dir='ltr'><strong>ut</strong></span> 
     </span>
    </p>
   </div>
   <div class='ocr_carea' id='block_1_60' title="bbox 1941 2907 3495 2977">
    <p class='ocr_par' dir='ltr' id='par_1_60' title="bbox 1941 2907 3495 2977">
     <span class='ocr_line' id='line_1_60' title="bbox 1941 2907 3495 2977; baseline -0.001 -18"><span class='ocrx_word' id='word_1_384' title='bbox 1941 2907 2009 2962; x_wconf 88' lang='lat' dir='ltr'><strong>iis</strong></span> <span class='ocrx_word' id='word_1_385' title='bbox 2075 2907 2313 2976; x_wconf 87' lang='lat' dir='ltr'><strong>quidem,</strong></span> <span class='ocrx_word' id='word_1_386' title='bbox 2370 2909 2462 2977; x_wconf 92' lang='lat' dir='ltr'><strong>qui</strong></span> <span class='ocrx_word' id='word_1_387' title='bbox 2546 2925 2700 2976; x_wconf 88' lang='lat' dir='ltr'><strong>opem</strong></span> <span class='ocrx_word' id='word_1_388' title='bbox 2750 2908 3170 2963; x_wconf 85' lang='lat' dir='ltr'><strong>ecclesiasticam</strong></span> <span class='ocrx_word' id='word_1_389' title='bbox 3235 2907 3495 2959; x_wconf 88' lang='lat' dir='ltr'><strong>libertatis</strong></span> 
     </span>
    </p>
   </div>
   <div class='ocr_carea' id='block_1_61' title="bbox 1942 2995 3498 3066">
    <p class='ocr_par' dir='ltr' id='par_1_61' title="bbox 1942 2995 3498 3066">
     <span class='ocr_line' id='line_1_61' title="bbox 1942 2995 3498 3066; baseline -0.001 -16"><span class='ocrx_word' id='word_1_390' title='bbox 1942 3011 2108 3052; x_wconf 86' lang='lat' dir='ltr'><strong>causa</strong></span> <span class='ocrx_word' id='word_1_391' title='bbox 2144 2998 2459 3066; x_wconf 90' lang='lat' dir='ltr'><strong>implorant,</strong></span> <span class='ocrx_word' id='word_1_392' title='bbox 2489 3013 2583 3066; x_wconf 91' lang='lat' dir='ltr'><strong>per</strong></span> <span class='ocrx_word' id='word_1_393' title='bbox 2613 2998 3046 3065; x_wconf 88' lang='lat' dir='ltr'><strong>jurisdictioncm</strong></span> <span class='ocrx_word' id='word_1_394' title='bbox 3103 3011 3254 3051; x_wconf 84' lang='lat' dir='ltr'><strong>suam</strong></span> <span class='ocrx_word' id='word_1_395' title='bbox 3305 2995 3498 3049; x_wconf 73' lang='lat' dir='ltr'><strong>subve-</strong></span> 
     </span>
    </p>
   </div>
   <div class='ocr_carea' id='block_1_62' title="bbox 292 3079 1841 3172">
    <p class='ocr_par' dir='ltr' id='par_1_62' title="bbox 292 3079 1841 3147">
     <span class='ocr_line' id='line_1_62' title="bbox 292 3079 1841 3147; baseline 0.005 -18"><span class='ocrx_word' id='word_1_396' title='bbox 292 3079 388 3130; x_wconf 74' lang='grc' dir='ltr'><strong>καὶ</strong></span> <span class='ocrx_word' id='word_1_397' title='bbox 421 3079 769 3132; x_wconf 83' lang='grc' dir='ltr'><strong>συνίστασθαι</strong></span> <span class='ocrx_word' id='word_1_398' title='bbox 810 3080 1008 3147; x_wconf 84' lang='grc' dir='ltr'><strong>μᾶλλον</strong></span> <span class='ocrx_word' id='word_1_399' title='bbox 1036 3080 1268 3142; x_wconf 82' lang='grc' dir='ltr'><strong>τούτοις,</strong></span> <span class='ocrx_word' id='word_1_400' title='bbox 1297 3086 1389 3131; x_wconf 76' lang='grc' dir='ltr'><strong>καὶ</strong></span> <span class='ocrx_word' id='word_1_401' title='bbox 1445 3081 1677 3134; x_wconf 78' lang='grc' dir='ltr'><strong>ἐκδικεῖν</strong></span> <span class='ocrx_word' id='word_1_402' title='bbox 1733 3082 1841 3137; x_wconf 81' lang='grc' dir='ltr'><strong>ἀπὸ</strong></span> 
     </span>
    </p>
   </div>
   <div class='ocr_carea' id='block_1_63' title="bbox 1943 3079 3495 3172">
    <p class='ocr_par' dir='ltr' id='par_1_63' title="bbox 1948 3084 3495 3154">
     <span class='ocr_line' id='line_1_63' title="bbox 1948 3084 3495 3154; baseline -0.003 -13"><span class='ocrx_word' id='word_1_403' title='bbox 1948 3087 2097 3141; x_wconf 69' lang='grc' dir='ltr'><strong>ηἰειιτ</strong></span> <span class='ocrx_word' id='word_1_404' title='bbox 2140 3095 2194 3139; x_wconf 90' lang='lat' dir='ltr'><strong>at</strong></span> <span class='ocrx_word' id='word_1_405' title='bbox 2245 3087 2580 3154; x_wconf 86' lang='lat' dir='ltr'><strong>reliquorum</strong></span> <span class='ocrx_word' id='word_1_406' title='bbox 2632 3087 2698 3140; x_wconf 89' lang='lat' dir='ltr'><strong>ad</strong></span> <span class='ocrx_word' id='word_1_407' title='bbox 2748 3087 3016 3141; x_wconf 86' lang='lat' dir='ltr'><strong>Ecclesias</strong></span> <span class='ocrx_word' id='word_1_408' title='bbox 3071 3084 3495 3153; x_wconf 81' lang='lat' dir='ltr'><strong>confugientium</strong></span> 
     </span>
    </p>
   </div>
   <div class='ocr_carea' id='block_1_64' title="bbox 290 3165 1842 3238">
    <p class='ocr_par' dir='ltr' id='par_1_64' title="bbox 290 3165 1842 3238">
     <span class='ocr_line' id='line_1_64' title="bbox 290 3165 1842 3238; baseline 0.006 -24"><span class='ocrx_word' id='word_1_409' title='bbox 290 3165 401 3218; x_wconf 87' lang='grc' dir='ltr'><strong>τῶν</strong></span> <span class='ocrx_word' id='word_1_410' title='bbox 432 3167 839 3234; x_wconf 74' lang='grc' dir='ltr'><strong>ἐπηρεαζόντων</strong></span> <span class='ocrx_word' id='word_1_411' title='bbox 871 3170 1086 3232; x_wconf 79' lang='grc' dir='ltr'><strong>αὐτοὺς,</strong></span> <span class='ocrx_word' id='word_1_412' title='bbox 1111 3169 1289 3231; x_wconf 81' lang='grc' dir='ltr'><strong>καθώς</strong></span> <span class='ocrx_word' id='word_1_413' title='bbox 1323 3187 1424 3221; x_wconf 86' lang='grc' dir='ltr'><strong>που</strong></span> <span class='ocrx_word' id='word_1_414' title='bbox 1450 3172 1540 3223; x_wconf 76' lang='grc' dir='ltr'><strong>καὶ</strong></span> <span class='ocrx_word' id='word_1_415' title='bbox 1565 3171 1842 3238; x_wconf 83' lang='grc' dir='ltr'><strong>κέκληται.</strong></span> 
     </span>
    </p>
   </div>
   <div class='ocr_carea' id='block_1_65' title="bbox 291 3253 1846 3323">
    <p class='ocr_par' dir='ltr' id='par_1_65' title="bbox 291 3253 1846 3323">
     <span class='ocr_line' id='line_1_65' title="bbox 291 3253 1846 3323; baseline 0.005 -19"><span class='ocrx_word' id='word_1_416' title='bbox 291 3253 448 3305; x_wconf 76' lang='grc' dir='ltr'><strong>Οὕτω</strong></span> <span class='ocrx_word' id='word_1_417' title='bbox 473 3256 580 3323; x_wconf 80' lang='grc' dir='ltr'><strong>γὰρ</strong></span> <span class='ocrx_word' id='word_1_418' title='bbox 611 3256 799 3318; x_wconf 86' lang='grc' dir='ltr'><strong>ποιῶν,</strong></span> <span class='ocrx_word' id='word_1_419' title='bbox 829 3257 924 3308; x_wconf 75' lang='grc' dir='ltr'><strong>καὶ</strong></span> <span class='ocrx_word' id='word_1_420' title='bbox 954 3256 1192 3323; x_wconf 79' lang='grc' dir='ltr'><strong>φυλάξας</strong></span> <span class='ocrx_word' id='word_1_421' title='bbox 1237 3259 1395 3318; x_wconf 84' lang='grc' dir='ltr'><strong>ὁσίως</strong></span> <span class='ocrx_word' id='word_1_422' title='bbox 1433 3259 1499 3309; x_wconf 87' lang='grc' dir='ltr'><strong>τὰ</strong></span> <span class='ocrx_word' id='word_1_423' title='bbox 1528 3259 1670 3323; x_wconf 83' lang='grc' dir='ltr'><strong>ὅσια,</strong></span> <span class='ocrx_word' id='word_1_424' title='bbox 1701 3259 1846 3311; x_wconf 86' lang='grc' dir='ltr'><strong>δεόν-</strong></span> 
     </span>
    </p>
   </div>
   <div class='ocr_carea' id='block_1_66' title="bbox 290 3345 1848 3418">
    <p class='ocr_par' dir='ltr' id='par_1_66' title="bbox 290 3345 1848 3418">
     <span class='ocr_line' id='line_1_66' title="bbox 290 3345 1848 3418; baseline 0.005 -25"><span class='ocrx_word' id='word_1_425' title='bbox 290 3360 398 3404; x_wconf 87' lang='grc' dir='ltr'><strong>τως</strong></span> <span class='ocrx_word' id='word_1_426' title='bbox 421 3345 797 3413; x_wconf 76' lang='grc' dir='ltr'><strong>όσιωθήσεται.</strong></span> <span class='ocrx_word' id='word_1_427' title='bbox 824 3347 932 3398; x_wconf 72' lang='grc' dir='ltr'><strong>Καὶ</strong></span> <span class='ocrx_word' id='word_1_428' title='bbox 961 3347 1129 3399; x_wconf 81' lang='grc' dir='ltr'><strong>ταῦτα</strong></span> <span class='ocrx_word' id='word_1_429' title='bbox 1158 3348 1258 3416; x_wconf 74' lang='grc' dir='ltr'><strong>μὲν</strong></span> <span class='ocrx_word' id='word_1_430' title='bbox 1308 3348 1665 3416; x_wconf 78' lang='grc' dir='ltr'><strong>ἀποχρώντως</strong></span> <span class='ocrx_word' id='word_1_431' title='bbox 1688 3350 1848 3418; x_wconf 77' lang='grc' dir='ltr'><strong>ἐγρά-</strong></span> 
     </span>
    </p>
   </div>
   <div class='ocr_carea' id='block_1_67' title="bbox 293 3434 1846 3506">
    <p class='ocr_par' dir='ltr' id='par_1_67' title="bbox 293 3434 1846 3506">
     <span class='ocr_line' id='line_1_67' title="bbox 293 3434 1846 3506; baseline 0.005 -24"><span class='ocrx_word' id='word_1_432' title='bbox 293 3449 473 3498; x_wconf 81' lang='grc' dir='ltr'><strong>φησαν</strong></span> <span class='ocrx_word' id='word_1_433' title='bbox 507 3434 585 3495; x_wconf 86' lang='grc' dir='ltr'><strong>είς</strong></span> <span class='ocrx_word' id='word_1_434' title='bbox 644 3436 919 3504; x_wconf 71' lang='grc' dir='ltr'><strong>ἐκτροπὴν</strong></span> <span class='ocrx_word' id='word_1_435' title='bbox 963 3435 1074 3487; x_wconf 87' lang='grc' dir='ltr'><strong>τῶν</strong></span> <span class='ocrx_word' id='word_1_436' title='bbox 1132 3436 1281 3505; x_wconf 84' lang='grc' dir='ltr'><strong>παρά</strong></span> <span class='ocrx_word' id='word_1_437' title='bbox 1330 3437 1424 3488; x_wconf 86' lang='grc' dir='ltr'><strong>τοῦ</strong></span> <span class='ocrx_word' id='word_1_438' title='bbox 1478 3439 1846 3506; x_wconf 84' lang='grc' dir='ltr'><strong>πρωτεκδίκου</strong></span> 
     </span>
    </p>
   </div>
   <div class='ocr_carea' id='block_1_68' title="bbox 292 3523 1846 3593">
    <p class='ocr_par' dir='ltr' id='par_1_68' title="bbox 292 3523 1846 3593">
     <span class='ocr_line' id='line_1_68' title="bbox 292 3523 1846 3593; baseline 0.004 -22"><span class='ocrx_word' id='word_1_439' title='bbox 292 3523 718 3588; x_wconf 70' lang='grc' dir='ltr'><strong>προτιθεμένων,</strong></span> <span class='ocrx_word' id='word_1_440' title='bbox 763 3525 858 3576; x_wconf 76' lang='grc' dir='ltr'><strong>καὶ</strong></span> <span class='ocrx_word' id='word_1_441' title='bbox 919 3526 1367 3593; x_wconf 84' lang='grc' dir='ltr'><strong>παρασπωμένων</strong></span> <span class='ocrx_word' id='word_1_442' title='bbox 1425 3526 1492 3576; x_wconf 79' lang='grc' dir='ltr'><strong>τὰ</strong></span> <span class='ocrx_word' id='word_1_443' title='bbox 1542 3525 1692 3593; x_wconf 83' lang='grc' dir='ltr'><strong>παρά</strong></span> <span class='ocrx_word' id='word_1_444' title='bbox 1754 3526 1846 3578; x_wconf 82' lang='grc' dir='ltr'><strong>τοῦ</strong></span> 
     </span>
    </p>
   </div>
   <div class='ocr_carea' id='block_1_69' title="bbox 291 3612 1848 3684">
    <p class='ocr_par' dir='ltr' id='par_1_69' title="bbox 291 3612 1848 3684">
     <span class='ocr_line' id='line_1_69' title="bbox 291 3612 1848 3684; baseline 0.006 -24"><span class='ocrx_word' id='word_1_445' title='bbox 291 3612 708 3679; x_wconf 80' lang='grc' dir='ltr'><strong>χαρτοφόλακος</strong></span> <span class='ocrx_word' id='word_1_446' title='bbox 740 3615 1044 3682; x_wconf 80' lang='grc' dir='ltr'><strong>ἀμέμπτως</strong></span> <span class='ocrx_word' id='word_1_447' title='bbox 1079 3614 1350 3682; x_wconf 88' lang='grc' dir='ltr'><strong>νεμόμενα</strong></span> <span class='ocrx_word' id='word_1_448' title='bbox 1387 3614 1584 3667; x_wconf 84' lang='grc' dir='ltr'><strong>δίκαια.</strong></span> <span class='ocrx_word' id='word_1_449' title='bbox 1634 3616 1848 3684; x_wconf 86' lang='grc' dir='ltr'><strong>Ῥητέον</strong></span> 
     </span>
    </p>
   </div>
   <div class='ocr_carea' id='block_1_70' title="bbox 291 3701 1848 3772">
    <p class='ocr_par' dir='ltr' id='par_1_70' title="bbox 291 3701 1848 3772">
     <span class='ocr_line' id='line_1_70' title="bbox 291 3701 1848 3772; baseline 0.003 -20"><span class='ocrx_word' id='word_1_450' title='bbox 291 3701 349 3751; x_wconf 72' lang='grc' dir='ltr'><strong>δὲ</strong></span> <span class='ocrx_word' id='word_1_451' title='bbox 373 3705 464 3753; x_wconf 86' lang='grc' dir='ltr'><strong>καὶ</strong></span> <span class='ocrx_word' id='word_1_452' title='bbox 487 3701 553 3754; x_wconf 81' lang='grc' dir='ltr'><strong>τά</strong></span> <span class='ocrx_word' id='word_1_453' title='bbox 581 3705 915 3756; x_wconf 78' lang='grc' dir='ltr'><strong>συνιστῶντα</strong></span> <span class='ocrx_word' id='word_1_454' title='bbox 973 3703 1063 3754; x_wconf 69' lang='grc' dir='ltr'><strong>τόν</strong></span> <span class='ocrx_word' id='word_1_455' title='bbox 1093 3705 1497 3772; x_wconf 84' lang='grc' dir='ltr'><strong>χαρτοφύλακα.</strong></span> <span class='ocrx_word' id='word_1_456' title='bbox 1523 3707 1742 3756; x_wconf 87' lang='grc' dir='ltr'><strong>Είπάτω</strong></span> <span class='ocrx_word' id='word_1_457' title='bbox 1791 3705 1848 3757; x_wconf 80' lang='grc' dir='ltr'><strong>δὲ</strong></span> 
     </span>
    </p>
   </div>
   <div class='ocr_carea' id='block_1_71' title="bbox 294 3793 1849 3866">
    <p class='ocr_par' dir='ltr' id='par_1_71' title="bbox 294 3793 1849 3866">
     <span class='ocr_line' id='line_1_71' title="bbox 294 3793 1849 3866; baseline 0.002 -21"><span class='ocrx_word' id='word_1_458' title='bbox 294 3793 494 3865; x_wconf 76' lang='grc' dir='ltr'><strong>μᾶλλον</strong></span> <span class='ocrx_word' id='word_1_459' title='bbox 519 3796 686 3848; x_wconf 80' lang='grc' dir='ltr'><strong>ταῦτα</strong></span> <span class='ocrx_word' id='word_1_460' title='bbox 709 3798 806 3866; x_wconf 83' lang='grc' dir='ltr'><strong>τῆς</strong></span> <span class='ocrx_word' id='word_1_461' title='bbox 839 3796 1090 3862; x_wconf 83' lang='grc' dir='ltr'><strong>ἀληθείας</strong></span> <span class='ocrx_word' id='word_1_462' title='bbox 1119 3798 1176 3848; x_wconf 84' lang='grc' dir='ltr'><strong>τὸ</strong></span> <span class='ocrx_word' id='word_1_463' title='bbox 1200 3799 1390 3864; x_wconf 88' lang='grc' dir='ltr'><strong>στόμα,</strong></span> <span class='ocrx_word' id='word_1_464' title='bbox 1415 3797 1505 3848; x_wconf 79' lang='grc' dir='ltr'><strong>καὶ</strong></span> <span class='ocrx_word' id='word_1_465' title='bbox 1528 3795 1622 3864; x_wconf 84' lang='grc' dir='ltr'><strong>τῆς</strong></span> <span class='ocrx_word' id='word_1_466' title='bbox 1650 3797 1849 3849; x_wconf 82' lang='grc' dir='ltr'><strong>δικαιο-</strong></span> 
     </span>
    </p>
   </div>
   <div class='ocr_carea' id='block_1_72' title="bbox 292 3885 1847 3954">
    <p class='ocr_par' dir='ltr' id='par_1_72' title="bbox 292 3885 1847 3954">
     <span class='ocr_line' id='line_1_72' title="bbox 292 3885 1847 3954; baseline 0.001 -18"><span class='ocrx_word' id='word_1_467' title='bbox 292 3885 458 3952; x_wconf 86' lang='grc' dir='ltr'><strong>σύνης</strong></span> <span class='ocrx_word' id='word_1_468' title='bbox 487 3888 515 3937; x_wconf 90' lang='grc' dir='ltr'><strong>ό</strong></span> <span class='ocrx_word' id='word_1_469' title='bbox 564 3886 732 3953; x_wconf 77' lang='grc' dir='ltr'><strong>ἥλιος.</strong></span> <span class='ocrx_word' id='word_1_470' title='bbox 774 3889 906 3940; x_wconf 79' lang='grc' dir='ltr'><strong>Οὐδὲ</strong></span> <span class='ocrx_word' id='word_1_471' title='bbox 940 3889 1048 3953; x_wconf 79' lang='grc' dir='ltr'><strong>γὰρ</strong></span> <span class='ocrx_word' id='word_1_472' title='bbox 1101 3888 1312 3940; x_wconf 86' lang='grc' dir='ltr'><strong>οἴκοθεν</strong></span> <span class='ocrx_word' id='word_1_473' title='bbox 1345 3889 1588 3954; x_wconf 73' lang='grc' dir='ltr'><strong>εἴπωμεν</strong></span> <span class='ocrx_word' id='word_1_474' title='bbox 1643 3886 1847 3954; x_wconf 83' lang='grc' dir='ltr'><strong>ἐπιμύ-</strong></span> 
     </span>
    </p>
   </div>
   <div class='ocr_carea' id='block_1_73' title="bbox 292 3973 1846 4044">
    <p class='ocr_par' dir='ltr' id='par_1_73' title="bbox 292 3973 1846 4044">
     <span class='ocr_line' id='line_1_73' title="bbox 292 3973 1846 4044; baseline 0.001 -20"><span class='ocrx_word' id='word_1_475' title='bbox 292 3973 426 4034; x_wconf 83' lang='grc' dir='ltr'><strong>θιον,</strong></span> <span class='ocrx_word' id='word_1_476' title='bbox 455 3976 596 4025; x_wconf 85' lang='grc' dir='ltr'><strong>κατά</strong></span> <span class='ocrx_word' id='word_1_477' title='bbox 617 3977 740 4037; x_wconf 82' lang='grc' dir='ltr'><strong>τοὺς</strong></span> <span class='ocrx_word' id='word_1_478' title='bbox 769 3976 1132 4044; x_wconf 81' lang='grc' dir='ltr'><strong>κνηθομένους</strong></span> <span class='ocrx_word' id='word_1_479' title='bbox 1155 3975 1253 4038; x_wconf 86' lang='grc' dir='ltr'><strong>τὰς</strong></span> <span class='ocrx_word' id='word_1_480' title='bbox 1277 3977 1466 4038; x_wconf 77' lang='grc' dir='ltr'><strong>ἀκοὰς,</strong></span> <span class='ocrx_word' id='word_1_481' title='bbox 1499 3975 1574 4043; x_wconf 85' lang='grc' dir='ltr'>τῷ</span> <span class='ocrx_word' id='word_1_482' title='bbox 1599 3976 1738 4044; x_wconf 81' lang='grc' dir='ltr'><strong>λόγῳ</strong></span> <span class='ocrx_word' id='word_1_483' title='bbox 1755 3976 1846 4027; x_wconf 81' lang='grc' dir='ltr'><strong>τοῦ</strong></span> 
     </span>
    </p>
   </div>
   <div class='ocr_carea' id='block_1_74' title="bbox 290 4062 1848 4134">
    <p class='ocr_par' dir='ltr' id='par_1_74' title="bbox 290 4062 1848 4134">
     <span class='ocr_line' id='line_1_74' title="bbox 290 4062 1848 4134; baseline 0.003 -21"><span class='ocrx_word' id='word_1_484' title='bbox 290 4062 661 4131; x_wconf 75' lang='grc' dir='ltr'><strong>διαφέροντος,</strong></span> <span class='ocrx_word' id='word_1_485' title='bbox 684 4065 775 4117; x_wconf 73' lang='grc' dir='ltr'><strong>καὶ</strong></span> <span class='ocrx_word' id='word_1_486' title='bbox 812 4065 936 4126; x_wconf 84' lang='grc' dir='ltr'><strong>τοὺς</strong></span> <span class='ocrx_word' id='word_1_487' title='bbox 967 4066 1058 4118; x_wconf 70' lang='grc' dir='ltr'><strong>ἐπὶ</strong></span> <span class='ocrx_word' id='word_1_488' title='bbox 1088 4065 1275 4124; x_wconf 84' lang='grc' dir='ltr'><strong>’ύδατος</strong></span> <span class='ocrx_word' id='word_1_489' title='bbox 1302 4066 1603 4131; x_wconf 83' lang='grc' dir='ltr'><strong>ἀντιλογίας</strong></span> <span class='ocrx_word' id='word_1_490' title='bbox 1625 4065 1848 4134; x_wconf 83' lang='grc' dir='ltr'><strong>δοκιμά-</strong></span> 
     </span>
    </p>
   </div>
   <div class='ocr_carea' id='block_1_75' title="bbox 294 4153 1849 4226">
    <p class='ocr_par' dir='ltr' id='par_1_75' title="bbox 294 4153 1849 4226">
     <span class='ocr_line' id='line_1_75' title="bbox 294 4153 1849 4226; baseline 0.005 -25"><span class='ocrx_word' id='word_1_491' title='bbox 294 4153 489 4214; x_wconf 78' lang='grc' dir='ltr'><strong>ζοντας</strong></span> <span class='ocrx_word' id='word_1_492' title='bbox 540 4153 608 4204; x_wconf 76' lang='grc' dir='ltr'><strong>τὰ</strong></span> <span class='ocrx_word' id='word_1_493' title='bbox 662 4153 936 4221; x_wconf 73' lang='grc' dir='ltr'><strong>ἀμφίϐολα</strong></span> <span class='ocrx_word' id='word_1_494' title='bbox 967 4171 981 4184; x_wconf 90' lang='grc'><strong>·</strong></span> <span class='ocrx_word' id='word_1_495' title='bbox 1025 4155 1137 4208; x_wconf 79' lang='grc' dir='ltr'><strong>ἀλλ’</strong></span> <span class='ocrx_word' id='word_1_496' title='bbox 1169 4157 1353 4207; x_wconf 71' lang='grc' dir='ltr'><strong>ικεῖνα</strong></span> <span class='ocrx_word' id='word_1_497' title='bbox 1392 4155 1618 4225; x_wconf 84' lang='grc' dir='ltr'><strong>διπλόης</strong></span> <span class='ocrx_word' id='word_1_498' title='bbox 1670 4158 1849 4226; x_wconf 81' lang='grc' dir='ltr'><strong>πάσης</strong></span> 
     </span>
    </p>
   </div>
   <div class='ocr_carea' id='block_1_76' title="bbox 292 4240 1848 4314">
    <p class='ocr_par' dir='ltr' id='par_1_76' title="bbox 292 4240 1848 4314">
     <span class='ocr_line' id='line_1_76' title="bbox 292 4240 1848 4314; baseline 0.003 -23"><span class='ocrx_word' id='word_1_499' title='bbox 292 4240 450 4301; x_wconf 73' lang='grc' dir='ltr'><strong>ἀκτὺς</strong></span> <span class='ocrx_word' id='word_1_500' title='bbox 493 4242 867 4310; x_wconf 82' lang='grc' dir='ltr'><strong>σχεδιάσσμεν,</strong></span> <span class='ocrx_word' id='word_1_501' title='bbox 901 4244 1001 4295; x_wconf 80' lang='grc' dir='ltr'><strong>ὅσα</strong></span> <span class='ocrx_word' id='word_1_502' title='bbox 1049 4246 1212 4312; x_wconf 85' lang='grc' dir='ltr'><strong>πεῖρα</strong></span> <span class='ocrx_word' id='word_1_503' title='bbox 1260 4245 1468 4313; x_wconf 80' lang='grc' dir='ltr'><strong>μακρὰ,</strong></span> <span class='ocrx_word' id='word_1_504' title='bbox 1517 4245 1607 4296; x_wconf 80' lang='grc' dir='ltr'><strong>καὶ</strong></span> <span class='ocrx_word' id='word_1_505' title='bbox 1660 4247 1848 4314; x_wconf 83' lang='grc' dir='ltr'><strong>χρόνος</strong></span> 
     </span>
    </p>
   </div>
   <div class='ocr_carea' id='block_1_77' title="bbox 293 4331 1847 4402">
    <p class='ocr_par' dir='ltr' id='par_1_77' title="bbox 293 4331 1847 4402">
     <span class='ocr_line' id='line_1_77' title="bbox 293 4331 1847 4402; baseline 0.003 -21"><span class='ocrx_word' id='word_1_506' title='bbox 293 4331 484 4394; x_wconf 83' lang='grc' dir='ltr'><strong>πολὺς,</strong></span> <span class='ocrx_word' id='word_1_507' title='bbox 518 4334 612 4384; x_wconf 79' lang='grc' dir='ltr'><strong>καὶ</strong></span> <span class='ocrx_word' id='word_1_508' title='bbox 644 4333 805 4385; x_wconf 91' lang='grc' dir='ltr'><strong>θείων</strong></span> <span class='ocrx_word' id='word_1_509' title='bbox 833 4333 1062 4400; x_wconf 81' lang='grc' dir='ltr'><strong>Γραφῶν</strong></span> <span class='ocrx_word' id='word_1_510' title='bbox 1087 4336 1390 4399; x_wconf 81' lang='grc' dir='ltr'><strong>ἀνάγνωσις</strong></span> <span class='ocrx_word' id='word_1_511' title='bbox 1414 4337 1556 4402; x_wconf 76' lang='grc' dir='ltr'><strong>ἡμᾶς</strong></span> <span class='ocrx_word' id='word_1_512' title='bbox 1611 4336 1847 4387; x_wconf 85' lang='grc' dir='ltr'><strong>ἀνεδίδα-</strong></span> 
     </span>
    </p>
   </div>
   <div class='ocr_carea' id='block_1_78' title="bbox 1947 3175 3501 3244">
    <p class='ocr_par' dir='ltr' id='par_1_78' title="bbox 1947 3175 3501 3244">
     <span class='ocr_line' id='line_1_78' title="bbox 1947 3175 3501 3244; baseline -0.004 -14"><span class='ocrx_word' id='word_1_513' title='bbox 1947 3189 2166 3230; x_wconf 86' lang='lat' dir='ltr'><strong>causam</strong></span> <span class='ocrx_word' id='word_1_514' title='bbox 2209 3184 2446 3238; x_wconf 88' lang='lat' dir='ltr'><strong>tueatur,</strong></span> <span class='ocrx_word' id='word_1_515' title='bbox 2481 3177 2935 3244; x_wconf 85' lang='lat' dir='ltr'><strong>quemadmodum</strong></span> <span class='ocrx_word' id='word_1_516' title='bbox 2969 3186 3022 3230; x_wconf 91' lang='lat' dir='ltr'><strong>et</strong></span> <span class='ocrx_word' id='word_1_517' title='bbox 3056 3176 3142 3228; x_wconf 91' lang='lat' dir='ltr'><strong>ubi</strong></span> <span class='ocrx_word' id='word_1_518' title='bbox 3179 3175 3384 3242; x_wconf 76' lang='lat' dir='ltr'><strong>legibus</strong></span> <span class='ocrx_word' id='word_1_519' title='bbox 3417 3180 3501 3226; x_wconf 81' lang='lat' dir='ltr'><strong>est</strong></span> 
     </span>
    </p>
   </div>
   <div class='ocr_carea' id='block_1_79' title="bbox 1947 3263 3498 3333">
    <p class='ocr_par' dir='ltr' id='par_1_79' title="bbox 1947 3263 3498 3333">
     <span class='ocr_line' id='line_1_79' title="bbox 1947 3263 3498 3333; baseline -0.001 -15"><span class='ocrx_word' id='word_1_520' title='bbox 1947 3264 2224 3318; x_wconf 89' lang='lat' dir='ltr'><strong>definitum</strong></span> <span class='ocrx_word' id='word_1_521' title='bbox 2264 3281 2278 3316; x_wconf 88' lang='lat'><strong>:</strong></span> <span class='ocrx_word' id='word_1_522' title='bbox 2328 3265 2568 3333; x_wconf 88' lang='lat' dir='ltr'><strong>adeoque</strong></span> <span class='ocrx_word' id='word_1_523' title='bbox 2599 3266 2779 3333; x_wconf 90' lang='lat' dir='ltr'><strong>potius</strong></span> <span class='ocrx_word' id='word_1_524' title='bbox 2814 3266 2898 3321; x_wconf 89' lang='lat' dir='ltr'><strong>bis</strong></span> <span class='ocrx_word' id='word_1_525' title='bbox 2953 3265 3186 3327; x_wconf 84' lang='lat' dir='ltr'><strong>assistat,</strong></span> <span class='ocrx_word' id='word_1_526' title='bbox 3220 3273 3271 3317; x_wconf 88' lang='lat' dir='ltr'><strong>et</strong></span> <span class='ocrx_word' id='word_1_527' title='bbox 3313 3263 3498 3316; x_wconf 87' lang='lat' dir='ltr'><strong>defen-</strong></span> 
     </span>
    </p>
   </div>
   <div class='ocr_carea' id='block_1_80' title="bbox 1946 3355 3501 3423">
    <p class='ocr_par' dir='ltr' id='par_1_80' title="bbox 1946 3355 3501 3423">
     <span class='ocr_line' id='line_1_80' title="bbox 1946 3355 3501 3423; baseline -0.001 -15"><span class='ocrx_word' id='word_1_528' title='bbox 1946 3355 2040 3408; x_wconf 86' lang='lat' dir='ltr'><strong>dat</strong></span> <span class='ocrx_word' id='word_1_529' title='bbox 2109 3369 2201 3410; x_wconf 90' lang='lat' dir='ltr'><strong>eos</strong></span> <span class='ocrx_word' id='word_1_530' title='bbox 2276 3356 2344 3410; x_wconf 90' lang='lat' dir='ltr'><strong>ab</strong></span> <span class='ocrx_word' id='word_1_531' title='bbox 2427 3355 2785 3410; x_wconf 80' lang='lat' dir='ltr'><strong>inferentibus</strong></span> <span class='ocrx_word' id='word_1_532' title='bbox 2861 3355 3138 3423; x_wconf 88' lang='lat' dir='ltr'><strong>injuriam,</strong></span> <span class='ocrx_word' id='word_1_533' title='bbox 3191 3355 3350 3407; x_wconf 91' lang='lat' dir='ltr'><strong>sicuti</strong></span> <span class='ocrx_word' id='word_1_534' title='bbox 3402 3367 3501 3406; x_wconf 90' lang='lat' dir='ltr'><strong>no-</strong></span> 
     </span>
    </p>
   </div>
   <div class='ocr_carea' id='block_1_81' title="bbox 1948 3443 3499 3513">
    <p class='ocr_par' dir='ltr' id='par_1_81' title="bbox 1948 3443 3499 3513">
     <span class='ocr_line' id='line_1_81' title="bbox 1948 3443 3499 3513; baseline -0.003 -16"><span class='ocrx_word' id='word_1_535' title='bbox 1948 3446 2110 3499; x_wconf 86' lang='lat' dir='ltr'><strong>minis</strong></span> <span class='ocrx_word' id='word_1_536' title='bbox 2173 3445 2344 3513; x_wconf 90' lang='lat' dir='ltr'><strong>ipsius</strong></span> <span class='ocrx_word' id='word_1_537' title='bbox 2391 3446 2530 3498; x_wconf 83' lang='lat' dir='ltr'><strong>ratio</strong></span> <span class='ocrx_word' id='word_1_538' title='bbox 2586 3445 2837 3513; x_wconf 86' lang='lat' dir='ltr'><strong>postulat.</strong></span> <span class='ocrx_word' id='word_1_539' title='bbox 2897 3443 3029 3497; x_wconf 85' lang='lat' dir='ltr'><strong>Nam</strong></span> <span class='ocrx_word' id='word_1_540' title='bbox 3065 3447 3134 3497; x_wconf 90' lang='lat' dir='ltr'><strong>ita</strong></span> <span class='ocrx_word' id='word_1_541' title='bbox 3162 3445 3205 3498; x_wconf 91' lang='lat' dir='ltr'><strong>si</strong></span> <span class='ocrx_word' id='word_1_542' title='bbox 3239 3459 3296 3497; x_wconf 92' lang='lat' dir='ltr'><strong>se</strong></span> <span class='ocrx_word' id='word_1_543' title='bbox 3327 3451 3499 3510; x_wconf 86' lang='lat' dir='ltr'><strong>geret,</strong></span> 
     </span>
    </p>
   </div>
   <div class='ocr_carea' id='block_1_82' title="bbox 1948 3535 3502 3596">
    <p class='ocr_par' dir='ltr' id='par_1_82' title="bbox 1948 3535 3502 3596">
     <span class='ocr_line' id='line_1_82' title="bbox 1948 3535 3502 3596; baseline 0.001 -12"><span class='ocrx_word' id='word_1_544' title='bbox 1948 3548 2010 3586; x_wconf 85' lang='lat' dir='ltr'><strong>ac</strong></span> <span class='ocrx_word' id='word_1_545' title='bbox 2041 3541 2227 3588; x_wconf 88' lang='lat' dir='ltr'><strong>sancte</strong></span> <span class='ocrx_word' id='word_1_546' title='bbox 2269 3545 2454 3588; x_wconf 88' lang='lat' dir='ltr'><strong>sancta</strong></span> <span class='ocrx_word' id='word_1_547' title='bbox 2499 3536 2837 3596; x_wconf 90' lang='lat' dir='ltr'><strong>servaverit,</strong></span> <span class='ocrx_word' id='word_1_548' title='bbox 2891 3535 3030 3587; x_wconf 87' lang='lat' dir='ltr'><strong>baud</strong></span> <span class='ocrx_word' id='word_1_549' title='bbox 3076 3535 3236 3587; x_wconf 86' lang='lat' dir='ltr'><strong>dubie</strong></span> <span class='ocrx_word' id='word_1_550' title='bbox 3278 3548 3502 3587; x_wconf 85' lang='lat' dir='ltr'><strong>venera-</strong></span> 
     </span>
    </p>
   </div>
   <div class='ocr_carea' id='block_1_83' title="bbox 1947 3619 3501 3689">
    <p class='ocr_par' dir='ltr' id='par_1_83' title="bbox 1947 3619 3501 3689">
     <span class='ocr_line' id='line_1_83' title="bbox 1947 3619 3501 3689; baseline -0.003 -16"><span class='ocrx_word' id='word_1_551' title='bbox 1947 3622 2146 3674; x_wconf 86' lang='lat' dir='ltr'><strong>tionem</strong></span> <span class='ocrx_word' id='word_1_552' title='bbox 2183 3621 2493 3675; x_wconf 88' lang='lat' dir='ltr'><strong>merebitur.</strong></span> <span class='ocrx_word' id='word_1_553' title='bbox 2526 3622 2585 3674; x_wconf 90' lang='lat' dir='ltr'><strong>Et</strong></span> <span class='ocrx_word' id='word_1_554' title='bbox 2619 3622 2731 3674; x_wconf 71' lang='lat' dir='ltr'><strong>haec</strong></span> <span class='ocrx_word' id='word_1_555' title='bbox 2755 3620 2970 3688; x_wconf 88' lang='lat' dir='ltr'><strong>quidem</strong></span> <span class='ocrx_word' id='word_1_556' title='bbox 3003 3625 3202 3689; x_wconf 83' lang='lat' dir='ltr'><strong>scripta</strong></span> <span class='ocrx_word' id='word_1_557' title='bbox 3234 3619 3501 3672; x_wconf 77' lang='lat' dir='ltr'><strong>sufficiant</strong></span> 
     </span>
    </p>
   </div>
   <div class='ocr_carea' id='block_1_84' title="bbox 1947 3707 3496 3777">
    <p class='ocr_par' dir='ltr' id='par_1_84' title="bbox 1947 3707 3496 3777">
     <span class='ocr_line' id='line_1_84' title="bbox 1947 3707 3496 3777; baseline 0 -17"><span class='ocrx_word' id='word_1_558' title='bbox 1947 3709 2012 3760; x_wconf 81' lang='lat' dir='ltr'><strong>ad</strong></span> <span class='ocrx_word' id='word_1_559' title='bbox 2049 3724 2109 3760; x_wconf 88' lang='lat' dir='ltr'><strong>ea</strong></span> <span class='ocrx_word' id='word_1_560' title='bbox 2149 3709 2487 3770; x_wconf 79' lang='lat' dir='ltr'><strong>divartenda,</strong></span> <span class='ocrx_word' id='word_1_561' title='bbox 2531 3725 2650 3777; x_wconf 78' lang='lat' dir='ltr'><strong>quae</strong></span> <span class='ocrx_word' id='word_1_562' title='bbox 2692 3723 2721 3761; x_wconf 83' lang='lat' dir='ltr'><strong>a</strong></span> <span class='ocrx_word' id='word_1_563' title='bbox 2772 3710 2946 3777; x_wconf 91' lang='lat' dir='ltr'><strong>primo</strong></span> <span class='ocrx_word' id='word_1_564' title='bbox 2987 3708 3272 3761; x_wconf 89' lang='lat' dir='ltr'><strong>defensore</strong></span> <span class='ocrx_word' id='word_1_565' title='bbox 3312 3707 3496 3773; x_wconf 87' lang='lat' dir='ltr'><strong>profe-</strong></span> 
     </span>
    </p>
   </div>
   <div class='ocr_carea' id='block_1_85' title="bbox 1949 3780 3501 3863">
    <p class='ocr_par' dir='ltr' id='par_1_85' title="bbox 1949 3780 3501 3863">
     <span class='ocr_line' id='line_1_85' title="bbox 1949 3780 3501 3863; baseline -0.001 -15"><span class='ocrx_word' id='word_1_566' title='bbox 1949 3780 2162 3858; x_wconf 69' lang='lat' dir='ltr'><strong>runtur,</strong></span> <span class='ocrx_word' id='word_1_567' title='bbox 2211 3811 2274 3850; x_wconf 89' lang='lat' dir='ltr'><strong>ac</strong></span> <span class='ocrx_word' id='word_1_568' title='bbox 2313 3796 2437 3863; x_wconf 87' lang='lat' dir='ltr'><strong>jura</strong></span> <span class='ocrx_word' id='word_1_569' title='bbox 2482 3797 2811 3860; x_wconf 88' lang='lat' dir='ltr'><strong>convellunt,</strong></span> <span class='ocrx_word' id='word_1_570' title='bbox 2854 3797 2907 3848; x_wconf 90' lang='lat' dir='ltr'><strong>in</strong></span> <span class='ocrx_word' id='word_1_571' title='bbox 2958 3810 3185 3862; x_wconf 82' lang='lat' dir='ltr'><strong>quorum</strong></span> <span class='ocrx_word' id='word_1_572' title='bbox 3233 3794 3501 3862; x_wconf 76' lang='lat' dir='ltr'><strong>inculpata</strong></span> 
     </span>
    </p>
   </div>
   <div class='ocr_carea' id='block_1_86' title="bbox 1951 3883 3502 3952">
    <p class='ocr_par' dir='ltr' id='par_1_86' title="bbox 1951 3883 3502 3952">
     <span class='ocr_line' id='line_1_86' title="bbox 1951 3883 3502 3952; baseline 0 -16"><span class='ocrx_word' id='word_1_573' title='bbox 1951 3885 2297 3952; x_wconf 87' lang='lat' dir='ltr'><strong>possessione</strong></span> <span class='ocrx_word' id='word_1_574' title='bbox 2337 3885 2700 3938; x_wconf 87' lang='lat' dir='ltr'><strong>chartularius</strong></span> <span class='ocrx_word' id='word_1_575' title='bbox 2742 3894 2818 3937; x_wconf 88' lang='lat' dir='ltr'><strong>est</strong></span> <span class='ocrx_word' id='word_1_576' title='bbox 2888 3883 3045 3936; x_wconf 88' lang='lat' dir='ltr'><strong>Nunc</strong></span> <span class='ocrx_word' id='word_1_577' title='bbox 3080 3884 3147 3936; x_wconf 88' lang='lat' dir='ltr'><strong>de</strong></span> <span class='ocrx_word' id='word_1_578' title='bbox 3183 3885 3248 3938; x_wconf 88' lang='lat' dir='ltr'><strong>iis</strong></span> <span class='ocrx_word' id='word_1_579' title='bbox 3288 3899 3502 3950; x_wconf 89' lang='lat' dir='ltr'><strong>quoque</strong></span> 
     </span>
    </p>
   </div>
   <div class='ocr_carea' id='block_1_87' title="bbox 1949 3970 3505 4040">
    <p class='ocr_par' dir='ltr' id='par_1_87' title="bbox 1949 3970 3505 4040">
     <span class='ocr_line' id='line_1_87' title="bbox 1949 3970 3505 4040; baseline -0.001 -15"><span class='ocrx_word' id='word_1_580' title='bbox 1949 3974 2261 4036; x_wconf 89' lang='lat' dir='ltr'><strong>dicendum,</strong></span> <span class='ocrx_word' id='word_1_581' title='bbox 2291 3987 2410 4040; x_wconf 74' lang='lat' dir='ltr'><strong>quae</strong></span> <span class='ocrx_word' id='word_1_582' title='bbox 2453 3987 2551 4040; x_wconf 90' lang='lat' dir='ltr'><strong>pro</strong></span> <span class='ocrx_word' id='word_1_583' title='bbox 2583 3972 2915 4026; x_wconf 86' lang='lat' dir='ltr'><strong>cbartulario</strong></span> <span class='ocrx_word' id='word_1_584' title='bbox 2951 3970 3179 4024; x_wconf 88' lang='lat' dir='ltr'><strong>faciunt.</strong></span> <span class='ocrx_word' id='word_1_585' title='bbox 3231 3973 3321 4025; x_wconf 81' lang='lat' dir='ltr'><strong>Vel</strong></span> <span class='ocrx_word' id='word_1_586' title='bbox 3356 3971 3505 4023; x_wconf 85' lang='lat' dir='ltr'><strong>dicat</strong></span> 
     </span>
    </p>
   </div>
   <div class='ocr_carea' id='block_1_88' title="bbox 1947 4058 3504 4130">
    <p class='ocr_par' dir='ltr' id='par_1_88' title="bbox 1947 4058 3504 4130">
     <span class='ocr_line' id='line_1_88' title="bbox 1947 4058 3504 4130; baseline -0.003 -13"><span class='ocrx_word' id='word_1_587' title='bbox 1947 4078 2009 4117; x_wconf 89' lang='lat' dir='ltr'><strong>ea</strong></span> <span class='ocrx_word' id='word_1_588' title='bbox 2057 4064 2236 4130; x_wconf 89' lang='lat' dir='ltr'><strong>potius</strong></span> <span class='ocrx_word' id='word_1_589' title='bbox 2276 4061 2451 4129; x_wconf 85' lang='lat' dir='ltr'><strong>ipsum</strong></span> <span class='ocrx_word' id='word_1_590' title='bbox 2485 4062 2726 4115; x_wconf 88' lang='lat' dir='ltr'><strong>veritatis</strong></span> <span class='ocrx_word' id='word_1_591' title='bbox 2761 4077 2844 4125; x_wconf 88' lang='lat' dir='ltr'><strong>os,</strong></span> <span class='ocrx_word' id='word_1_592' title='bbox 2885 4071 2940 4115; x_wconf 85' lang='lat' dir='ltr'><strong>et</strong></span> <span class='ocrx_word' id='word_1_593' title='bbox 2983 4064 3063 4116; x_wconf 90' lang='lat' dir='ltr'><strong>sol</strong></span> <span class='ocrx_word' id='word_1_594' title='bbox 3102 4062 3344 4129; x_wconf 76' lang='lat' dir='ltr'><strong>justitite.</strong></span> <span class='ocrx_word' id='word_1_595' title='bbox 3386 4058 3504 4113; x_wconf 87' lang='lat' dir='ltr'><strong>Non</strong></span> 
     </span>
    </p>
   </div>
   <div class='ocr_carea' id='block_1_89' title="bbox 1947 4151 3495 4216">
    <p class='ocr_par' dir='ltr' id='par_1_89' title="bbox 1947 4151 3495 4216">
     <span class='ocr_line' id='line_1_89' title="bbox 1947 4151 3495 4216; baseline -0.005 -7"><span class='ocrx_word' id='word_1_596' title='bbox 1947 4157 2090 4209; x_wconf 89' lang='lat' dir='ltr'><strong>enim</strong></span> <span class='ocrx_word' id='word_1_597' title='bbox 2121 4169 2184 4208; x_wconf 81' lang='lat' dir='ltr'><strong>ex</strong></span> <span class='ocrx_word' id='word_1_598' title='bbox 2221 4153 2376 4208; x_wconf 89' lang='lat' dir='ltr'><strong>nobis</strong></span> <span class='ocrx_word' id='word_1_599' title='bbox 2413 4151 2651 4206; x_wconf 87' lang='lat' dir='ltr'><strong>fabulam</strong></span> <span class='ocrx_word' id='word_1_600' title='bbox 2695 4152 3008 4216; x_wconf 82' lang='lat' dir='ltr'><strong>aﬂ&#39;eremus,</strong></span> <span class='ocrx_word' id='word_1_601' title='bbox 3043 4154 3217 4207; x_wconf 87' lang='lat' dir='ltr'><strong>instar</strong></span> <span class='ocrx_word' id='word_1_602' title='bbox 3261 4154 3495 4214; x_wconf 85' lang='lat' dir='ltr'><strong>illorum,</strong></span> 
     </span>
    </p>
   </div>
   <div class='ocr_carea' id='block_1_90' title="bbox 1948 4241 3502 4314">
    <p class='ocr_par' dir='ltr' id='par_1_90' title="bbox 1948 4241 3502 4314">
     <span class='ocr_line' id='line_1_90' title="bbox 1948 4241 3502 4314; baseline -0.003 -16"><span class='ocrx_word' id='word_1_603' title='bbox 1948 4245 2142 4314; x_wconf 89' lang='lat' dir='ltr'><strong>quibus</strong></span> <span class='ocrx_word' id='word_1_604' title='bbox 2174 4258 2333 4298; x_wconf 88' lang='lat' dir='ltr'><strong>aures</strong></span> <span class='ocrx_word' id='word_1_605' title='bbox 2375 4243 2631 4312; x_wconf 88' lang='lat' dir='ltr'><strong>pruriunt</strong></span> <span class='ocrx_word' id='word_1_606' title='bbox 2659 4241 2724 4295; x_wconf 88' lang='lat' dir='ltr'><strong>ad</strong></span> <span class='ocrx_word' id='word_1_607' title='bbox 2771 4241 3069 4296; x_wconf 84' lang='lat' dir='ltr'><strong>orationem</strong></span> <span class='ocrx_word' id='word_1_608' title='bbox 3115 4242 3180 4294; x_wconf 89' lang='lat' dir='ltr'><strong>de</strong></span> <span class='ocrx_word' id='word_1_609' title='bbox 3243 4256 3306 4293; x_wconf 89' lang='lat' dir='ltr'><strong>eo</strong></span> <span class='ocrx_word' id='word_1_610' title='bbox 3358 4241 3502 4308; x_wconf 89' lang='lat' dir='ltr'><strong>quod</strong></span> 
     </span>
    </p>
   </div>
   <div class='ocr_carea' id='block_1_91' title="bbox 1951 4331 3503 4404">
    <p class='ocr_par' dir='ltr' id='par_1_91' title="bbox 1951 4331 3503 4404">
     <span class='ocr_line' id='line_1_91' title="bbox 1951 4331 3503 4404; baseline -0.003 -17"><span class='ocrx_word' id='word_1_611' title='bbox 1951 4336 2083 4404; x_wconf 92' lang='lat' dir='ltr'><strong>ipsis</strong></span> <span class='ocrx_word' id='word_1_612' title='bbox 2122 4333 2367 4402; x_wconf 79' lang='lat' dir='ltr'><strong>expedit;</strong></span> <span class='ocrx_word' id='word_1_613' title='bbox 2403 4341 2456 4387; x_wconf 86' lang='lat' dir='ltr'><strong>et</strong></span> <span class='ocrx_word' id='word_1_614' title='bbox 2489 4347 2673 4386; x_wconf 89' lang='lat' dir='ltr'><strong>eorum</strong></span> <span class='ocrx_word' id='word_1_615' title='bbox 2711 4344 2884 4394; x_wconf 88' lang='lat' dir='ltr'><strong>more,</strong></span> <span class='ocrx_word' id='word_1_616' title='bbox 2921 4332 3010 4399; x_wconf 89' lang='lat' dir='ltr'><strong>qui</strong></span> <span class='ocrx_word' id='word_1_617' title='bbox 3043 4331 3107 4383; x_wconf 90' lang='lat' dir='ltr'><strong>ad</strong></span> <span class='ocrx_word' id='word_1_618' title='bbox 3139 4345 3330 4398; x_wconf 89' lang='lat' dir='ltr'><strong>aquam</strong></span> <span class='ocrx_word' id='word_1_619' title='bbox 3370 4345 3503 4382; x_wconf 87' lang='lat' dir='ltr'><strong>con-</strong></span> 
     </span>
    </p>
   </div>
   <div class='ocr_carea' id='block_1_92' title="bbox 293 4409 1841 4492">
    <p class='ocr_par' dir='ltr' id='par_1_92' title="bbox 293 4420 1841 4492">
     <span class='ocr_line' id='line_1_92' title="bbox 293 4420 1841 4492; baseline 0.005 -21"><span class='ocrx_word' id='word_1_620' title='bbox 293 4421 411 4483; x_wconf 79' lang='grc' dir='ltr'><strong>ξαν.</strong></span> <span class='ocrx_word' id='word_1_621' title='bbox 453 4423 707 4490; x_wconf 81' lang='grc' dir='ltr'><strong>Ἀρκτέον</strong></span> <span class='ocrx_word' id='word_1_622' title='bbox 730 4420 843 4489; x_wconf 83' lang='grc' dir='ltr'><strong>οὖν,</strong></span> <span class='ocrx_word' id='word_1_623' title='bbox 866 4423 987 4475; x_wconf 84' lang='grc' dir='ltr'><strong>ὅθεν</strong></span> <span class='ocrx_word' id='word_1_624' title='bbox 1019 4425 1280 4492; x_wconf 83' lang='grc' dir='ltr'><strong>ἄρχεσθαι</strong></span> <span class='ocrx_word' id='word_1_625' title='bbox 1315 4426 1565 4492; x_wconf 82' lang='grc' dir='ltr'><strong>ἄμεινον·</strong></span> <span class='ocrx_word' id='word_1_626' title='bbox 1607 4428 1700 4477; x_wconf 75' lang='grc' dir='ltr'><strong>καὶ</strong></span> <span class='ocrx_word' id='word_1_627' title='bbox 1748 4443 1841 4478; x_wconf 88' lang='grc' dir='ltr'><strong>πο-</strong></span> 
     </span>
    </p>
   </div>
   <div class='ocr_carea' id='block_1_93' title="bbox 1943 4409 3500 4492">
    <p class='ocr_par' dir='ltr' id='par_1_93' title="bbox 1955 4417 3500 4476">
     <span class='ocr_line' id='line_1_93' title="bbox 1955 4417 3500 4476; baseline -0.006 0"><span class='ocrx_word' id='word_1_628' title='bbox 1955 4422 2295 4476; x_wconf 90' lang='lat' dir='ltr'><strong>tradictionis</strong></span> <span class='ocrx_word' id='word_1_629' title='bbox 2311 4421 2623 4472; x_wconf 79' lang='lat' dir='ltr'><strong>examinant</strong></span> <span class='ocrx_word' id='word_1_630' title='bbox 2659 4434 2746 4472; x_wconf 91' lang='lat' dir='ltr'><strong>res</strong></span> <span class='ocrx_word' id='word_1_631' title='bbox 2779 4427 3156 4472; x_wconf 88' lang='lat' dir='ltr'><strong>controversas</strong></span> <span class='ocrx_word' id='word_1_632' title='bbox 3190 4434 3204 4470; x_wconf 90' lang='lat'><strong>:</strong></span> <span class='ocrx_word' id='word_1_633' title='bbox 3237 4417 3328 4470; x_wconf 86' lang='lat' dir='ltr'><strong>sed</strong></span> <span class='ocrx_word' id='word_1_634' title='bbox 3367 4420 3500 4471; x_wconf 87' lang='lat' dir='ltr'><strong>citra</strong></span> 
     </span>
    </p>
   </div>
   <div class='ocr_carea' id='block_1_94' title="bbox 295 4511 1496 4579">
    <p class='ocr_par' dir='ltr' id='par_1_94' title="bbox 295 4511 1496 4579">
     <span class='ocr_line' id='line_1_94' title="bbox 295 4511 1496 4579; baseline 0.004 -20"><span class='ocrx_word' id='word_1_635' title='bbox 295 4511 512 4578; x_wconf 89' lang='grc' dir='ltr'><strong>ρευτέον</strong></span> <span class='ocrx_word' id='word_1_636' title='bbox 547 4513 612 4562; x_wconf 81' lang='grc' dir='ltr'><strong>ὲκ</strong></span> <span class='ocrx_word' id='word_1_637' title='bbox 648 4511 928 4579; x_wconf 84' lang='grc' dir='ltr'><strong>δυνάμεως</strong></span> <span class='ocrx_word' id='word_1_638' title='bbox 962 4513 1119 4565; x_wconf 85' lang='grc' dir='ltr'><strong>πάλιν</strong></span> <span class='ocrx_word' id='word_1_639' title='bbox 1152 4516 1228 4574; x_wconf 86' lang='grc' dir='ltr'><strong>είς</strong></span> <span class='ocrx_word' id='word_1_640' title='bbox 1253 4512 1496 4579; x_wconf 86' lang='grc' dir='ltr'><strong>δύναμιν.</strong></span> 
     </span>
    </p>
   </div>
   <div class='ocr_carea' id='block_1_95' title="bbox 1958 4508 3503 4576">
    <p class='ocr_par' dir='ltr' id='par_1_95' title="bbox 1958 4508 3503 4576">
     <span class='ocr_line' id='line_1_95' title="bbox 1958 4508 3503 4576; baseline -0.005 -9"><span class='ocrx_word' id='word_1_641' title='bbox 1958 4515 2140 4567; x_wconf 92' lang='lat' dir='ltr'><strong>fucum</strong></span> <span class='ocrx_word' id='word_1_642' title='bbox 2193 4524 2405 4562; x_wconf 88' lang='lat' dir='ltr'><strong>omnem</strong></span> <span class='ocrx_word' id='word_1_643' title='bbox 2451 4524 2512 4561; x_wconf 90' lang='lat' dir='ltr'><strong>ea</strong></span> <span class='ocrx_word' id='word_1_644' title='bbox 2568 4508 2887 4576; x_wconf 86' lang='lat' dir='ltr'><strong>simpliciter</strong></span> <span class='ocrx_word' id='word_1_645' title='bbox 2935 4523 3341 4576; x_wconf 86' lang='lat' dir='ltr'><strong>proponemus,</strong></span> <span class='ocrx_word' id='word_1_646' title='bbox 3385 4523 3503 4574; x_wconf 81' lang='lat' dir='ltr'><strong>qua:</strong></span> 
     </span>
    </p>
   </div>
   <div class='ocr_carea' id='block_1_96' title="bbox 289 4598 3503 4671">
    <p class='ocr_par' dir='ltr' id='par_1_96' title="bbox 289 4598 3503 4671">
     <span class='ocr_line' id='line_1_96' title="bbox 289 4598 3503 4671; baseline -0.002 -15"><span class='ocrx_word' id='word_1_647' title='bbox 289 4602 586 4656; x_wconf 81' lang='lat' dir='ltr'><strong>diuturnus</strong></span> <span class='ocrx_word' id='word_1_648' title='bbox 636 4619 787 4668; x_wconf 91' lang='lat' dir='ltr'><strong>usus,</strong></span> <span class='ocrx_word' id='word_1_649' title='bbox 827 4613 880 4657; x_wconf 90' lang='lat' dir='ltr'><strong>et</strong></span> <span class='ocrx_word' id='word_1_650' title='bbox 913 4604 1059 4671; x_wconf 90' lang='lat' dir='ltr'><strong>longi</strong></span> <span class='ocrx_word' id='word_1_651' title='bbox 1107 4604 1369 4671; x_wconf 84' lang='lat' dir='ltr'><strong>temporis</strong></span> <span class='ocrx_word' id='word_1_652' title='bbox 1413 4604 1749 4663; x_wconf 78' lang='lat' dir='ltr'><strong>exercitatio,</strong></span> <span class='ocrx_word' id='word_1_653' title='bbox 1781 4613 1831 4658; x_wconf 89' lang='lat' dir='ltr'><strong>et</strong></span> <span class='ocrx_word' id='word_1_654' title='bbox 1873 4618 2151 4660; x_wconf 86' lang='lat' dir='ltr'><strong>sacrarum</strong></span> <span class='ocrx_word' id='word_1_655' title='bbox 2183 4599 2508 4653; x_wconf 86' lang='lat' dir='ltr'><strong>Litterarum</strong></span> <span class='ocrx_word' id='word_1_656' title='bbox 2542 4600 2704 4652; x_wconf 84' lang='lat' dir='ltr'><strong>lectio</strong></span> <span class='ocrx_word' id='word_1_657' title='bbox 2742 4613 2839 4652; x_wconf 92' lang='lat' dir='ltr'><strong>nos</strong></span> <span class='ocrx_word' id='word_1_658' title='bbox 2883 4599 3209 4652; x_wconf 90' lang='lat' dir='ltr'><strong>docuerunt.</strong></span> <span class='ocrx_word' id='word_1_659' title='bbox 3243 4598 3503 4665; x_wconf 89' lang='lat' dir='ltr'><strong>Incipien-</strong></span> 
     </span>
    </p>
   </div>
   <div class='ocr_carea' id='block_1_97' title="bbox 291 4692 1510 4760">
    <p class='ocr_par' dir='ltr' id='par_1_97' title="bbox 291 4692 1510 4760">
     <span class='ocr_line' id='line_1_97' title="bbox 291 4692 1510 4760; baseline -0.004 -13"><span class='ocrx_word' id='word_1_660' title='bbox 291 4696 422 4747; x_wconf 86' lang='lat' dir='ltr'><strong>dum</strong></span> <span class='ocrx_word' id='word_1_661' title='bbox 463 4693 652 4759; x_wconf 77' lang='lat' dir='ltr'><strong>igitur,</strong></span> <span class='ocrx_word' id='word_1_662' title='bbox 695 4693 837 4745; x_wconf 86' lang='lat' dir='ltr'><strong>unde</strong></span> <span class='ocrx_word' id='word_1_663' title='bbox 880 4701 1100 4760; x_wconf 69' lang='lat' dir='ltr'><strong>praestat</strong></span> <span class='ocrx_word' id='word_1_664' title='bbox 1146 4693 1355 4743; x_wconf 88' lang='lat' dir='ltr'><strong>initium</strong></span> <span class='ocrx_word' id='word_1_665' title='bbox 1400 4692 1510 4742; x_wconf 82' lang='lat' dir='ltr'><strong>licri</strong></span> 
     </span>
    </p>
   </div>
   <div class='ocr_carea' id='block_1_98' title="bbox 363 4779 1847 4848">
    <p class='ocr_par' dir='ltr' id='par_1_98' title="bbox 363 4779 1847 4848">
     <span class='ocr_line' id='line_1_98' title="bbox 363 4779 1847 4848; baseline -0.001 -16"><span class='ocrx_word' id='word_1_666' title='bbox 363 4781 588 4848; x_wconf 81' lang='grc' dir='ltr'><strong>Κεφαλὴ</strong></span> <span class='ocrx_word' id='word_1_667' title='bbox 621 4782 716 4848; x_wconf 76' lang='grc' dir='ltr'><strong>τῆς</strong></span> <span class='ocrx_word' id='word_1_668' title='bbox 761 4781 1065 4848; x_wconf 84' lang='grc' dir='ltr'><strong>ἁγιωτάτης</strong></span> <span class='ocrx_word' id='word_1_669' title='bbox 1114 4779 1207 4830; x_wconf 83' lang='grc' dir='ltr'><strong>τοῦ</strong></span> <span class='ocrx_word' id='word_1_670' title='bbox 1229 4779 1359 4829; x_wconf 85' lang='grc' dir='ltr'><strong>Θεοῦ</strong></span> <span class='ocrx_word' id='word_1_671' title='bbox 1388 4779 1623 4847; x_wconf 82' lang='grc' dir='ltr'><strong>μεγάλης</strong></span> <span class='ocrx_word' id='word_1_672' title='bbox 1648 4780 1847 4848; x_wconf 84' lang='grc' dir='ltr'><strong>ὲκκλη-</strong></span> 
     </span>
    </p>
   </div>
   <div class='ocr_carea' id='block_1_99' title="bbox 293 4867 1845 4938">
    <p class='ocr_par' dir='ltr' id='par_1_99' title="bbox 293 4867 1845 4938">
     <span class='ocr_line' id='line_1_99' title="bbox 293 4867 1845 4938; baseline -0.001 -17"><span class='ocrx_word' id='word_1_673' title='bbox 293 4871 415 4929; x_wconf 89' lang='grc' dir='ltr'><strong>σίας</strong></span> <span class='ocrx_word' id='word_1_674' title='bbox 451 4871 590 4932; x_wconf 70' lang='grc' dir='ltr'><strong>ἐστὶ,</strong></span> <span class='ocrx_word' id='word_1_675' title='bbox 636 4872 771 4937; x_wconf 87' lang='grc' dir='ltr'><strong>μετὰ</strong></span> <span class='ocrx_word' id='word_1_676' title='bbox 815 4869 912 4938; x_wconf 83' lang='grc' dir='ltr'><strong>τὴν</strong></span> <span class='ocrx_word' id='word_1_677' title='bbox 938 4867 1157 4937; x_wconf 86' lang='grc' dir='ltr'><strong>πρώτην</strong></span> <span class='ocrx_word' id='word_1_678' title='bbox 1204 4869 1459 4937; x_wconf 79' lang='grc' dir='ltr'><strong>ἄναρχον,</strong></span> <span class='ocrx_word' id='word_1_679' title='bbox 1511 4870 1604 4920; x_wconf 75' lang='grc' dir='ltr'><strong>καὶ</strong></span> <span class='ocrx_word' id='word_1_680' title='bbox 1659 4869 1845 4932; x_wconf 76' lang='grc' dir='ltr'><strong>ἀΐδιον,</strong></span> 
     </span>
    </p>
   </div>
   <div class='ocr_carea' id='block_1_100' title="bbox 292 4957 1847 5027">
    <p class='ocr_par' dir='ltr' id='par_1_100' title="bbox 292 4957 1847 5027">
     <span class='ocr_line' id='line_1_100' title="bbox 292 4957 1847 5027; baseline -0.001 -16"><span class='ocrx_word' id='word_1_681' title='bbox 292 4963 386 5011; x_wconf 79' lang='grc' dir='ltr'><strong>καὶ</strong></span> <span class='ocrx_word' id='word_1_682' title='bbox 416 4959 852 5027; x_wconf 83' lang='grc' dir='ltr'><strong>ἀπειροδύναμον</strong></span> <span class='ocrx_word' id='word_1_683' title='bbox 886 4957 1146 5026; x_wconf 79' lang='grc' dir='ltr'><strong>κεφαλὴν,</strong></span> <span class='ocrx_word' id='word_1_684' title='bbox 1198 4957 1286 5008; x_wconf 77' lang='grc' dir='ltr'><strong>τὸν</strong></span> <span class='ocrx_word' id='word_1_685' title='bbox 1320 4957 1521 5026; x_wconf 82' lang='grc' dir='ltr'><strong>Κύριον</strong></span> <span class='ocrx_word' id='word_1_686' title='bbox 1577 4957 1668 5008; x_wconf 76' lang='grc' dir='ltr'><strong>καὶ</strong></span> <span class='ocrx_word' id='word_1_687' title='bbox 1716 4958 1847 5009; x_wconf 69' lang='grc' dir='ltr'><strong>Θεὸν</strong></span> 
     </span>
    </p>
   </div>
   <div class='ocr_carea' id='block_1_101' title="bbox 289 5045 1846 5116">
    <p class='ocr_par' dir='ltr' id='par_1_101' title="bbox 289 5045 1846 5116">
     <span class='ocr_line' id='line_1_101' title="bbox 289 5045 1846 5116; baseline -0.001 -17"><span class='ocrx_word' id='word_1_688' title='bbox 289 5047 448 5116; x_wconf 84' lang='grc' dir='ltr'><strong>ήμῶν</strong></span> <span class='ocrx_word' id='word_1_689' title='bbox 491 5046 698 5114; x_wconf 77' lang='grc' dir='ltr'><strong>Ἰησοῦν</strong></span> <span class='ocrx_word' id='word_1_690' title='bbox 758 5048 1010 5115; x_wconf 82' lang='grc' dir='ltr'><strong>Χριστὸν,</strong></span> <span class='ocrx_word' id='word_1_691' title='bbox 1038 5047 1066 5096; x_wconf 88' lang='grc' dir='ltr'><strong>ό</strong></span> <span class='ocrx_word' id='word_1_692' title='bbox 1099 5046 1462 5112; x_wconf 84' lang='grc' dir='ltr'><strong>πνευματικὸς</strong></span> <span class='ocrx_word' id='word_1_693' title='bbox 1499 5045 1726 5113; x_wconf 76' lang='grc' dir='ltr'><strong>νυμφίος</strong></span> <span class='ocrx_word' id='word_1_694' title='bbox 1754 5046 1846 5097; x_wconf 81' lang='grc' dir='ltr'><strong>αύ-</strong></span> 
     </span>
    </p>
   </div>
   <div class='ocr_carea' id='block_1_102' title="bbox 289 5135 1844 5204">
    <p class='ocr_par' dir='ltr' id='par_1_102' title="bbox 289 5135 1844 5204">
     <span class='ocr_line' id='line_1_102' title="bbox 289 5135 1844 5204; baseline 0 -18"><span class='ocrx_word' id='word_1_695' title='bbox 289 5136 389 5204; x_wconf 83' lang='grc' dir='ltr'><strong>τῆς</strong></span> <span class='ocrx_word' id='word_1_696' title='bbox 446 5135 475 5185; x_wconf 82' lang='grc' dir='ltr'><strong>ὁ</strong></span> <span class='ocrx_word' id='word_1_697' title='bbox 522 5135 664 5186; x_wconf 79' lang='grc' dir='ltr'><strong>κατὰ</strong></span> <span class='ocrx_word' id='word_1_698' title='bbox 715 5139 939 5202; x_wconf 81' lang='grc' dir='ltr'><strong>καιροὺς</strong></span> <span class='ocrx_word' id='word_1_699' title='bbox 989 5135 1284 5202; x_wconf 85' lang='grc' dir='ltr'><strong>ἀγιώτατος</strong></span> <span class='ocrx_word' id='word_1_700' title='bbox 1320 5135 1695 5202; x_wconf 84' lang='grc' dir='ltr'><strong>οίκουμενικὸς</strong></span> <span class='ocrx_word' id='word_1_701' title='bbox 1750 5152 1844 5186; x_wconf 84' lang='grc' dir='ltr'><strong>πα-</strong></span> 
     </span>
    </p>
   </div>
   <div class='ocr_carea' id='block_1_103' title="bbox 287 5222 1846 5294">
    <p class='ocr_par' dir='ltr' id='par_1_103' title="bbox 287 5222 1846 5294">
     <span class='ocr_line' id='line_1_103' title="bbox 287 5222 1846 5294; baseline -0.003 -18"><span class='ocrx_word' id='word_1_702' title='bbox 287 5223 862 5293; x_wconf 76' lang='grc' dir='ltr'><strong>τριάρχης.Τῶνγοῦν</strong></span> <span class='ocrx_word' id='word_1_703' title='bbox 910 5225 1380 5294; x_wconf 67' lang='grc' dir='ltr'><strong>ὲκκλησιαστικῶν</strong></span> <span class='ocrx_word' id='word_1_704' title='bbox 1439 5222 1661 5273; x_wconf 77' lang='grc' dir='ltr'><strong>δικαίων</strong></span> <span class='ocrx_word' id='word_1_705' title='bbox 1709 5222 1846 5275; x_wconf 87' lang='grc' dir='ltr'><strong>διαι-</strong></span> 
     </span>
    </p>
   </div>
   <div class='ocr_carea' id='block_1_104' title="bbox 292 5311 1845 5382">
    <p class='ocr_par' dir='ltr' id='par_1_104' title="bbox 292 5311 1845 5382">
     <span class='ocr_line' id='line_1_104' title="bbox 292 5311 1845 5382; baseline -0.001 -17"><span class='ocrx_word' id='word_1_706' title='bbox 292 5315 574 5382; x_wconf 87' lang='grc' dir='ltr'><strong>ρουμένων</strong></span> <span class='ocrx_word' id='word_1_707' title='bbox 608 5315 752 5381; x_wconf 78' lang='grc' dir='ltr'><strong>διχῆ,</strong></span> <span class='ocrx_word' id='word_1_708' title='bbox 777 5316 855 5376; x_wconf 87' lang='grc' dir='ltr'><strong>είς</strong></span> <span class='ocrx_word' id='word_1_709' title='bbox 887 5330 943 5365; x_wconf 87' lang='grc' dir='ltr'><strong>τε</strong></span> <span class='ocrx_word' id='word_1_710' title='bbox 982 5316 1050 5366; x_wconf 81' lang='grc' dir='ltr'><strong>τὰ</strong></span> <span class='ocrx_word' id='word_1_711' title='bbox 1083 5314 1406 5381; x_wconf 84' lang='grc' dir='ltr'><strong>διαφέροντα</strong></span> <span class='ocrx_word' id='word_1_712' title='bbox 1452 5315 1518 5381; x_wconf 78' lang='grc' dir='ltr'><strong>τῇ</strong></span> <span class='ocrx_word' id='word_1_713' title='bbox 1553 5311 1845 5382; x_wconf 72' lang='grc' dir='ltr'><strong>Ἐκκλησία</strong></span> 
     </span>
    </p>
   </div>
   <div class='ocr_carea' id='block_1_105' title="bbox 292 5403 1844 5473">
    <p class='ocr_par' dir='ltr' id='par_1_105' title="bbox 292 5403 1844 5473">
     <span class='ocr_line' id='line_1_105' title="bbox 292 5403 1844 5473; baseline 0 -19"><span class='ocrx_word' id='word_1_714' title='bbox 292 5405 615 5470; x_wconf 82' lang='grc' dir='ltr'><strong>πολυειδῶς,</strong></span> <span class='ocrx_word' id='word_1_715' title='bbox 658 5406 753 5456; x_wconf 77' lang='grc' dir='ltr'><strong>καὶ</strong></span> <span class='ocrx_word' id='word_1_716' title='bbox 783 5406 859 5465; x_wconf 82' lang='grc' dir='ltr'><strong>εἰς</strong></span> <span class='ocrx_word' id='word_1_717' title='bbox 908 5405 974 5455; x_wconf 81' lang='grc' dir='ltr'><strong>τὰ</strong></span> <span class='ocrx_word' id='word_1_718' title='bbox 1044 5403 1120 5471; x_wconf 85' lang='grc' dir='ltr'><strong>τῷ</strong></span> <span class='ocrx_word' id='word_1_719' title='bbox 1177 5403 1488 5473; x_wconf 78' lang='grc' dir='ltr'><strong>πατριάργῃ</strong></span> <span class='ocrx_word' id='word_1_720' title='bbox 1535 5419 1844 5471; x_wconf 80' lang='grc' dir='ltr'><strong>προσκυρω-</strong></span> 
     </span>
    </p>
   </div>
   <div class='ocr_carea' id='block_1_106' title="bbox 290 5493 1843 5563">
    <p class='ocr_par' dir='ltr' id='par_1_106' title="bbox 290 5493 1843 5563">
     <span class='ocr_line' id='line_1_106' title="bbox 290 5493 1843 5563; baseline -0.001 -17"><span class='ocrx_word' id='word_1_721' title='bbox 290 5493 452 5547; x_wconf 78' lang='grc' dir='ltr'><strong>θέντα</strong></span> <span class='ocrx_word' id='word_1_722' title='bbox 498 5497 812 5557; x_wconf 87' lang='grc' dir='ltr'><strong>κανονικῶς,</strong></span> <span class='ocrx_word' id='word_1_723' title='bbox 872 5495 1058 5563; x_wconf 78' lang='grc' dir='ltr'><strong>ἐδέησε</strong></span> <span class='ocrx_word' id='word_1_724' title='bbox 1110 5496 1219 5556; x_wconf 86' lang='grc' dir='ltr'><strong>τοῖς</strong></span> <span class='ocrx_word' id='word_1_725' title='bbox 1271 5496 1336 5545; x_wconf 79' lang='grc' dir='ltr'><strong>τὰ</strong></span> <span class='ocrx_word' id='word_1_726' title='bbox 1358 5495 1454 5562; x_wconf 83' lang='grc' dir='ltr'><strong>τῆς</strong></span> <span class='ocrx_word' id='word_1_727' title='bbox 1520 5494 1843 5560; x_wconf 77' lang='grc' dir='ltr'><strong>Ἐκκλησίας</strong></span> 
     </span>
    </p>
   </div>
   <div class='ocr_carea' id='block_1_107' title="bbox 287 5585 1840 5657">
    <p class='ocr_par' dir='ltr' id='par_1_107' title="bbox 287 5585 1840 5657">
     <span class='ocr_line' id='line_1_107' title="bbox 287 5585 1840 5657; baseline -0.003 -19"><span class='ocrx_word' id='word_1_728' title='bbox 287 5585 674 5654; x_wconf 77' lang='grc' dir='ltr'><strong>όροθετήσασιν</strong></span> <span class='ocrx_word' id='word_1_729' title='bbox 706 5588 1002 5657; x_wconf 75' lang='grc' dir='ltr'><strong>όρθοδόξοις</strong></span> <span class='ocrx_word' id='word_1_730' title='bbox 1052 5588 1208 5656; x_wconf 82' lang='grc' dir='ltr'><strong>ἡμῶν</strong></span> <span class='ocrx_word' id='word_1_731' title='bbox 1241 5587 1685 5654; x_wconf 80' lang='grc' dir='ltr'><strong>αὐτοκράτορσιν,</strong></span> <span class='ocrx_word' id='word_1_732' title='bbox 1745 5601 1840 5635; x_wconf 87' lang='grc' dir='ltr'><strong>κα-</strong></span> 
     </span>
    </p>
   </div>
   <div class='ocr_carea' id='block_1_108' title="bbox 287 5675 1842 5748">
    <p class='ocr_par' dir='ltr' id='par_1_108' title="bbox 287 5675 1842 5748">
     <span class='ocr_line' id='line_1_108' title="bbox 287 5675 1842 5748; baseline -0.002 -22"><span class='ocrx_word' id='word_1_733' title='bbox 287 5677 580 5746; x_wconf 79' lang='grc' dir='ltr'><strong>ταμερίσαι</strong></span> <span class='ocrx_word' id='word_1_734' title='bbox 611 5680 779 5731; x_wconf 82' lang='grc' dir='ltr'><strong>ταῦτα</strong></span> <span class='ocrx_word' id='word_1_735' title='bbox 810 5681 940 5748; x_wconf 67' lang='grc' dir='ltr'><strong>πρὸς</strong></span> <span class='ocrx_word' id='word_1_736' title='bbox 976 5680 1132 5734; x_wconf 82' lang='grc' dir='ltr'><strong>πέντε</strong></span> <span class='ocrx_word' id='word_1_737' title='bbox 1181 5677 1449 5746; x_wconf 82' lang='grc' dir='ltr'><strong>σεκρέτων</strong></span> <span class='ocrx_word' id='word_1_738' title='bbox 1495 5675 1664 5741; x_wconf 68' lang='grc' dir='ltr'><strong>εἰαγῆ</strong></span> <span class='ocrx_word' id='word_1_739' title='bbox 1694 5675 1842 5736; x_wconf 59' lang='lat' dir='ltr'><strong>Faye-</strong></span> 
     </span>
    </p>
   </div>
   <div class='ocr_carea' id='block_1_109' title="bbox 1558 4687 3257 4758">
    <p class='ocr_par' dir='ltr' id='par_1_109' title="bbox 1558 4687 3257 4758">
     <span class='ocr_line' id='line_1_109' title="bbox 1558 4687 3257 4758; baseline -0.002 -16"><span class='ocrx_word' id='word_1_740' title='bbox 1558 4708 1570 4742; x_wconf 86' lang='lat'><strong>:</strong></span> <span class='ocrx_word' id='word_1_741' title='bbox 1615 4701 1666 4743; x_wconf 90' lang='lat' dir='ltr'><strong>et</strong></span> <span class='ocrx_word' id='word_1_742' title='bbox 1702 4707 1730 4744; x_wconf 88' lang='lat' dir='ltr'><strong>a</strong></span> <span class='ocrx_word' id='word_1_743' title='bbox 1765 4693 2023 4747; x_wconf 84' lang='lat' dir='ltr'><strong>facultate</strong></span> <span class='ocrx_word' id='word_1_744' title='bbox 2055 4692 2313 4758; x_wconf 87' lang='lat' dir='ltr'><strong>majorem</strong></span> <span class='ocrx_word' id='word_1_745' title='bbox 2347 4689 2409 4742; x_wconf 89' lang='lat' dir='ltr'><strong>ad</strong></span> <span class='ocrx_word' id='word_1_746' title='bbox 2442 4689 2752 4742; x_wconf 84' lang='lat' dir='ltr'><strong>facultatem</strong></span> <span class='ocrx_word' id='word_1_747' title='bbox 2785 4687 3257 4756; x_wconf 89' lang='lat' dir='ltr'><strong>progrediendum.</strong></span> 
     </span>
    </p>
   </div>
   <div class='ocr_carea' id='block_1_110' title="bbox 2022 4775 3502 4848">
    <p class='ocr_par' dir='ltr' id='par_1_110' title="bbox 2022 4775 3502 4848">
     <span class='ocr_line' id='line_1_110' title="bbox 2022 4775 3502 4848; baseline -0.004 -14"><span class='ocrx_word' id='word_1_748' title='bbox 2022 4781 2196 4848; x_wconf 89' lang='lat' dir='ltr'><strong>Caput</strong></span> <span class='ocrx_word' id='word_1_749' title='bbox 2229 4778 2587 4832; x_wconf 68' lang='lat' dir='ltr'><strong>sanctissima:</strong></span> <span class='ocrx_word' id='word_1_750' title='bbox 2617 4776 2712 4831; x_wconf 89' lang='lat' dir='ltr'><strong>Dei</strong></span> <span class='ocrx_word' id='word_1_751' title='bbox 2747 4776 2966 4842; x_wconf 86' lang='lat' dir='ltr'><strong>majoris</strong></span> <span class='ocrx_word' id='word_1_752' title='bbox 3001 4775 3276 4837; x_wconf 69' lang='lat' dir='ltr'><strong>Ecclesim,</strong></span> <span class='ocrx_word' id='word_1_753' title='bbox 3312 4792 3502 4829; x_wconf 87' lang='lat' dir='ltr'><strong>secun-</strong></span> 
     </span>
    </p>
   </div>
   <div class='ocr_carea' id='block_1_111' title="bbox 1952 4866 3497 4936">
    <p class='ocr_par' dir='ltr' id='par_1_111' title="bbox 1952 4866 3497 4936">
     <span class='ocr_line' id='line_1_111' title="bbox 1952 4866 3497 4936; baseline -0.005 -13"><span class='ocrx_word' id='word_1_754' title='bbox 1952 4871 2080 4923; x_wconf 90' lang='lat' dir='ltr'><strong>dum</strong></span> <span class='ocrx_word' id='word_1_755' title='bbox 2105 4877 2267 4936; x_wconf 90' lang='lat' dir='ltr'><strong>caput</strong></span> <span class='ocrx_word' id='word_1_756' title='bbox 2297 4867 2426 4920; x_wconf 91' lang='lat' dir='ltr'><strong>illud</strong></span> <span class='ocrx_word' id='word_1_757' title='bbox 2459 4868 2692 4934; x_wconf 90' lang='lat' dir='ltr'><strong>primum</strong></span> <span class='ocrx_word' id='word_1_758' title='bbox 2721 4866 2878 4919; x_wconf 91' lang='lat' dir='ltr'><strong>initio</strong></span> <span class='ocrx_word' id='word_1_759' title='bbox 2908 4880 3102 4920; x_wconf 89' lang='lat' dir='ltr'><strong>carens</strong></span> <span class='ocrx_word' id='word_1_760' title='bbox 3141 4874 3192 4920; x_wconf 88' lang='lat' dir='ltr'><strong>et</strong></span> <span class='ocrx_word' id='word_1_761' title='bbox 3219 4877 3497 4929; x_wconf 57' lang='lat' dir='ltr'><strong>aeternum,</strong></span> 
     </span>
    </p>
   </div>
   <div class='ocr_carea' id='block_1_112' title="bbox 1951 4952 3499 5023">
    <p class='ocr_par' dir='ltr' id='par_1_112' title="bbox 1951 4952 3499 5023">
     <span class='ocr_line' id='line_1_112' title="bbox 1951 4952 3499 5023; baseline -0.003 -12"><span class='ocrx_word' id='word_1_762' title='bbox 1951 4968 2002 5011; x_wconf 90' lang='lat' dir='ltr'><strong>et</strong></span> <span class='ocrx_word' id='word_1_763' title='bbox 2037 4955 2258 5008; x_wconf 74' lang='lat' dir='ltr'><strong>infinita:</strong></span> <span class='ocrx_word' id='word_1_764' title='bbox 2299 4957 2572 5023; x_wconf 66' lang='lat' dir='ltr'><strong>potentiae,</strong></span> <span class='ocrx_word' id='word_1_765' title='bbox 2625 4953 2903 5007; x_wconf 88' lang='lat' dir='ltr'><strong>Dominum</strong></span> <span class='ocrx_word' id='word_1_766' title='bbox 2938 4952 3214 5022; x_wconf 86' lang='lat' dir='ltr'><strong>Deumque</strong></span> <span class='ocrx_word' id='word_1_767' title='bbox 3254 4963 3499 5007; x_wconf 90' lang='lat' dir='ltr'><strong>nostrum</strong></span> 
     </span>
    </p>
   </div>
   <div class='ocr_carea' id='block_1_113' title="bbox 1951 5043 3496 5112">
    <p class='ocr_par' dir='ltr' id='par_1_113' title="bbox 1951 5043 3496 5112">
     <span class='ocr_line' id='line_1_113' title="bbox 1951 5043 3496 5112; baseline -0.003 -12"><span class='ocrx_word' id='word_1_768' title='bbox 1951 5045 2131 5100; x_wconf 67' lang='lat' dir='ltr'><strong>Iesum</strong></span> <span class='ocrx_word' id='word_1_769' title='bbox 2166 5045 2460 5106; x_wconf 84' lang='lat' dir='ltr'><strong>Christum,</strong></span> <span class='ocrx_word' id='word_1_770' title='bbox 2499 5051 2580 5098; x_wconf 87' lang='lat' dir='ltr'><strong>est</strong></span> <span class='ocrx_word' id='word_1_771' title='bbox 2629 5043 2924 5112; x_wconf 88' lang='lat' dir='ltr'><strong>spiritualis</strong></span> <span class='ocrx_word' id='word_1_772' title='bbox 2967 5045 3052 5097; x_wconf 90' lang='lat' dir='ltr'><strong>ille</strong></span> <span class='ocrx_word' id='word_1_773' title='bbox 3088 5059 3322 5112; x_wconf 77' lang='lat' dir='ltr'><strong>sponsus</strong></span> <span class='ocrx_word' id='word_1_774' title='bbox 3360 5045 3496 5110; x_wconf 88' lang='lat' dir='ltr'><strong>ejus,</strong></span> 
     </span>
    </p>
   </div>
   <div class='ocr_carea' id='block_1_114' title="bbox 1951 5133 3498 5200">
    <p class='ocr_par' dir='ltr' id='par_1_114' title="bbox 1951 5133 3498 5200">
     <span class='ocr_line' id='line_1_114' title="bbox 1951 5133 3498 5200; baseline -0.001 -12"><span class='ocrx_word' id='word_1_775' title='bbox 1951 5135 2328 5189; x_wconf 87' lang='lat' dir='ltr'><strong>sanctissimus</strong></span> <span class='ocrx_word' id='word_1_776' title='bbox 2386 5133 2652 5200; x_wconf 88' lang='lat' dir='ltr'><strong>cujusque</strong></span> <span class='ocrx_word' id='word_1_777' title='bbox 2713 5135 2968 5200; x_wconf 88' lang='lat' dir='ltr'><strong>temporis</strong></span> <span class='ocrx_word' id='word_1_778' title='bbox 3028 5135 3348 5187; x_wconf 79' lang='lat' dir='ltr'><strong>universalis</strong></span> <span class='ocrx_word' id='word_1_779' title='bbox 3409 5151 3498 5200; x_wconf 84' lang='lat' dir='ltr'><strong>pa-</strong></span> 
     </span>
    </p>
   </div>
   <div class='ocr_carea' id='block_1_115' title="bbox 1953 5221 3497 5291">
    <p class='ocr_par' dir='ltr' id='par_1_115' title="bbox 1953 5221 3497 5291">
     <span class='ocr_line' id='line_1_115' title="bbox 1953 5221 3497 5291; baseline 0 -17"><span class='ocrx_word' id='word_1_780' title='bbox 1953 5224 2212 5274; x_wconf 87' lang='lat' dir='ltr'><strong>triarcha.</strong></span> <span class='ocrx_word' id='word_1_781' title='bbox 2248 5221 2381 5276; x_wconf 87' lang='lat' dir='ltr'><strong>Cum</strong></span> <span class='ocrx_word' id='word_1_782' title='bbox 2437 5230 2616 5275; x_wconf 85' lang='lat' dir='ltr'><strong>autem</strong></span> <span class='ocrx_word' id='word_1_783' title='bbox 2667 5221 3035 5276; x_wconf 85' lang='lat' dir='ltr'><strong>ecclesiastica</strong></span> <span class='ocrx_word' id='word_1_784' title='bbox 3081 5224 3203 5291; x_wconf 90' lang='lat' dir='ltr'><strong>jura</strong></span> <span class='ocrx_word' id='word_1_785' title='bbox 3254 5222 3497 5274; x_wconf 84' lang='lat' dir='ltr'><strong>bifariam</strong></span> 
     </span>
    </p>
   </div>
   <div class='ocr_carea' id='block_1_116' title="bbox 1950 5311 3498 5378">
    <p class='ocr_par' dir='ltr' id='par_1_116' title="bbox 1950 5311 3498 5378">
     <span class='ocr_line' id='line_1_116' title="bbox 1950 5311 3498 5378; baseline 0.001 -14"><span class='ocrx_word' id='word_1_786' title='bbox 1950 5311 2284 5372; x_wconf 88' lang='lat' dir='ltr'><strong>dividantur,</strong></span> <span class='ocrx_word' id='word_1_787' title='bbox 2335 5311 2604 5373; x_wconf 88' lang='lat' dir='ltr'><strong>videlicet,</strong></span> <span class='ocrx_word' id='word_1_788' title='bbox 2641 5311 2691 5362; x_wconf 91' lang='lat' dir='ltr'><strong>in</strong></span> <span class='ocrx_word' id='word_1_789' title='bbox 2739 5327 2821 5374; x_wconf 88' lang='lat' dir='ltr'><strong>ea,</strong></span> <span class='ocrx_word' id='word_1_790' title='bbox 2859 5327 2976 5378; x_wconf 72' lang='lat' dir='ltr'><strong>quze</strong></span> <span class='ocrx_word' id='word_1_791' title='bbox 3021 5314 3182 5366; x_wconf 77' lang='lat' dir='ltr'><strong>Variis</strong></span> <span class='ocrx_word' id='word_1_792' title='bbox 3225 5312 3395 5365; x_wconf 87' lang='lat' dir='ltr'><strong>modis</strong></span> <span class='ocrx_word' id='word_1_793' title='bbox 3434 5313 3498 5366; x_wconf 86' lang='lat' dir='ltr'><strong>ad</strong></span> 
     </span>
    </p>
   </div>
   <div class='ocr_carea' id='block_1_117' title="bbox 1951 5401 3499 5469">
    <p class='ocr_par' dir='ltr' id='par_1_117' title="bbox 1951 5401 3499 5469">
     <span class='ocr_line' id='line_1_117' title="bbox 1951 5401 3499 5469; baseline 0.001 -17"><span class='ocrx_word' id='word_1_794' title='bbox 1951 5402 2119 5468; x_wconf 87' lang='lat' dir='ltr'><strong>ipsam</strong></span> <span class='ocrx_word' id='word_1_795' title='bbox 2155 5401 2448 5452; x_wconf 69' lang='lat' dir='ltr'><strong>licclesiam</strong></span> <span class='ocrx_word' id='word_1_796' title='bbox 2485 5401 2755 5467; x_wconf 88' lang='lat' dir='ltr'><strong>pertinent</strong></span> <span class='ocrx_word' id='word_1_797' title='bbox 2784 5418 2798 5465; x_wconf 89' lang='lat'>;</span> <span class='ocrx_word' id='word_1_798' title='bbox 2831 5410 2883 5454; x_wconf 86' lang='lat' dir='ltr'><strong>et</strong></span> <span class='ocrx_word' id='word_1_799' title='bbox 2922 5403 2974 5454; x_wconf 91' lang='lat' dir='ltr'><strong>in</strong></span> <span class='ocrx_word' id='word_1_800' title='bbox 3018 5417 3098 5463; x_wconf 89' lang='lat' dir='ltr'><strong>ea,</strong></span> <span class='ocrx_word' id='word_1_801' title='bbox 3130 5416 3247 5468; x_wconf 74' lang='lat' dir='ltr'><strong>qua:</strong></span> <span class='ocrx_word' id='word_1_802' title='bbox 3279 5417 3373 5469; x_wconf 87' lang='lat' dir='ltr'><strong>per</strong></span> <span class='ocrx_word' id='word_1_803' title='bbox 3405 5417 3499 5454; x_wconf 83' lang='lat' dir='ltr'><strong>ca-</strong></span> 
     </span>
    </p>
   </div>
   <div class='ocr_carea' id='block_1_118' title="bbox 1951 5492 3502 5560">
    <p class='ocr_par' dir='ltr' id='par_1_118' title="bbox 1951 5492 3502 5560">
     <span class='ocr_line' id='line_1_118' title="bbox 1951 5492 3502 5560; baseline -0.001 -14"><span class='ocrx_word' id='word_1_804' title='bbox 1951 5507 2120 5546; x_wconf 82' lang='lat' dir='ltr'><strong>nones</strong></span> <span class='ocrx_word' id='word_1_805' title='bbox 2156 5492 2504 5559; x_wconf 79' lang='lat' dir='ltr'><strong>peculiariter</strong></span> <span class='ocrx_word' id='word_1_806' title='bbox 2539 5493 2750 5545; x_wconf 59' lang='lat' dir='ltr'><strong>adflicta</strong></span> <span class='ocrx_word' id='word_1_807' title='bbox 2787 5501 2914 5545; x_wconf 90' lang='lat' dir='ltr'><strong>sunt</strong></span> <span class='ocrx_word' id='word_1_808' title='bbox 2949 5493 3307 5559; x_wconf 67' lang='lat' dir='ltr'><strong>patriarcha):</strong></span> <span class='ocrx_word' id='word_1_809' title='bbox 3340 5507 3502 5560; x_wconf 85' lang='lat' dir='ltr'><strong>opor-</strong></span> 
     </span>
    </p>
   </div>
   <div class='ocr_carea' id='block_1_119' title="bbox 1950 5583 3501 5650">
    <p class='ocr_par' dir='ltr' id='par_1_119' title="bbox 1950 5583 3501 5650">
     <span class='ocr_line' id='line_1_119' title="bbox 1950 5583 3501 5650; baseline -0.001 -15"><span class='ocrx_word' id='word_1_810' title='bbox 1950 5583 2051 5635; x_wconf 86' lang='lat' dir='ltr'><strong>tuit</strong></span> <span class='ocrx_word' id='word_1_811' title='bbox 2109 5585 2333 5636; x_wconf 90' lang='lat' dir='ltr'><strong>omnino</strong></span> <span class='ocrx_word' id='word_1_812' title='bbox 2390 5583 2660 5650; x_wconf 88' lang='lat' dir='ltr'><strong>principes</strong></span> <span class='ocrx_word' id='word_1_813' title='bbox 2733 5593 2950 5636; x_wconf 90' lang='lat' dir='ltr'><strong>nostros</strong></span> <span class='ocrx_word' id='word_1_814' title='bbox 3007 5585 3357 5643; x_wconf 78' lang='lat' dir='ltr'><strong>ortbodoxos,</strong></span> <span class='ocrx_word' id='word_1_815' title='bbox 3407 5583 3501 5650; x_wconf 82' lang='lat' dir='ltr'><strong>qui</strong></span> 
     </span>
    </p>
   </div>
   <div class='ocr_carea' id='block_1_120' title="bbox 1949 5673 3504 5740">
    <p class='ocr_par' dir='ltr' id='par_1_120' title="bbox 1949 5673 3504 5740">
     <span class='ocr_line' id='line_1_120' title="bbox 1949 5673 3504 5740; baseline 0.001 -16"><span class='ocrx_word' id='word_1_816' title='bbox 1949 5674 2112 5726; x_wconf 81' lang='lat' dir='ltr'><strong>rebus</strong></span> <span class='ocrx_word' id='word_1_817' title='bbox 2140 5673 2398 5726; x_wconf 71' lang='lat' dir='ltr'><strong>Ecclesiae</strong></span> <span class='ocrx_word' id='word_1_818' title='bbox 2423 5683 2626 5726; x_wconf 76' lang='lat' dir='ltr'><strong>certam</strong></span> <span class='ocrx_word' id='word_1_819' title='bbox 2658 5673 2824 5740; x_wconf 82' lang='lat' dir='ltr'><strong>legem</strong></span> <span class='ocrx_word' id='word_1_820' title='bbox 2852 5673 3133 5736; x_wconf 82' lang='lat' dir='ltr'><strong>dederunt,</strong></span> <span class='ocrx_word' id='word_1_821' title='bbox 3161 5675 3268 5727; x_wconf 75' lang='lat' dir='ltr'><strong>lucc</strong></span> <span class='ocrx_word' id='word_1_822' title='bbox 3298 5673 3504 5740; x_wconf 84' lang='lat' dir='ltr'><strong>disper-</strong></span> 
     </span>
    </p>
   </div>
  </div>
