4004 6450
538 318 672 385 1039

1762 342 2037 406 ΤΗΕΟΙ).
2081 342 2169 404 BA
2181 343 2551 408 LSAMONIS

3600 358 3741 419 1040

531 451 622 505 tiri
673 452 727 504 in
782 449 1021 519 quinque
1070 456 1406 506 secretorum
1456 451 1705 521 religiosa
1751 452 2058 507 ratiocinia:

2176 455 2328 508 θέσια
2360 472 2373 487 °
2397 457 2491 510 καὶ
2526 456 2800 511 ἀναθεῖναι
2844 462 2939 529 τὴν
2968 461 3169 515 τούτων
3225 463 3497 533 διοίκησιν
3546 467 3735 522 διακο-

536 546 696 609 atque
756 538 949 591 horum
1008 539 1531 595 administrationem
1586 541 1746 594 certis
1804 542 2070 594 ministris

528 626 887 681 committere.
928 624 1061 680 Nam
1111 628 1331 682 minime
1372 628 1723 681 conveniebat
1768 629 1939 697 ipsum
1980 642 2072 695 pa-

531 711 843 777 triarcham,
906 722 1012 770 tam
1074 716 1355 786 insigniter
1408 718 1463 771 in
1523 718 1776 771 omnibus
1834 717 2067 785 speciem

528 803 711 873 sponsi
742 819 850 871 prae
881 818 936 858 sc
968 802 1253 870 ferentem,
1276 808 1527 875 occupari
1561 805 1841 860 tractando
1871 814 2065 867 rastro,

528 892 925 960 mancipiisque
961 893 1240 946 satiandis.
1272 892 1399 948 inde
1432 894 1593 963 igitur
1620 896 1672 948 in
1716 895 1860 947 hunc
1900 909 2070 960 usque

525 978 688 1040 diem,
718 993 745 1031 a
773 979 1011 1047 quinque
1040 981 1355 1047 praesidibus
1378 996 1511 1050 quos
1535 982 1901 1049 magistratus.
1932 983 2069 1034 Ero-

526 1067 813 1120 catacmlos
858 1066 1105 1130 dicimus,
1152 1076 1404 1136 tauquam
1454 1083 1483 1120 a
1529 1069 1769 1137 quinque
1817 1070 2067 1123 sensibus

525 1154 637 1208 haec
660 1154 1106 1208 administrantur
1133 1173 1146 1208 :
1180 1158 1437 1209 nimirum
1469 1172 1497 1209 a
1544 1173 1739 1225 magno
1763 1172 2063 1223 mconomo,

523 1255 553 1293 a
600 1256 795 1307 magno
856 1244 1175 1306 sacellario,
1236 1258 1266 1295 a
1322 1258 1517 1312 magno
1578 1244 1979 1312 scevophylace,
2036 1259 2065 1297 a

524 1330 875 1395 chartulario,
926 1340 980 1385 et
1016 1346 1077 1385 ea
1120 1332 1347 1400 praeside
1390 1332 1613 1385 sacellii.
1658 1331 1882 1400 Magnus
1921 1346 2065 1385 asco-

522 1434 718 1472 nomus
765 1420 1087 1487 praediorum
1124 1419 1614 1473 ecclesiasticorum
1653 1434 1837 1472 curam
1880 1419 2062 1487 gerit:

522 1522 749 1577 magnus
807 1509 1123 1563 sacellarius
1174 1517 1286 1561 tam
1342 1509 1565 1573 urbana,
1620 1523 1781 1577 quam
1842 1510 2065 1564 ulterius

530 1596 633 1650 sita
675 1600 1001 1652 monasteria
1035 1607 1189 1651 curat
1209 1598 1349 1667 (cum
1385 1598 1533 1652 urbis
1568 1598 1921 1666 imperatricis
1974 1600 2067 1652 de—

521 1685 657 1737 cima
701 1688 858 1740 tertia
884 1689 1051 1755 regio,
1075 1688 1143 1741 sit
1172 1687 1289 1754 ejus
1318 1688 1464 1755 regio
1487 1688 1769 1756 extrema),
1799 1687 1864 1741 de
1895 1688 2065 1742 sacris

2172 546 2374 611 νηταῖς.
2415 544 2546 597 Οὐδὲ
2577 546 2681 615 γάρ
2706 546 2922 601 ἔδειτδν
2950 549 3121 613 οὓτως
3157 552 3442 619 ἀγακλεῶς
3486 558 3543 608 έν
3591 560 3732 608 πᾶσι

2170 633 2717 701 νυμφοστολούμενον,
2751 637 2879 705 περὶ
2913 640 3197 709 σκαπάνην
3232 642 3590 709 ἀσχολεῖσθαι
3630 647 3732 698 καὶ

2168 714 2363 769 δούλων
2388 720 2756 788 χορτάσματα.
2794 725 3014 776 Ἔκτοτε
3044 728 3172 793 γοῦν
3201 730 3294 780 καὶ
3328 730 3490 799 μέχρι
3513 732 3609 784 τοῦ
3632 733 3732 786 νῦν

2169 805 2317 889 παρά
2349 807 2505 858 πέντε
2539 809 2989 880 προκαθημένων,
3024 816 3131 867 τῶν
3152 816 3603 879 ὲξωκατακοίλων
3635 823 3733 889 ἀρ-

2166 888 2364 956 χόντων
2399 893 2562 959 φημὶ,
2587 894 2660 955 ὡς
2693 895 2795 947 ὑπὸ
2816 898 2976 950 πέντε
3034 902 3339 971 αἰσθήσεων
3378 906 3542 955 ταυτὶ
3589 888 3733 971 διεξ-

2169 978 2388 1045 άγονται
2416 997 2430 1011 ·
2464 984 2627 1050 ἤγουν
2652 985 2745 1036 τοῦ
2770 987 3003 1054 μεγάλου
3027 991 3329 1058 οἰκονόμου,
3354 991 3451 1044 τοῦ
3483 994 3728 1062 μεγάλου

2170 1067 2535 1138 σακελλαρίου,
2566 1071 2655 1122 τοῦ
2685 1074 2916 1140 μεγάλου
2946 1077 3368 1144 σκευοφύλακος,
3392 1081 3489 1132 τοῦ
3523 1100 3590 1148 χα
3602 1100 3728 1148 ρτο-

2168 1158 2421 1221 φύλακος,
2459 1161 2555 1212 καὶ
2574 1160 2667 1212 τοῦ
2696 1164 3000 1218 σακελλίου.
3036 1167 3146 1219 Καὶ
3207 1167 3321 1235 εχει
3355 1170 3464 1221 τῶν
3519 1173 3727 1239 ἐκκλη-

2169 1248 2454 1299 σιαστικῶν
2495 1251 2791 1319 κτημάτων
2816 1253 2913 1321 τὴν
2941 1257 3217 1323 πρόνοιαν.
3258 1260 3285 1309 ὀ
3343 1258 3523 1325 μέγας
3575 1264 3728 1311 οίκο-

2164 1336 2325 1402 νόμος
2353 1353 2365 1368 ο
2399 1338 2505 1389 τῶν
2527 1340 2665 1391 κατά
2690 1340 2862 1406 πόλιν,
2906 1343 3001 1395 καὶ
3035 1344 3140 1397 τῶν
3182 1349 3498 1415 πειρατικῶν
3548 1366 3727 1416 μονα-

2168 1423 2401 1489 στηρίων
2421 1426 2519 1493 τὴν
2552 1427 2819 1495 μέριμναν
2852 1430 3318 1499 (τρισκαιδέκατος
3363 1435 3473 1504 γὰρ
3514 1436 3729 1503 ρεγεὼν

2163 1511 2260 1579 τῆς
2314 1512 2697 1581 βασιλευούσης
2731 1518 2838 1569 τῶν
2895 1520 3137 1585 πόλεων,
3177 1526 3210 1590 ἡ
3256 1526 3457 1588 περαία
3515 1525 3729 1594 ταύτης

2165 1600 2359 1669 iactv),
2392 1604 2419 1654 6
2454 1606 2622 1673 μέγας
2655 1608 3005 1679 σακελλάριος
3036 1627 3050 1640 ·
3083 1612 3190 1664 τῶν
3224 1614 3385 1682 ιερῶν
3417 1615 3729 1684 κειμηλίων

2163 1689 2259 1760 τὴν
2283 1693 2613 1759 ἐπιμέλειαν,
2642 1697 2669 1747 6
2705 1698 2877 1764 μέγας
2924 1701 3260 1768 σκευοφύλαξ
3282 1718 3297 1733 ο
3327 1705 3553 1757 καὶτῶν
3582 1706 3725 1757 καθ-

521 1776 748 1832 cimeiiis
776 1778 1041 1832 sollicitus
1067 1787 1147 1832 est
1176 1793 1401 1872 magnus
1434 1779 1521 1832 ille
1553 1794 1802 1833 vasorum
1838 1791 2021 1835 custos
2048 1796 2058 1833 :

2164 1754 2357 1833 Olim-fw
2379 1754 2729 1853 λκιςληάιῶν,
2784 1754 2925 1855 ’πρὸς
2959 1788 3015 1841 δὲ
3067 1754 3159 1842 καὶ
3192 1754 3299 1843 τῶν
3329 1754 3729 1861 ἐμφυτεύσεων

522 1870 869 1923 ecclesiarum
940 1868 995 1922 in
1051 1868 1264 1937 genere,
1327 1875 1487 1937 atque
1537 1870 1698 1923 etiam
1750 1870 2066 1939 emphyteu-

521 1957 662 2011 sium
738 1959 1174 2022 administratio,
1245 1974 1411 2028 penes
1488 1960 1691 2014 sacellii
1752 1959 2062 2029 praal‘ectum

516 2054 620 2104 est.

586 2140 956 2196 Chartularius
983 2148 1158 2197 autem
1191 2158 1286 2212 pro
1308 2159 1403 2199 sua
1428 2152 1574 2213 parte
1602 2145 1749 2202 solus
1774 2159 1835 2199 ea
1862 2145 2062 2214 dirigit,

518 2247 637 2299 quae
666 2233 786 2300 jure
826 2234 1171 2301 pontilicatus
1201 2235 1265 2287 ad
1293 2236 1649 2303 patriarcham
1686 2236 1975 2304 pertinent.
2000 2237 2065 2291 Et

515 2336 622 2391 quo
670 2322 883 2390 quidem
934 2333 1087 2391 pacto
1133 2333 1447 2378 ceterorum
1500 2338 1729 2394 quatuor
1776 2326 2061 2395 praesidum

515 2410 883 2464 institutiones
936 2427 1029 2465 seu
1076 2412 1364 2467 electiones
1399 2414 1509 2468 tieri
1555 2415 1745 2468 debere
1794 2416 2061 2469 sancitum

515 2504 604 2558 sit,
635 2506 686 2549 et
716 2506 845 2565 quot
870 2514 989 2551 nam
1020 2501 1241 2569 quilibet
1270 2501 1458 2555 horum
1477 2503 1833 2556 chartularios
1864 2503 2064 2557 laboris

514 2595 795 2639 consortes
847 2586 1063 2649 habeat,
1095 2594 1289 2654 quotve
1322 2602 1419 2641 suo
1448 2589 1500 2640 in
1528 2596 1735 2643 secreto
1762 2589 2059 2651 ministros,

515 2671 743 2725 alienum
794 2674 892 2727 hoc
945 2673 1065 2728 loco
1112 2674 1274 2729 fuerit
1313 2676 1510 2731 dicere.
1560 2674 1676 2730 Non
1703 2677 1844 2730 enim
1882 2677 1950 2733 de
1977 2678 2062 2733 his

514 2756 659 2827 loqui
714 2775 856 2813 nunc
892 2761 1247 2817 instituimus.
1293 2760 1443 2816 Unde
1475 2778 1623 2830 vero,
1666 2774 1717 2819 et
1744 2765 1974 2833 qualiter
2008 2767 2061 2821 id

512 2848 874 2903 venerationis
907 2848 960 2902 in
998 2850 1171 2918 signis
1218 2851 1623 2921 chartophylaci
1669 2853 1959 2919 tribuatur,
2002 2864 2063 2909 ut

511 2948 573 2988 os
604 2945 656 2988 et
696 2951 885 2991 manus
914 2940 1229 3007 patriarchae
1259 2950 1623 3010 nuncupetur,
1657 2942 2063 3013 inquirendum.

511 3022 576 3077 Et
600 3026 724 3092 quia
770 3029 1011 3081 nonnulli
1044 3044 1238 3083 nomen
1268 3032 1699 3101 cbartopbylacis
1733 3049 1797 3086 ex
1828 3049 1891 3087 eo
1920 3035 2063 3089 deri-

510 3120 659 3176 vant,
689 3115 831 3181 quod
862 3116 1203 3170 membranas
1230 3118 1341 3171 sive
1365 3117 1578 3172 codices
1596 3118 1863 3172 custodiat
1893 3136 1906 3171 :
1938 3127 2061 3173 ante

509 3202 691 3253 omnia
725 3203 1040 3268 tollendum,
1091 3205 1233 3274 quod
1269 3206 1391 3260 inde
1421 3209 1571 3261 nasci
1604 3217 1805 3276 posset,
1833 3210 2062 3262 scanda-

508 3289 637 3342 lum.
673 3289 1066 3361 Cbartophylax
1117 3310 1224 3349 non
1258 3305 1360 3361 est,
1393 3297 1469 3350 uti
1508 3297 1722 3365 quidam
1755 3298 2058 3367 perhibent,

511 3389 696 3433 custos
722 3380 935 3445 secreti,
965 3390 1017 3434 et
1078 3382 1288 3450 janitor
1342 3386 1499 3453 (nam
1530 3386 1874 3440 ostiariorum
1909 3396 2059 3441 vetus

506 3481 568 3520 ea
591 3468 856 3538 professio
884 3470 1023 3539 est),
1058 3471 1151 3524 sed
1194 3471 1419 3526 idoneus
1440 3473 1641 3540 jurium
1676 3476 2057 3543 episcopalium

508 3565 746 3609 curator.
786 3558 876 3611 Sic
905 3560 1045 3612 enim
1080 3567 1133 3613 et
1174 3562 1633 3631 nomophylacem,
1668 3572 1720 3616 et
1757 3566 2058 3635 scevophy-

508 3642 679 3697 lacem
705 3651 1004 3698 castrorum
1031 3649 1289 3717 principis
1313 3650 1563 3705 dicimus.
1588 3650 1739 3716 Quod
1772 3652 1817 3706 si
1849 3653 2058 3708 fortiter

507 3732 607 3784 hoc
634 3732 936 3789 inﬁciantes
958 3747 1222 3803 quaerant,
1264 3739 1357 3805 qui
1390 3740 1499 3801 list,
1522 3746 1580 3793 ut
1607 3740 1834 3795 aliorum
1874 3757 2055 3797 secre-

506 3832 682 3874 torum
710 3825 988 3891 praesides,
1010 3840 1118 3878 non
1137 3826 1671 3893 dicanturcustodcs,
1694 3845 1816 3882 cum
1839 3831 2054 3898 quidem

505 3924 683 3963 rerum
735 3913 1207 3969 adminiStratores
1248 3916 1397 3980 sint;
1452 3931 1549 3970 cur
1601 3933 1783 3983 unus,
1829 3934 2055 3988 magnus

502 4007 723 4050 vocetur
772 4011 1086 4055 mconomus
1138 4017 1156 4065 ;
1230 4001 1387 4066 alius,
1433 4018 1658 4072 magnus
1717 4006 2051 4071 saceliarius,

503 4083 663 4145 alius,
696 4086 897 4138 sacellii
925 4086 1213 4154 praefectus
1239 4105 1252 4141 :
1283 4089 1523 4153 audiant,
1554 4093 1694 4145 idem
1725 4106 1844 4145 esse
1861 4108 2054 4149 nomen

502 4174 795 4235 oeconomi,
832 4174 1102 4237 custodis,
1146 4176 1412 4230 sacellarii
1456 4186 1507 4231 et
1547 4180 1749 4233 sacellii
1790 4181 2050 4249 praefecti.

501 4256 633 4309 Nam
670 4260 808 4325 apud
830 4258 1105 4316 Romanos
1136 4266 1389 4317 sacellum
1421 4266 1487 4319 ab
1518 4268 1981 4325 administratione
2001 4280 2054 4326 et

2165 1867 2263 1936 τὴν
2284 1869 2568 1938 διοίκησιν,
2598 1874 2626 1924 6
2658 1875 2960 1929 σακελλίου.

2241 2140 2301 2196 '0
2329 2142 2385 2195 δὲ
2427 2147 2762 2214 χαρτοφύλαξ
2827 2149 3136 2203 κατευθύνει
3186 2152 3505 2222 μονομερῶς
3540 2154 3609 2205 τὰ
3642 2156 3728 2223 τῷ

2167 2234 2471 2300 πατριάρχῃ
2492 2274 2506 2297 ,
2563 2234 2752 2305 δικαίῳ
2790 2237 2887 2306 τῆς
2918 2238 3360 2308 ἀρχιερωσύνης,
3423 2244 3725 2311 ἀνήκοντα.

2166 2320 2349 2383 Ὅπως
2388 2323 2483 2390 μὲν
2512 2323 2602 2376 οὖν
2636 2324 2743 2378 τῶν
2777 2326 2949 2379 ἄλλων
2975 2328 3255 2398 τεσσάρων
3280 2332 3729 2400 προκαθημένων

2162 2406 2257 2467 τὰς
2318 2408 2644 2478 προδλήσεις
2710 2412 3011 2465 τετύπωται
3056 2415 3321 2479 γίνεσθαι,
3384 2418 3479 2469 καὶ
3520 2422 3728 2481 πόσους

2161 2492 2387 2547 ἕκαστον
2416 2501 2616 2549 τούτων
2648 2499 2757 2566 ἔχει
2793 2503 3210 2572 χαρτουλαρίους
3245 2506 3338 2557 τοῦ
3374 2507 3547 2558 κόπου
3584 2525 3729 2575 συμ-

2164 2586 2447 2654 μεριστάς,
2494 2589 2586 2640 καὶ
2616 2590 2812 2651 πόσους
2848 2594 3196 2658 σεκρετικοὺς
3240 2595 3592 2664 διακονητόκ,
3619 2597 3726 2648 οὐκ

2161 2674 2274 2727 ἐστι
2321 2676 2498 2743 λέγειν
2527 2680 2736 2748 καιρός.
2794 2679 2925 2735 Οὐδὲ
2966 2683 3071 2750 γὰρ
3115 2687 3238 2753 περὶ
3283 2686 3489 2738 τούτων
3545 2691 3725 2739 εἰπεῖν

2161 2766 2517 2835 προεθέμεθα.
2579 2770 2737 2821 Ὅθεν
2765 2771 2840 2832 δὲ,
2893 2774 2984 2824 καὶ
3016 2775 3161 2837 ὅπως
3192 2777 3218 2826 6
3250 2777 3597 2845 χαρτοφύλαξ
3628 2795 3725 2831 σε·

2164 2853 2496 2921 μνολογετται
2524 2858 2882 2923 πανευκλεῶς,
2914 2862 3005 2913 καὶ
3040 2862 3284 2915 καλεῖται
3316 2865 3408 2916 τοῦ
3442 2869 3721 2935 πατριάρο

2160 2958 2253 3011 χου
2295 2945 2464 3012 στόμα
2494 2946 2587 2997 καὶ
2618 2948 2756 3015 χεὶρ,
2793 2947 3071 3018 ζητητέον.
3118 2953 3268 3005 Ἐπεὶ
3299 2955 3357 3007 δέ
3390 2973 3534 3018 τινες
3569 2973 3723 3028 παρ-

2162 3030 2521 3097 ωνυμίξεσθαι
2575 3033 2666 3085 τὸν
2738 3038 3121 3104 χαρτοφύλακα
3189 3041 3435 3096 θέλουσιν
3499 3047 3562 3096 ὲκ
3620 3046 3719 3098 τοῦ

2164 3116 2447 3182 φυλάττειν
2483 3119 2795 3189 μεμϐράνας
2844 3124 2962 3191 ἢτοι
3029 3128 3274 3188 κωδίκια,
3334 3134 3725 3199 περιαιρετέον

2164 3205 2267 3275 πρὸ
2322 3208 2537 3259 πάντων
2576 3209 2635 3260 τὸ
2666 3212 2731 3261 ὲκ
2758 3212 2944 3265 τούτου
2975 3216 3237 3284 φυόμενον
3271 3220 3587 3273 σκάνδαλον.
3656 3222 3722 3274 '0

2160 3294 2501 3362 χαρτοφύλαξ
2528 3298 2628 3349 οὐκ
2658 3300 2821 3363 ἔστιν,
2854 3301 2928 3363 ὥς
2947 3321 3086 3367 τινες
3120 3306 3388 3373 λέγουσιν,
3422 3310 3596 3375 φύλαξ
3618 3311 3721 3363 τοῦ

2162 3387 2437 3456 σεκρέτου,
2492 3389 2586 3440 καὶ
2635 3390 2875 3461 θυρωρὸς
2925 3395 3100 3463 (τοῦτο
3139 3399 3247 3467 γὰρ
3281 3399 3389 3450 τῶν
3428 3401 3721 3470 όστιαρίων

2159 3474 2382 3542 ἀρχαῖον
2409 3477 2771 3546 ὲπάγγελμα)·
2795 3483 3166 3535 ἐπισκοπικῶν
3204 3487 3261 3537 δὲ
3290 3488 3515 3540 δικαίων
3549 3506 3720 3559 φρον-

2157 3564 2342 3632 τιστὴς
2372 3562 2682 3632 ἀξιόμαχος.
2717 3565 2872 3617 Οὕτω
2901 3569 3007 3637 γὰρ
3037 3573 3131 3622 καὶ
3180 3574 3493 3639 νομοφύλαξ
3528 3577 3717 3628 καλεῖ-

2156 3669 2267 3717 ται,
2305 3654 2395 3705 καὶ¹
2426 3655 2764 3722 σκευοφύλαξ
2797 3661 3160 3726 στρατοπέδου
3198 3662 3503 3731 βασιλικοῦ.
3559 3668 3620 3718 Εἰ
3668 3668 3719 3718 δ’

2157 3743 2620 3812 ἀπισχυρίζονται,
2660 3747 2777 3808 πῶς
2827 3748 2931 3800 τῶν
2973 3751 3150 3805 ἄλλων
3193 3756 3465 3821 σεκρέτων
3496 3758 3542 3807 ol
3583 3772 3721 3825 προ-

2157 3832 2475 3900 καθήμενοι,
2510 3836 2754 3901 φύλακες
2786 3838 2847 3889 οὐ
2881 3841 3372 3909 κατονομάζονται,
3424 3847 3721 3901 καὶταῦτα

2157 3924 2491 3991 πραγμάτων
2553 3925 2705 3989 ὅντες
2763 3927 3032 3998 διοικηταί
3073 3947 3085 3962 ·
3136 3933 3252 3985 ἀλλ’
3285 3936 3313 3986 ό
3360 3935 3460 4003 μὲν
3488 3976 3502 3999 ,
3540 3938 3720 4005 μέγας

2153 4012 2432 4081 οἰκονόμος
2467 4014 2736 4068 καλεῖται·
2782 4018 2809 4068 6
2840 4019 2917 4082 δὲ,
2961 4022 3133 4088 μέγας
3161 4025 3516 4094 σακελλάριος
3538 4044 3551 4058 ο
3584 4030 3612 4078 6
3631 4029 3712 4091 δὲ,

2156 4101 2469 4153 σακελλίου·
2503 4104 2912 4173 ἀκουσάτωσαν,
2966 4110 3040 4171 ὡς
3077 4114 3270 4165 ταυτόν
3322 4116 3470 4168 ἐστιν
3515 4117 3713 4183 εἰπεῖν,

2152 4191 2451 4260 οἰκονόμον,
2489 4193 2721 4261 φύλακα,
2757 4200 3124 4269 σακελλάριον,
3162 4204 3369 4255 καὶτὸν
3402 4206 3715 4263 σακελλίου,

2154 4279 2311 4347 Παρά
2344 4280 2451 4349 γὰρ
2482 4284 2593 4343 τοῖς
2633 4285 2921 4353 Ῥωμαίοις
2970 4289 3249 4355 σάκελλον,
3301 4293 3451 4358 παρά
3484 4292 3543 4344 τὺ
3576 4294 3715 4345 διοι-

499 4347 747 4399 custodia
778 4349 997 4404 dicitur.
1025 4351 1202 4420 Atque
1226 4354 1390 4406 etiam
1431 4354 1556 4409 hinc
1590 4358 1786 4411 sacella
1817 4364 2051 4428 patriar-

2159 4369 2269 4420 κετν
2298 4370 2389 4421 καὶ
2421 4347 2704 4437 ιρυλάττειν
2732 4347 2867 4429 έστί.
2901 4347 3009 4430 Καὶ
3044 4381 3075 4446 ή
3128 4347 3251 4442 τοὺς
3284 4347 3624 4451 κακούργους
3651 4385 3715 4436 δὲ

501 4434 692 4500 cbalis,
739 4450 845 4505 qua
876 4440 1101 4493 maleﬁci
1140 4442 1543 4509 custodiuntur,
1588 4460 1693 4498 non
1726 4448 1940 4503 aliunde
1966 4467 2056 4520 ap-

500 4526 696 4593 pellata
720 4534 845 4593 est;
886 4530 1030 4582 sicut
1068 4540 1120 4584 et
1165 4532 1447 4586 saculium.
1483 4533 1805 4591 Sacellarius
1839 4540 2051 4607 quidem

499 4616 698 4669 dicitur
725 4620 1177 4672 monasteriorum
1203 4622 1607 4678 administrator
1640 4643 1653 4679 :
1678 4638 1730 4680 et
1767 4629 2053 4695 praefectus

500 4705 684 4758 sacelli
731 4708 1081 4772 deminutive,
1119 4713 1468 4773 ecclesiarum
1501 4716 1554 4767 in
1581 4731 1775 4783 genere
1813 4728 2049 4774 curator.

496 4792 762 4848 Caeterum
812 4812 880 4851 ne
926 4798 979 4851 hi
1026 4804 1263 4868 quinque
1299 4804 1551 4870 praesides
1598 4822 1761 4860 unum
1794 4809 2053 4865 duntaxat

499 4879 760 4934 haberent
810 4898 1007 4939 nomen
1038 4925 1053 4952 ,
1114 4887 1317 4955 placuit
1365 4888 1697 4944 diversorum
1754 4893 2050 4950 ofﬁciorum

499 4970 949 5037 appellationibus
978 4989 1073 5029 eos
1102 4977 1393 5045 ampliores
1416 4980 1565 5034 reddi
1587 4984 1800 5036 debere.
1830 4983 1950 5049 Quo
1971 4985 2050 5050 iit,

502 5059 849 5113 utactionum
875 5060 1070 5118 ﬁnibus
1090 5064 1229 5118 idem
1247 5067 1563 5136 existentes,
1588 5070 1885 5124 officiorum
1897 5087 2052 5126 voca-

499 5146 642 5201 bulis
670 5147 1090 5217 distinguantur.
1122 5151 1235 5208 Hoc
1264 5156 1424 5210 modo
1452 5170 1595 5212 recte
1622 5158 1835 5213 sublato
1864 5160 2049 5225 dubio,

500 5236 644 5302 quod
673 5237 931 5293 adversus
982 5241 1452 5313 chartopbytacen
1485 5246 1637 5300 .acite
1662 5250 1807 5301 nasci
1836 5256 2052 5317 poterat

500 5324 703 5392 reliqua
724 5326 883 5379 etiam
905 5327 1227 5383 declaranda
1247 5334 1486 5389 miunt.
1510 5332 1703 5391 Munus
1737 5338 2052 5397 chsmnarii

498 5414 711 5464 varium
754 5422 807 5466 et
849 5415 1124 5485 multiplex
1153 5428 1255 5474 est.
1295 5419 1497 5476 idcirco
1532 5426 1908 5480 sanctissimus
1952 5444 2049 5497 pro

503 5510 742 5568 tempore
770 5505 1098 5571 patriarcha,
1128 5508 1277 5562 velut
1321 5508 1542 5567 alterum
1588 5513 1871 5576 λιιαιυυ,
1905 5514 2048 5569 hunc

502 5591 760 5663 deligens,
793 5609 911 5649 cum
946 5595 1088 5652 Mose
1126 5596 1251 5653 dicit
1286 5599 1345 5655 ul
1383 5594 1701 5663 Domina:
1793 5606 2048 5674 aspiciat

2158 4458 2498 4523 φυλάττουσα
2528 4467 2899 4535 πατριαρχικὴ
2928 4468 3161 4537 σακέλλη
3192 4471 3463 4535 ἐντεῦθεν,
3492 4475 3584 4525 καὶ
3609 4476 3717 4527 οὐκ

2154 4545 2373 4599 ἀλλοθεν
2405 4550 2841 4619 μετωνόμασται,
2872 4555 3057 4627 ὥσπερ
3086 4558 3149 4627 δὴ
3180 4562 3275 4612 καὶ
3310 4561 3372 4612 τὸ
3405 4563 3713 4617 σακούλιον.

2153 4633 2379 4701 Λέγεται
2404 4637 2533 4704 γοῦν
2559 4641 2925 4711 σακελ).ἀριος,
2968 4648 2994 4697 6
3022 4632 3148 4697 τῶν·
3165 4664 3402 4719 μοναστη
3414 4652 3542 4719 ρίων
3581 4654 3716 4704 διοι-

2152 4726 2323 4791 κητής
2350 4741 2365 4755 ·
2398 4727 2488 4777 καὶ
2518 4730 2545 4779 6
2572 4729 2850 4782 σακελλίου
2884 4733 3333 4801 ὑποκοριστικῶς,
3368 4741 3395 4790 6
3428 4739 3536 4790 τῶν
3577 4742 3713 4792 καθ-

2151 4810 2345 4864 ολικῶν
2399 4815 2699 4883 ἐκκλησιῶν
2755 4822 3092 4889 φροντιστής.
3129 4823 3241 4875 Ἰνα
3272 4827 3327 4877 δὲ
3375 4829 3408 4894 ἡ
3443 4828 3551 4879 τῶν
3578 4844 3715 4898 προ-

2152 4898 2474 4967 καθημένων
2525 4905 2723 4967 πεντάς
2778 4907 2852 4975 μὴ
2912 4912 3384 4980 ταυτωνυμίζηται
3418 4953 3433 4976 ,
3495 4914 3708 4988 ὡρίσθη

2150 4987 2418 5057 διαφόρων
2470 4990 2740 5058 όφφικίων
2786 4996 3042 5064 ὀνόμασιν
3076 5000 3246 5067 αὐτὴν
3292 5003 3709 5070 μεγεθύνεσθαι.

2153 5075 2242 5143 Τῷ
2269 5093 2350 5129 τοι
2381 5081 2472 5131 καὶ
2507 5082 2866 5152 ταυτιζομένη
2888 5086 2995 5137 τῶν
3030 5088 3319 5156 ἐνεργειῶν
3360 5094 3474 5153 τοῖς
3512 5094 3713 5147 ἀποτε-

2152 5163 2402 5232 λέσμασι,
2459 5167 2735 5237 μερίζεται
2794 5172 2901 5224 τῶν
2934 5173 3203 5240 όφφικίων
3246 5181 3367 5240 ταῖς
3428 5180 3707 5249 κλήσεσιν.

2152 5253 2304 5304 Οὕτω
2350 5254 2478 5319 γοῦν
2542 5261 2996 5330 περιαιρουμένης
3035 5263 3237 5328 καλῶς,
3267 5266 3363 5333 τῆς
3390 5268 3456 5321 ὲκ
3482 5270 3578 5337 τῆς
3606 5286 3709 5335 φυ-

2151 5340 2324 5410 λακῆς
2372 5344 2851 5419 ὑποκλεπτομένης
2888 5351 3155 5419 ἀσαφείας
3201 5356 3343 5407 κατὰ
3386 5357 3480 5409 τοῦ
3511 5374 3707 5429 καρτο-

2151 5431 2406 5497 φύλακος,
2444 5437 2797 5504 σαφηνιστέον
2829 5440 2922 5492 καὶ
2952 5440 3018 5493 τά
3054 5442 3233 5495 λοιπά.
3275 5444 3382 5497 Τοῦ
3434 5448 3708 5516 χαρτοφύο

2150 5520 2313 5581 λακος
2362 5523 2396 5591 ἡ
2455 5524 2698 5594 ἐνέργεια
2731 5528 3011 5599 πολυειδὴς
3063 5531 3157 5585 καὶ
3190 5532 3519 5605 πολυσχιδής
3565 5539 3705 5594 ἔστι.

2154 5610 2243 5662 Διὸ
2270 5613 2362 5665 καὶ
2389 5614 2417 5666 ὁ
2463 5616 2600 5668 κατὰ
2626 5617 2845 5682 καιροὺς
2877 5618 3176 5686 ἀγιὼτατος
3211 5624 3577 5696 πατριάρχης,
3626 5625 3707 5689 ὡς
