4004 6474
288 333 419 397 1041

1699 342 2104 408 ΗΕΟΙΤΑΤΑ.

3319 344 3448 410 1012

269 467 428 517 ἄλλον
467 464 672 535 ’Δαρὼν
707 464 891 518 τοῦτον
919 461 1318 532 ἐπιλεγόμενος,
1351 461 1496 528 λέγει
1525 464 1659 532 μιτὰ
1681 463 1799 517 Μω-

1901 460 2168 518 Dominus
2219 462 2362 518 Deus
2427 469 2639 532 patrum
2699 472 3028 529 nostrorum,
3082 472 3135 519 ct
3187 468 3449 524 universa

270 555 407 618 σέως
436 553 572 623 πρὸς
602 553 827 621 Κύριον·
863 570 884 603 ι
928 549 1333 619 Ἐπισκεψάσθω
1385 549 1586 619 Κύριος
1614 554 1641 603 ό
1675 551 1806 615 Θεδς

275 643 380 698 τῶν
423 639 668 708 πατέρων
693 640 786 692 καὶ
808 640 986 708 πάσης
1019 638 1237 706 σαρκὸς,
1270 637 1545 708 ἄνθρωπον
1587 638 1680 691 ἐπὶ
1709 630 1805 708 τῆς

278 729 596 798 συναγωγῆς
624 728 842 795 ταύτης,
866 727 1011 788 ὅστις
1034 725 1363 789 ἐξελεύσεται
1392 729 1497 780 ἀπὸ
1517 729 1804 798 προσώπου

269 816 402 883 ἐμοῦ
427 833 474 879 ι,
500 815 593 867 καὶ
619 815 760 875 ὅστις
783 811 1140 864 εἰσελεύσεται
1169 813 1273 880 πρὸ
1297 813 1581 880 προσώπου
1606 813 1802 877 αὐτῶν,

270 905 367 957 καὶ
410 904 556 965 ὅστις
602 901 801 966 είσάξει
846 902 1040 961 αὐτοὺς
1079 899 1290 968 ὡςέμέ,
1322 902 1414 953 καὶ
1442 903 1590 964 ὅστις
1629 902 1805 967 ἐξάξει

269 993 469 1054 αὐτοὺς
515 991 573 1054 ἐξ
612 989 781 1057 ἐμοῦ·
833 989 926 1040 καὶ
971 988 1142 1051 οὕτως
1181 988 1452 1058 ἐπιτίθησι
1485 991 1582 1053 τὰς
1618 993 1806 1060 χεῖρας

269 1080 432 1133 αὑτοῦ
464 1081 550 1131 ἐπ’
577 1078 753 1141 αὐτὸν,
783 1078 875 1130 καὶ
903 1077 1111 1130 δίδωσιν
1141 1076 1288 1146 αὐτῷ
1313 1079 1409 1146 τὴν
1436 1078 1590 1142 δόξαν
1619 1079 1802 1145 αὐτοῦ,

267 1170 414 1229 ὅπως
448 1167 716 1219 ἀκούωσιν
764 1163 924 1217 αὑτοῦ
958 1166 1005 1217 οἱ
1035 1167 1138 1217 υἱοὶ
1179 1166 1414 1236 Ἰσραήλ.
1482 1166 1804 1238 Ἐγχειρίζιι

268 1255 443 1324 τούτῳ
475 1256 566 1307 καὶ
600 1253 829 1323 χρυσοῦν
861 1252 934 1314 ὡς
978 1253 1043 1307 ἀν
1085 1269 1169 1315 τις
1216 1252 1358 1306 εῐποι
1381 1255 1675 1322 δακτύλιον,
1707 1275 1806 1310 κα-

272 1343 380 1405 θὼς
425 1340 542 1396 εἷπε
595 1342 794 1412 Κύριος
841 1343 973 1412 πρὸς
1021 1343 1259 1411 Μωσῆνο
1316 1347 1405 1397 καὶ
1443 1345 1716 1414 ἐπιθήσεις
1745 1347 1805 1400 τδ

270 1434 476 1498 λογεῖον
507 1433 598 1485 ἐπὶ
626 1432 687 1483 τὸ
718 1430 908 1499 στῆθος
937 1430 1028 1482 τοῦ
1071 1431 1294 1500 Ἀαρὼν,
1330 1434 1422 1484 καὶ
1449 1435 1692 1502 ποιήσεις
1716 1435 1806 1487 δα-

269 1522 483 1575 κτύλιον
539 1520 791 1591 χρυσοῦν.
839 1521 930 1572 καὶ
971 1521 1461 1590 συναρμολογήσεις
1507 1524 1664 1576 αὑτὸν
1709 1524 1802 1577 τοῦ

269 1612 494 1678 Λογείου
544 1615 653 1673 τοῖς
697 1612 942 1680 χείλεσιν,
976 1611 1060 1676 ἐφ’
1092 1604 1136 1676 ᾧ
1187 1611 1254 1663 δι’
1307 1611 1469 1663 αὑτοῦ
1516 1612 1623 1666 τῶν
1674 1615 1803 1668 υίῶν

271 1701 484 1769 Ἰσραὴλ
512 1698 916 1770 ἀπογράφεσθαι
955 1699 1024 1751 τὰ
1060 1700 1315 1768 ὀνόματα.
1373 1702 1526 1763 Ποῖος
1561 1702 1616 1754 δέ
1649 1699 1800 1766 οὗτος

271 1790 419 1850 tm;
468 1788 540 1840 Τὸ
579 1789 966 1857 πατριαρχικδν
1011 1787 1416 1858 βουλλωτήριον,
1464 1791 1526 1841 τὸ
1555 1792 1701 1861 παρά
1728 1792 1804 1860 τῷ
1835 1777 1875 1831 Β

270 1878 457 1946 στήθει
505 1875 598 1929 τοῦ
643 1875 1046 1946 χαρτοφύλακος
1072 1877 1494 1947 άπῃωρημένον,
1525 1879 1599 1942 ὡς
1627 1880 1800 1944 εἴωθε,

266 1967 458 2035 δοχιίῳ
488 1965 835 2036 καθεστηκότι
859 1965 1073 2033 λογικοῦ
1097 1967 1342 2020 παντοίου
1397 1969 1804 2038 σπουδάσματος

271 2055 431 2126 (Τοῖς
465 2056 571 2123 γὰρ
615 2055 801 2120 ἀξίοις,
846 2055 998 2124 φησὶ,
1045 2054 1226 2107 δοτέον
1272 2056 1336 2110 τὰ
1373 2055 1690 2128 ἀξιώματα)
1734 2058 1802 2110 δι’

269 2137 331 2196 οὗ
367 2146 491 2205 τοὺς
521 2142 835 2213 ὸλοθρευτάς
880 2143 1232 2211 ἀσφαλίςεται
1277 2144 1373 2196 σὺν
1405 2146 1655 2215 σφραγῖδι
1707 2148 1801 2200 καὶ

269 2233 472 2303 χάριτι,
495 2234 616 2294 τοὺς
645 2230 993 2299 ἁμαρτωλοὺς
1025 2231 1335 2300 ἐπιστρέφει
1358 2234 1452 2284 σὺν
1466 2234 1682 2302 γραφίδι
1709 2235 1802 2286 καὶ

270 2322 480 2390 μέλανι,
524 2322 647 2382 τοὺς
673 2322 1168 2389 καταπονουμένους
1199 2321 1450 2373 διεκδικεῖ
1478 2324 1572 2374 σὺν
1604 2322 1800 2393 βακτη-

272 2407 362 2476 ρίᾳ
402 2407 494 2459 καὶ
528 2407 769 2474 σύριγγι,
808 2410 900 2460 καὶ⁸
936 2409 1057 2470 τοὺς
1095 2407 1274 2475 ἀξίους
1301 2409 1377 2480 τῷ
1403 2411 1665 2482 πνεύματι
1704 2431 1802 2484 χαι.

276 2495 553 2565 ρισμάτων
610 2496 896 2566 ίερατικῶν
952 2497 1123 2562 ἀξιοῖ·
1175 2504 1298 2562 τοὺς
1354 2502 1451 2568 μὲν
1509 2504 1662 2566 ἐκτὸς
1704 2505 1798 2558 τοῦ

267 2585 531 2654 βήματος,
590 2585 984 2655 κληρικοποιῶν
1016 2603 1028 2616 ·
1093 2590 1216 2650 τοὺς
1266 2589 1323 2640 δὲ
1377 2590 1556 2653 ἐντὸς,
1599 2593 1798 2646 τελειο-

268 2673 459 2726 ποιῶν.
512 2673 607 2725 Διὰ
636 2674 821 2727 τούτου
852 2673 945 2725 καὶ
977 2673 1112 2726 κατὰ
1146 2676 1324 2728 πᾶσαν
1354 2676 1449 2745 τὴν
1481 2679 1798 2750 οἰκουμένην

267 2761 454 2828 σχεδὸν
485 2762 847 2831 πατριαρχικά
874 2764 1282 2833 καταγράφεται
1319 2765 1409 2816 καὶ
1442 2765 1619 2819 δίδωσι
1645 2783 1797 2820 σταυ-

265 2848 524 2913 ροπήγια,
573 2851 660 2899 καὶ
696 2848 899 2901 πολλῶν
960 2850 1161 2903 πόλεων
1193 2853 1607 2920 ἐκκλησιαστικά
1641 2873 1800 2924 μετα-

260 2934 444 3001 τίθησι
475 2937 705 3005 κάρηνα,
741 2938 819 2999 sla;
851 2940 945 3007 τῆς
981 2940 1196 3008 πρώτης
1217 2942 1454 3010 κεφαλῆς
1478 2943 1539 2995 τὸ
1570 2945 1796 3000 ἀνάκτο-

263 3039 375 3093 ρον.
395 3026 628 3077 Δίδονται
648 3026 731 3078 διὰ
757 3027 944 3080 τούτου
966 3027 1040 3097 τῷ
1069 3030 1431 3098 χαρτοφύλακι
1458 3033 1545 3084 καὶ
1575 3035 1628 3086 αἱ
1651 3035 1796 3097 κλεῖς
1818 3069 1863 3130 C

259 3116 361 3182 τῆς
392 3114 660 3183 βασιλείας
684 3117 787 3168 τῶν
815 3119 1071 3186 οὐρανῶν,
1125 3120 1198 3180 ὡς
1230 3120 1331 3172 ὑπὸ
1359 3121 1450 3172 τοῦ
1493 3123 1692 3191 Κυρίου
1718 3125 1794 3193 τῷ

263 3201 406 3271 φίλῳ
435 3203 618 3273 Πέτρῳ
643 3203 736 3256 καὶ
765 3205 995 3272 μαθητῇ.
1027 3206 1160 3271 Φησὶ
1184 3207 1306 3275 γὰρ,
1329 3204 1435 3259 οἷον
1459 3209 1589 3277 πρὸς
1617 3211 1793 3276 αὑτὸν,

258 3291 289 3341 δ
320 3289 489 3356 μέγας
523 3291 826 3358 ἀρχιερεύς*
868 3294 931 3344 ’Ὀ
958 3293 1050 3344 ἐὰν
1077 3293 1238 3364 λύσῃς
1275 3294 1366 3344 ἐπὶ
1381 3298 1476 3363 τῆς
1502 3298 1625 3364 γῆς,
1646 3297 1795 3351 ἔσται

261 3377 548 3445 λελυμένον
575 3381 629 3429 ἐν
653 3383 762 3442 τοῖς
791 3381 1032 3449 οὐρανοῖς
1056 3397 1068 3413 °
1107 3384 1197 3435 καὶ
1227 3382 1254 3434 ὃ
1275 3384 1367 3436 ἐὰν
1396 3385 1561 3454 δήσῃς
1583 3387 1671 3438 ἐπὶ
1697 3387 1795 3455 τῆς

261 3466 386 3533 γῆς,
423 3466 570 3519 ἔσται
611 3469 886 3536 δεδεμένον
919 3470 1006 3522 καὶ
1040 3472 1096 3522 ἐν
1128 3473 1236 3532 τοῖς
1263 3473 1526 3541 οὐρανοῖς.
1589 3476 1697 3527 Καὶ
1736 3477 1794 3527 τὴ

260 3554 478 3607 πάντων
517 3557 842 3625 καινότερον,
875 3559 932 3608 ού
979 3558 1134 3627 μόνον
1167 3553 1318 3622 οὗτος
1354 3563 1622 3630 τοσαύτης
1648 3565 1795 3627 ἐξου-

262 3641 382 3702 σίας
413 3641 704 3712 ἐπλούτησε
743 3645 1001 3712 χάρισμα,
1040 3646 1172 3700 ἀλλὰ
1213 3648 1304 3700 καὶ
1331 3649 1377 3699 οί
1406 3648 1462 3713 ἐξ
1500 3649 1661 3702 αὐτοῦ
1696 3651 1792 3716 τὴν

257 3728 417 3800 χάριν
465 3731 665 3798 ταύτην
716 3732 1093 3800 λαμϐάνοντες.
1166 3735 1480 3802 Ἐπιτρέπει
1517 3738 1623 3806 γὰρ
1651 3738 1795 3806 ἱερα-

257 3818 470 3870 τεύουσι
511 3822 790 3888 μοναχοῖς,
839 3821 1134 3891 ἀνθρώπων
1194 3823 1438 3892 δέχεσθαι
1485 3825 1791 3893 λογισμοὺς,

256 3910 352 3960 καὶ
402 3909 744 3978 διαρῤήσσειν
799 3911 1206 3979 ἁμαρτημάτων
1263 3914 1622 3982 χειρὸγραφα·
1660 3917 1792 3984 ὅπερ

257 3997 438 4064 μόνοις
474 3998 788 4060 ἐπισκόποις
818 4000 924 4049 ἀπὸ
959 4000 1049 4050 τοῦ
1093 4003 1352 4064 παναγίου
1390 4003 1593 4055 δέδοται
1624 4003 1790 4055 Ilvati-

258 4100 448 4152 ματος.
512 4085 609 4135 Ἂν
645 4084 760 4150 ῐδῃς
810 4084 864 4135 δὲ
897 4085 1081 4136 τοῦτον
1122 4088 1407 4148 συνοδικῶς
1451 4090 1789 4155 σχεδιάζοντα

253 4175 353 4224 ὅσα
389 4173 561 4224 λαλῶν
592 4173 809 4240 λαλήσει
839 4173 1059 4242 Μωσῆς,
1091 4176 1308 4226 κάκεῖνα
1342 4178 1625 4245 κρουνηδὸν
1655 4182 1790 4230 ἁπο-

253 4266 667 4333 στοματίζοντα,
703 4267 800 4318 ὅσα
841 4267 1128 4332 νεφελώσει
1161 4270 1252 4320 καὶ
1286 4269 1542 4321 ὑδατώσει
1574 4272 1668 4338 τῆς
1705 4287 1789 4323 ate-

253 4354 428 4422 φαλῆς
459 4356 492 4422 ὴ
533 4354 827 4421 άκρώρεια,
869 4356 928 4406 οὐ
960 4356 1209 4420 ζητήσεις
1265 4357 1390 4408 ίδεῖν
1442 4357 1646 4426 Ἀαρὼν
1673 4360 1786 4411 θεο-
1814 4385 1867 4444 D

251 4442 482 4512 γράφων
515 4442 736 4493 πλακῶν
771 4442 1173 4508 ἀπαγγέλλοντα
1214 4445 1459 4510 ῥήματα,
1520 4446 1638 4497 οὐδὲ
1683 4447 1789 4498 Βα-

252 4536 383 4601 ροὺλ
427 4527 739 4597 περιδεξίως
773 4531 1223 4598 ἀπογραφόμενον
1269 4532 1362 4598 τῆς
1418 4533 1672 4595 Ἰουδαίας
1696 4539 1791 4602 τὴν

251 4621 453 4674 ἅλωσιν
473 4636 486 4649 ·
538 4620 850 4688 ἀρκεσθήσῃ
878 4619 934 4670 δὲ
977 4621 1084 4680 τοῖς
1113 4619 1250 4671 οὕτω
1274 4621 1656 4690 πραττομένοις
1689 4623 1792 4675 ὑπὸ

249 4708 344 4760 τοῦ
395 4707 843 4778 χαρτοφύλακος,
893 4706 985 4758 καὶ
1023 4709 1436 4776 Δευτερονύμιον
1494 4709 1790 4778 συμπεραί·

249 4811 422 4846 νουσι.
455 4796 591 4863 Πρὸς
627 4794 832 4854 τούτοις
861 4791 1153 4861 θαύμασον,
1192 4793 1304 4854 πῶς
1329 4797 1434 4846 τῶν
1456 4793 1612 4846 θείων
1639 4800 1783 4848 κανό-

247 4895 356 4929 νων
392 4880 570 4946 μόνοις
599 4880 1024 4949 ἐκχωρησάντων
1046 4883 1154 4941 τοῖς
1195 4881 1250 4932 ἐν
1281 4883 1496 4932 πόλεσιν
1532 4883 1782 4950 ἀρχιερα-

249 4965 465 5015 τεύουσι
507 4967 602 5030 τὴν
647 4970 740 5016 τοῦ
772 4965 1038 5016 διδάσκειν
1064 4971 1152 5016 τὸν
1180 4965 1303 5017 λαὸν
1340 4969 1788 5036 σεμνοπρέπειαν,

247 5057 275 5106 ὁ
309 5053 652 5121 χαρτοφύλαξ
677 5057 770 5104 καὶ
817 5056 970 5121 μόνος
1014 5057 1072 5104 τὸ
1116 5055 1379 5106 διδάσκειν
1415 5055 1789 5124 κατηχητικῶς

247 5149 339 5196 τὸν
388 5142 510 5193 λαὸν
563 5144 647 5193 ἐπ’
682 5141 971 5210 ἐκκλησίας
1025 5144 1447 5211 άπεκληρώσατο
1491 5160 1505 5176 ο
1547 5145 1660 5206 πῶς
1693 5145 1789 5206 τὰς

252 5231 647 5299 πατριαρχικὰς
679 5231 993 5298 διαγνώσεις
1023 5234 1397 5300 καλλιγραφεί,
1431 5233 1522 5284 καὶ
1555 5232 1791 5298 ὑπογρα-

251 5323 377 5388 φαῖς
405 5321 628 5381 οίκείαις
677 5321 770 5370 καὶ
810 5322 1066 5386 σφραγῖσι
1119 5321 1479 5386 κατεμπεδοῖ’
1535 5323 1628 5371 καὶ
1674 5321 1789 5379 πῶς

251 5411 600 5478 δικαστηρίου
655 5409 885 5477 μεγάλου
931 5408 1267 5476 προκάθηται
1325 5409 1416 5459 καὶ
1472 5409 1788 5461 δικαιοδοτεῖ

252 5497 391 5549 κατὰ
425 5496 519 5563 μὲν
558 5495 756 5555 παντὸς
784 5493 1088 5561 ἀνθρώπου.
1122 5495 1220 5546 κᾶν
1253 5494 1366 5556 οἵας
1411 5494 1474 5547 ἃν
1499 5496 1581 5563 εἴη
1625 5494 1787 5563 τύχης

253 5586 346 5641 καὶ
377 5584 608 5652 φύσεως,
643 5585 768 5654 περὶ
825 5582 1280 5651 ἐκκλησιαστικῶν
1311 5583 1652 5654 ζητημάτων,
1694 5583 1787 5636 καὶ

1910 551 2113 616 carnis,
2153 550 2422 605 hominem
2477 551 2533 605 in
2599 551 2702 605 hoc
2732 559 2899 618 emtu,
2953 551 3046 620 qui
3079 554 3383 621 egrediatur
3417 571 3445 609 a

1911 636 2048 692 facie
2098 651 2237 702 mea,
2293 655 2312 689 ι
2349 646 2402 692 et
2438 636 2769 707 ingrediatur
2796 648 2923 694 ante
2948 639 3138 695 faciem
3167 657 3375 711 eorum,
3395 655 3449 700 et

1910 727 2221 783 introducat
2243 744 2336 783 eos
2353 728 2420 781 ad
2447 743 2552 792 me,
2577 737 2628 783 et
2658 728 2888 782 abducat
2920 743 3014 784 eos
3040 744 3070 784 a
3098 745 3184 783 me
3210 748 3223 783 :
3254 732 3449 800 quibus

1910 816 2091 882 dictis,
2142 831 2334 872 manus
2378 819 2428 871 ei
2467 832 2595 872 suas
2631 817 2873 886 imponit,
2923 825 2976 872 ct
3009 818 3100 873 dat
3131 819 3179 874 ei
3227 821 3449 888 gloriam

1909 920 2084 971 suam,
2118 915 2176 960 ut
2202 907 2421 961 audiant
2443 921 2562 960 eum
2593 905 2690 960 filii
2721 905 2954 961 israelis.
2986 907 3158 963 Etiam
3195 911 3242 964 ei
3275 911 3452 979 porri-

1908 994 1987 1065 git
2014 995 2067 1048 in
2092 1011 2309 1050 manum
2341 996 2596 1049 annulum
2635 1009 2856 1050 aureum
2880 1035 2895 1060 ,
2937 996 3077 1050 sicut
3106 1006 3160 1051 et
3192 997 3450 1054 Dominus

1910 1084 1976 1137 ad
2007 1083 2206 1139 Mosem
2228 1082 2362 1137 dixit
2387 1102 2401 1138 :
2433 1082 2498 1136 Et
2517 1084 2758 1152 impones
2779 1081 3062 1138 Rationale
3091 1099 3254 1152 super
3278 1088 3448 1141 Aaro-

1909 1170 1997 1224 nis
2033 1179 2246 1239 pectus,
2275 1179 2330 1225 et
2361 1170 2622 1224 annulum
2660 1170 2827 1226 facies
2861 1185 3110 1235 aureum,
3142 1179 3195 1226 et
3234 1187 3447 1228 accom-

1909 1261 2158 1316 modabis
2197 1275 2317 1315 eum
2345 1261 2512 1316 labris
2543 1261 2714 1330 ipsius
2745 1257 3063 1327 Rationalis,
3102 1271 3159 1315 ut
3198 1279 3291 1332 per
3324 1279 3444 1318 eum

1909 1348 2127 1402 nomina
2158 1348 2387 1402 ﬁliorum
2419 1347 2633 1403 lsraelis
2663 1349 3061 1404 describantur.
3115 1349 3180 1403 Et
3223 1353 3444 1419 quinam

1909 1439 1955 1492 is
1981 1436 2105 1492 est?
2136 1436 2497 1492 Patriarcbale
2522 1438 2881 1502 bulloterium,
2916 1453 3012 1506 pro
3046 1454 3192 1493 more
3221 1456 3449 1508 suspen-

1909 1541 2026 1580 sum
2061 1527 2126 1579 ad
2153 1525 2462 1579 chartularii
2496 1535 2700 1594 pectus,
2728 1528 3126 1594 receptaculum
3149 1530 3311 1583 studii
3350 1530 3448 1584 do-

1908 1615 2201 1668 ctrinarum
2225 1615 2401 1668 omnis
2428 1617 2660 1682 generis,
2692 1615 2890 1684 (dignis
2915 1616 3080 1680 enim,
3109 1617 3248 1683 quod
3270 1617 3444 1685 aiunt,

1907 1704 2246 1757 concedenda
2280 1712 2406 1758 sunt
2419 1703 2748 1772 dignitates),
2764 1719 2871 1772 quo
2896 1701 3251 1760 internecivos
3274 1709 3448 1763 munit

1901 1805 2023 1845 cum
2049 1791 2225 1861 sigillo
2250 1799 2303 1846 et
2325 1792 2515 1860 gratia,
2551 1803 2859 1860 peccatores
2878 1795 3144 1847 convertit
3175 1811 3296 1849 cum
3320 1797 3443 1851 stilo

1902 1887 1955 1932 et
1990 1885 2292 1931 atramento
2321 1917 2336 1941 ,
2368 1884 2618 1946 gravatos
2652 1875 3025 1932 afﬂictionibus
3053 1877 3289 1932 defendit
3320 1894 3440 1932 cum

1901 1963 2094 2017 baculo
2120 1971 2172 2018 et
2203 1964 2402 2024 ﬁstula,
2443 1962 2632 2032 dignos
2669 1962 2900 2030 denique
2926 1964 3145 2031 spiritus
3166 1964 3322 2017 donis
3354 1979 3443 2019 sa-

1901 2050 2265 2104 cerdotalibus
2305 2049 2509 2103 aiﬂcit:
2544 2049 2669 2103 dum
2730 2064 2825 2104 eos
2868 2050 2959 2119 qui
3021 2059 3171 2105 extra
3217 2054 3439 2120 gradum

1900 2139 2175 2193 constituti
2205 2146 2349 2205 sunt,
2387 2138 2616 2193 clericos
2645 2137 2772 2192 facit
2804 2156 2820 2200 ;
2852 2138 3018 2208 gradu
3061 2140 3433 2208 comprmhen-

1901 2241 2012 2292 sos,
2069 2227 2293 2296 perficit.
2358 2226 2469 2281 Hoc
2522 2228 2900 2294 patriarchalia
2943 2227 3215 2288 ,describit
3255 2237 3308 2283 et
3349 2229 3441 2284 dat

1903 2317 2242 2384 staurnpegia
2273 2330 2368 2384 per
2397 2315 2707 2370 universum
2738 2331 2904 2385 prope
2932 2323 3194 2370 terrarum
3229 2317 3434 2379 orbem.

1899 2420 1962 2462 ac
1998 2407 2286 2462 multarum
2325 2407 2537 2461 urbium
2574 2407 2938 2461 ecclesiastica
2976 2407 3150 2476 capita
3187 2407 3440 2463 transfert

1900 2496 1964 2550 ad
2019 2497 2175 2566 primi
2229 2496 2418 2564 capitis
2471 2496 2693 2563 regiam.
2749 2494 2850 2549 Dat
2902 2496 3058 2550 etiam
3111 2498 3439 2553 chartulario

1897 2585 2200 2655 patriarcha
2251 2585 2426 2639 claves
2474 2583 2620 2654 regni
2671 2584 2950 2645 caelorum,
2994 2585 3150 2637 sicuti
3201 2599 3326 2638 caro
3362 2586 3438 2638 illi

1897 2673 2073 2737 Petro,
2124 2674 2404 2742 eidemque
2445 2671 2712 2741 discipulo
2762 2673 2897 2725 datae
2941 2680 3068 2724 sunt
3111 2686 3142 2724 a
3191 2670 3436 2730 Domino.

1897 2762 2106 2832 Quippe
2143 2763 2284 2817 sicut
2312 2763 2567 2816 Dominus
2603 2760 2668 2814 ad
2696 2761 2861 2823 hunc,
2893 2760 2964 2814 ita
3004 2775 3229 2830 magnus
3253 2763 3438 2831 ponti-

1895 2850 1982 2906 fex
2013 2852 2078 2905 ad
2117 2851 2267 2904 illum
2305 2868 2319 2904 :
2354 2844 2623 2917 Quidquid
2657 2849 2902 2913 solveris,
2947 2849 3139 2918 inquit,
3183 2851 3236 2904 in
3271 2859 3434 2917 terra,

1895 2941 2124 2996 solutum
2152 2941 2254 2993 erit
2272 2939 2324 2993 in
2345 2939 2600 2994 cmliszet
2628 2938 2888 3007 quidquid
2917 2939 3164 3008 ligaveris
3186 2941 3238 2993 in
3267 2949 3431 3006 terra,

1895 3027 2118 3095 ligatum
2158 3029 2320 3080 etiam
2359 3027 2412 3079 in
2444 3027 2596 3080 cmlis
2631 3026 2754 3080 erit.
2792 3025 2856 3079 Et
2892 3026 3036 3094 quod
3074 3026 3321 3096 inprimis
3353 3036 3434 3084 est

1895 3129 2112 3180 novum,
2139 3130 2242 3168 non
2273 3115 2446 3167 solum
2475 3114 2563 3168 hic
2581 3121 2740 3168 tanta:
2774 3115 3051 3182 potestatis
3081 3108 3276 3184 largam
3301 3129 3435 3169 con-

1895 3215 2110 3258 secutus
2141 3213 2222 3258 est
2252 3205 2475 3274 gratiam
2513 3225 2524 3259 :
2563 3218 2744 3257 verum
2779 3205 2938 3256 etiam
2974 3203 3060 3267 iis,
3092 3204 3181 3270 qui
3209 3207 3432 3272 gratiam

1895 3293 2032 3344 banc
2063 3293 2128 3344 ab
2154 3293 2270 3360 ipso
2300 3292 2588 3359 accipiunt.
2626 3289 2776 3344 Facit
2805 3291 2942 3344 enim
2969 3299 3285 3358 potestatem
3321 3305 3434 3342 mo-

1893 3382 2082 3435 nachis
2107 3383 2448 3435 sacerdotum
2480 3396 2677 3435 munus
2708 3379 3148 3448 suscipientibus,
3185 3379 3432 3433 audiendi

1893 3469 2129 3522 rationes
2161 3469 2463 3533 hominum,
2499 3477 2550 3522 et
2579 3475 2914 3536 peccatorum
2963 3467 3317 3536 chirographa
3347 3466 3432 3519 di-

1893 3555 2213 3622 scerpendi:
2262 3556 2402 3622 quod
2439 3555 2641 3622 alioqui
2684 3554 2815 3609 solis
2857 3555 3121 3622 episcopis
3152 3569 3181 3606 a
3230 3553 3432 3622 Spiritu

1892 3649 2081 3695 sancto
2130 3656 2449 3697 concessum
2499 3649 2601 3694 est.
2653 3641 2807 3706 Quod
2856 3642 2900 3695 si
2966 3641 3149 3694 videas
3186 3640 3335 3693 illum
3377 3643 3432 3694 in

1891 3731 2096 3801 synodo
2137 3732 2268 3787 citra
2314 3731 2709 3786 meditationem
2723 3747 2783 3785 ea
2812 3731 3192 3798 proferentem,
3215 3747 3333 3800 quae
3353 3734 3432 3787 vel

1891 3820 2024 3886 ipse,
2074 3821 2120 3874 si
2170 3820 2452 3873 dicendum
2511 3820 2560 3873 ei
2619 3819 2775 3883 foret,
2837 3820 2891 3873 in
2945 3821 3177 3874 medium
3223 3823 3434 3876 aiferret

1892 3907 2064 3961 Moses
2097 3925 2110 3960 :
2160 3907 2448 3975 itidemque
2477 3908 2633 3960 silani
2665 3909 2718 3959 in
2749 3921 2953 3959 morem
2985 3922 3048 3960 ea
3077 3909 3432 3976 pronuntian-

1891 3999 2016 4051 tem,
2046 4006 2164 4058 quae
2209 3993 2400 4059 capitis
2436 3992 2538 4059 ipsi
2581 4002 2760 4045 vertex
2800 3993 2970 4046 instar
3003 3996 3162 4046 nubis
3195 4005 3248 4048 et
3281 4010 3431 4064 aqua:

1889 4079 2192 4147 suppeditat
2225 4097 2238 4131 :
2272 4079 2539 4132 Aaroncm
2573 4079 2755 4133 videre
2783 4095 2890 4133 non
2922 4081 3272 4144 desiderabis,
3299 4083 3432 4136 scri-

1888 4181 2099 4236 ptarum
2136 4171 2397 4225 divinitus
2429 4172 2734 4224 tabularum
2771 4172 2926 4224 verba
2958 4173 3266 4226 recitantem
3292 4190 3308 4232 ;
3339 4188 3434 4228 ne-

1889 4272 1992 4326 que
2017 4257 2343 4320 Baruchum,
2386 4259 2570 4313 dextre
2607 4259 2970 4327 captivitatem
2999 4259 3194 4314 Judaeae
3224 4261 3431 4316 descri-

1895 4346 2105 4399 bentem
2138 4363 2151 4397 :
2196 4348 2289 4399 sed
2313 4355 2600 4401 contentus
2626 4347 2693 4400 iis
2733 4347 2863 4412 eris,
2910 4363 3027 4417 qua:
3067 4351 3431 4404 chartularius

1891 4442 2030 4502 aget,
2059 4449 2283 4503 quaeque
2318 4434 2786 4490 Deuteronomium
2820 4438 3123 4504 perficiunt.
3167 4439 3258 4491 Est
3295 4454 3431 4506 pra:-

1888 4526 2033 4574 terea
2061 4520 2202 4588 quod
2233 4521 2466 4588 mireris,
2491 4536 2609 4575 cum
2645 4523 2783 4574 sacri
2821 4537 3053 4575 canones
3089 4526 3431 4591 permiserint

1891 4608 2102 4662 urbium
2139 4608 2397 4662 duntaxat
2427 4609 2772 4678 pontificibus
2799 4614 3175 4665 auctoritatem
3202 4613 3426 4665 docendi

1888 4698 2190 4765 populum;
2226 4699 2575 4753 nihilominus
2623 4699 3008 4752 chartularium
3053 4703 3226 4754 solum
3281 4716 3430 4754 more

1891 4786 2218 4840 catechetico
2244 4787 2494 4855 populum
2524 4787 2578 4840 in
2601 4787 2827 4842 ecclesia
2853 4788 3076 4842 docendi
3105 4800 3420 4858 potestatem

1890 4877 2140 4930 sortitum
2184 4891 2348 4930 esse:
2393 4877 2777 4944 patriarchales
2814 4879 3059 4932 eumdem
3097 4881 3428 4947 cognitiones

1889 4961 1944 5013 in
1989 4962 2192 5014 litteras
2226 4961 2445 5024 referre,
2503 4963 2724 5031 suisque
2755 4965 3245 5032 subscriptionibus
3272 4977 3324 5019 et
3356 4968 3429 5020 si-

1890 5050 2029 5118 gillis
2079 5050 2289 5103 munire
2327 5069 2339 5102 :
2379 5065 2574 5119 magno
2616 5053 2906 5120 prazsidere
2953 5055 3226 5118 tribunali,
3256 5066 3305 5110 ct
3338 5055 3426 5122 jus

1889 5154 2009 5191 cum
2060 5139 2263 5191 homini
2309 5139 2481 5192 cuivis
2531 5141 2727 5204 dicere,
2787 5142 3159 5211 cujuscunque
3213 5148 3424 5200 tandem

1889 5227 2117 5280 fortuna:
2145 5228 2211 5280 sit
2235 5241 2296 5279 ac
2318 5241 2499 5288 sexus,
2531 5228 2583 5280 in
2617 5228 3000 5295 quaestionibus
3026 5231 3422 5295 ecclesiasticis.

1887 5325 1939 5368 et
1968 5315 2130 5366 animi
2159 5315 2474 5367 delictorum
2507 5316 2878 5368 emendatione
2913 5325 3061 5368 :tum
3099 5333 3224 5371 vero
3248 5336 3426 5373 sacer-

1887 5404 2103 5456 dotibus
2145 5412 2199 5455 et
2232 5403 2530 5456 monachis.
2576 5405 2627 5456 in
2664 5404 2853 5472 quavis
2898 5407 3162 5458 criminali
3202 5417 3254 5460 et
3280 5411 3422 5463 civili

1887 5507 2071 5546 causa.
2109 5491 2313 5561 Quippe
2340 5493 2420 5546 vel
2459 5493 2526 5546 ad
2559 5493 2702 5561 ipsas
2731 5507 2900 5562 usque
2921 5494 3094 5549 Gades
3123 5496 3422 5562 jurisdictiu

1888 5583 2203 5637 chartulnrii
2236 5583 2487 5647 pertinet,
2526 5581 2568 5635 si
2599 5584 2718 5651 quis
2756 5586 3101 5648 concesserit,
3131 5598 3285 5639 etiam
3315 5587 3414 5645 iilit
