4004 6454
567 320 701 384 1043
1785 317 2056 376 THEOD.
2103 319 2114 375 l

2213 313 2565 376 LSAMONIS
3613 294 3751 360 10H

557 448 767 516 aliquos
815 442 1078 505 habitare,
1139 440 1277 494 solio
1323 436 1923 505 ϐοιιειαιιιὶιιονοιίιιιιιυ
1967 437 2096 488 sub-

2213 433 2523 502 ςφαλμάτων
2554 427 2794 496 ψυχικῶν
2828 422 3178 493 διορθώσεως.
3225 421 3384 474 Κατᾶ
3414 422 3472 473 δὲ
3514 420 3753 489 ιερωμι-

557 509 753 606 jectos.
2201 538 2305 572 νων
2356 521 2449 570 καὶ
2477 516 2740 584 μοναχῶν.
2781 516 2918 580 ,περὶ
2969 512 3144 578 πάσης
3199 509 3615 578 ἐγκληματικῆς
3661 512 3759 562 καὶ

556 595 896 693 χρηματικῆς
925 619 1226 676 αἱτιάσεως.
1264 614 1409 682 Περᾷ
1454 613 1558 682 γὰρ
1587 612 1678 664 καὶ
1711 613 1870 680 μέχρι
1908 611 2170 677 Γαδείρων
2205 606 2386 658 αὐτῶν
2413 607 2447 672 ή
2471 601 2794 654 δικαιοδοσία
2862 598 2953 651 τοῦ
3025 596 3450 665 χαρτοφύλακος,
3527 598 3575 648 εί
3639 595 3760 664 δοίη

555 730 635 774 τις
665 707 880 762 κάκείσέ
919 719 1065 763 τινας
1090 703 1352 754 κατοικεῖν
1381 699 1774 766 ὑποκειμένους
1802 698 1877 766 τῷ
1921 697 2090 766 θρόνῳ
2126 696 2223 763 τῆς
2249 691 2880 752 Κωνσταντινουπόλεως.

625 797 741 852 lam
799 809 945 857 vero,
1008 792 1147 858 quod
1206 789 1455 858 pra-Sidet
1513 789 1623 856 ipse
1681 789 1963 841 duodecim
2004 801 2095 854 pa-

2265 787 2338 837 Τὸ
2364 786 2417 837 δὲ
2449 782 2824 851 προκαθῆσθαι
2871 779 3057 831 τοῦτον
3086 776 3385 838 δωδεκάδος
3421 792 3762 844 πατριαρχι-

558 885 937 942 triarehalibus
1009 880 1256 941 notariis,
1334 893 1448 930 eam
1491 893 1553 930 ex
1603 881 1727 931 sede
1777 877 1933 928 (iJem
1982 877 2085 928 ha-

2213 878 2304 930 ιῶν
2337 876 2597 944 νοταρίων
2627 872 2972 924 αὑτοπιστίαν
3002 871 3252 938 ἐχόντων,
3292 869 3410 918 οἵαν
3443 868 3560 935 ἔχει
3595 867 3695 916 καὶ
3723 868 3755 933 ή

561 975 829 1032 bentibus,
902 984 1063 1034 quam
1123 967 1324 1020 habent
1383 965 1662 1019 duodecim
1723 965 1917 1018 notarii
1988 973 2095 1016 tam

2213 967 2428 1028 ίωδεκὰς
2455 966 2558 1018 τῶν
2585 963 2675 1015 τοῦ
2701 963 2870 1029 Βήλου
2899 961 2991 1013 καὶ
3011 960 3103 1012 τοῦ
3137 959 3496 1024 Ἰπποδρόμου
3550 956 3761 1024 κριτῶν

565 1064 700 1122 Veli,
747 1076 906 1128 quam
938 1057 1286 1125 Hippodromi
1339 1054 1582 1122 iudicum
1647 1055 1824 1122 (mitto
1868 1068 2098 1122 namque

2213 1057 2293 1125 ξὲῶ
2322 1058 2428 1124 γάρ
2459 1057 2628 1107 εἰπεῖν
2652 1051 2944 1112 δωδεκάδος
2970 1051 3180 1116 διπλῆς.
3206 1049 3287 1100 ὅτι
3322 1047 3434 1098 τῶν
3475 1063 3754 1115 πατριαρ-

565 1153 766 1210 dicere,
841 1149 921 1199 bis
972 1146 1295 1197 duodecim:
1353 1157 1472 1195 cum
1524 1141 1949 1208 patriarcharum
1997 1141 2096 1192 hu-

2213 1147 2304 1214 (ὦν
2349 1149 2380 1215 ή
2413 1143 2789 1213 φιλανθρωπία
2813 1143 2904 1193 καὶ
2949 1138 3354 1204 συγκατάΰασις
3385 1139 3485 1204 οὐχ
3532 1137 3761 1187 ἕλκεται

570 1243 799 1294 munitas
831 1249 880 1290 et
943 1234 1231 1287 ευὶηιιὶεεὶο
1286 1231 1521 1298 pertrahi
1580 1248 1636 1284 se
1691 1245 1796 1282 non
1867 1231 2098 1298 patiatur

2213 1237 2330 1304 πρὸς
2362 1236 2637 1301 ἀναίρεσιν
2665 1233 2772 1284 τῶν
2802 1229 3202 1296 νενομισμένων
3241 1224 3556 1292 ἀνέκαθεν),
3580 1224 3762 1278 ὡσαύ-

565 1335 627 1384 ad
678 1326 1022 1381 evertendutn
1074 1339 1155 1385 ea,
1203 1338 1318 1390 qua:
1363 1320 1658 1387 antiquitus
1706 1321 1758 1372 in
1793 1336 1890 1373 usu
1922 1321 2098 1387 sunt),

2213 1343 2303 1386 τως
2332 1325 2427 1376 καὶ
2457 1323 2514 1374 τὸ
2544 1319 2920 1392 προκαθῆσθαι
2951 1317 3059 1370 τῶν
3091 1314 3505 1384 μητροπολιτῶν
3550 1315 3610 1362 ἑν
3639 1316 3762 1373 ταῖς

566 1432 628 1470 ac
660 1416 863 1467 ratione
905 1409 1194 1470 consimili,
1246 1407 1384 1472 quod
1419 1407 1666 1472 praesidet
1729 1415 1855 1458 ante
1903 1414 2097 1459 metro-

2213 1411 2397 1478 ψήφοις
2447 1407 2554 1459 τῶν
2608 1404 2952 1474 χηρευουσῶν
3024 1402 3340 1467 ἁγιωτάτων
3423 1400 3758 1464 ἐκκλησιῶν,

570 1506 834 1572 politanos
869 1502 918 1552 in
954 1496 1302 1551 electionibus
1333 1497 1701 1562 episcoporum
1735 1495 1800 1546 ad
1849 1506 2100 1548 vacantes

2213 1503 2295 1554 καὶ
2323 1504 2378 1552 έν
2431 1502 2548 1560 ταῖς
2599 1495 2795 1561 ἔξωθεν
2873 1494 2966 1546 τοῦ
3028 1492 3428 1561 πατριαρχικοῦ
3504 1489 3758 1558 βήματος
3817 1529 3822 1534 .

578 1591 856 1649 ecclesias,
904 1597 948 1638 et
985 1587 1036 1637 in
1065 1585 1127 1636 iis
1154 1583 1380 1651 publicis
1410 1581 1811 1648 congressibus,
1841 1582 1930 1648 qui
1953 1591 2102 1635 extra

2213 1589 2509 1656 γινομέναις
2538 1587 2738 1646 κοιναῖς
2767 1582 3155 1646 συνελεύσεσιν,
3193 1580 3328 1632 ἀλλὰ
3363 1579 3472 1647 μήν
3501 1581 3596 1629 καὶ
3628 1581 3758 1643 ἐορ-

573 1678 927 1751 patriarchale
958 1674 1191 1727 tribunal
1229 1673 1382 1734 ﬁunt,
1412 1673 1518 1724 imo
1561 1672 1722 1724 etiam
1768 1673 1819 1723 in
1840 1671 2096 1724 festorum

2213 1678 2441 1746 τασίμοις
2469 1675 2762 1743 πανδήμοις
2817 1670 3056 1733 τελεταῖς
3097 1687 3156 1722 τε
3187 1671 3282 1722 καὶ
3336 1669 3753 1737 πανηγύρεσιν,

572 1769 797 1838 publicis
840 1764 1157 1818 cmrinioniis
1203 1771 1361 1828 atque
1390 1761 1761 1822 conventibus,
1792 1774 1895 1811 non
1927 1760 2098 1812 solum

2213 1771 2262 1822 οὐ
2297 1770 2451 1838 μόνον
2482 1767 2628 1827 ἐντὸς
2673 1764 2780 1817 τῶν
2822 1764 2917 1831 τῆς
2970 1762 3257 1828 ἐκκλησίας
3295 1760 3498 1828 μερῶν,
3531 1759 3648 1810 ἀλλ’
3700 1759 3761 1808 ὲν

572 1861 718 1926 ipsas
756 1857 892 1909 intra
925 1865 1105 1922 partes
1167 1851 1427 1911 ecclesiae,
1481 1865 1664 1900 verum
1717 1849 1878 1901 etiant
1911 1848 2100 1915 quovis

2213 1860 2350 1926 τόπῳ
2386 1859 2566 1919 παντὶ,
2623 1857 2757 1924 ὅπερ
2802 1854 2975 1905 οὐδενὶ
3024 1852 3252 1920 διακόνῳ
3298 1851 3759 1917 πεφιλοτίμηται,

573 1950 626 2001 in
686 1950 823 2008 loco,
868 1946 1007 2012 quod
1051 1944 1178 1996 nulli
1233 1955 1553 1995 concessum
1600 1948 1680 1991 est
1710 1939 1952 2002 diacono,
1976 1954 2101 2006 pro-

2213 1949 2289 1999 διὰ
2322 1947 2379 1997 τὸ
2405 1944 2584 2014 ῥητῶς
2632 1942 2734 1994 ὑπὸ
2777 1941 2871 1992 τοῦ
2905 1938 2971 2006 ιη’
3010 1940 3225 2000 κανόνος
3286 1937 3387 2006 τῆς
3441 1937 3604 2002 ἁγίας
3661 1938 3762 1988 καὶ

574 2051 753 2108 pterea
794 2039 929 2104 quod
971 2035 1185 2088 disertis
1222 2032 1398 2085 verbis
1434 2046 1461 2082 a
1513 2045 1641 2082 xvnt
1672 2043 1874 2082 canone
1903 2038 2101 2080 sancta:

2213 2032 2580 2101 οἱκευμενικῆς
2602 2032 2819 2101 πρώτης
2841 2028 3031 2082 σποδοῦ
3053 2027 3377 2090 κωλύεσθαι,
3410 2027 3512 2078 ποῦ
3536 2026 3761 2094 θήσεις,

575 2137 635 2175 ac
662 2121 974 2175 universalis
1010 2119 1190 2186 primae
1225 2116 1412 2185 synodi
1458 2114 1834 2181 prohibeatur;
1869 2128 2098 2181 quonam

2213 2127 2446 2196 ἀκροατὰ
2516 2123 2880 2185 συνετώτατε;
2937 2119 3158 2178 Πάντως
3211 2118 3276 2168 ἂν
3322 2119 3498 2178 είποις
3547 2115 3761 2166 τούτων

574 2226 754 2279 quaso
782 2213 1008 2272 referes,
1045 2209 1251 2261 auditor
1275 2204 1722 2274 prudentissime?
1749 2203 1976 2257 Omnino
2025 2203 2103 2254 fa-

2213 2218 2420 2268 πάντων
2449 2214 2662 2280 δοθῆναι
2690 2212 2784 2278 τὴν
2834 2209 3076 2272 ἐξουσίαν
3125 2206 3296 2274 αὐτῷ,
3331 2205 3418 2256 διὰ
3445 2205 3506 2255 τὸ
3537 2203 3761 2269 λογίζε-

578 2301 774 2354 teberis
811 2300 997 2352 horum
1052 2301 1289 2349 omnium
1359 2303 1676 2363 potestatem
1739 2295 1785 2346 ci
1852 2294 2100 2346 tributam

2213 2305 2328 2358 σθαι
2358 2304 2547 2370 στόμα,
2578 2303 2667 2353 καὶ
2701 2301 2874 2369 χείλη,
2897 2299 2988 2348 καὶ
3032 2299 3214 2365 χεῖρας
3248 2296 3448 2348 ὡσανεὶ
3486 2309 3765 2360 πατριάρ-

576 2401 872 2459 propterea,
899 2390 1036 2455 quod
1068 2387 1400 2438 existimetur
1449 2400 1567 2436 esse
1617 2399 1695 2442 os.
1730 2392 1779 2434 et
1831 2384 2002 2445 labra,
2053 2392 2102 2436 et

2213 2395 2382 2464 χικάς.
2416 2393 2600 2444 ’Ἐλκει
2633 2408 2699 2460 με
2743 2390 2802 2440 τὸ
2830 2387 3103 2456 πρόθυμον
3127 2387 3296 2436 εἰπεῖν
3321 2385 3416 2435 καὶ
3443 2383 3756 2449 ἐπεξεργά-

579 2491 768 2528 manus
822 2474 1051 2542 quodam
1127 2473 1283 2524 modo
1356 2473 1693 2538 patriarchae.
1756 2471 1960 2537 Abripit
2021 2484 2103 2523 mc

2213 2482 2424 2544 σασθαι,
2476 2482 2615 2540 τίνος
2647 2479 2800 2547 χάριν
2837 2476 2983 2543 παρὰ
3021 2476 3144 2534 τοὺς
3178 2474 3370 2533 ἄλλους
3407 2470 3762 2536 προκαθημέ-

581 2564 830 2633 proclivis
873 2564 1099 2628 impetus
1146 2559 1331 2622 animi,
1392 2567 1447 2611 ut
1505 2561 1701 2620 dicam,
1752 2568 1801 2609 et
1858 2567 2101 2610 accurate

2213 2589 2325 2632 νους
2359 2574 2386 2623 ό
2436 2567 2774 2639 χαρτοφύλαξ
2817 2567 2908 2618 καὶ
2945 2565 3101 2631 μόνος
3129 2563 3321 2622 διττοϊς
3367 2562 3764 2626 ἐκκλησιαστι-

580 2656 859 2716 declarem,
903 2666 1059 2718 quam
1091 2651 1157 2701 ob
1205 2663 1419 2701 causam
1473 2663 1628 2715 supra
1671 2659 1890 2700 caeteros
1916 2649 2100 2715 prasi-

2213 2663 2320 2721 κοίς
2362 2657 2714 2727 μεγαλύνεται
2747 2655 3035 2720 τάγμασιν,
3075 2652 3514 2709 ὲπισκοπειανοῖς
3551 2647 3761 2715 δηλαδὴ

578 2738 672 2792 des
698 2741 842 2792 solus
893 2736 1248 2789 cbartularius
1291 2736 1504 2788 ordines
1547 2735 1937 2787 ecclesiasticos
1994 2749 2103 2786 ma-

2213 2754 2302 2804 xa‘.
2333 2752 2684 2818 σεκρετικοίς.
2719 2745 2839 2795 Ὀτι
2864 2743 2917 2793 δὲ
2947 2742 3044 2807 τῆς
3077 2739 3274 2790 τούτων
3305 2738 3574 2803 εὑρέσεως
3607 2737 3754 2787 ὐπο-

577 2828 710 2897 joris
772 2826 1110 2880 auctoritatis
1157 2840 1318 2878 causa
1363 2827 1600 2891 geminos
1650 2825 1862 2888 habeat,
1898 2824 2102 2892 episco-

2213 2842 2381 2907 ϐάθρα
2437 2855 2522 2897 τις
2579 2835 2842 2902 τιμήεσσα
2891 2829 3190 2897 πρόκειται,
3247 2826 3339 2876 καὶ
3389 2826 3450 2876 τὸ
3493 2827 3760 2898 ,πρᾶγμα

581 2919 857 2984 planorum
898 2917 1162 2978 videlicet,
1186 2930 1244 2966 ac
1276 2915 1598 2967 secreticoru
1619 2930 1685 2965 In.
1725 2914 1824 2965 Sed
1852 2915 2100 2980 quoniam

2213 2929 2508 2997 παρακαλεί
2560 2926 2650 2975 καὶ
2695 2923 2892 2988 ταύτην
2936 2915 3494 2986 ἀργυρογνωμονῆσαι
3531 2915 3616 2966 διὰ
3651 2915 3760 2981 τὴν

580 3007 940 3059 institutionis
991 3007 1179 3055 horum
1220 3005 1436 3070 insigne
1473 3003 1735 3068 quoddam
1791 3003 2102 3053 fundamen—

2213 3024 2302 3091 τῆς
2329 3019 2574 3086 ἀληθείας
2603 3016 2960 3082 παράστασιν,
3007 3008 3350 3075 ἁναμεινάτω
3383 3005 3518 3072 πρὸς
3554 3004 3761 3071 μικρὸν

584 3105 697 3146 tum
731 3104 830 3156 est,
880 3110 940 3146 ac
981 3110 1065 3146 res
1130 3095 1238 3159 ipsa
1278 3094 1525 3158 postulat,
1557 3093 1652 3142 hoc
1689 3093 1857 3158 ipsum
1898 3109 2108 3159 quoque

589 3185 831 3237 veritatis
892 3181 1201 3235 exhibenda:
1241 3195 1401 3233 causa
1457 3181 1744 3232 CXdIllilltll‘i
1799 3181 2110 3248 :paulisper

589 3274 898 3326 diﬂeramus
942 3285 1057 3323 eam
1117 3271 1437 3328 orationem,
1504 3284 1606 3333 qua
1660 3269 1994 3334 supradictus
2056 3269 2108 3321 in

585 3360 800 3412 ordines
864 3358 1251 3423 disquiremus,
1298 3371 1358 3408 ac
1422 3356 1700 3419 dicamus;
1765 3357 2109 3422 quamobrem

589 3456 775 3516 praeter
807 3447 877 3507 id,
911 3446 1046 3512 quod
1073 3445 1239 3498 sacris
1255 3444 1550 3496 canonibus
1583 3445 1910 3507 continetur,
1956 3447 2110 3496 char-

586 3537 814 3588 tularius
861 3534 1208 3584 diueonorum
1266 3531 1317 3582 in
1357 3545 1576 3596 numero
1627 3532 1952 3594 consistens,
1989 3540 2110 3584 ante

589 3625 866 3691 pontiﬁces
892 3624 1089 3673 sedeat.
1142 3619 1261 3670 licec
1309 3619 1620 3686 pervulgata
1672 3621 1900 3685 qumstio
1946 3621 2109 3672 multa

589 3711 816 3763 diversis
862 3709 1197 3775 temporibus
1248 3709 1499 3758 excitavit
1553 3709 1832 3768 scandala,
1863 3711 2112 3773 varieque

586 3799 881 3864 disceptata
938 3798 1035 3847 fuit
1096 3797 1230 3846 inter
1279 3795 1655 3845 chartularium
1728 3801 1779 3846 ct
1839 3797 2111 3861 pontiﬁces

591 3887 709 3938 Solii
735 3882 1333 3948 Constantinopolitani.
1361 3882 1598 3947 Cumque
1627 3882 1860 3949 cognitio
1890 3884 2111 3948 patriar-

588 3976 775 4031 cliulis.
803 3974 1141 4040 pontiﬁcibus
1165 3971 1372 4031 favens,
1399 3971 1597 4024 eisdem
1628 3971 1804 4023 obiter
1828 3973 2109 4036 arriderct,

592 4065 658 4111 ob
687 4063 902 4113 iudicati
932 4062 1177 4127 superius
1207 4061 1428 4111 canonis
1459 4065 1777 4110 sententiam
1810 4080 1820 4110 ε
1849 4063 2108 4128 prolatum

589 4159 669 4202 cst
695 4150 924 4201 edictum
957 4149 1240 4199 clarissimi
1261 4149 1532 4214 principis,
1550 4150 1748 4200 domini
1767 4151 1935 4202 Alexii
1956 4151 2112 4208 Com-

590 4243 734 4297 neni,
759 4254 861 4304 quo
893 4239 1001 4288 haec
1027 4239 1089 4287 ad
1123 4239 1342 4288 verbum
1375 4238 1717 4288 continentur
1747 4256 1758 4288 :

667 4346 682 4369 ι
720 4327 1076 4379 Ecclesiastici
1109 4326 1214 4392 (6:2)
1254 4326 1429 4378 decori
1472 4340 1651 4377 curam
1683 4327 1932 4391 tuajestas
1991 4341 2107 4378 mea
2141 4333 2184 4386 υ

591 4430 804 4480 gerens,
848 4429 897 4468 et
959 4431 1078 4466 cum
1121 4417 1173 4466 in
1236 4415 1377 4466 otnni
1413 4415 1552 4466 civili
1614 4423 1754 4467 statu
1785 4414 1980 4466 b0num
2024 4430 2114 4466 or-

594 4502 770 4554 dinem
803 4505 1100 4568 requirens.
1132 4511 1242 4553 tum
1269 4503 1318 4552 in
1362 4504 1456 4554 hoc
1483 4502 1753 4554 studiosus
1781 4503 2114 4566 incumbens,

595 4602 651 4644 ut
699 4593 746 4644 is
802 4592 966 4658 magis
1015 4593 1172 4642 etiam
1227 4591 1391 4642 sacris
1447 4592 1495 4642 in
1562 4592 1720 4644 rebus
1762 4592 2114 4653 observetur;

596 4682 872 4748 privilegia
925 4687 1113 4747 cuique
1162 4682 1418 4748 graduum
1469 4683 1957 4735 ecclesiasticorum
2004 4682 2113 4748 jam

595 4771 719 4822 olim
753 4771 969 4830 tributa,
1003 4786 1228 4838 eumque
1280 4778 1497 4832 statum,
1539 4771 1629 4836 qui
1666 4772 1925 4822 hactenus
1959 4771 2011 4822 in
2035 4770 2112 4825 eis

597 4858 784 4924 viguit,
826 4860 984 4911 etiam
1039 4860 1694 4925 deincepsimmutabilem
1737 4861 2028 4912 subsistere
2055 4874 2114 4912 ac

596 4963 908 5016 permanere
939 4951 1108 5015 cupit,
1163 4957 1214 5000 et
1267 4963 1471 5016 aequum
1518 4957 1722 5012 censet,
1783 4950 2114 5002 sanctissime

594 5035 823 5094 domine,
894 5036 1035 5087 velut
1092 5050 1120 5086 a
1178 5044 1253 5088 tot
1310 5037 1462 5088 annis
1511 5047 1802 5102 acceptum.
1853 5048 1902 5088 et
1958 5037 2115 5101 longo

588 5121 696 5187 jam
729 5122 899 5188 spatio
929 5124 1178 5187 temporis
1235 5125 1594 5185 observatum,
1661 5133 1710 5175 ct
1756 5125 2020 5191 perpetuis
2050 5126 2113 5178 ab

596 5226 700 5264 uno
733 5221 969 5278 tempore
1002 5215 1052 5263 in
1113 5213 1254 5265 aliud
1317 5217 1779 5284 progressionibus
1841 5217 2116 5284 hucusque

590 5300 722 5354 citra
787 5302 1134 5354 mutationem
1184 5307 1434 5370 praeclare
1483 5308 1859 5358 continuatum
1913 5322 1973 5359 ac
2008 5319 2118 5358 sta-

2209 3111 2412 3174 όλόγος
2467 3109 2560 3175 τὴν
2600 3105 2703 3156 τῶν
2766 3101 3034 3169 ῥηθέντων
3088 3096 3377 3161 ταγμάτων
3430 3093 3756 3158 συζήτησιν,

2210 3201 2299 3250 καὶ
2327 3194 2532 3269 ῥητέον,
2566 3194 2703 3253 τίνος
2740 3192 2892 3258 χάριν
2927 3187 3072 3253 παρὰ
3104 3185 3201 3253 τῆν
3239 3184 3341 3234 τῶν
3387 3182 3546 3233 θείων
3586 3181 3759 3232 κανό-

2211 3308 2310 3342 νων
2349 3284 2655 3355 περίληψιν,
2707 3284 2761 3332 ὲν
2814 3279 3076 3336 διακόνοις
3107 3278 3134 3326 ὁ
3165 3272 3513 3342 χαρτοφύλαξ
3557 3271 3758 3321 ταττό-

2213 3373 2565 3446 μενος,·-τῶν
2618 3367 2911 3438 ἀρχιερέων
2979 3364 3340 3431 προκάθηται.
3401 3361 3472 3410 Τδ
3531 3358 3761 3426 ζήτημα

2207 3467 2359 3517 τοῦτο
2385 3465 2442 3514 τὸ
2462 3459 2887 3528 πολυθρύλλητον
2925 3454 3086 3506 πολλὰ
3121 3451 3261 3504 κατὰ
3307 3449 3597 3516 διαφόρους
3633 3464 3762 3498 και-

2213 3556 2334 3622 ροὺς
2361 3554 2611 3621 ἀνήγειρε
2651 3548 2934 3606 σκάνδαλα,
2970 3546 3060 3595 καὶ
3092 3541 3298 3610 μεγάλη
3332 3539 3524 3591 τούτου
3555 3537 3760 3600 κατεξ-

2211 3645 2386 3701 έτασις
2440 3641 2623 3707 γέγονε
2673 3638 2832 3704 μέσον
2894 3635 2984 3686 τοῦ
3054 3631 3464 3700 χαρτοςρύλακος
3507 3631 3602 3678 καὶ
3642 3626 3760 3677 τῶν

2210 3729 2505 3799 ἀρχιερέων
2550 3727 2642 3777 τοῦ
2703 3725 2887 3793 θρόνου
2947 3722 3043 3788 τῆς
3104 3715 3757 3774 Κωνσταντινουπόλεως.

2211 3821 2319 3872 Καὶ
2351 3820 2487 3884 τάχα
2526 3813 2810 3884 μειδιώσης
2833 3809 3139 3878 ἁκροθιγῶς
3162 3808 3258 3867 τῆς
3279 3805 3415 3871 ὑπὲρ
3443 3804 3553 3854 τῶν
3577 3804 3763 3870 ἀρχιε-

2213 3908 2347 3977 ρέων
2405 3904 2798 3972 πατριαρχικῆς
2831 3901 3168 3967 διαγνώσεως
3198 3897 3285 3948 διὰ
3315 3897 3405 3946 τὸν
3432 3896 3527 3946 τοῦ
3559 3893 3760 3961 ρηθέν-

2209 4013 2293 4055 10;
2324 3995 2570 4058 ἀνωτέρω
2598 3991 2815 4048 κανόνος
2843 3987 3148 4056 περίληψιν,
3179 3983 3551 4052 προεκομίσθη
3582 3983 3760 4049 πρόσ-

2208 4101 2391 4151 ταγμα
2431 4081 2521 4132 τοῦ
2573 4080 2811 4146 ἀοιδίμου
2853 4077 3129 4146 βασιλέως,
3181 4073 3344 4140 κυροῦ
3393 4073 3628 4136 ’Δλεξίου
3666 4074 3757 4122 τν⁹

2211 4171 2512 4241 Κομνηνοῦ,
2534 4171 2653 4221 τάδε
2683 4168 2818 4219 κατὰ
2864 4169 3007 4233 ῥῆμα
3035 4163 3397 4224 διαλαμϐάνον
3430 4177 3444 4189 ο

2290 4365 2305 4394 ι
2361 4343 2421 4393 'll
2447 4341 2686 4410 βασιλεία
2719 4357 2819 4407 μου
2851 4338 2945 4406 τῆς
2975 4333 3432 4404 ἐκκλησιαστικῆς
3461 4333 3766 4398 εὐκοσμίας

2214 4428 2586 4501 φροντίζουσα,
2651 4429 2744 4480 καὶ
2798 4429 2858 4479 τὸ
2903 4427 3165 4478 εῧτακτον
3204 4426 3295 4475 καὶ
3355 4424 3409 4472 ὲν
3443 4423 3604 4472 παντὶ
3663 4421 3768 4483 μὲν

2214 4521 2444 4584 ζητοῦσα
2495 4521 2569 4586 τῷ
2628 4517 2998 4583 πολιτεύματι,
3053 4515 3306 4566 ἐπιπλέον
3340 4512 3392 4562 δὲ
3436 4515 3548 4570 τοῖς
3592 4511 3767 4570 θείοις

2211 4608 2364 4658 τοῦτο
2415 4603 2859 4671 ἐμπολιτεύεσθαι
2908 4600 2996 4651 διὰ
3063 4599 3296 4664 σπουδῆς
3357 4597 3634 4661 τιθεμένη.
3698 4595 3769 4644 τά

2216 4693 2450 4763 ἀρχῆθεν
2504 4689 2948 4756 άπονενεμημένα
3027 4687 3296 4754 προνόμια
3353 4687 3567 4750 ἑκάστῳ
3647 4683 3765 4733 τῶν

2217 4781 2675 4847 ὲκκλησιαστικὼν
2731 4778 2971 4844 βαθμῶν,
3035 4778 3128 4827 καὶ
3167 4775 3264 4842 τὴν
3301 4776 3428 4842 ἄχρι
3477 4776 3567 4825 καὶ
3600 4775 3767 4840 δεῦρο

2217 4871 2652 4936 ἐπικρατήσασαν
2702 4868 2758 4916 ὲν
2808 4867 3012 4924 τούτοις
3077 4867 3431 4923 κατάστασιν,
3494 4866 3632 4914 κατὰ
3701 4866 3768 4914 τὸ

2216 4958 2563 5009 ἀναλλοίωτον
2604 4959 2695 5006 καὶ
2747 4959 2824 5016 είς
2868 4955 2927 5005 τὸ
2985 4955 3109 5020 ἑξῆς
3158 4953 3298 5004 εἶναι
3358 4954 3453 5003 καὶ
3483 4953 3768 5018 διαμένειν

2220 5047 2460 5114 βούλεταί
2484 5062 2540 5095 τε
2573 5045 2666 5096 καὶ
2691 5045 2915 5104 εὐδοκεῖ,
2953 5043 3218 5108 ἀγιώτατε
3263 5042 3517 5099 δέσποτα,
3551 5043 3623 5098 ὡς
3666 5043 3768 5092 καὶ

2220 5135 2638 5204 παραρεχθεῖσαν
2682 5133 2769 5183 διὰ
2812 5132 3074 5183 τοσούτων
3105 5129 3260 5191 ἑτῶν,
3300 5133 3392 5181 καὶ
3442 5132 3515 5197 τῷ
3564 5131 3766 5195 μακρῷ

2220 5227 2391 5292 χρόνῳ
2419 5223 2967 5290 ὲμπολιτευσαμένην,
3022 5222 3112 5270 καὶ
3175 5224 3292 5280 ταῖς
3333 5221 3425 5270 ἀπ’
3487 5219 3645 5270 ἄλλου
3681 5221 3767 5278 εἰς

2222 5307 2374 5358 ἄλλον
2403 5308 2539 5358 κατὰ
2569 5307 2627 5357 τὸ
2660 5305 3043 5369 ἁνεξάλλακτον
3074 5305 3175 5366 ἕως
3203 5305 3296 5354 τού
3334 5304 3428 5357 νῦν
3457 5305 3765 5371 μεταϐήσε-

2053 5477 2278 5538 ΝΟΤίίΞ.

664 5569 771 5626 (δέ)
803 5567 926 5620 Vide
961 5570 1219 5621 novellam
1253 5585 1279 5620 Χ
1307 5571 1475 5624 Alexii
1502 5574 1778 5628 Conment-
