4004 6456
232 261 370 327 1085

1655 272 2056 334 MEDITATA.

3248 271 3382 335 ιθιθ

227 405 314 444 σιν
337 390 705 459 ὲπικριθεῖσαν
737 397 824 443 καὶ
873 384 1231 454 βεόαωθεῖσαν
1275 387 1470 450 καλῶς.
1515 385 1664 439 Ἐπεὶ
1695 383 1749 436 δὲ

1860 380 2083 435 bilitum.
2141 379 2273 444 Quia
2320 393 2444 438 vero
2490 396 2630 436 nunc
2677 383 2930 451 maiestas
2983 399 3097 438 mea
3167 385 3372 450 didicit,

229 482 322 535 νῦν
359 483 390 550 ἡ
421 481 657 550 βασιλεία
689 495 788 548 μου
821 479 1001 548 μάθοι,
1031 481 1107 542 ὥς
1140 494 1282 540 τινες
1314 478 1418 530 τῶν
1459 473 1752 544 ἀρχιερέων

228 569 781 638 ἀντιφιλοτιμούμενοι
807 569 1096 637 πειρῶνται
1125 568 1184 620 τὸ
1215 565 1305 619 τοῦ
1349 562 1749 634 χαρτοφύλακος

227 655 554 710 ὑποσιδάσαι
578 656 884 724 προνόμιον,
914 655 1005 707 καὶ
1037 657 1264 716 κανόνας
1293 655 1371 715 είς
1415 651 1574 720 μέσον
1617 667 1749 719 προ-

229 746 508 814 φέροντες,
555 745 638 797 διὰ
663 745 860 797 τούτων
895 743 1248 811 φιλονεικοῦσι
1282 741 1355 810 μὴ
1384 739 1751 809 προκαθῆσθαι

227 835 388 885 αὐτὸν
412 833 516 885 τῶν
549 833 862 902 ἀρχιερέων,
893 833 1126 902 ὁπηνίκα
1152 832 1258 884 δέοι
1299 830 1519 894 τούτους
1571 828 1756 896 συνέρ-

226 919 415 988 χεσθαι
441 923 578 973 κατά
593 937 712 974 τινα
726 920 930 990 χρείαν.
956 921 1047 973 καὶ
1075 918 1434 989 συνεδριάζειν
1461 917 1598 969 κατὰ
1628 933 1755 968 ταυ-

226 1012 338 1071 τὸν,
381 1010 482 1078 πρὸ
510 1011 604 1077 τῆς
660 1011 739 1070 είς
769 1010 868 1078 τὴν
921 1009 1223 1076 ἁγιωσύνην
1257 1024 1346 1061 σου
1388 1005 1754 1068 είσελεύσεως,

224 1098 324 1149 οὐκ
361 1100 652 1168 ἀνασχετὸν
698 1103 763 1169 τῇ
798 1099 1039 1169 βασιλείᾳ
1082 1117 1180 1167 μου
1214 1098 1380 1161 εδοξε,
1417 1099 1645 1166 πρᾶγμα
1672 1095 1757 1147 διὰ

225 1186 479 1238 τοσούτου
502 1187 692 1255 χρόνου
723 1188 1058 1256 βασανισθὲν,
1089 1188 1177 1241 καὶ
1203 1189 1310 1248 τοῖς
1342 1189 1469 1256 πρὶν
1493 1186 1754 1256 πατριάρ-

223 1290 347 1341 χαις
408 1275 502 1325 καὶ
555 1275 666 1337 τοῖς
721 1275 897 1337 ἄλλοις
954 1274 1318 1344 ἀρχιερεῦσιν,
1374 1274 1504 1326 ἀλλὰ
1549 1273 1613 1340 δὴ
1667 1273 1756 1324 καὶ

223 1365 406 1425 αὐτοῖς
441 1366 552 1426 τοῖς
582 1363 676 1416 νῦν
705 1365 804 1416 οὐκ
849 1365 932 1416 ἐπ’
964 1363 1166 1431 εὐλόγῳ
1203 1363 1437 1433 ἐρίζουσι
1475 1362 1756 1430 πράγματι

224 1450 312 1503 διὰ
360 1451 457 1519 τῆς
509 1453 844 1522 πολυημέρου
885 1452 1069 1521 δεχθὲν
1098 1452 1327 1515 σιωπῆς,
1361 1451 1496 1503 κατὰ
1522 1451 1583 1502 τὸ
1621 1466 1757 1518 παρ-

229 1540 383 1592 έλκον
405 1541 748 1609 άθετηθῆναι,
785 1542 876 1596 καὶ
905 1542 978 1605 ὥς
1001 1561 1052 1595 τι
1081 1543 1186 1596 τῶν
1212 1541 1564 1611 ἠμελημένων
1593 1557 1757 1609 παρα·

225 1627 476 1697 συρῆναι.
531 1630 721 1682 Τοίνυν
755 1636 847 1682 καὶ
888 1631 1178 1700 διορίζεται
1217 1632 1496 1699 πράγματι
1540 1629 1756 1694 εὔλογον

226 1717 318 1769 καὶ
353 1717 489 1770 πάνυ
519 1719 724 1772 δίκαιον
769 1718 942 1772 τοῦτο.
1005 1720 1066 1770 Εί
1107 1720 1203 1788 μὲν
1238 1719 1343 1788 γάρ
1397 1720 1631 1788 αἱροῖντο
1667 1717 1759 1769 καὶ

226 1806 386 1858 πάλιν
415 1807 465 1862 0i.
492 1808 763 1875 ἀρχιερεῖς
807 1808 882 1876 μὴ
915 1809 1081 1860 κινεῖν
1133 1807 1200 1860 τά
1236 1807 1484 1874 ἀκίνητα,
1524 1805 1654 1874 μηδὲ
1690 1805 1757 1856 τά

223 1897 340 1956 τοῖς
380 1895 507 1964 πρὶν
545 1894 833 1964 δεδογμένα
863 1895 1131 1965 Πατράσιν
1151 1937 1165 1960 ,
1196 1893 1329 1948 ἀλλὰ
1358 1896 1420 1962 δὴ
1451 1894 1542 1946 καὶ
1574 1893 1756 1953 αὐτοῖς

224 1984 312 2035 διὰ
344 1984 440 2052 τῆς
493 1987 704 2052 μακρᾶς
744 1985 1065 2049 συνδόξαντα
1116 1984 1344 2053 σιωπῆς,
1393 1984 1485 2035 καὶ
1529 1983 1624 2050 τῆς
1654 1981 1757 2043 ἕως

223 2073 318 2125 τοῦ
342 2073 433 2125 νῦν
459 2075 670 2143 ἀνοχῆς,
699 2076 760 2126 ὲκ
789 2075 1144 2142 παλιμϐολίας
1172 2073 1355 2142 ὥσπερ
1384 2072 1756 2134 άναπαλαίειν,

225 2158 287 2212 εὖ
313 2160 374 2211 ἂν
403 2159 534 2228 ἔχοι,
583 2163 671 2212 καὶ
715 2162 892 2230 χάρις,
921 2163 1000 2214 ὅτι
1029 2162 1085 2214 τὸ
1118 2162 1347 2230 μάχιμον
1382 2160 1755 2229 καταθέμενοι,

227 2245 289 2297 τὸ
322 2247 588 2313 εἰρηναϊον
610 2249 1087 2318 προτετιμήκασιν.
1136 2250 1197 2300 Εἰ
1235 2248 1287 2299 δὲ
1316 2249 1408 2300 καὶ
1442 2249 1518 2299 ἔτι
1558 2248 1758 2300 τούτων

222 2338 369 2399 τινὲς
413 2338 520 2390 τῶν
573 2338 664 2390 τοῦ
723 2340 1245 2408 κανόνος’ρημάτων
1309 2339 1756 2406 ἀντιποιούμενοι,

227 2427 348 2497 (τῆς
375 2427 481 2497 γὰρ
519 2428 722 2489 ἑννοίας
751 2429 933 2498 πόρρω
977 2427 1416 2497 ἀποδιεστήκασι)
1463 2427 1754 2495 πειρῶνται

224 2515 288 2566 τὸ
333 2517 525 2568 οἰκεῖον
548 2519 808 2585 συστῆσαι
838 2516 1065 2585 θέλημα,
1103 2517 1196 2569 καὶ
1221 2518 1312 2568 ἐπὶ
1356 2517 1415 2567 τὸ
1447 2517 1673 2569 ἄτακτον
1694 2517 1755 2567 οὐ

226 2604 402 2666 καλῶς
468 2605 561 2673 τὴν
617 2605 767 2667 τάξιν
834 2604 1300 2672 μεταόιόάζουσιν,
1358 2606 1420 2672 ἐᾷ
1458 2604 1552 2671 μὲν
1586 2603 1676 2654 νῦν
1727 2603 1758 2671 ἠ

228 2694 471 2762 βασιλεία
493 2711 588 2763 μου
623 2696 719 2758 τὴν
749 2695 838 2746 τοῦ
866 2695 1085 2753 κανόνος
1111 2693 1439 2762 ἑρμηνεῦσαι
1470 2694 1561 2744 καὶ
1588 2707 1758 2759 σαφη-

226 2783 370 2834 νίσαι
397 2783 556 2852 ὑφὴν,
587 2784 788 2853 ῥᾴστην
821 2782 982 2835 οὖσαν
1007 2783 1409 2851 καταληφθῆναι
1433 2783 1522 2834 καὶ
1546 2783 1762 2847 διαγνω-

229 2873 421 2939 σθῆναι
489 2872 665 2934 καλῶς
724 2874 835 2934 τοῖς
870 2873 1162 2940 βάπτουσιν
1211 2874 1285 2933 είς
1318 2871 1618 2940 ἀκρίϐειαν,
1669 2872 1759 2923 καὶ

1855 469 2116 537 quosdam
2147 469 2426 538 pontiﬁces
2457 471 2750 527 ambitione
2811 481 3043 542 quadarn
3094 474 3377 545 impulsos,

1855 557 2174 612 chartularii
2234 558 2544 627 dignitatern
2614 560 2917 630 deprimere
2976 561 3129 625 velle,
3181 578 3383 634 perque

1856 660 2090 701 canones
2115 645 2169 698 in
2207 648 2441 702 medium
2483 652 2772 718 productos
2795 651 3139 716 contendere,
3163 668 3271 707 non
3306 654 3382 708 illi

1858 736 2152 788 sessionem
2214 751 2376 804 supra
2457 737 2733 808 pontiﬁces
2799 748 3120 807 competere,
3176 741 3386 809 quoties

1855 824 1935 876 eis
1980 823 2210 890 alicujus
2244 825 2442 893 negotii
2492 840 2654 880 causa
2697 828 3125 883 conveniendum
3176 830 3267 892 sit,
3330 838 3386 885 et

1859 926 1963 966 una
1999 913 2386 967 eonsidcndum
2434 914 2489 970 in
2540 923 2755 981 senatu,
2809 923 2933 971 ante
2988 932 3266 972 accessum
3317 925 3382 973 ad

1860 1000 2200 1053 sanctitatem
2255 1012 2451 1055 tuam:
2510 1003 2729 1058 minime
2792 1004 3069 1059 ferendum
3121 1006 3382 1074 maiestati

1860 1101 1990 1140 mese
2033 1087 2203 1141 visum
2267 1099 2377 1154 est,
2423 1098 2478 1144 ut
2505 1104 2590 1145 res
2641 1099 2791 1145 tanto
2829 1093 2939 1162 jam
2987 1102 3227 1162 tempore
3258 1109 3383 1163 pro-

1859 1175 2004 1241 bata,
2044 1185 2098 1229 et
2121 1191 2150 1230 a
2182 1179 2555 1244 superioribus
2585 1181 2928 1248 patriarcltis,
2961 1197 3025 1236 ac
3045 1183 3385 1250 pontiﬁcibus

1857 1265 1995 1330 aliis,
2050 1275 2209 1332 atque
2246 1265 2350 1320 illis
2408 1266 2538 1333 ipsis
2579 1268 2746 1332 adeo,
2794 1269 2884 1338 qui
2935 1269 3046 1338 jam
3087 1284 3192 1324 non
3238 1273 3381 1340 justu

1857 1352 1922 1406 de
1977 1367 2139 1406 causa
2202 1355 2468 1421 rixantur,
2539 1356 2794 1411 diuturno
2850 1358 3069 1414 silentio
3125 1362 3381 1415 admissa.

1859 1450 2080 1510 urgente
2102 1443 2246 1496 nulla
2275 1444 2481 1499 ratione
2501 1437 2798 1512 aboleatur,
2821 1455 2873 1501 et
2899 1450 3052 1516 quasi
3081 1449 3381 1518 neglectum

1859 1529 2062 1597 aliquid
2094 1533 2451 1587 convellatur.
2495 1531 2835 1602 Quapropter
2881 1537 3132 1604 quiddam
3184 1538 3383 1592 rationi

1860 1619 2012 1671 valde
2035 1627 2458 1674 consentaneum
2496 1631 2549 1675 et
2580 1636 2793 1690 aequum
2827 1624 3037 1678 statuit.
3069 1625 3272 1696 Quippe
3336 1628 3381 1682 si

1861 1707 2036 1760 adhuc
2086 1707 2366 1776 pontiﬁces
2421 1712 2640 1765 immota
2706 1726 2813 1766 non
2885 1727 3100 1769 movere
3164 1716 3384 1781 vellent,

1856 1811 1955 1848 ne:
2007 1811 2126 1863 qute
2154 1798 2402 1864 placuere
2449 1799 2742 1868 superioris
2796 1803 3066 1858 memoria;
3110 1803 3380 1869 Patribus,
3464 1829 3467 1832 ·

1856 1892 1907 1935 et
1957 1884 2196 1950 ipsismet
2251 1887 2408 1955 longo
2429 1888 2644 1942 silentio
2678 1890 3043 1959 patientiaque
3068 1894 3134 1947 ad
3167 1895 3382 1950 hodier-

1859 1985 1983 2024 num
2014 1987 2180 2040 usque
2222 1974 2361 2028 diem
2405 1978 2751 2044 comprobata
2803 1978 3038 2044 fuerunt,
3097 1997 3162 2035 ex
3192 1983 3380 2038 incon-

1860 2062 2052 2113 stantia
2091 2062 2236 2115 velut
2294 2078 2600 2134 oppugnare
2649 2073 2791 2121 recte
2839 2068 3112 2137 facerent,
3185 2081 3236 2127 et
3287 2073 3385 2127 ba-

1859 2148 2042 2203 bendae
2076 2151 2210 2219 ipsis
2252 2153 2454 2221 gratim,
2478 2157 2616 2222 quod
2639 2157 2850 2225 abjecto
2879 2161 3149 2228 pugnandi
3182 2163 3379 2226 studio,

1859 2252 2043 2305 pacem
2085 2241 2260 2308 potius
2306 2245 2529 2311 amplexi
2565 2257 2762 2301 essent.
2817 2249 2883 2300 At
2936 2265 3064 2304 vero
3093 2251 3140 2304 si
3169 2251 3381 2319 quidam

1861 2327 2035 2380 adhuc
2073 2329 2230 2382 verba
2278 2333 2501 2387 canonis
2537 2351 2880 2404 usurpantes.
2936 2339 3172 2408 (quando
3199 2355 3226 2392 a
3264 2355 3385 2395 sen-

1859 2420 2024 2470 tentia
2081 2418 2235 2487 longe
2318 2425 2531 2490 absunt)
2595 2425 2867 2479 libidinem
2929 2440 3079 2480 suam
3159 2428 3383 2496 probare

1859 2508 2121 2573 nituntur,
2180 2509 2529 2580 ordinemque
2580 2513 2825 2580 nequiter
2895 2514 2949 2567 in
3015 2515 3393 2569 confusionem-

1862 2597 2218 2650 inordinatam
2252 2608 2583 2654 commutant
2613 2617 2626 2653 :
2659 2603 2881 2658 canonis
2899 2602 3112 2671 quidem
3134 2605 3388 2671 maiestas

1861 2700 1977 2738 mea
2023 2696 2330 2741 contextum
2379 2690 2723 2759 interpretari
2785 2705 2848 2745 ac
2887 2693 3164 2747 declarare
3204 2694 3385 2750 mittit.

1861 2785 2114 2842 perceptu
2165 2786 2219 2830 et
2253 2776 2526 2832 intellectu
2565 2779 2873 2835 facillimum
2927 2783 3015 2848 iis,
3052 2784 3141 2851 qui
3175 2783 3387 2838 subtili-

1862 2867 1972 2916 tate
2029 2871 2151 2917 sunt
2178 2864 2389 2928 imbuti,
2436 2875 2773 2937 mentemque
2798 2871 3017 2925 canonis
3057 2872 3326 2940 attingunt
3367 2887 3382 2926 :

229 2959 515 3024 κανονικῆς
566 2958 769 3017 ἐννοίας
812 2959 1151 3024 θιγγάνουσιν
1172 2974 1184 2987 ’
1229 2956 1354 3008 αὐτὸ
1387 2957 1442 3007 δὲ
1467 2955 1622 3007 τοῦτο
1650 2958 1756 3015 τοῖς

1864 2962 2044 2999 verum
2095 2949 2196 3002 hoc
2230 2949 2281 3001 in
2331 2953 2670 3020 pontiﬁcibus
2707 2955 3069 3034 reprehendit,
3093 2958 3230 3024 quod
3263 2972 3382 3009 cum

230 3047 573 3115 ἀρχιερεῦσιν
606 3045 850 3114 ἐπιτιμᾷ,
882 3047 932 3096 τί
960 3045 1023 3113 δή
1050 3060 1174 3096 ποτε
1199 3043 1286 3096 τὸν
1318 3043 1511 3094 κανόνα
1539 3042 1758 3103 ειδότες,

230 3135 410 3187 καὶτὰ
451 3137 663 3203 ῥήματα
708 3135 895 3187 τούτου
934 3131 1397 3201 ἐξακριϐούμενοι,
1427 3131 1523 3197 τὴν
1557 3129 1760 3182 ἑαυτῶν

231 3223 533 3292 συνείδησιν
576 3222 872 3289 ἀνευλόγως
934 3222 1231 3288 ὲπάτησαν,
1276 3223 1367 3272 καὶ
1411 3217 1502 3270 τοῦ
1541 3218 1760 3278 κανόνος

223 3312 771 3380 παραρριπτουμένου
803 3309 1094 3379 ἠνείχοντο,
1125 3311 1216 3360 καὶ
1256 3308 1352 3375 τὴν
1383 3307 1635 3374 ὐφεδρίαν
1668 3304 1758 3356 ἐπὶ

223 3400 331 3452 τῶν
384 3400 510 3468 πρὶν
565 3399 987 3467 χαρτοφυλάκων
1038 3396 1365 3465 ἠσπάζοντοο
1429 3395 1520 3446 καὶ
1571 3393 1759 3461 μισθὸν

224 3487 432 3548 τούτοις
458 3488 553 3554 τῆς
587 3487 692 3538 τῶν
726 3487 882 3554 ίερῶν
922 3485 1156 3536 κανόνων
1196 3482 1631 3551 περιφρονήσεως
1660 3481 1759 3549 τὴν

225 3577 320 3628 επὶ
381 3575 477 3637 τὰς
536 3575 798 3642 λαχούσας
862 3573 1053 3632 αὐτοὺς
1113 3571 1425 3638 Ἐκκλησίας
1480 3570 1755 3631 ἀπέλασιν,

225 3662 429 3726 δίδωσι,
469 3662 650 3713 κανόνι
688 3659 967 3728 στοιχοῦσα
994 3655 1269 3711 κάνταῦθα
1309 3656 1756 3725 ὲκκλησιαστικῷ,

224 3754 321 3804 καὶ
375 3757 483 3811 τοῖς
553 3753 968 3819 περιφρονηταίς
1025 3747 1130 3798 τῶν
1205 3747 1456 3808 κανόνων,
1519 3746 1756 3806 ἐκείνους

226 3841 422 3900 αὐτοὺς
486 3840 608 3900 τοὺς
663 3839 836 3907 ἱεροὺς
900 3836 1123 3898 κανόνας
1185 3837 1263 3896 είς
1322 3834 1526 3902 ἄμυναν
1579 3833 1759 3896 ἀντεξ-

222 3929 448 3996 άγουσα.
491 3946 509 3978 ι

294 4025 402 4075 Καὶ
446 4036 564 4075 erret
607 4022 740 4092 μετὰ
778 4021 873 4090 τὴν
921 4025 1103 4072 τούτου
1153 4017 1478 4089 προκομιδὴν
1529 4014 1597 4066 τὰ
1654 4013 1761 4064 ἀπὸ

227 4114 444 4180 μακρᾶς
508 4112 788 4180 συνηθείας
829 4111 1190 4179 κραθήσαντα,
1225 4107 1317 4159 καὶ
1349 4105 1432 4157 διὰ
1487 4100 1758 4173 βασιλικοῦ

1864 3049 2120 3088 canonem
2158 3049 2398 3102 nossent,
2430 3039 2654 3108 ejusque
2699 3044 2862 3096 verba
2908 3053 3253 3111 peraccurate
3313 3057 3389 3099 te-

1864 3134 2072 3188 nerent,
2136 3140 2286 3178 suam
2349 3128 2586 3196 ipsorum
2625 3132 3010 3185 conscientiam
3061 3144 3254 3202 praeter
3305 3150 3390 3188 ra-

1863 3211 2058 3264 tionem
2096 3216 2496 3278 conculcarint,
2526 3228 2576 3272 et
2607 3220 2755 3286 rejici
2791 3235 3044 3275 eanonem
3081 3224 3224 3292 passi
3259 3226 3386 3286 sint,

1863 3313 1924 3351 ac
1956 3299 2259 3354 inferiorem
2292 3307 2586 3358 sessionem
2624 3308 2724 3360 sub
2775 3314 3043 3363 memoriae
3095 3315 3387 3380 superioris

1863 3387 2203 3443 clrat'tulariis
2235 3392 2459 3459 amplexi
2492 3393 2709 3447 fuerint.
2749 3397 2977 3464 Ideoque
3000 3414 3093 3466 pro
3115 3416 3387 3452 sacrorum

1861 3491 2123 3529 canonum
2182 3489 2453 3545 contentu,
2481 3483 2774 3537 mercedem
2843 3486 2977 3538 hanc
3007 3490 3083 3541 cis
3115 3488 3389 3559 [tnajcstus

1863 3563 2006 3636 mea]
2038 3567 2244 3630 tribuit,
2280 3582 2338 3623 ut
2365 3586 2490 3625 suas
2519 3574 2583 3625 ad
2621 3571 2894 3630 Ecclesias
2935 3578 3254 3646 aliigantur;
3301 3597 3380 3635 ee-

1860 3656 2147 3710 clesiastici
2208 3662 2428 3715 canonis
2473 3663 2634 3716 etiam
2674 3663 2775 3717 hac
2827 3668 2880 3718 in
2942 3678 3090 3734 parte
3147 3673 3385 3740 vestigiis

1862 3745 2136 3811 insistens,
2188 3758 2240 3801 et
2311 3752 2566 3806 adversus
2636 3768 2900 3807 canonum
2977 3765 3387 3825 contemptores,

1864 3833 2008 3900 ipsos
2066 3849 2297 3891 canones
2357 3853 2538 3892 sacros
2565 3841 2614 3892 in
2660 3842 2958 3896 subsidium
3008 3847 3326 3911 produceus.
3367 3868 3384 3900 ι

1931 4015 1993 4069 Ει
2045 4017 2296 4083 quoniam
2361 4017 2461 4072 hoc
2524 4018 2860 4088 promulgata
2923 4035 3019 4086 ea,
3068 4040 3186 4091 quae
3233 4025 3392 4093 longa

1864 4105 2260 4159 consuetudine
2300 4106 2658 4166 invaluerant,
2699 4123 2795 4176 per
2835 4109 3002 4177 ipsius
3045 4114 3201 4164 etiam
3245 4115 3392 4180 prino

225 4199 642 4270 προστάγματος
689 4199 936 4265 γεγόνασι
991 4196 1363 4264 κραταιότερα,
1425 4191 1756 4259 προκάθηται

1865 4190 2003 4258 cipis
2047 4191 2282 4244 edictum
2327 4194 2497 4261 magis
2543 4195 2779 4248 stabilita
2828 4197 3042 4252 luerunt
3073 4215 3084 4251 :
3116 4199 3391 4252 chartula-

227 4267 390 4356 μεχρι
443 4287 537 4340 τοῦ
575 4286 667 4338 νῦν
708 4287 902 4346 παντὸς
949 4281 1438 4352 ἀρχιερατεύοντος,
1476 4278 1577 4330 κᾶν
1623 4277 1756 4346 τύχῃ

1868 4283 1978 4333 rius
2033 4281 2086 4332 in
2137 4282 2279 4334 hunc
2321 4297 2490 4345 usque
2542 4283 2682 4338 diem
2737 4285 2883 4338 sedet
2934 4294 3056 4339 ante
3104 4290 3394 4355 quemlibet

219 4377 408 4428 τοῦτον
457 4377 550 4426 καὶ
601 4373 872 4442 βασιλικὸν
924 4373 1066 4440 ἔχειν
1118 4370 1346 4437 ἀξίωμα,
1386 4364 1680 4432 ὺπερτίμου
1723 4363 1754 4429 ἢ

224 4463 704 4534 πρωτοσυγκέλλου
732 4464 910 4529 τυχόν.
949 4464 1055 4514 Καὶ
1087 4461 1207 4511 τότε
1247 4459 1340 4527 μὲν
1367 4457 1504 4508 οὕτω
1550 4455 1755 4506 διευλυ-

224 4554 369 4620 τώθη
395 4555 453 4603 τὸ
483 4553 642 4619 δῆθεν
684 4552 996 4619 ἀμφίϐολον.
1041 4549 1176 4616 Ἐγὼ
1212 4549 1266 4600 δὲ
1291 4546 1365 4614 τῷ
1393 4543 1649 4615 βασιλικῷ
1677 4543 1754 4593 δι-

223 4639 440 4710 ορισμῷ
478 4639 615 4709 κατὰ
638 4635 694 4689 τ’),
727 4637 1102 4705 νενομισμένον
1133 4632 1454 4693 ἀκολουθῶν,
1489 4633 1552 4698 τῇ
1589 4645 1752 4680 κατα-

224 4729 564 4799 σκευαζούσῃ
587 4728 776 4794 γνώμῃ
804 4727 901 4792 τὴν
933 4724 1218 4792 προεδρίαν
1238 4722 1329 4773 τοῦ
1355 4717 1758 4790 χαρτοφύλακος

217 4817 307 4869 διὰ
338 4815 500 4883 μόνην
546 4815 642 4881 τὴν
679 4815 917 4882 ἄγραφον
955 4811 1293 4880 μακροτάτην
1335 4807 1636 4875 συνήθειαν,
1662 4805 1760 4871 τὴν

219 4910 341 4961 ἀντὶ
411 4887 618 4973 νόμου.
655 4905 1228 4974 παραλαμϐανομένην,
1289 4903 1361 4963 ὡς
1436 4900 1756 4966 γέγραπται,

223 5000 282 5049 ού
342 4994 715 5062 προστίθεμαι.
769 4989 895 5044 Οἶδα
933 4991 1038 5057 γὰρ
1091 4991 1208 5042 τότε
1248 4989 1344 5057 τὴν
1383 4985 1593 5055 μακράν
1631 5000 1756 5034 συν-

221 5086 410 5154 ήθειαν
441 5083 559 5134 ἀντὶ
611 5082 772 5149 νόμου
825 5082 1062 5149 κρατεῖ-ι,
1105 5077 1514 5147 δοκιμασθεῖσαν
1546 5074 1756 5132 πάντως

222 5173 570 5234 δικαστικῶς,
617 5173 702 5223 ὅτε
753 5169 903 5238 νόμοι
961 5169 1053 5221 καὶ
1095 5169 1312 5228 κανόνες
1344 5168 1428 5218 διὰ
1457 5164 1654 5230 ταύτης
1697 5160 1754 5212 οὑ

221 5263 606 5333 παραλύονται.
640 5261 796 5326 Λέγω
816 5259 870 5311 δὲ
896 5259 994 5328 τὴν
1019 5258 1334 5327 προεδρείαν
1357 5257 1495 5324 ἔχειν
1512 5255 1600 5306 τὸν
1625 5266 1756 5319 χαρ-

1866 4370 2194 4437 pontiiicem,
2227 4370 2352 4422 licet
2389 4369 2700 4437 dignitatem
2746 4372 2939 4426 habeat
2981 4375 3047 4427 ab
3084 4376 3200 4443 ipso
3246 4378 3394 4442 prin-

1865 4456 1981 4523 cipe
2020 4469 2353 4517 concessam,
2399 4464 2456 4508 ut
2515 4457 2819 4527 bypertimi,
2866 4460 2949 4512 vel
2995 4465 3392 4531 protosyncelli.

1865 4543 1940 4597 Ac
1980 4551 2108 4597 tunc
2140 4545 2354 4612 quidem
2403 4547 2710 4614 ambiguum
2747 4549 2847 4602 hoc
2891 4550 2959 4602 ita
2992 4552 3225 4604 solutum
3271 4553 3390 4608 fuit.

1861 4634 1969 4703 Ego
2014 4649 2142 4688 vero
2191 4643 2332 4687 srcut
2370 4634 2708 4700 imperatoris
2742 4638 3025 4701 sanetioni,
3066 4648 3223 4706 prout
3264 4641 3390 4708 legi-

1862 4724 1961 4776 bus
2011 4731 2281 4788 rcceptum
2339 4730 2459 4784 est,
2516 4724 2784 4776 assentior
2835 4742 2849 4777 :
2899 4725 2972 4778 ita
3026 4729 3385 4794 sententiam,

1862 4806 2191 4859 chartulario
2239 4807 2466 4872 primam
2521 4809 2817 4861 sessionem
2871 4821 3239 4872 astruentcm,
3293 4830 3387 4881 per

1861 4895 2028 4947 solam
2064 4907 2168 4946 non
2208 4894 2460 4960 scriptam
2495 4894 2786 4961 longissimi
2817 4899 3067 4965 temporis
3095 4912 3387 4957 consuetu-

1863 4982 2059 5044 dinem,
2091 4996 2208 5049 qua:
2243 4981 2373 5049 legis
2405 4982 2481 5047 (nt
2519 4992 2671 5035 antea
2707 4984 3042 5056 scripsimus)
3083 4987 3200 5041 loco
3241 4989 3391 5042 duci-

1864 5079 1948 5121 tur
1993 5069 2121 5136 (63),
2156 5070 2373 5122 minime
2412 5070 2596 5136 probo.
2632 5070 2837 5139 Quippe
2876 5081 3002 5128 tunc
3035 5076 3147 5128 scio
3185 5076 3391 5131 diutur-

1867 5174 1987 5212 num
2019 5158 2462 5212 consuetudinem
2497 5174 2590 5226 pro
2617 5161 2729 5226 lege
2750 5161 2944 5224 valere,
2973 5165 3192 5218 omnino
3217 5175 3391 5218 tamen

1865 5249 1915 5298 in
1938 5246 2142 5312 judicio
2170 5246 2320 5309 prius
2351 5245 2731 5312 examinatam,
2757 5260 2876 5300 cum
2909 5247 3051 5319 leges
3077 5260 3127 5303 et
3161 5265 3391 5306 canone!

1687 5420 1911 5475 NOTA‘J.

291 5524 400 5592 (63)
435 5524 470 5576 1.
496 5525 560 5578 Ἠ
594 5523 651 5578 D.
691 5523 927 5589 Delegt'b.
982 5530 1034 5576 ct
1062 5524 1097 5575 1.
1128 5523 1178 5576 3.
1211 5522 1250 5576 C
1307 5522 1434 5584 th:
1487 5521 1550 5572 sit
1607 5521 1742 5579 long.
1787 5524 2004 5568 consuct.
