4004 6458
598 242 730 311 1047

1801 261 2081 328 ῚἭΕΟῙ).
2121 264 2595 328 BALSAMONIS

3626 264 3763 331 1048

602 386 693 440 per
709 385 821 424 eam
838 387 943 427 non
962 375 1330 431 debilitantur.
1344 377 1507 444 Igitur
1523 378 2011 441 aio,cbartularium
2031 381 2115 432 ha-

2222 380 2515 448 τοφύλακα,
2549 385 2686 438 κατὰ
2718 384 2814 451 τὴν
2842 386 2947 436 τῶν
2973 384 3128 435 θείων
3165 386 3406 437 κακόνων
3445 382 3756 453 περίληψιν,

599 462 726 518 bere
741 462 964 529 primam
984 465 1271 518 sessionem
1297 466 1453 518 etiam
1470 467 1753 520 secundum
1776 468 1824 519 id
1851 468 2010 534 ,quod
2039 483 2123 520 sa-

602 552 710 604 cris
726 551 1023 605 canonibus
1036 554 1373 606 continetur:
1396 555 1536 621 quod
1559 569 1689 609 sane
1704 570 1852 609 sacra
1872 557 2127 624 principis

601 638 1007 705 circumspectio
1022 646 1149 692 tunc
1167 648 1354 707 sponte
1379 641 1607 696 reticuit.
1626 640 1755 694 Nam
1779 643 1902 696 licet
1921 642 2125 699 indica-

600 731 692 777 tus
712 724 796 775 ille
813 724 1009 776 Niceni
1032 727 1185 791 primi
1201 726 1413 780 concilii
1433 740 1601 781 canon
1622 730 2123 792 statuit,diaconum

601 826 697 865 nec
718 812 1045 880 participare,
1071 828 1167 867 nec
1185 814 1369 869 sedere
1386 818 1842 881 antesacerdotes,
1867 819 2123 885 septimus

600 908 777 953 tamen
796 916 964 957 canon
992 911 1189 956 sanctae
1215 917 1276 957 ac
1314 906 1632 962 universalis
1648 906 2005 975 sextasynodi
2031 907 2122 974 ju-

599 991 708 1053 bet,
740 1000 793 1043 ut
817 991 885 1055 is,
917 992 1008 1059 qui
1032 1007 1316 1059 personam
1342 995 1677 1061 patriarchae,
1701 997 1782 1049 vel
1809 996 2124 1064 simpliciter

598 1078 837 1147 episcopi
888 1082 1021 1146 gerit
1047 1116 1062 1140 ,
1114 1090 1236 1133 ante
1292 1080 1598 1136 sacerdotes
1646 1083 1849 1137 sedeat.
1893 1083 2121 1153 Ideoque

597 1181 825 1233 magnus
871 1180 933 1219 ac
978 1175 1195 1221 sanctus
1236 1168 1394 1222 etiam
1442 1168 1695 1237 Cyrillus,
1732 1171 2121 1231 Alexandrinus

604 1271 739 1324 papa
767 1294 780 1317 ,
827 1256 987 1324 capiti
1039 1257 1255 1310 fasciam
1307 1259 1658 1313 circumdedit
1707 1274 1919 1313 auream
1947 1299 1963 1324 ,
2011 1276 2120 1330 quo

601 1355 843 1411 tempore
886 1354 1079 1398 saneta!
1132 1354 1183 1399 et
1223 1346 1509 1400 universali
1552 1349 1720 1401 tertiae
1758 1349 1961 1416 synodo
1986 1364 2119 1418 prae-

600 1430 719 1481 fuit.
770 1429 972 1498 Quippe
1018 1431 1266 1485 Celestini
1317 1433 1487 1487 locum
1546 1435 1814 1489 obtinebat
1856 1436 1993 1504 ejus,
2028 1437 2118 1505 qui

600 1518 894 1570 Romanam
921 1527 1048 1570 tunc
1079 1520 1293 1587 regebat
1320 1521 1644 1588 Ecelesiam;
1674 1524 2117 1591 quemadmodum

599 1607 765 1673 liquet
794 1621 855 1659 ex
887 1608 1020 1659 actis
1045 1606 1279 1674 ejusdem
1326 1610 1517 1677 synodi
1555 1614 1737 1665 tertiae.
1772 1614 1838 1665 Et
1880 1628 1984 1680 qua
2014 1614 2116 1667 Ce-

602 1696 823 1749 lestinus
874 1697 1122 1749 utebatur
1171 1696 1377 1765 gloria,
1438 1700 1730 1752 secundum
1789 1702 2114 1754 sanctionem

602 1783 859 1850 apostolis
889 1783 1107 1850 aequalis
1142 1783 1286 1836 illius
1316 1784 1483 1837 sancti
1516 1787 1795 1853 magnique
1852 1786 2116 1838 Constan-

601 1874 720 1933 tini,
753 1870 946 1923 factam
980 1874 1042 1923 ad
1076 1884 1315 1925 sanctum
1363 1872 1703 1939 Silvestrum,
1742 1888 1862 1926 cum
1912 1875 2114 1941 imperii

602 1971 811 2030 seeptra
869 1976 961 2029 per
1016 1961 1107 2014 Dei
1165 1960 1548 2028 providentiam
1612 1978 1672 2014 es
1726 1963 1889 2015 veteri
1949 1962 2113 2014 Roma

601 2051 1020 2103 transferrentur
1054 2051 1106 2102 in
1153 2049 1290 2102 hanc
1323 2050 1502 2101 urbem
1552 2050 1760 2102 urbium
1791 2051 2113 2117 principem;

601 2152 707 2208 qua
745 2139 1018 2201 statuitur,
1054 2153 1211 2191 aurea
1246 2136 1410 2191 fascia
1444 2146 1554 2188 tum
1589 2137 1757 2205 ipsius
1800 2137 1969 2189 sancti
2020 2136 2118 2189 Sil-

598 2230 787 2290 vestri,
828 2238 936 2281 tum
985 2242 1352 2281 successorum
1394 2229 1532 2293 ejus,
1572 2226 1882 2294 pontificum
1922 2225 2115 2279 Itoma-

600 2333 789 2372 norum
835 2325 995 2385 caput
1042 2315 1390 2369 condecorari
1431 2315 1621 2368 debere
1653 2332 1666 2366 :
1697 2316 1879 2369 eadem
1917 2324 1970 2369 et
2010 2315 2115 2384 Cy-

600 2406 754 2459 rillus
808 2404 1185 2458 exornabatur.
1231 2404 1583 2467 Quamobrem
1637 2413 1692 2457 et
1745 2404 1799 2467 ii,
1848 2404 1938 2471 qui
1998 2413 2117 2471 post

601 2498 772 2563 ipsum
815 2494 1150 2550 Alexandria:
1197 2495 1565 2563 pontiﬁcatum
1622 2508 1860 2564 gessere,
1905 2504 2118 2563 propter

599 2592 852 2637 aeternam
920 2584 1228 2636 memoriam
1291 2584 1426 2651 ejus,
1478 2583 1618 2650 quod
1674 2593 1799 2637 tunc
1845 2583 2115 2637 decretum

601 2673 721 2735 fuit,
751 2672 935 2724 eodem
986 2673 1141 2724 modo
1185 2673 1238 2725 in
1272 2672 1410 2724 hunc
1445 2686 1613 2740 usque
1642 2672 1778 2725 diem
1820 2673 1974 2724 titulo
2019 2686 2117 2724 suo

602 2763 1043 2815 cohonestantur.
1072 2760 1309 2829 Cumque
1338 2776 1524 2815 omnes
1550 2761 1637 2813 alii
1665 2762 1927 2829 capitibus
1962 2776 2117 2829 aper-

603 2854 673 2904 tis
720 2864 806 2903 res
852 2864 1033 2903 sacras
1080 2859 1361 2918 peragant,
1400 2850 1547 2903 solus
1589 2849 1979 2904 Alexandrinus
2027 2865 2118 2918 pa-

2221 469 2374 520 τοῦτο
2397 471 2585 539 ὄπερή
2631 471 2894 539 βασίλειος
2931 472 3047 523 θεία
3085 473 3330 542 περιωπὴ
3376 472 3555 525 ἑκοντὶ
3603 489 3755 538 τηνι-

2222 555 2394 607 καῦτα
2432 558 2838 625 παρεσιώπησε.
2874 559 2989 611 Κᾶν
3025 558 3133 628 γὰρ
3159 562 3187 610 ὁ
3218 558 3399 626 ῥηθεὶς
3438 558 3540 624 τῆς
3571 559 3634 608 ὲκ
3658 557 3753 607 Νι-

2219 646 2349 713 καίᾳ
2380 645 2596 715 πρώτης
2640 648 2851 699 συνόδου
2901 648 3075 700 κανὼν
3102 649 3418 716 διορίζηται,
3468 647 3545 717 μὴ
3587 663 3749 715 μετα-

2226 734 2522 802 λαμϐάνειν
2551 736 2685 803 μηδὲ
2714 737 2977 804 καθῆσθαι
3012 738 3115 805 πρὸ
3141 737 3246 789 τῶν
3270 738 3458 806 ίερέων
3488 738 3759 801 διάκονον,

2218 820 2331 875 ἀλλ’
2355 825 2382 873 ό
2405 822 2449 885 ξ’
2473 820 2647 874 κανὼν
2689 821 2787 889 τῆς
2816 823 2971 887 ἁγίας
3017 824 3107 875 καὶ
3159 823 3537 891 οῐκουμενικῆς
3592 824 3758 892 ἕκτης

2221 907 2435 960 συνόδου
2499 908 2923 974 παρακελεύεται
2948 949 2961 973 ,
3018 910 3110 961 τὸν
3164 909 3423 977 ἐπέχοντα
3462 911 3759 979 πρόσωπον

2221 999 2614 1066 πατριαρχικδν
2639 998 2671 1065 ἢ
2708 997 2889 1059 ἁπλῶς
2918 998 3291 1055 ἔπισκοπικὸν.
3317 997 3419 1066 πρὸ
3439 997 3546 1048 τῶν
3567 999 3760 1066 ἱερέων

2218 1085 2557 1148 καθέζεσθαι.
2594 1086 2681 1137 Διὸ
2711 1087 2802 1137 καὶ
2834 1089 2860 1138 ό
2898 1085 3065 1155 μέγας
3098 1086 3247 1151 am;
3285 1085 3551 1154 Κύριλλος
3577 1088 3605 1139 ό
3650 1088 3761 1139 πά-

2216 1189 2324 1234 πας
2392 1172 2837 1243 Ἀλεξανδρείας,·
2868 1172 2960 1225 ἐπὶ
3012 1174 3245 1241 κεφαλῆς
3294 1172 3527 1240 χρυσοῦν
3583 1173 3763 1242 λῶρον

2218 1260 2620 1330 περιεϐέϐλητο,
2653 1262 2738 1313 ὅτε
2780 1262 2877 1329 τῆς
2906 1261 3067 1327 ἁγίας
3100 1261 3194 1313 καὶ
3218 1263 3603 1329 οίκουμενικῆς
3633 1265 3757 1330 τρί-

2216 1365 2314 1416 της
2356 1348 2568 1400 συνόδου
2618 1350 2923 1417 προῖστατο.
2965 1349 3176 1416 Ἐπεῖχε
3210 1350 3315 1417 γὰρ
3347 1349 3440 1401 καὶ
3468 1348 3562 1399 τὸν
3592 1349 3764 1401 τόπον

2215 1437 2308 1488 τοῦ
2348 1438 2683 1498 Κελεστίνου,
2742 1437 2833 1488 τοῦ
2878 1438 2975 1505 τὴν
3029 1436 3339 1504 Ἐκκλησίαν
3393 1437 3492 1503 τῆς
3538 1435 3764 1504 Ῥώμης

2221 1525 2505 1587 ίθύνοντος,
2529 1524 2705 1586 καθὼς
2742 1525 2895 1578 τοῦτο
2933 1528 3257 1596 παρίσταται
3292 1528 3355 1578 ὲκ
3384 1525 3489 1578 τῶν
3521 1543 3763 1595 πρακτι-

2217 1612 2335 1665 κῶν-
2361 1614 2453 1681 τῆς
2480 1613 2666 1682 τρίτης
2712 1616 2944 1667 συνόδου.
3000 1616 3105 1667 Καὶ
3137 1617 3211 1676 ὡς
3241 1616 3447 1675 ἐκεῖνος
3484 1615 3763 1682 ἐμεγαλύ-

2217 1720 2351 1765 νετο,
2400 1703 2535 1754 κατὰ
2587 1705 2644 1754 τὸ
2704 1702 2974 1769 θέσπισμα
3025 1704 3117 1755 τοῦ
3191 1704 3543 1755 ίσαποστόλου
3599 1704 3763 1769 ἁγίου

2219 1791 2448 1861 μεγάλου
2490 1790 2911 1853 Κωνσταντίνου,
2953 1792 3012 1843 τὸ
3046 1793 3265 1857 γεγονὸς
3300 1793 3435 1860 πρὸς
3475 1793 3567 1844 τὸν
3598 1792 3763 1858 ἅγιον

2213 1878 2550 1947 Σίλϐεστρον,
2581 1880 2666 1931 ὅτε
2700 1877 2764 1931 τὰ
2813 1882 3061 1949 σκῆπτρα
3089 1882 3186 1947 τῆς
3238 1880 3518 1947 βασιλείας
3550 1882 3614 1931 ὲκ
3657 1882 3763 1948 τῆς

2216 1969 2444 2028 παλαιᾶς
2492 1967 2702 2035 Ῥώμης
2750 1969 2888 2020 κατὰ
2914 1968 3046 2020 Θεοῦ
3094 1969 3344 2036 πρόνοιαν
3390 1970 3764 2038 μετετέθησαν

2215 2058 2293 2116 είς
2321 2056 2416 2121 τὴν
2446 2056 2550 2106 τῶν
2588 2056 2791 2108 πόλεων
2818 2056 3219 2123 βασιλεύουσαν,
3251 2058 3345 2108 καὶ
3366 2058 3762 2127 διοριζόμενον,

2219 2143 2355 2210 μετὰ
2392 2145 2762 2210 χρυσοπάστου
2792 2141 2963 2212 λώρου
2994 2144 3090 2211 τὴν
3121 2144 3213 2195 τοῦ
3245 2145 3400 2211 ἁγίου
3430 2146 3759 2212 Σιλϐέστρου

2216 2230 2475 2296 κεφαλὴν,
2514 2230 2603 2281 καὶ
2628 2228 2734 2281 τῶν
2766 2230 2881 2297 μετ’
2902 2229 3058 2282 αὐτὸν
3081 2230 3375 2299 ἀρχιερέων
3401 2230 3499 2298 τῆς
3537 2231 3762 2298 Ῥώμης

2216 2314 2730 2377 κατακαλλύνεσθαι,
2781 2316 2875 2366 καὶ
2923 2315 3081 2377 αὐτὸς
3134 2316 3560 2383 τοιουτοτρόπως
3613 2317 3757 2367 καθ-

2214 2404 2490 2468 ωρατζετο.
2510 2400 2807 2453 Κάντεῦθεν
2829 2402 2918 2453 καὶ
2948 2405 2994 2453 ol
3014 2401 3130 2469 μετ’
3152 2403 3352 2454 ἐκεῖνον
3384 2405 3461 2463 είς
3503 2403 3616 2454 ’Δλε
3629 2402 3764 2465 ξάν-

2213 2490 2392 2558 δρειαν
2444 2489 2927 2557 ἀρχιερατεύοντες,
2978 2490 3063 2541 διὰ
3121 2492 3339 2558 μνήμην
3393 2492 3608 2542 αἰώνιον
3660 2490 3761 2542 τοῦ

2215 2576 2333 2628 τότε
2359 2574 2727 2638 συνδόξαντος.
2776 2573 3031 2634 ὡσαύτως
3067 2575 3226 2641 μέχρι
3257 2575 3351 2626 τοῦ
3376 2576 3474 2627 νῦν
3519 2592 3758 2627 κατακον

2216 2666 2471 2732 σμοῦνται
2530 2662 3076 2731 στηλογραφούμενοι.
3125 2664 3232 2715 Καὶ
3297 2664 3513 2715 πάντων
3562 2666 3761 2733 ἁπεριο

2215 2753 2502 2814 καλύπτοις
2562 2753 2977 2821 ἱερουργούντων
3011 2756 3129 2813 ταῖς
3178 2752 3439 2819 κεφαλαῖς
3466 2791 3482 2815 ,
3535 2754 3696 2819 μόνος
3731 2756 3761 2805 ὁ

2214 2840 2551 2909 πατριάρχης
2592 2838 2987 2905 Ἀλεξανδρείας
3009 2838 3275 2905 ίερουργεῖ
3301 2836 3436 2902 μετὰ
3461 2835 3553 2885 τοῦ
3579 2835 3757 2903 λώρου

603 2940 838 2993 triarelta
895 2953 1002 2991 rem
1061 2938 1295 2991 divinam
1343 2938 1508 3002 facit,
1565 2939 1730 2993 fascia
1775 2940 1915 2992 dicta
1959 2947 2115 3007 caput

2220 2930 2314 2997 τὴν
2358 2928 2595 2995 κεφαλὴν
2644 2927 3059 2991 καλυπτόμενος.
3102 2925 3208 2975 Καὶ
3248 2924 3373 2983 τοὺς
3435 2923 3639 2975 δώδεκα
3700 2924 3759 2975 δὲ

604 3030 911 3082 obvolutus.
942 3028 1238 3091 Quinetiam
1291 3043 1364 3080 xu
1410 3028 1529 3080 illos
1579 3029 1913 3081 cardinarios
1958 3027 2111 3093 Papae

607 3116 957 3171 consimiliter
1002 3118 1240 3169 videmus
1284 3117 1434 3182 pileis
1487 3118 1662 3169 aureis
1710 3125 1927 3168 ornatos
1982 3115 2109 3183 (64),

608 3206 767 3260 veluti
792 3206 942 3273 Papae
973 3219 1248 3271 personam
1276 3214 1730 3271 repraesentantes,
1760 3205 1976 3271 ejusque
1995 3204 2110 3270 jura

608 3294 907 3347 fulcicntes.
936 3292 1065 3344 Nam
1104 3294 1459 3361 appellatione
1481 3294 1715 3346 cardinis
1756 3296 1891 3361 apud
1924 3293 2114 3347 Roma—

606 3396 702 3433 nos
747 3389 923 3447 postes
963 3381 1151 3432 forium
1200 3380 1435 3433 veniunt.
1480 3382 1656 3448 Itaque
1702 3391 2113 3435 consentaneum

604 3479 707 3529 est,
748 3483 839 3521 eos
879 3463 1019 3519 haud
1049 3468 1207 3521 dubie
1246 3484 1426 3521 verum
1472 3469 1669 3531 dicere,
1701 3474 1786 3537 qui
1818 3472 2111 3539 perhibent,

604 3562 763 3609 etiam
801 3557 1059 3623 cujusque
1107 3558 1357 3624 temporis
1405 3557 1779 3611 chartularium
1820 3576 1973 3612 aurea
2002 3562 2115 3626 ejus

607 3647 745 3697 modi
794 3646 950 3707 tiara,
996 3652 1173 3696 certos
1224 3652 1344 3697 ante
1385 3659 1571 3707 annos,
1619 3646 1670 3697 in
1725 3648 1949 3713 publicis
1995 3649 2112 3714 qui-

604 3733 825 3786 busdam
866 3733 1215 3785 conventibus
1262 3747 1434 3795 usum,
1481 3734 1571 3799 qui
1619 3750 1722 3787 non
1772 3742 1975 3788 tantum
2023 3750 2115 3803 pro

608 3836 755 3874 more
816 3821 1135 3873 haberentur
1182 3821 1232 3872 in
1282 3820 1567 3884 Ecclesiis,
1626 3838 1805 3876 verum
1850 3826 2006 3877 etiam
2060 3826 2112 3877 in

606 3909 1055 3977 processionibus,
1106 3914 1158 3961 et
1204 3907 1333 3962 foris
1382 3910 1621 3974 publicis.
1661 3912 1833 3977 Atque
1874 3911 2115 3977 equidem

605 4006 751 4050 certo
780 3998 909 4059 scio,
938 3999 988 4049 in
1035 3998 1174 4049 hunc
1208 4012 1373 4063 usque
1399 3998 1536 4049 diem
1570 4000 1853 4065 repositum
1890 4013 2005 4051 esse
2034 3999 2116 4065 pi—

604 4086 742 4136 Ieum
776 4087 891 4150 ejus
922 4086 1063 4137 modi
1093 4100 1221 4137 auro
1248 4085 1628 4151 interspersum
1655 4086 1706 4138 in
1742 4101 1860 4137 arca
1898 4087 2116 4138 chartu-

607 4173 725 4224 Iarii
756 4189 766 4222 :
796 4186 965 4237 neque
1008 4172 1218 4239 longum
1258 4172 1553 4236 intercedit,
1587 4186 1647 4224 ac
1688 4179 1941 4224 remotum
1985 4182 2115 4224 tem-

2221 3017 2616 3085 Καρδηναρίους
2650 3014 2739 3065 τοῦ
2784 3013 2943 3063 Πάπα
2996 3011 3303 3079 παρομοίως
3352 3009 3620 3077 βλέπομεν
3655 3028 3756 3061 κε-

2216 3108 2507 3175 κοσμένους
2535 3105 2747 3172 χρυσοῖς
2775 3101 2964 3167 ὲπιϐλή
2974 3115 3155 3167 μασιν,
3176 3097 3249 3158 ώς
3273 3097 3756 3165 ἀντιπροσώποῦν-

2214 3215 2313 3258 τας
2340 3195 2416 3264 τῷ
2449 3195 2629 3255 Πάπα,
2661 3192 2754 3243 καὶ
2800 3190 2866 3241 τὸ.
2897 3189 3082 3239 τούτου
3142 3186 3494 3253 στηρίζοντας
3544 3186 3755 3237 δίκαια.

2215 3288 2443 3353 Κάρδων
2475 3285 2582 3351 γὰρ
2611 3281 2757 3348 παρὰ
2806 3277 3106 3345 Ῥωμαίοις,
3135 3276 3190 3326 ai
3242 3275 3393 3334 φλιαὶ
3437 3272 3544 3324 τῶν
3573 3273 3758 3341 θυρῶν

2215 3370 2581 3438 ὀνομάζονται.
2619 3370 2851 3434 Ἀραρεν
2878 3360 2970 3415 οὖν
3014 3361 3293 3427 ἀληθεύειν
3342 3360 3589 3428 ἐναργῶς
3624 3361 3754 3422 τοὺς

2214 3460 2463 3523 λέγοντας
2495 3457 2588 3507 καὶ
2634 3454 2722 3504 τὸν
2752 3452 2885 3503 κατὰ
2924 3450 3145 3518 καιροὺς
3190 3446 3574 3515 χαρτοφύλακα
3612 3447 3757 3513 μετὰ

2214 3546 2464 3613 τοιαύτης
2493 3546 2679 3611 τιάρας
2711 3540 2912 3609 χρυσῆς
2964 3540 3067 3606 πρὸ
3113 3537 3495 3605 μετρουμένων
3542 3534 3753 3604 χρόνων

2216 3637 2394 3697 τινῶν,
2425 3634 2481 3687 έν
2512 3649 2618 3684 τισι
2666 3630 2954 3698 πανδήμοις
2985 3627 3299 3691 δοξάζεσθαι
3350 3627 3751 3695 πανηγύρεσιν,

2213 3725 2272 3773 οὐ
2308 3723 2462 3789 μόνον
2499 3722 2582 3771 ἐπ’
2639 3719 2957 3784 Ἐκκλησίας
3015 3718 3341 3783 γινομέναις,
3402 3717 3478 3777 ὡς
3533 3715 3751 3778 εἴωθεν,

2221 3812 2351 3863 ἀλλὰ
2384 3814 2475 3861 καὶ
2498 3812 2553 3859 ἐν
2576 3809 2834 3876 προόδοις,
2859 3807 2952 3857 καί
2972 3806 3214 3872 ἀγοραῖς.
3247 3805 3755 3873 Πεπληροτρόρημαι

2213 3900 2267 3950 δέ
2296 3900 2387 3951 καὶ
2420 3898 2595 3956 αὐτὸς,
2629 3887 2935 3947 ἀποκεῖσθαι
2976 3894 3131 3961 μέχρι
3158 3894 3248 3944 τοῦ
3288 3892 3379 3944 νῦν
3431 3895 3510 3953 είς
3561 3892 3620 3943 τὸ
3647 3892 3747 3943 τοῦ

2216 3986 2611 4056 χαρτοφύλακος
2658 3982 2925 4043 κιϐώτιον,
2962 3982 3329 4049 χρυσόπαστον
3355 3980 3593 4031 τοιοῦτον
3623 3982 3753 4031 trti-

2217 4078 2396 4143 ϐλημα
2421 4092 2432 4103 ·
2464 4075 2554 4125 καὶ
2579 4073 2760 4140 χρόνος
2782 4072 2877 4121 οὑκ
2907 4070 3018 4120 ἐστι
3043 4070 3303 4137 γηραλέος
3333 4070 3424 4119 καὶ
3445 4068 3688 4134 πέμπε).ς

2218 4163 2348 4212 ἀλλὰ
2381 4161 2495 4220 νέος
2527 4162 2615 4209 καὶ
2660 4159 2982 4227 πρόσφατος.
3018 4158 3123 4206 Καὶ
3155 4156 3341 4219 φθόνος
3384 4155 3480 4205 οὑκ
3524 4154 3681 4218 ἀγενῦ

606 4261 749 4325 poris
795 4260 1052 4325 spatium,
1104 4259 1194 4312 sed
1242 4260 1317 4311 rei
1365 4260 1614 4310 memoria
1654 4273 1838 4312 recens
1870 4268 1969 4311 est.
2007 4259 2115 4311 Nec

2217 4251 2247 4317 ἢ
2285 4251 2372 4301 καὶ
2426 4250 2742 4308 ἀπαίδευτος
2775 4246 2930 4312 δῆθεν
2975 4244 3247 4306 εὐλάϐεια,
3294 4247 3357 4295 τὰ
3400 4244 3460 4294 τὸ
3508 4242 3752 4294 rosei-cm

607 4348 854 4413 ignobilis
890 4349 1107 4410 invidia,
1144 4348 1223 4399 vel
1256 4348 1495 4419 imperita
1528 4348 1729 4399 scilicet
1769 4347 1970 4414 religio.
2006 4361 2115 4398 ma-

607 4448 767 4502 gnum
814 4432 1072 4499 ejusmodi
1109 4434 1438 4499 privilegium
1484 4431 1641 4496 hujus
1679 4430 1831 4481 olIicii
1877 4428 2115 4481 aboleve-

604 4528 749 4573 runt.
784 4522 985 4587 Quippe
1023 4534 1115 4585 pcr
1154 4521 1321 4585 ipsam
1350 4528 1398 4569 te
1425 4519 1697 4570 veritatem
1728 4517 1983 4575 obtestor,
2025 4528 2116 4580 per

602 4607 911 4659 charitatem
961 4606 1281 4668 fraternam,
1330 4620 1421 4671 per
1463 4616 1696 4655 amorem
1744 4616 1865 4668 erga
1912 4600 2111 4662 Deum,

600 4694 687 4745 dic
732 4694 879 4755 mihi,
921 4694 1186 4760 quodnam
1236 4694 1408 4760 majus
1454 4692 1611 4744 fuerit
1652 4705 1824 4757 Operae
1866 4690 2110 4756 pretium,

599 4795 756 4846 quam
787 4782 1166 4833 cbartulariutn
1196 4782 1371 4832 videre
1416 4792 1790 4844 nortnunquam
1820 4793 1909 4843 per
1940 4777 2108 4827 forum

599 4867 969 4932 procedentem
1003 4882 1120 4919 cum
1148 4883 1278 4919 auro
1310 4869 1629 4933 interspersa
1665 4866 1818 4922 tiara.
1849 4865 1935 4930 qui
1968 4865 2113 4914 mulo

600 4956 842 5019 vehatur,
875 4965 926 5009 et
962 4972 1105 5008 more
1140 4956 1478 5023 patriarehali
1510 4964 1730 5006 ornatus
1760 4955 1826 5003 sit
1856 4953 1976 5004 albo
2007 4951 2107 5002 lin-

597 5057 702 5109 teo,
730 5046 1168 5112 quemadmodum
1202 5047 1248 5097 id
1279 5061 1487 5110 quoque
1530 5058 1621 5110 per
1657 5041 1937 5094 indicatam
1982 5055 2102 5091 san-

2214 4338 2540 4404 σχολάσαντα
2569 4336 2706 4402 μέγα
2736 4333 2825 4384 τοῦ
2870 4332 3116 4399 όφφικίου
3164 4330 3475 4397 προνόμιον.
3506 4330 3569 4379 Τί
3614 4329 3749 4397 γὰρ,

2210 4427 2327 4478 είπέ
2377 4444 2461 4492 μοι
2490 4425 2617 4491 πρὸς
2640 4425 2732 4490 τῆς
2760 4422 3010 4487 ἀληθείας
3034 4421 3220 4485 αὐτῆς,
3251 4419 3383 4487 πρὸς
3410 4420 3505 4484 τῆς
3529 4418 3752 4482 ἀδελφι-

2210 4517 2308 4581 κῆς
2365 4514 2600 4580 ἀγάπης,
2639 4512 2770 4577 πρὸς
2804 4510 2898 4575 τῆς
2935 4509 3069 4558 κατὰ
3126 4508 3253 4558 Θεὸν
3287 4506 3598 4566 διαθέσεως,
3627 4508 3752 4575 latr:

2212 4605 2276 4655 ἂν
2309 4602 2735 4667 σπουδαιότερον,
2769 4600 2859 4650 τοῦ
2891 4598 3100 4666 βλέπειν
3131 4597 3274 4646 ἔστιν
3300 4596 3387 4645 ὅτε
3430 4596 3521 4646 τὸν
3551 4611 3749 4660 χαρτο-

2217 4691 2425 4757 φύλακα
2458 4688 2543 4739 διὰ
2582 4690 2675 4755 τῆς
2705 4687 2905 4754 ἀγορᾶς
2935 4684 3286 4752 προοδεύοντα
3318 4683 3453 4749 μετὰ
3483 4684 3755 4749 χρυσοπά-

2215 4796 2335 4830 στου
2376 4779 2587 4845 τιάρας,
2621 4776 2710 4826 καὶ
2745 4774 3099 4841 ἐποχούμενον
3128 4773 3182 4822 ὲν
3211 4771 3439 4839 ἡμιόνῳ,
3478 4787 3749 4835 πατριαρ-

2212 4867 2374 4933 χικῶς
2412 4864 2545 4930 μετὰ
2572 4863 2774 4913 όθονίου
2820 4861 3203 4928 κεκοσμημένη
3245 4858 3290 4888 ⁸⁸
3322 4857 3539 4917 λευκοῦ,
3566 4856 3750 4917 καθὼς

2212 4956 2301 5005 καὶ
2335 4952 2490 5002 τοῦτο
2537 4951 2621 5000 διὰ.
2655 4950 2745 4999 τοῦ
2798 4948 3046 5015 ῥηθέντος
3078 4946 3443 5013 θεσπίσματος
3495 4945 3750 5012 ὥρισται,

2216 5045 2304 5093 καί
2353 5039 2453 5090 ὑπὸ
2483 5037 2879 5101 ὲξκουϐιτώρων
2931 5037 3426 5105 δορυτορούμενονς
3458 5034 3515 5085 Ei
3549 5034 3620 5100 μή
3656 5048 3751 5093 τις

1832 5172 2056 5224 VARI/15
2091 5168 2472 5229 LECTIONES.

664 5266 702 5295 ⁸³
725 5266 1142 5333 κεκοσμημένον.

2113 5371 2328 5426 ΝυίζδΕ.

663 5472 770 5536 (64]
803 5471 928 5524 Nota
968 5470 1256 5533 cardinales
1286 5470 1529 5522 Evcleshe
1583 5468 1732 5521 Rom.
1784 5470 1906 5521 olim
1969 5468 2243 5521 duodecim
2285 5464 2463 5517 fuisse.
