4004 6494
225 329 366 396 1049

1615 329 2014 392 MEDl'l'ATA.

3258 318 3395 385 l030

232 441 392 519 λέγει
413 452 780 523 προτιμητέαν
807 447 943 505 εἶναι
973 449 1072 522 τὴν
1112 453 1349 520 κεφαλὴν
1379 454 1473 522 τῆς
1505 450 1698 520 χειρὸς,
1726 449 1758 515 ἢ

1878 448 2090 500 .‘tlonettt
2146 455 2410 502 statutum
2467 457 2590 513 est,
2656 460 2710 503 et
2765 448 3134 502 excubitorum
3193 447 3386 502 habeat

234 542 392 596 ἄλλου
429 545 618 613 μέλους
648 542 741 594 τοῦ
771 540 1038 610 σώματος.
1080 542 1246 594 Τοῦτο
1289 541 1393 609 γάρ
1413 540 1500 593 διὰ
1545 540 1639 609 τὴν
1671 540 1761 590 εὐ-

235 629 422 698 ήθειαν
452 630 513 682 οὐ
558 626 1027 697 παραλληλίζεται.
1084 625 1224 681 ⁹Α).λ⁹
1271 626 1544 680 ὲπανιτέον
1574 625 1691 678 ὅθεν
1735 625 1766 676 ό

240 719 397 786 λόγος
449 717 734 786 μετέπεσε,
773 715 866 769 καὶ
905 715 1185 784 ζητητέον,
1241 716 1384 770 τίνος
1443 715 1601 784 χάριν
1657 715 1764 767 τῶν

241 808 341 878 μὲν
380 806 552 860 ἄλλων
600 806 869 875 σεκρέτων
896 807 944 856 oi
991 804 1392 873 προκαθήμενοι
1445 804 1623 872 μόνοις
1675 804 1763 868 ιε-

246 893 638 963 υπηριτοῦνται
672 895 1005 963 σεκρετικοῐς
1025 892 1346 954 ϐουλευταῖς
1366 895 1394 945 ό
1419 893 1474 947 δὲ
1499 891 1764 963 χαρτοφύ-

235 979 338 1044 λαξ
358 981 596 1047 τάγμασι
618 980 814 1042 διτταῖς
835 979 1161 1049 διακονητῶν
1192 981 1558 1048 μεγεθύνεται.
1585 981 1766 1049 Φαμὲν

237 1065 352 1133 οὖν,
384 1070 463 1122 ὃτι
490 1070 556 1122 τὰ
579 1069 669 1122 τοῦ
702 1070 1105 1138 χαρτοφύλακος
1137 1070 1313 1122 δίκαια
1328 1069 1569 1138 ψυχικῶν
1596 1073 1766 1139 ῥυπα-

240 1157 461 1224 σμάτων
493 1157 596 1208 εἰσὶ
622 1156 980 1227 καθαρτήρια,
999 1158 1090 1209 καὶ⁵
1108 1157 1422 1227 νοσημάτων
1445 1159 1765 1227 σωματικῶν

239 1244 573 1315 ἀλεξιτήρια.
609 1246 700 1298 Διὸ
749 1247 842 1299 καὶ
883 1246 1205 1311 τετύπωται,
1251 1247 1539 1315 ταγμάτων
1580 1246 1766 1300 διττῶν

242 1331 534 1398 ὕπουργοῖς
551 1332 688 1384 αὐτά
714 1331 999 1384 κατιυθύνε
1009 1331 1152 1386 σθαι.
1179 1334 1273 1386 Ἂν
1293 1335 1421 1400 γοῦν
1439 1333 1767 1403 θεμιστεύων

248 1422 606 1490 προκάθηται,
642 1423 734 1472 καὶ
786 1422 1070 1474 δικαστικά
1114 1423 1358 1486 διῦλίζων
1382 1426 1643 1492 νοήματα,
1681 1427 1768 1479 νό-

249 1527 381 1579 μους
415 1510 655 1578 συνάπτῃ
706 1511 951 1578 νομίμοις
989 1511 1412 1580 θεσπιωδήμασι,
1453 1514 1546 1565 καὶ
1583 1516 1767 1567 κανόσι

245 1599 476 1659 κανόνας
522 1598 821 1666 ἀρμο).ογῇ,
876 1600 942 1652 ἀν
997 1600 1284 1667 δικολογῶν
1339 1604 1622 1671 προτάσεις
1674 1605 1769 1657 καὶ

245 1687 542 1748 ἀντιθέσεις
571 1687 904 1756 σφυρηλατῇ,
941 1689 1031 1740 καὶ
1073 1689 1167 1750 τάς
1196 1690 1292 1756 μὲν
1331 1691 1666 1763 ἀποσμιλεύῃ
1701 1695 1762 1762 τῇ

1862 535 2218 590 satellitium?
2263 536 2363 589 nisi
2410 537 2531 604 quis
2576 536 2752 590 dicere
2803 535 2956 599 velit,
3003 537 3120 604 plus
3164 537 3388 594 honoris

1861 621 2206 676 deferendum
2237 623 2418 689 capiti,
2444 637 2604 690 quam
2627 621 2832 684 manui,
2859 623 2941 677 vel
2967 623 3118 677 alteri
3145 625 3389 678 membro

1863 710 2128 776 corporis.
2160 709 2292 763 Nam
2323 709 2435 762 haec
2464 712 2812 775 comparatio,
2844 724 2942 763 ceu
2966 710 3150 774 stulta,
3178 723 3285 764 non
3307 710 3391 762 in-

1862 799 2126 858 stituitur.
2167 797 2271 854 Sed
2304 799 2660 864 redeundum,
2705 800 2844 854 unde
2868 800 3083 854 deﬂexit
3111 803 3308 862 oratio.
3336 810 3392 854 et

1866 887 2239 956 inquirendum
2275 926 2291 950 ,
2355 886 2700 954 quamobrem
2773 887 2996 940 aliorum
3055 894 3387 941 secretorum

1862 977 2118 1045 praesides
2169 977 2445 1032 secreticis
2515 976 2774 1030 duntaxat
2829 976 3062 1031 servitiis
3112 989 3330 1032 utantur
3373 995 3390 1032 :

1864 1078 1986 1119 cum
2025 1065 2387 1120 chartularius
2418 1065 2755 1118 auctoritatis
2786 1065 3004 1132 majoris
3033 1079 3194 1121 causa
3223 1067 3392 1136 gemi-

1864 1169 1964 1208 nos
2002 1154 2192 1209 habeat
2237 1155 2608 1208 ministrorum
2649 1154 2884 1208 ordines.
2914 1154 3096 1224 Itaque
3139 1157 3390 1223 dicimus,

1866 1242 1919 1296 in
1949 1257 2012 1297 eo
2039 1243 2243 1297 versari
2283 1244 2405 1310 jura
2433 1242 2766 1307 chartularii,
2795 1253 2850 1295 ut
2874 1244 3173 1298 animorum
3204 1247 3392 1302 sordes

1867 1337 2145 1399 expurget,
2163 1344 2225 1382 ac
2252 1331 2452 1385 morbis
2476 1332 2749 1398 corporeis
2777 1332 3096 1385 medicinam
3121 1334 3390 1390 adhibeat.

1867 1417 2097 1486 Ideoque
2137 1425 2396 1472 statutum
2431 1428 2533 1482 est,
2567 1418 2680 1472 hac
2722 1434 2842 1473 esse
2869 1420 3144 1488 dirigenda
3183 1437 3277 1489 per
3304 1438 3395 1492 ge-

1868 1507 2135 1559 tninorum
2170 1507 2417 1559 ordinum
2449 1506 2814 1561 administros.
2849 1508 2970 1562 Sive
2997 1511 3158 1578 igitur
3181 1511 3273 1578 jus
3309 1513 3394 1566 di-

1867 1609 1994 1647 cens
2037 1594 2338 1662 praesideat,
2383 1605 2437 1648 et
2498 1593 2818 1660 judiciarios
2862 1599 3144 1665 percolens
3188 1600 3395 1654 intelle-

1871 1691 2009 1745 ctus,
2049 1682 2191 1750 leges
2225 1697 2345 1736 cum
2391 1683 2564 1751 legum
2604 1685 2968 1739 sanctionibus
2998 1697 3298 1756 componat,
3339 1699 3394 1744 et

246 1773 399 1843 λυδία
431 1775 525 1843 τῆς
575 1775 930 1840 διαγνώσεως,
981 1778 1076 1836 τὰς
1121 1777 1177 1829 δδ
1233 1779 1628 1848 παραδέχηταιο
1677 1782 1769 1834 καὶ

1878 1784 2104 1823 canones
2150 1784 2269 1823 cum
2321 1771 2621 1826 canonibus
2673 1773 2962 1831 conciliet:
3022 1776 3134 1828 sive
3196 1792 3390 1831 causas

248 1860 418 1923 τέλος,
441 1861 506 1912 ἀν
531 1860 736 1925 κρίσεις
755 1863 1155 1932 πατριαρχικῶν
1175 1865 1434 1934 νοταρίων
1449 1866 1768 1938 ζυγοστατῇ,

251 1954 582 2017 σεκρετικῶν
629 1949 922 2012 διαλαλιαΐς
979 1951 1324 2018 μεγαλύνεται
1347 1969 1361 1985 ο
1409 1954 1501 2006 καὶ
1551 1956 1771 2023 μᾶλλον,

252 2037 381 2090 ὅταν
419 2038 477 2089 τὸ
505 2038 847 2107 δικαστήριον
871 2040 927 2090 ἐν
954 2039 1129 2107 μόνοις
1150 2041 1428 2110 πράγμασι
1454 2042 1774 2113 στημονίζη·

249 2141 359 2178 ται.
398 2126 458 2178 El
504 2127 560 2178 δὲ
595 2126 927 2196 προκάθηται
950 2127 1188 2196 ψυχικῶν
1215 2130 1651 2199 ἀρρωστημάτων
1690 2132 1776 2183 θε-

253 2213 484 2282 ραπείαν
538 2214 870 2282 ποιούμενος,
930 2215 1021 2265 καὶ
1084 2217 1391 2282 σεσηπότων
1455 2219 1774 2288 τραυμάτων

250 2302 707 2370 ἀπισκεπτόμενος
729 2303 1069 2372 κακοήθειαν,
1097 2305 1169 2373 πῆ
1191 2305 1286 2372 μὲν
1312 2307 1510 2376 σιδήρῳ
1528 2307 1774 2376 χωνεύων

1870 1873 2055 1927 agens,
2101 1859 2492 1928 pr0positiones
2535 1871 2586 1913 et
2634 1860 2957 1926 objectiones
2999 1864 3099 1918 sub
3145 1865 3390 1921 incudem

1870 1954 2102 2008 revocet,
2133 1955 2187 1999 et
2230 1947 2326 2000 bas
2369 1947 2580 2014 quidem
2627 1949 2771 2000 velut
2801 1949 3019 2004 abradat
3050 1968 3144 2022 per
3169 1951 3394 2023 Lydium

1874 2033 2199 2102 cognitionis
2250 2035 2500 2102 lapidem,
2547 2036 2664 2089 illus
2706 2037 2977 2104 admittat;
3024 2041 3136 2094 sive
3167 2042 3396 2112 denique

1869 2123 2068 2191 judicia
2113 2123 2442 2176 notariorum
2485 2126 2918 2192 patriarchalium
2964 2130 3252 2197 penderet,
3300 2149 3395 2201 per

1873 2213 2254 2267 secreticorum
2285 2213 2653 2266 ministrorum
2690 2214 2899 2270 decreta
2927 2209 3170 2287 magnam
3208 2232 3399 2276 aucto-

1872 2301 2082 2355 ritatem
2112 2302 2490 2369 consequitur;
2522 2305 2814 2371 praesertim
2847 2321 2965 2359 cum
2995 2309 3127 2363 solis
3155 2311 3208 2364 in
3236 2313 3398 2367 rebus

255 2391 348 2442 τοῦ
379 2390 584 2452 πάθους
615 2391 709 2458 τὴν
748 2391 1100 2459 ὐπουλότητα,
1134 2395 1208 2460 πῆ
1231 2395 1275 2445 δ’
1304 2395 1616 2449 ἑπιπάσσων
1640 2397 1774 2464 ηπια

1878 2389 2127 2456 iudicium
2163 2390 2312 2443 texit.
2355 2390 2446 2444 Sin
2481 2392 2554 2444 ita
2594 2394 2858 2459 praesidet,
2907 2404 2962 2449 ut
2990 2398 3397 2466 egritudinibus

256 2479 542 2547 φάρμακα,
587 2478 733 2546 παρά
774 2479 870 2546 τῆς
906 2478 1108 2541 τάξεως
1141 2481 1480 2548 ὑπηρετείται
1527 2484 1632 2535 τῶν
1661 2485 1777 2536 ὲπι-

258 2569 611 2621 σκοπειανῶν.
664 2569 726 2620 El
779 2568 821 2619 δ’
854 2569 998 2621 ἐστιν
1028 2570 1114 2621 ὅτε
1169 2571 1306 2622 κατά
1357 2571 1627 2642 διορισμὸν
1675 2591 1776 2626 πα-

254 2656 592 2724 τριαρχικὺν,
617 2656 737 2708 τινὰ
782 2657 889 2709 τῶν
929 2658 1233 2727 προνομίων
1279 2661 1479 2714 τούτων
1533 2680 1777 2732 παρασα-

252 2741 508 2803 λεύοιντο,
539 2743 672 2803 τέως
701 2743 808 2808 ἐγὼ
830 2744 1023 2808 ἀγνοῶ,
1058 2747 1148 2796 καὶ
1187 2748 1506 2816 συγγνώμης
1542 2750 1775 2819 ἀξιωθή-

253 2845 440 2897 σομαι,
473 2831 569 2899 τὴν
598 2830 826 2883 παλαιὰν
850 2832 1206 2886 ἀναδιδάσκων
1232 2835 1541 2903 παράδοσιν.
1565 2837 1775 2890 Τούτων

255 2914 348 2972 οὖν
385 2918 525 2971 οὕτω
562 2920 736 2981 καλῶς
779 2921 1269 2990 διευκρινηθέντων,
1302 2924 1372 2986 ὡς
1414 2922 1582 2995 οἶμαι,
1613 2929 1775 2994 ἀναγ-

1873 2478 2038 2530 animi
2071 2480 2363 2532 remedium
2395 2479 2665 2544 adhibeat,
2691 2489 2743 2535 et
2764 2484 3090 2549 putridorum
3117 2488 3394 2543 vulnerum

1875 2565 2166 2620 foeditatem
2210 2567 2486 2634 inspiciat,
2535 2583 2596 2622 ac
2638 2585 3016 2638 nonnunquam
3052 2574 3195 2628 l‘crro
3227 2578 3396 2634 latens

1878 2653 1991 2706 vitii
2031 2653 2229 2706 malum
2275 2657 2482 2717 adurat,
2520 2671 2899 2726 nonnunquam
2936 2661 3077 2714 milia
3124 2663 3394 2736 inspergat

1875 2743 2300 2807 medicamenta,
2354 2744 2557 2798 ordinis
2601 2746 3060 2814 episcopianorum
3103 2752 3400 2811 ministerio

1878 2832 2065 2884 utitur.
2121 2833 2201 2884 An
2246 2848 2368 2885 vero
2414 2833 2681 2887 interdum
2724 2835 2801 2890 sic
2843 2837 3064 2903 jubente
3095 2855 3157 2895 ac
3190 2844 3400 2900 volente

1879 2920 2181 2987 patriarcha
2215 2921 2521 2984 usuvcniat,
2572 2933 2629 2978 ut
2679 2922 2894 2991 aliquod
2942 2925 3129 2982 borum
3179 2933 3399 2999 privile-

263 3010 411 3060 καῖον
440 3009 578 3070 ἔδοξέ
621 3026 707 3077 μοι
735 3012 951 3078 ποιῆσαι
981 3015 1069 3064 καὶ
1097 3013 1229 3080 πρὸς
1252 3015 1340 3066 τὸν
1380 3016 1516 3068 κατά
1556 3019 1774 3086 καιροὺς

1879 3009 2088 3076 giorum
2117 3010 2234 3062 loco
2265 3020 2567 3076 moveatur;
2592 3012 2836 3079 equidem
2869 3015 3008 3068 scire
3032 3031 3135 3070 non
3161 3034 3374 3086 possum

256 3073 640 3163 χαρτοφύλακα
673 3073 884 3149 δικαία-ν
914 3073 1153 3160 ἀξίωσιν.
1183 3073 1420 3156 Δῗέσποτά
1456 3120 1555 3168 μου
1584 3073 1775 3173 χαιρτοξ

1881 3102 1933 3145 et
1978 3095 2184 3147 veniam
2229 3097 2488 3158 merebor,
2512 3099 2602 3163 qui
2645 3100 3084 3153 consuetudinem
3124 3105 3399 3174 antiquam

258 3183 454 3249 φύλαξ,
520 3184 581 3234 τὸ
636 3185 990 3252 ὲμπιστευθέν
1047 3205 1127 3239 σοι
1185 3190 1436 3241 τάλαντον
1491 3192 1596 3243 ἀπὸ
1645 3193 1776 3245 Θεοῦ

260 3272 714 3340 παντοκράτορος,
751 3273 823 3341 μὴ
857 3275 1231 3343 καταχωσθείη
1261 3278 1345 3328 διὰ
1372 3279 1630 3348 νωθρείαν
1663 3298 1775 3345 σου,

260 3358 347 3409 ἶνα
380 3357 453 3425 μὴ
485 3359 714 3427 ἀκούσῃς
737 3360 915 3421 δοῦλος
940 3361 1164 3429 πονηρὸς
1183 3363 1274 3414 καὶ
1306 3364 1590 3433 ἀχάριστος
1610 3382 1623 3396 ·
1648 3367 1780 3435 μηδὲ

259 3446 318 3497 τὺ
351 3447 530 3514 κέρμα
557 3447 660 3498 τῶν
703 3449 948 3516 μεγάλων
984 3452 1283 3518 προνομίων
1305 3453 1464 3505 αὐτοῦ
1502 3455 1778 3524 προδοθείη

271 3534 413 3586 κατά
446 3534 540 3602 σὴν
575 3536 772 3603 πολλὴν
800 3538 1094 3590 ἐπιείκειαν
1117 3555 1131 3569 ο
1173 3539 1304 3592 άλλά
1332 3541 1619 3612 διαδοθήτω
1648 3545 1781 3611 πρὸς

268 3621 616 3689 τραπεζίτας,
657 3623 749 3674 καὶ
777 3623 1308 3694 διπλασιασθήσεται.
1338 3629 1541 3681 Σκοπόν
1575 3647 1632 3681 σε
1661 3648 1784 3685 κατ-

261 3707 455 3776 έστησε
507 3709 752 3778 δεύτερον
795 3713 822 3763 ὁ
870 3712 998 3774 Θεὸς
1043 3713 1129 3765 διὰ
1176 3715 1352 3783 χειρὸς
1407 3718 1780 3786 ὲπισκοπικῆς.

265 3795 570 3847 Κάντεῦθεν
598 3800 685 3847 ἐπὶ
723 3797 797 3864 τῷ
830 3801 1048 3866 στόματί
1093 3817 1183 3853 σου
1229 3801 1422 3864 πάντες
1453 3805 1781 3873 εἰσέρχονται

261 3887 343 3943 είς
378 3882 521 3936 οῐκον
548 3885 677 3937 Θεοῦ
708 3889 1154 3958 παντοκράτορος,
1205 3891 1296 3942 καὶ
1339 3893 1427 3942 ἐπὶ
1456 3892 1530 3960 τῷ
1561 3895 1783 3962 στόματί

264 3988 359 4023 σου
394 3973 720 4040 ἐξέρχονται.
761 3975 850 4045 Μὴ
887 3973 977 4028 οὖν
1007 3977 1185 4046 εἴπῃς,
1219 3978 1282 4030 Τί
1327 3979 1502 4049 δοθείη
1549 3999 1658 4049 μοι,
1694 3986 1783 4035 καὶ

262 4061 314 4112 τί
342 4062 656 4130 προστεθείη
690 4081 779 4131 μοι
807 4066 938 4133 πρὸς
974 4067 1236 4134 μέριμναν
1276 4067 1602 4136 ὁλοχρόνιον;
1638 4071 1783 4139 Μηδὲ

267 4151 516 4220 σιγήσῃς,
581 4151 710 4219 μηδὲ
759 4154 1163 4225 καταπραύνῃς,
1226 4156 1355 4222 μηδὲ
1427 4157 1656 4227 λαλήσῃς
1709 4160 1784 4220 ὡς

259 4239 564 4307 ἀνθρώποις
631 4240 904 4308 ἀρέσκων,
965 4238 1115 4294 εἴπεν
1179 4244 1206 4294 ὀ
1278 4245 1444 4311 μέγας
1497 4246 1783 4304 ἀπόστολος

1879 3185 2062 3238 doceo.
2096 3183 2189 3239 His
2219 3186 2380 3250 igitur
2416 3185 2471 3236 in
2497 3185 2637 3236 ltunc
2668 3185 2879 3238 modum
2921 3197 3061 3241 recte
3091 3189 3398 3262 declaratis,

1881 3278 1937 3323 ut
1968 3271 2217 3334 arbitror,
2247 3273 2608 3326 necessarium
2635 3271 2762 3324 tnihi
2786 3274 2963 3326 visum
2994 3283 3095 3338 est,
3124 3286 3182 3330 ut
3201 3280 3400 3346 justam

1881 3359 2185 3427 petitionem
2229 3359 2295 3412 ad
2337 3359 2572 3427 cujusvis
2612 3362 2865 3429 temporis
2897 3362 3275 3420 chartularium
3318 3371 3402 3424 in-

1882 3447 2118 3499 Stituam.
2166 3446 2387 3500 Domine
2421 3447 2493 3500 mi
2539 3447 2941 3518 chartopltylax,
2974 3453 3226 3507 talentum
3282 3456 3401 3514 ﬁdei

1884 3544 1984 3588 tuac
2029 3536 2290 3589 creditum
2335 3538 2400 3590 ab
2441 3537 2802 3604 omnipotente
2847 3539 2974 3603 Deo,
3013 3556 3106 3608 per
3136 3545 3398 3611 ignaviam

1883 3633 2027 3677 tuam
2060 3640 2126 3677 ne
2153 3623 2423 3678 defossum
2450 3624 2555 3690 sit;
2589 3639 2653 3678 ne
2681 3640 2868 3679 servus
2891 3642 3114 3696 nequam
3143 3642 3194 3684 et
3225 3635 3400 3702 ingra~

1883 3722 1970 3766 tus
2009 3713 2288 3780 appelleris
2336 3729 2350 3764 :
2401 3727 2534 3764 neve
2574 3727 2883 3779 magnorum
2917 3716 3074 3783 hujus
3107 3723 3259 3774 ollicii
3294 3727 3404 3792 prt-

1883 3801 2192 3867 vilegiorum
2226 3815 2317 3861 a‘s,
2354 3801 2515 3852 nimia
2547 3803 2954 3856 mansuetudine
2983 3814 3067 3857 tua
3101 3811 3358 3876 prodatur
3385 3852 3401 3876 ,

1884 3887 1974 3939 sed
2007 3890 2143 3938 inter
2182 3887 2566 3938 nummularius
2593 3887 2969 3952 distribuatur,
2999 3901 3051 3946 et
3081 3895 3399 3964 duplicetur.

1884 3977 2122 4027 Alterum
2169 3983 2216 4028 te
2256 3989 2474 4043 scopum
2517 3975 2652 4029 Deus
2686 3991 2778 4043 per
2807 3980 3154 4047 episcopalem
3186 4001 3398 4044 manum

1891 4063 2193 4117 constituit.
2239 4063 2356 4126 Quo
2412 4063 2488 4126 iit,
2535 4072 2591 4115 ut
2629 4065 2692 4116 ad
2739 4078 2798 4118 os
2839 4077 2983 4119 tuum
3028 4073 3402 4138 omnipotentis

1886 4150 1981 4202 Dei
2023 4150 2240 4201 domum
2287 4163 2473 4201 omnes
2519 4149 2904 4217 ingrediantur,
2948 4162 2999 4207 et
3041 4158 3105 4207 ad
3145 4172 3206 4210 os
3253 4169 3398 4216 tuum

1884 4237 2242 4304 egrediantur.
2286 4236 2400 4290 Non
2445 4253 2572 4306 ergo
2623 4238 2822 4295 dixeris
2867 4257 2880 4294 :
2932 4243 3066 4306 Quid
3111 4246 3224 4299 dari
3269 4251 3399 4304 mihl

261 4327 491 4389 Παῦλος,
532 4328 648 4379 κατ’
690 4331 890 4380 ἐκεῖνον
936 4329 1027 4381 τὸν
1075 4332 1306 4398 πονηρὸν
1357 4332 1637 4399 μισθωτὸν,
1687 4333 1774 4384 τὸν

1885 4325 2075 4391 possit,
2097 4334 2148 4375 et
2176 4324 2301 4392 quid
2334 4323 2491 4390 adjici
2528 4324 2592 4377 ad
2611 4326 3018 4380 sollicitudinem
3063 4338 3403 4400 perpetuam!

261 4413 388 4467 καθ’
417 4417 602 4468 ἑαυτὸν
654 4416 1006 4486 ψιθυρίσαντα
1033 4433 1046 4447 ·
1078 4419 1136 4468 τὸ
1183 4419 1424 4470 ἐκλεῖπον
1468 4420 1779 4483 ὲκλειπέτω,

261 4504 318 4554 τό
349 4503 770 4573 ἑσκορπισμένον
802 4507 874 4574 μὴ
907 4507 1210 4574 συναχθείη,
1239 4506 1331 4558 καὶ
1376 4508 1435 4558 τδ
1471 4524 1785 4576 συντετριμ-

265 4593 424 4659 μένον
453 4593 527 4660 μὴ
549 4593 915 4660 όλομεληθείη.
966 4595 1146 4662 Ἀρκεῖ
1171 4595 1274 4662 γὰρ
1316 4597 1379 4662 τῇ
1414 4595 1591 4664 ἡμέρᾳ
1620 4598 1651 4663 ἡ
1683 4613 1783 4647 κα-

263 4681 358 4732 κία
412 4681 597 4747 αὐτῆς.
652 4681 808 4733 Ἀλλά
849 4683 1073 4749 σήρυξον
1125 4683 1505 4746 άποστολικῶς,
1561 4683 1785 4734 ἐνώπιον

263 4767 398 4820 Θεοῦ
431 4768 526 4834 τὴν
574 4768 844 4834 ἀλήθειαν.
904 4770 1181 4836 Ἐπίστηθι
1210 4770 1493 4838 εὐκαίρως,
1527 4773 1782 4840 ἀκαίρως,

264 4855 499 4922 ἰλεγξον,
552 4857 885 4926 ἐπιτίμησον,
946 4859 1340 4926 παρακάλεσον,
1392 4862 1784 4928 κακοπάθησον,

268 4946 427 5016 ἔργον
476 4944 694 5010 ποίησον
754 4944 1148 5010 εὐαγγελιστοῦ,
1200 4947 1298 5015 τὴν
1373 4947 1639 5000 διακονίαν
1694 4964 1784 4999 σου

268 5036 698 5104 πληροφόρησον.
735 5033 843 5083 Καὶ
871 5033 1007 5100 τάχα
1036 5033 1291 5094 νεανικῶς
1333 5035 1469 5086 οὕτω
1507 5034 1596 5085 τὸν
1630 5034 1789 5084 καλὸν

269 5125 454 5192 ἀγῶνα
497 5121 632 5174 κατὰ
660 5121 719 5173 τὸ
758 5121 1101 5190 ἀπῃτημένον
1134 5123 1550 5188 ἀγωνισάμενος,
1580 5124 1670 5173 καὶ
1696 5122 1790 5190 τὴν

271 5214 540 5268 διακονίαν
621 5228 711 5262 σου
777 5213 1115 5280 συντηρήσας
1197 5212 1630 5264 ἀνεπιϐούλευτον
1700 5213 1791 5264 καὶ

271 5304 557 5370 ἀμείωτον,
604 5302 659 5350 ἑν
703 5299 789 5367 τῷ
815 5299 997 5367 μηδενὶ
1023 5300 1085 5353 ἂν
1129 5299 1460 5371 ταπεινώσῃς
1491 5301 1612 5361 τοὺς
1647 5301 1791 5352 ἀντι-

272 5392 587 5449 πίπτοντας,
628 5389 717 5440 καὶ
759 5389 920 5455 ἐρεῖς,
970 5389 1070 5440 Τὸν
1121 5387 1313 5454 δρόμον
1368 5389 1639 5450 τετέλεκα,
1696 5388 1791 5456 τὴν

277 5479 456 5530 πίστιν
483 5478 775 5544 τετήρηκα.
810 5477 1003 5529 Λοιπὸν
1032 5477 1310 5529 ἀπόκειταί
1340 5494 1426 5543 μοι
1461 5479 1555 5545 τῆς
1591 5477 1790 5532 δικαιο-

276 5570 436 5633 σύνης
460 5569 485 5618 ό
519 5567 796 5633 στέφανος.
844 5568 936 5628 Ὂς
966 5568 1054 5619 καὶ
1083 5567 1356 5635 ὅτιθὴσεττιί
1391 5583 1467 5619 σοι
1495 5567 1638 5634 παρὰ
1663 5548 1790 5616 ίίεοῦ

1883 4413 2025 4466 Neve
2077 4412 2328 4473 tacueris,
2360 4427 2456 4466 nec
2484 4412 2819 4478 demulscris,
2849 4430 2946 4469 nec
2977 4417 3184 4473 locutus
3215 4421 3399 4489 fueris,

1883 4501 2047 4554 veluti
2082 4501 2171 4568 qui
2207 4500 2514 4554 hominibus
2547 4503 2752 4568 placere
2781 4503 2932 4569 velis,
2974 4505 3148 4574 inquit
3179 4525 3399 4578 magnus

1885 4593 1972 4644 ille
1995 4591 2188 4643 Paulus
2210 4591 2502 4660 apostolus,
2526 4593 2692 4645 instar
2716 4593 2856 4646 illius
2891 4597 3034 4662 pravi
3064 4603 3400 4665 mercenarii,

1887 4679 1976 4744 qui
2019 4678 2157 4743 apud
2201 4678 2542 4743 semetipsum
2592 4681 2951 4734 susurrabat:
2986 4683 3218 4747 Deﬁciat,
3263 4688 3400 4754 quod

1887 4766 2091 4827 deﬁcit,
2133 4766 2430 4833 dispersum
2477 4782 2581 4820 non
2627 4768 2921 4835 colligatur,
2963 4774 3250 4827 contritum
3296 4790 3398 4828 non

1888 4855 2298 4922 rcdintegretur.
2348 4854 2549 4908 Sullicit
2599 4871 2831 4924 namque
2877 4859 2979 4911 diei
3025 4859 3238 4914 alllictio
3284 4877 3404 4918 sua.

1887 4944 1988 4998 Sed
2021 4946 2197 5012 potius
2237 4943 2530 5012 apostolico
2560 4960 2709 4998 more
2740 4947 3010 4999 veritatem
3041 4948 3092 5001 in
3118 4962 3402 5018 conspectu

1889 5033 1980 5087 Dei
2015 5034 2320 5101 praedicata.
2349 5032 2490 5085 insta
2514 5043 2830 5100 opportune,
2856 5033 3172 5099 importune.
3206 5038 3407 5090 Redar-

1891 5136 2012 5190 gue,
2049 5123 2282 5189 increpa,
2315 5121 2616 5184 cohortare,
2650 5121 2880 5173 tolerans
2904 5129 3038 5182 esto.
3067 5122 3149 5176 fac
3178 5125 3404 5178 olIicium

1891 5211 2247 5278 evangelista,
2282 5209 2636 5262 ministerium
2675 5216 2820 5260 tuum
2854 5209 3034 5276 imple.
3067 5211 3140 5263 Ae
3167 5211 3406 5265 fortassis

1893 5299 1964 5351 ita
1999 5298 2306 5366 juveniliter
2341 5297 2583 5351 absoluto
2611 5296 2865 5365 praclaro
2897 5299 3207 5364 certamine,
3249 5309 3407 5366 prout

1894 5390 1989 5441 abs
2019 5395 2070 5443 te
2103 5387 2426 5456 postulatum
2468 5385 2647 5447 fuerit,
2683 5396 2734 5438 et
2767 5395 3083 5439 conservato
3113 5388 3411 5441 ministerio

1897 5486 1986 5530 tuo
2027 5478 2157 5528 citra
2205 5475 2446 5533 insidias.
2484 5488 2544 5526 ac
2591 5473 2806 5526 minime
2840 5474 3128 5535 deminuto,
3173 5473 3224 5526 itt
3268 5477 3412 5527 nullo

1898 5564 2201 5620 llUilllllalilS
2244 5565 2607 5629 adversantes,
2644 5579 2701 5615 ac
2731 5563 2874 5616 diccs
2899 5582 2908 5612 :
2935 5562 3158 5616 Cursum
3187 5562 3412 5626 abso'vi,
