4004 6468
608 246 738 318 1051

1841 268 2115 333 ΤΠΕΟΙ).
2158 272 2628 332 ΒΑιδΑΜυΝιδ

3695 270 3813 336 Ιθῦἓ

607 389 766 441 tidem
808 391 1149 442 conservari.
1184 389 1255 443 De
1288 399 1485 444 Caelero
1518 391 1751 458 reposita
1785 394 1913 445 mihi
1950 403 2031 447 est
2064 409 2125 447 eo

2227 432 2239 453 ι
2265 394 2693 463 παντοκράτορος
2726 393 2785 444 ἓν
2815 408 2873 443 τε
2901 391 2976 461 τῷ
3004 392 3096 445 νῦν
3133 393 3309 456 αίῶνι,
3352 392 3445 446 καὶ
3472 395 3530 446 ὲν
3573 392 3655 462 τῷ
3690 393 3801 464 μέ-λ-

603 490 737 542 rona
777 477 1023 545 justitiaa.
1055 478 1185 542 Quae
1230 479 1448 545 quidem
1481 479 1699 532 dabitur
1733 481 1825 534 tibi
1871 484 1937 536 ab
1977 485 2150 536 omni-

605 578 821 634 potente
863 568 974 622 Deo
1011 578 1117 621 tam
1166 568 1220 621 in
1270 570 1370 622 hoc
1418 571 1635 633 saeculo,
1666 586 1825 638 quam
1864 574 1918 627 in
1948 574 2153 636 futuro,

602 654 766 721 idque
811 656 861 707 in
908 654 1123 710 Christo
1169 654 1292 710 Jcsu
1342 657 1568 711 Domino
1617 668 1824 724 nostro,
1851 663 1939 715 cui
1986 662 2151 731 gloria

600 752 655 798 ct
683 746 965 814 imperium
995 747 1047 800 iu
1079 748 1302 803 saecula.
1338 748 1532 801 Amen.

1216 855 1525 912 EJUSDEM

603 962 860 1034 Cognitio,
904 967 969 1020 de
1014 969 1305 1037 disreplala
1346 969 1399 1020 in
1442 971 1635 1037 synodo
1684 973 1985 1037 quiestione,
2029 992 2150 1027 num

737 1050 871 1088 unus
907 1046 956 1089 et
984 1036 1120 1088 idem
1155 1036 1359 1089 duabus
1384 1036 1605 1091 solirint's
1627 1041 1779 1108 jungi
1811 1041 2015 1116 debeat.

663 1218 1072 1271 Atheniensium
1107 1226 1216 1269 tam
1245 1219 1528 1288 indigenae,
1558 1234 1721 1288 quam
1751 1222 1988 1285 advenae,
2014 1226 2144 1278 nulli

595 1306 686 1360 alii
718 1307 796 1359 rei
837 1306 1121 1370 vacabant,
1151 1309 1325 1374 inquit
1358 1324 1581 1376 magnus
1616 1312 1701 1362 ille
1734 1309 1952 1374 Paulus,
1985 1329 2143 1382 quam

594 1405 654 1448 ιιι
686 1395 888 1462 aliquid
928 1398 1052 1448 novi
1103 1405 1214 1449 tum
1264 1396 1587 1465 proferrent,
1624 1409 1733 1450 tuzn
1778 1401 2047 1455 audirent.
2080 1407 2147 1458 At

592 1501 723 1540 vero
778 1485 1019 1539 Ecclesia
1054 1484 1167 1547 Dei.
1199 1488 1279 1541 vel
1317 1503 1470 1541 sacra
1517 1489 1697 1555 potius
1740 1494 1883 1558 regia
1917 1496 2145 1547 sanctis-

591 1577 740 1628 sima:
798 1574 887 1627 Dei
960 1575 1180 1643 majoris
1235 1575 1508 1639 Ecclesiae,
1562 1596 1587 1630 ιι
1640 1595 1752 1634 sant
1775 1584 1844 1636 tis
1893 1581 2142 1638 Pati-ibus

2259 483 2422 543 λοντι,
2457 485 2513 536 ὲν
2545 483 2763 552 Χριστῷ
2803 483 2975 552 Ἰησοῦ
3016 481 3093 551 τῷ
3118 483 3302 552 Κυρίῳ
3339 483 3519 554 ἡμῶν,
3560 476 3607 551 ᾧ
3634 484 3667 553 ἡ
3693 484 3804 549 δόξα

2260 575 2350 626 καὶ
2376 574 2435 625 τὸ
2464 573 2659 641 κράτος
2684 574 2763 635 είς
2792 572 2916 639 τοὺς
2937 574 3157 635 αἰῶνας.
3200 574 3387 644 Ἀμήν.

2817 864 2953 919 ΤΟΥ
3004 864 3235 919 ΑΥΤΟΥ

2255 974 2594 1045 Διάγνωσις,
2633 975 2806 1041 χάριν
2838 975 2944 1045 τοῦ
2964 976 3331 1042 λαληθέντος
3355 976 3701 1042 συνοδικῶς
3719 978 3803 1045 (n-

2322 1044 2597 1108 njjtatoc,
2628 1044 2755 1110 περὶ
2781 1043 2906 1102 τοῦ,
2953 1045 3004 1096 εί
3049 1045 3163 1111 χρὴ
3198 1045 3304 1097 τὸν
3348 1046 3539 1099 αὐτὸν
3571 1046 3673 1099 καὶ
3704 1043 3803 1100 ἕνα

2323 1111 2459 1164 δυσὶ
2490 1110 2953 1179 ὃισεξαδέλφαις
2982 1112 3416 1169 σινὰπτεσθαι.

2319 1223 2379 1273 Oi
2409 1224 2516 1273 τῶν
2563 1222 2858 1292 Ἀθηναίων
2896 1221 3157 1290 ἰθαγενεῖς
3196 1224 3289 1275 καὶ
3347 1224 3685 1294 προσήλυτοι
3730 1227 3805 1288 είς

2246 1310 2396 1362 οὐδὲν
2434 1311 2617 1382 ἕτερον
2662 1312 2969 1380 εὐκαίρουν,
3018 1315 3046 1364 6
3088 1313 3261 1380 μέγας
3299 1312 3512 1375 Παῦλός
3550 1316 3799 1385 (namq

2246 1398 2421 1464 λέγειν
2452 1416 2503 1451 τι
2535 1401 2629 1450 καὶ
2672 1400 2887 1451 ἀκούειν
2918 1400 3249 1468 καινότερον,
3297 1400 3361 1452 Ἦ
3408 1401 3707 1471 Ἐκκλησία
3747 1403 3800 1455 δὲ

2243 1486 2337 1538 τοῦ
2364 1488 2520 1550 Θεοῦ,
2554 1489 2648 1538 καὶ
2678 1488 2879 1555 μᾶλλον
2907 1488 2964 1539 τὸ
2991 1487 3134 1539 θεῖον
3158 1488 3457 1556 ἀνάκτορον
3485 1493 3585 1558 τῆς
3641 1491 3801 1558 ἀγιω-

2242 1576 2406 1643 τάτης
2432 1575 2527 1627 τοῦ
2564 1575 2696 1627 Θεοῦ
2732 1577 2968 1644 μεγάλης
3004 1577 3352 1646 Ἐκκλησίας,
3402 1580 3469 1631 τά
3498 1580 3649 1649 παρά
3695 1582 3798 1634 τῶν

590 1664 805 1715 decreta
851 1666 1242 1729 corroborans,
1274 1680 1485 1718 Olllllt'lll
1528 1673 1952 1737 superﬂuitatem
1986 1674 2125 1726 novit

2242 1663 2410 1728 ἀγίων
2442 1664 2701 1733 Πατὲρων
2747 1663 3175 1732 δογματισθέντα
3203 1666 3569 1735 κρατύνουσα,
3612 1669 3798 1738 προθέ-

595 1755 721 1806 tatis
751 1755 986 1821 speciem
1026 1754 1308 1808 habentem
1344 1757 1601 1812 radicitus
1632 1762 1915 1829 exstirpat,
1944 1772 1996 1817 et
2028 1765 2138 1817 cul-

588 1858 735 1896 mum
767 1845 1011 1897 veritatis
1042 1844 1108 1896 ad
1134 1844 1409 1897 feremlum
1442 1846 1673 1900 frui-tum
1704 1853 2010 1920 centuplum
2032 1853 2143 1907 vult

585 1947 850 1987 crescere.
885 1932 1107 1985 Prohcit
1149 1935 1289 1986 enim
1340 1950 1432 2001 per
1478 1935 1565 1993 Dei
1616 1940 1869 2005 gratiam,
1905 1942 1955 1993 in
1992 1944 2137 1996 omni

584 2032 800 2088 accepta
850 2022 957 2075 Deo
1008 2030 1116 2075 tam
1168 2024 1437 2088 oratione,
1469 2033 1625 2093 quam
1675 2030 1909 2095 negotio.
1940 2029 2138 2094 Quam-

584 2112 769 2164 obrem
801 2112 964 2164 etiam
1011 2111 1086 2174 id,
1117 2114 1182 2165 de
1212 2126 1320 2180 quo
1354 2128 1459 2167 non
1501 2114 1573 2166 ita
1612 2116 1818 2183 pridem
1853 2120 2133 2186 quaesitum

583 2212 664 2257 est
694 2205 746 2256 in
786 2203 1016 2273 synodo,
1054 2219 1180 2255 num
1218 2218 1358 2256 unus
1416 2212 1469 2257 et
1515 2205 1653 2259 idem
1708 2206 1918 2261 duabus
1963 2211 2137 2263 sobri-

582 2294 669 2347 nis
721 2293 963 2362 copulari
1017 2293 1238 2355 debeat,
1292 2295 1514 2347 minime
1570 2296 1741 2348 voluit
1791 2313 1887 2352 ceu
1936 2316 2131 2353 novum

584 2385 809 2454 aliquid,
843 2385 896 2437 in
943 2383 1197 2450 angulum
1254 2383 1487 2450 aliquem
1537 2384 1732 2437 cudere
1784 2387 2130 2453 neglectum:

582 2475 673 2527 sed
723 2474 796 2527 uti
840 2488 950 2527 rem
999 2470 1232 2537 alicujus
1266 2471 1524 2523 momenti
1574 2481 1625 2524 et
1664 2473 2034 2539 utilissimam,
2068 2477 2131 2530 ad

580 2580 808 2616 exatnen
843 2565 1114 2631 publicum
1151 2562 1452 2631 proposuit.
1484 2562 1546 2615 Et
1585 2564 1712 2631 quia
1755 2567 2133 2622 sanctissimus

582 2655 671 2705 illo
703 2668 934 2721 sponsus
969 2653 1106 2719 ejus,
1139 2663 1191 2704 et
1219 2654 1602 2707 canonicarum
1641 2654 1987 2708 traditionum
2023 2672 2132 2711 mc-

580 2743 787 2795 tiitalor
815 2740 1287 2808 vigilantissiuius,
1321 2757 1421 2795 nos
1454 2757 1668 2809 quoque
1699 2734 1987 2812 participes
2015 2746 2131 2811 ejus

581 2832 704 2883 lmni
746 2845 866 2883 esse
914 2829 1119 2892 voluit,
1167 2830 1394 2882 dicimus
1441 2829 1651 2897 aliquos
1688 2831 1847 2882 latam
1880 2840 1931 2883 et
1962 2832 2128 2885 oll‘eu-

577 2922 747 2974 siouis
806 2930 1079 2987 expertem
1153 2928 1247 2988 (ut
1304 2918 1405 2987 ipsi
1470 2919 1685 2986 quidem
1748 2920 1931 2989 aiunt)
1988 2923 2127 2974 viam

2244 1753 2440 1822 λυμνον
2462 1754 2681 1823 ἀποσπᾷ
2723 1757 2900 1807 πᾶσαν
2932 1755 3234 1823 καινοφανῆ
3287 1759 3672 1827 περιττότητα,
3705 1759 3793 1811 καὶ

2242 1843 2383 1895 θέλει
2427 1843 2525 1912 τῆς
2571 1844 2827 1912 ἀληθείας
2856 1844 2944 1895 τὸν
2974 1845 3211 1912 ἀσταχυν
3242 1846 3557 1899 ἀνατέλλειν
3607 1849 3793 1900 ἑκατο-

2241 1932 2514 1985 στεύοντα.
2560 1914 2863 2001 Προκόπτει
2890 1934 2996 1999 γὰρ
3037 1936 3102 2002 τῇ
3132 1934 3317 2002 χάριτι
3364 1934 3462 1987 τοῦ
3496 1935 3659 1999 Θεοῦ,
3707 1938 3793 1989 ἐπὶ

2239 2024 2397 2074 παντὶ
2424 2022 2696 2091 θεαρέστῳ
2733 2023 2873 2091 λόγῳ
2912 2022 3003 2075 καὶ
3037 2023 3345 2091 πράγματι.
3380 2026 3480 2079 Διά
3520 2043 3603 2079 τοι
3642 2027 3791 2080 τοῦτο

2237 2113 2330 2163 καὶ
2360 2111 2420 2163 τὸ
2455 2111 2746 2174 συνοδικῶς
2774 2112 3048 2182 ἐρωτηθὲν
3082 2113 3185 2181 πρὸ
3213 2113 3436 2182 μικροῦ,
3472 2117 3602 2184 περὶ
3633 2116 3724 2169 τοῦ
3747 2119 3791 2170 εί

2235 2202 2340 2271 χρὴ
2373 2203 2461 2255 τὸν
2485 2203 2645 2255 αὑτὸν
2677 2203 2767 2256 καὶ
2820 2202 2917 2255 ἕνα
2946 2203 3066 2254 δυσὶ
3095 2202 3498 2274 δισεξαδέλφαις
3530 2207 3789 2260 συνάπτε-

2238 2289 2379 2352 σθαι,
2412 2291 2509 2342 οὐκ
2541 2290 2839 2359 ηὐδόκησεν
2870 2289 2944 2351 ὦς
2976 2308 3027 2342 τι
3076 2293 3441 2361 καινοπρεπὲς
3472 2292 3578 2345 ὑπὸ
3597 2295 3790 2360 γωνίαν

2236 2379 2418 2427 πεσεῖν
2467 2377 2808 2444 ἀτημέλητον
2836 2393 2848 2406 ·
2883 2376 2997 2429 ἀλλ’
3029 2378 3104 2438 ὡς
3143 2378 3434 2431 σπουδαῖον
3478 2380 3575 2432 καὶ
3603 2398 3792 2449 χρησι·

2237 2464 2505 2533 μώτατον,
2532 2466 2610 2527 είς
2634 2464 2813 2535 κοινὴν
2839 2466 3097 2534 προέθετο
3129 2467 3501 2531 κατεξέτασιν.
3524 2469 3675 2522 Ἐπεὶ
3704 2471 3789 2524 οῦν

2230 2553 2258 2605 6
2285 2553 2695 2619 παναγιώτατος
2739 2555 2966 2622 νυμφίος
2998 2556 3187 2625 αὐτῆς,
3230 2558 3325 2610 καὶ
3357 2560 3467 2611 τῶν
3496 2562 3788 2615 κανονικῶν

2232 2643 2576 2711 παραδόσεων
2630 2643 2935 2711 μελεδωνὸ’ς
2969 2645 3403 2713 ἀγρυπνότατος,
3440 2649 3673 2719 ἠθέλησε
3701 2651 3790 2703 καὶ

2228 2734 2374 2801 ἡμᾶς
2418 2732 2788 2801 συμμεριστάς
2817 2734 3067 2799 γενέσθαι
3097 2734 3190 2786 τοῦ
3233 2735 3459 2802 ἀγαθοῦ,
3502 2740 3684 2807 φαμὲν
3708 2740 3784 2793 δτι

2229 2820 2370 2880 τινὲς
2418 2819 2676 2870 πλατεῖαν
2727 2818 2844 2871 ὁδὸν
2895 2820 2989 2871 καὶ
3042 2821 3389 2889 ἀπρόσκοπον
3444 2825 3543 2892 (ὥς
3603 2828 3782 2896 φασιν)

2228 2905 2487 2973 ἦπλωσαν
2546 2906 2621 2974 τῷ
2659 2908 2957 2976 Δημητρίῳ
3008 2909 3193 2977 τυχὸν,
3253 2911 3330 2979 τῷ
3384 2916 3782 2982 χρηματίσαντι

575 3009 854 3078 aperuisse
906 3007 1190 3071 Demetrio,
1223 3008 1312 3075 qui
1349 3008 1527 3061 Maria:
1569 3007 1850 3076 cujusdam
1905 3010 2125 3063 maritus

2232 2994 2444 3064 γαμέτῃ
2461 2996 2678 3064 Μαρίας
2700 2997 2862 3060 τινὸς,
2886 2996 3264 3067 δισεξαὸέλφην
3284 3000 3491 3070 ταύτης
3509 3001 3784 3072 Θεοδὼραν

574 3102 770 3157 fuerat,
803 3095 1152 3149 matrimonio
1203 3096 1490 3164 eopulaudi
1537 3097 1811 3149 sobrinam
1858 3098 2000 3166 ejus,
2030 3113 2126 3151 no-

571 3188 717 3239 mine
761 3184 1120 3258 Theodoram.
1171 3183 1233 3235 Et
1282 3185 1616 3251 iuterroSati,
1668 3185 2042 3251 quamobrem,
2073 3194 2124 3239 et

572 3278 844 3345 quomodo
879 3277 942 3329 ad
978 3276 1078 3329 hoc
1112 3276 1373 3331 invitent,
1408 3273 1582 3336 aiunt,
1615 3273 1757 3326 hunc
1785 3282 2121 3327 contractum

572 3367 635 3419 ad
685 3366 971 3434 septimum
1022 3363 1248 3431 gradum
1300 3363 1620 3430 pertingere,
1657 3371 1935 3429 propterea
1981 3364 2121 3431 quod

573 3454 879 3510 Demetrius
913 3464 966 3507 et
992 3453 1179 3513 Maria,
1216 3452 1410 3514 conjux
1444 3451 1564 3517 ejus
1600 3460 1831 3515 mortua,
1867 3466 2123 3519 personas

571 3547 742 3609 duas,
793 3555 844 3598 et
891 3553 1288 3611 consequenter
1328 3542 1525 3605 gradus
1570 3540 1705 3594 duos
1751 3543 2118 3605 constituant,

570 3636 695 3688 licet
743 3635 811 3688 ob
856 3647 1179 3687 consensum
1227 3639 1279 3683 ct
1320 3644 1554 3682 amorem
1604 3640 1847 3681 mutuum
1888 3645 1985 3698 pro
2016 3645 2120 3684 una

569 3727 732 3778 carne
786 3725 1131 3776 haberentur.
1182 3721 1312 3774 Nam
1366 3721 1550 3786 Maria,
1592 3721 1861 3787 inquiunt,
1910 3733 2117 3775 sextum

569 3828 691 3867 cum
729 3813 1011 3864 Thcodora
1045 3811 1267 3879 gradum
1318 3811 1518 3873 habuit,
1557 3826 1660 3863 non
1706 3811 1885 3866 itidem
1930 3812 2117 3866 Demc-

569 3906 728 3964 trius,
756 3904 916 3955 veluti
948 3904 1036 3969 qui
1069 3900 1132 3952 ad
1166 3916 1444 3968 personam
1477 3901 1776 3968 septimam,
1802 3910 1852 3955 et
1878 3903 2116 3969 ejusdem

565 3993 775 4048 numeri
804 3992 1027 4060 gradum
1059 3990 1339 4042 ιὀίιριίιῑιιτ.
1364 3992 1432 4041 At
1457 3989 1751 4042 secundum
1780 3991 1955 4043 thema
1997 3990 2115 4058 (65)

566 4083 761 4148 capitis
808 4096 958 4134 xxxu
1022 4080 1159 4131 tituli
1202 4093 1229 4127 ν
1288 4078 1408 4129 libri
1456 4094 1622 4130 xxvru
1663 4077 2035 4141 Basilieorum,
2065 4087 2119 4132 et

564 4185 738 4224 canon
770 4186 857 4221 LW
888 4176 1083 4221 coactae
1121 4168 1170 4217 iu
1196 4167 1369 4233 magni
1401 4167 1583 4233 palatii
1618 4164 1803 4217 Trullo
1837 4177 2037 4219 sancta:
2065 4175 2118 4219 et

567 4260 892 4312 universalis
936 4255 1147 4325 synodi,
1193 4271 1361 4321 usque
1394 4256 1458 4307 ad
1489 4255 1705 4322 gradum
1748 4263 1957 4307 sextum
2001 4271 2112 4307 ma-

2229 3086 2568 3154 καλουμένην
2629 3086 2991 3154 ἁρμόσασθαι.
3052 3088 3163 3139 Καὶ
3217 3088 3589 3158 ἐρωτώμενοι,
3627 3094 3783 3145 πόθεν

2226 3175 2319 3227 καὶ
2352 3177 2495 3235 ὅπως
2537 3174 2695 3227 τοῦτο
2747 3176 3122 3245 προτρέπουσι,
3162 3177 3411 3245 λέγουσιν
3442 3182 3526 3242 είς
3563 3182 3781 3251 ἕϐδομον

2227 3264 2430 3333 βαθμὸν
2486 3266 2754 3333 καταντᾷν
2798 3268 2895 3335 τὴν
2944 3265 3035 3317 τοῦ
3071 3267 3519 3335 συναλλάγματος
3548 3273 3781 3340 ποίησιν,

2224 3355 2311 3405 διά
2357 3356 2415 3406 τδ
2449 3356 2712 3423 πρόσωπα
2756 3355 2867 3417 δύο,
2921 3358 3014 3407 καὶ
3044 3356 3352 3419 ἀκολούθως
3402 3359 3497 3411 δύο
3547 3362 3779 3429 βαθμοὺς

2226 3445 2587 3497 καθίστασθαι
2616 3445 2705 3496 τὸν
2736 3447 3040 3513 Δημήτριον
3101 3447 3238 3514 μετὰ
3289 3449 3509 3519 Μαρίας
3554 3451 3654 3519 τῆς
3683 3454 3783 3505 ἁπ-

2224 3537 2510 3603 οιχομένης
2541 3536 2775 3601 συζύγου
2824 3536 3011 3599 αὐτοῦ,
3047 3537 3149 3589 κᾶν
3185 3540 3249 3607 τῇ
3291 3540 3518 3610 ὁμονοίᾳ
3575 3544 3670 3594 καὶ
3717 3547 3778 3611 τῇ

2224 3629 2419 3694 στοργῇ
2454 3626 2588 3694 σὰρξ
2612 3626 2709 3694 μία
2728 3626 3071 3692 λογίζωνται.
3116 3628 3177 3680 'H
3206 3630 3312 3696 γὰρ
3346 3631 3559 3701 Μαρία,
3600 3635 3779 3698 φασιν,

2222 3714 2375 3766 ἕκτον
2425 3711 2536 3783 εἶχε
2596 3715 2731 3783 μετά
2778 3715 2875 3781 τῆς
2910 3716 3185 3786 Θεοδώρας
3221 3716 3453 3786 βαθμὸν,
3516 3722 3579 3773 οὐ
3622 3722 3726 3791 μὴν
3752 3723 3778 3773 6

2222 3805 2550 3872 Δημήτριος,
2594 3805 2669 3865 ὡς
2708 3806 2785 3866 είς
2812 3804 3036 3873 ἕϐδομον
3077 3807 3390 3875 πρόσωπον,
3425 3810 3522 3862 καὶ
3577 3811 3777 3880 βαθμὸν

2220 3893 2653 3962 τοσαυτάριθμον
2683 3894 3039 3963 ἀναγόμενος.
3073 3896 3146 3947 Τδ
3178 3896 3235 3948 δὲ
3275 3897 3323 3966 β’
3354 3898 3520 3969 θέμα,
3568 3904 3665 3953 τοῦ
3702 3899 3779 3969 λβ¹

2220 3983 2512 4048 κεφαλαίου
2540 3982 2630 4035 τοῦ
2662 3984 2702 4033 ε’
2733 3985 2911 4036 τίτλου
2960 3985 3053 4038 τοῦ
3093 3985 3178 4055 κη’
3218 3986 3423 4055 βιϐλίου
3480 3991 3591 4043 τῶν
3622 3993 3779 4045 Βασι-

2217 4071 2405 4135 λικῶν,
2437 4075 2531 4123 καὶ
2553 4074 2580 4123 6
2611 4071 2681 4124 νδ⁹
2712 4072 2888 4126 κανὼν
2922 4075 3020 4143 τῆς
3066 4077 3124 4128 ἐν
3156 4076 3233 4144 τῷ
3263 4079 3523 4146 Τροῠλλῳ
3552 4083 3649 4133 τοῦ
3687 4100 3777 4152 με·

2214 4163 2382 4229 γάλου
2434 4162 2689 4215 παλατίου
2742 4164 3012 4231 συστάσης
3056 4163 3215 4230 ἁγίας
3254 4168 3347 4219 καὶ
3390 4171 3775 4242 οίκουμενικῆς

2221 4254 2459 4316 συνόδου,
2494 4254 2654 4323 μέχρι
2706 4253 2799 4307 τοῦ
2850 4255 3007 4307 ἕκτου
3056 4254 3262 4325 βαθμοῦ
3296 4258 3388 4310 καὶ
3428 4261 3596 4313 αὐτοῦ
3626 4263 3693 4316 τὰ
3721 4265 3775 4328 ἐξ

566 4351 818 4404 trimonia
866 4357 971 4400 tam
1017 4363 1080 4400 ex
1124 4346 1399 4404 allinitate,
1430 4359 1590 4412 quam
1635 4345 1954 4411 cognatione
1984 4358 2111 4397 con-

2227 4321 2526 4413 ἀγχιστείας
2553 4321 2644 4398 καὶ
2665 4346 2731 4398 τὰ
2761 4344 2819 4409 ἐξ
2844 4321 3072 4414 αἵματος
3098 4321 3501 4419 ἒξεστενοχώρη
3514 4369 3615 4404 σαν
3660 4321 3778 4404 συν;

563 4450 751 4500 tracta,
784 4438 1254 4492 constrinxerunt.
1286 4433 1415 4497 Qua:
1460 4446 1586 4485 vero
1621 4441 1831 4485 sextum
1875 4447 2110 4500 sequun-

562 4536 696 4587 tur,
772 4527 942 4579 ﬂbere
1014 4512 1233 4578 conﬂari
1301 4522 1682 4590 permiserunt.
1749 4524 1824 4573 Ac
1895 4522 2109 4575 tametsi

563 4617 870 4685 publicatus
900 4616 968 4663 sit.
1008 4627 1197 4664 rei-ens
1230 4622 1405 4664 tomus
1432 4610 1728 4679 synodalis,
1759 4610 2107 4664 conﬁrmatus

561 4704 724 4756 etiam
786 4700 965 4753 edicto
1022 4699 1415 4765 imperatorio,
1467 4712 1574 4765 quo
1637 4699 1985 4766 praccipitur,
2048 4714 2114 4753 uc

567 4793 736 4860 gradu
777 4792 1007 4858 septimo
1047 4788 1322 4855 conjuncti
1364 4804 1455 4854 per
1494 4791 1891 4854 cognationem,
1925 4789 2112 4841 matri-

561 4883 740 4937 monia
790 4882 1164 4935 contrahant:
1210 4889 1387 4931 tamen
1436 4877 1500 4930 ad
1549 4878 1651 4930 hoc
1704 4879 1760 4939 ii,
1792 4879 1879 4946 qui
1923 4880 2107 4931 eodem

560 4970 731 5041 gradu
779 4984 873 5037 per
921 4967 1227 5021 afﬁnitatem
1278 4980 1398 5019 sese
1431 4966 1788 5031 constrigunt,
1838 4981 1940 5019 non
1982 4982 2110 5018 con-

560 5061 926 5130 stringuntur.
977 5058 1230 5125 Magnum
1286 5057 1431 5109 enim
1490 5056 1783 5109 discrimen
1836 5069 1915 5109 est
1967 5058 2105 5109 inter

558 5150 1016 5206 necessitudinem
1070 5147 1372 5215 sanguinis,
1418 5155 1472 5200 et
1519 5148 1853 5215 cognaticam
1905 5146 2105 5213 simpli-

555 5242 691 5294 citer
735 5238 1189 5310 propinquitatem
1222 5253 1236 5289 :
1272 5250 1332 5288 ac
1375 5249 1564 5303 magna
1615 5235 1753 5286 inter
1790 5237 1901 5286 lucc
1945 5234 2102 5287 stabi-

555 5332 651 5385 lita
683 5331 820 5385 ratio
851 5340 952 5395 est,
984 5328 1118 5383 alios
1147 5327 1428 5394 copulatis,
1454 5324 1586 5378 alios
1614 5324 1893 5377 dirimens.
1929 5325 2096 5376 Etiam

2215 4434 2556 4501 αλλάγματα.
2605 4434 2684 4486 Τὰ
2720 4434 2776 4486 δὲ
2824 4435 2961 4501 μετὰ
3011 4436 3230 4500 τοῦτον,
3276 4437 3451 4501 ἀδεῶς
3503 4443 3774 4496 ἀπέλυσαν

2216 4521 2640 4591 ἀναχὼννυσθαι.
2678 4523 2786 4575 Καὶ
2815 4524 2917 4575 κᾶν
2950 4523 3208 4595 ἐξηνέχθη
3247 4532 3581 4597 προσφάτως
3614 4534 3775 4600 τόμος

2217 4613 2513 4678 συνοδικὸς,
2550 4613 2860 4682 στηριχθεὶς
2891 4616 2983 4667 καὶ
3007 4617 3303 4684 προστάξει
3339 4620 3619 4691 βασιλικῇ,
3653 4625 3773 4684 τοὺς

2215 4701 2272 4764 ἐξ
2309 4703 2536 4771 αἵματος
2566 4704 2724 4765 ὄντας
2754 4703 2978 4773 ἑϐδόμου
3022 4705 3230 4775 βαθμοῦ
3271 4709 3344 4776 μὴ
3384 4712 3771 4786 συνάπτεσθαι,

2214 4792 2345 4842 ἀλλὰ
2395 4793 2517 4855 τοὺς
2558 4793 2613 4858 ἐξ
2669 4794 2982 4861 ἀγχιστείας
3032 4796 3307 4848 οίκείωσιν
3359 4801 3771 4869 τοιουτόμετρον

2214 4881 2450 4950 ἔχοντας,
2489 4885 2587 4935 οὐκ
2632 4883 3055 4953 ὲστενοχὼρησε.
3105 4885 3247 4937 Πολὺ
3282 4890 3390 4955 γάρ
3422 4892 3539 4943 ἐστι
3574 4893 3633 4942 τὸ
3658 4890 3771 4943 διά-

2213 4986 2375 5038 φορον
2414 4971 2577 5038 μέσον
2609 4972 2926 5038 συγγενείας
2952 4972 3008 5036 ἐξ
3034 4973 3284 5041 αἵματος,
3322 4978 3415 5029 καὶ
3445 4980 3769 5048 συγγενικῆς

2214 5058 2400 5121 ἁπλῶς
2435 5059 2793 5123 οἰκειώσεω;’
2844 5062 2935 5113 καὶ
2998 5061 3153 5130 λόγος
3202 5066 3376 5131 μέγας
3439 5068 3605 5136 μέσον
3652 5068 3769 5120 τού·

2211 5166 2315 5199 των
2371 5150 2719 5217 ἐστήρικται,
2787 5151 2911 5212 τοὺς
2969 5151 3067 5219 μὲν
3128 5154 3450 5216 συνάπτων,
3520 5159 3645 5219 τοὺς
3713 5158 3764 5208 δὲ

2211 5236 2451 5305 διαιρῶν.
2486 5238 2548 5288 Οἱ
2597 5236 2814 5299 πλείους
2860 5238 2913 5289 δὲ
2966 5237 3169 5290 τούτων
3228 5240 3321 5292 καὶ
3376 5243 3761 5312 ἐπιχειρήμασι

2210 5324 2633 5390 συλλογιστικοῖς
2666 5364 2680 5390 ,
2739 5328 2830 5379 καὶ
2866 5328 2949 5381 διὰ
2989 5328 3085 5398 τῆς
3133 5332 3211 5392 είς
3250 5330 3309 5384 τὸ
3355 5331 3617 5389 ἀδύνατον
3662 5333 3762 5389 ἀπι

2050 5484 2273 5539 ΝΟΤᾹΞ.

620 5580 732 5649 (65)
766 5582 915 5646 Queri
947 5576 1339 5651 pat'agt'apbuui
1375 5578 1539 5631 nostri
1570 5576 1781 5630 dicunt.
