4004 6450
192 274 328 346 1053

1586 296 2001 362 MEDITATA.

3247 310 3385 374 1056

200 398 426 466 αγωγῆς
451 396 834 473 τοῦςὶοἰκείους
859 402 1018 470 δῆθεν
1050 401 1239 470 λόγους
1269 406 1603 475 στηρίζουσι.
1636 410 1739 462 Λέ-

1849 412 2083 483 plerique
2129 415 2322 471 horum
2367 420 2716 488 syllogisticis
2766 424 3136 491 argumentis,
3180 435 3232 478 et
3283 440 3378 493 per

199 502 357 552 γουσι
383 487 511 559 γὰρ,
539 490 613 553 ὡς
655 493 704 543 si
749 489 927 559 δοθείη
976 492 1224 557 γενέσθαι
1256 493 1353 564 τὴν
1397 496 1614 565 Μαρίαν
1647 501 1739 550 καὶ

198 573 295 626 τὸν
339 574 645 647 Δημήτριον
688 577 806 640 ἑνὸς
847 580 1053 649 βαθμοῦ
1086 582 1229 650 μετὰ
1283 584 1380 652 τὴν
1425 586 1740 652 συνάφειαν,

200 660 373 714 πολλὰ
403 667 762 732 συμπέσωσιν
789 666 961 721 ἄτοπα
979 684 993 698 ⁸
1014 667 1141 735 οἷον,
1166 673 1479 741 Δημήτριος
1501 674 1741 743 γαμέτης

200 751 302 819 τῆς
347 753 557 822 Μαρίας
605 755 951 824 καλούμενος,
1000 758 1091 810 καὶ
1132 760 1372 828 γαμσρὸς
1406 760 1500 812 τοῦ
1542 764 1742 831 ταύτης

204 840 430 909 πατρὸς,
463 843 648 895 τούτου
684 845 781 912 μὲν
816 849 961 910 παῖς,
992 848 1203 918 ἐκείνης
1241 849 1297 900 δὲ
1347 850 1568 918 ἀδελφὸς
1616 869 1742 921 μετ-

212 931 667 997 ονομασθήσεται,
697 933 788 985 τοῦ
817 934 1023 1005 βαθμοῦ
1052 941 1116 1007 τῇ
1138 940 1422 1009 ταυτότητι
1444 958 1456 971 ·
1489 943 1581 993 καὶ
1602 942 1742 996 οὕτω

208 1018 536 1071 διασπᾶσθαι
569 1021 627 1071 τὸ
661 1025 1005 1088 συνοικέσιον,
1045 1028 1120 1088 είς
1172 1029 1552 1097 ἀδελφομιξίαν
1585 1049 1739 1102 περι-

210 1112 511 1173 ιϊῑέιμενον.
548 1110 585 1160 ll
597 1112 898 1177 ροστιθέασι
918 1114 972 1167 δὲ
998 1117 1141 1168 κατά
1169 1118 1323 1169 τοῦτο
1344 1120 1401 1172 τὸ
1428 1120 1624 1172 ἄτοπον
1648 1122 1744 1175 καὶ

210 1199 305 1284 τὰς
362 1200 419 1262 ἐξ
463 1202 736 1257 ἁδιαθέτου
786 1206 1051 1274 διαδοχὰς,
1096 1209 1335 1278 ἀλλήλων
1386 1229 1465 1276 τε,
1510 1212 1741 1268 καὶτῶν

209 1292 410 1351 γονέων
449 1292 666 1353 τούτων,
708 1296 791 1346 ναὶ
828 1297 1008 1362 μέντοι
1058 1300 1148 1350 καὶ
1186 1301 1516 1369 προσγενιῖψ,
1549 1302 1743 1365 αὐτοὺς

214 1380 651 1447 σφςτερίσασθαι.
698 1384 967 1447 Ὡσαύτως
994 1388 1086 1439 καὶ
1122 1388 1181 1440 τὸ
1222 1389 1296 1456 μὴ
1333 1390 1587 1444 δύνασθαι
1621 1393 1743 1453 τοὺς

209 1463 555 1534 ἑτερομερείς
586 1470 856 1538 ἀγχιστεῖς
879 1473 1125 1541 ἀλλήλοις
1151 1478 1531 1542 συνάπτεσθαι,
1564 1478 1744 1543 καθὼς

209 1548 308 1615 τῆς
347 1551 657 1618 ἀγχιστείας
685 1556 751 1609 τά
790 1559 990 1627 νόμιμα
1038 1561 1387 1632 διορίζονται*
1435 1566 1571 1620 ἀλλὰ
1606 1567 1744 1623 κατὰ

211 1637 335 1700 τοὺς
365 1640 572 1709 γάμους
599 1644 703 1697 τῶν
737 1647 793 1710 ἐξ
821 1648 1044 1718 αἵματος
1075 1654 1405 1721 προσγενῶν.

285 1901 395 1954 Καὶ
419 1903 525 1973 μὴν
554 1906 611 1956 ὲν
637 1910 700 1975 τῇ
741 1908 1016 1982 Ῥωμαϊκῇ
1049 1917 1317 1987 συνηθείᾳ,
1336 1921 1429 1972 καὶ
1448 1924 1511 1991 τῇ
1544 1922 1746 1994 ἐκκλη-

216 1993 464 2082 σιαστικῇ
504 1996 844 2061 καταστάσει,
902 2001 1052 2068 φασὶ,
1097 2005 1156 2055 τὸ
1211 2006 1456 2063 ἐναντίον
1509 1993 1747 2082 σήμερον

214 2078 577 2135 πολιτεύεται.
612 2082 760 2148 Gelo;
796 2088 901 2157 γὰρ
933 2093 1023 2141 καὶ
1050 2092 1263 2160 ἀνεψιὸς
1293 2096 1428 2163 μετά
1474 2078 1624 2161 θείας
1655 2078 1748 2154 καὶ

216 2168 442 2235 ἀνεψιᾶς
472 2172 759 2237 ἀκωλύτως
782 2179 1154 2245 συνάπτονται,
1180 2184 1331 2236 ἕκτον
1361 2186 1419 2249 ἐξ
1437 2189 1748 2256 ἀγχιστείας

218 2257 315 2309 καὶ
346 2259 513 2312 ταῦτα
539 2262 785 2332 λαχόντες
814 2268 1035 2335 βαθμὸν,
1064 2270 1137 2333 ὡς
1155 2272 1252 2323 τοῦ
1274 2274 1440 2342 τόμον
1469 2277 1563 2328 τοῦ
1591 2279 1750 2344 ἀγιω-

216 2345 380 2434 τάτου
402 2351 731 2419 πατριάρχου
757 2354 985 2407 Σισινίου
1006 2360 1128 2420 τοὺς
1158 2361 1395 2429 πρώτους
1422 2364 1743 2434 ἑξαδέλφους

220 2433 559 2498 κωλύσαντος
603 2438 750 2492 δυσὶν
812 2443 1163 2512 αὗταδέλφαις
1220 2450 1594 2506 συνάπτεσθαι.
1626 2433 1629 2434 ν
1658 2438 1749 2508 Δι-

220 2522 525 2577 ενίστανται
557 2527 631 2587 δὲ.
676 2530 805 2598 μηδὲ
831 2534 1069 2602 ἀπρεπές
1113 2552 1183 2598 τι,
1215 2539 1303 2589 καὶ
1337 2539 1439 2593 τῶν
1470 2542 1748 2612 ὀνομάτων

225 2615 544 2681 συγχυτικὸν
592 2618 970 2688 ὐποσύρεσθαι,
1023 2626 1086 2677 ἐκ
1133 2627 1225 2678 τοῦ
1281 2628 1373 2679 τὺν
1420 2630 1582 2684 αὑτὸν
1629 2633 1749 2686 δυσὶ

222 2698 615 2770 δισεξαδέλφαις
666 2710 1053 2763 συνάπτεσθαιθ
1080 2715 1160 2767 ὅτι
1192 2717 1309 2769 τότε
1345 2718 1477 2783 φασὶ
1502 2737 1749 2790 παρατη-

225 2793 399 2858 ρεῐται
440 2793 543 2846 τῶν
587 2795 857 2867 ὀνομάτων
905 2803 1174 2870 ἀκρίσεια,
1211 2807 1394 2858 καὶτὸ
1446 2808 1750 2878 ἀσόγχυτον

222 2879 424 2932 τούτων
473 2884 812 2951 φυλάττεται,
867 2890 955 2942 ὅτε
1010 2891 1223 2963 δουλικὴ
1271 2895 1405 2965 τύχη
1478 2899 1751 2966 μεσιτεύει

1843 502 2221 560 abductionem
2246 507 2311 560 ad
2337 506 2688 576 impossibile,
2714 511 2947 565 rationes
2976 526 3102 565 suas
3127 511 3374 567 fulciunt.

1841 592 2004 645 Aiunt
2027 595 2169 647 enim
2199 596 2243 648 si
2271 610 2587 652 concessum
2612 599 2703 658 sit,
2723 599 2943 654 Mariam
2969 610 3022 655 et
3049 600 3374 657 Demetrium

1839 690 1961 747 post
2011 684 2412 751 copulationem
2475 688 2638 741 unius
2686 686 2799 740 fieri
2852 688 3087 756 gradus,
3142 691 3375 744 absurda

1842 768 2010 822 multa
2054 785 2387 827 concursura
2414 790 2429 826 :
2455 776 2602 829 verbi
2640 776 2831 843 gratia,
2869 775 3012 844 quod
3051 776 3372 841 Demetrius,

1843 852 2150 925 qui'blaria:
2186 862 2415 916 maritus
2453 877 2575 916 esse
2611 865 2945 930 perhibetur,
2976 873 3029 919 et
3056 865 3224 933 patris
3257 866 3375 933 ejus

1843 959 2038 1014 gener,
2088 947 2328 1014 ejusdem
2383 966 2598 1021 quoque
2652 952 2815 1015 filius,
2859 962 2912 1007 et
2961 953 3125 1008 frater
3171 953 3370 1015 Marias,

1843 1042 2060 1101 propter
2097 1036 2425 1092 identitatem
2453 1041 2674 1108 gradus,
2703 1042 2776 1096 sit
2800 1043 3169 1110 appellandus.
3201 1045 3373 1110 Atque

1840 1120 1942 1175 hoc
1990 1122 2145 1176 modo
2184 1125 2542 1180 dirimendum
2578 1131 2995 1195 matrimonium,
3037 1131 3198 1184 veluti
3231 1130 3373 1199 quod

1843 1211 1910 1263 ad
1945 1213 2290 1267 concubitum
2331 1214 2516 1271 fratris
2554 1232 2675 1272 cum
2710 1235 2893 1273 sorore
2925 1221 3124 1274 tendat.
3158 1222 3373 1272 Addunt

1844 1299 1970 1353 huic
2001 1304 2235 1355 absurdo
2268 1319 2361 1359 eos
2388 1306 2545 1358 etiam
2597 1308 2965 1361 successiones
2995 1310 3060 1361 ab
3099 1308 3370 1369 intestato,

1843 1395 1949 1441 tam
1980 1390 2217 1457 ipsorum
2251 1392 2387 1445 inter
2416 1409 2493 1456 se,
2533 1408 2690 1461 quam
2733 1405 3036 1464 parentum,
3076 1395 3182 1447 imo
3212 1398 3371 1448 etiam

1844 1480 2290 1548 propinquorum,
2322 1482 2422 1535 sibi
2457 1482 2748 1537 vindicare.
2779 1483 3144 1537 Consimiliter
3168 1499 3233 1537 ex
3268 1497 3374 1535 una

1844 1576 1998 1635 parte
2026 1568 2284 1621 duntaxat
2318 1569 2502 1623 alliucs
2532 1571 2673 1623 inter
2711 1586 2769 1625 se
2792 1572 3026 1639 copulari
3055 1586 3162 1625 non
3195 1585 3373 1639 posse,

1846 1655 2291 1722 quemadmodum
2326 1657 2597 1712 afﬁnitatis
2629 1659 2751 1726 jura
2781 1668 3022 1713 statuunt
3056 1676 3071 1714 :
3105 1658 3199 1713 sed
3234 1658 3374 1711 idem

1845 1744 1901 1798 in
1947 1745 2028 1799 his
2075 1745 2396 1811 faciendum,
2430 1747 2571 1815 quod
2606 1747 2661 1801 in
2709 1748 2914 1817 nuptiis
2958 1747 3221 1817 sanguine
3251 1759 3377 1815 pro-

1844 1836 2195 1904 pinquorum.

1917 1924 2075 1990 Atqui
2110 1924 2314 1986 dicunt,
2365 1925 2417 1977 in
2447 1923 2837 1979 consuetudine
2867 1922 3122 1989 Romana,
3155 1930 3209 1975 et
3233 1930 3373 1978 statu

1846 2014 2210 2071 ecclesiastico
2226 2052 2239 2075 ,
2262 2013 2588 2066 contrarium
2608 2012 2767 2067 hodie
2782 2012 3117 2068 observatur.
3146 2012 3377 2067 Patruus

1846 2107 2016 2168 enim,
2045 2114 2097 2160 et
2131 2105 2315 2159 fratris
2351 2104 2513 2171 ﬁlius,
2574 2120 2693 2158 cum
2726 2105 2890 2158 amita
2945 2112 2999 2159 ct
3056 2103 3238 2158 fratris
3272 2103 3375 2156 filia

1847 2196 1962 2251 sine
1993 2196 2375 2264 impedimento
2418 2193 2758 2263 copulantur,
2810 2192 2901 2258 qui
2948 2191 3170 2261 gradum
3204 2207 3269 2246 ex
3293 2189 3378 2243 af-

1847 2287 2051 2338 ﬁnitate
2064 2290 2270 2337 sextum
2282 2283 2525 2336 obtinent
2546 2298 2559 2333 :
2578 2297 2698 2335 cum
2715 2281 3040 2336 sanctissimi
3060 2281 3377 2348 patriarcha:

1851 2370 2073 2426 Sisinnii
2108 2377 2286 2422 tomus
2327 2367 2680 2421 consobrinos
2718 2366 2945 2420 vetuerit
2991 2380 3112 2421 cum
3168 2367 3378 2423 duabus

1848 2460 2118 2531 germanis
2163 2458 2444 2514 sororibus
2472 2458 2645 2527 jungi.
2698 2457 2897 2527 Urgent
2934 2468 3216 2526 praeterea,
3272 2472 3373 2512 nec

1847 2548 2113 2603 inhonesti
2159 2547 2470 2615 quidquam,
2503 2546 2581 2599 vel
2627 2546 2769 2614 quod
2820 2547 3033 2600 nomina
3062 2545 3374 2610 confundat,

1848 2652 1912 2690 ex
1945 2651 2011 2689 eo
2043 2637 2298 2704 irrepere,
2344 2634 2486 2704 quod
2524 2633 2665 2687 idem
2688 2635 2897 2687 duabus
2949 2634 3181 2687 sobrinis
3210 2648 3375 2701 cepu-

1849 2727 2007 2780 letur.
2040 2724 2190 2778 Tunc
2222 2726 2387 2789 cnim,
2423 2726 2693 2792 inquiunt.
2725 2736 2973 2778 accurata
3019 2724 3156 2777 ratio
3198 2724 3377 2778 nomi-

1851 2829 1976 2868 num
2013 2813 2256 2877 habetur,
2314 2823 2369 2865 et
2406 2815 2709 2868 eorumdem
2727 2812 2969 2867 confusio
2994 2821 3228 2877 cavetur,
3254 2826 3374 2865 cum

1839 2903 2149 2970 vcognatioui
2213 2900 2428 2955 fortuna
2497 2901 2708 2955 servitis
2761 2900 3085 2955 intercedit:
3121 2917 3225 2954 non
3255 2915 3375 2954 cum

227 2972 578 3065 συγγένειανο
608 2976 666 3026 οὐ
711 2979 815 3046 μὴν
857 2979 981 3031 ὅταν
1030 2980 1091 3033 ἐκ
1142 2985 1430 3050 συναφείας
1475 2986 1748 3055 ὀεῖοζύγων

1852 3003 1917 3042 ex
1951 2989 2287 3057 copulatione
2334 2989 2618 3059 coniugum
2662 2990 2867 3053 legibus
2930 2989 3181 3048 admissa,
3236 2988 3379 3041 velut

223 3064 333 3121 τοῖς
361 3064 540 3130 νόμοις
571 3066 779 3135 δεκτῇς,
806 3069 877 3133 ὡς
908 3073 970 3124 ἐκ
1007 3072 1157 3141 ῥίζης
1182 3075 1324 3137 τινὸς
1378 3077 1593 3145 πτόρθοι
1625 3096 1748 3147 γεν-

224 3150 424 3219 νηθῶσι
466 3155 804 3224 κατάλληλοι.
835 3160 895 3210 El
930 3161 1036 3230 γὰρ
1059 3162 1233 3232 δοθείη
1263 3167 1367 3217 κάν
1394 3166 1603 3229 τούτοις
1631 3186 1754 3221 συν-

222 3240 502 3306 τηρείσθαι
532 3242 639 3294 τῶν
672 3245 944 3313 ὀνομάτων
988 3250 1047 3300 τὸ
1076 3250 1345 3319 εὐπρεπὲς
1390 3253 1483 3305 καὶ
1513 3255 1749 3324 ἀσύγχυ-

223 3343 332 3387 τον,
369 3330 789 3401 στενοχωρηθειη
852 3335 944 3385 καὶ
1005 3335 1111 3385 τῶν
1159 3336 1587 3405 τρισεξαδέλφων
1661 3343 1755 3394 καὶ

224 3417 421 3485 ἑφεξῆς
444 3420 475 3485 ή
519 3421 825 3488 ἐκχωρητέα
849 3423 892 3454 ³⁸
921 3425 1175 3491 συνάφεια
1195 3439 1208 3454 ‘
1236 3427 1320 3478 ἴνα
1360 3428 1433 3496 μὴ
1486 3430 1756 3498 κληθῶσιν

225 3506 275 3556 οι
315 3506 374 3569 ἐξ
406 3508 623 3560 ἐκείνων
654 3511 925 3577 φυόμενοι,
962 3512 1174 3584 ἀδελφοὶ
1211 3516 1301 3567 καὶ
1349 3521 1756 3587 τετταρεξάδελ-

223 3608 338 3659 φοι,
373 3595 506 3663 ὅπερ
528 3596 584 3646 οὐ
610 3596 869 3649 δέδοκται.
909 3600 1015 3652 Καὶ
1045 3602 1217 3663 αὐτοὶ,
1248 3603 1439 3655 ταῦτα.
1485 3603 1680 3674 Ἡμεῖς
1700 3609 1756 3662 δὲ

225 3683 582 3751 σκοπήσωμεν
604 3685 882 3753 πρότερον.
910 3690 957 3739 εί
990 3691 1097 3750 τοῖς
1125 3690 1306 3757 νόμοις
1341 3694 1432 3745 καὶ
1456 3696 1568 3754 τοῖς
1593 3697 1753 3749 κανό-

225 3782 279 3818 σι
319 3767 479 3832 δοκεῖ,
517 3768 607 3820 δύο
639 3769 871 3838 βαθμοὺς
912 3773 1033 3833 τοὺς
1071 3774 1369 3841 ὀμοζύγους
1408 3777 1755 3843 ψηφίζεσθαι,

225 3856 319 3908 καὶ
347 3854 431 3907 διὰ
461 3857 613 3908 τοῦτο
654 3860 1024 3926 συγχωρητέον
1056 3858 1195 3915 εἶναι
1244 3863 1321 3926 τὸ,
1358 3866 1482 3931 περὶ
1511 3860 1571 3918 οὗ
1615 3869 1641 3918 ὀ
1669 3866 1753 3917 M-

223 3959 339 4010 τος,
372 3945 734 4013 συνάλλαγμα.
772 3948 1024 4017 Εἴπωμεν
1054 3946 1163 4017 οὗν,
1192 3952 1285 4004 καὶ
1332 3954 1490 4006 πάλιν
1526 3955 1755 4022 ἐκκορυ-

226 4031 492 4103 φώσωμεν
515 4031 578 4087 τὰ
600 4036 882 4106 λεγόμενα.

293 4305 428 4357 Φασί
458 4321 597 4366 τινες
620 4305 715 4374 τὴν
741 4306 918 4372 φωνὴν
952 4306 1043 4357 τοῦ
1076 4306 1276 4373 Κυρίου
1330 4305 1429 4375 τὴν
1472 4306 1748 4374 λέγουσαν,

1921 4317 2085 4368 Aiunt
2137 4311 2353 4381 quidam
2410 4322 2594 4366 vocem
2657 4310 2885 4372 Domini,

222 4395 335 4448 Καὶ
362 4394 565 4446 ἔσονται
598 4396 645 4444 οἱ
693 4394 945 4460 ὁμόζυγοι
978 4393 1112 4462 σὰρξ
1155 4394 1270 4464 μία,
1313 4394 1389 4464 μὴ
1422 4394 1756 4464 ἐκλαμϐάνε-

225 4483 350 4535 σθαι
380 4481 510 4549 πρὸς
553 4482 868 4550 ταυτότητα,
900 4482 1031 4535 ἀλλὰ
1065 4483 1198 4552 πρὸς
1236 4484 1467 4551 στοργήν
1497 4484 1593 4536 καὶ
1622 4484 1755 4553 ὀμό-

223 4587 390 4623 νοιαν.
413 4571 471 4622 Εί
491 4571 595 4639 γὰρ
619 4571 690 4640 μὴ
711 4571 877 4632 οὕτως
894 4572 1132 4641 ἐκληφθῇ
1151 4573 1210 4624 τὸ
1231 4572 1503 4642 Κυριακδν
1524 4573 1754 4626 θεσπιώο

221 4661 389 4728 δημα,
446 4660 660 4727 ἀδελφοὶ
709 4659 948 4728 κληθεῖεν
995 4664 1042 4713 ot
1092 4661 1470 4729 συναιρθὲντες,
1524 4664 1618 4715 καὶ
1659 4664 1755 4733 οὐχ

221 4747 478 4816 ὁμόζυγοι
499 4764 511 4777 ’
551 4748 645 4799 καὶ
683 4749 875 4816 ἑφεξῆς
916 4750 1405 4819 ἐπακολουθήσουσι
1432 4752 1571 4804 κακά
1600 4768 1755 4819 μυρι-

222 4835 449 4904 ύριθαα,
491 4834 587 4903 τὴν
619 4836 844 4887 ἀτοπίαν
870 4835 963 4887 τοῦ
1016 4837 1322 4907 ζητήματος
1368 4837 1751 4907 μεγαλύνοντα.

235 4922 641 4976 ’Δκουσάτωσαν
667 4921 779 4985 οὖν,
822 4924 895 4986 ὡς
933 4928 1219 4995 προτάσεις
1251 4927 1463 4995 ψευδεῖς
1508 4928 1630 4979 οὔτε
1666 4928 1754 4980 διά

225 5011 597 5080 συλλογισμῶν
638 5013 887 5082 ἀλήθειαν
936 5016 1407 5085 συμπεραίνουσιν,
1458 5016 1579 5068 οὔτε
1620 5018 1753 5085 πρὸς

223 5102 286 5155 τδ
315 5100 567 5153 ἀδύνατον
586 5102 945 5171 ἀπαγόμεναι,
966 5105 1055 5156 τοῦ
1088 5106 1441 5174 ὑποκειμένου
1467 5106 1563 5173 τὴν
1594 5106 1753 5173 φύσιν

230 5191 633 5264 μιτατιθίασιψ
670 5193 781 5244 ἀλλ’
822 5196 878 5257 ἐξ
906 5196 1346 5265 ὁμολογουμένων
1370 5197 1461 5249 καὶ
1494 5196 1746 5247 ἀπλανῶν

231 5278 506 5336 ἀνατέλλει
541 5278 638 5348 τῆς
683 5280 932 5345 ἀληθείας
961 5285 988 5335 ὀ
1026 5284 1192 5352 ἥλιος.
1226 5284 1286 5335 Εἰ
1326 5284 1431 5351 γάρ
1477 5300 1559 5345 τις
1610 5283 1751 5334 εἴποι

1852 3093 1912 3130 cx
1943 3078 2122 3130 radice
2175 3078 2427 3146 quadam,
2490 3077 2623 3130 rami
2669 3076 3049 3130 convenientes
3094 3089 3373 3143 procrean-

1852 3175 1958 3219 tur.
2009 3165 2139 3219 Nam
2196 3166 2241 3218 si
2309 3166 2491 3219 datum
2540 3164 2703 3217 fuerit
2729 3165 2890 3217 etiam
2918 3164 2970 3216 in
2998 3164 3082 3217 his
3103 3162 3376 3217 observari

1853 3252 2129 3307 nominum
2167 3252 2520 3315 honestatem,
2568 3256 2626 3303 et:
2667 3249 3078 3303 declinationem
3102 3246 3378 3301 confusio-

1852 3342 1960 3407 nis,
2016 3342 2157 3396 velut
2231 3342 2283 3394 in
2309 3348 2513 3393 arctum
2548 3339 2817 3408 redigetur
2842 3340 3000 3391 etiam
3054 3354 3116 3391 es
3141 3338 3379 3393 sobriuis

1855 3441 2121 3497 natorum,
2163 3439 2216 3485 et
2256 3430 2445 3485 ordine
2495 3430 2836 3497 sequentium
2890 3428 3028 3481 licita
3054 3427 3375 3495 permitten-

1855 3522 2025 3589 daque
2077 3521 2403 3587 conjunctio,
2451 3534 2519 3571 ne
2560 3518 2807 3572 videlicet
2872 3516 3144 3583 contingat
3185 3528 3247 3565 ex
3299 3512 3378 3568 eis

1856 3612 2061 3680 genitos
2117 3608 2367 3676 appellari
2422 3606 2615 3660 fratres
2662 3606 2841 3668 simul,
2898 3614 2951 3657 et
3000 3611 3377 3671 prognatoruttt

1854 3715 1917 3752 ex
1953 3698 2185 3750 sobrinis
2226 3698 2380 3757 filios,
2415 3697 2557 3764 quod
2599 3695 2816 3747 minime
2839 3693 3009 3745 visum
3053 3701 3152 3744 cst.
3188 3689 3377 3743 liti-ac

1855 3787 2069 3854 quidem
2107 3786 2199 3838 illi.
2247 3783 2353 3839 Nos
2377 3794 2547 3837 autem
2592 3784 2739 3851 prius
2797 3779 3278 3839 considerabimus,
3308 3791 3378 3831 an

1854 3877 1997 3944 leges
2027 3884 2453 3942 atqueeanones
2513 3878 2783 3932 censeant,
2829 3870 3079 3937 conjuges
3112 3882 3209 3936 pro
3247 3868 3381 3920 duo-

1857 3967 1957 4017 bus
1986 3963 2237 4031 gradibus
2295 3961 2585 4022 habcndos,
2635 3975 2695 4012 ac
2750 3967 3027 4026 propterea
3063 3956 3382 4026 permitten—

1857 4051 1983 4104 dum
2057 4054 2410 4110 contractum,
2485 4061 2591 4115 quo
2665 4047 2729 4098 de
2800 4045 2995 4112 agitur.
3045 4043 3382 4096 Disseratuus

1856 4139 2035 4207 igitur,
2051 4146 2102 4190 et
2117 4136 2267 4205 quasi
2299 4144 2598 4203 repetamus
2610 4134 2676 4186 ab
2701 4134 2816 4202 ipso
2838 4132 3007 4200 apice,
3023 4146 3141 4199 qua:
3158 4129 3381 4185 dicenda

1856 4229 2099 4281 veniunt.

2974 4323 3076 4376 qua
3154 4306 3380 4367 dicitur,

1855 4403 2026 4457 Erunt
2064 4403 2319 4470 conjuges
2346 4414 2453 4454 una
2492 4412 2641 4462 caro,
2664 4411 2771 4451 non
2810 4398 2876 4452 de
2924 4396 3194 4450 identitate
3238 4394 3383 4447 acci-

1862 4492 2133 4560 piendam,
2160 4491 2254 4543 sed
2290 4490 2355 4542 de
2390 4501 2572 4542 amore
2596 4501 2658 4538 ac
2680 4500 2964 4540 consensu.
2985 4486 3188 4554 Quippe
3218 4484 3271 4537 ni
3301 4484 3381 4539 sic

1853 4578 2128 4635 oraculum
2164 4576 2495 4629 Dominicum
2526 4573 2855 4627 intellectum
2910 4572 3090 4634 fuerit,
3146 4573 3381 4640 copulati

1855 4667 2104 4735 conjugio
2163 4664 2387 4719 vocandi
2446 4672 2625 4717 essent
2674 4662 2875 4715 fratres
2904 4674 2966 4715 ac
2997 4676 3229 4721 sorores,
3269 4676 3379 4712 non

1859 4754 2112 4821 conjuges
2139 4767 2151 4803 :
2185 4764 2246 4803 ac
2290 4750 2541 4817 deinceps
2567 4764 2777 4817 quoque
2806 4748 3380 4817 scquerenturintinita

1859 4838 2215 4898 incommoda,
2239 4835 2549 4902 qutestionis
2568 4836 2950 4888 absurditatetn
2986 4833 3239 4901 majorem
3267 4831 3381 4884 etii-

1858 4929 2072 4985 cientia.
2108 4925 2338 4978 Audiaut
2396 4938 2544 4992 ergo,
2598 4922 2987 4992 propositiones
3023 4921 3186 4975 falsas
3207 4934 3380 4987 neque

1857 5033 1949 5087 per
2005 5016 2339 5087 syllogismos
2378 5014 2655 5068 veritatem
2700 5012 3039 5077 concludere,
3090 5025 3263 5079 neque
3330 5007 3379 5063 si

1854 5106 2187 5161 deducantur
2246 5103 2312 5157 ad
2355 5102 2705 5170 impossibile,
2737 5100 2960 5168 subjecti
2987 5108 3231 5153 naturam
3262 5112 3379 5149 tnu-

1854 5202 1968 5247 t:.re
2002 5213 2015 5246 :
2048 5195 2140 5248 scd
2191 5209 2255 5247 ex
2287 5190 2555 5246 confessis
2583 5200 2634 5243 et
2661 5204 2844 5243 errore
2869 5186 3176 5242 carentibus
3210 5186 3377 5239 solem

1853 5281 2090 5336 veritatis
2127 5280 2275 5333 oriri.
2327 5278 2457 5333 Nam
2509 5278 2652 5334 νοτιιί
2697 5277 2887 5347 gratia,
2936 5276 2978 5330 si
3023 5274 3145 5342 quis
3162 5271 3375 5335 dixerit,

1535 5452 1761 5507 νΛίὶΙεΕ
1793 5450 2183 5507 LECTIONES.

314 5544 357 5577 ³³
392 5540 659 5607 ιγχωρητέ
668 5556 717 5593 α.
