4004 6452
629 261 765 328 1055

1853 280 2130 342 ΤΗΕΟΙ).
2173 283 2638 346 ΒΑΙ.8ΑΜΟΝ15

3692 291 3806 353 1056

631 388 821 446 Omnis
847 392 981 462 lapis
1026 398 1205 451 anima
1253 401 1504 468 praeditus
1550 416 1671 462 est:
1718 420 1781 460 ac
1836 421 2026 459 rursus
2090 417 2144 455 ex

2260 405 2437 473 τυχὸν,
2473 408 2585 468 Πᾶς
2606 407 2749 470 λίθος
2772 406 3010 477 ἔμψυχός
3036 410 3171 474 ἐστι,
3208 410 3302 464 καὶ
3328 412 3627 480 ἑτέρωθεν,
3661 413 3799 465 Πᾶσα

544 548 545 551 η
632 478 799 531 altera
826 490 999 547 parte,
1034 483 1221 542 Omnis
1279 495 1592 561 smaragdus
1632 508 1713 549 est
1742 498 1879 564 lapis
1912 513 1925 547 :
1958 508 2011 551 et
2033 512 2161 552 eon-

634 564 837 631 cludat,
858 566 1043 625 Omnis
1065 588 1190 644 ergo
1210 578 1342 643 lapis
1372 585 1687 651 smaragdus
1716 596 1799 638 est
1827 588 2003 639 anima
2033 602 2162 654 prae-

632 651 778 707 ditus
1050 662 1282 730 colliget,
1342 677 1752 742 extremumque
1800 672 2158 727 mendacium.

634 737 786 794 Unde
838 743 914 809 fit,
970 755 1028 799 ut
1079 752 1167 817 qui
1223 753 1352 806 dicit
1408 772 1499 829 per
1555 737 1879 815 matrimonii
1938 765 2161 830 copula-

632 829 830 885 tionem
860 849 976 889 esse
1006 836 1195 892 factam
1248 858 1594 910 personarum
1648 849 2045 917 confusionem,
2108 862 2158 907 et

628 920 939 990 coniugium
985 940 1105 981 esse
1163 939 1577 990 transmutatam
1633 940 1685 991 in
1746 940 2157 1006 fraternitatem,

629 1015 791 1075 atque
832 1013 903 1065 ita
952 1013 1092 1069 forte
1151 1021 1535 1079 absurditatem
1580 1030 1892 1095 concludit;
1942 1048 2161 1103 compe-

630 1095 749 1150 detn
804 1100 1014 1169 lingua,
1054 1120 1159 1160 non
1224 1112 1499 1167 veritatem
1555 1117 1788 1183 colligat.
1820 1118 1972 1184 Quod
2036 1095 2156 1176 cum

631 1184 703 1237 ita
754 1189 846 1252 sit,
878 1206 1106 1261 cumque
1137 1207 1255 1265 post
1278 1204 1707 1268 conjunctionem
1744 1224 1904 1263 sexus
1935 1220 2159 1281 uterque

629 1286 842 1329 maneat
869 1278 1108 1351 integer,
1165 1302 1321 1341 nemo
1396 1300 1501 1345 tam
1542 1295 1613 1348 sit
1661 1298 1852 1361 audax,
1914 1308 1971 1353 ut
2015 1302 2159 1369 ipsos

627 1364 884 1452 coniuges
914 1373 1138 1438 appellet
1172 1375 1385 1441 fratres,
1419 1382 1482 1435 ad
1513 1385 1985 1452 reprehensionem
2028 1364 2156 1446 dicti

627 1447 819 1516 divini,
852 1455 1009 1523 cujus
1058 1463 1218 1516 verba
1261 1473 1425 1520 sunt:
1466 1468 1533 1522 Et
1573 1447 1831 1542 conjuges
1902 1476 2001 1545 ipsi
2049 1494 2155 1533 non

628 1540 857 1605 amplius
903 1556 1059 1600 erunt
1103 1549 1227 1616 duo,
1270 1554 1362 1608 sed
1410 1570 1570 1611 unus.
1606 1540 1813 1629 Quippe
1847 1540 2155 1621 sic-utolea-

628 1634 739 1679 ster
798 1644 1074 1700 propterea
1147 1654 1254 1692 non
1311 1642 1511 1698 dicitur
1581 1648 1740 1712 oliva,
1786 1653 1928 1719 quod
1975 1671 2156 1711 ramus

626 1709 743 1780 ejus
770 1718 821 1771 in
857 1722 1048 1777 olivam
1085 1731 1377 1787 translatus
1428 1735 1497 1789 sit
1541 1751 1554 1787 :

626 1807 836 1871 puella,
898 1827 1141 1872 socerum
1204 1824 1393 1889 puellae
1440 1829 1767 1897 vocabimus,
1844 1832 1960 1897 Quo
2025 1852 2155 1891 sane

623 1896 861 1953 stabilito
924 1910 1020 1972 per
1090 1910 1604 1971 demonstrationem
1661 1930 1883 1987 certam,
1959 1936 2012 1980 et
2066 1928 2152 1980 cui

621 1987 915 2043 contradici
955 2004 1201 2061 nequeat,
1232 2009 1415 2054 nostra
1456 2005 1671 2071 quidem
1725 2010 2007 2078 Opinione,
2059 2030 2152 2070 ne-

625 2084 729 2135 que
765 2078 944 2129 vocari
997 2080 1176 2136 licebit
1224 2085 1540 2144 alterutrum
1568 2106 1753 2148 eorum
1821 2098 1885 2151 ad
1938 2116 2152 2155 succes-

625 2160 834 2215 sionem
880 2164 1137 2232 del'uncti.
1188 2175 1265 2228 vel
1304 2178 1531 2247 alicujus
1580 2182 1681 2252 ipsi
1712 2190 1971 2255 sanguine
2028 2206 2153 2260 pro-

622 2249 944 2311 pinquorum
972 2256 1100 2325 (th0
1128 2263 1269 2314 enim
1299 2266 1349 2317 id
1394 2272 1589 2334 pacto?
1636 2287 1755 2325 cum
1781 2278 2150 2343 possessiones

625 2337 898 2437 accipiant
947 2344 1007 2437 ii,
1035 2348 1230 2414 quibus
1248 2352 1361 2421 lege
1390 2357 1726 2430 deferuntur)
1755 2337 1925 2434 neque
1968 2384 2150 2437 repre-

627 2420 787 2476 hendi
842 2430 1052 2496 poterit,
1124 2446 1212 2489 aut
1279 2420 1868 2516 abominandutn'erit,
1921 2456 1964 2507 si
2026 2420 2149 2524 quis

622 2508 807 2573 dicat,
888 2516 1073 2573 iisdem
1148 2524 1341 2581 finibus
1429 2535 1793 2592 circumscribi
1875 2555 2150 2601 contracta

619 2601 994 2692 et_aiIinitate
1036 2619 1087 2665 et
1149 2629 1213 2667 ex
1281 2622 1596 2689 cognatione
1650 2631 2003 2687 matrimonia.
2061 2638 2151 2692 Sic

625 2684 767 2737 enim
823 2694 1117 2749 canonibus
1157 2711 1239 2754 est
1290 2684 1567 2762 statutum.
1600 2710 1747 2775 Quod
1806 2728 1981 2771 autem
2051 2738 2150 2788 pa-

626 2785 778 2831 ttnus
838 2788 890 2833 et
939 2782 1122 2841 fratris
1154 2793 1310 2857 filius,
1343 2811 1461 2850 cum
1493 2803 1653 2855 amita
1710 2813 1762 2858 et
1814 2807 1993 2866 fratris
2044 2782 2148 2870 illia

620 2869 977 2936 copulentur,
1038 2893 1141 2931 non
1196 2890 1297 2945 est,
1356 2897 1411 2939 ut
1455 2889 1615 2956 aliqui
1686 2897 1986 2962 perhibent,
2056 2919 2149 2971 per

2264 493 2565 561 σμάραγδος
2622 495 2766 558 λίθος
2820 496 2968 548 ἱστί’
3028 500 3118 550 καὶ
3152 502 3513 567 συμπερανεῐ,
3550 500 3669 561 Πᾶς
3706 501 3800 569 ἀρα

2258 582 2404 645 λίθος
2449 584 2755 652 σμάραγδος
2794 585 3030 654 ἔμψυχός
3077 589 3447 655 ὲστι,.....ψιν
3501 590 3798 675 συναγάγῃ,

2262 673 2354 725 καὶ
2400 673 2591 741 ψεῦδος
2641 673 2889 743 ἔσχατον.
2931 676 3088 728 Ὅθεν
3131 677 3225 728 καὶ
3266 679 3295 729 ό
3340 676 3517 743 λέγων
3560 673 3799 743 γενέσθαι

2259 760 2346 811 διὰ
2372 760 2469 828 τῆς
2522 761 2810 830 συναφείας
2858 764 2963 815 τῶν
3010 764 3357 817 ὑποστάσεων
3382 764 3482 833 τὴν
3516 763 3794 832 σύγχυσιν,

2262 849 2354 900 καὶ
2386 848 2481 917 τὴν
2504 850 2797 917 ὁμοζυγίαν
2835 851 3375 919 μιταστοιχειωθῆναι
3406 853 3545 918 πρὸς
3595 852 3797 916 ἀδελφό-

2260 954 2415 1005 τητα,
2454 939 2544 990 καὶ
2559 939 2698 990 οὕτω
2721 939 3101 1008 συμπεραίνων
3127 940 3267 1008 τάχα
3287 941 3347 991 τὸ
3369 942 3595 1003 ἄτοπον,
3634 939 3796 1003 γλωτ-

2259 1026 2483 1095 τοπέδην
2514 1028 2837 1097 συνήγαγεν,
2871 1030 2967 1081 οὐκ
3005 1029 3280 1098 ἀλήθειαν.
3307 1029 3511 1082 Τούτου
3539 1029 3600 1081 δὲ
3639 1027 3801 1091 οὕτως

2259 1111 2491 1181 ἕχοντος,
2521 1114 2740 1167 καὶτῶν
2771 1116 2941 1180 γενῶν
2991 1115 3309 1183 σωζομένων
3355 1115 3640 1183 ἑκατέρων
3673 1112 3800 1182 μετά

2257 1201 2354 1270 τὴν
2385 1203 2597 1265 ἕνωσιν,
2627 1202 2701 1271 μὴ
2730 1202 3022 1271 τολμητέον
3058 1203 3319 1269 ἀδελφοὺς
3346 1204 3473 1264 τοὺς
3504 1201 3800 1269 ὀμοζύγσυς

2258 1292 2429 1342 εἰπεῖν
2455 1292 2533 1346 είς
2563 1292 2951 1360 έπιστομισμδν
2984 1291 3077 1344 τοῦ
3113 1294 3357 1360 ῥήματος
3383 1290 3479 1343 τοῦ
3513 1289 3676 1354 Θεοῦ,
3706 1289 3792 1341 τοῦ

2258 1384 2494 1445 εἰπόντος
2512 1400 2527 1415 ·
2558 1385 2668 1437 Καὶ
2698 1384 2877 1437 οὐκέτι
2908 1384 3119 1436 ἔσονται
3146 1384 3195 1435 oi
3220 1380 3489 1451 όμόζυγες
3519 1381 3638 1443 δύο,
3672 1380 3798 1432 ἀλλά

2257 1468 2355 1534 εἷς.
2395 1472 2480 1534 Ὠς
2508 1473 2614 1541 γάρ
2642 1473 2700 1525 οὐ
2737 1471 2948 1540 λέγεται
2992 1472 3052 1524 τὺ
3092 1472 3403 1540 ἀγριέλαιον
3440 1470 3797 1534 καλλιέλαιον,

2256 1558 2338 1612 ὅτι
2367 1559 2555 1621 κλάδος
2586 1559 2748 1612 αὑτοῦ
2796 1560 2932 1629 μετὰ
2981 1560 3320 1612 καλλιελαίου
3360 1558 3797 1628 μετεμοσχεύθη,

2257 1649 2427 1712 οὕτως
2451 1652 2575 1703 οὐδὲ
2609 1652 2819 1721 πατέρα
2850 1652 2947 1720 τῆς
2977 1652 3145 1719 κόρης
3170 1651 3263 1702 τὸν
3296 1648 3502 1717 ταύτης
3556 1649 3800 1716 εἴποιμεν

1625 1739 1702 1792 sic
1731 1756 1904 1808 neque
1949 1751 2144 1811 patrem

2257 1741 2535 1810 πενθερόν.
2563 1742 2763 1793 Τούτου
2807 1742 2863 1793 δὲ
2895 1740 3271 1810 στηριχθέντος
3304 1739 3361 1804 ἐξ
3404 1738 3799 1805 άναντιρῤήτου

2254 1830 2347 1881 καὶ
2391 1830 2662 1896 ἀσφαλοῦς
2716 1829 3056 1893 ἀποδείξεως,
3134 1828 3208 1891 ὡς
3264 1827 3514 1895 οίόμεθα,
3575 1824 3696 1878 οὔτε
3746 1827 3801 1877 τὸ

2254 1916 2532 1969 καλεῖσθαι
2580 1916 2803 1985 θάτερον
2846 1916 2906 1979 ἐξ
2949 1915 3124 1968 αὐτῶν
3164 1917 3242 1976 είς
3288 1913 3387 1982 τήν
3436 1910 3800 1982 κληρονομίαν

2250 2006 2343 2059 τοῦ
2384 2006 2825 2075 τελευτήσαντος,
2874 2006 2906 2074 ή
2952 2006 3095 2066 τινὸς
3140 2005 3247 2056 τῶν
3286 2003 3345 2065 ἐξ
3392 2002 3629 2071 αἵματος
3660 2000 3802 2069 αὐτῷ

2254 2095 2558 2163 προσγενῶν
2590 2094 3123 2165 παρῤησιασθήσεται
3168 2092 3309 2165 (πῶς
3338 2092 3479 2160 γάρ;
3515 2091 3797 2161 προσλαμ·

2260 2184 2525 2237 ϐανόντων
2577 2185 2683 2235 τῶν
2723 2184 3075 2253 κτησαμένων
3106 2185 3168 2235 ὲκ
3198 2182 3361 2258 νόμου
3406 2182 3506 2243 τὰς
3554 2180 3798 2232 διακατο-

2252 2274 2392 2342 χάς),
2423 2273 2545 2326 οὔτε
2574 2272 2846 2342 μεμπτέον
2887 2273 3036 2323 ἔσται
3076 2273 3169 2323 καὶ
3201 2270 3572 2337 ἀποτρόπαιον
3611 2266 3671 2318 τὸ
3713 2266 3796 2316 λέ-

2251 2380 2389 2432 γειν,
2417 2366 2524 2425 τοῖς
2538 2365 2719 2425 αὐτοῖς
2739 2364 2882 2431 ὅροις
2912 2361 3286 2413 συστέλλεσθαι
3307 2361 3373 2410 τά
3399 2359 3458 2421 ἐξ
3483 2357 3793 2425 ἀγχιστείας

2249 2453 2343 2505 καὶ
2376 2456 2443 2505 τά
2472 2453 2530 2516 ἐξ
2562 2454 2788 2520 αἵματος
2820 2450 3254 2518 συναλλάγματα.
3300 2448 3460 2500 Οὕτω
3493 2450 3607 2515 γὰρ
3634 2461 3791 2497 κεκα-

2249 2544 2507 2595 νόνισται.
2545 2541 2617 2593 Τὸ
2637 2542 2692 2593 δὲ
2725 2539 3084 2593 συνάπτεσθαι
3107 2539 3247 2591 θεῖον
3277 2538 3371 2590 καὶ
3405 2538 3631 2605 ἀνεψιὸν
3662 2535 3791 2602 μετά

2253 2632 2401 2694 θείας
2450 2632 2542 2684 καὶ
2589 2631 2833 2699 ἀνεψιᾶς,
2880 2631 2977 2682 οὐκ
3034 2630 3178 2683 ἐστιν
3209 2630 3306 2699 (ὧς
3366 2646 3515 2691 τινες
3559 2626 3790 2696 λέγουσι)

2250 2722 2533 2791 συνηθείας
2558 2722 2806 2790 ἀγράφου
2854 2721 3209 2789 παγκράτιον,
3247 2720 3281 2788 ἢ
3316 2720 3408 2771 καὶ
3448 2718 3786 2787 ἀπαραδότου

2247 2812 2703 2881 ὲκκλησιαστικῆς
2748 2815 3127 2873 καταστάσεως
3164 2810 3627 2882 τροπαιούχημα’
3662 2806 3787 2861 ἀλλά

2248 2901 2538 2969 πρόσταξις
2576 2901 2696 2954 θεία
2716 2900 2809 2952 τοῦ
2840 2902 3076 2969 ἀοιδίμου
3111 2899 3393 2968 βασιλέως,
3441 2899 3615 2967 κυροῦ
3650 2897 3789 2950 Ἀλε·

618 2962 1059 3016 consuetudinem
1092 2982 1196 3021 non
1224 2975 1480 3040 scriptam
1515 2977 1899 3047 introductum.
1929 2992 2007 3041 vel
2031 2962 2144 3047 sine

2248 2962 2356 3053 ξίου
2378 2990 2797 3060 τοῦΚομνηνοῦ,
2823 2962 3158 3058 ἐξενεγθεῖσα
3182 2989 3272 3040 ἐπὶ
3295 2962 3601 3056 ὑπομνήσει
3623 2987 3791 3055 Βάρδα

618 3045 907 3101 traditione
963 3067 1056 3118 per
1111 3065 1306 3113 statum
1356 3068 1774 3124 ecclesiasticum
1834 3076 2143 3134 invectum:

614 3132 707 3185 sed
749 3135 1031 3194 clarissimi
1094 3149 1368 3219 principis,
1432 3156 1628 3211 domini
1682 3160 1853 3216 Alexii
1891 3132 2146 3225 Comneni

616 3230 832 3273 sacrum
872 3225 1130 3290 edictum,
1171 3236 1435 3299 prolatum
1490 3242 1554 3294 ad
1582 3248 1978 3314 suggestionem
2011 3254 2143 3308 Bar-

615 3305 696 3357 dae
731 3311 1033 3375 cujusdam.
1089 3320 1177 3385 qui
1225 3321 1395 3378 Xerus
1429 3305 1814 3397 appellabatur,
1878 3350 1931 3393 et
1993 3305 2145 3398 rece-

615 3404 763 3462 ptuzu
821 3411 923 3454 tam
963 3405 1013 3457 in
1050 3410 1383 3478 reipublicae,
1411 3431 1567 3482 quam
1596 3422 1648 3474 iu
1675 3426 2020 3483 ecclesiarum
2060 3450 2147 3488 ar-

614 3484 771 3539 chiva
820 3499 871 3542 et
900 3495 1130 3557 codices.
1160 3501 1421 3566 ejusmodi
1482 3510 1692 3575 nuptias
1760 3515 1955 3572 liberas
2000 3519 2141 3587 fecit,

617 3584 717 3639 pro
738 3591 797 3629 ea
832 3590 1111 3647 potestate,
1170 3604 1285 3653 qua:
1332 3594 1542 3647 coalitus
1596 3607 1676 3651 est
1736 3584 2143 3670 imperatoribus

617 3662 759 3716 data.
794 3664 906 3719 Non
940 3670 1100 3737 igitur
1145 3688 1430 3733 accuratus
1462 3681 1707 3739 Ecclesiae
1738 3662 1911 3746 sta-tus
1937 3698 2143 3751 calum-

612 3750 850 3805 niandus
906 3764 1007 3809 est.
1064 3758 1194 3812 Nam
1256 3767 1595 3820 matrimonia
1634 3786 1697 3821 ex
1742 3773 2015 3847 afﬁnitate,
2074 3750 2139 3839 ad

612 3849 819 3893 sextum
854 3859 1025 3912 usque
1072 3852 1291 3916 gradum
1345 3865 1397 3909 et
1451 3865 1757 3917 conrotabat
1798 3883 2029 3939 semper,
2089 3888 2142 3930 et

611 3930 787 3985 adhuc
838 3940 1318 4009 constringitsicut
1352 3951 1509 4002 etiam
1561 3959 1897 4013 matrimonia
1950 3980 2012 4017 ex
2047 3981 2141 4018 co-

610 4023 861 4083 gnalione
929 4042 940 4075 :
984 4027 1036 4078 in
1099 4044 1204 4097 quo
1247 4043 1349 4086 tam
1416 4036 1610 4106 legum,
1664 4059 1820 4109 quam
1872 4062 2138 4106 canonum

610 4114 808 4162 statuta
883 4118 1143 4183 sequitur,
1232 4134 1283 4176 et
1348 4132 1547 4180 tomum
1615 4133 1758 4187 illius
1815 4142 2135 4196 sanctissimi

608 4198 945 4264 patriarcha,
987 4205 1183 4261 domini
1231 4210 1474 4269 Sisinnii.
1539 4219 1691 4282 Quod
1737 4224 1877 4277 enim
1908 4229 1971 4280 ad
2020 4232 2135 4299 ejus

2249 3080 2388 3139 τινὸς
2408 3079 2697 3148 λεγομένου
2740 3079 2935 3147 Ξηροῦ,
2980 3080 3075 3130 καὶ
3128 3077 3529 3143 ὲπιγνωσθεῖσα
3562 3080 3676 3137 τοῖς
3702 3076 3790 3142 δη-

2251 3174 2528 3237 μοσιακοῖς
2569 3170 2660 3222 καὶ
2698 3170 3164 3237 ἑκκλησιαστικοῖς
3190 3167 3430 3235 ἀρχείοις
3460 3168 3556 3218 καὶ
3590 3165 3789 3228 κὼδιξι,

2245 3260 2335 3313 τὸν
2362 3260 2597 3312 τοιοῦτον
2622 3260 2796 3327 γάμον
2825 3259 3056 3310 ἀπέλυσε
3086 3258 3224 3309 κατά
3254 3257 3349 3325 τὴν
3372 3256 3665 3324 δεδομένην
3689 3255 3791 3313 τοῖς

2250 3350 2553 3418 βασιλεῦσιν
2581 3349 2783 3402 ἀνωθεν
2814 3348 3137 3417 κυριότητα·
3184 3346 3257 3415 μὴ
3301 3345 3483 3396 τοίνυν
3522 3361 3789 3409 συκοφανο

2247 3437 2433 3504 τητέον
2462 3437 2556 3505 τὴν
2582 3436 2780 3504 ἀκριϐῆ
2820 3436 2915 3502 τῆς
2937 3434 3261 3501 Ἐκκλησίας
3323 3432 3684 3483 κατάστασιν.
3716 3429 3788 3480 Τά

2246 3525 2353 3593 γὰρ
2384 3524 2438 3587 ἐξ
2472 3523 2782 3591 ἀγχιστείας
2814 3522 3250 3589 συναλλάγματα,
3284 3522 3446 3588 μέχρι
3490 3520 3584 3571 τοῦ
3638 3521 3785 3569 ἕκτου

2248 3609 2454 3676 βαθμοῦ
2483 3609 2577 3662 καὶ
2622 3608 2808 3674 αὐτοῦ,
2853 3608 2947 3660 καὶ
2993 3607 3342 3675 ὲστενοχώρει
3397 3606 3654 3665 πάντοτε,
3702 3604 3787 3655 καὶ

2248 3697 2587 3764 στενοχώρει,
2626 3698 2805 3757 καθὼς
2834 3714 2935 3748 που
2961 3698 3050 3748 καὶ
3077 3695 3142 3747 τά
3170 3695 3227 3757 ἐξ
3264 3697 3520 3763 αἵματος,
3553 3694 3783 3762 ἑπομένη

2245 3786 2484 3851 νομικοῖς
2535 3784 2627 3836 καὶ
2665 3786 2962 3845 κανονικοῖς
3014 3785 3365 3851 διατάγμασι,
3417 3786 3511 3835 καὶ
3540 3785 3617 3849 τῷ
3646 3784 3785 3849 τόμῳ

2241 3875 2333 3927 τοῦ
2367 3874 2662 3939 ἀγιωτάτου
2703 3873 2907 3926 ἐκείνου
2937 3873 3293 3941 πατριάρχου,
3330 3873 3501 3941 κυροῦ
3530 3872 3777 3923 Σισινίου.

2243 3965 2314 4016 Τὸ
2357 3964 2464 4030 γὰρ
2497 3963 2579 4013 ἐπ’
2619 3964 2892 4029 ἀνατροπῇ
2930 3962 3117 4013 τούτου
3149 3962 3417 4029 διορισθὲν
3453 3964 3605 4030 παρά
3648 3962 3784 4030 βασι·

2242 4054 2393 4120 λικῆς
2426 4054 2570 4115 θείας
2596 4052 3027 4120 μεγαλειότητος,
3048 4054 3125 4112 είς
3151 4052 3308 4119 ἔργον
3334 4052 3508 4102 ἐλθεῖν
3534 4055 3561 4102 ό
3588 4052 3784 4109 δίκαιος

2240 4145 2428 4212 κριτὴς
2454 4144 2551 4194 οὐκ
2596 4141 2915 4209 ηὐδόκησεν,
2958 4139 3030 4200 ὡς
3092 4140 3295 4190 οἴδασιν
3330 4140 3379 4190 οἱ
3420 4137 3779 4206 μεμυημένοι,

2240 4234 2334 4285 καὶ
2361 4233 2419 4283 οὺ
2457 4250 2521 4283 πε
2531 4234 2845 4300 πλάνηνται.

607 4293 935 4345 eversionem
970 4296 1035 4347 ab
1094 4297 1432 4367 imperatoria
1502 4323 1652 4361 sacra
1689 4314 1964 4380 majestate
2015 4293 2406 4392 promulgatum
2451 4322 2572 4384 fuit,
2624 4328 2682 4373 ut
2742 4320 2795 4371 in
2836 4317 3081 4371 electum
3167 4317 3552 4375 deduceretur.
3608 4318 3779 4385 justus

609 4381 698 4434 me
739 4386 902 4449 illae!
967 4389 1182 4444 Nihilne
1210 4393 1372 4445 voluit
1402 4413 1414 4445 :
1449 4399 1890 4464 Quemadmodum
1938 4418 2135 4461 norunt
2174 4411 2391 4471 initiati,
2424 4425 2522 4462 nec
2560 4410 2613 4461 in
2642 4422 2823 4459 errore
2843 4412 3144 4459 versantur.

674 4472 859 4538 Atqui,
904 4477 1120 4544 subjicit
1144 4480 1502 4546 adversarius,
1542 4500 1607 4539 ne
1640 4487 1688 4540 id
1719 4491 1957 4557 quidem,
1986 4497 2127 4563 quod

2301 4498 2427 4561 Nat,
2463 4498 2647 4563 φησὶν,
2679 4495 2791 4548 ἀλλ’
2828 4495 3033 4545 οὐδὲτὸ
3061 4493 3320 4561 σύγχυσιν
3354 4494 3449 4545 καὶ
3483 4495 3780 4562 ἀπρέπειαν

604 4561 852 4615 confusio
911 4572 964 4616 et
1011 4564 1242 4620 dedecus
1299 4573 1573 4626 nominum
1618 4561 2016 4644 introducatur,
2068 4587 2135 4639 ob

605 4654 865 4720 graduum
923 4659 1389 4723 necessitudinem,
1442 4666 1732 4730 quominus
1788 4670 1971 4735 prima?
2001 4688 2130 4728 con-

600 4742 743 4810 jugis
798 4759 908 4797 suae
953 4748 1220 4800 sobrinatn
1273 4751 1430 4803 ducat
1491 4754 1812 4818 Demetrius,
1861 4760 2129 4827 impediet.

604 4829 717 4883 Hoc
768 4835 907 4885 enim
950 4835 1056 4889 illis
1115 4839 1276 4891 etiam
1325 4843 1585 4909 sanguine
1641 4848 1954 4915 propinquis
2008 4867 2136 4904 usu-

604 4919 774 4981 venit,
831 4936 950 4973 cum
993 4922 1130 4977 inter
1167 4941 1224 4979 se
1257 4930 1593 4995 copulantur,
1627 4936 1714 5001 qui
1749 4937 1828 4988 vel
1862 4950 2050 4992 octavo
2069 4958 2127 4995 se

602 5006 772 5073 gradu
813 5011 1146 5080 contingunt,
1197 5016 1322 5068 dum
1358 5020 1611 5086 conjuges
1668 5023 1867 5090 alisque
1928 5028 2130 5091 pudore

604 5108 876 5163 vocamus,
914 5116 1046 5169 quos
1104 5113 1296 5159 natura
1334 5109 1672 5162 sobrinorutn
1705 5114 1840 5167 filios
1868 5118 2125 5183 agnoscit,

601 5198 896 5256 eorumque
940 5192 1137 5248 liberos
1162 5209 1258 5261 pro
1289 5196 1546 5253 fratribus
1601 5200 1869 5265 ducimus,
1926 5220 2046 5258 cum
2100 5222 2127 5259 a

604 5285 793 5329 natura
813 5280 919 5334 sint
958 5293 1341 5350 prognatorum
1370 5302 1432 5341 ex
1476 5290 1707 5344 sobrinis
1738 5292 1851 5343 filii.
1872 5293 1978 5346 Cur
2000 5310 2126 5364 ergo

599 5380 796 5419 novum
859 5378 911 5423 et
955 5372 1188 5427 insolens
1242 5376 1336 5439 sit,
1366 5377 1504 5431 idem
1559 5380 1657 5431 hoc
1688 5382 1847 5433 etiam
1900 5384 1949 5435 in
1990 5400 2125 5451 pne-

600 5456 737 5507 acnti
797 5461 1091 5524 quaestione
1155 5464 1257 5518 dici
1309 5476 1464 5534 atque
1515 5469 1662 5521 ticri?
1722 5468 1821 5522 Sed
1882 5472 2115 5535 audiant,

596 5547 685 5611 qui
742 5547 851 5603 lucc
906 5552 977 5604 ita
1026 5552 1303 5619 colligunt,
1349 5556 1509 5622 quod,
1538 5558 1986 5624 quemadmodum
2042 5572 2122 5623 ea,

2229 4590 2503 4655 ὀνομάτων
2533 4585 2846 4651 είσάγεσθαι
2882 4583 2970 4638 διὰ
2998 4584 3095 4650 τὴν
3121 4581 3227 4634 τῶν
3259 4582 3486 4651 βαθμῶν
3526 4585 3775 4650 ἰδιότητα,

2231 4677 2507 4743 ὲμποδίσει
2540 4674 2722 4727 λαϐεῐν
2764 4674 2853 4725 τὸν
2895 4673 3205 4740 Δημήτριον
3246 4674 3346 4735 τὴν
3401 4672 3780 4740 δισεξαδέλφην

2228 4768 2323 4833 τῆς
2364 4765 2631 4831 προτέρας
2678 4762 2839 4814 αὑτοῦ
2886 4760 3165 4828 γυναικός.
3218 4760 3390 4812 Τοῦτο
3422 4763 3531 4831 γὰρ
3584 4764 3679 4815 καὶ
3708 4766 3780 4825 εἰς

2229 4856 2351 4913 τοὺς
2377 4853 2807 4920 συναπτομένους
2835 4850 2892 4912 ἐξ
2916 4850 3143 4917 αἳματος
3166 4853 3450 4914 συγγενεῖς
3482 4852 3577 4902 καὶ
3602 4853 3779 4918 ὀγδόου

2231 4944 2385 5003 ὂντας
2425 4942 2629 5010 βαθμοῦ
2682 4940 3090 5010 θριαμϐεύεται,
3120 4939 3184 4990 δι’
3224 4932 3300 4991 ὧν
3342 4940 3649 5007 ὁμοζύγους
3694 4943 3779 4993 ἀν-

2233 5032 2599 5099 ερυοριάστως
2652 5027 3109 5097 κατονομάζομεν,
3139 5027 3231 5089 οὒς
3275 5030 3306 5096 ή
3359 5029 3524 5096 φύσις
3573 5033 3778 5100 1;):er—

2233 5124 2491 5189 αδέλφους
2526 5122 2809 5189 ἐγνώρισε,
2843 5120 2934 5171 καὶ
2961 5120 3083 5179 τοὺς
3117 5118 3309 5180 παῖδας
3328 5120 3510 5173 αὐτῶν
3534 5122 3609 5183 ὡς
3637 5122 3777 5175 ἀδελ-

2234 5214 2363 5276 φοῦς
2422 5212 2770 5279 περιέπομεν,
2822 5206 3345 5275 τετταρεξαδέλφους
3378 5209 3537 5271 ὖντας
3577 5214 3638 5263 ὲκ
3684 5212 3776 5279 φῦ-

2236 5315 2387 5360 σεως.
2418 5299 2482 5349 Τί
2520 5298 2646 5364 γοῦν
2677 5300 2789 5349 ἐστι
2815 5298 2993 5349 καινὸν
3025 5302 3127 5350 κάν
3153 5315 3228 5366 τῳ
3254 5300 3482 5368 παρόντι
3510 5302 3771 5368 ζητήματι

2232 5383 2501 5434 λαλεῖσθαι
2533 5382 2686 5433 τοῦτο
2725 5383 2817 5434 καὶ
2864 5383 3145 5449 γίνεσθαι;
3196 5386 3336 5437 Ἀλλ’
3386 5388 3770 5439 ἀκουσάτωσαν

2234 5471 2280 5522 οἱ
2308 5470 2473 5521 ταῦτα
2512 5471 2864 5538 συνείροντες,
2889 5472 2969 5523 ὅτι
3014 5472 3192 5534 καθὼς
3225 5474 3289 5524 τὰ
3330 5474 3604 5541 Γαδείρων
3634 5474 3768 5532 ἐντὸς

2232 5557 2563 5625 διακείμενα,
2605 5559 2693 5609 καὶ
2731 5558 3204 5627 ἀκριϐολογοῦνται
3230 5561 3323 5612 καὶ
3346 5561 3763 5630 ἀπογράφονται,
