4004 6442
635 353 657 416 ί
669 353 771 418 059

1868 359 1967 416 Tll
1977 358 2139 417 EOD.
2188 356 2660 416 BALSAMONIS

3713 341 3833 408 1060

568 530 569 533 η
647 489 910 543 Nimirum
945 489 1034 558 qui
1067 489 1272 552 dicunt,
1301 489 1561 558 coniuges
1611 490 1751 544 inter
1795 503 1855 543 se
1887 487 1968 540 vel
2003 487 2185 546 unius,

2304 477 2423 533 εἶναι
2475 483 2598 542 τοὺς
2643 479 2904 547 συζύγους
2947 477 3060 539 ἑνὸς
3095 475 3127 544 ἢ
3158 473 3411 544 δευτέρου
3464 471 3701 542 βαθμοῦ,
3747 475 3828 525 καὶ

648 577 732 629 vel
761 577 980 630 secundi
1011 591 1130 631 esse
1161 577 1376 646 gradus,
1407 581 1605 647 quique
1631 592 1724 645 per
1753 577 1950 645 gradus
1986 589 2080 628 eos
2110 575 2182 626 ita

647 665 868 727 librant,
892 666 968 718 uti
1004 666 1174 720 solent
1209 682 1294 722 res
1321 669 1442 729 illae,
1481 681 1600 736 quin
1635 667 1887 733 pondere,
1931 665 2010 719 vel
2044 678 2186 718 men-

645 768 794 817 sura,
824 754 906 806 vel
948 769 1169 808 numero
1197 761 1490 821 constant;
1537 757 1741 810 similes
1785 763 1910 809 sunt
1954 755 2186 807 interro-

646 844 914 910 gantibus,
942 845 1231 911 quotuplex
1262 835 1400 897 istud
1427 847 1785 913 pavimentum
1813 845 1944 912 lapis
1965 846 2183 905 ambiat,

645 943 697 986 et
727 934 1193 1001 respondentibus,
1234 935 1447 1004 duplex.
1468 936 1674 1003 Quippe
1702 937 1933 1004 cingitur
1954 949 1981 987 a
2014 935 2188 1001 lapide

647 1025 849 1088 prasini
883 1023 1101 1086 coloris,
1135 1033 1186 1077 et
1213 1025 1356 1090 ligno
1385 1026 1605 1078 cedrino
1627 1025 2008 1078 circumdatur.
2045 1024 2188 1088 Qua-

647 1112 886 1164 mebrem
935 1120 1058 1178 apte
1100 1114 1350 1176 dicimus,
1405 1129 1503 1166 nec
1553 1114 1618 1167 ad
1659 1115 1886 1166 duorum
1926 1115 2185 1182 graduum

649 1202 1100 1254 necessitudinem
1165 1202 1353 1256 referri
1411 1205 1666 1269 coniuges
1719 1205 1867 1271 (quo
1933 1204 2074 1256 enim
2135 1204 2186 1255 id

620 1344 626 1349 ,
650 1297 806 1354 pacto
832 1291 855 1341 ‘1
879 1306 998 1344 cum
1034 1291 1274 1343 eamdem
1303 1290 1535 1344 radicem
1571 1300 1621 1345 et
1647 1294 2046 1360 generationem
2085 1308 2188 1344 non

649 1378 898 1442 habeant,
926 1394 987 1432 ac
1022 1395 1083 1434 ea
1111 1396 1273 1434 causa
1309 1383 1624 1435 naturaliter
1654 1398 1757 1434 non
1790 1384 2137 1453 dividantur)
2173 1401 2186 1436 :

649 1483 747 1520 nec
792 1470 953 1521 etiam
995 1471 1153 1524 unius
1199 1479 1250 1524 et
1276 1472 1516 1538 ejusdem
1557 1487 1673 1525 esse
1717 1477 1939 1541 gradus,
1977 1481 2192 1540 propter

649 1559 903 1610 unionem
928 1561 1219 1624 carnalem,
1252 1570 1307 1614 ut
1331 1562 1498 1614 instar
1523 1562 1680 1614 mulsi
1715 1562 2189 1627 commisceantur,

650 1645 774 1711 (qua
822 1648 962 1699 enim
1015 1647 1067 1700 id
1103 1647 1214 1700 ﬁeri
1249 1649 1457 1702 ratione
1510 1649 1716 1716 possit,
1773 1664 1894 1702 cum
1953 1663 2192 1717 persona:

649 1744 903 1787 maneant
934 1736 1232 1805 integrae?)
1263 1737 1353 1790 sed
1381 1747 1599 1806 propter
1621 1739 1852 1791 divinam
1897 1752 1959 1791 ac
1987 1739 2188 1790 saluta-

651 1839 761 1875 rem
786 1840 966 1878 vocem
991 1825 1223 1890 Domini,
1250 1835 1303 1880 et
1328 1827 1443 1892 Dei,
1471 1839 1523 1881 et
1552 1831 1845 1884 servatoris
1874 1829 2043 1880 nostri
2066 1826 2191 1881 Jesu

650 1912 875 1976 Christi,
895 1914 984 1983 qui
1014 1915 1148 1968 dixit
1170 1903 1234 1969 ad
1259 1917 1555 1986 discipulos
1581 1918 1752 1985 ipsum
1780 1919 2189 1988 interrogantes,

649 2002 908 2055 liceretne
953 2005 1153 2056 homini
1192 2004 1457 2058 divertere
1486 2006 1552 2057 ab
1600 2020 1767 2058 uxore
1819 2021 1935 2069 sua,
1978 2007 2193 2060 disertis

647 2093 827 2145 verbis
858 2093 969 2146 haec
1001 2094 1416 2163 subiungendo:
1456 2094 1569 2148 Non
1597 2096 1824 2163 legistis,
1854 2111 1973 2148 eum
2007 2096 2096 2162 qui
2128 2096 2194 2149 ab

651 2183 801 2236 initio
830 2198 915 2238 res
931 2185 1189 2247 condidit,
1222 2200 1420 2238 marem
1439 2192 1490 2236 et
1517 2185 1767 2238 feminam
1797 2188 1942 2254 ipsos
1973 2187 2189 2241 fecisse:

650 2290 753 2342 qua
801 2276 864 2329 de
905 2292 1069 2330 causa
1100 2279 1370 2345 relinquet
1400 2279 1558 2332 homo
1589 2287 1792 2346 patrem
1821 2292 1975 2330 suum
2006 2285 2058 2328 et
2085 2291 2196 2329 ma—

651 2371 807 2427 trem,
838 2375 888 2418 et
916 2367 1341 2436 agglutinabitur
1371 2368 1521 2421 uxori
1570 2382 1698 2421 suae.
1733 2365 1795 2418 Et
1822 2374 1977 2419 erunt
2009 2366 2058 2419 hi
2090 2367 2195 2418 duo

653 2453 703 2506 in
733 2469 947 2510 carnem
981 2472 1163 2511 unam.
1198 2457 1374 2522 Quare
1400 2473 1506 2510 non
1547 2458 1777 2524 amplius
1811 2457 1918 2509 duo
1945 2464 2068 2508 sunt
2102 2455 2192 2508 sed

652 2558 757 2596 una
790 2557 916 2598 caro
951 2562 964 2596 :
995 2554 1209 2613 propter
1238 2547 1374 2599 hanc
1399 2561 1525 2616 ergo
1559 2561 1742 2599 vocem
1775 2546 1995 2598 credere
2022 2558 2120 2595 nos
2145 2549 2196 2595 et

653 2634 922 2695 conﬁteri,
956 2651 1118 2687 unum
1148 2638 1530 2704 propemodum
1570 2636 1872 2690 unaminem
1905 2633 2195 2696 hominem,

653 2727 741 2792 qui
775 2725 986 2780 duabus
1023 2727 1072 2778 in
1118 2727 1361 2795 personis
1398 2729 1640 2781 cernitur
1668 2769 1680 2790 ,
1721 2742 1818 2796 pro
1878 2725 2198 2793 coniugibus

654 2816 982 2869 matrimonii
1014 2832 1175 2871 causa
1210 2818 1413 2871 haberi.
1445 2819 1546 2872 Sed
1579 2818 1719 2871 enim
1757 2815 2196 2880 permittendum,

655 2914 712 2958 ttt
731 2907 876 2960 rivus
895 2908 1158 2962 orationis
1183 2910 1341 2962 etiam
1365 2910 1428 2963 ad
1455 2908 1598 2962 aliud
1622 2908 1873 2976 quiddam
1897 2912 2198 2975 opportune

651 3004 855 3048 currat.

2285 570 2735 638 ζυγοστατοῦντες
2774 569 2862 623 διὰ
2902 566 3164 636 βαθμίδων
3204 564 3423 626 αὐτοὺς,
3459 564 3609 617 κατὰ
3631 563 3699 614 τὰ
3721 579 3829 616 στα·

2286 657 2562 726 θμώμενα,
2617 660 2652 727 ἢ
2707 647 3063 728 μετρούμενα,
3109 655 3142 723 ἢ
3183 651 3587 721 ἀριθμούμενα,
3635 650 3830 702 ἐοίκασι

2284 748 2394 806 τοῖς
2415 747 2804 814 ἐρωτωμένοις,
2861 745 3026 804 πόσος
3071 743 3332 810 ἀμπίσχει
3369 741 3488 792 τόδε
3519 739 3580 790 τδ
3621 737 3830 789 δάπεδον

2291 838 2598 904 μάργαρος;
2633 837 2724 886 καὶ
2769 832 3233 900 ἀποκρινομένοις,
3283 829 3481 888 διττός.
3526 827 3696 887 Λίθος
3740 825 3832 891 γὰρ

2287 925 2566 992 πρασίζων
2613 925 2746 975 αὐτὸ
2794 922 3190 990 περιζώννυσι,
3248 920 3342 970 καὶ
3401 917 3560 982 ξύλον
3609 915 3834 983 κέδρινον

2287 1015 2656 1078 ἀμφιέννυσιν.
2691 1012 2894 1076 ’Λραρε
2929 1010 3106 1060 τοίνυν
3137 1008 3312 1071 λέγειν
3341 1007 3513 1074 ήμᾶς,
3554 1005 3695 1071 μήτε
3717 1001 3835 1068 πρὸς

2287 1101 2379 1152 δύο
2415 1100 2634 1167 βαθμῶν
2682 1097 2988 1165 οἰκειότητα
3024 1097 3147 1155 τοὺς
3191 1092 3495 1160 ὁμοζύγους
3527 1088 3835 1155 ἀνάγεσθαι,

2289 1188 2424 1257 (πῶς
2448 1191 2573 1254 γὰρ,
2598 1189 2644 1238 οί
2680 1188 2752 1255 μὴ
2780 1187 2875 1253 τὴν
2904 1186 3071 1252 αὐτὴν
3098 1183 3387 1250 ἐσχηκότες
3415 1181 3574 1248 ῥίζαν
3608 1179 3704 1228 καὶ
3731 1176 3840 1243 γέν-

2289 1298 2463 1348 νησιν,
2511 1281 2603 1332 καὶ
2651 1279 2737 1330 διὰ
2781 1277 2936 1328 τοῦτο
2980 1276 3108 1342 μηδὲ
3145 1273 3383 1341 φυσικῶς
3420 1265 3838 1338 διαιρούμενοι;)

2293 1371 2414 1438 μήτ’
2465 1365 2554 1421 οὖν
2595 1369 2708 1427 ἑνὸς
2765 1365 3016 1433 γενέσθαι
3051 1363 3256 1432 βαθμοῦ
3279 1404 3292 1423 ,
3327 1362 3414 1414 διὰ
3446 1361 3548 1428 τὴν
3592 1359 3842 1423 ἐνσαρκον

2289 1461 2500 1519 ἕνωσιν,
2538 1458 2629 1508 καὶ
2660 1455 2988 1523 συγχυθῆναι
3015 1453 3155 1505 κατὰ
3180 1451 3530 1520 μελίκρατον.
3572 1447 3697 1506 Πῶς
3723 1446 3840 1513 γάρς

2290 1547 2616 1615 Σωζομένων
2667 1543 3020 1599 ἀδιαπτώτων
3066 1543 3174 1592 τῶν
3219 1541 3606 1599 ὑποστάσεων;
3667 1535 3759 1587 Διὰ
3796 1533 3843 1585 δὲ

2295 1639 2392 1706 τὴν
2447 1637 2595 1687 θείαν
2638 1634 2728 1685 καλ¹
2765 1631 3076 1700 σωτηριώδη
3121 1630 3302 1698 φωνὴν
3349 1627 3444 1678 τοῦ
3486 1625 3719 1693 Κυρίου,
3765 1621 3843 1672 καὶ

2292 1726 2421 1779 Θεοῦ
2462 1726 2551 1776 καὶ
2590 1723 2836 1788 Σωτῆρος
2885 1718 3037 1788 ήμῶν
3088 1715 3257 1784 Ἰησοῦ
3307 1713 3569 1783 Χριστοῦ,
3626 1711 3718 1762 τοῦ
3777 1710 3843 1760 εί-

2300 1821 2487 1879 πόντος
2520 1819 2654 1885 πρὸς
2692 1813 2815 1874 τοῦς
2867 1810 3244 1879 ὲρωτήσαντας
3283 1803 3444 1856 αὐτὸν
3487 1800 3757 1870 μαθητὰς,
3802 1799 3844 1848 εί

2298 1908 2502 1972 ἔξεστιν
2550 1904 2818 1974 ἀνθρώπῳ
2848 1899 3110 1953 ἀπολῦσαι
3147 1895 3246 1962 τὴν
3277 1894 3514 1959 γυναῖκα
3543 1887 3732 1949 αὑτοῦ,
3763 1887 3846 1937 καί⁵

2300 1997 2664 2064 ἐπαγαγόντος
2712 1992 2882 2044 ταῦτα
2937 1987 3141 2058 ῥητώς’
3189 1984 3304 2035 Οὐκ
3363 1982 3657 2053 ἀνέγνωτε,
3711 1978 3787 2028 δτι
3821 1977 3846 2026 ό

2301 2090 2527 2157 ποιήσας
2566 2083 2838 2151 ἀπαρχῆς,
2869 2081 3030 2147 ἄρσεν
3059 2074 3152 2127 καὶ
3177 2073 3309 2140 θῆλυ
3347 2070 3604 2137 εποίησεν
3627 2065 3812 2157 αὐτούς
3831 2080 3843 2093 ·

2298 2178 2392 2230 καὶ
2417 2156 2610 2227 ἕνεκεν
2637 2172 2824 2224 τούτου
2871 2164 3183 2232 καταλείψει
3219 2162 3314 2214 ἄνθ
3325 2173 3507 2230 ρωπος
3531 2159 3623 2208 τὸν
3648 2156 3846 2222 πατέρα

2300 2263 2462 2319 αὑτοῦ
2497 2262 2589 2313 καὶ
2643 2260 2737 2326 τὴν
2788 2258 3016 2324 μητέρα,
3061 2253 3157 2305 καὶ
3215 2246 3749 2318 προσκολληθήσεται
3786 2244 3844 2308 τῇ

2302 2353 2516 2421 γυναικὶ
2545 2349 2705 2402 αὑτοῦ
2733 2365 2746 2378 ·
2788 2346 2880 2398 καὶ
2904 2345 3113 2396 ἔσονται
3155 2343 3205 2394 oi
3243 2340 3335 2393 δύο
3367 2339 3445 2395 είς
3487 2337 3668 2403 σάρκα
3697 2334 3842 2401 μίαν·

2301 2448 2440 2499 ὥστε
2477 2442 2655 2494 οὐκέτι
2709 2438 2814 2490 εἰσὶ
2866 2436 2975 2495 δύο,
3026 2432 3163 2485 ἀλλὰ
3211 2430 3348 2498 σὰρξ
3396 2429 3525 2497 μίαο
3584 2421 3847 2477 πιστεύειν

2301 2537 2467 2605 ἡμᾶς,
2504 2531 2596 2584 καὶ
2628 2528 2924 2597 ὁμολογεῖν,
2957 2523 3054 2575 ἕνα
3101 2520 3286 2589 σχεδὸν
3336 2517 3618 2586 όμόψυχον
3648 2513 3844 2605 ανθρω·

2456 2625 2510 2673 ὲν
2556 2620 2672 2670 δυσὶ
2727 2613 3093 2682 θεωρούμενον
3127 2608 3517 2668 ὑποστάσεσιν,
3563 2601 3848 2672 όμοζύγους

2303 2716 2389 2770 διὰ
2413 2713 2499 2764 τὸν
2533 2710 2706 2777 γάμον
2729 2702 3054 2770 λογίζεσθαι.
3106 2699 3267 2752 Ἀλλὰ
3318 2697 3501 2748 δοτέον
3533 2690 3847 2760 ἀναδραμεῖν

2304 2804 2395 2858 τοῦ
2426 2803 2584 2868 λόγου
2610 2799 2698 2851 τὸν
2731 2796 2903 2865 ῥύακα
2931 2791 3022 2845 καὶ
3058 2790 3190 2860 πρὸς
3214 2789 3403 2857 ἕτερον
3430 2784 3672 2852 καίριον.

729 3085 1000 3152 Unigeniti
1034 3082 1154 3136 Filii
1189 3083 1276 3137 Dei
1317 3084 1878 3152 incomprehensibilis
1916 3101 2043 3155 erga
2100 3103 2199 3143 nos

2387 3072 2451 3129 Ἦ
2497 3071 2588 3124 τοῦ
2650 3063 2967 3138 μονογενοῦς
3025 3061 3155 3115 Υἱοῦ
3215 3059 3309 3112 τοῦ
3355 3058 3494 3111 Θεοῦ
3552 3057 3690 3126 πρὸς
3717 3057 3849 3124 ἡμᾶς

657 3176 935 3234 demissio.
964 3182 1016 3227 et
1052 3176 1244 3244 pignus
1270 3175 1459 3228 salutis
1486 3175 1699 3228 humani
1726 3177 1957 3243 generis.
1985 3192 2105 3230 cum
2140 3193 2204 3230 ex

659 3268 780 3319 aliis
817 3267 1001 3318 multis
1034 3267 1302 3334 mysteriis
1336 3266 1730 3332 magniﬁcatur,
1766 3274 1877 3319 tum
1913 3267 2068 3319 etiam
2099 3283 2202 3320 non

662 3371 846 3423 parum
880 3355 1212 3421 gloriﬁcatur
1236 3370 1300 3406 ex
1335 3353 1705 3408 benedictione
1733 3357 1978 3423 nuptiali.
1998 3355 2205 3423 Quippe

659 3458 783 3498 eum
816 3445 1045 3496 obnoxia
1081 3453 1301 3509 peccato
1331 3443 1644 3508 coniunctio
1677 3445 1729 3496 in
1766 3447 2073 3498 universam
2114 3445 2208 3496 bo-

662 3536 866 3587 miuum
915 3547 1147 3586 massam
1192 3533 1380 3584 luisset
1425 3527 1601 3586 dedita
1644 3541 1764 3600 post
1793 3533 2042 3587 draconis
2067 3533 2206 3587 invi-

662 3625 830 3684 diam.
870 3633 924 3677 et
968 3622 1205 3675 mandati
1241 3622 1408 3675 divini
1443 3623 1946 3691 transgressionem,
1991 3623 2210 3692 jamque

665 3715 862 3766 malum
893 3713 1018 3765 illud
1039 3712 1104 3764 ad
1129 3711 1230 3763 alia
1249 3711 1387 3763 mala
1411 3711 1614 3777 majora
1636 3713 1989 3780 processisset
2018 3731 2031 3777 ;
2064 3726 2210 3766 cura:

664 3803 898 3872 benigno
933 3801 1042 3855 Deo
1084 3801 1181 3853 fuit
1218 3801 1553 3868 regeneratio
1583 3807 1768 3853 nostra
1799 3801 2206 3854 etinstauratio.

667 3890 981 3959 ltaquecum
1005 3889 1313 3957 unigenitus
1335 3887 1423 3941 Dei
1456 3885 1620 3942 Filius
1644 3889 1800 3942 homo
1829 3889 2004 3942 factus
2021 3884 2211 3941 fuisset

667 3981 839 4034 instar
883 3989 1148 4042 nostrum,
1187 3986 1403 4047 propter
1445 3993 1563 4041 nos,
1599 3987 1650 4032 et
1686 3994 1897 4032 omnem
1931 3980 2086 4031 aliam
2119 3979 2213 4030 atl-

667 4067 1119 4119 ministrationem
1151 4066 1444 4132 implesset,
1478 4065 1552 4118 uti
1577 4081 1674 4119 nos
1701 4067 2000 4118 beatitatem
2031 4066 2212 4133 pristi-

666 4171 789 4208 nam
822 4169 1204 4223 recuperamus
1251 4171 1264 4206 :
1303 4157 1461 4208 etiam
1491 4154 1691 4222 nuptiis
1728 4156 1779 4207 in
1809 4153 1954 4208 Cana
1984 4154 2213 4207 Galiltete

671 4246 953 4298 celebratis
1008 4243 1326 4304 benedixit,
1373 4253 1425 4296 et
1465 4257 1658 4310 aquam
1708 4242 2102 4310 desperationis
2155 4240 2211 4292 in

668 4335 851 4386 vinum
879 4348 1019 4386 verte
1047 4333 1137 4385 Dei
1171 4333 1497 4400 cognitionis
1526 4333 1750 4386 mutavit
1779 4349 1793 4396 ;
1838 4332 2096 4384 certiores
2119 4345 2212 4399 per

2305 3162 2682 3229 ἁκατάληπτος
2719 3153 3142 3222 συγκατάὸασις,
3200 3151 3294 3202 καὶ
3329 3150 3388 3202 τὸ
3440 3148 3543 3218 τῆς
3597 3147 3849 3214 σωτηρίας

2304 3253 2395 3304 τοῦ
2441 3251 2632 3316 γένους
2677 3245 2783 3296 τῶν
2826 3240 3125 3310 ἀνθρώπων
3171 3237 3453 3307 ἐχέγγυον,
3509 3233 3850 3303 μεγαλύνεται

2309 3340 2404 3409 μὲν
2452 3336 2546 3389 καὶ
2589 3334 2644 3398 ἐξ
2679 3332 2849 3385 ἄλλων
2883 3325 3191 3397 μυστηρίων
3229 3321 3459 3382 πολλῶν,
3489 3322 3590 3389 οὐχ
3617 3318 3768 3390 ἦττον
3801 3318 3850 3369 δὲ

2307 3432 2398 3481 καὶ
2432 3431 2492 3479 ὲκ
2517 3426 2615 3494 τῆς
2645 3421 2883 3490 γαμικῆς
2917 3416 3215 3487 ίερολογίας
3247 3414 3555 3478 δοξάζεται.
3603 3412 3714 3478 Τῆς
3756 3409 3852 3476 γὰρ

2308 3514 2684 3584 ἁμαρτητικῆς
2725 3507 3020 3576 συναφείας
3063 3504 3400 3571 διαδοθείσης
3451 3505 3531 3565 είς
3577 3500 3854 3579 ἅπαν-τῶν

2310 3605 2607 3674 ἀνθρώπων
2638 3602 2696 3652 τὸ
2729 3598 2974 3665 φύραμα,
3009 3594 3144 3663 μετὰ
3176 3594 3265 3644 τὸν
3300 3593 3496 3660 φθόνον
3527 3590 3625 3644 τοῦ
3647 3591 3853 3659 δράκον-

2309 3713 2419 3757 τος,
2471 3694 2562 3745 καὶ
2608 3692 2705 3756 τῆς
2749 3686 2965 3752 ἐντολῆς
2994 3682 3084 3736 τοῦ
3119 3683 3254 3735 Θεοῦ
3287 3683 3386 3752 τὴν
3418 3681 3748 3750 παράϐασιν,
3773 3678 3855 3730 καὶ

2310 3785 2401 3838 τοῦ
2425 3782 2590 3836 κακοῦ
2633 3780 2768 3848 πρὸς
2824 3776 2984 3844 ἕτερα
3050 3774 3193 3826 κακὰ
3247 3772 3705 3840 προχωρήσαντος
3750 3768 3854 3836 μεί-

2312 3879 2457 3941 ζονα,
2493 3875 2720 3942 ἐμέλησε
2743 3869 2818 3940 τῷ
2845 3865 3206 3938 φιλανθρώπῳ
3228 3863 3346 3933 Θεῷ
3369 3864 3468 3930 τῆς
3501 3863 3659 3932 ήμῶν
3685 3862 3858 3926 παλιγ-

2313 3964 2556 4031 γενεσίας
2588 3962 2681 4012 καὶ
2713 3956 3086 4016 ἀναπλάσεως.
3129 3952 3372 4018 Γεγονὼς
3426 3953 3610 4003 τοίνυν
3663 3952 3856 4017 ἄνθρω-

2315 4072 2410 4114 πος
2454 4050 2574 4103 καθ’
2604 4049 2768 4118 ἡμᾶς,
2795 4047 2862 4098 δι’
2891 4047 3036 4115 ἡμᾶς
3073 4046 3101 4096 ὁ
3133 4041 3422 4112 μονογενὴς
3448 4041 3582 4102 Υίδς
3606 4040 3699 4091 τοῦ
3718 4037 3858 4096 Θεοῦ,

2315 4145 2407 4196 καὶ
2428 4143 2603 4194 πᾶσαν
2650 4139 2814 4208 ἄλλην
2854 4136 3146 4205 πληρώσας
3194 4133 3529 4201 οἰκονομίαν,
3589 4131 3680 4184 ἵνα
3721 4130 3861 4197 ἡμεῖς

2314 4234 2410 4300 τὴν
2441 4228 2672 4298 ἀρχαίαν
2712 4225 3086 4295 μακαριότητα
3119 4222 3394 4290 λάὁωμεν,
3437 4220 3534 4271 καί
3569 4218 3662 4271 τὸν
3691 4221 3743 4269 ὲν
3766 4219 3863 4269 Κα-

2315 4323 2381 4374 νᾶ
2407 4323 2503 4389 τῆς
2535 4317 2823 4378 Γαλιλαίας
2849 4318 3024 4383 γάμον
3051 4313 3342 4382 ηὺλόγησε,
3378 4312 3471 4362 καὶ
3509 4309 3571 4361 τὸ
3616 4309 3754 4376 ὕδωρ
3780 4307 3862 4371 τῆς

669 4426 769 4477 hoc
801 4425 1023 4478 reddens
1046 4425 1310 4487 homines,
1346 4424 1487 4492 quod
1522 4422 1729 4477 femina:
1767 4437 1872 4475 non
1908 4421 2136 4491 amplius
2165 4420 2199 4472 ir

2321 4411 2676 4479 ἀπογνώσεως
2697 4410 2775 4470 είς
2794 4402 2932 4459 οῐνον
2953 4404 3178 4473 ἀληθοῦς
3203 4401 3530 4470 θεογνωσίας
3561 4398 3858 4471 μετέίαλεν·

670 4513 953 4567 doloribus
993 4515 1192 4568 liberos
1241 4515 1470 4581 pariant,
1516 4528 1613 4565 nec
1649 4511 1739 4580 qui
1777 4519 2131 4579 procreantur
2153 4524 2216 4562 ex

672 4605 1015 4672 ecpulatione
1062 4603 1442 4656 matrimoniali
1501 4603 1727 4669 amplius
1788 4601 2016 4669 pristino
2065 4613 2216 4653 more

670 4693 874 4758 dicant,
903 4693 956 4746 lu
979 4694 1212 4762 peccatis
1239 4693 1485 4760 concepit
1507 4707 1589 4744 me
1619 4699 1790 4744 mater
1818 4705 1933 4742 mea
1960 4707 1972 4741 :
1999 4689 2090 4743 sed
2122 4687 2212 4741 Dei

673 4792 935 4850 praecepta
1002 4791 1297 4845 servantes,
1355 4780 1805 4848 quemadmodum
1867 4778 2072 4845 primus
2129 4777 2214 4830 ille

673 4884 868 4937 parens
914 4877 1094 4924 noster
1140 4884 1200 4922 ea
1251 4872 1481 4922 servavit
1525 4877 1649 4922 ante
1692 4865 2210 4936 transgressionem,

674 4959 923 5012 eumdem
954 4960 1212 5012 honorem
1247 4968 1300 5012 et
1338 4961 1558 5026 gloriam
1610 4965 2044 5026 consequantur,
2109 4969 2212 5021 qua

675 5049 876 5103 iuerint
910 5049 1086 5102 ornati
1115 5048 1270 5117 primi
1302 5058 1550 5116 parentes
1581 5057 1704 5102 ante
1746 5044 2182 5101 inobedientiam.

744 5223 1065 5277 llonorabile
1095 5236 1326 5289 namque
1365 5221 1762 5274 matrimonium
1797 5226 1898 5282 est,
1931 5226 1984 5270 et
2041 5217 2211 5270 lectus

675 5315 1010 5383 impollutus,
1043 5314 1134 5382 qui
1201 5313 1424 5367 salutem
1478 5313 1731 5382 largitur.
1782 5308 1910 5372 Quae
1956 5323 2077 5360 cum
2144 5309 2215 5359 ita

675 5409 804 5469 sint,
834 5412 886 5459 et
916 5418 1037 5457 cum
1070 5403 1260 5456 tabulae
1287 5401 1542 5456 divinitus
1577 5402 1792 5468 scripta:
1847 5398 2046 5460 dicant,
2097 5395 2216 5449 Non

674 5494 993 5564 ingrcdieris
1041 5494 1105 5544 ad
1157 5492 1400 5558 quemvis
1450 5491 1811 5545 necessarium
1875 5490 2054 5542 carnis
2086 5500 2210 5547 tute,

675 5597 730 5636 ut
768 5585 968 5637 reveles
1005 5581 1258 5650 pudorem
1289 5583 1402 5651 ejus
1433 5599 1444 5633 :
1479 5595 1598 5642 cum
1642 5583 1845 5648 primus
1899 5579 1985 5631 ille
2020 5592 2212 5646 parens

678 5685 858 5727 noster
889 5674 1011 5726 alibi
1042 5672 1395 5740 responderit,
1441 5672 1558 5723 Jam
1587 5673 1754 5737 magis
1810 5684 1944 5721 uxor
1990 5683 2103 5720 mra
2131 5676 2212 5718 est.

2322 4501 2566 4555 ἐντεῦθεν
2595 4498 2948 4568 πληροφορῶν
2974 4495 3035 4547 τὸ
3063 4494 3158 4546 ἀνθ
3170 4492 3425 4560 ρώπινον,
3455 4491 3531 4553 ὡς
3563 4491 3742 4542 οὐκέτι
3779 4504 3861 4552 γυ-

2320 4594 2500 4652 ναῖκες
2542 4591 2599 4642 ὲν
2643 4588 2838 4649 λύπαις
2865 4587 3029 4638 τέκνα
3063 4583 3434 4651 γεννήσουσι-ι,
3470 4579 3594 4633 οὐδὲ
3629 4581 3692 4630 ὲκ
3721 4592 3864 4643 γαμι-

2319 4681 2418 4748 κῆς
2471 4675 2757 4742 συναφείας
2792 4671 3114 4738 τικτόμενοι,
3176 4670 3318 4720 κατὰ
3373 4667 3434 4718 τὸ
3483 4666 3747 4734 πρότερον
3803 4661 3867 4712 είο

2321 4785 2488 4831 ποιεν,
2527 4766 2612 4816 Ἐν
2638 4763 2926 4832 ἁμαρτίαις
2948 4757 3198 4826 ὲκίσσησέ
3233 4773 3297 4825 με
3320 4757 3353 4825 ή
3377 4757 3566 4826 μήτηρ
3596 4772 3698 4824 μου
3714 4771 3726 4782 ·
3750 4751 3866 4805 ἀλλὰ

2318 4857 2652 4924 τηρήσαντες
2684 4855 2777 4914 τὰς
2811 4851 3026 4911 ἐντολὰς
3069 4847 3161 4899 τοῦ
3195 4846 3354 4906 Θεοῦ.
3389 4846 3572 4908 καθὼς
3613 4847 3643 4897 ὁ
3671 4843 3864 4914 προπάι

2321 4963 2431 5015 τωρ
2456 4943 2627 5005 αὑτὰς
2657 4942 2888 5010 ἐτήρησε
2913 4939 3017 5008 πρὸ
3042 4937 3136 5004 τῆς
3181 4936 3569 5004 παραϐάσεως,
3593 4933 3693 5001 τῆς
3717 4932 3864 4995 αὒτῆἱ

2318 5035 2482 5105 τιμῆς
2515 5033 2605 5085 καὶ
2635 5031 2789 5097 δόξης
2822 5028 3234 5098 ἀξιωθήσονται,
3265 5027 3384 5088 οἵας
3414 5025 3525 5094 πρὸ
3557 5025 3661 5092 τῆς
3706 5036 3863 5089 παρα-

2321 5125 2452 5191 κοῆς
2486 5125 2533 5174 oi
2573 5121 2936 5191 προπάτορες.

2391 5213 2578 5280 Τίμιος
2611 5209 2717 5278 γὰρ
2746 5211 2772 5260 ό
2800 5209 2991 5276 γάμος,
3021 5207 3112 5257 καὶ
3141 5207 3172 5274 ή
3196 5205 3346 5272 κοίτη
3380 5205 3669 5272 ἀμίαντος,
3705 5219 3861 5268 σωτη·

2325 5303 2443 5371 ρὲαν
2493 5299 2954 5368 φιλοτιμούμενος.
2999 5295 3217 5348 Τούτων
3267 5295 3441 5356 οὕτως
3478 5295 3735 5362 ἑχόντων,
3787 5291 3865 5341 καὶ

2320 5393 2424 5443 τῶν
2464 5389 2778 5458 θεογρὰφων
2819 5386 3038 5438 πλακῶν
3077 5385 3370 5450 λεγουσῶν·
3441 5386 3555 5434 Οὐκ
3599 5382 3861 5446 είσελεύσῃ

2323 5482 2458 5548 πρὸς
2493 5480 2666 5532 πάντα
2701 5479 2897 5529 οἰκεῖον
2939 5475 3139 5543 σαρκός
3168 5491 3262 5525 σου
3306 5473 3663 5541 ἀποκαλύψαι
3691 5471 3860 5536 αἰσχύ·

2323 5588 2417 5634 νην
2455 5567 2648 5621 αὐτοῦ’
2687 5565 2778 5619 καὶ
2798 5565 2888 5617 τοῦ
2921 5566 3259 5633 προπάτορος
3300 5564 3738 5630 ἀποκρινομένου
3768 5559 3862 5612 ἑτέ-

2318 5664 2506 5728 ρωθεν.
2539 5661 2649 5712 Νῦν
2683 5661 2774 5710 καὶ
2810 5658 3004 5724 μᾶλλον
3053 5659 3083 5719 ἠ
3137 5655 3271 5719 γυνή
3307 5671 3406 5719 μου
3463 5653 3656 5709 ὀστοῦν
3684 5655 3742 5704 ἐκ
3770 5649 3859 5701 τῶν
