4004 6468
232 384 364 452 ΙΟϐῙ
1678 403 1724 460 Μ
1743 404 1776 460 E

1878 405 2081 462 TAT.\.
3289 390 3426 474 1062

237 510 415 561 όστων
461 511 559 578 μού
606 514 744 573 ὲστιτ
783 517 873 565 καὶ
920 514 1053 583 σαρξ
1092 515 1149 581 ἐξ
1185 517 1280 586 τῆς
1323 521 1522 588 σαρκός
1557 535 1689 586 μουο
1726 519 1776 569 ού

1889 537 1949 575 os
1977 540 2040 576 cx
2074 524 2283 577 ossibus
2315 522 2468 586 meis,
2493 529 2544 574 et
2570 534 2695 574 caro
2716 535 2778 574 ex
2806 533 2967 573 carne
2988 534 3102 573 mea
3131 538 3145 573 :
3171 521 3418 586 equidem

235 598 420 668 τολμῶ
443 601 566 661 τοὺς
597 600 894 668 όμοζύγους
927 605 1098 657 είπεῖν
1128 606 1293 675 ἄλλης
1321 608 1414 659 καὶ
1458 608 1619 674 ἄλλης
1646 603 1776 658 εἶναι

1886 614 2064 666 dicere
2090 629 2192 666 non
2223 611 2414 673 audeo,
2439 611 2693 679 coniuges
2723 611 2942 665 alterius
2969 618 3022 662 et
3038 609 3280 672 ,alterius
3300 626 3421 665 esse

240 686 465 756 σαρκὸς,
497 688 599 740 κᾶν
636 692 691 741 ἐν
734 689 886 742 δυσὶν
922 693 1276 749 ὑποστάσεσιν
1322 695 1518 756 αὐτοὺς
1557 694 1743 762 Θεωρῶ
1765 711 1776 723 ·

241 777 332 829 ἴνα
371 778 444 848 μὴ
491 779 712 841 δικαίως
741 782 1053 852 κατακριθῶ
1103 784 1243 836 κατὰ
1291 785 1414 846 τοὺς
1463 785 1783 848 ἁθετοῦντας

239 868 550 936 δγγράφους
584 869 676 920 καὶ
732 870 1009 938 ἀγράφους
1060 873 1404 940 παραδόσεις,
1447 874 1556 925 τῶν
1611 875 1780 940 ἁγίων

253 957 586 1026 Ἐκκλησιῶν
626 959 720 1010 καὶ⁸
755 960 852 1027 τῆς
909 961 1177 1030 σωτηρίας
1227 963 1384 1030 ἡμῶν
1415 964 1474 1014 τὸ
1499 964 1778 1031 ἐχέγγυον.

237 1045 593 1112 Διαγινώσκω
619 1046 673 1097 δὲ
705 1047 902 1115 μᾶλλον
943 1049 1068 1116 μίαν
1105 1050 1278 1118 σάρκα
1324 1051 1540 1112 τούτους
1573 1053 1779 1117 λογίζε-

242 1134 391 1196 σθαι,
423 1135 515 1185 καὶ
547 1136 654 1195 τοῖς
694 1136 870 1195 αὐτοῖς
917 1138 1358 1205 στενοχωρεῖσθαι
1387 1140 1475 1189 τὸν
1500 1139 1668 1206 ἄνδρα
1696 1155 1781 1191 νος

243 1225 424 1290 μικοῐς
445 1221 538 1274 καὶ
567 1226 866 1285 κανονικοῖς
901 1225 1366 1292 παραγγέλμασιν,
1394 1226 1515 1279 ὅσον
1537 1227 1670 1288 τέως
1704 1229 1782 1289 εἰς

242 1310 537 1377 συνάφειαν
564 1313 822 1379 γαμικὴν,
851 1306 930 1374 οἷς
959 1313 1049 1363 καὶ
1072 1315 1104 1382 ὴ
1132 1313 1317 1375 τούτου
1368 1318 1779 1382 στενοχωρεῖται

237 1400 540 1469 ὁμόζυγοςο
565 1400 752 1471 ὥσπερ
790 1402 882 1453 καὶ
926 1401 984 1453 τὸ
1027 1403 1313 1455 ἀνάπαλιν.
1353 1404 1460 1456 Καὶ
1509 1403 1596 1454 διὰ
1625 1403 1791 1454 τοῦτο.

244 1492 323 1571 μὴ
378 1490 633 1543 δύνασθαι
676 1491 766 1543 τὸν
811 1493 1116 1559 Δημήτριον
1150 1492 1230 1551 είς
1262 1494 1492 1556 γυναῖκα
1525 1492 1622 1558 τὴν
1653 1491 1782 1543 Θεο-

238 1579 418 1647 δώραν
462 1579 680 1636 λαϐεῖν.
743 1578 1089 1648 λογιζομένην
1142 1580 1518 1650 δισεξαδὲλφην
1568 1582 1728 1633 αὐτοῦ
1764 1622 1779 1646 ,

239 1669 328 1722 διὰ
357 1669 455 1738 τὴν
483 1672 619 1738 μετὰ
645 1669 740 1736 τῆς
763 1671 974 1738 Μαρίας
1000 1673 1240 1742 γαμικὴν
1266 1672 1452 1724 τούτου
1470 1675 1779 1739 συνάφειαι).

251 1760 602 1828 ’Δποδέχομαι
654 1759 710 1811 δὲ
765 1761 854 1811 καὶ
897 1763 1021 1822 τοὺς
1079 1762 1384 1824 κωλύοντας
1425 1763 1485 1814 τὸ
1545 1762 1780 1814 τοιοῦτον

1885 703 2084 765 carnis,
2114 702 2234 756 licet
2255 716 2346 755 eos
2373 701 2426 754 in
2445 701 2654 755 duabus
2669 701 2912 767 personis
2930 700 3083 769 video
3109 717 3122 752 :
3143 714 3206 752 ne
3227 695 3417 754 ineritt:

1881 789 2207 845 condemner
2230 791 2440 844 illorum
2505 806 2672 850 more.
2731 791 2824 858 qui
2891 790 3122 857 scriptas
3183 798 3236 842 et
3309 805 3415 843 nor:

1883 880 2111 945 scriptas
2179 880 2493 933 traditiones
2557 880 2865 946 reprobant,
2923 886 3412 946 quaesanctarum

1883 965 2240 1021 Ecclesiarum
2265 977 2318 1021 et
2362 967 2555 1021 salutis
2611 977 2808 1021 nostra:
2868 968 3059 1035 pignus
3111 976 3254 1021 sont.
3310 968 3412 1019 lmr

1881 1057 2061 1125 potius
2086 1066 2281 1120 statuo,
2314 1072 2410 1124 pro
2440 1071 2545 1109 una
2589 1071 2752 1110 carne
2808 1057 3101 1120 ducendos,
3133 1066 3185 1108 et
3228 1055 3414 1107 iisdem.

1881 1146 2174 1215 constringi
2204 1148 2720 1218 maritumlegalibus
2751 1147 3094 1200 ctcanonicis
3117 1143 3417 1210 praeceptis,

1879 1247 2135 1307 quantum
2163 1237 2367 1290 scilicet
2393 1238 2782 1305 copulationem
2808 1234 3253 1287 matrimonialem
3292 1233 3423 1283 atti-

1880 1337 1990 1390 net,
2033 1329 2227 1396 quibus
2272 1336 2325 1382 et
2361 1327 2558 1393 conjux
2617 1326 2734 1393 ejus
2765 1325 3095 1377 includitur:
3161 1323 3421 1389 idemque

1880 1417 1994 1471 vice
2022 1431 2177 1469 versa
2217 1417 2390 1469 locum
2427 1416 2642 1468 habere.
2682 1413 2855 1480 Atque
2893 1413 2992 1464 hac
3025 1414 3090 1464 de
3121 1427 3285 1464 causa
3316 1425 3420 1462 non

1879 1521 2036 1576 posse
2068 1506 2392 1559 Demetrium
2424 1505 2476 1558 in
2519 1518 2738 1557 uxorem
2802 1503 3000 1555 ducere
3056 1501 3418 1561 Theodoram,

1881 1611 1996 1665 quae
2017 1610 2110 1662 pro
2144 1595 2361 1648 sobrina
2391 1594 2508 1662 ejus
2560 1593 2807 1654 habetur,
2866 1599 3083 1658 prapter
3134 1590 3420 1641 matrimo-

1881 1687 2071 1739 uialem
2104 1684 2272 1742 iusius
2303 1699 2422 1737 cum
2456 1683 2615 1736 IMaria
2641 1681 3098 1748 coniunctionem.
3139 1678 3420 1732 Assentior

1881 1777 2038 1828 etiam
2072 1776 2159 1837 iis,
2194 1775 2283 1844 qui
2311 1773 2758 1827 matrimonialem
2783 1769 3418 1838 ejusmodi—contractum

236 1847 472 1916 γαμικὸν
505 1845 599 1898 τοῦ
629 1846 936 1914 Δημητρίου
963 1846 1307 1914 συνάλλαγμα
1326 1846 1414 1900 διὰ
1446 1848 1568 1906 τοὺς
1587 1847 1776 1915 νόμους

1882 1832 2463 1929 ῡθηιοιιοίίρτοιιὶὶιεηι
2525 1860 2698 1926 legum
2758 1832 2967 1909 ratione
3025 1853 3131 1921 (66)
3186 1867 3415 1921 quarum

234 1934 363 1994 ὶτοὺς
385 1932 657 1999 λέγοντας,
681 1933 737 1984 ὲν
765 1935 874 1992 τοῖς
895 1934 1091 2000 γάμοις
1119 1934 1179 1985 οὐ
1207 1934 1362 2004 μόνον
1390 1933 1451 1985 τὸ
1474 1934 1775 2001 ἐφειμένον,

240 2021 376 2074 ἀλλὰ
408 2022 503 2074 καὶ
543 2022 602 2073 τὸ
639 2022 911 2092 εὐπρεπὲς
960 2023 1256 2091 ζητητέονο
1296 2023 1571 2076 κατανοῶν
1612 2024 1778 2091 ἀπρε-

236 2113 505 2164 πέστατον
558 2110 716 2176 εῐναι,
769 2113 858 2164 τὸν
911 2114 1070 2182 μέχρι
1117 2112 1208 2166 τοῦ
1242 2113 1333 2166 νῦν
1359 2114 1602 2183 γαμϐρὸν
1629 2113 1778 2179 παρὰ

235 2202 330 2267 τῆς
379 2202 752 2272 δισεξαδέλφης
807 2203 1113 2270 λεγόμενον,
1146 2203 1413 2272 όμόζυγον
1466 2204 1632 2268 αὐτῆς
1667 2207 1779 2255 ὀνο-

239 2291 521 2365 μάζεσθαι.
557 2296 677 2347 Ὅτι
700 2295 754 2347 δὲ
810 2292 1076 2363 χρώμενοι
1105 2293 1311 2362 ῥήμασί
1337 2308 1480 2353 τινες
1520 2293 1610 2344 τοῦ
1641 2293 1776 2344 κατὰ

234 2384 332 2452 τὴν
353 2382 395 2434 λ’
424 2383 516 2434 τοῦ
548 2381 762 2435 Ἰουλίου
790 2381 975 2451 μηνὸς,
1000 2381 1096 2447 τῆς
1131 2381 1200 2449 ιβ’
1231 2382 1619 2451 ἐπινεμήσεως,
1653 2398 1777 2433 συν-

236 2472 414 2525 οδικοῦ
447 2471 841 2542 σημειώματος,
870 2470 962 2523 τοῦ
997 2471 1094 2539 μὲν
1129 2472 1428 2537 ἀγιωτάτου
1453 2469 1615 2540 κυροῦ
1646 2471 1775 2522 Θεο-

233 2561 416 2613 δοσίου
448 2561 954 2632 πατριαρχεύοντος,
993 2559 1146 2628 ήμῶν
1175 2561 1229 2612 δὲ
1259 2559 1349 2612 τοῦ
1377 2561 1776 2629 χαρτοφύλακος

235 2649 599 2719 ἐνεργούντων
660 2650 868 2715 όφίκιον
902 2689 917 2714 ,
973 2652 1067 2702 καὶ
1119 2652 1245 2721 περὶ
1291 2651 1350 2703 τὺ
1412 2650 1560 2712 τέλος
1606 2650 1774 2701 ταῦτα

234 2737 536 2804 διεξιοῦσιν.
573 2739 726 2790 Ἐπεὶ
755 2739 861 2806 γὰρ
891 2741 927 2805 ἡ
948 2741 1094 2806 μετὰ
1123 2739 1398 2793 Ἰωάννου
1427 2739 1775 2791 τελεσθεῖσα

227 2829 524 2897 μνηστεία
551 2830 628 2892 ὡς
677 2829 1089 2893 ἀνυπόστατος
1113 2829 1374 2892 λέλυται,
1408 2827 1502 2880 διὰ
1528 2827 1638 2894 τὴν
1669 2828 1775 2894 τῆς

234 2919 491 2985 Εἰρήνης
539 2918 890 2983 ἁνηϐότητα,
953 2918 1146 2982 καλῶς
1201 2920 1238 2986 ἡ
1279 2904 1495 2985 Εἰρήνη
1526 2917 1775 2983 δευτέρῳ

229 3007 541 3074 ἐξαδέλφῳ
573 3007 755 3060 αὐτοῦ
793 3007 940 3060 κατὰ
980 3011 1163 3074 νόμον
1219 3007 1404 3074 γάμου
1451 3007 1776 3073 συξευχθή-

1882 1948 2039 2001 verba
2068 1957 2194 2000 sunt
2226 1947 2321 2000 :ln
2355 1946 2558 2014 nuptiis
2590 1959 2694 1997 non
2733 1944 2907 1997 solum
2934 1941 3060 2009 quid
3097 1942 3414 2009 permissum

1880 2039 1970 2100 sit,
2000 2037 2091 2090 scd
2118 2039 2278 2090 etiam
2309 2038 2443 2104 quid
2467 2036 2772 2098 honestum,
2805 2030 3254 2086 considerandum
3283 2037 3366 2081 est
3400 2046 3414 2079 :

1878 2127 2003 2179 dum
2055 2127 2440 2186 animadverto,
2495 2124 2991 2178 inhonestissimum
3039 2134 3182 2179 esse.
3240 2127 3296 2168 ιιι
3324 2117 3415 2182 qui

1878 2216 2136 2269 hactenus
2165 2230 2192 2266 a
2231 2215 2450 2268 sobrina
2490 2223 2710 2266 vocatus
2754 2212 2915 2264 fuerit
2971 2209 3162 2272 aﬂinis,
3230 2215 3415 2272 postea

1877 2304 2072 2371 coniux
2111 2303 2225 2369 ejus
2254 2303 2568 2371 appelletur.
2597 2300 2658 2354 Et
2716 2301 2840 2368 quia
2889 2300 3132 2352 nonnulli
3202 2305 3416 2348 utentes

1879 2393 2052 2448 verbis
2076 2392 2260 2460 scripti
2294 2392 2580 2466 synodalis,
2637 2390 2890 2458 publicati
2937 2389 3021 2441 die
3046 2401 3156 2440 xxx
3209 2383 3414 2436 mensis

1875 2481 2020 2546 Julii,
2061 2480 2353 2534 indictione
2382 2481 2719 2539 duodecima.
2753 2493 2875 2530 cum
2907 2483 3052 2530 esset
3109 2473 3414 2542 patriarcha

1878 2573 2254 2626 sanctissimus
2286 2570 2374 2622 ille
2399 2568 2649 2620 dominus
2680 2566 3032 2629 Theodosius,
3057 2573 3107 2618 et
3127 2579 3220 2615 nos
3242 2561 3415 2614 ollicio

1876 2660 2188 2716 cbartularii
2246 2659 2611 2724 iungeremur.
2643 2672 2748 2723 quo
2777 2657 2829 2709 in
2861 2657 3060 2720 scripto
3086 2655 3226 2706 circa
3257 2652 3414 2701 linem

1878 2750 1987 2804 haec
2007 2752 2166 2803 verba
2190 2750 2436 2815 leguntur
2462 2763 2474 2798 :
2494 2739 2624 2798 Cum
2648 2746 2781 2798 enim
2806 2744 3062 2796 celebrata
3080 2755 3193 2792 cum
3211 2737 3416 2788 Joanne

1875 2841 2142 2908 sponsalia
2171 2880 2184 2900 ,
2230 2857 2320 2892 ceu
2361 2839 2569 2891 minime
2620 2833 2936 2894 constantia,
2970 2831 3258 2886 solvantur,
3288 2842 3414 2893 pro-

1874 2940 1984 2995 pter
2034 2936 2238 2982 aetatem
2267 2926 2434 2978 Irena:
2467 2924 2774 2990 impuberem
2803 2937 2819 2973 :
2848 2930 2980 2976 recte
3015 2918 3170 2971 lreua
3204 2917 3412 2968 sobrina

1877 3020 2042 3088 ipsius
2073 3018 2178 3086 lege
2209 3015 2587 3069 matrimoniati
2608 3012 2951 3078 copulabilur.
2989 3009 3182 3073 Quippe
3209 3022 3298 3057 nec
3323 3019 3414 3067 pro

230 3112 425 3150 σεται.
457 3095 602 3148 Οὔτε
633 3094 743 3163 τὰρ
787 3097 1144 3163 συγγενικὸν
1189 3098 1506 3161 πρόσωπον
1541 3096 1654 3162 τὴν
1681 3099 1774 3148 Ei-

1878 3122 2096 3173 persoua
2119 3115 2337 3172 cognata
2367 3102 2659 3155 Theodorus
2694 3098 2906 3151 Irenam
2929 3095 3090 3151 ducit.
3122 3108 3211 3145 nec
3249 3091 3417 3157 aﬁini-

223 3191 430 3255 prirnr
455 3185 761 3255 λογίζεται,
803 3190 834 3240 ὀ
865 3186 1174 3253 Θεόδωρος,
1203 3186 1337 3238 οὔτε
1375 3186 1495 3258 τοῖς
1522 3186 1588 3250 ἐξ
1615 3187 1778 3255 ἀγχι-

230 3278 439 3340 στείας
475 3274 716 3342 δεσμοῖς
745 3275 841 3328 καί
892 3275 1050 3342 ὅροις
1108 3276 1519 3341 συσφίτγεται,
1571 3275 1667 3326 διὰ
1714 3276 1775 3328 τὸ

229 3364 556 3436 ὑπερϐῆναι
585 3365 689 3418 τὸν
711 3367 778 3429 ἐξ
803 3365 1142 3434 ἀγχιστείας
1172 3364 1346 3417 ἕκτον
1371 3365 1625 3432 βαθμόν.

299 3456 556 3507 Θέλουσιν
593 3458 739 3523 ἡμᾶς
792 3456 1023 3524 σιωπᾷν,
1056 3456 1176 3522 ἄρτι
1222 3455 1480 3507 τάναντία
1537 3454 1777 3520 διαγινὼ-

231 3559 459 3604 σκοντας
482 3557 497 3572 ·
532 3543 744 3610 πρῶτον
794 3542 891 3612 μὲν
944 3541 1195 3609 λέγομεν,
1237 3541 1310 3602 ὡς
1333 3543 1359 3591 ό
1385 3543 1525 3594 κατὰ
1557 3544 1776 3609 καιροὺς

229 3649 296 3699 χσ
308 3629 577 3700 ρτοφύλαξ
602 3631 775 3700 στόμα
805 3629 1192 3699 πατριαρχικδν
1209 3629 1573 3696 λογιζόμενος,
1598 3631 1775 3682 ἐκεῖνα

228 3721 380 3789 λέγει
415 3723 504 3773 καὶ
540 3723 764 3789 γράφει,
799 3722 901 3773 ὅσα
939 3718 1228 3786 νεφελώσει
1258 3718 1351 3769 καὶ
1383 3719 1643 3771 ὑδατώσει
1678 3721 1776 3786 τῆς

228 3813 470 3880 κεφαλῆς
494 3810 844 3881 ήὰκρώρεια.
877 3807 1081 3861 Οὐκοῦν
1110 3807 1225 3887 οὐδ)
1252 3808 1552 3868 αίτιατὲους
1574 3807 1604 3874 ἢ
1625 3808 1775 3858 ἐπαι-

226 3904 440 3965 νετὲους
469 3901 726 3965 λογιεῖταί
749 3917 836 3962 τις
871 3900 1018 3967 ἡμᾶς
1058 3895 1601 3965 καλλιγραφήσαντας
1647 3895 1775 3956 ἴσως

225 3995 326 4064 τὴν
359 3991 636 4064 παροῦσαν
689 3989 962 4052 ὑπόθεσιν,
995 3988 1026 4057 ἢ
1066 3986 1372 4038 τούναντίον
1422 3987 1773 4055 κακογραφή-

227 4101 450 4147 σαντας.
479 4083 633 4134 Κατὰ
667 4079 773 4148 γὰρ
798 4079 888 4131 τὸν
916 4077 1129 4145 Βαροὺχ
1170 4075 1773 4143 ύπεγραμματεύσαμεν

225 4177 330 4229 ὅσα
397 4171 608 4242 θρηνῶν
650 4169 914 4238 Ἱερεμίας
958 4167 1258 4234 ὲθρήνησε·
1319 4165 1412 4216 καὶ
1475 4165 1614 4215 κατὰ
1684 4164 1774 4214 τὸν

236 4257 450 4328 Ἀαρὼν
502 4256 858 4322 ἐλαλήσαμεν,
896 4254 996 4306 ὅσα
1048 4253 1222 4304 λαλθτιν
1264 4251 1489 4316 ὲλάλησε
1547 4249 1768 4318 Μωσῆς.

225 4349 406 4414 Ὅπερ
436 4345 490 4396 δὲ
523 4344 616 4395 καὶ
649 4343 765 4394 τότε
797 4341 890 4408 τὴν
926 4342 1234 4410 μικρόνοιαν
1260 4339 1414 4408 ἡμῶν
1445 4339 1771 4405 ἐθεράπευσε

1881 3196 2002 3248 tatis
2040 3195 2256 3246 vinculis
2295 3205 2447 3260 atque
2495 3190 2686 3258 legibus
2737 3185 3109 3252 constringitur
3149 3191 3416 3246 propterea

1876 3283 2009 3345 quod
2037 3292 2236 3335 sextum:
2260 3296 2321 3333 ea:
2348 3280 2592 3347 a/ﬁnitate
2617 3278 2836 3344 gradum
2868 3274 3101 3327 excedat.

2563 3391 2601 3427 ὑ

1946 3449 2041 3504 His
2079 3464 2205 3516 ergo
2229 3447 2410 3500 verbis
2441 3454 2674 3504 utentes,
2702 3452 2878 3495 tacere
2909 3453 3008 3492 nos
3069 3435 3280 3494 volunt.
3325 3447 3414 3498 qui

1871 3541 1979 3609 jam
2008 3539 2277 3594 contraria
2320 3537 2651 3589 statuimus:
2707 3532 2936 3599 primum
2996 3524 3415 3592 respondemus.

1875 3629 2135 3696 cujusque
2160 3627 2414 3694 temporis
2449 3622 2867 3681 chartularium,
2897 3616 2987 3684 qui
3009 3629 3070 3667 os
3093 3611 3420 3679 patriarchae

1875 3731 1996 3772 esse
2031 3716 2268 3776 ducitur,
2301 3728 2360 3766 ea
2397 3720 2507 3764 tum
2544 3710 2743 3769 dicere,
2815 3713 2927 3758 tum
2988 3702 3244 3759 scribere,
3299 3710 3419 3764 quae

1875 3807 2066 3875 capitis
2091 3805 2190 3873 ipsi
2224 3812 2406 3858 vertex
2444 3804 2619 3853 instar
2647 3796 2803 3850 nubis
2830 3801 2881 3848 et
2903 3806 3054 3860 aquae
3083 3786 3412 3857 suppeditat.

1873 3874 2101 3962 ideoque
2131 3907 2227 3946 nec
2252 3891 2567 3959 culpandos,
2603 3900 2700 3940 nec
2731 3880 3026 3937 laudandos
3060 3892 3157 3931 nos
3207 3874 3418 3943 putabit

1873 3984 2160 4052 quispiam.
2192 3982 2280 4048 qui
2310 3981 2389 4034 vel
2427 3989 2568 4032 recte
2622 3981 2939 4043 prmseutem
2989 3981 3232 4027 causam,
3263 3963 3344 4015 vel
3386 3977 3418 4014 e

1873 4075 2143 4127 contrario
2187 4071 2320 4123 male
2347 4069 2548 4121 litteris
2565 4063 2830 4131 complexi
2869 4061 3063 4113 simus.
3097 4054 3230 4106 Nam
3272 4065 3420 4103 more

1871 4163 2121 4226 Baruchi,
2159 4164 2345 4216 scribae
2379 4171 2599 4212 munere
2624 4153 2788 4206 functi
2816 4147 3122 4202 notavimus
3166 4152 3420 4210 quaecun-

1871 4269 1974 4322 que
2005 4249 2346 4305 lamentando
2381 4242 2681 4298 llieremias
2722 4238 3049 4291 lamentatus
3087 4239 3210 4284 est:
3242 4236 3295 4280 et
3317 4227 3422 4276 Aa-

1876 4317 2024 4396 ronis
2049 4354 2197 4392 more
2228 4334 2490 4405 prolocuti
2544 4344 2752 4389 sumus,
2801 4337 3128 4394 quascunque
3154 4317 3422 4385 loquendo

224 4403 388 4504 χάριν
411 4433 503 4485 τοῦ
538 4433 776 4484 τοιούτου
823 4403 1156 4499 ξητηματος,
1196 4403 1410 4498 ἐγράφη
1459 4403 1586 4495 παρ’
1618 4427 1771 4494 ἡμῶν

1879 4432 2090 4483 locutus
2151 4403 2239 4478 est
2263 4423 2455 4475 Moses.
2483 4419 2634 4483 Quod
2669 4425 2844 4468 autem
2875 4411 3178 4464 intellectus
3240 4403 3416 4457 nostri

225 4526 286 4576 ὲν
312 4521 390 4591 τῷ
424 4522 468 4591 β’
500 4521 798 4589 κεφαλαίῳ,
831 4520 923 4572 τοῦ
953 4525 1019 4587 ιγ’
1052 4519 1231 4571 τίτλου
1277 4517 1367 4569 τοῦ
1395 4517 1774 4584 νομοκανόνου.

225 4612 465 4676 Εἴπομεν
484 4611 588 4680 γὰρ
606 4610 664 4662 τὸ
680 4609 919 4662 τοιοῦτον
942 4610 1233 4678 κεφάλαιον
1262 4605 1675 4677 ἑρμηνεύοντες,
1700 4604 1774 4666 ὡς

221 4698 320 4753 καὶ
343 4697 617 4767 βασιλικὸν
639 4697 876 4750 ἐκώλυσε
906 4699 1228 4767 πρόσταγμα
1248 4695 1307 4746 τὸ
1335 4693 1667 4762 ζητούμενον
1690 4711 1780 4744 συ-

220 4791 510 4850 νοικέσιον,
539 4787 641 4841 κᾶν
659 4787 1218 4857 καταστρωθῆναιούκ
1242 4784 1572 4851 ἔφθασε,καὶ
1589 4785 1622 4852 ἡ
1659 4784 1778 4836 Ἐκ-

220 4877 421 4948 κλησία
437 4877 532 4947 τὴν
547 4876 736 4931 τούτου
757 4876 975 4946 ποίησιν
998 4876 1095 4926 οὐκ
1117 4873 1384 4941 ἀνέχεται.
1409 4867 1542 4923 Είτά
1572 4888 1772 4940 φαμεν,

219 4969 306 5046 ὡς
329 4967 730 5036 σημειωμάτων
754 4963 1236 5034 προκομιζομένων
1284 4959 1652 5026 ταλαυγενῶν,
1683 4961 1774 5011 καὶ

220 5057 312 5110 διὰ
327 5054 375 5088 ⁸³
403 5058 742 5126 γραμμάτων
777 5055 972 5125 ὁμοίων
1007 5051 1493 5123 ἑκκλησιαστικῶν,
1526 5050 1780 5111 διυλιζόν-

219 5160 333 5197 των
367 5145 457 5196 καὶ
491 5144 650 5197 αὑτὸν
671 5145 763 5197 τὸν
794 5143 1121 5211 φαυλότατον
1159 5140 1392 5194 κώνωπα
1415 5139 1508 5192 τοῦ
1541 5138 1775 5189 τοιούτου

221 5233 664 5302 ζητήματος,καὶ
683 5232 1094 5288 ἀποκαλούντων
1118 5230 1275 5283 τοῦτο
1298 5227 1770 5299 παρανομώτατον,

1880 4514 2127 4569 tenuitati
2159 4520 2287 4563 tunc
2327 4508 2562 4561 remedio
2586 4505 2685 4557 fuit
2713 4504 2766 4555 in
2802 4502 2901 4554 hac
2947 4498 3272 4567 quaestione,
3304 4507 3422 4558 per-

1879 4604 2137 4670 scriptum
2167 4615 2196 4652 a
2227 4598 2378 4651 nobis
2410 4605 2490 4650 est
2520 4596 2572 4646 in
2634 4593 2809 4659 capite
2857 4585 3093 4642 secundo
3121 4582 3260 4634 tituli
3305 4578 3425 4630 Xlli

1880 4687 2266 4744 Nomocanoui.
2327 4682 2536 4750 Quippe
2599 4686 2760 4746 caput
2811 4674 2943 4728 illud
3011 4672 3426 4736 interpretantes

1879 4779 2131 4838 diximus,
2163 4776 2322 4828 etiam
2353 4772 2526 4825 edicto
2551 4763 2895 4835 imperatorio
2940 4757 3267 4830 prohibitum
3309 4768 3431 4808 esse

1881 4865 2303 4926 matrimonium,
2335 4876 2440 4928 quo
2471 4859 2538 4911 de
2566 4858 2760 4924 agitur,
2791 4853 2915 4904 licet
2942 4851 2998 4902 in
3049 4855 3167 4900 acta
3198 4846 3426 4897 relatum

1881 4971 1986 5010 non
2015 4956 2194 5016 fuerit,
2220 4960 2272 5005 et
2307 4949 2549 5002 Ecclesia
2608 4942 3087 5014 promulgationem
3145 4934 3259 5000 ejus
3319 4944 3426 4984 non

1882 5044 2166 5098 susrineat.
2196 5039 2392 5093 Deinde
2419 5036 2761 5102 subjicimus,
2792 5029 2934 5099 quod
2959 5040 3080 5080 cum
3119 5021 3429 5076 notationcs

1882 5137 2073 5204 priscae
2105 5131 2471 5201 proferuntur,
2507 5136 2556 5179 et
2586 5123 2886 5178 consimilia
2919 5119 3114 5185 scripta
3171 5108 3427 5204 ecclesia-

1881 5226 2034 5286 stica,
2068 5220 2448 5292 pravissimum
2481 5225 2532 5268 et
2561 5217 2674 5282 ipsa
2703 5211 2928 5266 culicem
2983 5200 3294 5274 quaestionis
3319 5195 3424 5250 hu-

1449 5360 1676 5414 νΑῐὶιιιΕ
1719 5359 2118 5416 LECTIONES.

295 5459 343 5490 ⁸³
365 5458 814 5528 διαγραμμάτων.

1713 5557 1942 5612 ΝΟΤᾸΕ.

298 5681 407 5750 (66)
467 5681 696 5753 Se'upcr.
733 5681 794 5736 D.
834 5681 908 5736 De
940 5698 1043 5749 reg.
1070 5680 1182 5748 jur.
1211 5677 1276 5731 Et
1304 5678 1338 5730 Ι.
1367 5674 1454 5730 1'2.
1492 5674 1548 5725 D.
1587 5672 1659 5725 De
1683 5673 1768 5724 rit.
1813 5682 1959 5737 nupt.
