4004 6452
602 384 743 453 1063

1825 387 2107 448 THEOD.
2150 386 2626 447 BALSAMONIS

3676 383 3793 448 1064

606 513 696 580 jus
722 509 1064 579 percolantla,
1098 518 1153 563 et
1182 510 1572 577 iniquissimam
1606 511 1745 565 hanc
1775 513 2095 579 appellantia
2120 530 2132 574 ;

2259 513 2404 574 ιὺδέις
2435 512 2508 582 μὴ
2542 511 2960 583 σκαρδαμύττων
2990 511 3121 579 πρὸς
3158 508 3258 578 τὴν
3294 507 3611 576 ἐνάργειαν,
3655 509 3792 560 ἐκεί-

611 614 769 653 nemo
798 614 946 662 sane,
970 599 1059 666 qui
1091 602 1154 651 ad
1186 600 1481 652 evidentem
1534 600 1794 652 rationem
1831 615 1934 653 non
1967 602 2154 653 conni—

611 694 752 750 veat,
779 688 863 740 illa
899 687 1110 755 quidem
1139 688 1279 740 velut
1307 689 1499 740 abolita
1527 688 1820 749 damnabit,
1861 690 2150 756 praesertim

613 790 735 830 cum
764 790 862 828 nec
891 775 1098 829 sublata
1151 775 1263 828 sint
1310 775 1526 828 disertis
1584 778 1762 829 verbis
1823 791 1853 828 a
1910 778 2153 843 praesenti

616 864 858 934 synodali
913 865 1162 931 scripto;
1219 878 1336 931 qua:
1385 873 1560 916 autem
1638 865 1739 916 hoc
1789 864 2151 923 continentur,

615 955 837 1007 canonis
866 960 918 1005 et
968 953 1226 1021 legalibus
1293 954 1551 1007 doctrinis
1609 952 1929 1019 exaequabit.
1974 951 2157 1017 Itaque

618 1041 917 1107 respiciens
966 1041 1018 1092 in
1077 1048 1349 1094 auctorem
1400 1050 1452 1094 et
1501 1051 1990 1096 consummatorem
2035 1042 2155 1095 lldei

616 1137 833 1193 nostrae,
874 1129 1155 1182 Dominum
1184 1144 1246 1182 ac
1294 1128 1458 1182 Deum
1514 1142 1753 1185 nostrum
1805 1131 2156 1185 JesumChri-

617 1226 779 1279 stum,
819 1230 1006 1267 rursus
1054 1214 1181 1267 aio:
1220 1216 1361 1283 quod
1396 1230 1514 1269 cum
1543 1232 1767 1285 magnus
1815 1218 1905 1270 ille
1962 1218 2156 1271 Paulus

619 1305 783 1369 dicat,
813 1306 999 1359 Mulier
1022 1308 1251 1375 corporis
1294 1309 1376 1360 sui
1431 1318 1735 1374 potestatem
1787 1325 1888 1361 non
1962 1310 2142 1371 habet,

620 1396 709 1448 sed
734 1396 954 1447 maritus
989 1411 1005 1447 :
1034 1412 1094 1447 ac
1112 1397 1354 1447 similiter
1377 1397 1596 1448 maritus
1621 1404 1923 1461 potestatem
1972 1411 2154 1461 corpo-

620 1484 694 1535 ris
718 1484 798 1535 sui
825 1500 925 1535 non
950 1483 1119 1548 habet,
1146 1483 1232 1535 sed
1262 1499 1391 1534 uxor
1420 1500 1436 1535 :
1498 1484 1790 1551 itidemque
1840 1498 1960 1536 cum
2014 1485 2157 1537 sacri

624 1582 858 1621 canones
888 1578 940 1622 et
971 1571 1099 1621 torni
1151 1584 1270 1622 cum
1299 1570 1459 1622 vidua
1487 1570 1827 1622 matrimonio
1850 1571 2155 1637 copulatum

625 1670 722 1723 pro
742 1657 951 1724 digamo
979 1656 1261 1719 habentes,
1289 1658 1353 1710 ad
1391 1660 1611 1726 gradum
1644 1658 1872 1725 aliquem
1907 1659 2157 1712 ecclesia-

624 1744 814 1796 sticum
852 1745 1127 1810 pervenire
1155 1760 1258 1797 non
1309 1746 1487 1798 sinant
1515 1761 1530 1798 :
1558 1760 1618 1798 ac
1653 1760 1718 1798 ne
1739 1745 1977 1798 defuncti
2033 1747 2157 1813 qui-

630 1830 750 1883 dem
803 1832 1097 1886 sacerdotis
1146 1834 1427 1902 conjugem
1492 1834 1556 1886 ad
1606 1833 1871 1888 secundas
1931 1836 2162 1889 transire

626 1918 842 1986 nuptias
873 1921 1205 1987 permittant,
1236 1922 1395 1989 idque
1428 1923 1646 1975 omnino
1706 1931 1924 1989 pr0pter
1972 1924 2163 1977 identi-

626 2013 787 2059 tatem
810 2021 1089 2074 corporum
1114 2010 1372 2075 ipsorum,
1400 2010 1849 2077 quemadmodum
1876 2012 2160 2065 manifesto

628 2093 797 2161 liquet
847 2108 911 2145 ex
949 2110 1075 2148 xxxi
1115 2103 1167 2149 et
1233 2111 1378 2148 x-xm
1430 2096 1601 2164 capite
1656 2099 1792 2151 tituli
1834 2099 1987 2165 primi
2039 2099 2157 2151 libri

631 2182 698 2235 Ill
741 2182 1109 2249 Basilicorum,
1163 2195 1216 2239 et
1288 2202 1411 2240 xuv
1468 2202 1674 2241 canone
1727 2190 1896 2241 sancti
1959 2189 2162 2253 Basilii,

628 2271 782 2337 cujus
805 2273 857 2324 in
888 2275 987 2326 tlne
1014 2273 1232 2337 dicitur,
1274 2274 1381 2329 Nos
1424 2277 1664 2329 diacona‘.
1710 2292 1928 2346 corpus,
1992 2279 2158 2331 veluti

634 2372 754 2424 qure
784 2368 1093 2412 consecrata
1133 2362 1311 2424 fuerit,
1345 2378 1450 2416 non
1490 2365 1719 2432 amplius
1746 2366 1799 2419 in
1828 2380 1927 2419 usu
1955 2368 2157 2419 carnali

631 2460 751 2499 esse
776 2448 1175 2513 permittimus:
1228 2452 1471 2517 equidem
1522 2453 1706 2520 judico
1767 2455 2083 2509 canonicum
2110 2464 2162 2509 et

631 2532 923 2599 legitimum
958 2550 1095 2596 esse,
1131 2544 1189 2589 ut
1237 2540 1552 2594 auctoritate
1591 2544 1938 2610 prohibeatur
1988 2546 2164 2598 eccle-

632 2621 870 2683 siastica,
902 2625 1188 2690 quominus
1221 2641 1360 2679 unus
1385 2635 1438 2679 et
1485 2628 1623 2681 idem
1670 2630 1877 2685 duabus
1927 2633 2163 2686 sobrinis

635 2710 931 2776 capuletur,
964 2727 1025 2765 ac
1076 2714 1192 2767 vice
1242 2730 1441 2770 versa:
1501 2718 1653 2784 sique
1705 2721 1838 2774 clam
1900 2721 2161 2788 ejusmodi

633 2797 762 2864 quid
799 2798 995 2851 factum
1028 2800 1209 2862 fuerit,
1245 2802 1311 2855 de
1346 2805 1608 2858 industria
1641 2806 1943 2874 dirimatur,
2000 2818 2053 2864 et
2074 2812 2161 2863 in-

636 2885 961 2940 terveniente
1014 2902 1168 2954 paena
1203 2892 1521 2957 corrigatur.

1242 2999 1541 3054 EIUSDEM

636 3099 871 3168 Epistula
906 3110 967 3159 de
991 3108 1234 3178 incensis,
1264 3127 1378 3178 qua:
1409 3128 1440 3163 a
1473 3114 1776 3178 patriarcha
1826 3116 1946 3169 dari
1992 3117 2159 3171 solent

962 3191 1019 3225 eo
1050 3176 1134 3228 die
1153 3194 1251 3245 quo
1277 3176 1570 3233 'catech'esis
1598 3182 1833 3237 habetur.

703 3320 781 3375 Tu
814 3324 1048 3390 quidem,
1083 3325 1395 3382 charissime
1425 3328 1521 3392 fili,
1559 3331 1940 3399 gloriosissime
1969 3335 2157 3401 judex,

635 3417 687 3461 et
712 3412 958 3477 praefecte
1008 3413 1379 3480 judiciorum,
1438 3431 1558 3470 cum
1618 3418 1814 3473 Davide
1887 3423 2157 3489 psallens:

635 3496 903 3567 Interroga
932 3511 1131 3567 patrem
1165 3512 1333 3565 tuum,
1365 3519 1425 3557 ac
1462 3507 1604 3559 dicet
1654 3510 1745 3561 tibi
1773 3528 1785 3574 ;
1819 3513 2057 3581 seniores
2089 3523 2159 3577 te,

638 3599 700 3636 ac
722 3588 1103 3639 rennutiabunt
1130 3590 1223 3640 tibi
1250 3605 1265 3651 ;
1312 3602 1453 3644 recte
1492 3607 1809 3661 cognoscere
1826 3599 2068 3665 cupivisti
2096 3616 2160 3654 ex

636 3673 809 3736 nobis,
851 3688 953 3741 qua
982 3674 1046 3726 de
1075 3689 1235 3728 causa
1257 3678 1370 3729 dari
1400 3682 1594 3745 populo
1615 3684 1821 3737 soleant
1849 3700 1878 3737 a
1902 3688 2163 3756 cujusque

637 3762 896 3826 temporis
952 3762 1303 3817 sanctissimis
1358 3768 1678 3832 patriarchis
1735 3771 1982 3837 incensa,
2041 3786 2163 3843 post

637 3847 870 3899 habitam
932 3851 1259 3906 catechesin.
1309 3852 1417 3922 Ego
1480 3872 1605 3910 vero
1672 3858 1813 3915 faces
1865 3861 2164 3921 afllictionis

638 3932 888 3988 hauriens
924 3935 977 3988 in
1005 3937 1213 4001 exsilio,
1244 3943 1537 3995 cunctabar
1572 3943 1828 4002 hactenus
1856 3949 1907 4001 in
1940 3966 2163 4019 respon-

637 4024 830 4076 dendo.
884 4023 986 4077 Sed
1038 4028 1289 4092 quoniam
1344 4031 1525 4086 cuivis
1580 4037 1795 4101 petenti,
1846 4045 1896 4090 et
1957 4055 2163 4108 semper

637 4110 871 4176 quidem,
926 4121 1032 4165 tam
1094 4116 1297 4183 lingua,
1356 4134 1515 4185 quam
1581 4138 1739 4177 manu
1793 4126 1920 4179 dare
1974 4130 2164 4185 debere

638 4199 835 4265 didici,
890 4201 1000 4255 haec
1046 4203 1112 4255 ad
1168 4206 1638 4278 interrogationem
1682 4228 1745 4267 ex
1808 4222 2041 4284 tempore
2083 4234 2165 4272 re-

638 4288 895 4354 spondeo.

707 4374 1069 4429 Celsissimam
1130 4392 1407 4433 sacrorum
1483 4382 1862 4452 imperatorum
1935 4391 2167 4445 circum-

640 4463 990 4528 spectioncm,
1023 4474 1076 4519 et
1100 4470 1534 4534 patriarcharum
1569 4476 1997 4543 amplitudinem,
2028 4482 2166 4534 inter

639 4550 742 4601 alia
796 4549 1087 4607 reddebant
1141 4556 1268 4608 olim
1327 4562 1687 4625 augustiorem
1741 4564 1905 4616 etiam
1977 4581 2166 4621 annue

638 4652 797 4705 rogas,
860 4654 922 4693 ac
973 4641 1212 4696 baiorum
1250 4646 1580 4714 largitiones.
1630 4648 1838 4720 Quippe
1909 4654 2166 4709 sedebant

640 4726 797 4777 annis
843 4725 1066 4794 singulis
1116 4730 1377 4799 cujusque
1437 4736 1693 4801 temporis
1746 4739 2058 4806 patriarchae
2104 4758 2166 4797 ac

641 4811 1007 4879 imperatores,
1069 4824 1122 4867 et
1154 4833 1247 4883 per
1296 4820 1407 4873 haec
1447 4823 1693 4878 subditos
1732 4826 1796 4879 ad
1843 4826 2165 4882 benevolen-

642 4898 769 4949 tiam
820 4902 1134 4955 invitabant.
1163 4903 1317 4958 Novit
1371 4909 1470 4961 hoc
1498 4920 1706 4974 patrum
1737 4916 2161 4982 conscriptorum

644 4986 1005 5053 amplissimus
1030 4991 1182 5053 ordo,
1214 5006 1275 5043 ac
1322 4993 1566 5050 fortassis
1596 5000 1753 5050 etiam
1782 5002 2040 5062 nonnulli,
2072 5005 2163 5071 qui

644 5072 745 5128 hac
774 5084 929 5129 aetate
978 5088 1159 5131 nostra
1202 5079 1407 5132 vivunt.
1434 5082 1550 5135 Non
1590 5085 1729 5136 enim
1764 5096 1885 5139 ante
1928 5096 2163 5154 tempora

645 5160 878 5217 Euclidis
931 5167 1134 5229 prodita
1181 5175 1308 5220 sunt
1367 5172 1558 5235 gerris,
1618 5185 1712 5225 nec
1784 5175 2163 5227 somniantium

646 5252 941 5304 vetularum
986 5252 1189 5306 fabellae
1238 5265 1411 5309 sunt:
1458 5261 1547 5311 scd
1584 5276 1750 5327 usque
1782 5261 1845 5312 ad
1886 5264 2163 5329 imperium

646 5338 846 5391 domini
897 5339 1232 5395 Constantini
1289 5343 1441 5399 Ducm
1499 5347 1710 5399 duravit
1763 5359 2016 5416 angustus
2080 5354 2166 5405 ille

650 5444 767 5480 mos
794 5439 901 5480 tam
954 5430 1005 5481 in
1034 5431 1202 5495 ipsius
1239 5431 1347 5495 Dei,
1384 5450 1540 5498 quam
1594 5436 1968 5503 imperatorum
2002 5444 2162 5505 regia,

649 5524 702 5568 et
734 5519 954 5571 omnino
985 5518 1179 5571 bonum
1210 5520 1309 5573 hoc
1350 5522 1413 5573 ad
1455 5536 1550 5575 nos
1582 5538 1791 5590 quoque
1820 5534 2162 5592 propagatum

652 5605 767 5669 fuit,
823 5623 851 5660 a
899 5609 1188 5671 majoribus
1238 5609 1303 5661 ad
1349 5618 1589 5675 nepotes.
1633 5627 1659 5664 a
1715 5617 2054 5681 generatione
2100 5613 2163 5666 ad

2252 619 2355 653 νων
2411 604 2506 669 μὲν
2555 601 2967 669 καταψηφιεῖται
3017 599 3243 667 σχολὴν,
3300 598 3396 649 καὶ
3439 597 3614 648 ταῦτα
3665 598 3790 666 μηδὲ

2251 690 2636 757 ἀναιρεθέντων
2693 691 2868 758 ῥητῶς
2924 689 3024 741 ὑπὸ
3062 687 3153 738 τοῦ
3209 689 3478 755 παρόντος
3515 686 3792 738 συνοδικοῦ

2254 778 2660 845 σημειώματος·
2691 780 2756 828 τὰ
2780 777 2835 827 δὲ
2865 778 2920 827 ἐν
2948 776 3121 843 τούτῳ
3169 776 3558 844 περιεχόμενα,
3592 790 3797 825 κανονι-

2254 868 2364 926 κοῖς
2391 866 2481 915 καὶ
2507 866 2753 931 νομίμοις
2781 863 3027 927 ἐξισώσει
3052 865 3394 932 διδάγμασιν.
3435 863 3683 931 ’Δφορῶν
3712 860 3796 916 οὖν

2254 954 2329 1012 εἰς
2359 952 2446 1002 τὸν
2473 954 2568 1019 τῆς
2609 953 2839 1013 πίστεως
2885 953 3123 1020 ἀρχηγὸν
3147 952 3238 1002 καὶ
3272 950 3568 1018 τελειωτὴν
3602 952 3798 1018 Κύριον

2254 1039 2347 1089 καὶ
2394 1038 2524 1089 Θεὸν
2564 1038 2721 1105 ήμῶν
2774 1040 2976 1106 Ἰησοῦν
3018 1040 3269 1107 Χριστὸν,
3302 1039 3446 1104 λέγω
3476 1040 3571 1091 καλ⁸
3611 1038 3795 1101 αὖθιςο

2253 1126 2328 1186 ὠς
2353 1126 2470 1177 ἐπεὶ
2501 1127 2527 1176 ὁ
2552 1125 2718 1193 μέγας
2754 1126 2958 1186 Παῦλος
3011 1141 3192 1192 φησιν’
3235 1128 3297 1179 Ἠ
3326 1125 3483 1192 γυνὴ
3520 1126 3627 1177 τοῦ
3651 1126 3798 1178 ιδίου

2254 1210 2519 1277 σώματος
2551 1212 2659 1262 οὐκ
2688 1210 3029 1272 ἐξουσιάζει,
3053 1212 3189 1263 ἀλλ’
3221 1214 3253 1263 d
3282 1213 3434 1277 ἀνήρ
3456 1226 3469 1240 ·
3498 1212 3713 1277 ὁμοίως
3740 1211 3801 1262 δέ

2256 1300 2349 1351 καί
2378 1302 2410 1350 ό
2442 1297 2593 1363 ἀνὴρ
2650 1298 2753 1350 τοῦ
2801 1297 2949 1350 ἰδίου
2974 1298 3243 1364 σώματος
3289 1300 3401 1351 οὐκ
3452 1297 3798 1360 ἐξουσιάζει,

2255 1386 2387 1440 ἀλλ’
2425 1386 2463 1450 ἠ
2505 1385 2679 1453 γυνή.
2730 1386 2792 1436 Ol
2829 1386 2883 1437 δέ
2933 1385 3063 1437 θεῖοι
3104 1386 3196 1437 καὶ
3248 1387 3383 1453 ἱεροὶ
3441 1385 3664 1446 κανόνες
3715 1385 3801 1437 καὶ

2255 1475 2405 1543 τόμοι
2446 1474 2533 1525 τὸν
2573 1474 2709 1541 μετὰ
2737 1475 2907 1541 χήρας
2942 1474 3192 1542 γαμικῶς
3218 1474 3557 1539 συναφθέντα
3588 1474 3795 1539 λογιζό-

2260 1583 2407 1635 μενοι
2438 1566 2685 1633 δίγαμον,
2732 1567 2809 1626 είς
2844 1565 3295 1633 ἐκκλησιαστικὸν
3330 1564 3541 1633 βαθμὸν
3580 1568 3681 1617 οὑκ
3714 1566 3801 1617 εὑ-

2256 1655 2498 1706 δοκοῦσιν
2544 1655 2734 1715 ἐλθεῖν,
2790 1655 2901 1706 ἀλλ’
2954 1656 3072 1706 οὐδὲ
3121 1656 3217 1724 τὴν
3257 1657 3350 1708 τοῦ
3389 1657 3799 1725 τελευτήσαντος

2262 1743 2448 1809 ἱερέως
2515 1742 2775 1809 ὁμόζυγω
2857 1744 3323 1811 δευτερογαμῆσαι
3393 1744 3799 1813 παραχωροῦσι,

2263 1830 2477 1890 πάντως
2524 1829 2610 1880 διὰ
2662 1830 2759 1897 τὴν
2812 1830 3113 1899 ταυτότητα
3142 1831 3248 1881 τῶν
3308 1832 3580 1899 σωμάτων
3611 1832 3799 1895 αὑτῶν,

2262 1914 2440 1977 καθὼς
2468 1917 2532 1968 τὰ
2567 1918 2695 1985 περὶ
2749 1916 2935 1969 τούτου
2989 1917 3315 1987 παρίσταται
3359 1919 3422 1970 ἐκ
3468 1918 3564 1970 τοῦ
3609 1919 3689 1971 λα’
3716 1920 3798 1972 καὶ

2260 2005 2336 2073 λβ¹
2368 2004 2680 2071 κεφαλαίου,
2725 2005 2817 2057 τοῦ
2877 2005 3089 2074 πρώτου
3125 2006 3326 2070 τιτλου,
3378 2008 3473 2059 τοῦ
3526 2013 3579 2072 γ’
3610 2008 3799 2077 βιϐλίου

2260 2096 2367 2148 τῶν
2397 2094 2713 2159 Βασιλικῶν,
2743 2096 2833 2147 καὶ
2867 2096 2957 2148 τοῦ
2993 2098 3071 2165 μδ¹
3110 2098 3331 2159 κανόνος
3367 2098 3460 2149 τοῦ
3508 2100 3667 2165 ἁγίου
3700 2100 3797 2151 Ba.-

2263 2184 2479 2247 σιλείου,
2530 2184 2772 2250 λέγοντος
2824 2186 2950 2254 περὶ⁵
2994 2185 3052 2236 τὸ
3105 2184 3276 2247 τέλος·
3339 2186 3533 2253 Ἢμεῖς
3577 2182 3670 2238 οὖν
3713 2189 3799 2255 τῆς

2261 2272 2503 2323 διακόνου
2530 2273 2586 2323 τὸ
2617 2273 2791 2341 σῶμα,
2812 2273 2885 2334 ὡς
2915 2273 3348 2341 καθιερωμένης,
3382 2274 3567 2327 οὐκέτι
3598 2276 3801 2345 ἐπιτρέ-

2262 2374 2433 2426 πομεν
2471 2362 2527 2410 ἐν
2567 2363 2753 2429 χρήσει
2787 2358 2923 2413 εἶναι
2974 2365 3203 2429 σαρκικῇ
3225 2378 3238 2391 ο
3273 2362 3622 2428 διαγινώσκω
3652 2381 3798 2415 κανο-

2260 2449 2405 2499 νικὸν
2454 2444 2591 2501 εἶναι
2640 2450 2729 2500 καὶ
2770 2450 3017 2517 νόμιμον,
3082 2450 3140 2501 τὸ
3196 2450 3331 2518 μετὰ
3389 2451 3677 2514 αὑθεντίας
3714 2455 3798 2502 ἐκ-

2260 2537 2643 2603 κλησιαστικῆς
2694 2536 2988 2589 κωλύεσθαι
3036 2538 3125 2589 τὸν
3180 2539 3341 2590 αὑτὸν
3402 2541 3496 2592 καὶ
3553 2541 3647 2590 ἕνα
3690 2541 3798 2591 δυσὶ

2258 2624 2651 2691 δισεξαδὲλφαις
2690 2626 3087 2691 συνάπτεσθαι,
3143 2628 3234 2678 καὶ
3281 2629 3340 2679 τὸ
3381 2629 3677 2681 ἀνάπαλιν
3714 2631 3798 2681 καὶ

2264 2713 2309 2762 εἱ
2338 2712 2483 2763 λάθοι
2507 2713 2750 2777 γενέσθαι
2778 2714 3013 2765 τοιοῦτόν
3035 2731 3106 2774 τι,
3136 2717 3436 2778 σπουδαίως
3456 2718 3794 2781 διασπᾶσθαι,

2266 2799 2355 2849 καὶ
2385 2800 2495 2866 μετ’
2519 2799 2787 2867 ἐπιτιμίου
2814 2799 3165 2868 διορθοῦσθαι.

2828 2991 2961 3041 ΤΟΥ
2999 2992 3226 3044 ΑΥΤΟΥ

2277 3097 2619 3173 Ἐπιστολὴ,
2672 3099 2862 3173 χάριν⁸
2894 3101 3009 3153 τῶν
3043 3102 3364 3173 διδομένων
3428 3103 3797 3173 θυμιαμάτων

2331 3166 2486 3231 παρὰ
2512 3167 2619 3242 τοῦ
2656 3170 3034 3236 πατριάρχου,
3076 3166 3223 3222 κατὰ
3268 3171 3382 3237 τὴν
3428 3166 3654 3241 ήῂέρᾰν
3697 3175 3796 3242 τῆς

2330 3234 2730 3300 κατηχήσεως.

2331 3324 2400 3375 Σὺ
2481 3324 2599 3391 μὲν,
2675 3322 2994 3389 τριπόθητον
3072 3324 3276 3390 τέκνον,
3338 3329 3780 3396 μεγαλοδοξότατε

2261 3409 2437 3481 κριτὰ,
2496 3411 2587 3461 καὶ
2632 3409 2751 3477 ἐπὶ,
2781 3409 2887 3460 τῶν
2942 3412 3171 3478 κρίσεων
3203 3453 3217 3477 ,
3268 3414 3485 3479 ψάλλων
3535 3421 3672 3485 μετά
3703 3420 3786 3469 τοῦ

2263 3500 2602 3567 Οεοπάτορος,
2675 3498 2974 3569 Ἐρώτησον
3020 3504 3111 3553 τὸν
3155 3502 3365 3569 πατέρα
3416 3521 3532 3563 σου.
3573 3508 3663 3558 καὶ
3696 3509 3800 3574 ἐρεῖ

2264 3602 2363 3646 σοι,
2394 3587 2516 3646 τοὺς
2562 3586 2955 3654 πρεσϐυτέρους
3009 3603 3100 3639 σου
3150 3591 3240 3641 καὶ
3274 3592 3644 3658 ἀπαγγελοῦσι
3698 3611 3794 3645 σοι·

2263 3674 2437 3734 καλῶς
2472 3674 2732 3743 ἐζήτησας
2761 3675 2948 3742 μαθεῖν
2977 3675 3035 3739 ἐξ
3062 3677 3237 3745 ἡμῶν,
3270 3679 3409 3736 τίνος
3432 3682 3593 3750 χάριν
3639 3684 3799 3735 δίδονο

2260 3779 2349 3815 ται
2376 3763 2451 3830 τῷ
2476 3762 2587 3831 λαῷ
2617 3765 2763 3830 παρὰ
2786 3764 2892 3815 τῶν
2928 3764 3063 3818 κατά
3093 3768 3313 3836 καιροὺς
3354 3770 3678 3835 ἁγιωτάτων
3706 3790 3799 3823 πα-

2261 3852 2529 3920 τριαρχῶν
2582 3852 2715 3921 μετὰ
2768 3853 2865 3922 τήν
2914 3855 3205 3923 κατήχησιν
3263 3856 3604 3926 θυμιάματα.
3672 3862 3800 3929 Ἐγὼ

2262 3940 2317 3991 δέ
2347 3940 2509 3991 πίνων
2530 3943 2751 4009 τρυγίαν
2776 3941 3000 4009 θλίψεως
3043 3942 3345 4012 ὑπερόριον,
3404 3945 3614 3998 ὤκνουν
3676 3950 3799 4015 πρὸς

2263 4030 2357 4097 τὴν
2381 4031 2685 4099 ἀπόκρισιν.
2742 4031 2891 4082 Ἐπεὶ
2943 4031 2997 4082 δέ
3049 4030 3209 4083 παντὶ
3265 4033 3341 4101 τῷ
3395 4035 3654 4101 αίτοῦντι,
3716 4038 3801 4089 καὶ

2266 4119 2508 4180 πάντοτε,
2545 4118 2639 4170 καὶ
2664 4119 2872 4190 γλώττῃ
2904 4121 2995 4171 καὶ
3020 4121 3161 4189 χειρὶ
3183 4121 3414 4187 ὀφείλειν
3466 4124 3665 4176 διδόναι
3711 4143 3800 4193 με·

2266 4208 2503 4275 μάθηκα,
2534 4208 2788 4275 σχεδιάζω
2810 4224 2889 4259 σοι
2925 4207 3091 4261 ταῦτα
3127 4209 3259 4278 πρὸς
3297 4210 3392 4278 τὴν
3422 4212 3714 4279 ἐρώτησιν.

2189 4375 2237 4432 Ῑ)
2330 4386 2436 4452 Τὴν
2461 4386 2791 4455 ὑψηλοτάτην
2814 4386 2918 4438 τῶν
2948 4385 3103 4437 θείων
3142 4386 3562 4454 αὐτοκρατόρων
3612 4405 3800 4456 περιω-

2266 4474 2387 4542 πὴν,
2425 4476 2515 4525 καὶ
2540 4473 2642 4524 τῶν
2671 4473 3018 4541 πατριαρχῶν
3056 4477 3153 4540 τὴν
3209 4476 3630 4544 μεγαλειότητα,
3674 4478 3798 4546 μετὰ

2264 4561 2369 4610 τῶν
2408 4559 2575 4612 ἄλλων
2620 4560 2874 4627 ἐσέμνουν
2914 4562 3008 4611 καὶ
3061 4560 3264 4625 ἐτήσιοι
3318 4562 3473 4628 ρόγαι
3526 4566 3681 4626 ποτὲ,
3718 4565 3799 4615 καὶ

2267 4652 2431 4719 βαῖων
2485 4651 2907 4719 φιλοτιμήματα.
2972 4648 3261 4717 Ἐκάθηντο
3316 4652 3424 4717 γὰρ
3484 4653 3716 4719 ἐτησίως
3754 4653 3796 4704 oi

2264 4739 2402 4790 κατά
2422 4739 2635 4805 καιροὺς
2662 4737 3102 4807 πατριάρχαικαὶ
3139 4736 3396 4804 βασιλεῖς,
3445 4739 3542 4791 καὶ
3579 4758 3796 4807 μετεκα-

2262 4823 2446 4875 λοῦντο
2476 4825 2600 4885 τοὺς
2662 4824 2931 4892 ὑπηκόους
2970 4823 3057 4874 διὰ
3109 4822 3309 4874 τούτων
3377 4825 3513 4893 πρὸς
3573 4817 3804 4878 εὔνοιαν,

2264 4908 2380 4963 Οἵδε
2406 4910 2572 4963 ταῦτα
2590 4912 2685 4972 τῆς
2711 4912 3003 4979 συγκλήτου
3035 4911 3224 4979 βουλῆς
3244 4912 3303 4961 τὸ
3338 4912 3662 4979 ὑπέρτατον,
3681 4917 3795 4975 ἴσως

2261 5001 2315 5051 δὲ
2344 5002 2434 5051 καί
2461 5016 2602 5061 τινες
2631 5000 2734 5051 τῶν
2755 5002 2851 5068 τῆς
2878 5000 2995 5052 καθ’
3047 5002 3190 5069 ἡμᾶς
3239 5004 3451 5067 γενεᾶς.
3505 5006 3643 5057 Οὐδὲ
3672 5006 3792 5071 ’γὰρ

2266 5088 2363 5152 πρὸ
2452 5088 2729 5138 Εὐκλείδου
2784 5087 3270 5154 μεμυθολόγηνται,
3346 5088 3465 5140 οὐδὲ
3544 5093 3791 5157 γραῖδίων

2263 5176 2405 5226 ἐστὶν
2436 5173 2907 5242 όνειροπολοὺντων
2949 5174 3240 5241 λογ-ὑδρια·
3300 5176 3434 5227 ἀλλὰ
3490 5179 3657 5246 μέχρι
3704 5176 3792 5243 τῆς

2266 5262 2534 5329 βασιλείας
2566 5261 2655 5312 τοῦ
2689 5263 2863 5314 Δοὺκα
2893 5262 3058 5331 κυροῦ
3087 5265 3493 5315 Κωνσταντίνου
3539 5267 3633 5317 καὶ
3673 5266 3790 5315 ταὺ-

2262 5365 2360 5417 την
2386 5345 2527 5416 εῐχον
2566 5349 2659 5417 τὴν
2683 5349 3111 5417 σεμνοπρέπειαν
3140 5351 3205 5401 τὰ
3226 5351 3319 5401 τοῦ
3351 5351 3487 5401 Θεοῦ
3555 5353 3647 5403 καὶ
3698 5352 3791 5402 τῶν

2267 5439 2524 5506 βασιλέων
2555 5440 2845 5503 ἀνάκτορα,
2875 5441 2963 5489 καὶ
2988 5438 3201 5499 πάντως
3235 5439 3453 5503 γέγονεν
3475 5439 3539 5491 ἂν
3556 5441 3617 5491 τὸ
3647 5440 3791 5492 καλὸν

2266 5526 2399 5590 πρὸς
2422 5527 2566 5591 ἡμᾶς
2605 5524 2909 5591 διαδόσιμον
2928 5526 2988 5575 ἐκ
3013 5527 3289 5593 προγόνων
3327 5527 3405 5587 είς
3436 5528 3652 5585 παῖδας,
3710 5526 3790 5575 καὶ

2264 5614 2326 5666 ἐκ
2355 5613 2520 5680 φυλῆς
2560 5616 2631 5674 si;
2662 5614 2828 5680 φυλὴν
2875 5614 3325 5681 πτερυσσόμενον.
3374 5616 3433 5666 ΕΞ
3486 5616 3552 5677 δ’,
3578 5618 3708 5679 ὅπερ
3735 5613 3787 5663 οὑ
