4004 6456
191 435 340 499 1065

1605 449 2011 511 MEDITA’I‘A.

3270 463 3285 521 l
3299 465 3402 524 066

187 564 514 632 πέπεισμαι,
534 564 627 615 καὶ
650 565 806 618 τοῦτο
835 567 999 636 λήθης
1025 569 1168 639 βυθῷ
1199 574 1738 643 κατακέχωσται,καὶ

1859 585 2239 650 ιθηειιοιὶοιιριιι
2288 585 2578 639 transit-ns.
2620 586 2737 648 Sin,
2789 587 2931 655 quod
2981 588 3226 654 equidem
3289 603 3398 642 non

187 653 501 715 Κασταλίας
533 653 673 723 ὕδωρ
696 656 1013 724 εὐχάριστον
1050 659 1159 710 τῶν
1215 662 1334 713 τότε
1402 667 1746 732 κρατούντων

183 742 246 793 οὗ
273 741 532 811 κηρύττει
559 743 658 811 τὴν
691 745 962 812 πρόνοιαν,
1002 746 1134 800 ἀλλὰ
1194 750 1503 820 μεμϐράναι
1557 753 1750 823 βίϐλων

188 829 500 900 ἱστορικῶν,
533 833 623 884 καὶ
685 836 997 901 συγγραφαὶ
1049 838 1327 890 τακτικῶν
1376 842 1752 912 άνακτορικῶν

186 917 544 987 κεκράξονται
580 922 720 974 κατὰ
757 921 1044 992 Στέντορα.
1078 925 1185 977 Καὶ
1211 928 1273 980 σὺ
1313 929 1367 980 δὲ
1400 935 1600 994 παντὸς
1622 949 1753 986 συν-

184 1007 464 1076 τάγματος
487 1009 705 1075 λογικοῦ
752 1011 918 1064 τελῶν
982 1013 1268 1083 ὑφηγητὴς
1315 1019 1749 1087 νουνεχέστατος,

186 1098 294 1150 κάν
328 1101 499 1166 τούτῳ
525 1101 602 1167 τῷ
620 1102 895 1171 σπουδαίῳ
935 1103 1280 1174 προϐλήματι
1339 1108 1752 1180 πλεονεκτήσεις

192 1185 443 1248 πολλοὺς,
475 1188 568 1240 καί
601 1205 689 1257 μοι
717 1189 1075 1258 συλλαλήσεις
1090 1192 1167 1260 τῷ
1197 1195 1438 1262 γέροντι.
1483 1198 1641 1250 Ἀλλὰ
1658 1200 1753 1254 καὶ

188 1275 284 1328 τοῦ
314 1275 572 1344 βασιλέως
602 1278 769 1346 κυροῦ
820 1281 1229 1336 Κωνσταντίνου
1278 1285 1370 1337 τοῦ
1431 1288 1750 1358 Μονομάχου

187 1367 263 1419 τὰ
299 1366 708 1423 θεσπεσιώτατα
747 1369 1116 1440 διατάγματα,
1163 1373 1236 1426 τὰ
1277 1375 1754 1449 τελεσφορήσαντα

187 1457 259 1510 τὰ
310 1458 540 1528 ὸφφίκια
571 1459 662 1512 τοῦ
691 1459 908 1514 ἐπὶτῶν
942 1463 1196 1528 κρίσεων,
1236 1466 1328 1518 καὶ
1358 1466 1450 1518 τοῦ
1514 1469 1753 1538 νομοφύ-

186 1546 852 1618 λακος,καὶδιοριζόμενα
881 1549 1102 1612 τούτους
1164 1553 1392 1620 ἑτησίως
1454 1559 1591 1624 μετὰ
1660 1560 1754 1611 καὶ

187 1635 366 1689 ἄλλων
388 1638 597 1690 πολλῶν
620 1639 990 1708 ἀποφέρεσθαι
1016 1642 1174 1710 χάριν
1205 1644 1368 1711 ῥόγας
1398 1645 1500 1700 ἀνά
1532 1650 1751 1718 χρυσίου

184 1727 410 1797 τοσήνδε
435 1730 734 1797 ποσότητα,
757 1730 850 1780 καὶ
891 1731 959 1783 τά
992 1731 1195 1799 συνήθη
1250 1732 1398 1800 βαΐα,
1457 1736 1556 1789 οὐκ
1615 1740 1751 1790 εἰσὶν

185 1816 247 1864 ὲν
286 1813 363 1883 τῷ
387 1815 619 1884 οὐρανῷ,
642 1816 761 1868 οὐδὲ
791 1817 962 1885 πέραν
985 1817 1278 1886 θαλάσσης.
1318 1820 1402 1880 ἵνα
1460 1838 1544 1884 τις
1599 1824 1747 1895 εἴπῃ,

185 1900 283 1962 Τίς
315 1901 485 1954 ταῦτα
511 1903 863 1970 μετακομίσει
895 1921 1018 1971 μοι;
1053 1885 1294 1974 Παρὰίδὲ
1342 1911 1408 1976 τῇ
1453 1910 1592 1976 χειρί
1637 1885 1751 1977 seu,
1787 1885 1829 1941 Β

185 1989 281 2040 καὶ
304 1991 370 2060 τῇ
397 1989 590 2059 καρδίᾳ
622 2006 737 2051 σου,
796 1991 886 2042 καὶ
931 1991 1008 2059 τῷ
1056 1992 1280 2061 στόματί
1326 1992 1418 2046 σού
1476 1997 1601 2047 εἰσι.
1649 1997 1755 2048 Καὶ

184 2077 405 2139 πάντως
436 2078 874 2146 γνωμολογήσεις
914 2079 978 2131 ἐκ
1041 2079 1244 2133 τούτων
1292 2083 1384 2133 τοῦ
1433 2084 1756 2153 πράγματος

183 2168 284 2236 τὴν
323 2167 601 2236 ἀλήθειαν.
634 2167 753 2219 Τῶν
786 2171 916 2234 γοῦν
936 2167 1197 2236 βασιλέων
1223 2170 1314 2222 καὶ
1345 2171 1451 2223 τῶν
1482 2188 1753 2242 πατριαρο

184 2259 297 2328 χῶν
334 2259 804 2328 μεγαλυνομένων,
837 2259 912 2322 ὡς
939 2259 1177 2330 εἴρηται,
1229 2261 1315 2314 διὰ
1343 2263 1450 2314 τῶν
1483 2263 1648 2332 βαῒων
1663 2263 1754 2317 καὶ

182 2349 295 2401 τῶν
321 2349 516 2420 ρογῶν,
555 2350 660 2402 ἔδει
687 2349 825 2412 τέως
851 2351 976 2413 τοὺς
1008 2353 1349 2422 πατριάρχας
1381 2355 1504 2416 τοὺς
1529 2355 1628 2422 τὴν
1656 2355 1756 2424 ἁρ-

184 2440 349 2506 χαίαν
388 2441 552 2510 μέχρι
580 2439 674 2493 τοῦ
702 2439 796 2493 νῦν
846 2442 1243 2510 συντηροῦντας
1294 2443 1602 2512 συνήθειαν,
1666 2447 1756 2498 καὶ

188 2528 484 2598 χρυσίνους
519 2530 1010 2599 παραμετροῦντας
1038 2533 1157 2594 τοῖς
1206 2532 1505 2601 κληρικοῖς,
1558 2534 1756 2586 διδόναι

185 2624 284 2676 καὶ
335 2623 485 2694 βαΐα,
521 2624 703 2687 καθὼς
741 2627 1176 2694 προτετύπωται.
1227 2627 1376 2680 Ἐπεὶ
1417 2628 1461 2680 δ’
1504 2629 1603 2681 οὐκ
1659 2623 1755 2681 οἷδ’

185 2714 340 2779 ὅπως
372 2715 432 2767 οὗ
472 2714 718 2782 φαίνεταί
752 2732 882 2768 ποτε
945 2715 1102 2770 τοῦτο
1169 2719 1446 2786 γινόμενον
1476 2756 1488 2779 ,
1540 2717 1655 2770 ἀλλ’
1700 2720 1757 2770 ἰν

186 2807 312 2865 ταῖς
346 2805 576 2874 ἡμέραις
599 2805 705 2858 τῶν
723 2807 1081 2875 κατηχήσεων
1111 2808 1229 2860 ἀντὶ
1259 2807 1431 2875 ρογῶν
1459 2807 1552 2858 καὶ
1586 2807 1756 2875 βαῖων

190 2895 334 2962 μόνα
390 2895 590 2947 διδόασι
617 2894 695 2964 τῷ
740 2894 851 2963 λαῷ
890 2894 1204 2965 θυμιάματα
1241 2913 1254 2926 °
1303 2895 1600 2963 σκοπητέον
1656 2895 1759 2965 πρὸ

188 2984 434 3045 πάντων,
458 2985 516 3035 τὸ
537 2984 936 3054 σημαινόμενον
964 2985 1072 3037 τῶν
1106 2985 1293 3052 βαῖων,
1347 2987 1440 3036 καὶ
1498 2983 1759 3054 ζητητέον

192 3071 296 3142 τὴν
330 3073 529 3136 αἰτίαν,
553 3074 620 3125 δι’
643 3074 708 3142 ἢν
742 3073 1060 3143 θυμιάματα
1106 3075 1204 3143 μὲν
1231 3074 1460 3126 δίδονται
1491 3073 1631 3126 κατὰ
1661 3075 1758 3144 τὴν

1851 673 2102 736 arbitror,
2135 674 2236 727 hoc
2267 675 2430 728 etiam
2460 674 2748 728 oblivionis
2790 690 2985 743 gurges
3013 675 3313 742 absorbuit,
3345 687 3400 730 et

1849 759 2088 827 gratiosa
2109 761 2295 813 isthmc
2343 774 2479 828 aqua
2517 762 2770 816 Castalia:
2799 762 3195 830 providentiam
3243 780 3402 833 supe-

1851 846 2010 902 rioris
2051 849 2322 902 memoriae
2360 850 2660 917 principum
2706 864 2812 902 non
2862 850 3113 918 praedicat
3169 853 3399 905 :saltem

1852 938 2172 989 membranae
2200 937 2460 990 librorum
2487 937 2895 1002 historicorum,
2921 946 2974 990 et
2994 939 3399 992 ordinationum

1852 1023 2151 1076 aulicarutn
2207 1035 2552 1076 monumenta
2611 1024 2882 1079 Stentoris
2924 1025 2978 1078 in
3031 1042 3231 1079 morem
3291 1026 3403 1079 Itale

1852 1109 2280 1178 proclamabunt.
2335 1107 2416 1162 Tu
2469 1125 2705 1178 quoque,
2761 1113 2855 1176 qui
2907 1109 3152 1177 cujusvis
3203 1111 3401 1166 eruditi

1853 1197 2042 1266 scripti
2077 1199 2425 1252 acutissimus
2455 1211 2516 1251 es
2543 1187 2834 1266 interpres,
2867 1199 3029 1250 etiam
3072 1197 3126 1248 in
3165 1199 3264 1250 hac
3294 1214 3401 1251 non

1854 1287 1987 1342 levis
2015 1287 2266 1340 momenti
2289 1288 2584 1355 quaestione
2606 1286 2976 1354 compluribus
3005 1288 3114 1339 eris
3136 1289 3404 1352 superior,

1854 1391 1916 1430 ac
1955 1392 2040 1432 me
2090 1391 2272 1431 senem
2305 1378 2360 1430 in
2389 1376 2621 1430 dicendo
2675 1378 2911 1443 juvabis.
2955 1375 3262 1442 Quinetiam
3301 1379 3404 1428 ini-

1851 1467 2138 1535 peratoris,
2190 1467 2396 1521 domini
2449 1465 2792 1521 Constantini
2830 1466 3174 1518 Menemachi
3225 1465 3401 1518 edicta

1853 1557 2245 1620 sacratissima,
2271 1557 2470 1625 quibus
2515 1556 2761 1609 ordinata
2795 1564 2922 1609 sunt
2964 1555 3135 1608 ollicia
3169 1554 3402 1623 pra-{ceti

1851 1645 2205 1709 Judiciorum,
2230 1654 2284 1698 et
2323 1647 2763 1716 noztiOphylacis,
2791 1656 2844 1699 et
2870 1661 2988 1713 qua:
3015 1653 3278 1706 statuunt,
3313 1661 3406 1698 eos

1851 1736 2047 1790 debere
2079 1737 2317 1808 singulos
2375 1739 2428 1790 iit
2472 1753 2666 1797 annos,
2706 1747 2900 1804 praeter
2944 1737 3047 1787 alia
3079 1775 3094 1799 ,
3145 1735 3404 1802 consequi

1854 1827 2060 1879 ratione
2094 1840 2254 1894 rogat,
2282 1825 2574 1893 quemlibet
2602 1827 2718 1876 auri
2753 1825 2910 1875 talem
2946 1837 3006 1874 ac
3040 1824 3196 1875 talem
3236 1835 3407 1889 quan-

1856 1919 2082 1979 titatem,
2116 1932 2221 1969 una
2267 1931 2391 1969 cum
2442 1915 2720 1968 consuetis
2765 1912 2941 1975 baiis;
2996 1927 3100 1964 non
3164 1911 3216 1963 itt
3269 1911 3407 1964 ccelo

1856 2017 2005 2066 sunt.
2059 2020 2159 2059 nec
2208 2014 2359 2060 trans
2413 2020 2582 2066 mare,
2646 2005 2720 2056 nti
2779 2003 2957 2056 dicere
3005 2002 3128 2070 quis
3195 2001 3403 2064 debeat,

1855 2095 2117 2160 Quisnam
2155 2094 2270 2148 hate
2304 2093 2490 2149 all'eret
2523 2092 2698 2147 mihi?
2728 2091 2832 2145 Sed
2868 2101 2995 2147 sunt
3025 2093 3076 2145 in
3105 2108 3264 2145 manu
3293 2103 3404 2152 tua,

1855 2183 1983 2236 etin
2024 2184 2188 2238 corde
2236 2191 2352 2247 tuo,
2410 2190 2465 2236 et
2523 2183 2713 2235 inore
2777 2190 2888 2234 tuo.
2953 2182 3125 2248 Atque
3188 2181 3408 2232 omnino

1859 2274 1932 2326 rei
1997 2274 2276 2328 veritatem
2335 2288 2399 2326 ex
2454 2272 2539 2327 his
2590 2273 2786 2326 mentis
2861 2271 3108 2323 acumine
3167 2271 3403 2336 colliges.

1856 2360 1988 2414 Cum
2045 2370 2218 2415 autem
2269 2362 2619 2428 imperatores
2697 2370 2749 2414 et
2808 2359 3125 2428 patriarchae
3202 2359 3402 2428 magni-

1859 2451 2123 2503 licentiam
2195 2465 2290 2505 ceu
2356 2451 2558 2504 dictum
2618 2456 2743 2512 est,
2810 2461 2963 2501 suam
3035 2446 3407 2499 demonstrent

1861 2555 1954 2607 per
1983 2540 2097 2591 bain
2150 2550 2202 2592 et
2252 2552 2430 2605 rugas,
2487 2551 2617 2591 sane
2651 2552 2746 2605 par
2778 2545 2913 2600 erat,
2967 2543 3025 2589 ut
3065 2535 3404 2604 patriarchae.

1859 2625 1947 2692 qni
1986 2625 2219 2692 priscam
2265 2623 2525 2677 hactenus
2561 2623 3008 2677 consuetudinem
3056 2631 3403 2679 conservant.

1857 2720 1908 2762 ct
1967 2724 2159 2764 aureos
2209 2709 2424 2764 clericis
2479 2724 2730 2765 nummos
2802 2711 3185 2770 adtnetlunlur,
3244 2709 3406 2762 etiam

1859 2801 1989 2868 ipsis
2043 2799 2160 2853 baia
2208 2799 2420 2860 darent,
2467 2799 2919 2868 quemadmodum
2970 2799 3264 2851 indicatum
3313 2809 3402 2852 est

1861 2899 2037 2943 antea.
2084 2888 2188 2942 Sed
2213 2888 2465 2956 quoniam
2496 2890 2614 2951 lies,
2649 2889 2960 2957 nescioquo
2985 2889 3050 2942 de
3082 2903 3267 2952 causa,
3298 2905 3403 2941 non

1862 2979 2091 3046 amplius
2151 2975 2262 3032 ﬁeri
2344 2975 2608 3041 videmus,
2659 2976 2755 3031 sed
2820 2977 2886 3033 iis
2935 2978 3145 3043 diebus,
3210 2979 3408 3045 quibus

1861 3068 2168 3122 catechcses
2201 3067 2486 3130 habentur,
2518 3068 2637 3120 loco
2659 3082 2908 3135 rogarunt
2938 3076 2990 3120 et
3014 3069 3257 3121 baiarum
3286 3068 3397 3119 sola

188 3162 408 3230 ἡμέραν
430 3163 528 3231 τῆς
563 3165 936 3232 κατηχήσεως,
967 3166 1060 3217 καὶ
1087 3163 1228 3215 κατά
1262 3164 1355 3231 τὴν
1386 3163 1628 3232 μεγάλην
1673 3182 1759 3216 τε·

1862 3159 2058 3226 populo
2091 3158 2221 3210 dant
2250 3157 2472 3210 incensa
2504 3175 2517 3209 :
2551 3157 3002 3211 considerandum
3037 3167 3158 3210 ante
3206 3157 3406 3219 omnia,

185 3252 364 3320 τράδα
391 3254 556 3321 κηρία
583 3255 673 3304 καὶ
700 3253 1018 3320 θυμιάματα
1049 3270 1061 3282 ·
1112 3255 1276 3322 κηρία
1298 3254 1354 3305 δὲ
1380 3254 1473 3305 καὶ
1526 3254 1753 3324 σταυρὸς

188 3343 334 3394 κατὰ
361 3343 456 3410 τῆς
487 3343 743 3411 βαῖφόρου
769 3340 815 3373 ⁸⁵
846 3342 945 3412 τὴν
975 3342 1351 3412 Κυριώνυμον.

1861 3249 2129 3318 quodnam
2152 3248 2302 3300 vocis
2344 3247 2596 3301 baiorum
2627 3245 2987 3314 significatum
3018 3244 3104 3307 sit,
3143 3254 3191 3298 et
3233 3246 3409 3311 inqui.

1855 3342 2044 3402 renda,
2078 3347 2301 3408 propter
2344 3353 2506 3407 quam
2555 3338 2776 3392 incensa
2819 3337 3016 3390 dantur
3061 3337 3112 3389 in
3156 3337 3238 3390 die
3265 3347 3409 3389 cate-

187 3435 410 3498 thcsis,
450 3446 502 3487 et
564 3449 756 3500 magna
809 3433 940 3488 feria
968 3445 1181 3503 quarta,
1210 3436 1354 3490 cerei
1391 3449 1512 3489 eum
1554 3432 1832 3497 incensis;
1864 3431 2005 3485 cerei
2041 3428 2274 3498 denique
2312 3441 2438 3481 cum
2504 3428 2758 3482 crucibus
2816 3441 2878 3481 ea
2945 3426 3235 3493 llontiuica,
3302 3440 3406 3495 qua

188 3525 316 3578 baia
351 3533 654 3590 gestantur.

265 3607 368 3666 Οἷα
401 3613 497 3680 μὲν
535 3609 626 3664 οὖν
657 3609 795 3683 ἦσαν
818 3615 886 3665 τὰ
911 3615 1037 3682 βαΐα
1063 3617 1265 3680 ἐκεῖνα,
1291 3616 1440 3684 παρὰ
1494 3614 1755 3684 βασιλέων

191 3703 451 3770 διδόμενά
492 3719 618 3754 ποτε
679 3704 772 3754 καὶ
814 3703 1186 3774 πατριαρχῶν,
1229 3705 1363 3766 τέως
1414 3704 1524 3770 ἐγὼ
1557 3705 1756 3771 ἀγνοῶ.

193 3789 337 3844 Οὔτε
371 3791 478 3859 γὰρ
531 3790 639 3843 άπὸ
686 3792 864 3860 χειρὸς
923 3790 1208 3860 βασιλικῆς
1273 3793 1306 3861 ἢ
1360 3792 1760 3862 πατριαρχικῆς

195 3882 352 3954 βαΐον
390 3881 423 3948 ἡ
470 3881 588 3950 χείρ
615 3897 716 3948 μου
745 3879 883 3949 μετὰ
934 3879 1100 3950 ρόγας
1142 3881 1376 3946 ἐδέξατο,
1447 3884 1538 3934 καὶ
1589 3880 1762 3936 ταῦτα

193 3969 597 4040 πλουτιζομὲνη
623 3970 742 4022 καθ’
774 3971 1008 4037 ἑκάστην
1039 3971 1222 4040 σχεδὸν
1247 3971 1336 4024 ὑπ’
1372 3970 1574 4036 αὐτῶν,
1632 3971 1757 4025 οὔτε

192 4061 295 4132 τὴν
311 4059 512 4115 τούτων
553 4061 811 4131 ποιότητα
845 4064 975 4131 παρ’
1004 4062 1204 4129 ἑτέρων
1266 4062 1579 4130 μεμάθηκα.
1615 4061 1760 4114 Κλά-

193 4152 320 4214 δους
349 4150 404 4204 δὲ
442 4151 701 4218 φοινίκων
731 4151 826 4203 καὶ
863 4150 1140 4221 μυρσινῶν
1183 4151 1362 4222 βλέπω
1395 4153 1520 4214 τοὺς
1545 4152 1759 4220 ἀνθρὼ-

196 4259 336 4303 πους
396 4242 748 4310 κατέχοντας,
806 4243 900 4295 καὶ
961 4240 1057 4310 τὴν
1108 4241 1362 4310 βαῖφόρον
1415 4241 1755 4306 δοξάζοντας.

199 4332 368 4394 Ποίας
393 4332 450 4384 δὲ
479 4332 762 4384 διαλέκτου
803 4331 863 4385 τὸ
898 4331 1050 4401 βαϊον
1086 4334 1219 4397 ἐστὶ,
1255 4333 1347 4384 καὶ
1389 4334 1511 4384 τίνα
1575 4348 1758 4401 σημαο

196 4423 322 4475 σίαν
335 4424 444 4492 εχει
474 4424 613 4475 κατὰ
641 4423 939 4490 Ῥωμαίους
952 4423 1044 4476 καὶ
1061 4423 1347 4489 Ἕλληνας,
1367 4421 1756 4491 δηλωθήσεται.

197 4476 529 4566 Batavum“!
586 4476 886 4582 Ῥωμαίους
922 4476 1064 4565 ,οὒτε
1103 4476 1498 4574 κλάδοςηὲστὶν
1528 4476 1590 4564 ἐκ
1648 4512 1757 4564 δὲνο
1795 4476 1837 4530 D

195 4601 326 4670 δρου
351 4602 698 4670 κοπτόμενος,
722 4601 843 4654 οὔτε
862 4602 1013 4671 ῥόδον
1049 4603 1114 4655 ιιι
1158 4601 1424 4672 ροδωνιᾶς
1455 4601 1759 4669 συναγόμε-

198 4707 314 4755 νον,
337 4689 461 4744 οὖτε
491 4691 674 4759 κρίνον
701 4693 765 4742 ὲκ
796 4692 1083 4760 κρινωνιᾶς
1103 4691 1492 4757 συλλεγόμενον
1516 4705 1529 4718 ·
1550 4691 1646 4743 ἀνθ
1655 4707 1763 4759 ρω-

202 4784 333 4851 πίνη
353 4782 399 4814 ⁸⁵
419 4782 474 4834 δὲ
498 4783 709 4852 γνώμη,
742 4784 807 4836 ἐκ
836 4781 988 4835 τοῦδε
1010 4784 1088 4844 είς
1113 4783 1229 4835 τόδε
1251 4781 1569 4851 μετάϐασις,
1590 4780 1764 4849 ἀγαθὴ

200 4873 508 4942 δηλονότιῆ
545 4874 774 4942 πονηρά,
827 4873 1104 4926 Ἐντεῦθεν
1159 4874 1266 4940 γὰρ
1303 4871 1424 4933 τοὺς
1481 4875 1759 4938 παιδοτρί-

204 4963 306 5022 ϐας
349 4961 626 5030 βσῖούὶους
654 4963 1114 5031 κατονομάζομεν,
1145 4961 1218 5023 ὡς
1259 4964 1326 5013 τὰ
1361 4961 1604 5030 νηπιώδη
1656 4959 1761 5011 τῶν

205 5050 417 5102 παίδων
492 5052 812 5120 φρονήματα
874 5051 1204 5121 μετάγοντας
1257 5049 1391 5118 πρὸς
1437 5049 1758 5117 ἀρρἐωσιν.

208 5141 320 5193 Καὶ
359 5139 868 5209 πραεὸαρικάτορας
895 5139 1144 5212 λέγομεν,
1179 5139 1302 5200 τοὺς
1328 5135 1764 5205 ποικιλλομένους

1929 3613 2215 3666 Enimvero
2263 3611 2563 3679 cuiusmodi
2595 3610 2792 3663 fuerint
2841 3610 2929 3662 illa
2980 3609 3118 3671 baia,
3170 3623 3286 3676 qua:
3339 3609 3406 3660 ab

1864 3701 2284 3770 imperatoribus
2314 3710 2368 3754 et
2405 3701 2730 3770 patriarchis
2756 3700 2883 3754 olim
2930 3700 3221 3764 dabuntur,
3252 3700 3410 3765 equi-

1864 3791 1984 3846 tlem
2012 3792 2274 3845 hactenus
2307 3791 2514 3862 ignoro.
2544 3790 2653 3845 Nec
2682 3792 2826 3856 enim
2858 3791 2927 3844 ab
2954 3790 3301 3860 imperatoria
3329 3791 3410 3843 vel

1861 3880 2203 3952 patriarchali
2237 3895 2398 3934 manu
2439 3880 2615 3934 baium
2646 3879 2860 3948 aliquod
2901 3894 3022 3931 cum
3062 3893 3187 3946 roga
3217 3893 3411 3932 manus

1864 3987 1980 4025 mea
2020 3985 2256 4040 unquam
2311 3970 2539 4038 accepit,
2572 3971 2696 4022 licet
2735 3968 2802 4022 ab
2827 3967 2906 4021 eis
2956 3967 3154 4035 alioqui
3201 3975 3408 4019 tantum

1862 4076 1970 4113 non
2005 4059 2244 4129 quotidie
2286 4058 2753 4126 collocupletetur,
2808 4069 2906 4108 nec
2943 4055 3134 4107 horum
3182 4057 3412 4122 qualita-

1865 4160 1967 4203 tem
2006 4165 2072 4204 ετ
2112 4151 2234 4204 aliis
2281 4149 2537 4203 intellexi.
2590 4146 2892 4199 Palmarum
2931 4155 3128 4206 tamen,
3181 4160 3242 4196 ac
3269 4158 3414 4214 tityr-

1864 4248 2043 4294 torum
2093 4255 2276 4295 ramos
2332 4248 2515 4294 tenere
2563 4250 2724 4288 manu
2776 4234 3022 4287 homines
3080 4233 3255 4294 video,
3289 4248 3412 4286 cum

1865 4329 2005 4382 diem
2045 4327 2345 4390 celebrant,
2378 4340 2485 4394 qua
2539 4324 2657 4379 baia
2690 4331 2990 4391 gestantur.
3026 4322 3089 4375 Et
3128 4323 3411 4387 cnjnsnam

1869 4419 2061 4488 lingua:
2091 4417 2411 4471 vocabulum
2444 4415 2516 4470 sit
2548 4414 2746 4470 baium.
2791 4425 3019 4480 quamve
3063 4411 3415 4478 signiﬁcatio-

1869 4523 1990 4561 nem
2018 4508 2213 4560 habeat
2238 4508 2536 4560 secnndutn
2567 4501 2842 4556 Romanos
2862 4510 2915 4554 et
2942 4498 3176 4561 ϐιαιως,
3209 4499 3417 4552 indica-

1866 4597 2030 4652 bitur.
2057 4597 2244 4650 Baium
2275 4596 2455 4665 lingua
2485 4592 2728 4646 Romana
2753 4604 2925 4658 neque
2972 4603 3179 4643 ramum
3209 4587 3416 4656 signin-

1868 4696 1978 4751 cat,
2010 4702 2076 4741 ex
2119 4687 2314 4741 arbore
2339 4698 2558 4746 caesum,
2595 4697 2768 4750 neque
2801 4694 2978 4734 rosam
3008 4693 3075 4732 ex
3104 4687 3284 4731 roseto
3310 4679 3417 4730 col-

1871 4774 2090 4838 lectam,
2143 4789 2319 4842 neque
2361 4772 2532 4826 lilium
2573 4770 2708 4824 :sed
2755 4775 2836 4823 est
2885 4767 3053 4821 animi
3098 4765 3314 4819 humani
3350 4767 3416 4817 ab

1867 4881 1972 4920 una
2010 4865 2277 4920 sententia
2319 4864 2371 4914 in
2421 4860 2580 4912 aliam
2627 4857 2920 4920 traductio,
2956 4855 3093 4909 bona
3145 4853 3414 4911 videlicet,

1865 4956 1949 5009 vel
2005 4966 2186 5022 prava.
2235 4950 2498 5006 Nimirum
2557 4949 2683 5001 hinc
2722 4947 2802 5009 lit,
2856 4953 2913 4997 ut
2987 4956 3272 5011 puerorum
3315 4941 3413 4989 ma-

1868 5045 2065 5115 gistros
2120 5042 2449 5110 appellemus
2509 5037 2734 5100 baiulos,
2781 5034 2944 5088 veluti
2990 5031 3080 5101 qui
3130 5043 3414 5115 puerorum

1874 5114 2086 5188 animos
2161 5132 2394 5184 infantes
2464 5127 2529 5181 ad
2605 5127 2916 5179 virilitatem
2986 5121 3285 5173 traducunt.
3353 5114 3414 5168 Et

209 5226 353 5277 κατὰ
404 5205 500 5294 τὴν
544 5205 650 5292 τριν
714 5205 1038 5296 συνεργοῧς,
1092 5227 1184 5278 καὶ
1241 5224 1588 5294 προδιδόντας
1639 5225 1759 5284 τοὺς

1871 5223 2319 5290 prmvaricatores
2397 5217 2627 5271 dicimus
2701 5227 2796 5268 eos
2863 5211 3253 5279 cooperarios,
3324 5205 3414 5272 qui

210 5313 551 5382 πρόσφυγαζ.
575 5315 615 5364 Τ
619 5315 681 5380 ἧς
711 5314 837 5377 γοῦν
878 5312 1130 5376 Ἰουδαίας
1158 5312 1250 5364 καὶ
1295 5309 1641 5378 Ἰερουσαλὴμ
1671 5324 1763 5376 γει

213 5404 448 5471 νομὲνης
486 5404 802 5472 ὑποχειρίας
857 5403 962 5456 τῶν
1015 5402 1298 5468 Ῥωμαίων
1344 5399 1421 5468 τῷ
1474 5399 1765 5464 στέμματι,

220 5494 359 5564 μετὰ
381 5492 443 5546 τὸ
475 5493 810 5562 μοναρχήσαι
860 5494 948 5545 τὸν
1000 5493 1217 5546 Ἰούλιον
1269 5491 1539 5559 Καίσαρα,
1601 5487 1763 5558 (οὕτω

1872 5313 2153 5363 variantur
2179 5309 2346 5360 instar
2385 5305 2561 5369 iridis,
2595 5312 2648 5356 et
2680 5303 2904 5354 clientes
2949 5297 3205 5367 produnt.
3234 5295 3413 5360 Itaque

1869 5413 1991 5450 cum
2023 5394 2205 5450 Judata
2238 5402 2291 5448 et
2324 5392 2693 5460 Hierosolyma
2735 5389 2874 5442 facta
2899 5386 3092 5440 inisset
3148 5384 3410 5435 llotnano-

1871 5505 1990 5543 rum
2049 5487 2274 5554 imperio
2345 5481 2578 5538 subdita.
2642 5479 2756 5532 solo
2814 5488 2991 5530 rerum
3047 5471 3220 5542 potito
3266 5467 3410 5522 Julia

1469 5646 1703 5700 VARUE
1743 5643 2137 5699 ILCTlONlCS.

289 5769 328 5799 "‘
365 5770 580 5835 σταυροὶ
609 5771 738 5820 κατᾶ
764 5766 856 5827 τὴν
895 5764 1200 5831 βαῖῡιρόροτ.

482 5885 751 5946 Ριιτῐιοι..
787 5879 900 5939 Gn.
945 5874 1349 5936 CXXXVIII.

1275 5766 1317 5796 85
1352 5766 1685 5831 a’./..pm7:é.’r.;
1798 5767 1922 5827 tu)”;

1919 5777 2037 5830 ;¹”¹ἱ”ῖ,’
