4004 6446
585 419 716 486 1057

1746 430 2025 497 ΤΗΕΟῙ).
2064 433 2153 493 ΒΑ
2166 434 2541 498 LSAMONIS

3686 435 3797 501 1068

581 552 828 615 (Iresare;
871 546 972 619 (sic
1017 550 1161 604 enim
1213 549 1435 614 factum,
1492 559 1548 605 ut
1609 551 1891 608 Dominum
1943 554 2137 609 Pilatus

2249 554 2357 624 γὰρ
2382 555 2477 608 καὶ
2503 553 2732 615 Πιλάτος
2772 552 2862 606 τὸν
2904 552 3110 622 Κύριον
3162 554 3373 624 ἔκρινε,
3411 556 3506 610 καὶ
3537 557 3640 626 τὴν
3687 559 3795 611 Ἰουο

576 641 863 711 jndicaret,
888 627 1232 695 ac'Judatam
1269 641 1451 697 Caesar
1480 641 1756 713 Augustus
1788 655 2052 708 censeret,
2084 653 2137 699 et

583 729 779 783 Paulus
814 745 936 784 cum
971 728 1346 797 damnaretur,
1384 732 1590 789 diceret
1621 751 1637 791 :
1670 734 1798 790 Sisti
1824 749 1910 791 me
1936 734 2138 790 Caesari

584 828 790 888 oportet
818 821 855 885 ;)
889 829 1109 888 paterna
1157 819 1463 876 Judworum
1517 824 1694 895 lingua
1731 840 1853 880 cum
1898 825 2139 881 Romana

582 916 907 963 commutata
941 908 1058 962 fuit.
1086 909 1291 979 Quippe
1318 910 1485 966 Judaei
1538 928 1659 967 cum
1692 913 1985 984 gentilibus
2027 930 2141 984 per-

585 1001 755 1064 misti,
826 1014 1014 1053 eorum
1088 1002 1335 1055 lnstituta
1405 1003 1730 1057 didicerunt.
1806 1003 1937 1058 Cum
2011 1018 2139 1073 ergo

589 1091 770 1156 populi
846 1088 1056 1143 Judaici
1131 1091 1398 1156 seniores,
1459 1099 1511 1147 et
1591 1094 1892 1148 scribarum
1964 1102 2138 1149 castus

580 1181 804 1233 vidisset
841 1178 1127 1234 Dominum
1186 1180 1460 1250 Deumque
1524 1190 1790 1250 nostrum,
1833 1184 1925 1254 qui
1973 1185 2139 1254 tergis

575 1267 887 1322 cheruLicis
939 1268 1158 1330 insidet,
1211 1284 1307 1336 per
1348 1270 1731 1326 demissionem
1772 1275 1985 1328 asinino
2013 1274 2135 1328 vebi

581 1359 743 1425 pullo,
770 1373 889 1413 cum
929 1360 1278 1417 nihilominus
1300 1377 1447 1418 more
1471 1366 1617 1433 regio
1642 1381 1670 1419 a
1707 1368 2136 1436 praecedentibus

584 1458 637 1499 et
663 1450 1015 1517 sequentibus
1045 1451 1360 1519 sliparetur,
1393 1466 1454 1506 ac
1487 1454 1875 1527 Hierosolyma:
1903 1458 2136 1528 dignita-

580 1548 684 1591 tem
746 1538 1101 1608 ampliﬁcaret
1184 1541 1403 1611 (quippe
1479 1544 1661 1599 Sionis
1715 1547 1899 1601 urbem
1973 1563 2138 1617 super

585 1626 835 1683 universa
872 1630 1216 1683 tabernacula
1244 1630 1429 1686 Jacobi
1456 1632 1661 1703 dilexit)
1696 1635 1942 1688 viderent
1972 1636 2134 1690 etiam

586 1719 772 1773 turbas
819 1718 882 1772 ad
923 1727 1120 1773 terram
1165 1721 1377 1778 tunicas
1425 1737 1553 1779 suas
1598 1726 2044 1792 substernentes,
2084 1736 2136 1783 et

582 1806 697 1860 vias
731 1806 1004 1862 molliores
1027 1808 1332 1876 reddentes,
1360 1812 1542 1880 pueris
1565 1828 1744 1869 ramos
1767 1817 2126 1884 gestantibus,

582 1909 643 1946 ac
676 1895 1001 1958 dicentibus,
1041 1897 1291 1952 liosanna
1327 1902 1435 1954 lilio
1486 1903 1629 1972 regis
1682 1904 1915 1960 Davidisl
1966 1907 2127 1961 bette-

583 1985 764 2040 dictus
814 2000 868 2041 es
902 1988 991 2056 qui
1048 1990 1198 2042 venis
1233 2005 1245 2040 :
1278 2004 1383 2044 non
1432 1993 1620 2047 dixere
1656 2009 1780 2049 cum
1830 1998 2127 2067 prophetis,

577 2069 841 2137 Laudate,
873 2077 1022 2142 pueri
1054 2074 1337 2132 Dominum
1368 2098 1381 2143 ;
1412 2095 1603 2149 neque,
1638 2082 1824 2139 Gaude
1843 2086 2131 2141 vehemen-

579 2171 663 2212 ter
692 2162 796 2214 lilia
832 2164 1031 2228 Sionis,
1062 2170 1288 2234 praedica
1328 2170 1552 2239 gloriam
1609 2172 1700 2227 Dei
1740 2173 2126 2245 Hierosolyma,

578 2253 831 2317 quoniam
855 2268 981 2309 ecce
1016 2271 1107 2309 rex
1136 2267 1264 2311 tuus
1308 2260 1455 2313 venit
1497 2262 1591 2316 tibi
1627 2264 1773 2318 mitis
1797 2272 1849 2318 et
1884 2280 2129 2332 servans,

577 2350 629 2393 et
657 2350 837 2398 vectus
862 2344 1083 2398 asinino
1116 2346 1261 2409 pullo
1279 2346 1386 2402 ﬁlio
1408 2349 1726 2419 subjugalis.
1744 2351 1877 2405 Cum
1897 2355 2039 2409 enim
2069 2369 2133 2409 os

580 2428 835 2490 habeant,
885 2432 1055 2501 inquit
1092 2433 1199 2498 ille,
1231 2450 1337 2489 non
1382 2436 1672 2506 loquentur
1722 2455 1737 2491 :
1770 2454 1892 2493 cum
1924 2443 2130 2505 oculos,

580 2533 684 2572 non
719 2520 975 2575 videbunt
1014 2542 1025 2575 :
1065 2540 1184 2578 cum
1235 2540 1417 2592 aures,
1454 2543 1559 2581 non
1585 2530 1807 2584 audient
1836 2546 1848 2582 :
1876 2532 2132 2600 quoniam

581 2611 837 2665 cordibus
866 2626 1053 2666 eorum
1108 2616 1350 2671 velamen
1401 2618 1533 2688 legis
1570 2627 1625 2673 et
1661 2620 2016 2691 ignorationis
2050 2626 2133 2676 in-

580 2700 800 2755 cumbit.

655 2791 919 2847 Nimirum
942 2803 1003 2849 ut
1026 2805 1337 2864 peccatores
1355 2798 1841 2868 excandescebant,
1864 2811 1916 2857 et
1939 2818 2132 2859 accen-

581 2884 844 2938 debantur
877 2886 977 2949 ira.
1011 2894 1063 2941 et
1101 2890 1399 2944 fremebant
1432 2892 1707 2954 dentibus.
1749 2901 1803 2947 et
1844 2896 2132 2950 contabes-

585 2977 803 3039 rebztnt,
841 2991 964 3031 cum
998 2979 1273 3035 dicerent:
1303 2980 1649 3047 Egredimini,
1678 2993 1886 3053 gentes,
1920 2985 2133 3054 egredi-

583 3067 736 3132 rrini,
774 3068 978 3136 populi,
1012 3083 1073 3123 ac
1103 3070 1298 3135 videte,
1330 3086 1437 3139 quo
1463 3079 1619 3142 pacto
1657 3075 1891 3129 mundus
1918 3075 2136 3135 univer-

2240 645 2395 699 δαίαν
2426 646 2641 714 Καίσαρ
2674 643 2983 711 Αὔγουστος
3009 646 3394 714 ἀπεγράψατο,
3454 648 3553 701 καὶ
3605 648 3796 709 Παῦλος

2241 734 2695 803 κατακρινόμενος
2717 734 2842 803 ἔφη·
2864 735 2955 785 Δεῖ
2988 751 3056 803 με
3084 738 3432 806 παραστῆναι
3452 737 3530 806 τῷ
3554 738 3796 807 Καίσαρι)

2240 827 2272 893 ὴ
2324 824 2548 895 πατρῴα
2581 824 2687 877 τῶν
2726 824 2997 877 Ἰουδαίων
3043 826 3329 889 διάλεκτος
3390 828 3530 897 πρὸς
3567 828 3670 897 τὴν
3708 829 3798 881 τῶν

2251 912 2537 982 Ῥωμαίων
2568 913 3062 983 μετεστοιχείωται.
3096 915 3222 977 Τοῖς
3245 916 3425 969 ἔθνεσι
3472 917 3583 986 γὰρ
3614 916 3799 985 ιμίγη-

2241 1020 2360 1069 σαν,
2380 1004 2470 1055 καὶ
2508 1002 2710 1071 ἔμαθον
2756 1003 2826 1055 τὰ
2872 1004 3079 1057 τούτων
3124 1005 3558 1076 ἐπιτηδεύματα.
3596 1008 3801 1069 Ἰδόντες

2238 1090 2414 1145 τοίνυν
2443 1090 2550 1142 τῶν
2577 1090 2843 1143 Ἰουδαίων
2869 1092 2918 1143 οί
2945 1092 3361 1161 δημογέροντες,
3396 1095 3617 1148 καὶτῶν
3634 1111 3801 1163 γραμ-

2242 1182 2452 1252 ματέων
2471 1183 2497 1233 ό
2529 1180 2781 1248 σύλλογος
2805 1182 2893 1234 τὸν
2923 1184 3018 1235 ἐπὶ
3045 1183 3238 1246 νώτοις
3263 1186 3611 1255 χερουϐικοῗς
3645 1186 3801 1255 καθή-

2240 1289 2399 1342 μενον
2426 1273 2626 1342 Κύριον
2682 1276 2776 1326 καὶ
2803 1274 2935 1327 Θεὸν
2984 1275 3161 1344 ήμῶν,
3195 1278 3290 1329 ἐπὶ
3327 1277 3513 1330 πώλου
3539 1272 3647 1345 μὲν
3692 1279 3801 1329 δνου

2237 1362 2375 1415 κατά
2400 1362 2804 1429 συγκατάϐασιν
2825 1364 3215 1434 ἑποχούμενον,
3244 1367 3545 1436 βασιλικῶς
3567 1368 3625 1420 δὲ
3661 1368 3799 1437 παρά

2236 1451 2345 1504 τῶν
2375 1452 2723 1521 προαγόντων
2781 1453 2873 1506 καὶ
2902 1453 3010 1504 τῶν
3040 1454 3322 1521 ἑπομένων
3369 1456 3801 1525 στενοχωρούμε-

2238 1556 2348 1603 νον,
2414 1540 2509 1592 καὶ
2542 1539 2639 1610 τὴν
2684 1540 3041 1610 Ἰερουσαλὴμ
3109 1540 3508 1610 μεγαλύνοντα,
3559 1545 3801 1613 ἠγάπησε

2237 1630 2343 1699 γὰρ
2394 1630 2493 1700 τὴν
2544 1632 2699 1683 πόλιν
2753 1631 2890 1684 Σιὼν
2943 1632 3082 1700 ὑπὲρ
3139 1631 3318 1684 πάντα
3353 1634 3425 1686 τὰ
3475 1634 3801 1701 σκηνώματα

2249 1718 2464 1789 Ἰακὼϐ)
2504 1720 2596 1773 καὶ
2621 1721 2745 1783 τοὺς
2776 1720 2964 1788 ὄχλους
3002 1721 3101 1788 μιν
3147 1724 3213 1791 τῇ
3270 1724 3342 1792 γῇ
3399 1723 3529 1784 τοὺς
3579 1724 3802 1791 χιτῶνας

2240 1807 2658 1877 στρωννύοντας,
2702 1808 2796 1861 καὶ
2858 1809 2955 1871 τὰς
3010 1808 3626 1878 όδοὺςλμαλακίζοντας,
3688 1813 3803 1871 τοὺς

2240 1899 2430 1961 παῖδας
2447 1898 2501 1951 δὲ
2528 1898 2997 1969 κλαδηφοροῦντας
3029 1900 3123 1951 καὶ
3152 1900 3429 1967 λέγοντας·
3477 1901 3709 1953 Ὡσαννὰ
3733 1901 3803 1970 τῷ

2227 1988 2331 2058 υίῷ
2358 1990 2452 2042 τοῦ
2480 1988 2743 2059 βασιλέως
2766 1989 2947 2041 Δαϐίδε
2971 1989 3335 2059 εὐλογημένος
3358 1984 3407 2041 εἴ
3434 1991 3462 2042 δ
3487 1990 3801 2060 ὲρχόμενοςυ

2229 2077 2327 2130 οὐκ
2352 2074 2503 2129 εἶπον
2545 2077 2682 2146 μετά
2705 2076 2813 2130 τῶν
2841 2076 3155 2147 προφητῶν·
3208 2078 3451 2140 Αἰνεῖτε,
3477 2077 3675 2139 παῖδες
3700 2077 3804 2129 Κύ-

2233 2184 2366 2239 ριον·
2391 2168 2532 2231 οὐδὲ,
2558 2169 2729 2238 Χαῖρε
2755 2168 2978 2237 σφόδρα.
3008 2167 3244 2236 θύγατερ
3267 2168 3428 2233 Σιὼν,
3460 2169 3700 2239 κήρυττε
3724 2169 3803 2221 δό-

2239 2257 2335 2322 ξαν
2365 2254 2497 2308 Θεοῦ
2541 2254 2913 2327 Ἰερουσαλὴμ,
2941 2257 3022 2309 ὅτι
3052 2257 3161 2309 ίδοὺ
3200 2256 3456 2325 βασιλεύς
3510 2274 3606 2310 σου
3659 2259 3802 2326 ἔρχε-

2231 2346 2320 2400 ταί
2360 2363 2438 2399 σοι
2474 2346 2655 2415 πραῢς
2702 2347 2796 2399 καὶ
2847 2345 3055 2410 σώζων,
3106 2346 3454 2416 ἐπιϐεϐηκὼς
3498 2350 3583 2412 είς
3634 2349 3802 2402 πῶλον

2233 2438 2377 2502 δνου,
2403 2436 2515 2491 υίδν
2552 2435 2865 2503 ὑποζυγίου.
2903 2435 3158 2505 Ἔχοντες
3195 2436 3303 2507 γὰρ
3358 2437 3560 2506 στόμα,
3621 2438 3799 2507 φησιν,

2231 2529 2293 2583 οὺ
2326 2528 2642 2583 καλέσουσιν
2674 2542 2687 2557 ⁸
2718 2526 3053 2595 ὀφθαλμοὺς,
3093 2530 3189 2579 καὶ
3222 2527 3322 2579 οὐκ
3358 2526 3590 2596 ὄψονται
3610 2520 3631 2558 ί
3674 2525 3800 2587 ὦτα.

2234 2617 2329 2669 καί⁵
2350 2617 2449 2669 οὐκ
2483 2614 2843 2671 ἀκούσουσιν·
2890 2615 2972 2667 ὅτι
3027 2616 3147 2677 ταῖς
3184 2615 3436 2685 καρδίαις
3481 2615 3665 2669 αὐτῶν
3708 2617 3802 2668 κά-

2233 2707 2423 2775 λυμμα
2449 2706 2613 2775 νόμου
2634 2705 2729 2758 καὶ
2763 2704 3038 2773 ἀγνωσίας
3068 2705 3371 2758 ἐπίκειται.

2314 2794 2734 2864 Ἥγανάκτησαν
2762 2792 2815 2845 δὲ
2839 2793 2913 2854 ὡς
2943 2794 3275 2863 ἁμαρτωλοὶ,
3304 2794 3398 2848 καὶ
3419 2793 3791 2865 ὠργίσθησαν,

2234 2885 2327 2939 καὶ
2351 2884 2475 2947 τοὺς
2512 2883 2729 2945 ὀδόντας
2756 2880 3008 2950 ἐϐρυξαν,
3036 2882 3128 2934 καὶ
3159 2883 3459 2950 ἑτάκησαν,
3492 2884 3589 2941 καὶ
3623 2879 3793 2936 εἷπον·

2234 2974 2508 3040 Ἐξέλθετε
2537 2973 2689 3043 ἔθνη,
2730 2971 2969 3037 ὲξέλθετε
3012 2972 3147 3039 λαοὶ,
3196 2975 3290 3027 καὶ
3316 2973 3475 3037 ἴδετε,
3532 2974 3651 3037 πῶς
3692 2976 3804 3037 ὅλος

2235 3068 2263 3119 ό
2296 3066 2493 3135 κόσμος
2518 3064 2718 3131 ὑπάγει
2746 3063 2921 3117 ὀπίσω
2950 3063 3138 3117 αὐτοῦ.
3174 3063 3266 3116 Διδ
3316 3065 3411 3119 καὶ
3445 3067 3560 3120 τῶν
3597 3066 3801 3120 κλάδων

582 3169 675 3209 sus
700 3165 821 3222 post
854 3170 975 3209 eum
1008 3156 1187 3210 vadat.
1208 3158 1438 3229 ideoque
1458 3163 1815 3230 gestationem
1861 3179 2131 3219 ramorum

2243 3156 2315 3228 μὴ
2350 3156 2619 3218 συνιέντες
2647 3154 2708 3207 τδ
2734 3154 3104 3225 δορυφόρημα,
3132 3155 3309 3210 Βαϐαὶ
3358 3158 3501 3211 κατά
3548 3158 3801 3228 μαινομιο

581 3260 687 3298 non
735 3245 1111 3315 intelligentes,
1186 3248 1514 3305 furiosorum
1579 3266 1728 3309 more
1778 3253 2127 3309 clamabant:

580 3336 757 3402 Babze;
813 3337 1019 3391 seducti
1073 3348 1195 3393 sunt
1256 3356 1466 3405 omnes,
1523 3357 1710 3398 omnes
1747 3344 1962 3398 inutiles
2002 3344 2131 3398 facti

580 3437 706 3479 sunt
770 3437 822 3483 et
880 3428 1229 3485 deﬂexerunt.
1290 3431 1483 3487 Proh:
1545 3433 1686 3503 leges
1741 3442 1795 3488 et
1869 3444 2134 3505 praecepta

584 3515 815 3572 Mosaica
853 3528 1045 3586 praeter
1078 3521 1535 3589 exspectationem
1568 3522 1752 3577 baium
1794 3524 1948 3578 facta;
1984 3534 2132 3589 sunt,

585 3608 686 3659 hoc
715 3614 815 3667 est,
846 3608 1139 3663 secundum
1183 3611 1423 3679 ipsorum
1453 3611 1736 3676 insaniam,
1782 3613 2021 3666 redactio
2064 3615 2128 3667 ad

581 3695 885 3750 interitum.
919 3698 993 3749 ita
1047 3700 1156 3765 jam
1210 3708 1353 3753 recte
1397 3701 1686 3767 declarata,
1757 3718 1873 3756 mea
1919 3704 2137 3773 quidem

585 3786 859 3854 opinione,
892 3787 1133 3841 baiorum
1161 3804 1289 3844 voce
1321 3828 1335 3853 ,
1367 3790 1677 3856 dicendum,
1734 3808 1843 3861 quo
1891 3802 2051 3862 pacto
2079 3804 2135 3849 et

586 3876 939 3942 quamobrem
964 3891 990 3929 a
1018 3880 1382 3934 sanctissimis
1411 3881 1733 3949 patriarchis
1754 3890 1873 3949 post
1892 3884 2135 3937 cateclte-

584 3968 666 4020 sin
698 3968 919 4021 incensa
960 3969 1173 4034 dentur,
1205 3968 1290 4024 die
1317 3970 1557 4025 baiorum
1582 3973 1918 4041 gestationis,
1951 3988 2141 4029 cruces

581 4065 636 4109 et
661 4057 824 4121 cerei,
853 4072 1041 4111 rursus
1074 4073 1265 4127 magna
1290 4058 1418 4113 feria
1439 4069 1629 4129 quarta
1661 4064 1803 4117 cerei
1822 4072 1875 4117 et
1898 4064 2139 4131 incensa,

588 4142 673 4195 die
695 4144 864 4195 sancti
898 4140 1175 4199 Paschatis
1216 4147 1566 4203 salutationes
1594 4158 1647 4203 et
1686 4150 1965 4220 tricipitia.

664 4232 902 4287 Dicimus
962 4248 1111 4299 ergo,
1154 4235 1296 4303 quod
1360 4253 1479 4290 cum
1512 4240 1660 4291 natiu
1709 4239 2021 4295 Judteorum
2076 4245 2141 4296 ad

590 4323 1140 4388 Iucemcaecutiverit,
1174 4333 1226 4379 et
1254 4326 1477 4382 salutem
1504 4329 1856 4398 appellaverit
1889 4333 2138 4393 exitium,

586 4413 736 4465 velut
782 4414 1077 4467 indicatum
1135 4424 1218 4468 cst
1265 4417 1425 4476 (solet
1503 4421 1646 4473 enim
1696 4422 2012 4486 usuvenire,
2082 4432 2141 4477 ut

2236 3265 2358 3311 νους
2386 3247 2637 3316 ἐϐόησαν,
2688 3244 2853 3314 βαϐαὶ
2906 3245 3103 3308 πάντες
3151 3246 3553 3317 πεπλάνηνται,
3607 3248 3801 3307 πάντες

2236 3334 2614 3407 ἡχρειώθησαν
2639 3336 2731 3387 καὶ
2762 3333 3059 3399 ιξὲκλιναν.
3113 3333 3286 3388 Βαϐαὶ
3339 3336 3449 3388 τῶν
3497 3337 3803 3390 Μωσαῖκῶν

2238 3423 2643 3494 παραγγελιῶν,
2682 3424 2830 3493 βαΐον
2854 3422 3257 3492 ἀπροσδόκητον
3291 3424 3506 3492 γέγονε,
3563 3428 3805 3483 τουτέστι

2237 3516 2377 3569 κατὰ
2432 3514 2530 3584 τὴν
2575 3515 2779 3567 τούτων
2828 3514 3085 3568 ἀπόνοιαν
3113 3552 3129 3575 ,
3192 3514 3481 3583 μεταφορά
3528 3515 3666 3585 πρὸς
3708 3521 3807 3569 ἀπο

2234 3604 2451 3660 ώλειαν.
2483 3604 2638 3659 Οὕτω
2670 3603 2851 3667 καλῶς
2898 3603 3344 3674 σαφηνιοθείσης,
3374 3605 3449 3669 ὠς
3478 3606 3687 3675 οἴομαι,
3715 3606 3807 3673 τῆς

2237 3696 2343 3749 τῶν
2379 3696 2544 3767 βατων
2576 3695 2779 3764 φωνῆς,
2814 3694 3004 3767 ῥητέον
3034 3695 3181 3757 ὅπως
3205 3694 3303 3748 καὶ
3331 3695 3474 3748 διατί
3507 3698 3661 3765 παρὰ
3702 3697 3805 3750 τῶν

2240 3786 2557 3855 ἁγιωτάτων
2606 3782 2960 3855 πατριαρχῶν
3009 3782 3146 3854 μετὰ
3171 3783 3268 3853 τὴν
3308 3786 3615 3853 κατήχησιν
3649 3784 3809 3853 θυμι-

2241 3878 2420 3945 άματα
2470 3875 2721 3937 δίδονται,
2773 3875 2913 3928 κατὰ
2962 3873 3060 3944 τὴν
3110 3872 3397 3944 βαῐοφόρον
3430 3876 3659 3943 σταυροὶ
3719 3874 3809 3927 καὶ

2242 3966 2427 4035 κηρία,
2469 3965 2562 4017 καὶ
2590 3959 2745 4026 αὖθις
2768 3963 2907 4016 κατὰ
2942 3963 3039 4032 τὴν
3077 3963 3321 4033 μεγάλην
3356 3965 3591 4035 τετράδα
3644 3966 3809 4033 κηρία

2250 4060 2343 4110 καὶ
2364 4056 2707 4125 θυμιάματα,
2740 4053 2833 4106 καὶ
2872 4053 3013 4108 κατὰ
3034 4052 3091 4106 τὸ
3118 4052 3274 4121 ἅγιον
3295 4054 3492 4123 Πάσχα
3528 4054 3809 4123 ἀσπασμοί

2242 4147 2335 4201 καὶ
2355 4145 2673 4215 τρικέφαλα.

2310 4236 2491 4303 Φαμὲν
2524 4236 2723 4297 τοίνυν,
2756 4233 2829 4296 ὡς
2865 4230 3167 4300 τοῦγένους
3204 4231 3313 4285 τῶν
3364 4231 3634 4287 Ἰουδαίων
3678 4235 3811 4303 πρὶς

2242 4327 2301 4379 τὸ
2329 4319 2441 4394 φῶς
2475 4324 2909 4392 ἀϐλεπτήσαντος
2929 4361 2944 4383 ,
2994 4322 3089 4375 καὶ
3118 4322 3216 4391 τὴν
3256 4325 3536 4394 σωτηρίαν
3568 4328 3813 4380 πανωλε-

2246 4423 2398 4493 θρίαν
2448 4421 2939 4490 κατονομάσαντος,
2999 4418 3074 4482 ὡς
3118 4419 3455 4489 διείληπται,
3516 4421 3653 4485 (τοῖς
3708 4423 3813 4491 γὰρ

588 4511 849 4579 anrugine
907 4512 1275 4567 laborantibus
1311 4515 1412 4569 mel
1449 4517 1518 4581 sit
1553 4519 1819 4580 amarum)
1851 4558 1864 4583 ,
1932 4534 2031 4574 nos
2063 4522 2137 4575 eis

2249 4512 2523 4583 ίκτεριῶσι
2550 4512 2609 4563 τδ
2638 4510 2757 4580 μέλι
2783 4509 2977 4578 πικρόν
2997 4507 3189 4579 ἐστιν),
3223 4511 3386 4578 ἡμεῖς
3402 4511 3671 4566 τάναντία
3689 4512 3814 4566 τού-

593 4601 868 4653 cnntraria
936 4604 1232 4657 sentientes
1286 4613 1337 4658 et
1389 4605 1664 4669 facientes,
1691 4610 1912 4678 (quippe
1971 4608 2140 4664 solem

592 4704 700 4744 non
733 4691 1150 4747 conniventibus
1177 4696 1352 4749 oculis
1387 4696 1835 4766 intuetnur),cum
1864 4713 2140 4753 ramorum

591 4784 886 4849 gestatione
958 4793 1255 4840 conventus
1324 4787 1657 4843 celebremus
1739 4795 1793 4843 ct
1880 4788 2143 4844 insaniam

593 4874 831 4941 ipsorum
890 4876 1033 4929 velut
1093 4875 1145 4928 in
1182 4876 1456 4946 triumpho
1500 4879 1845 4946 spectandam
1873 4880 2140 4934 exhiben-

593 4974 676 5019 tes
703 4966 851 5028 (facti
880 4969 1160 5022 suntenim
1210 4969 1574 5037 spectaculum
1617 4968 1972 5039 mortalibus),
2009 4984 2145 5022 con—

597 5056 860 5115 fateamur,
911 5070 971 5109 ac
1032 5072 1365 5127 nequaquam
1426 5057 1749 5118 inﬂciemur,
1794 5074 1895 5113 nos
1925 5059 2143 5126 quidem

599 5160 719 5199 esse
761 5144 930 5198 iactos
976 5148 1153 5199 baium
1223 5148 1379 5209 tidei;
1413 5147 1507 5201 sed
1542 5162 1603 5200 ex
1641 5148 1827 5201 umbra
1853 5149 1922 5201 ad
1952 5150 2150 5202 verita-

611 5248 743 5299 tem,
780 5234 871 5288 sed
903 5234 967 5287 ad
998 5236 1453 5289 immortalitatem
1482 5252 1545 5290 ex
1566 5237 1893 5290 mortalitate
1924 5254 1937 5289 :
1978 5252 2151 5306 neque

613 5341 712 5378 nos
751 5326 914 5393 pudet
972 5341 1153 5379 ramos
1195 5328 1315 5381 illos
1366 5328 1635 5396 appellare
1687 5329 1828 5382 baia.
1869 5327 1924 5381 In
1965 5327 2148 5381 eadem

610 5420 929 5470 στλείςιοηιρς
951 5418 1144 5485 opinne
1159 5417 1457 5473 ﬁdelissimi
1482 5419 1771 5485 principes,
1798 5418 1991 5471 annuis
2012 5419 2153 5485 rogis

614 5508 730 5557 l-uia
770 5508 1089 5568 miscebant,
1122 5520 1343 5575 argento
1404 5520 1531 5577 puta
1569 5510 1651 5561 vel
1708 5524 1839 5561 auro
1871 5518 2146 5561 exornata.

609 5596 818 5661 Quippe
868 5598 1387 5664 congratulahantur
1421 5598 1511 5657 iis,
1564 5599 1655 5664 qui
1686 5598 1795 5650 iure
1852 5612 2154 5663 conseque-

616 5688 833 5745 bantur,
871 5685 1010 5737 "elut
1037 5688 1355 5739 orthodoxis
1385 5703 1507 5755 erga
1544 5688 1727 5749 Deum,
1758 5697 1806 5738 et
1861 5689 2003 5755 ipsos
2030 5701 2151 5751 erga

621 5779 887 5844 principes
921 5776 1215 5829 benevolis.
1248 5776 1382 5841 Quia
1418 5794 1540 5831 vero
1570 5778 1870 5845 principum
1935 5778 2149 5844 qtidcnt

2242 4622 2354 4667 τοις
2382 4604 2700 4673 φρονοῦντες
2725 4603 2819 4654 καὶ
2847 4601 3174 4670 πράττοντες
3222 4602 3668 4671 (ἀσκαρδαμυκτὶ
3705 4604 3812 4671 γὰρ

2243 4698 2332 4747 τὸν
2383 4694 2531 4763 ἥλιον
2583 4690 2873 4761 βλέπομεν)
2924 4690 3396 4759 κλαδηφοροῦντες
3442 4695 3813 4763 πανηγυρίζο-

2250 4804 2368 4856 μεν,
2398 4785 2490 4838 καὶ
2519 4785 2615 4852 τὴν
2643 4783 2865 4835 ἐκείνων
2894 4782 3151 4833 ἀπόνοιαν
3194 4780 3646 4849 θριαμϐεύοντες,
3689 4786 3816 4839 θέα-

2248 4893 2373 4946 τρον
2426 4875 2536 4945 γὰρ
2584 4874 2679 4925 καὶ
2721 4870 3029 4942 ἀνθρώποις
3064 4872 3416 4941 γεγόνασιν),
3447 4874 3818 4945 ὁμολογοῦμεν

2251 4968 2343 5019 καὶ
2374 4966 2473 5017 οὐκ
2505 4963 2832 5033 ἀρνούμεθα,
2882 4961 3033 5031 βαῖον
3077 4962 3365 5028 γεγονέναι
3421 4966 3521 5032 τῆς
3563 4967 3815 5026 πίστεως·

2250 5059 2363 5110 ἀλλ’
2401 5059 2463 5109 ἑκ
2503 5056 2661 5117 σκιᾶς
2722 5054 2857 5123 πρὸς
2912 5054 3192 5121 ἀλήθειαν,
3243 5055 3359 5107 ἀλλ’
3395 5058 3475 5118 είς
3520 5058 3819 5111 ἀθανασίαν

2251 5151 2358 5203 ἀπὸ
2404 5147 2727 5217 θνητότητος
2753 5161 2765 5176 ·
2802 5145 2897 5196 καὶ
2935 5144 3059 5212 βαΐα
3088 5145 3213 5205 τοὺς
3256 5145 3489 5210 κλάδους
3516 5148 3820 5217 κατονομά-

2256 5240 2457 5302 ζοντες,
2509 5237 2608 5288 οὐκ
2659 5232 3119 5301 ὲπαισχυνόμεθα.
3170 5233 3327 5286 Οὕτω
3357 5236 3685 5303 φρονοῦντες
3729 5234 3821 5287 καὶ

2253 5330 2301 5380 el
2334 5326 2642 5379 πιστότατοι
2707 5322 2966 5391 βασιλεῖς,
2995 5324 3115 5384 ταῖς
3167 5323 3406 5391 ἐτησίοις
3462 5326 3651 5395 ρόγαις
3688 5326 3817 5395 βαῒα

2258 5418 2739 5487 συνεπρυτάνευον,
2776 5414 2834 5479 ἐξ
2883 5414 3124 5483 ἀργύρου
3159 5414 3318 5482 τυχὸν
3364 5415 3397 5483 ἢ
3432 5416 3637 5485 χρυσοῦ
3688 5416 3821 5467 κα).-

2256 5508 2543 5572 λυνόμενα.
2574 5503 2896 5571 Συνέχαιρον
2956 5502 3065 5568 γὰρ
3109 5503 3221 5561 τοῖς
3274 5502 3615 5568 λαμϐάνουσι
3649 5502 3821 5555 ταῦτα

2256 5594 2591 5664 ύρθοδοξοῦσι
2640 5593 2706 5645 τὰ
2763 5592 2895 5659 πρὸς
2932 5592 3083 5656 Θεὸν,
3150 5592 3245 5643 καὶ
3320 5594 3697 5661 εὺνοουμένοις
3756 5596 3821 5644 τὰ

2264 5688 2394 5749 πρδς
2432 5682 2644 5742 αύτούς.
2693 5682 2843 5731 Ἐπεὶ
2877 5681 2928 5731 δὲ
2962 5681 3066 5730 τῶν
3111 5681 3207 5748 μὲν
3251 5680 3515 5747 βασιλέων
3541 5684 3596 5733 αί
3640 5685 3818 5752 ῥόγαι,

2262 5773 2350 5821 καὶ
2387 5770 2487 5820 τῶν
2520 5769 2682 5837 partem
2710 5770 2771 5820 ti
2804 5767 2933 5836 Ξνθη
2965 5768 3029 5817 ait
3062 5769 3283 5829 ταύταις
3329 5773 3815 5830 συνανατέλλοντιι.
