4004 6458
281 439 418 502 1069

1686 443 2107 506 MEDITATA.

3365 444 3499 506 1070

290 567 394 636 πρὸ
413 568 617 637 χρόνων
654 567 968 636 ἐσχόλασαν,
985 568 1051 619 δι’
1071 565 1138 635 ἢν
1158 565 1332 618 αἰτίαν
1363 563 1564 618 άνωθεν
1588 563 1830 632 εἴπομεν·

1938 577 2081 630 roga:
2099 562 2451 631 baiorumque
2477 562 2650 623 ﬂores,
2676 564 2766 632 qui
2791 578 2910 619 cum
2936 564 3080 632 rogis
3095 563 3492 620 exoriebantur.

288 659 400 710 τῶν
428 658 483 709 δὲ
508 655 667 710 θείων
701 657 1053 726 πατριαρχῶν
1083 659 1137 710 αί
1190 657 1347 725 ρὁαι
1403 654 1840 724 δημοσιεύονται,

288 750 384 802 καὶ
422 750 448 817 ἡ
485 750 728 815 συνήθως
757 749 1006 819 διδομένη
1039 750 1171 818 ρόγα
1195 748 1335 800 κατα
1355 748 1453 816 τὴν
1483 747 1685 816 κυρίως
1706 748 1843 798 άπὸ-

288 853 464 903 κρεω,
481 837 558 897 είς
590 837 685 902 τὴν
739 837 972 904 ἐτησίως
1030 836 1428 906 προδαίνουσαν
1460 835 1845 902 ἐκκλησιαστι-

290 927 393 994 ad)»
425 927 589 994 ρόγαν
621 927 761 978 κατὰ
789 927 886 995 τὴν
928 926 1170 994 μεγάλην
1197 926 1384 993 τρίτην
1431 925 1718 994 μετέπεσε,
1747 941 1845 975 κα-

286 1015 416 1076 θὼς,
469 1015 534 1066 τά
569 1014 771 1066 παλαιὰ
821 1014 1039 1067 λαλοῦσι
1089 1015 1335 1085 ρογάλια,
1370 1014 1604 1066 διδόασιν
1645 1015 1694 1063 ot
1742 1029 1844 1064 πα-

285 1105 538 1172 τριάρχαι
597 1104 735 1173 μετά
779 1104 876 1174 τὴν
919 1107 1218 1175 κατήχησιν
1249 1103 1324 1173 τῷ
1357 1104 1470 1174 λαῷ
1499 1105 1571 1164 ὡς
1618 1103 1744 1170 βαΐα
1776 1104 1844 1156 τὰ

285 1195 638 1261 οἶτυμιάματα·
696 1196 1145 1263 παρεγγυώμενοι
1187 1194 1253 1246 δι’
1300 1193 1478 1246 αὐτῶν
1504 1193 1702 1245 ὡσανεὶ
1734 1196 1843 1254 τοῖς

288 1285 644 1352 λαμϐάνουσι,
690 1291 1018 1354 μεταπεσεῖν
1074 1290 1137 1339 ὲκ
1176 1286 1274 1354 τῆς
1308 1285 1516 1355 φαύλης
1546 1285 1838 1354 διαγωγῆς,

284 1374 466 1436 καθώς
494 1393 594 1426 που
643 1377 736 1428 καὶ
769 1375 1175 1444 καθηγήθησαν,
1209 1376 1299 1428 καὶ
1359 1376 1426 1427 δι’
1481 1375 1838 1444 ὸλιγοημέρου

282 1465 616 1531 ἐπιστροφῆς
647 1464 920 1532 βασιλείαν
950 1466 1165 1516 αἰώνιον
1193 1464 1639 1528 ἀνταλλάξασθαι.
1673 1465 1842 1516 Εὐτε-

280 1554 396 1605 λέσι
425 1553 480 1605 δὲ
519 1555 822 1623 θυμιάμασι
845 1555 981 1606 κατὰ
1011 1555 1406 1624 σμικρολόγους
1433 1556 1528 1606 καὶ
1561 1554 1831 1622 κίμϐικας

278 1646 381 1696 οὐκ
404 1644 743 1697 ὲλαττονοῦσι
768 1645 827 1697 τὸ
862 1646 1145 1714 μεγαλεῖον
1181 1645 1272 1698 τοῦ
1310 1645 1654 1713 Πνεύματοςο
1699 1645 1838 1714 (πῶς

280 1734 389 1799 γὰρ
431 1736 478 1784 οἱ
514 1736 690 1785 πᾶσαν
721 1733 818 1802 τὴν
863 1733 1186 1802 οἰκουμένην
1245 1731 1672 1801 φιλανθρωπίαις
1708 1749 1840 1783 παν-

277 1822 538 1884 τςδαπαῐς
595 1825 1006 1892 σαγηνεύοντες,
1063 1824 1155 1876 καὶ
1200 1825 1379 1876 πᾶσαν
1431 1823 1834 1891 πενητεύουσαν

279 1910 659 1976 αύλακίζοντες
719 1914 979 1983 ἄρουραν,
1034 1915 1128 1967 καὶ
1199 1913 1464 1982 πολύχουν
1519 1913 1832 1982 εὐεργεσίας

277 1999 580 2077 θερίζοντες
601 2002 880 2072 ἄσταχυνς)
918 2002 1053 2055 ἀλλὰ
1086 2004 1182 2072 τῆς
1214 2005 1424 2073 ἡμέρας
1459 2003 1556 2073 τὴν
1607 2003 1832 2070 δύναμιν

277 2090 654 2158 αἰνιττόμενοι,
679 2092 771 2143 καὶ
799 2091 1138 2154 διδάσκοντες
1157 2092 1395 2161 ὡσπερεὶ
1412 2092 1479 2144 δι’
1507 2092 1682 2144 αὐτῶν
1707 2093 1832 2152 τοὺς

277 2178 342 2229 λα
352 2178 669 2247 μσάνοντας,
698 2183 882 2233 ὁποῖον
916 2177 1054 2235 εἶναι
1076 2182 1155 2234 δεῖ
1178 2181 1237 2232 τὸ
1258 2180 1483 2249 ψυχικὸν
1509 2181 1831 2249 κατάστημα

279 2267 374 2319 τοῦ
399 2269 762 2336 νηστεύοντος,
797 2271 889 2322 καὶ.
926 2273 1022 2340 τῆς
1051 2269 1338 2339 μετανοίας
1371 2271 1430 2322 τὸ
1451 2271 1829 2338 ὀλοκαύτωμα,

281 2357 371 2407 καὶ
407 2359 502 2424 τῆς
532 2361 838 2428 προσευχῆς
863 2360 924 2412 τὸ
953 2359 1222 2429 θυμίαμα.
1256 2361 1364 2412 Καὶ
1395 2361 1516 2413 τότε
1563 2361 1662 2429 μὲν
1693 2360 1833 2413 οὕτω

278 2443 666 2496 κ-ατευθύνουσι
688 2446 785 2511 τῆς
819 2447 1069 2515 νηστείας
1102 2447 1162 2500 τὸ
1187 2447 1422 2502 στάδιον.
1463 2448 1619 2501 Κατὰ
1643 2448 1698 2501 δὲ
1732 2450 1831 2518 τὴν

277 2529 376 2596 τῆς
417 2529 705 2601 βαῖοφόρου
739 2535 1078 2602 χαρμόσυνον
1108 2534 1472 2604 κυριὼνυμον,
1499 2537 1573 2598 ὡς
1603 2536 1829 2589 ἀθλοθέ-

277 2633 366 2668 ται
394 2617 731 2681 καθίσαντες,
763 2611 1032 2688 (Ἐκάθισε
1066 2621 1192 2690 γὰρ,
1228 2622 1414 2690 φησιν,
1445 2623 1472 2672 ὁ
1527 2623 1726 2690 κρῖνων
1755 2622 1831 2676 δι-

280 2703 624 2771 καιοσύνην,)
665 2707 964 2770 δεξιοῦνται
994 2710 1118 2771 τοὺς
1143 2709 1202 2761 τὸ
1237 2712 1572 2779 παγκράτιον
1596 2712 1695 2779 τῆς
1734 2730 1829 2780 νη-

281 2794 466 2858 στείας
518 2797 865 2865 νικήσαντας,
945 2800 1138 2870 τιμίων
1203 2801 1296 2853 καὶ
1355 2800 1522 2868 ἁγίων
1587 2803 1832 2868 σταυρῶν

279 2881 601 2950 ἁγιάσμασι,
655 2885 746 2938 καὶ
802 2886 1004 2955 κηρίων
1077 2886 1394 2954 φωτοὸόλων
1461 2890 1830 2958 χαρίσμασιν.

283 2971 416 3022 Οὐδὲ
455 2973 558 3042 γὰρ
592 2973 804 3027 θέλουσι
871 2979 1194 3045 σκιαμαχεῖν
1241 2978 1366 3040 τοὺς
1427 2978 1652 3040 πιστοὺς
1711 2979 1826 3031 κατ’

279 3060 516 3123 ἐκείνους
542 3064 663 3124 τοὺς
688 3064 1070 3134 νηπιόφρονας,
1105 3065 1216 3118 ἀλλ’
1245 3066 1319 3129 ὡς
1350 3068 1449 3136 ἢδη
1504 3068 1604 3136 τῆς
1631 3068 1832 3122 δικαιοο

281 3150 447 3218 σύνης
476 3152 562 3202 τδν
605 3153 754 3222 ἥλιον
800 3155 1115 3223 βλέποντας,
1144 3155 1241 3226 τὴν
1281 3155 1407 3210 νέαν
1437 3157 1571 3209 Σιὼν
1590 3159 1677 3211 διὰ
1718 3160 1830 3213 πὼ-

278 3239 372 3290 λου
411 3241 729 3306 φωτῖζόντα,
789 3244 1186 3313 προτρέπονται
1230 3245 1298 3296 δι’
1337 3247 1513 3298 αὐτῶν
1562 3248 1673 3308 τοῖς
1730 3248 1826 3316 ἤδη

278 3333 596 3398 νηστεύουσι
629 3334 881 3401 νηστείαν
908 3332 1191 3403 Κυριακὴν
1231 3336 1828 3405 τεσσαρακονθήμεμν,

279 3424 371 3472 καὶ
411 3422 517 3472 τῶν
568 3424 753 3474 παθῶν
806 3424 872 3476 τά
908 3425 1040 3494 νέφη
1107 3424 1368 3488 διώξασι,
1421 3429 1831 3480 συνανατέλλειν

281 3510 420 3578 μετὰ
448 3511 540 3563 τοῦ
570 3514 846 3578 γίγαντος.
873 3514 1009 3565 Buta
1036 3514 1133 3581 μὲν
1169 3515 1454 3583 κατέχουσι
1482 3519 1600 3579 ταῖς
1650 3519 1830 3586 χερσὶ,

274 3599 365 3651 διὰ
393 3600 456 3651 τὸ
487 3605 810 3668 μεταπεσεῖν
837 3602 894 3666 ἐξ
924 3603 1202 3671 ὲμπαθοῦς
1226 3607 1316 3655 καὶ
1350 3607 1662 3673 κοινοτέρας
1700 3608 1829 3668 ἴσως

276 3687 551 3756 διαγωγῆς
609 3692 745 3758 πρὸς
782 3691 1120 3760 ὑψηλοτέραν
1179 3693 1273 3744 καὶ
1328 3693 1510 3762 ἀπαθῆ
1535 3709 1550 3725 ο
1589 3695 1752 3764 κηρία
1776 3695 1831 3747 δὲ

279 3779 372 3829 καὶ
406 3781 692 3847 σταυροὺς,
722 3780 807 3834 διὰ
832 3784 891 3833 τὸ
926 3781 1252 3833 καταϐαλεῖν
1279 3783 1414 3850 μετὰ
1450 3782 1542 3834 τοῦ
1573 3783 1670 3851 τῆς
1699 3785 1832 3853 ἀλη-

280 3866 430 3927 θείας
457 3867 634 3934 φωτὸς
688 3868 748 3920 τὸ
815 3871 1125 3939 ἀρχέκακον
1171 3871 1344 3922 Σατάν
1385 3873 1479 3924 καὶ
1520 3873 1829 3925 ἀντίπαλον.

278 3956 386 4006 Καὶ
410 3957 459 4006 τί
482 3957 587 4024 γὰρ
609 3957 734 4008 ἄλλο
762 3957 933 4025 δῶρον
956 3958 1238 4025 δοθήσεται
1270 3960 1379 4018 τοῖς
1409 3959 1475 4009 δι’
1507 3959 1830 4027 ἐγκρατείας

278 4049 532 4112 νικήσασι
585 4047 644 4098 τὸ
685 4047 824 4113 μέγα
873 4047 970 4115 τῆς
1026 4047 1276 4115 νηστείας
1323 4047 1677 4116 παγκράτιον,
1735 4047 1827 4099 τοῦ

277 4135 604 4204 τριποθήτου
641 4135 784 4188 θείου
835 4135 1066 4203 σταυροῦ
1119 4135 1459 4206 τιμιώτερον,
1516 4134 1605 4188 τοῦ
1659 4137 1828 4204 μύλας

286 4225 409 4294 ᾅδου
445 4225 740 4292 παμφάγου
770 4224 1171 4294 συντρίψαντος,
1207 4225 1300 4278 καὶ
1339 4225 1508 4287 πύλας
1564 4224 1707 4294 ζωῆς
1751 4227 1828 4296 τῷ

280 4318 426 4380 γένει
482 4317 587 4366 τῶν
617 4317 916 4384 ἀνθρώπων
977 4317 1324 4381 άνοέξαντος;
1375 4317 1596 4372 Πάντως
1649 4317 1825 4368 οὐδέν·

277 4405 329 4455 εί
383 4405 454 4471 μή
493 4419 571 4463 τις
612 4406 751 4454 εἴποι
804 4403 892 4454 τὸν
925 4403 989 4454 δι’
1024 4403 1186 4455 αὑτοῦ
1243 4403 1338 4472 τὴν
1381 4403 1648 4472 σωτηρίαν
1699 4405 1826 4471 ἡμῖν

1951 660 2077 704 ante
2117 652 2320 706 multos
2358 666 2527 705 annos
2584 652 2861 707 desierunt
2902 667 2968 706 ex
3017 667 3078 705 ea
3107 667 3292 714 causa,
3337 669 3492 720 quam

1950 742 2353 806 indicavimus;
2415 759 2538 798 cum
2614 759 2755 814 rogat
2839 745 3265 814 patriarcharum
3318 747 3492 798 adhuc

1950 834 2000 885 in
2035 848 2135 887 usu
2197 836 2416 900 publico
2444 835 2575 900 sint,
2615 848 2842 904 quisque
2876 850 2976 904 pro
3001 850 3146 889 more
3176 835 3333 888 datur
3363 849 3489 906 roga

1947 923 2037 974 die
2066 925 2247 976 carnis
2274 925 2456 991 privii,
2481 925 2563 979 sic
2587 926 2869 978 immutata
2905 925 2996 990 sit,
3017 933 3075 978 ut
3106 925 3156 977 iu
3175 927 3490 979 anniversa-

1949 1013 2084 1064 riam
2127 1027 2309 1081 rogatu
2370 1015 2794 1071 ecclesiasticam
2856 1029 3062 1084 magnae
3119 1015 3262 1068 feria:
3315 1017 3486 1071 tertia:

1945 1100 2169 1163 incidat,
2204 1102 2655 1170 quemadmodum
2674 1104 2894 1173 antiqua
2919 1103 3138 1173 Rogalia
3164 1105 3487 1173 loquuntur:

1947 1192 2152 1245 ideirco
2204 1191 2334 1247 dant
2387 1194 2710 1261 patriarcha:
2761 1195 2960 1262 populo
3014 1204 3134 1264 post
3179 1196 3488 1250 catechesin

1945 1283 2184 1347 incensa,
2209 1284 2330 1338 loco
2361 1285 2604 1338 baiorum
2631 1304 2645 1346 ;
2676 1286 2821 1338 velut
2843 1286 3193 1338 admonentes
3231 1287 3370 1348 illos,
3397 1287 3490 1355 qui

1942 1387 2002 1425 ea
2033 1384 2273 1436 sumunt,
2304 1383 2363 1426 ut
2385 1377 2645 1428 rationem
2671 1375 2882 1428 vivendi
2914 1389 3130 1443 pravam
3157 1376 3489 1444 relinquant.

1941 1460 2083 1512 sicut
2116 1460 2292 1515 εὐθειί
2329 1462 2456 1524 εἱιιι,
2488 1477 2550 1516 ac
2584 1478 2677 1531 per
2725 1465 3134 1518 conversionem
3186 1480 3487 1532 paucorum

1940 1549 2152 1604 dierum
2214 1551 2316 1604 sibi
2388 1567 2608 1618 regnum
2643 1553 2772 1606 illud
2833 1561 3091 1607 aeternum
3145 1567 3485 1623 comparent.

1937 1640 2205 1694 Caeterum
2241 1656 2337 1710 per
2363 1641 2473 1694 haec
2498 1643 2718 1697 incensa
2751 1643 2878 1697 vilis
2909 1644 3088 1712 pretii,
3129 1659 3276 1698 more
3301 1660 3492 1713 parco-

1939 1745 2058 1784 rum
2093 1732 2372 1784 hominum
2413 1741 2467 1785 et
2520 1747 2834 1796 avarorum,
2892 1733 3227 1800 majestatem
3255 1734 3487 1802 spiritus

1941 1835 2044 1873 non
2101 1821 2458 1886 deminuunt,
2493 1821 2620 1891 (quo
2677 1822 2818 1876 enim
2866 1821 2916 1875 id
2957 1831 3112 1891 pacto
3166 1822 3398 1876 facerent
3427 1821 3484 1883 ii,

1940 1912 2030 1977 qui
2080 1921 2350 1964 terrarum
2400 1911 2585 1964 orbem
2642 1912 2954 1964 universum
2993 1911 3162 1965 variis
3211 1912 3484 1964 beneflciis

1942 2001 2213 2062 irretiunt,
2247 2010 2298 2055 et
2319 2015 2479 2056 omne
2502 2016 2687 2054 arvum
2714 2001 2896 2055 sterile
2919 2002 3145 2063 sulcant,
3173 2001 3485 2068 opimasque

1942 2089 2310 2144 beneﬁcentia:
2364 2091 2543 2159 spicas
2596 2090 2858 2159 metunt?)
2919 2089 3009 2143 sed
3056 2089 3321 2143 occultam
3371 2089 3488 2156 ejus

1940 2180 2046 2235 diei
2075 2181 2183 2234 vim
2209 2182 2446 2235 indicare
2473 2181 2680 2243 volunt,
2713 2181 2968 2249 quasiqut
3002 2180 3199 2234 docere
3231 2195 3323 2247 per
3374 2181 3488 2232 haec

1938 2280 2052 2326 cos,
2105 2264 2198 2333 qui
2228 2279 2287 2318 ea
2325 2273 2565 2332 sumunt,
2599 2267 2773 2336 qualis
2805 2281 2925 2319 esse
2959 2265 3153 2319 debeat
3187 2266 3349 2319 animi
3381 2277 3489 2320 sta-

1939 2365 2024 2409 tus
2053 2355 2106 2408 in
2123 2355 2316 2424 eo,qui
2339 2356 2604 2423 jejunium
2633 2357 2905 2417 observat,
2933 2357 3088 2425 quale
3114 2356 3483 2410 holocaustum

1939 2445 2301 2511 pmnitentiae,
2364 2455 2417 2499 et
2472 2445 2799 2514 precationis
2857 2447 3156 2500 incensum.
3228 2447 3303 2500 Ac
3357 2453 3484 2499 tunc

1937 2533 2154 2599 quidem
2215 2534 2284 2584 ita
2341 2533 2530 2600 jejuuii
2563 2531 2896 2585 curriz'ulutu
2951 2533 3210 2601 dirigunt.
3239 2532 3306 2586 At
3353 2547 3476 2584 vero

1939 2623 2055 2674 laeta
2089 2621 2174 2675 illa
2199 2622 2286 2676 die
2315 2621 2591 2676 Dominica
2622 2622 2866 2676 baiorum
2901 2624 3237 2692 gestationis,
3293 2623 3484 2676 seleu.

1940 2719 2021 2764 tcs
2051 2725 2150 2777 pro
2185 2726 2335 2764 more
2359 2711 2800 2765 distrihttentium
2859 2712 3075 2781 praemia
3109 2712 3325 2781 (qttippe
3354 2726 3482 2765 con-

1937 2800 2092 2860 sedit,
2110 2800 2359 2868 inquiunt
2377 2800 2587 2855 Litterae
2615 2815 2803 2864 sacrae,
2832 2803 2919 2868 qui
2939 2801 3144 2866 judicat
3165 2801 3478 2868 justitiam).

1937 2887 2178 2942 victores
2238 2888 2291 2940 in
2341 2888 2846 2956 certamiuejejunii
2879 2890 3231 2958 pretiosarum
3267 2899 3480 2945 sancta-

1937 2992 2166 3045 rumque
2245 2978 2488 3032 crucium
2579 2979 3014 3042 lustrationibus,
3075 2988 3129 3034 et
3201 2993 3476 3034 cereormu

1937 3068 2229 3122 lucentium
2260 3068 2421 3122 donis
2448 3069 2747 3137 excipiunt.
2771 3069 2978 3138 Quippe
3001 3084 3107 3122 non
3136 3083 3254 3121 cum
3273 3070 3478 3122 umbris

1937 3158 2201 3212 dimicare
2235 3157 2421 3211 fideles
2452 3157 2660 3221 volunt,
2694 3157 2963 3212 fatnorum
3016 3173 3161 3212 more
3183 3196 3203 3224 ,
3245 3158 3336 3212 sed
3383 3172 3478 3212 eos

1937 3247 2100 3301 veluti
2125 3247 2236 3315 jam
2290 3245 2618 3312 aspicientes
2645 3247 2872 3315 justitiae
2926 3247 3116 3310 solem,
3149 3247 3240 3313 qui
3285 3261 3475 3299 novam

1939 3333 2156 3389 Sionem
2191 3350 2286 3403 per
2313 3337 2514 3404 pullum
2535 3335 2822 3397 illuminat,
2857 3349 2948 3403 per
2973 3335 3083 3388 haec
3105 3336 3476 3395 exhortantur,

1933 3434 1990 3478 ut
2023 3425 2272 3478 absoluto
2305 3423 2586 3478 Dominico
2613 3423 2817 3476 dierum
2845 3422 3196 3491 quadraginta
3249 3421 3477 3490 jejunio,

1932 3525 1984 3567 et
2014 3514 2250 3569 nubibus
2277 3514 2531 3567 vitiorum
2565 3512 2826 3580 expulsis.
2853 3527 2956 3563 una
2981 3526 3102 3564 cum
3138 3513 3237 3564 hoc
3267 3512 3478 3580 gigante

1933 3602 2100 3668 (dicto
2136 3603 2391 3655 nimirum
2425 3601 2559 3669 sole)
2592 3601 2925 3654 exoriantur.
2986 3597 3048 3650 Et
3083 3599 3202 3653 baia
3258 3601 3474 3668 quidem

1931 3692 2184 3744 manibus
2209 3701 2498 3760 propterea
2555 3699 2758 3753 tenent,
2812 3689 2954 3757 quod
3020 3689 3253 3743 traducti
3308 3689 3474 3743 sinta

1931 3780 2120 3833 vitiosa
2149 3780 2481 3847 profanaque
2507 3779 2738 3834 fortasse
2767 3778 2896 3840 vita,
2927 3777 2989 3832 ad
3018 3779 3389 3833 sublimiorem
3421 3792 3474 3831 et

1929 3871 2187 3925 vitiorum
2243 3879 2556 3940 expertem:
2609 3885 2798 3925 cereos
2847 3884 2973 3924 vero
3026 3884 3146 3924 cum
3197 3872 3474 3930 crucibus.

1928 3959 2072 4029 quod
2111 3975 2234 4014 cum
2264 3961 2467 4014 lumine
2488 3960 2734 4015 veritatis
2758 3967 3029 4014 auctorem
3071 3959 3246 4013 omnis
3277 3961 3401 4012 mali
3423 3972 3476 4013 et

1930 4052 2308 4106 adversarium
2369 4066 2526 4105 suum
2609 4050 2862 4104 Satanam
2924 4050 3354 4118 prostraveriut.
3415 4051 3477 4103 Et

1931 4143 2197 4213 quodnam
2231 4143 2373 4196 aliud
2406 4145 2605 4196 donum
2634 4142 2720 4205 iis,
2744 4143 2836 4210 qui
2871 4156 2966 4210 per
3015 4143 3394 4196 continentiam
3421 4144 3472 4194 in

1929 4231 2022 4284 illo
2059 4245 2248 4298 magno
2274 4230 2464 4299 jejunii
2525 4229 2819 4284 certamine
2867 4229 3096 4284 victores
3152 4231 3473 4293 exstiterim,

1929 4320 2047 4372 dari
2102 4320 2391 4388 pretiosius
2468 4319 2640 4388 possit
2692 4319 3025 4386 Optatissima
3079 4333 3233 4372 sacra
3291 4333 3470 4378 cruce.

1928 4422 2049 4475 quae
2071 4408 2250 4460 omnia
2277 4407 2588 4461 devorantis
2615 4405 2810 4460 inferni
2841 4408 3106 4475 genuinos
3131 4407 3469 4468 comminuit,

277 4493 624 4562 σχεδιάσαντα
665 4492 868 4560 Ἰησοῦν
898 4493 1129 4562 Χριστὸν
1161 4493 1251 4544 καὶ
1291 4492 1421 4544 Θεὸν
1451 4492 1624 4560 ἡμῶν.
1671 4493 1822 4545 Ἐπεὶ

1935 4507 1979 4549 et
2035 4496 2270 4548 humano
2333 4497 2512 4564 generi
2563 4495 2686 4549 vita:
2719 4505 2900 4563 portas
2947 4495 3203 4564 aperuit?
3252 4495 3470 4548 omnino

274 4583 332 4634 δὲ
361 4583 453 4633 καὶ
482 4582 702 4649 βασιλέα
736 4583 954 4642 πολλαῖς
979 4581 1444 4651 δορυφορούμενον
1475 4582 1821 4650 κυριότησιν,

273 4671 494 4741 άμὲσως
527 4671 559 4739 ἢ
593 4673 731 4722 κατά
759 4672 1002 4740 ῥυπαροῦ
1035 4673 1457 4741 καταστήματος
1484 4672 1582 4723 οὑκ
1615 4671 1823 4734 ἔξεστιν

276 4760 656 4824 ὑποδέξασθαι,
690 4761 803 4814 Νῦν
838 4763 959 4831 μὲν,
1002 4762 1164 4830 φησιν
1211 4763 1238 4813 ὀ
1296 4762 1464 4830 μέγας
1516 4761 1819 4830 ἀρχιερεὺς,

271 4853 385 4911 τοῖς
417 4853 744 4920 ἀγχεμάχοις
775 4851 1234 4921 συναριθμήθητε,
1289 4854 1398 4912 τοῖς
1449 4851 1824 4916 σφενδονήταις

276 4941 744 5009 συστοιχειώθητε,
776 4943 890 5003 τοῖς
924 4943 1262 5003 ἀκοντισταῖς
1326 4939 1682 5008 συνανάϐητε,
1731 4939 1825 4990 καὶ

276 5031 391 5090 τοῖς
423 5033 838 5098 τροπαιοφόρος
872 5030 1310 5097 συνανακλίθητε.
1351 5029 1503 5081 Μετὰ
1541 5029 1596 5080 δὲ
1631 5029 1825 5098 μικρὸν

273 5120 686 5189 ἀνοιχθησονται
716 5122 842 5188 ὑμῖν
874 5121 941 5173 τά
973 5122 1267 5188 ἀνάκτορα,
1315 5125 1406 5171 καὶ
1429 5120 1573 5187 ἴδητε
1619 5120 1704 5170 τὸν
1735 5121 1824 5171 ούο

277 5212 440 5282 ρανοῦ
482 5214 572 5263 καὶ
602 5212 702 5279 γῆς
751 5211 1101 5279 βασιλεύοντα
1150 5207 1560 5276 άπερίγρατττον
1619 5209 1822 5278 Κύριον

276 5301 371 5353 καὶ
403 5298 534 5352 Θεὸν
557 5299 709 5369 ἡμῶν
734 5297 1006 5367 σαρκικῶς
1036 5297 1188 5365 χερσὶ
1221 5295 1445 5348 δικαίων
1493 5297 1823 5363 περιγραφό-

279 5406 458 5460 μενον.
493 5391 582 5441 καὶ
606 5387 746 5458 ζωὴν
777 5387 1128 5458 ἀτελεύτητον
1157 5387 1274 5438 ἀντὶ
1312 5386 1478 5454 βαῒων
1520 5385 1826 5454 φιλοτιμού-

279 5496 459 5547 μενον.
505 5479 610 5530 Kal
649 5478 787 5530 κατὰ
819 5477 915 5546 μὲν
962 5476 1059 5543 τὴν
1094 5478 1433 5546 χαρμόσυνον
1481 5475 1821 5542 κυριώνυμον

276 5569 370 5634 τῆς
424 5568 530 5618 τῶν
587 5567 752 5635 βαῖων
810 5567 1007 5633 σεπτῆς
1056 5565 1431 5633 πανηγύρεως,
1510 5564 1674 5631 κηρία
1732 5564 1825 5614 καὶ

275 5655 539 5724 σταυροὺς
566 5656 926 5721 λαμϐάνοντες
953 5657 1000 5705 oi
1022 5655 1159 5713 λαοὶ,
1192 5655 1286 5722 τὴν
1315 5653 1453 5705 κατὰ
1473 5651 1562 5704 τοῦ
1593 5651 1821 5704 θανάτου

277 5746 430 5811 νίκην
461 5746 665 5806 ἑαυτοῖς
702 5745 1217 5813 προμνηστεύονται,
1250 5745 1338 5795 καὶ
1371 5745 1441 5804 ὡς
1468 5743 1692 5809 ἀστέρες
1725 5759 1820 5792 κα-

1927 4584 2160 4644 nullutn,
2189 4583 2293 4637 nisi
2316 4584 2437 4652 quis
2461 4581 2639 4637 dicere
2656 4584 2781 4637 velit
2801 4583 2983 4638 Jesum
3008 4583 3276 4636 Christum
3303 4581 3468 4636 Deum

1927 4682 2190 4732 nostrum,
2225 4672 2317 4740 qui
2351 4687 2446 4740 per
2481 4687 2698 4726 crucem
2727 4673 2881 4727 nobis
2904 4673 3127 4726 salutem
3158 4672 3467 4740 acquisivit.

1927 4761 1984 4814 Et
2019 4763 2272 4826 quoniam
2327 4778 2502 4828 regem
2539 4763 2830 4816 multorum
2857 4761 3228 4814 dominatuum
3269 4765 3471 4816 satelli-

1928 4853 2003 4905 tio
2044 4856 2300 4920 stipatum
2336 4853 2457 4907 sine
2488 4853 2689 4915 medio,
2743 4853 2824 4905 vel
2880 4866 3002 4904 cum
3058 4859 3197 4904 statu
3255 4851 3473 4905 sordido

1927 4957 2034 4995 nou
2069 4942 2190 4995 licet
2222 4943 2468 5005 excipere
2497 4959 2510 5005 ;
2541 4939 2692 4993 Nunc
2743 4941 2980 5008 quidem,
3029 4941 3200 5007 inquit
3251 4957 3472 5008 magnus

1929 5032 2018 5084 ille
2064 5029 2324 5098 pontifex,
2350 5031 2489 5082 inter
2525 5029 2708 5096 pedem
2730 5029 3067 5083 conferentes
3094 5029 3467 5088 numeremiui,

1929 5120 2268 5172 funditorum
2299 5117 2490 5171 ordine
2518 5119 2823 5183 consistite,
2857 5133 2978 5171 cum
3015 5117 3308 5186 sagittariis
3351 5132 3469 5184 per-

1927 5209 2056 5275 gite,
2087 5222 2210 5259 cum
2260 5207 2598 5276 gestantibus
2633 5215 2832 5276 tropaea
2863 5207 3217 5274 procumbite.
3271 5204 3468 5259 Verum

1927 5305 2050 5367 post
2079 5298 2332 5367 exiguum
2362 5297 2622 5366 temporis
2643 5297 2979 5352 intervallum
3005 5296 3116 5364 ipsa
3145 5296 3286 5364 regia
3318 5296 3469 5349 vobis

1926 5388 2215 5453 aperietur,
2251 5401 2311 5439 ac
2343 5386 2588 5440 videbitis
2613 5387 2735 5440 ειεῐί
2760 5394 3020 5453 terraeque
3058 5384 3275 5454 Regem,
3308 5385 3470 5439 nullis

1925 5477 2396 5545 circumscriptum
2429 5477 2673 5529 terminis
2705 5475 2986 5529 Dominum
3030 5475 3303 5543 Deumque
3345 5490 3471 5526 nos-

1927 5577 2068 5619 trum
2113 5566 2401 5619 carnaliter
2435 5566 2706 5633 justorum
2761 5565 3011 5618 manibus
3068 5565 3464 5624 circumscrib‘,

1927 5657 2199 5723 vitamque
2231 5654 2379 5708 vobis
2413 5655 2516 5708 fine
2550 5653 3087 5707 eareutembaiorum
3117 5652 3234 5704 loco
3268 5651 3467 5717 largiri.

1927 5746 1999 5796 Ac
2027 5746 2140 5795 lzrta
2173 5743 2386 5812 quidem
2416 5743 2502 5795 illa
2540 5743 2625 5796 die
2668 5741 2940 5794 Dominira
2979 5740 3295 5796 venerabilis
3321 5739 3468 5792 baioo
