4004 6522
480 446 606 513 luit

1717 449 1996 509 TUEOD.
2037 448 2127 506 ΒΛ
2140 445 2432 506 LSAMON
2442 444 2510 504 IS

3565 436 3713 500 1072

470 581 609 623 trum
636 569 968 632 testivitatis,
1006 569 1132 620 dum
1172 568 1354 636 populi
1388 582 1573 621 cereos
1603 576 1655 619 et
1678 583 1871 619 cruces
1890 567 2031 618 acei-
2060 618 2068 630 ε

2171 565 2498 631 αφωτίςουσι
2524 563 2620 632 τὴν
2641 565 2901 630 ἄναστρον
2926 568 3158 631 σφαῖραν
3186 562 3286 629 τῆς
3307 561 3700 625 ἀπογνώσεως,

492 661 643 727 piunt
671 695 687 721 ,
732 658 1014 711 victoriam
1057 657 1318 710 adversus
1346 665 1573 708 mortent
1602 656 1705 709 sibi
1740 666 1887 708 certe
1919 654 2013 707 des

500 749 833 813 pondent,ct
885 750 1060 802 instar
1110 748 1349 800 siderum
1403 745 1708 798 illuminant
1759 750 2033 810 expertem

2144 660 2178 725 ἡ
2208 659 2280 720 ὡς
2304 657 2475 710 δοῦλοι
2509 657 2682 708 πιστοὶ
2709 655 3118 725 λαμπαδηφόροι
3145 653 3246 713 τάς
3274 651 3516 722 τριόδους
3537 666 3700 718 περι-

2151 746 2431 813 ερχόμενοι
2460 781 2476 807 ,
2520 741 2612 794 τοῦ
2675 742 2905 808 νυμφίου
2952 742 3048 811 τὴν
3103 738 3363 807 ὲνδημίαν
3414 735 3702 802 καταλαμ-

494 848 762 890 :zstrurutn
834 840 1098 906 sphmram
1156 835 1595 903 desperationis;
1648 835 1728 887 vel
1786 842 2042 900 tanquam

2171 836 2430 904 ιρύνουσι,
2462 835 2556 885 καὶ
2585 833 2680 901 τὴν
2710 832 2888 899 λώϐην
2913 833 3021 882 τῶν
3053 832 3111 883 εν
3158 832 3342 882 σκότει
3366 826 3701 893 καθημένων

498 929 639 980 servi
688 928 884 989 ﬁdeles,
926 927 1016 993 qui
1040 925 1180 978 faces
1208 934 1441 993 gestant,
1475 940 1568 992 per
1600 924 1759 975 trivia
1803 922 2047 975 circurn-

494 1027 703 1079 euntes,
744 1018 1029 1070 adventum
1094 1017 1277 1084 sponsi
1345 1016 1759 1084 splendidiorem
1792 1014 2042 1073 reddunt,

496 1110 671 1174 deque
700 1110 847 1174 lepra
886 1107 1236 1160 scutariorum
1261 1107 1313 1158 in
1336 1104 1563 1173 caligine
1592 1102 1892 1157 sedentium
1913 1116 2047 1170 qua-

496 1198 541 1250 si
576 1198 931 1264 triumphant.
966 1195 1091 1248 Post
1118 1194 1260 1247 diem
1291 1209 1418 1248 vero
1450 1194 1668 1245 tertium
1710 1198 1928 1245 curator
1955 1190 2045 1243 illo

501 1286 855 1337 humanarum
914 1285 1240 1347 animarum,
1284 1282 1534 1336 videlicet
1563 1282 1682 1349 ipse
1708 1279 2043 1347 patriarcha,

2145 924 2477 992 αἱρεσιωτῶν
2507 921 2914 990 θριαμῦεύουσι.
2950 919 3102 973 Μετὰ
3133 918 3189 971 δὲ
3238 919 3431 986 τρίτην
3461 918 3701 983 ἡμέραν,

2142 1018 2170 1065 ὁ
2196 1012 2302 1064 τῶν
2331 1011 2683 1080 ἀνθρωπίνων
2715 1010 2899 1079 ψυχῶν
2942 1008 3216 1076 κηδεμὼν,
3268 1008 3297 1058 ό
3344 1007 3701 1073 πατριάρχης

2145 1102 2307 1170 φημὶ,
2330 1100 2452 1152 καθ’
2493 1100 2683 1152 ἑαυτὸν
2716 1099 2903 1166 ὥσπερ
2932 1097 3409 1163 συλλογισάμενος,
3458 1094 3532 1163 μὴ
3554 1095 3698 1162 λάθῃ

2151 1205 2241 1251 τις
2299 1189 2592 1258 ἀχρειιῖηαι
2643 1189 2737 1241 τοῦ
2786 1188 3050 1256 σωτηρίου
3095 1185 3304 1245 πάθους
3350 1184 3419 1235 τὰ
3469 1183 3705 1243 ἔπαθλα,

2149 1279 2266 1349 (καὶ
2306 1279 2427 1349 μέλι
2456 1280 2563 1349 γάρ
2588 1279 2743 1331 εῐωθε
2765 1278 3021 1339 πολλάκις
3043 1276 3138 1344 τὴν
3168 1273 3412 1343 ἡδύτητα
3441 1274 3706 1343 μετάγειν

501 1375 658 1442 quasi
722 1372 1026 1425 rationibus
1074 1386 1259 1425 secum
1318 1371 1591 1437 expensis,
1643 1383 1709 1421 ne
1742 1368 1865 1436 quis
1902 1368 2041 1421 clam

2171 1368 2227 1429 ίς
2248 1366 2457 1435 ἔμετον,
2491 1368 2538 1418 εί
2573 1365 2934 1436 μεταληφθείη
2992 1365 3143 1432 παρά
3179 1365 3237 1416 τὸ
3269 1360 3584 1432 χρήσιμον,)
3623 1359 3709 1419 ὡς

507 1466 624 1531 ipso
680 1464 934 1516 salutaris
987 1462 1253 1530 passionis
1310 1462 1530 1530 praemia
1592 1465 1785 1512 tractet
1831 1457 2049 1526 indigno

505 1553 650 1619 (nam
688 1552 863 1615 ipsum
893 1550 996 1602 mel
1025 1564 1240 1618 quoque
1289 1548 1484 1616 saepius
1511 1546 1848 1600 dulcedinem
1897 1559 2047 1597 suam

507 1641 559 1692 in
595 1640 851 1691 vomitum
890 1646 1207 1691 convertere
1234 1638 1390 1700 solet,
1422 1637 1465 1689 si
1518 1636 1675 1687 aliter
1698 1648 1858 1702 quam
1894 1648 2046 1701 expc-

508 1729 642 1787 diat,
670 1735 942 1796 sumptum
971 1727 1093 1794 sit),
1129 1727 1302 1780 instar
1336 1724 1578 1780 custodis
1606 1724 1845 1792 vigilacis
1878 1732 2055 1776 matu-

510 1818 625 1871 rius
656 1831 906 1885 surgens,
957 1818 1165 1869 incensi
1213 1815 1310 1869 dat
1356 1814 1627 1875 ﬁdelibus,
1668 1812 1913 1866 indicare
1955 1826 2052 1881 per

514 1906 627 1961 bace
659 1907 870 1967 volens,
919 1915 974 1959 et
1028 1904 1317 1959 admonere
1350 1942 1367 1969 ,
1398 1918 1464 1957 ne
1510 1902 1704 1957 festivo
1760 1915 1930 1965 more,
1961 1899 2055 1953 sed
2086 1882 2128 1938 Β

518 1995 758 2063 pugilum
792 1997 897 2047 ritu
959 1993 1212 2061 deinceps
1256 1992 1462 2045 dierum
1506 1990 1837 2044 curriculum
1885 1988 2059 2043 susci-

519 2083 685 2149 piant.
719 2079 868 2134 Lieet
896 2081 1062 2143 enim,
1086 2081 1281 2147 inquit,
1316 2080 1520 2147 absque
1544 2078 1784 2147 periculo
1804 2090 2055 2145 magnum

524 2172 653 2223 illud
686 2171 876 2239 jejuuii
910 2170 1132 2239 pelagus
1162 2184 1191 2221 a
1224 2170 1405 2222 crucis
1434 2170 1551 2222 velo
1582 2167 1849 2221 sublevati
1894 2166 2056 2233 traje-

523 2260 698 2321 cistis,
738 2268 791 2312 et
849 2259 914 2313 ad
972 2259 1212 2313 divinum
1244 2268 1455 2328 portum
1510 2264 1823 2311 sanctorum
1856 2255 2058 2309 Christi

529 2350 725 2416 Deique
764 2348 937 2401 nostri
972 2349 1269 2401 cruciatum
1313 2346 1635 2416 appulistis:
1673 2356 1852 2399 tamen
1888 2345 2058 2398 instar

528 2438 675 2491 illius
704 2436 986 2505 prudentis
1014 2436 1386 2506 negotiatoris,
1435 2435 1864 2489 inastimabilem
1912 2433 2059 2486 illum

529 2528 780 2580 unionem
805 2527 1080 2580 consecuti
1103 2540 1210 2579 non
1236 2527 1387 2579 estis.
1411 2525 1601 2577 Adhuc
1623 2524 1767 2577 enim
1786 2524 2062 2591 praedones

528 2630 589 2667 ac
621 2615 856 2667 latrones
883 2614 1122 2667 studiose
1153 2612 1371 2666 domino
1400 2627 1493 2678 per
1527 2611 1777 2665 tenebras
1799 2611 2062 2665 insidian-

531 2711 639 2766 tur,
670 2710 722 2756 et
770 2702 871 2756 reti
909 2699 1142 2770 quodam
1204 2700 1475 2754 homicidii
1515 2709 1765 2765 consuto,
1818 2700 2064 2769 capiendi

529 2791 644 2857 ejus
680 2792 1017 2845 occasionem
1070 2798 1335 2858 quaerunt.
1384 2789 1555 2859 Igitur
1607 2789 1767 2843 etiam
1809 2789 2063 2859 deinceps

530 2883 835 2951 vigilemus,
870 2890 1067 2934 etcum
1088 2880 1286 2934 ludatis
1315 2882 1569 2936 excubias
1597 2881 1876 2948 agentibus
1908 2895 2068 2935 excu-

536 2974 741 3025 bemus.
780 2970 883 3039 Ipsi
909 2970 1126 3039 quidem
1157 2966 1208 3023 in
1246 2970 1481 3025 tenebris
1514 2985 1608 3039 per
1630 2985 1776 3025 mare
1802 2970 2070 3041 vagabun-

537 3066 645 3119 tur,
680 3058 954 3112 incassum
980 3058 1114 3111 retia
1148 3057 1421 3110 laxantes:
1465 3070 1565 3110 nos
1611 3067 1789 3112 autem
1827 3058 2065 3111 ambule-

2155 1457 2427 1525 ἄγρυπνος
2456 1457 2627 1523 φύλαξ
2656 1456 2890 1517 ἀναστάς
2914 1454 3313 1525 όρθριαίτερον,
3355 1453 3539 1505 δίδωσι
3587 1454 3709 1511 τοῖς

2150 1548 2360 1608 πιστοῖς
2392 1547 2728 1614 θυμιάματα,
2757 1544 2963 1612 ὁμιλῶν
2996 1540 3107 1595 οἷον
3147 1544 3235 1595 δια
3262 1542 3472 1595 τούτων
3493 1542 3708 1601 αὐτοῖς,

2152 1636 2246 1689 καὶ
2283 1636 2688 1704 ὐποτιθάμενος,
2744 1633 2818 1702 μὴ
2867 1632 3279 1701 πανηγυρικῶς,
3326 1628 3465 1682 ἀλλά
3513 1631 3713 1696 ἀγωνιο

2154 1726 2354 1787 στικῶς
2383 1725 2492 1778 τῶν
2522 1724 2716 1793 ἐφεξῆς
2747 1722 2911 1790 τριῶν
2948 1721 3169 1792 ἡμερῶν
3208 1720 3269 1772 τὸ
3312 1718 3528 1772 στάδιον
3570 1720 3710 1771 ἀνα⁴

2153 1816 2425 1878 δέξασθαι.
2472 1813 2586 1867 Κάν
2632 1815 2741 1881 γὰρ
2794 1813 3112 1874 ἀκινδύνως.
3140 1812 3293 1879 φησὶ,
3325 1811 3387 1863 τὸ
3437 1808 3578 1878 μέγα
3604 1807 3712 1871 τῆς

2154 1906 2403 1975 νηστείας
2460 1902 2890 1973 διεπεραιώθητε
2948 1901 3181 1969 πέλαγος
3240 1898 3319 1968 τῷ
3395 1898 3548 1966 ἱστίῳ
3613 1895 3713 1948 τοῦ

2158 1993 2386 2063 σταυροῦ
2430 1993 2832 2062 κουφιζόμενοι,
2899 1991 2992 2043 καὶ
3042 1991 3192 2059 παρά
3235 1988 3315 2057 τῷ
3340 1988 3469 2054 θείῳ
3526 1984 3711 2053 λιμένι

2157 2084 2265 2137 τῶν
2295 2083 2462 2149 ἁγίων
2489 2082 2675 2135 παθῶν
2704 2080 2796 2134 τοῦ
2830 2075 3068 2150 Χριστοῦ
3101 2080 3195 2131 καὶ
3220 2076 3356 2129 Θεοῦ
3392 2075 3548 2143 ἡμῶν
3576 2088 3714 2124 κατε-

2163 2174 2463 2241 ηντὴσατε,
2519 2170 2652 2225 ἀλλά
2703 2170 2793 2223 τὸν
2858 2170 3121 2239 ἀτίμητον
3193 2167 3293 2220 οὐκ
3342 2165 3714 2231 ἐπλουτήσατε

2164 2266 2465 2333 μάργαρον,
2513 2264 2589 2327 ὡς
2641 2265 2846 2327 ἐκεῖνος
2888 2265 2917 2317 ό
2952 2263 3213 2331 φρόνιμος
3267 2260 3532 2328 ἔμπορος.
3589 2254 3717 2307 Ἔτι

2160 2354 2265 2422 γάρ
2294 2353 2537 2423 ἀρπαγες
2570 2354 2664 2405 καὶ
2687 2352 2882 2421 λῃσταὶ
2907 2350 3210 2412 σπουδαίως
3239 2346 3596 2417 ἐρεϐοδιφῶσι
3622 2343 3717 2396 τὸν

2161 2442 2385 2510 Κύριον,
2418 2444 2510 2496 καὶ
2541 2444 2781 2509 σαγήνην
2816 2442 3125 2511 μιαιφονίας
3155 2438 3558 2509 συρράψαντες,
3596 2451 3719 2487 κατ·

2164 2531 2489 2601 ροσκοποῦσι
2512 2532 2697 2584 τούτου
2717 2531 2815 2600 τὴν
2837 2530 3059 2583 ἀλωσιν.
3079 2529 3331 2598 Γρηγορὴ
3342 2543 3524 2594 σωμεν
3536 2525 3717 2576 τοίνυν

2166 2623 2259 2675 καὶ
2287 2620 2501 2690 ἑφεξῆς,
2554 2621 2648 2673 καὶ
2704 2621 2815 2683 τοῖς
2846 2616 3215 2687 ἀγρυπνοῦσιν
3276 2614 3551 2674 Ἰουδαίοις
3590 2628 3717 2663 συν-

2167 2710 2619 2780 αγρυπνὴσωμεν.
2652 2708 2813 2761 Αὐτοὶ
2855 2707 2955 2775 μὲν
2999 2708 3107 2775 γὰρ
3150 2706 3207 2757 ὲν
3246 2703 3429 2756 σκότει
3460 2717 3721 2754 ποντοπο-

2168 2801 2409 2871 ρὴσουσι,
2463 2802 2646 2860 κεναῖς
2679 2796 2904 2859 ὠλέναις
2961 2796 3257 2863 ἀφάσοντες
3279 2793 3504 2846 δίκτυα·
3559 2794 3721 2861 ἡμεῖς

2166 2889 2211 2942 δ’
2233 2889 2289 2940 tv
2318 2885 2496 2955 ἡμέρᾳ
2522 2887 2996 2954 περιπατήσωμεν,
3027 2884 3118 2936 καὶ
3145 2882 3237 2936 τοῦ
3268 2884 3448 2950 φωτὸς
3480 2882 3548 2935 τά
3572 2882 3712 2950 ἔργα

2167 2974 2465 3045 ληψόμεθα.
2498 2975 2661 3027 Αὐτοὶ
2717 2976 2841 3036 τοὺς
2887 2974 3159 3035 σκόλοπας
3207 2972 3719 3041 ἀγκιστρεύσουσιν,

2171 3067 2335 3134 ἡμεῖς
2365 3064 2419 3116 δὲ
2446 3063 2542 3133 τὴν
2575 3063 2747 3131 ἄγραν
2775 3061 3143 3132 κερδήσωμεν.
3167 3062 3329 3113 Αὐτοὶ
3366 3062 3461 3115 τὸν
3504 3062 3720 3131 μάργα-

542 3162 661 3199 mus
694 3149 744 3200 in
775 3150 881 3209 die,
917 3163 979 3201 ac
1000 3148 1311 3217 lucisopera
1339 3148 1884 3217 consequemur:ipsi
1911 3148 2068 3202 sudes

2176 3172 2266 3226 ρον
2302 3156 2357 3205 ἐν
2383 3153 2512 3222 λίθῳ
2541 3152 2889 3220 καλύψουσιν,
2926 3154 3083 3221 ἡμεῖς
3109 3151 3163 3203 δὲ
3203 3151 3391 3203 τοῦτον
3439 3154 3496 3203 ὲν
3527 3152 3722 3219 ὀστρα-

549 3240 722 3293 Ιι.ιη)ἱε
754 3241 1106 3301 uncinabunt,
1152 3254 1250 3291 nos
1278 3238 1514 3307 praedam
1571 3239 1933 3292 lucrabimur:
1972 3239 2073 3307 ipsi

542 3332 790 3384 unionem
829 3332 881 3382 in
929 3331 1105 3397 lapide
1167 3337 1367 3396 tegent,
1406 3343 1504 3381 nos
1554 3342 1673 3381 eum
1714 3330 1767 3381 in
1825 3331 2074 3382 testaceis

540 3420 684 3472 vasis
725 3419 1096 3472 recondemus.
1132 3415 1418 3485 Postquam
1456 3418 1508 3469 in
1533 3417 1672 3470 hunc
1696 3418 1911 3471 modum
1953 3418 2075 3472 data

543 3516 668 3562 sunt
698 3508 937 3571 incensa,
1002 3517 1054 3560 et
1084 3507 1312 3576 populus
1369 3521 1579 3560 rursum
1615 3521 1803 3561 manus
1836 3523 1961 3562 suas
2010 3507 2076 3561 ad

539 3596 964 3665 :n‘jnniipelar"m
1006 3608 1264 3662 prospero
1306 3607 1471 3648 cursu
1504 3593 1723 3655 direxit,
1760 3604 2079 3663 noctemque

547 3694 857 3739 sanctorum
908 3682 1111 3735 Christi
1182 3684 1521 3734 cruciotuum
1580 3683 1771 3737 faculis
1840 3685 2078 3739 accensis

548 3774 882 3827 collustravit
921 3776 1066 3842 (nam
1120 3771 1175 3825 in
1226 3769 1314 3823 die
1365 3771 1723 3836 ambulantes,
1779 3778 1836 3825 ut
1895 3788 2078 3827 eorum

552 3877 718 3923 more,
745 3863 837 3930 qui
882 3862 1156 3915 artibulant
1190 3861 1244 3914 in
1303 3859 1558 3923 tenebris,
1592 3867 1853 3914 nocturna
1884 3860 2083 3915 faciant

552 3952 745 4005 itinera
784 3950 898 4005 fieri
929 3951 1076 4005 nullo
1095 3949 1253 4004 modo
1279 3948 1502 4019 potest):
1551 3957 1663 4002 tum
1693 3964 1816 4004 vero
1850 3965 2083 4019 sponsus

555 4041 801 4095 Ecclesiae
820 4055 1007 4095 rursus
1031 4041 1280 4093 exoriens
1303 4042 1472 4093 instar
1499 4040 1744 4092 matutini
1764 4049 1853 4093 aut
1874 4055 2084 4107 vesper-

552 4132 648 4183 tini
674 4130 905 4192 Arcturi,
946 4129 1032 4182 die
1074 4128 1250 4182 fausto
1278 4129 1450 4182 sancti
1480 4127 1759 4182 Paschalis
1810 4128 2083 4184 Dominico

558 4219 697 4272 velut
724 4218 859 4271 alter
881 4218 1094 4271 divinus
1124 4215 1297 4272 Moses
1324 4219 1446 4272 sinu
1480 4232 1577 4271 suo
1604 4216 1805 4271 Christi
1832 4220 2083 4286 populum

554 4306 777 4374 excipit,
817 4306 1077 4373 quasique
1138 4308 1519 4374 congratularis
1581 4308 1681 4370 eis,
1732 4310 1821 4376 qui
1875 4324 2084 4361 onmem

556 4393 913 4446 sceleritatcm
946 4390 1318 4461 Egyptiacam
1361 4398 1720 4458 excusserint,
1768 4405 1818 4449 et
1844 4395 2085 4451 Pharao-

2176 3243 2341 3303 κίνοις
2374 3241 2895 3309 ἀποθησαυρίσωμεν
2934 3240 3199 3292 σκεύεσιν.
3238 3240 3396 3290 Οὕτω
3429 3239 3722 3306 γινομένης

2176 3332 2267 3385 καὶ
2288 3331 2483 3399 ταύτης
2518 3332 2625 3383 τῶν
2648 3330 3002 3398 θυμιαμάτων
3030 3330 3128 3397 τῆς
3158 3330 3471 3391 διαδόσεως,
3505 3331 3596 3380 καὶ
3622 3329 3719 3381 τοῦ

2175 3418 2301 3471 λαοῦ
2328 3419 2423 3480 τὰς
2451 3420 2631 3487 χεῖρας
2665 3419 2821 3470 πάλιν
2844 3420 2934 3469 ἐπὶ
2956 3419 3015 3470 τδ
3048 3422 3143 3487 τῆς
3176 3420 3431 3485 νηστείας
3458 3417 3727 3486 οὐριοδρο-

2180 3510 2447 3577 μὴσαντος
2477 3509 2727 3573 πέλαγος,
2754 3508 2844 3559 καὶ
2875 3506 2969 3577 τὴν
2999 3508 3166 3559 νύκτα
3195 3506 3301 3558 τῶν
3336 3505 3509 3573 ἁγίων
3541 3505 3728 3558 παθῶν

2175 3598 2269 3651 τοῦ
2289 3598 2520 3667 Χριστοῦ
2551 3597 2797 3665 λαμπάσι
2830 3596 3403 3665 καταπυρσεύσαντος,
3440 3594 3586 3663 (τούς
3616 3595 3726 3662 γάρ

2178 3688 2237 3739 ὲν
2286 3687 2467 3755 ἡμέρᾳ
2512 3686 2942 3755 περιπατοῦντας
2995 3684 3343 3737 νυκτοδατεῖν
3403 3682 3549 3735 κατὰ
3601 3683 3726 3744 τοὺς

2179 3775 2587 3844 εσκοτισμένους
2616 3774 2920 3843 ἀδύνατον,)
2952 3776 2979 3827 ό
3005 3774 3101 3842 τῆς
3147 3773 3477 3842 Ἐκκλησίας
3498 3772 3728 3841 νυμφίος

2180 3864 2461 3925 ἀνατείλας
2491 3864 2582 3916 καὶ
2604 3862 2785 3927 πάλιν,
2812 3864 2957 3918 καθά
2983 3880 3064 3925 τις
3085 3863 3234 3931 είπῃ,
3263 3862 3395 3928 ἑῷος
3426 3863 3725 3931 ἀρκτοῦρος

2180 3956 2273 4008 καὶ
2290 3953 2697 4024 ἀκροκνέφαιος,
2718 3953 2857 4007 κατά
2877 3954 2975 4021 τὴν
2999 3952 3227 4021 φαιδρὰν
3242 3951 3335 4004 τοῦ
3360 3950 3516 4019 ἀγίου
3538 3952 3728 4020 Πάσχα

2182 4046 2390 4113 ἡμέραν
2415 4042 2511 4113 τὴν
2543 4043 2879 4112 κυριὼνυμον
2908 4044 2981 4105 ὼς
3015 4042 3170 4106 ἀλλος
3195 4042 3486 4105 θεσπέσιος
3518 4044 3725 4111 Μωσῆς

2182 4134 2270 4187 τὸν
2296 4133 2388 4185 τοῦ
2423 4133 2657 4202 Χριστοῦ
2692 4132 2817 4185 λαὸν
2840 4132 3242 4197 ὲγκολπίζεται.
3271 4134 3382 4186 Καὶ
3416 4134 3732 4201 συγχαίρων

2184 4216 2292 4274 οἷον
2327 4222 2526 4284 αὐτοῖς,
2580 4222 2757 4273 πᾶσαν
2807 4222 3182 4291 Αἰγυπτιακὴν
3243 4222 3731 4291 ἀποτιναξαμὲνοις

2186 4313 2458 4378 κακότητα
2479 4312 2570 4363 καὶ
2588 4311 2784 4379 Φαραὼ
2802 4311 3033 4380 διώκτην
3057 4312 3489 4364 καταποντίσασι
3510 4329 3523 4340 ·
3544 4311 3731 4371 Δεῦτε,

2189 4404 2373 4468 φησιν,
2408 4402 2542 4454 ίδετε
2572 4402 2669 4469 τῆς
2694 4400 2998 4470 ὀρθοδοξίας
3036 4402 3085 4453 οι
3148 4401 3399 4470 ἔμποροι,
3439 4402 3489 4452 οἱ
3523 4401 3581 4453 τὸ
3628 4401 3729 4468 τῆς

559 4495 675 4531 neut
740 4489 1138 4547 persecutorem
1196 4481 1330 4533 mari
1397 4484 1785 4536 submerserint
1824 4486 2062 4537 :Adeste

2190 4492 2439 4557 νηστείας
2477 4490 2770 4551 ἀκινδύνως
2826 4492 3157 4557 περάσαντες
3221 4490 3477 4557 πέλαγος.
3530 4490 3630 4542 ποῦ
3674 4491 3735 4541 ea

554 4570 747 4636 inquit,
783 4571 1004 4638 aspicite
1026 4585 1122 4622 vos
1142 4578 1460 4624 mercatores
1481 4571 1787 4625 orthodoxa:
1810 4573 2087 4638 doctrinm,

554 4658 646 4720 qui
706 4659 841 4708 citra
901 4657 1200 4725 periculum
1259 4658 1477 4725 pelagus
1529 4657 1715 4724 ieiunii
1774 4659 2083 4726 traiecistis,

558 4758 790 4811 quonam
824 4744 1038 4797 invidiae
1067 4743 1262 4798 (luctus
1284 4745 1405 4798 vita:
1426 4745 1738 4799 thesaurum
1767 4746 2084 4815 iactaverit:

555 4827 770 4879 ubinam
802 4826 1100 4881 insomnem
1158 4829 1309 4882 illum
1356 4829 1610 4885 unionem
1662 4833 1893 4888 turbinis
1920 4844 2088 4890 aestus

556 4914 843 4982 abreptum
874 4915 930 4968 in
995 4915 1264 4983 sepulcro,
1290 4924 1541 4983 tanquam
1564 4919 1615 4970 in
1642 4926 1838 4981 ostreo,
1864 4922 2085 4976 celave-

560 5004 650 5054 rit.
704 5003 949 5073 Cumque
996 5004 1242 5057 videritis
1264 5004 1469 5058 saniem
1538 5007 1589 5057 vi
1644 5005 1869 5076 fulguris
1919 5011 2086 5065 divini

558 5102 904 5154 commotam,
932 5103 986 5146 et
1013 5094 1267 5147 unionem
1289 5093 1503 5160 propria
1536 5105 1800 5162 potestate
1818 5100 2086 5165 prodeun-

562 5194 689 5242 tem,
724 5195 785 5232 ae
813 5185 1112 5249 expositum
1145 5183 1479 5251 emptoribus
1499 5187 1631 5236 citra
1658 5188 1823 5238 ullum
1839 5189 2084 5255 pretium;

562 5270 790 5336 accipite
818 5286 937 5323 eum
975 5272 1233 5339 vobisque
1282 5272 1607 5339 peculiarem
1646 5274 1822 5338 facite,
1860 5291 1919 5329 ac
1971 5280 2088 5330 vita:

558 5367 776 5411 aeterna:
814 5360 1125 5411 thesaurum
1174 5358 1573 5428 vobistnetipsis
1630 5362 1905 5428 acquirite.
1961 5361 2091 5415 For-

560 5450 725 5502 tassis
773 5451 931 5503 etiam
996 5464 1143 5505 more
1192 5451 1361 5519 patris
1418 5451 1646 5507 liberum
1696 5454 1945 5514 amantis,
1999 5455 2087 5520 qui

2195 4580 2333 4645 μέγα
2359 4578 2506 4646 κῦμα
2527 4577 2618 4629 τοῦ
2651 4579 2842 4643 φθόνου
2876 4578 2965 4629 τὸν
2994 4578 3091 4645 τῆς
3137 4578 3279 4644 ζωῆς
3312 4576 3584 4647 θησαυρὸν
3619 4576 3731 4629 ἀπ-

2193 4665 2405 4717 εκύλισε
2427 4680 2439 4694 ·
2478 4664 2578 4717 ποῦ
2616 4664 2705 4716 τὸν
2738 4665 3035 4733 ἀκοίμητον
3083 4664 3366 4733 μάργαρον
3398 4663 3736 4733 εύροκλύδων

2191 4753 2492 4821 τυφωνικὸς
2520 4752 2595 4814 ὡς
2624 4756 2681 4805 ὲν
2728 4754 2932 4822 ὀστρέῳ
2967 4753 3043 4822 τῷ
3084 4755 3235 4820 τάφῳ
3261 4754 3594 4822 κατέκρυψε.
3625 4755 3735 4807 Καὶ

2196 4842 2392 4904 ἰδόντες
2417 4841 2478 4893 τδ
2507 4841 2603 4911 μὲν
2628 4842 2848 4911 ἔλυτρον
2885 4842 3277 4910 μετασαλευθὲν
3302 4842 3530 4909 δυνάμει
3550 4840 3736 4907 θεῖκῆς

2196 4929 2500 4998 ἀστραπῆς,
2540 4930 2629 4981 τὸν
2660 4929 2715 4981 δὲ
2762 4929 3040 4998 μάργαρον
3076 4928 3433 4992 αὐτεξουσίως
3463 4928 3740 4993 ἐξανατεί-

2192 5016 2493 5082 λαντα,καλ
2519 5019 2595 5079 είς
2634 5018 2901 5086 εμπορίαν
2941 5019 3298 5088 προκείμενον
3339 5018 3737 5087 ἀπραγματεύ-

2191 5121 2301 5165 τον,
2350 5103 2541 5157 λάϐετε
2586 5105 2769 5159 τοῦτον
2819 5105 2909 5157 καὶ
2962 5104 3272 5158 ίδιώσασθαι
3320 5105 3401 5169 ⁸⁸,
3455 5107 3550 5157 καὶ
3595 5104 3738 5172 ζωὴν

2199 5192 2413 5244 αἰώνιον
2443 5195 2649 5255 ἑαυτοῖς
2685 5194 3174 5264 ἀποθησαυρίσατε.
3213 5194 3365 5262 Τάχα
3389 5192 3445 5246 δι
3478 5193 3569 5246 καὶ
3599 5190 3739 5244 κατά

2197 5283 2401 5348 πατέρα
2450 5282 2819 5349 φιλόστοργον,
2883 5281 2973 5335 νῦν
3022 5281 3247 5349 πρώτως
3312 5281 3489 5333 ίδόντα
3543 5282 3734 5339 παῖδας

2196 5370 2495 5435 ἀμύμονας,
2527 5370 2633 5421 ἀπὸ
2669 5372 2879 5439 μακρᾶς
2907 5372 2997 5423 καὶ
3038 5369 3384 5431 κινδυνὼδους
3432 5368 3738 5437 ἀποδημίας

2198 5456 2446 5517 actaeo,—
2486 5458 2904 5527 ἒνδημὴσαντας,
2954 5460 3010 5509 ὲν
3040 5459 3302 5528 φιλὴματι
3337 5462 3477 5529 ἀγίῳ
3510 5475 3740 5528 περιχα-

1778 5646 2004 5699 VARUE
2046 5648 2430 5702 LECTIONES.

632 5736 674 5767 ³⁸
716 5736 1010 5788 ἰδιώσασοε.
