4004 6452
247 373 386 442 1073

1683 375 2086 439 ΜΕΙΠἸἈΤΑ.

3323 365 3456 430 1074

260 505 372 576 ρῶς
401 503 826 568 κατασπάζεται,
857 507 949 561 καὶ
980 506 1195 573 ἀνοίξας
1219 508 1345 571 τοὺς
1372 504 1676 577 θησαυροὺς
1705 506 1800 574 τῆς

1917 517 2011 562 iam
2045 499 2280 568 primtnn
2304 495 2443 550 filios
2474 494 2617 548 videt
2645 506 2711 547 ex
2756 491 3007 560 loginqua
3036 501 3094 544 et
3147 489 3450 558 periculosa

257 597 507 665 εὐλογίας
538 597 721 659 αὑτοῦ,
753 597 1040 662 δεξιοῦνται
1070 597 1289 661 τούτους
1319 599 1665 669 νομίσμασιν,
1694 597 1803 649 ὀλίο

254 701 377 753 γοις
434 687 532 756 μὲν
596 687 737 738 κατά
765 686 826 738 τὺ
881 688 1466 756 φαινόμενον,“πολλοίς
1491 688 1548 741 δὲ
1572 686 1709 739 κατὰ
1745 685 1806 736 τὺ

256 775 566 843 νοούμενον.
602 775 847 845 Ἀφορῶν
879 775 985 844 γὰρ
1019 777 1099 838 είς
1120 776 1212 828 τὸν
1238 777 1341 844 ’τῆς
1380 776 1614 836 πίστεως
1639 775 1807 843 ἀρχη-

254 864 352 929 γδν
378 863 473 916 καὶ
493 863 778 933 τελειωτὴν
814 863 1015 931 Ἰησοῦν
1038 864 1270 932 Χριστὸν
1293 864 1384 917 τὸν
1412 863 1658 933 ἀληθινὸν
1676 862 1808 914 Θεὸν

255 951 434 1019 ἡμῶν,
465 951 896 1022 ἀρῤασωνίζεται
917 952 1003 1004 δια
1029 951 1234 1005 τούτων
1259 953 1442 1015 αὐτοῖς
1475 952 1569 1005 καὶ
1595 951 1690 1021 τὴν
1714 947 1808 1003 τοῦ

257 1040 417 1104 ἁγίου
453 1039 764 1108 Πνεύματος
802 1040 1166 1111 ὲπιφοίτησιν.

255 1131 559 1197 Christum,
615 1147 804 1186 verum
859 1132 1010 1187 illum
1083 1134 1252 1190 Deum
1322 1145 1606 1199 nostrum;
1658 1135 1804 1190 velut

258 1218 502 1290 Spiritus
562 1232 790 1278 sanctus
820 1239 985 1293 super
1031 1239 1127 1280 eos
1157 1227 1358 1281 veniat.

324 1309 512 1365 Ταῦτα
548 1313 706 1381 ἡμεῖς
737 1315 812 1377 ὡς
837 1315 1211 1384 ἀρχιτέκτονες
1239 1318 1494 1386 γέροντες
1521 1315 1805 1384 γεγράφα-

257 1402 360 1468 μέν
390 1419 495 1466 σοι,
521 1403 820 1470 σοφώτατε,
855 1404 948 1457 καὶ
979 1404 1333 1474 ὑπεδείξαμεν
1388 1421 1470 1457 σοι
1517 1403 1808 1471 ἀπολογίας

256 1493 531 1563 θεμέλιον.
559 1495 630 1547 Σὺ
660 1495 718 1547 δὲ
749 1494 824 1558 ὡς
851 1493 1006 1556 ἄλλος
1038 1495 1323 1567 Βεσελεὴλ,
1359 1497 1810 1565 ἐποικοδομήσας

253 1584 317 1637 τὸ
338 1584 556 1650 ἀληθές.
582 1585 842 1654 Θεμέλιον
863 1586 970 1655 γὰρ
1000 1587 1154 1640 ἄλλον
1181 1586 1376 1652 οὐδεὶς,
1405 1586 1560 1656 φησὶ,
1586 1586 1809 1639 δύναται

254 1672 434 1726 θεῖναι
465 1676 616 1744 παρὰ
660 1675 748 1727 τὸν
800 1676 1067 1745 κείμενον,
1139 1677 1347 1746 Ἰησοῦν
1397 1679 1651 1748 Χριστὸν,
1685 1671 1730 1744 ᾧ
1775 1679 1810 1749 ἡ

252 1762 383 1829 δόξα
413 1764 507 1815 καὶ
543 1764 606 1817 τὸ
632 1765 828 1834 κράτος
859 1766 939 1828 είς
970 1765 1098 1829 τοὺς
1139 1767 1361 1830 αίῶνας.
1407 1769 1599 1840 ’Δμήν.

807 1967 943 2022 τΟΥ
997 1970 1230 2024 ΑΥΤΟΥ

253 2075 511 2142 Μελέτη.
554 2076 727 2145 χάριν
773 2076 883 2144 τῆς
939 2081 1024 2142 είς
1079 2080 1220 2144 τοὺς
1262 2081 1459 2144 θείους
1485 2079 1669 2145 ναοὺς
1694 2079 1811 2133 τῶν·

325 2147 741 2223 paruampr
829 2146 1148 2223 Ttropérnc
1221 2148 1648 2216 μετακλήσεως
1712 2149 1811 2202 διὰ

329 2214 748 2280 σημαντηρίων
782 2214 975 2282 τριῶν.

331 2302 550 2356 Βλέπων
581 2304 974 2373 ἀπειροκάλους
1020 2304 1193 2366 τινὰς,
1225 2305 1320 2358 καὶ
1357 2307 1492 2376 πρὸς
1524 2307 1687 2375 μηδὲν
1717 2309 1808 2360 εὐ-

262 2391 586 2462 καιροῦντας
613 2395 907 2462 ἑπωφελὲς,
940 2393 1053 2446 ἀλλ’
1081 2395 1114 2464 ἢ
1150 2395 1327 2461 λέγειν
1357 2413 1409 2447 τι
1458 2400 1550 2448 καὶ
1593 2395 1812 2450 ἀκούειν

257 2481 591 2551 καινότερον,
644 2483 878 2551 ματαίαν
916 2483 1320 2545 ἀποκαλοῦντας
1376 2485 1468 2536 καὶ
1523 2485 1814 2538 σκανδαλο-

257 2572 414 2625 ποιδν
442 2572 539 2641 τὴν
589 2572 674 2624 διὰ
723 2573 1105 2641 σημαντηρίων
1135 2573 1300 2640 τριῶν
1357 2575 1436 2636 είς
1483 2577 1608 2637 τοὺς
1653 2576 1811 2636 ναοὺς

259 2663 553 2733 γινομένην
583 2663 689 2715 τῶν
715 2662 1054 2732 μοναζόντων
1116 2664 1469 2732 μετάκλησιν,
1506 2665 1667 2735 χάριν
1711 2664 1813 2732 τῆς

257 2752 371 2805 τῶν
393 2753 550 2805 θείων
567 2753 879 2820 δοξολογιῶν
905 2754 1237 2824 ἀκροάσεως·
1259 2754 1481 2825 (Ἤρκει
1503 2756 1632 2822 γὰρ,
1659 2757 1810 2824 φησι,

256 2839 328 2891 δι’
380 2841 499 2902 ἑνὸς
559 2841 754 2901 αὐτοὺς
802 2840 1272 2907 μεταστέλλεσθαι,
1306 2842 1401 2893 καὶ
1459 2843 1534 2911 μὴ
1572 2843 1813 2909 γίνεσθαι

1907 587 2342 659 peregrinatione
2391 583 2610 637 domum
2698 580 2894 634 illzesos
2948 579 3259 640 redeuntes,
3307 577 3457 631 heta-

1909 680 2127 735 bundus
2157 690 2252 730 eos
2311 689 2434 728 cum
2465 672 2654 724 osculo
2687 679 2876 724 saneto
2912 668 3132 730 salutat,
3170 673 3223 720 et
3252 665 3456 735 apertis

1914 767 2193 823 thesauris
2222 761 2618 820 benedictionis
2652 774 2786 824 suae,
2812 756 3153 811 numismatis
3184 769 3278 809 eos
3311 754 3459 808 exci-

1911 861 2008 930 pit,
2044 857 2255 924 exiguis
2303 853 2519 923 quidem
2551 851 2658 906 illis
2689 850 2745 903 in
2797 848 3065 916 speciem;
3118 845 3214 900 sed
3241 844 3450 914 magnis

1914 951 2034 1020 ejus
2065 949 2303 1008 ratione,
2344 942 2490 1014 quod
2523 938 2864 1008 intelligitur.
2911 937 3120 1005 Quippe
3167 933 3461 1004 respiciens

1914 1041 1969 1093 in
2041 1045 2320 1090 auctorem
2401 1041 2456 1087 et
2519 1034 3013 1085 consummatorem
3075 1025 3222 1086 lidei.
3278 1024 3462 1080 Jesum

1891 1133 2054 1186 arrha
2104 1132 2228 1186 data
2281 1141 2377 1198 per
2427 1126 2540 1180 hac
2591 1124 2672 1178 eis
2741 1120 3028 1191 pollicetur
3090 1117 3351 1185 futurum,
3404 1122 3466 1174 ut

1985 1309 2109 1364 Haec
2134 1322 2235 1363 nos
2287 1307 2453 1361 veluti
2506 1302 2882 1375 provectiores
2915 1297 3199 1354 architecti
3244 1296 3466 1368 scripsi-

1914 1416 2036 1454 mus
2061 1400 2180 1463 tibi,
2211 1399 2295 1452 vir
2324 1396 2712 1456 eruditissime,
2750 1407 2814 1448 ac
2869 1391 3276 1445 fundamentum
3309 1389 3468 1444 satis-

1916 1490 2172 1545 factionis
2210 1489 2365 1558 quasi
2402 1488 2572 1556 digito
2601 1482 3174 1540 commonstravimus.
3204 1478 3282 1532 Tu
3318 1480 3467 1532 velut

1917 1579 2051 1633 alter
2085 1578 2349 1642 Beseleel,
2383 1591 2571 1631 verum
2603 1585 2974 1643 superstrues.
3011 1569 3222 1637 Quippe
3265 1567 3464 1621 funda-

1916 1677 2159 1724 mentum
2188 1667 2358 1732 aliud,
2391 1675 2450 1720 ιιι
2476 1666 2567 1719 ille
2595 1662 2795 1731 inquit,
2831 1675 2986 1714 nemo
3048 1673 3248 1730 ponere
3295 1664 3468 1726 potest

1915 1770 2110 1832 praeter
2135 1759 2210 1821 id.
2235 1757 2386 1827 quod
2407 1755 2652 1824 positum
2684 1761 2788 1816 est,
2809 1750 2994 1806 Jesum
3027 1751 3233 1805 scilicet
3274 1747 3466 1801 Chrisn

1914 1859 2030 1906 tum
2053 1888 2068 1916 ,
2100 1848 2191 1903 cui
2221 1847 2392 1919 gloria
2418 1853 2474 1900 et
2504 1843 2789 1912 imperium
2825 1841 2876 1894 in
2903 1841 3331 1896 saecula..Amen.

2539 1952 2852 2010 EIUSDEM

1978 2071 2317 2135 Heditatum,
2364 2068 2428 2122 de
2457 2067 2844 2125 convocatinne.
2878 2079 2991 2135 qua:
3055 2062 3122 2135 ﬁt
3168 2065 3238 2114 ad
3286 2073 3465 2113 sacras

2184 2133 2618 2192 monasteriorum
2647 2136 2904 2203 παρῃρη-
2920 2134 3023 2184 tria
3053 2133 3219 2199 signa.

1978 2295 2250 2364 Quoniam
2279 2292 2436 2347 video
2466 2290 2730 2358 quosdam
2759 2285 3063 2355 imperitos.
3088 2293 3138 2338 et
3165 2283 3378 2339 nullam
3400 2285 3463 2337 ad

1910 2402 2027 2442 rem
2065 2386 2256 2439 utilem
2295 2383 2542 2444 idoneos,
2569 2392 2732 2448 quam
2774 2384 2836 2429 ut
2884 2373 3085 2444 aliquid
3140 2375 3261 2427 novi
3285 2373 3469 2428 dicant

1917 2486 1968 2529 et
1994 2476 2218 2528 audiant
2247 2473 2470 2529 stultam
2506 2485 2570 2524 ac
2603 2465 2843 2524 scandali
2870 2465 3077 2533 plenam
3111 2478 3307 2517 vocare
3338 2477 3465 2517 con-

1913 2566 2255 2618 vocationem
2320 2560 2708 2615 monachorum
2765 2555 2830 2608 ad
2897 2568 3084 2607 sacras
3133 2552 3296 2617 mdes,
3350 2566 3468 2621 quae

1911 2653 2085 2708 trihus
2144 2652 2201 2705 iit
2261 2652 2454 2719 signis,
2505 2646 2894 2701 celebrationes
2947 2643 3158 2696 divinas
3213 2642 3466 2696 audiendi

1911 2757 2076 2798 causa
2129 2738 2654 2811 (Sumciebatenim,
2715 2735 2999 2802 inquiunt,
3061 2747 3168 2785 uno
3209 2731 3469 2785 duntaxat

1918 2847 2014 2887 eos
2045 2832 2203 2900 signo
2264 2825 2604 2897 congregari,
2662 2839 2762 2878 nec
2813 2822 3036 2892 praeberi
3093 2836 3311 2875 causam
3342 2821 3470 2874 sub-

259 2931 404 2982 κατὰ
434 2901 540 2982 τῶν
565 2930 734 2997 ἁγίων
777 2901 1112 3000 ’ἐκκλησιῶν
1134 2932 1227 2984 τοῦ
1259 2901 1398 2985 Θεοῦ
1439 2901 1813 3003 μυκτηρισμδν

1917 2914 2183 2979 εθιιηθιὶᾱὶ
2207 2928 2261 2974 et
2288 2915 2549 2972 irridendi
2576 2901 2910 2969 sanctas'Dei
2941 2911 3210 2966 Eeelesias
3239 2911 3471 2964 circum-

261 3022 360 3074 καὶ
386 3022 691 3091 χλευασμὸν
717 3022 864 3091 παρά
889 2999 995 3074 τῶν
1027 3023 1374 3076 κυκλούντων
1413 2999 1558 3093 ημᾶς
1581 2999 1813 3090 ἀσεϐῶν,

1918 3013 2176 3068 dantibus
2226 3024 2327 3063 nos
2362 3006 2566 3075 impiis.
2611 3011 2670 3057 ut
2697 3001 2954 3073 parubola
2988 3001 3114 3055 ﬁant
3141 2999 3280 3054 inter
3307 3015 3456 3069 pagtt

259 3112 553 3163 κάντεῦθεν
584 3113 676 3164 καὶ
694 3112 1005 3180 παραϐολὴν
1024 3113 1080 3164 ὲν
1104 3115 1214 3173 τοῖς
1243 3091 1602 3182 eumenes
1621 3113 1813 3183 θριαμ-

1923 3117 2045 3165 nos,
2115 3114 2215 3154 nec
2250 3106 2448 3152 statum
2499 3094 2859 3148 monasticam
2890 3093 3034 3144 velut
3097 3093 3149 3143 in
3203 3091 3470 3155 triumpho

261 3200 516 3252 σεύεσθαι
550 3202 610 3253 τὸ
673 3179 982 3273 μοναχικὸν,
1036 3203 1111 3265 ὼς
1139 3203 1298 3271 δῆθεν
1337 3207 1416 3266 είς
1449 3179 1576 3271 μίαν
1626 3179 1813 3256 διαλα-

1920 3191 2276 3261 spectandum
2305 3185 2574 3244 exhiberi.
2605 3183 2764 3252 quasi
2801 3181 2866 3235 ad
2899 3195 3058 3234 unam
3086 3179 3468 3232 commonitio-

260 3287 384 3342 λιάν
420 3291 493 3359 μὴ
538 3266 938 3358 εὐσυνθετοῦνο)
969 3266 1223 3360 ’παριστῶ
1267 3293 1355 3347 διά
1399 3266 1499 3361 τῆς
1538 3295 1813 3363 παρούσης

1922 3295 2045 3333 nem
2081 3293 2141 3333 se
2180 3285 2330 3329 recte
2356 3289 2462 3327 non
2489 3269 2832 3339 componat);
2854 3268 3100 3335 equidem
3139 3266 3238 3318 hoc
3268 3266 3471 3331 scripto

264 3395 367 3447 μου
398 3382 634 3447 γραφῆς,
676 3381 751 3441 ὡς
784 3379 905 3432 οὔτε
936 3381 1022 3432 διὰ
1046 3382 1142 3443 τὰς
1185 3383 1492 3450 φληναφίας
1549 3383 1657 3434 τῶν
1687 3385 1815 3433 ἀσε-

261 3467 395 3530 ϐῶν,
423 3469 545 3519 οὔτε
564 3469 650 3521 διὰ
667 3469 763 3531 τάς
785 3469 1066 3530 δυσκολίας
1087 3470 1195 3520 τῶν
1224 3471 1500 3537 μοναστῶν
1523 3471 1813 3540 ἐπενοήθη,

259 3559 350 3611 διὰ
375 3559 757 3627 σημαντηρίων
784 3558 948 3628 τριῶν
970 3559 1066 3621 τὰς
1101 3559 1254 3621 θείας
1284 3559 1589 3624 δοξολογίας
1620 3561 1816 3630 ἐπικη-

265 3647 558 3720 ρύττεσθαι
587 3665 598 3678 ο
633 3647 769 3701 ἀλλὰ
809 3648 895 3702 διά
949 3648 1102 3716 λόγον
1133 3649 1627 3718 ἀρχαιοπαοάδοτον
1654 3667 1810 3703 σπου-

262 3738 564 3791 δαιότατον.

335 3909 457 3962 Τῶν
487 3909 594 3978 γὰρ
625 3906 709 3960 ἐπ’
754 3906 1080 3976 Ἐκκλησίας
1106 3908 1699 3980 γινομὼωνήμερινῶν
1722 3919 1818 3966 καὶ

265 3998 594 4065 νυκτερινῶν
629 3997 962 4064 δοξολογιῶν,
995 3999 1131 4049 κατὰ
1156 3997 1217 4049 τὸ
1237 3998 1329 4050 τοῦ
1350 4001 1624 4069 προφήτου
1656 4003 1819 4056 Δαὸὶδ

267 4085 646 4153 Θεσπιώδημα,
677 4085 736 4134 τὸ
770 4084 924 4148 λέγον
956 4098 969 4111 ·
1017 4082 1103 4134 Ἐν
1144 4084 1368 4154 ἑσπέρᾳ,
1400 4088 1491 4138 καὶ
1539 4089 1701 4157 πρωϊ,
1725 4091 1818 4142 καὶ

269 4173 585 4245 μεσημϐρίᾳ
634 4173 982 4241 διηγήσομαι,
1035 4173 1131 4223 καὶ
1191 4174 1504 4239 ἀπαγγελῶ,
1557 4178 1650 4228 καὶ
1704 4180 1817 4229 εἰσ-

265 4263 555 4318 ακούσεται
581 4262 678 4328 τῆς
705 4262 883 4328 φωνῆς
913 4278 1010 4329 μου
1033 4263 1058 4313 ὁ
1081 4262 1304 4328 Κύριοςο
1328 4263 1434 4314 ἀπὸ
1453 4264 1558 4315 τῶν
1577 4265 1668 4317 δύο
1697 4284 1818 4319 συν-

264 4352 600 4420 τελουμένων
619 4351 920 4418 Δίαοηκῶν,
953 4351 1057 4402 ἀπὸ
1090 4355 1184 4419 τῆς
1208 4353 1350 4415 Νέας
1379 4353 1573 4424 δηλαδὴ
1606 4357 1818 4424 καὶτῆς

269 4441 531 4503 Παλαιᾶς,
564 4440 703 4491 κατὰ
742 4438 849 4488 τῶν
878 4438 1050 4503 ἁγίων
1092 4439 1184 4490 καὶ
1239 4438 1509 4509 θεοφόρων
1563 4443 1817 4512 Πατέρων

1919 3368 2306 3438 probabo,nec
2339 3374 2554 3432 propter
2607 3361 2727 3413 illas
2773 3358 3061 3424 i-npiornm
3117 3367 3310 3422 nugas.
3369 3367 3469 3405 nec

1918 3465 2149 3528 prapter
2238 3452 2629 3506 monachorum
2691 3439 3038 3499 morositates
3111 3443 3470 3510 excogitatum

1917 3562 2058 3610 esse,
2089 3552 2148 3598 ut
2198 3542 2373 3594 tribus
2403 3539 2571 3608 signis
2599 3535 3020 3606 gloriﬁcationes
3049 3532 3245 3586 divina:
3263 3533 3472 3585 denun-

1917 3637 2168 3690 tientur:
2237 3629 2330 3684 sed
2399 3635 2618 3697 propter
2649 3625 2830 3692 tuagni
2887 3621 3144 3676 momenti
3209 3620 3470 3674 rationem

1927 3720 2244 3793 quamdam,
2280 3718 2347 3772 ab
2372 3716 2612 3786 antiquis
2675 3712 2887 3770 saeculis
2921 3727 3018 3782 per
3068 3725 3261 3765 manus
3300 3709 3470 3762 tradi-

1919 3823 2055 3868 tam.

1987 3902 2196 3970 Quippe
2219 3915 2340 3954 cum
2385 3897 2475 3952 Dei
2523 3896 2938 3960 celebrationes,
2967 3907 3090 3961 qum
3125 3891 3359 3946 interdiu
3409 3899 3463 3941 et

1921 4000 2083 4046 noctu
2123 3993 2256 4044 iiunt
2307 3991 2362 4043 in
2409 3987 2669 4050 Ecclesia,
2715 3987 2885 4053 juxta
2922 3980 3138 4034 Davidis
3194 3979 3470 4046 prOphetze

1919 4081 2227 4143 oraculum,
2258 4077 2416 4144 cujus
2452 4075 2612 4127 verba
2655 4081 2820 4126 sunt:
2855 4069 3098 4136 Vesperi.
3132 4076 3185 4120 et
3219 4080 3393 4129 tuane,
3420 4073 3473 4116 et

1920 4173 1974 4226 in
2047 4170 2269 4223 meridie
2345 4164 2595 4224 narrabo.
2665 4170 2717 4215 et
2778 4159 3118 4214 renuntiabo.
3181 4171 3475 4224 vocemque

1921 4275 2093 4313 meam
2135 4257 2398 4308 Dominus
2439 4252 2620 4305 audiet
2654 4272 2664 4304 :
2699 4264 2822 4302 cum
2877 4250 3040 4316 igitur
3078 4247 3158 4300 ha:
3195 4245 3477 4312 perﬁcian-

1921 4357 2007 4399 tur
2037 4362 2101 4400 ex
2126 4345 2337 4398 duobus
2364 4340 2750 4402 Testamentis,
2776 4337 2923 4389 Novo
2949 4337 3153 4388 scilicet
3179 4349 3240 4387 ac
3273 4332 3472 4394 Veteri,

1914 4437 2066 4503 juxta
2122 4443 2436 4487 sanctorum
2489 4438 2542 4483 et
2592 4428 2848 4480 divinitus
2900 4425 3196 4479 albatorum
3253 4422 3471 4474 Patrum

267 4529 587 4598 παράδοσιν,
620 4526 826 4596 ὡρίσθη
846 4527 951 4594 πρὸ
985 4529 1201 4580 πάντων
1231 4527 1544 4592 δοξάζεσθαι
1567 4531 1656 4582 τὸν
1688 4511 1813 4583 Θεὸν

1920 4523 2261 4575 traditionem
2297 4539 2310 4572 :
2345 4527 2469 4572 ante
2491 4517 2668 4570 omnia
2699 4515 2962 4569 sancitum
2992 4521 3074 4566 est
3121 4523 3172 4564 ut
3204 4511 3471 4580 gloriﬁce-

267 4621 376 4673 ἀπὸ
401 4619 499 4685 τῆς
517 4618 661 4679 θείας
684 4618 934 4684 κιννύρας
964 4617 1052 4667 τοῦ
1075 4617 1396 4685 θεοπάτορος
1420 4617 1672 4688 (Ἂνοέξω
1692 4622 1818 4691 γὰρ,

268 4709 455 4778 φησιν,
494 4707 550 4757 ἐν
570 4706 846 4773 ψαλτηρίῳ
877 4706 935 4757 τὸ
960 4707 1251 4774 πρόϐλημά
1285 4708 1408 4778 μου)
1432 4709 1525 4758 καὶ
1561 4709 1695 4776 μετὰ
1725 4711 1821 4780 τὴν

265 4798 458 4849 τούτου
487 4793 799 4856 ἀνάπτυξιν,
822 4795 910 4845 τὸν
954 4794 1094 4846 Θεῖον
1128 4794 1432 4862 μελισσῶνα
1462 4795 1560 4863 τῆς
1599 4797 1822 4866 Ἐκκλη-

267 4888 390 4948 aia;
414 4884 851 4950 ἑξαγωνίζεσθαι,
878 4883 962 4935 διὰ
985 4883 1178 4949 κηρῐου
1208 4883 1566 4936 διδασκαλιῶν
1597 4887 1823 4952 εύαγγεο

264 4975 454 5036 λικῶν,
479 4974 572 5026 τοῦ
595 4976 814 5042 κέντρου
843 4971 1158 5038 φωτίζοντος
1179 4972 1275 5040 τὴν
1297 4975 1662 5038 σκοτόμαιναν
1684 4993 1695 5002 ·
1733 4974 1819 5026 διὰ

271 5065 488 5135 μέλιτος
501 5064 725 5129 γραφῶν
739 5061 1124 5124 ἀποστολικῶν,
1141 5060 1516 5128 γλυκαίνοντος
1531 5062 1627 5128 τῆς
1641 5064 1818 5114 οἰκου-

271 5157 438 5225 μένης
465 5154 531 5204 τὰ
552 5153 762 5220 πέρατα
789 5168 801 5180 ·
838 5153 929 5204 καὶ
963 5153 1049 5204 διὰ
1085 5152 1432 5221 μαρτυρικῶν
1465 5155 1813 5222 ἁφηγήυεων,

272 5244 687 5315 μεγαλυνουσῶν
718 5242 806 5294 τὸν
825 5243 1084 5312 ἔνσαρκον
1105 5243 1410 5310 οἰκονομίαν
1452 5241 1545 5294 τοῦ
1584 5244 1815 5311 Χριστοῦ

269 5337 364 5388 καὶ
405 5334 537 5385 Θεοῦ
572 5333 747 5400 ἡμῶν.
781 5333 870 5386 Διὸ
910 5333 1003 5384 καὶ
1036 5337 1192 5400 χάριν
1225 5334 1320 5400 μὲν
1360 5334 1468 5384 τῶν
1491 5333 1550 5396 Esi
1579 5334 1809 5400 ψαλμῶν

265 5424 361 5478 τοῦ
389 5422 729 5490 θεοπάτορος,
760 5422 853 5472 καὶ
905 5421 1126 5484 λοιπῶν,
1161 5422 1268 5472 τῶν
1301 5423 1358 5472 ὲν
1389 5426 1451 5490 τῇ
1476 5423 1697 5490 ὀρθρινῇ
1730 5425 1812 5473 δο-

269 5510 486 5579 ξολογίᾳ
531 5511 632 5578 πρὸ
661 5511 752 5562 τοῦ
784 5510 1125 5577 ἁγιοπολίτου
1157 5509 1505 5578 ψαλλομένων
1533 5512 1810 5573 ἑκαστοτε,

267 5601 493 5659 καὶταῖς
522 5598 868 5666 ψαλλομένων
901 5597 1143 5665 συνήθως
1193 5600 1250 5649 ὲν
1300 5601 1416 5659 ταῖς
1462 5599 1629 5659 Θείαις
1679 5599 1815 5665 ίερο-

271 5690 563 5740 ις).εςτίαι,’
617 5691 708 5740 καὶ
764 5689 879 5750 ταῖς
921 5690 1231 5756 ὲσπεριναῖς
1301 5691 1644 5756 προσευχαῖς,
1712 5687 1814 5758 πρὸ

1922 4620 2012 4665 tur
2041 4611 2181 4664 Deus
2213 4624 2306 4678 per
2354 4622 2562 4662 sacram
2610 4604 2828 4658 Davidis
2876 4605 3160 4665 citharam,
3200 4602 3471 4666 (Aperiam

1921 4702 2090 4765 enim,
2133 4701 2329 4764 inquit,
2367 4699 2420 4749 in
2484 4697 2738 4764 psalterio
2777 4693 3124 4762 quaestionem
3181 4691 3377 4757 meam)
3424 4699 3473 4741 στι

1924 4799 2043 4860 post
2080 4790 2493 4858 explicationem
2535 4787 2675 4853 ejus.
2727 4794 2786 4836 ut
2835 4799 3047 4837 sacrum
3095 4795 3316 4836 examen
3373 4779 3476 4831 Ec-

1921 4880 2103 4933 clesia:
2132 4887 2302 4932 semet
2328 4885 2577 4929 exerceat
2606 4889 2700 4942 per
2729 4873 3160 4940 evangelicarum
3190 4869 3472 4923 doctrina-

1926 4986 2043 5024 rum
2123 4968 2346 5029 favum,
2430 4967 2653 5020 stimulo
2725 4963 3006 5031 caliginem
3092 4960 3473 5021 illuminante;

1923 5077 2125 5132 perque
2158 5062 2260 5114 mel
2293 5059 2713 5128 apostolicorum
2743 5058 3089 5124 scriptorum.
3123 5051 3262 5120 quod
3289 5051 3471 5104 dulce-

1923 5155 2101 5206 dinem
2139 5153 2337 5204 iinibns
2386 5150 2541 5203 orbis
2583 5161 2845 5202 terrarum
2878 5144 3070 5207 oli‘ert;
3106 5157 3166 5195 ac
3218 5156 3309 5209 per
3347 5155 3469 5191 nar.

1926 5243 2164 5294 rationes
2210 5240 2441 5306 denique
2486 5237 2551 5290 de
2600 5235 2925 5304 martyribus
2959 5247 3077 5300 qua:
3127 5228 3458 5281 administro.

1923 5334 2122 5399 tionem
2174 5330 2228 5382 in
2260 5344 2422 5383 carne
2450 5328 2651 5381 Christi
2693 5325 2893 5392 Deique
2922 5321 3091 5374 nostri
3124 5318 3463 5386 atnplilieant.

1925 5420 2157 5485 Ideoque
2228 5425 2446 5486 propter
2502 5432 2590 5469 sex
2647 5415 2765 5466 illus
2829 5411 3047 5463 Davidis
3108 5409 3362 5475 psalmos,
3419 5413 3471 5457 et

1921 5510 2182 5577 reliquos,
2244 5509 2334 5576 qui
2390 5507 2611 5560 assidue
2661 5505 2714 5556 in
2771 5500 3154 5571 gloriﬁcntione
3212 5497 3470 5549 matutina

1919 5606 2186 5650 canuntur
2231 5606 2356 5648 ante
2410 5593 2831 5661 hagiopolitam;
2885 5598 2937 5640 et
2975 5595 3192 5654 propter
3220 5599 3336 5645 eos,
3377 5583 3468 5648 qui

1920 5702 2018 5754 pro
2049 5700 2193 5740 more
2247 5692 2534 5746 cautmtur,
2581 5698 2699 5734 cum
2734 5696 2821 5732 res
2866 5677 3044 5729 divina
3085 5677 3368 5744 peragitur,
3418 5683 3468 5723 et
