4004 6442
551 349 687 410 1075

1786 355 1882 413 ΤΠ
1897 355 2058 414 EOD.
2106 353 2580 415 BALSAMONIS

3624 350 3750 412 1076

547 478 599 528 in
630 474 883 543 precibus
916 473 1255 539 vespertinis,
1283 480 1408 524 ante
1440 472 1700 524 lectiones
1734 473 2086 538 apostolis-as,

2192 468 2294 518 τῶν
2323 465 2690 520 ἀποστολικῶν
2739 466 3179 534 ἀναγνωσμάτων
3229 464 3324 518 καὶ
3362 464 3750 533 ,εὖαγγελικὼν,

530 554 598 613 et
649 559 1012 628 evangelicas,
1078 569 1240 626 atque
1297 561 1458 612 etiam
1525 558 1770 613 versibus
1834 558 2092 620 inclusas,

541 659 896 704 arcessuntur
951 650 1201 705 monachi
1258 665 1352 719 per
1395 649 1607 718 signum
1659 649 1928 717 quoddam
1987 651 2096 702 exi-

543 760 729 811 guum,
765 743 1031 812 quasique
1065 741 1328 795 humilius
1379 750 1432 794 et
1471 739 1942 794 obscurius..Nam
1975 756 2094 810 qua:

544 831 721 886 Veteri
770 831 1113 886 Testamento
1149 831 1310 885 veluti
1343 845 1437 900 per
1473 831 1690 884 umbras
1733 831 2090 895 delincantur,

544 924 709 991 Iigura
769 921 1074 975 futurorum
1143 929 1317 984 erant,
1374 928 1426 974 et
1487 921 1796 975 simulacra.
1864 921 2093 990 Propter

541 1014 848 1066 uivinorum
882 1021 1058 1065 autem
1104 1010 1509 1081 Evangeliorum
1557 1013 2009 1079 prmdicationem,
2039 1023 2092 1067 et

541 1117 749 1156 sacram
789 1102 1120 1171 reliquorum
1177 1101 1242 1154 ad
1287 1111 1588 1155 conventus
1631 1102 1872 1169 publicos
1924 1103 2092 1171 perti-

541 1192 781 1244 nentium
816 1191 1076 1243 librorum
1108 1189 1413 1253 lectionem,
1447 1197 1498 1241 et
1529 1200 1746 1258 propter
1771 1191 2088 1244 universum

539 1278 857 1347 simpliciter
890 1277 1233 1347 hagiopolitze
1271 1276 1538 1341 ordinem,
1581 1293 1834 1347 magnum
1872 1282 2088 1348 signum

539 1369 815 1418 inventum
869 1373 972 1420 cst.
1009 1365 1064 1418 In
1121 1364 1430 1418 universam
1479 1365 1622 1417 enim
1676 1376 1896 1428 terram,
1923 1374 1976 1420 et
2025 1369 2089 1420 ad

539 1455 672 1508 lines
731 1455 882 1509 orbis
939 1463 1208 1509 terrarum
1252 1455 1461 1508 utilitas
1518 1471 1581 1509 cx
1636 1456 1714 1509 eis
1768 1459 2090 1524 provenicns

540 1546 856 1610 penetravit.
907 1543 1037 1610 Quae
1070 1561 1193 1600 cum
1246 1545 1320 1599 ita
1350 1547 1507 1600 modo
1530 1546 1761 1614 quodam
1793 1546 1902 1600 Deo
1939 1558 2092 1617 grato

537 1651 599 1688 ac
638 1637 890 1704 religiose
938 1646 1287 1705 peraguntur,
1341 1638 1623 1706 oportebat
1678 1638 1931 1706 populum
1981 1637 2088 1693 Do-

537 1725 666 1777 mini
707 1727 870 1778 etiam
923 1725 991 1779 de
1031 1726 1210 1779 futuro
1242 1729 1642 1781 cummouelieri
1669 1730 1895 1797 judicio,
1928 1731 2088 1798 cujus

537 1829 703 1869 causa
731 1814 785 1868 in
817 1829 989 1884 genua
1021 1815 1452 1884 procumbimus,
1486 1832 1548 1870 ac
1573 1834 1761 1885 preces
1789 1820 2084 1874 fundimus.
2119 1799 2165 1855 Β

540 1904 726 1971 Itaque
795 1912 1056 1958 statutum
1143 1914 1249 1969 est,
1325 1905 1519 1960 debere
1578 1906 1920 1962 Christianos
1995 1925 2089 1977 per

541 1992 754 2061 signum
819 1993 1083 2048 alieneum
1149 1994 1294 2049 illius
1375 1995 1550 2049 ultimi
1624 1996 1728 2050 diei
1789 1998 2086 2054 admoneri.

543 2081 813 2150 Scriptum
864 2091 948 2137 est
983 2084 1128 2139 enim
1162 2103 1175 2139 :
1203 2085 1458 2140 Ascendit
1487 2085 1626 2140 Deus
1657 2086 1709 2140 in
1746 2087 2088 2157 jubilatione,

543 2169 802 2226 Dominus
839 2173 890 2225 in
951 2188 1080 2227 voce
1108 2175 1268 2228 tubae.
1299 2173 1449 2240 Item,
1479 2177 1739 2246 Clangent
1793 2179 1962 2248 angeli
2000 2177 2090 2232 Dei

539 2259 690 2323 tuba,
743 2268 796 2312 et
843 2261 1041 2314 mortui
1087 2272 1392 2332 resurgent,
1437 2270 1490 2317 et
1525 2265 1856 2319 retribuetur
1898 2267 2093 2335 cuique

541 2346 839 2400 secundum
872 2361 1036 2418 opera
1068 2365 1187 2404 sua.
1231 2350 1384 2416 Quod
1429 2361 1608 2405 autem
1657 2353 1710 2404 in
1751 2354 2092 2422 generalibus

541 2436 752 2490 urbium
811 2438 1056 2492 ecclesiis
1099 2439 1284 2509 plebes
1339 2455 1445 2494 non
1506 2454 1876 2497 convocentur
1920 2443 2093 2496 tribus

538 2527 729 2596 signis,
776 2528 868 2581 sed
920 2545 1030 2582 uno
1061 2531 1292 2598 quodam
1335 2547 1528 2601 magno
1577 2550 1589 2583 :
1632 2548 1740 2587 non
1775 2533 1980 2587 ordinis
2006 2548 2094 2587 ec-

539 2617 828 2670 clesiastici
864 2617 1148 2673 subversio
1172 2627 1275 2675 est.
1314 2620 1657 2676 Convocatur
1685 2624 1827 2678 enim
1865 2623 2093 2691 populus

542 2708 837 2761 manuariis
868 2707 1099 2776 opiﬁciis
1130 2709 1366 2772 deditus,
1403 2711 1601 2780 quique
1630 2712 1796 2781 ligoni
1831 2720 1883 2765 ct
1913 2720 2094 2766 aratro

538 2805 712 2850 vacat.
759 2795 940 2865 itaque
989 2796 1114 2852 boni
1187 2799 1471 2855 consulere
1528 2801 1708 2868 debet,
1772 2803 1818 2857 si
1881 2803 2094 2872 publico

540 2888 754 2941 intersit
794 2887 979 2950 cmtui,
1007 2903 1129 2942 curn
1158 2891 1289 2945 Novi
1315 2891 1642 2945 Testamenti
1674 2893 1928 2948 lcetiones
1958 2895 2098 2947 reci-

539 2985 740 3031 tantur.
800 2977 877 3031 Ac
941 2978 1101 3034 nobis
1152 2979 1394 3049 quidem,
1448 2981 1542 3051 qui
1598 2997 1691 3051 per
1730 2981 1820 3036 Dei
1865 2985 2095 3054 gratiam

537 3081 819 3121 servamus
886 3070 1162 3120 immotam
1230 3084 1446 3124 omnem
1513 3071 1857 3125 traditionem
1915 3073 2094 3126 ecclc-

541 3159 836 3222 siasticam,
863 3156 1006 3210 hunc
1037 3159 1280 3211 ordinem
1335 3161 1487 3228 sequi
1534 3161 1707 3214 visum
1755 3173 1860 3216 cst.
1889 3161 2092 3217 Latinis

543 3261 687 3310 vero,
723 3246 862 3300 male
889 3263 917 3299 ιι
944 3247 1099 3300 nobis
1120 3246 1330 3311 divisis,
1365 3259 1416 3303 et
1456 3266 1684 3320 quorum
1736 3267 1831 3306 cor
1858 3252 2094 3306 obdura-

543 3350 653 3391 tum
689 3349 771 3394 est
810 3354 839 3393 a
894 3340 1116 3402 Satana,
1181 3341 1304 3395 licet
1351 3343 1402 3396 in
1451 3345 1791 3400 sermonibus
1834 3346 1954 3400 oleo
1981 3347 2092 3400 sint

539 3429 834 3494 molliores,
894 3430 999 3481 alia
1069 3432 1310 3498 quaedam
1361 3434 1696 3487 consuetudo
1759 3435 2090 3489 convocandi

542 3521 796 3586 populum
877 3533 1064 3572 sacras
1107 3521 1170 3572 ad
1222 3520 1363 3574 ardes
1406 3529 1488 3575 est
1540 3521 1756 3575 tradita.
1788 3523 1920 3577 Nam
1981 3540 2088 3579 uno

541 3611 803 3662 duntaxat
857 3615 1083 3663 utuntur
1131 3609 1310 3678 signo,
1349 3626 1610 3679 campana
1655 3615 1882 3676 scilicet,
1911 3631 2029 3684 qua:
2059 3631 2088 3668 a

541 3712 730 3766 campo
777 3699 854 3751 sic
894 3698 1116 3752 dicitur.
1172 3698 1634 3765 Quemadmodum
1678 3704 1820 3757 enim
1866 3719 2090 3772 campus

541 3786 782 3853 cujusvis
817 3789 1000 3842 itineri
1031 3790 1189 3855 citra,
1224 3791 1391 3844 ullum
1427 3793 1706 3861 expositus
1727 3803 1810 3848 est
1861 3795 2089 3864 impedi-

541 3885 800 3941 mentum,
854 3878 933 3931 sic
962 3886 1014 3930 et
1065 3879 1210 3934 illius
1236 3880 1424 3934 ahenei
1466 3883 1809 3937 tiutinnabuli
1841 3887 2088 3942 sublimis

539 3980 661 4030 vox,
713 3969 978 4020 universis
1029 3983 1251 4024 accessu
1291 3971 1465 4027 facilis
1498 3982 1658 4041 patet.
1716 3975 1791 4028 Ac
1843 3976 2089 4043 pluribus

496 4087 499 4091 λ
539 4071 667 4109 sane
692 4058 859 4124 signis
899 4057 1079 4114 Latini
1113 4070 1166 4114 et
1211 4064 1328 4116 ltali
1365 4074 1648 4133 propterea
1680 4080 1787 4118 non
1830 4067 2088 4137 indigent,

540 4151 684 4215 quod
732 4153 1075 4208 cantionibus
1111 4155 1505 4225 hagiopoliticis
1555 4174 1659 4212 non
1713 4171 1951 4226 utantur,
1997 4163 2090 4218 sed

541 4241 653 4292 sola
687 4240 901 4295 Davidis
937 4245 1158 4296 cithara.

2197 556 2329 607 ἀλλά
2357 556 2462 622 μὴν
2493 555 2584 607 καὶ
2619 553 2728 604 τῶν
2765 553 3056 622 στιχηρῶν,
3093 553 3527 621 μετακαλοῦνται
3561 553 3609 606 οἱ
3659 571 3751 622 μο-

2195 647 2348 714 ναχοὶ
2362 646 2446 697 διὰ
2474 661 2538 712 ση
2549 644 2841 712 μανττνρίου
2859 643 3074 712 μικροῦ,
3096 644 3188 697 καὶ
3217 638 3329 696 ὑῖον
3353 645 3754 713 ταπεινοτέρου,

2196 738 2289 788 καὶ
2315 734 2608 787 σκοτεινοῦ.
2641 733 2722 785 Τὰ
2758 735 2866 804 γὰρ
2885 736 2950 802 τῇ
2977 734 3188 804 Παλαιᾷ
3213 735 3462 806 Διαθήκῃ
3495 752 3753 805 σκιαγραο

2195 824 2462 894 φυόμενα,
2499 825 2666 886 τύπος
2697 822 2804 875 τῶν
2848 825 3150 892 μελλόντων
3213 821 3378 893 ἦσαν,
3433 827 3529 876 καὶ
3566 827 3755 876 εἰκονί-

2196 931 2396 980 σματα.
2436 914 2608 982 Χάριν
2635 912 2689 964 δὲ
2715 916 2810 981 τῆς
2861 912 2968 964 τῶν
3016 912 3361 980 θεοφθὸγγων
3416 914 3757 979 Εὑατγελίων

2194 1005 2601 1073 ἀνακηρύξεως,
2622 1003 2713 1055 καὶ
2733 1002 2931 1054 λοιπῶν
2952 1003 3342 1070 πανηγυρικῶν
3363 999 3584 1070 βιϐλίων
3608 1005 3753 1070 ἱερᾶς

2193 1097 2574 1164 ἀναγνώσεως,
2602 1096 2694 1149 καὶ
2726 1099 2820 1165 τῆς
2842 1096 2972 1164 ὅλης
2996 1095 3319 1157 ἀκολουθίας
3354 1096 3447 1147 τοῦ
3481 1097 3754 1163 ἀγιοπολί-

2191 1205 2282 1242 του
2308 1188 2513 1249 ἁπλῶς,
2546 1186 2605 1237 τὸ
2630 1188 2772 1256 μέγα
2807 1189 3174 1254 σημαντήριον
3191 1185 3438 1258 εὓρηται.
3457 1187 3549 1248 Ei;
3581 1189 3755 1237 πᾶσαν

2192 1279 2299 1349 γὰρ
2345 1277 2445 1346 τὴν
2501 1277 2608 1344 γῆν
2642 1277 2736 1328 καὶ
2761 1279 2839 1337 είς
2894 1279 2990 1345 τῆς
3052 1277 3378 1344 οἰκουμένης
3418 1275 3488 1326 τὰ
3549 1277 3749 1343 πέρατα

2193 1372 2225 1438 ἠ
2255 1371 2315 1421 ὲκ
2333 1369 2536 1420 τούτων
2561 1366 2772 1435 διῆλθεν
2804 1367 3060 1433 ὠφέλεια.
3095 1366 3252 1419 Οὕτω
3295 1367 3351 1418 δὲ
3409 1366 3615 1418 τούτων
3670 1383 3754 1416 τε-

2192 1459 2466 1528 λουμένων
2501 1457 2807 1527 θεαρέστως
2842 1458 2936 1510 καὶ
2968 1457 3231 1522 εὐσεϐῶς,
3267 1456 3488 1508 ἐδειτὺν
3533 1455 3623 1508 τοῦ
3647 1457 3752 1507 Κυ-

2196 1550 2308 1618 ρίου
2339 1550 2465 1602 λαὸν
2503 1548 2743 1617 καὶπερὶ
2777 1548 2873 1616 τῆς
2912 1547 3210 1620 μελλούσης
3248 1544 3756 1614 ὑπομιμνήσκεσθαι

2192 1640 2444 1707 κρίσεως,
2476 1638 2541 1689 δι’
2573 1638 2649 1708 ἢν,
2689 1637 3117 1706 γονυκλισοῦμεν
3179 1639 3274 1689 καὶ
3321 1635 3753 1706 προσευχόμεθα.

2192 1729 2512 1782 τετυπωται
2566 1728 2717 1794 γοῦν,
2773 1729 2861 1781 διὰ
2915 1728 3287 1797 σημαντηρίου
3347 1726 3576 1796 χαλκοῦ,
3634 1728 3756 1794 περὶ

2194 1820 2289 1888 τῆς
2357 1820 2672 1881 τελευταίας
2727 1820 2938 1887 ἡμέρας
2991 1819 3207 1886 ἐκείνης
3268 1818 3396 1880 τοὺς
3457 1815 3753 1887 χριστωνύ-

2195 1928 2325 1978 μους
2368 1909 2906 1980 ὑπομιμνήσκεσθαι.
2949 1908 3140 1978 ’Δνέὸη
3173 1907 3303 1975 γὰρ,
3335 1911 3522 1976 φησὶν,
3554 1910 3583 1958 ὁ
3629 1906 3755 1967 Θεὸς

2193 2004 2250 2054 ὲν
2304 2003 2561 2070 ἀλαγμῷ,
2628 2001 2828 2070 Κύριος
2881 2003 2936 2054 ὲν
2990 2004 3141 2070 φωνῇ
3185 2000 3507 2066 σάλπιγγος.
3560 1998 3756 2050 Σαλπί-

2194 2108 2375 2143 σουσιν
2406 2093 2453 2143 οί
2488 2092 2706 2158 ἄγγελοι
2759 2091 2849 2142 τοῦ
2897 2091 3053 2154 Θεοῦ,
3076 2093 3170 2142 καὶ
3224 2092 3274 2142 οἱ
3295 2091 3479 2159 νεκροὶ
3524 2092 3757 2155 ἀναστή-

2194 2198 2393 2244 σονται,
2437 2181 2529 2233 καὶ
2586 2181 2799 2249 ἑκάστῳ
2850 2180 3243 2248 ἀποδοθήσεται
3305 2179 3448 2231 κατά
3504 2179 3574 2230 τὰ
3625 2181 3757 2246 ἔργα

2193 2272 2376 2326 αὑτοῦ.
2441 2273 2512 2323 Τὸ
2585 2272 2640 2323 δὲ
2716 2271 2856 2323 κατὰ
2928 2271 3026 2332 τὰς
3098 2271 3393 2332 meamet;
3471 2271 3761 2337 ἐκκλησίας

2194 2362 2297 2414 τῶν
2344 2362 2551 2414 πόλεων
2604 2361 2679 2430 μὴ
2715 2359 3136 2428 μετακαλείσθαι
3196 2361 3263 2411 τὰ
3313 2360 3494 2430 πλήθη
3539 2360 3627 2412 διὰ
3669 2377 3761 2429 ση-

2198 2453 2508 2522 μαντηρίων
2538 2452 2724 2520 τριῶν,
2761 2451 2893 2504 ἀλλά
2937 2450 3024 2501 διὰ
3073 2449 3307 2518 μεγάλου
3345 2452 3485 2513 ἑνὸς,
3523 2453 3623 2503 οὐκ
3649 2452 3761 2503 ἔστι

2194 2547 2292 2615 τῆς
2356 2545 2815 2614 ἑκκλησιαστικῆς
2873 2543 3192 2606 ἀκολουθίας
3257 2543 3562 2613 ἀνατροπὴ.
3621 2543 3761 2605 Aab;

2194 2638 2300 2704 γὰρ
2329 2635 2716 2702 μετακαλεῖται
2773 2632 3061 2704 χειρῶναξ,
3117 2635 3212 2685 καὶ
3278 2635 3409 2702 περὶ
3480 2634 3766 2701 σκαπάνην

2194 2724 2560 2792 ἠσχολημένος
2607 2722 2701 2776 καὶ
2751 2723 2998 2792 ἄροτρον.
3051 2724 3211 2775 Ἐστι
3251 2724 3431 2776 τοίνυν
3484 2725 3767 2792 ἀγαπητὴν

2194 2816 2549 2884 ἐκκλησιάσαι
2582 2815 2767 2867 τοῦτον
2823 2813 2923 2867 κᾶν
2968 2816 3046 2876 εἰς
3082 2814 3179 2882 τῆς
3203 2814 3349 2875 Νέας
3384 2814 3661 2881 Διαθὴκης
3703 2813 3768 2863 τὰ

2193 2905 2616 2974 ψαλτῳδήματα.
2648 2903 2755 2956 Καὶ
2811 2906 2942 2973 ἡμῖν
3000 2903 3099 2972 μὲν
3156 2906 3268 2964 τοῖς
3309 2902 3638 2969 φυλάττουσι
3699 2904 3764 2969 τῇ

2196 3000 2377 3068 χάριτι
2404 2998 2496 3050 τοῦ
2524 2997 2657 3050 Θεοῦ
2717 2999 2894 3049 πᾶσαν
2937 2995 3400 3063 ὲκκλησιαστικὴν
3466 2988 3766 3061 παράδοσιν

2119 3111 2163 3172 C
2200 3089 2610 3156 ἀμετάπτωτον,
2633 3086 2775 3138 οὕτω
2807 3084 3473 3138 πολιτεύεσθαιδέδοκται.
3533 3085 3656 3145 Τοῖς
3712 3083 3766 3134 δὲ

2199 3179 2446 3239 Λατίνοις
2477 3178 2778 3247 μερισθεῖσι
2798 3177 2979 3238 κακῶς
3000 3177 3092 3244 ἀφ’
3117 3175 3296 3244 ἡμῶν,
3327 3177 3419 3226 καὶ
3457 3175 3767 3243 πωρωθεῖσι

2198 3270 2293 3336 τὴν
2321 3268 2546 3338 καρδίαν
2585 3268 2688 3320 ὑπὸ
2714 3266 2805 3319 τοῦ
2840 3268 3076 3330 Σατανᾶ,
3106 3267 3209 3319 κᾶν
3241 3269 3353 3327 τοῖς
3401 3266 3583 3332 λόγοις
3623 3265 3766 3332 ὑπὲρ

2198 3357 2372 3408 ἔλαιον
2421 3356 2817 3422 ἁπαλύνωνται,
2864 3355 2993 3424 ἄλλη
3049 3373 3132 3418 τις
3179 3355 3452 3426 παρεδόθη
3486 3356 3765 3424 συνήθεια,

2199 3449 2322 3517 περὶ
2351 3450 2451 3516 τῆς
2515 3451 2594 3508 είς
2643 3450 2768 3510 τοὺς
2814 3450 2971 3509 ναοὺς
3021 3449 3406 3515 μετακλήσεως
3451 3447 3546 3499 τοῦ
3608 3446 3762 3501 λαοῦ.

2209 3537 2317 3589 Ἑνὶ
2385 3538 2486 3605 γὰρ
2543 3536 2835 3604 κέχρηνται
2900 3537 3278 3606 σημαντηρίῳ,
3349 3539 3416 3604 τῇ
3499 3537 3767 3606 καμπὰνᾳ

2197 3629 2359 3697 φημὶ,
2390 3629 2509 3696 ἥτις
2546 3629 2609 3678 ὲκ
2633 3627 2725 3679 τοῦ
2756 3628 2976 3695 κὰμπου
3024 3627 3473 3695 μετονομάζεται.
3535 3628 3621 3688 Ὠς
3655 3630 3766 3697 γὰρ

2195 3719 2223 3768 ὁ
2262 3718 2476 3786 κάμπος
2514 3717 2686 3786 (φασὶ)
2734 3715 3074 3785 βουλομένοις
3118 3717 3194 3777 είς
3227 3716 3535 3785 ὁδοιπορίαν
3594 3717 3767 3786 ἀνεμ-

2195 3807 2440 3867 πόδιστος
2465 3808 2770 3874 πρόκειται,
2806 3805 2947 3857 οὕτω
2979 3806 3193 3873 καὶτῆς
3225 3807 3597 3875 χαλκοστόμου
3646 3808 3764 3859 κώ-

2186 3893 2404 3961 δωνοςή
2439 3895 2709 3962 μετέωρος
2760 3892 3005 3946 διαλαλιὰ
3060 3896 3169 3956 τοῖς
3227 3897 3393 3947 πᾶσιν
3436 3897 3764 3964 εὐπρόσιτος

2186 3985 2456 4053 ῆπλωται.
2509 3984 2723 4036 Πολλῶν
2773 3984 2828 4035 δὲ
2883 3986 3268 4054 σημαντηρίων
3297 3988 3397 4038 οὐκ
3442 3987 3554 4038 ἐστι
3597 3988 3762 4054 χρεία

2186 4076 2436 4137 Λατίνοις
2499 4077 2590 4127 καὶ
2655 4075 2897 4140 Ἰταλοῖς,
2954 4076 3034 4128 ὅτι
3106 4075 3240 4144 μηδὲ
3310 4077 3763 4148 ψαλτῳδημάτων

2189 4167 2626 4232 ἀγιοπολιτικῶν,
2705 4167 2839 4219 ἀλλά
2906 4166 3072 4236 μόνης
3138 4166 3236 4233 τὴς
3324 4167 3583 4237 κιννύρας
3662 4168 3764 4219 τοῦ

2191 4257 2533 4325 θεοπάτορος.
