4004 6488
446 370 588 437 1083

1668 368 1946 431 THEOD.
1979 368 2463 428 BALSAMONIS

3577 363 3717 427 108i.

519 485 584 541 ν.
626 485 906 555 Expositio
955 485 1078 539 fidei
1121 486 1456 549 orthodoxae,
1507 494 1668 552 atque
1716 483 2025 538 exsecratio

2212 482 2291 535 E'.
2322 482 2577 545 Ἐκθεσις
2598 482 2698 550 τῆς
2726 481 3006 550 όρθοδόξου
3033 481 3296 543 πίστεως,
3324 478 3423 530 καὶ
3455 476 3725 542 ἀναθεμα-

449 578 683 634 Nestorii
715 587 768 633 et
796 577 1075 647 Eutyrhis,
1112 586 1223 632 tum
1253 578 1394 644 quod
1425 578 1483 641 ii,
1513 579 1602 647 qui
1649 591 1773 631 cum
1803 578 1881 630 eis
1908 592 2033 630 sen-

452 674 611 734 tiunt,
652 671 889 724 limretici
918 673 1047 733 sint,
1085 680 1140 723 et
1176 671 1529 736 castigentur.

528 762 615 817 VI.
663 763 869 816 Similis
891 764 1206 816 erthodoxae
1231 762 1351 815 ﬁdei
1376 762 1669 830 expositio,
1693 772 1746 817 et
1768 760 2034 831 Eutychis

454 866 616 921 atque
644 855 960 919 Apollinarii
993 856 1318 908 exsecratio.

526 946 640 1001 VII.
683 946 888 999 Similis
910 957 993 999 est
1028 945 1346 1008 praecedenti
1377 946 1649 1014 recipiens
1678 954 1864 999 sancta
1897 958 2035 1012 qua-

457 1050 580 1094 tuor
631 1039 886 1101 concilia,
915 1048 968 1092 et
1002 1038 1483 1093 anathematismos
1519 1053 1583 1091 ac
1632 1038 2038 1107 segregationes

459 1132 526 1184 ab
556 1132 635 1185 eis
672 1129 1041 1198 promulgatas
1085 1129 1432 1183 ccuﬁrmans.
1490 1128 1635 1181 Inter
1682 1137 1876 1182 caetera
1907 1126 2040 1179 dicit

438 1219 692 1287 primum
740 1232 861 1272 esse
909 1218 1049 1271 inter
1098 1232 1285 1272 omnes
1335 1217 1645 1271 sacerdotes
1681 1230 1873 1285 papam
1927 1214 2040 1268 Ro.

462 1324 702 1363 manum.

465 1397 704 1464 Epistola
759 1414 906 1463 papas
960 1400 1028 1451 ad
1072 1397 1458 1460 Iustinianum,
1512 1398 1779 1451 continens
1822 1412 1884 1449 ea
1926 1413 2041 1466 qua:

531 1492 598 1540 ab
628 1506 686 1542 eo
733 1491 929 1557 scripta
971 1499 1093 1542 sunt
1136 1490 1198 1543 de
1242 1490 1345 1555 ﬁda
1386 1490 1702 1552 orthodoxa,
1751 1504 1866 1557 qua
1920 1488 2042 1541 huic

538 1576 775 1643 epistola!
808 1577 1183 1644 subjiciuntur.

984 1753 1057 1805 De
1088 1754 1379 1807 orthodoxa
1408 1754 1531 1820 ﬁde.

540 1845 605 1898 Et
640 1846 714 1898 ita
746 1857 803 1897 se
830 1845 1028 1898 hahet:

542 1936 837 2004 Imperator
884 1934 1223 1988 Justiuianus
1270 1937 1558 2003 Augustus.
1620 1936 1754 1989 Cum
1818 1946 1962 1991 recta
1991 1947 2046 1991 et

473 2027 910 2097 reprehensionis
931 2040 1125 2089 expers
1155 2027 1309 2091 ﬁdes,
1338 2043 1497 2094 quam
1529 2028 1786 2097 prce-licet
1815 2031 2046 2083 sanctis-

474 2122 606 2172 sima
663 2119 755 2172 Dei
806 2117 1072 2171 catholica
1132 2127 1183 2171 et
1234 2119 1525 2186 apostolica
1588 2118 1847 2184 Ecclesia,
1901 2119 2048 2173 nullo

479 2210 636 2262 modo
668 2210 1001 2261 novationem
1030 2208 1300 2270 admittat,
1338 2224 1434 2264 nos
1468 2220 1780 2263 sanctorum
1835 2221 2048 2277 aposto-

478 2299 676 2361 lorum,
741 2306 795 2351 et
857 2313 1064 2360 eorum,
1117 2301 1206 2369 qui
1262 2310 1383 2368 post
1437 2315 1529 2353 eos
1579 2300 1631 2353 in
1695 2302 1898 2354 sanctis
1958 2302 2049 2357 Dei

494 2389 752 2443 Ecclesiis
808 2389 1127 2456 spectabiles
1182 2388 1355 2454 fuere,
1410 2392 1658 2459 dogmata
1720 2401 2047 2459 sequentes;

483 2489 625 2533 recte
671 2495 767 2533 nos
799 2479 1034 2534 facturos
1062 2481 1512 2547 existimavimus,
1543 2482 1585 2534 si
1625 2484 1839 2537 eunetis
1871 2486 2051 2536 mani-

475 2572 674 2625 festum
708 2571 1029 2633 faceremus,
1058 2587 1164 2637 quo
1192 2582 1349 2638 parto
1382 2572 1449 2626 de
1495 2586 1608 2639 spe,
1638 2588 1757 2641 quae
1784 2574 1834 2626 in
1888 2574 2047 2627 nobis

481 2669 583 2722 est,
619 2659 790 2712 aﬂ'ecti
827 2676 1041 2726 sumus;
1092 2662 1405 2715 insistentes
1456 2663 1694 2732 vestigiis
1738 2662 2045 2717 traditionis

484 2756 537 2800 et
569 2749 924 2802 confessionis
968 2760 1169 2802 sanctte
1208 2750 1296 2802 Dei
1330 2751 1606 2805 catholica
1650 2762 1809 2819 atque
1840 2761 2055 2818 aposto-

487 2834 601 2885 lica:
649 2833 917 2887 Ecclesia).
978 2834 1184 2902 Quippe
1238 2838 1517 2889 credentes
1578 2837 1631 2889 in
1686 2836 1945 2899 Patrem,
2000 2845 2056 2889 et

487 2921 703 2985 I‘iliunt,
743 2933 795 2976 et
831 2926 1085 2991 Spiritum
1133 2935 1403 2989 sanctmn,
1462 2942 1619 2978 unam
1674 2928 1965 2980 essentiam
1998 2927 2052 2979 itt

493 3018 663 3069 tribus
709 3018 950 3084 personis
1009 3018 1319 3080 adoramus,
1364 3034 1523 3071 unam
1578 3018 1852 3082 deitatem,
1889 3032 2052 3071 unam

493 3117 828 3173 potestatem,
862 3106 1175 3159 Trinitatem
1210 3108 1367 3160 unius
1400 3111 1669 3161 essentiae.
1704 3107 1757 3160 In
1791 3108 2054 3161 estremis

491 3209 666 3251 autem
726 3200 914 3251 diebus
959 3199 1278 3251 conﬁtemur
1320 3199 1651 3265 unigenitum
1698 3198 1784 3252 Dei
1840 3199 2055 3265 Filium,

499 3290 660 3343 Deum
683 3291 747 3343 de
768 3286 900 3351 Deo,
926 3300 1048 3341 ante
1071 3292 1262 3343 saecula
1276 3299 1327 3342 et
1350 3292 1464 3343 sine
1481 3299 1719 3357 tempore
1736 3292 1978 3358 genitum
1994 3306 2060 3343 ex

494 3380 675 3441 Patre,
700 3380 843 3433 Patri
869 3390 1215 3443 comternum,
1232 3396 1351 3432 eum
1376 3381 1571 3447 ipsum,
1588 3396 1648 3433 ex
1668 3397 1773 3449 quo
1793 3382 2064 3441 omnia,ct

496 3485 588 3536 per
612 3486 768 3534 quem
785 3472 986 3531 omnia,
1012 3472 1320 3536 degressum
1344 3485 1374 3523 e
1392 3471 1562 3529 ctelis.
1592 3472 1925 3525 incarnatnm
1945 3487 2065 3527 esse

496 3560 564 3611 de
600 3559 803 3625 Spiritu
852 3570 1057 3616 sancto.
1090 3568 1142 3611 et
1170 3568 1377 3621 sancta,
1419 3560 1644 3629 gloriosa
1700 3575 2065 3631 perpetuaque

499 3647 722 3716 Virgine
757 3646 946 3713 Maria,
965 3659 1017 3702 et
1046 3650 1315 3704 hominem
1346 3666 1464 3705 esse
1498 3652 1717 3715 factum,
1743 3668 2065 3721 crttcemque

503 3740 806 3806 pertulisse,
850 3741 1114 3806 sepultum
1155 3756 1293 3803 esse,
1327 3743 1693 3795 resurrexisse
1735 3744 1820 3796 die
1857 3745 2057 3797 tertio:

497 3832 658 3883 unius
679 3842 732 3883 ct
758 3824 1000 3899 ejus'dem
1028 3832 1283 3884 miracula
1309 3834 1699 3901 cruciatusque,
1723 3848 1855 3901 quos
1878 3844 2065 3900 sponte

502 3922 554 3975 in
586 3937 749 3975 carne
803 3924 1079 3987 sustinuit,
1113 3934 1484 3989 agnoscentes.
1534 3924 1646 3978 Non
1706 3926 1848 3977 enim
1902 3925 2065 3978 alium

505 4014 667 4065 Deum
692 4013 1026 4076 Sermonem,
1064 4022 1119 4067 et
1148 4014 1308 4066 alium
1334 4014 1607 4067 Christum
1657 4018 1902 4069 novimus
1929 4035 1943 4073 :
1976 4018 2067 4072 sed

503 4118 665 4155 unum
695 4114 746 4156 et
771 4105 1038 4167 eumdem,
1065 4104 1578 4158 consubstantialem
1600 4105 1743 4157 Patri
1772 4109 2064 4161 secundum

504 4195 864 4257 divinitatem,
886 4204 940 4246 et
962 4196 1205 4247 eumdem
1236 4196 1391 4247 nobis
1436 4197 1951 4250 consubstantialem
1978 4212 2066 4252 se-

506 4288 739 4339 cundum
776 4287 1186 4340 humanitatem.
1217 4288 1424 4355 Quippe
1448 4288 1691 4341 Trinitas
1728 4292 1923 4343 mansit
1947 4289 2065 4343 Tri-

506 4378 670 4441 nitas,
693 4379 852 4432 etiam
890 4389 1011 4445 post
1044 4380 1379 4432 incarnatum
1407 4381 1570 4434 Deum
1606 4379 1943 4445 Sermonem,
1976 4383 2066 4451 qui

2135 578 2328 645 τισμὸς
2359 577 2654 645 Εὑτυχοῦς,
2687 578 2781 629 καὶ
2812 575 3129 644 Νεστορίου,
3164 576 3263 627 καὶ
3285 574 3370 626 δτι
3395 571 3727 642 οἰφρονοῦν-

2139 685 2232 730 τες
2261 670 2329 721 τὰ
2360 669 2540 721 αὐτῶν
2563 668 2831 737 αἰρετικοί
2865 668 2994 730 εἰσι,
3028 668 3121 718 καὶ
3160 662 3623 735 σωφρονίζονται.

2214 760 2305 828 ς’.
2367 761 2560 827 Ὁμοία
2614 760 2829 822 ἔκθεσις
2864 760 2964 826 τῆς
3007 758 3292 825 ὀρθοδόξου
3325 757 3587 819 πίστεως,
3638 756 3730 809 καὶ

2140 849 2583 917 ἁναθεματισμὸς
2628 850 2901 918 Εὑτυχοῦς
2936 850 3029 902 καὶ
3075 848 3513 913 Ἀπολλιναρίου.

2211 943 2284 994 Z'.
2331 941 2527 1010 Ὀμοία
2553 942 2652 1009 τῆς
2679 943 2786 1010 πρὸ
2814 942 3006 1008 αὐτῆς,
3037 941 3413 1008 ἀποδεχομένη
3446 940 3544 1000 ea;
3573 940 3733 1007 ἁγίας

2143 1032 2414 1096 συνόδους,
2442 1035 2537 1085 καὶ
2572 1031 2868 1101 βεϐαιοῦσα
2900 1034 3025 1093 τοὺς
3057 1031 3186 1101 παρ’
3228 1032 3413 1084 αὐτῶν
3445 1031 3729 1099 ἀναθεμα-

2141 1125 2374 1191 τισμοίδς
2416 1124 2511 1175 καὶ
2547 1124 2905 1192 ἀφορισμούς.
2954 1125 3092 1191 Φησὶ
3134 1121 3189 1175 δὲ
3229 1125 3313 1177 ὅτι
3352 1121 3575 1192 πρῶτός
3618 1122 3734 1173 ἐστι

2143 1215 2360 1268 πάντων
2393 1215 2501 1267 τῶν
2532 1216 2720 1284 ἱερέων
2752 1218 2778 1269 ὁ
2817 1217 3048 1279 πάππας
3074 1212 3319 1284 Ῥώμης.

2154 1393 2480 1458 Ἐπιστολὴ
2512 1392 2618 1444 τοῦ
2647 1391 2863 1445 πάππα
2901 1394 3051 1459 πρὸς
3088 1391 3554 1453 Ἰουστινιανὸν,
3596 1389 3741 1443 ἀπο-

2215 1484 2511 1551 δεχομένη
2544 1483 2618 1534 τὰ
2648 1484 2785 1548 παρ’
2809 1482 2997 1541 αὐτοῦ
3048 1481 3182 1549 περὶ
3241 1480 3354 1547 τῆς
3412 1476 3739 1546 ὀρθοδόξου

2218 1576 2477 1639 πίστεως
2539 1575 2865 1642 τραφέντα,
2922 1574 2960 1629 d
3017 1574 3091 1643 τῇ
3158 1570 3467 1639 ἐπιστολῇ
3521 1568 3742 1625 ὑποτέ-

2222 1682 2452 1720 τακται.

2471 1757 2607 1823 Περὶ
2636 1756 2748 1822 τῆς
2776 1754 3105 1821 όρθοδὸξου
3135 1754 3422 1817 πίστεως.

2076 1814 2123 1873 Β
2225 1848 2334 1900 Καὶ
2367 1847 2480 1916 ἔχει
2516 1814 2877 1917 parm-0.61;»;
2908 1862 2923 1878 υ

2224 1937 2594 2006 Αὐτοκράτωρ
2644 1934 3021 1996 ’Ῑουστινιανὸς
3060 1934 3393 2001 Αὔγουστος.
3427 1932 3542 1999 τῆς
3575 1931 3744 2002 ὀρθῆς

2152 2029 2246 2081 καὶ
2286 2026 2591 2095 ἀμωμήτου
2639 2026 2898 2087 πίστεως,
2948 2025 3123 2093 ἥνπερ
3178 2022 3447 2091 κηρύττει
3496 2022 3528 2089 ή
3574 2020 3745 2086 ἁγιω-

2154 2120 2292 2189 τὰτη
2318 2119 2412 2173 τοῦ
2446 2118 2582 2171 Θεοῦ
2609 2117 2876 2187 καθολικὴ
2907 2118 3000 2170 καὶ
3031 2116 3369 2183 ἀποστολικὴ
3419 2112 3742 2181 Ἐκκλησῖα.

2154 2212 2274 2264 κατ’
2313 2212 2500 2265 οὐδένα
2544 2210 2742 2278 τρόπον
2788 2211 3079 2276 καινισμδν
3129 2209 3462 2277 δεξαμένης,
3518 2204 3745 2258 ἀκολου-

2157 2302 2382 2362 θοῦντες
2421 2304 2579 2370 ἡμεῖς
2613 2304 2721 2364 τοῖς
2761 2301 2869 2353 τῶν
2907 2301 3078 2367 ἁγίων
3117 2300 3475 2362 ἀποστόλων,
3519 2298 3614 2350 καὶ
3642 2297 3747 2349 τῶν

2162 2395 2281 2461 μετ’
2314 2393 2557 2454 ἐκείνους
2586 2389 3001 2459 διαπρεψὰντων
3033 2392 3091 2442 ὲν
3120 2392 3239 2448 ταῖς
3266 2389 3453 2455 ἁγίαις
3488 2387 3582 2440 τοῦ
3612 2386 3744 2439 Θεοῦ

2166 2485 2514 2553 Ἐκκλησίαις
2537 2484 2851 2553 διδάγμασι,
2875 2483 3084 2537 δίκαιον
3108 2482 3373 2552 ᾠήθημεν
3395 2482 3574 2535 ἅπασι
3599 2480 3747 2548 ποιῆ-

2158 2592 2246 2629 σαι
2279 2575 2537 2643 φανερὸν,
2560 2576 2709 2637 ὅπως
2736 2575 2931 2645 ἔχομεν
2961 2574 3091 2643 περὶ
3120 2574 3220 2641 τῆς
3256 2575 3314 2626 ὲν
3349 2574 3486 2643 ἡμῖν
3514 2572 3744 2632 ἐλπίδος,

2158 2667 2583 2725 ἀκολουθοῦντες
2612 2671 2677 2737 τῇ
2712 2668 3010 2737 παραδόσει
3037 2665 3132 2718 καὶ
3161 2663 3429 2733 ὁμολογίᾳ
3459 2664 3562 2730 τῆς
3590 2662 3745 2727 ἁγίας

2159 2760 2253 2812 τοῦ
2299 2759 2432 2810 Θεοῦ
2475 2759 2766 2825 καθολικῆς
2814 2758 2908 2810 καὶ
2960 2756 3334 2819 ἁποστολικῆς
3396 2753 3743 2820 Ἐκκλησίας.

2161 2850 2513 2909 Πιστεύοντες
2568 2850 2675 2917 γὰρ
2726 2849 2806 2906 εἰς
2856 2848 3077 2918 Πατιρα
3130 2848 3224 2900 καὶ
3272 2847 3403 2899 Υἰδν
3455 2846 3552 2898 καὶ
3599 2845 3745 2911 ἁγισν

2160 2940 2408 3008 Πνεῦμα,
2450 2940 2576 3006 μίαν
2615 2938 2804 2991 οὐσίαν
2836 2939 2895 2990 ὲν
2923 2940 3104 3006 τρισὶν
3137 2937 3488 2991 ὑποστάσεσι
3512 2953 3745 3000 προσκυ-

2162 3030 2359 3096 νοῦμεν
2393 3046 2405 3059 ·
2437 3030 2565 3097 μίαν
2595 3028 2846 3098 θεότητα,
2878 3030 3006 3096 μίαν
3033 3029 3285 3095 δύναμιν,
3321 3028 3539 3096 Τριάδα
3563 3028 3745 3095 ὁμοσύ-

2163 3138 2293 3174 σιον.
2340 3121 2460 3172 Ἐπ’
2491 3121 2735 3190 ἐσχάτων
2770 3121 2825 3173 δὲ
2855 3120 2963 3173 τῶν
2991 3122 3213 3190 ἡμερῶν
3247 3122 3629 3189 ὁμολογοῦμεν
3658 3122 3741 3173 τὸν

2173 3212 2442 3281 μονογενῆ
2482 3212 2608 3264 Υίδν
2646 3211 2738 3264 τοῦ
2772 3212 2905 3265 Θεοῦ
2940 3212 3030 3269 τὸν
3066 3212 3130 3263 ὲκ
3157 3212 3292 3265 Θεοῦ
3323 3214 3491 3273 Θεὸν,
3521 3214 3612 3266 τὸν
3642 3211 3740 3280 πρὸ

2171 3303 2381 3358 αἰώνων
2406 3304 2496 3355 καὶ⁵
2528 3303 2770 3369 ἁχρόνως
2798 3304 2860 3353 ὲκ
2893 3302 2985 3353 τοῦ
3018 3303 3232 3371 ῐῐατρδς
3263 3303 3623 3371 γεννηθέντα,
3654 3303 3740 3355 τὸν

2178 3394 2449 3447 συναῖδιον
2487 3394 2565 3461 τῷ
2587 3394 2788 3461 Πατρὶ,
2808 3393 2899 3445 τὸν
2935 3392 2994 3457 ἐξ
3026 3392 3088 3445 οῦ
3115 3394 3182 3446 τὰ
3222 3394 3405 3446 πάντα
3424 3436 3438 3459 ,
3466 3396 3561 3447 καὶ
3587 3394 3654 3446 δι’
3681 3386 3737 3444 οῦ

2172 3485 2239 3537 τὰ
2268 3484 2463 3547 πάντα,
2497 3483 2829 3536 κατελθόντα
2858 3484 2919 3536 ὲκ
2950 3483 3060 3535 τῶν
3087 3484 3356 3552 οὐρανῶν,
3392 3485 3740 3553 σαρκωθῆναι

2174 3578 2237 3626 ὲκ
2266 3576 2580 3642 Πνεύματος
2609 3575 2788 3641 ἁγίου,
2817 3574 2911 3626 καὶ
2943 3575 3043 3643 τῆς
3075 3576 3240 3640 ἁγίας
3266 3578 3487 3641 ἐνδόξου
3522 3581 3614 3630 καὶ
3638 3580 3745 3631 ἀει-

2175 3664 2444 3733 παρθὲνου
2488 3663 2728 3732 Μαρίας,
2776 3665 2869 3715 καὶ
2909 3664 3353 3733 ὲνανθρωπῆσαι,
3413 3670 3650 3736 σταυρόν
3688 3685 3740 3720 τε

2174 3756 2501 3822 ὑπομεῖναι,
2553 3753 2792 3821 ταφῆναί
2843 3771 2900 3806 τε
2958 3757 3054 3808 καὶ
3114 3758 3418 3822 ἀναστῆναι
3472 3762 3539 3828 τῇ
3594 3758 3745 3826 τρίτῃ

2176 3848 2356 3916 ἡμέρᾳ
2375 3862 2391 3879 ο
2441 3847 2559 3908 ὲνδς
2611 3846 2705 3897 καὶ
2730 3846 2822 3897 τοῦ
2851 3845 3015 3899 αὐτοῦ
3066 3847 3130 3899 τά
3157 3864 3216 3899 τε
3267 3848 3529 3915 θαύματα
3558 3851 3653 3903 καὶ
3679 3849 3742 3901 τὰ

2176 3937 2322 4004 πάθη
2346 3978 2359 3998 ,
2388 3938 2530 4004 ἆττερ
2560 3936 2820 3997 ἑκουσίως
2845 3938 3106 4003 ὑπέμεινε
3130 3941 3296 4005 σαρκὶ
3314 3981 3327 3996 .
3361 3940 3739 4005 γινώσκοντες.

2176 4028 2251 4080 Οὐ
2281 4028 2388 4095 γὰρ
2408 4028 2563 4079 ἄλλον
2594 4028 2685 4080 τὸν
2715 4028 2844 4079 Θεὸν
2872 4029 3061 4095 Λόγον,
3097 4030 3189 4081 καὶ
3214 4030 3385 4082 ἄλλον
3396 4033 3490 4083 τὸν
3516 4033 3741 4098 Χριστὸν

2177 4120 2517 4187 ἐπιστάμεθα
2541 4135 2555 4150 ⁸
2603 4118 2716 4171 ἀλλ’
2746 4120 2841 4171 ἕνα
2872 4121 2966 4171 καὶ
3004 4120 3093 4171 τὸν
3146 4122 3308 4173 αὐτὸν
3350 4124 3638 4190 ὁμοούσιον
3673 4123 3744 4191 τῷ

2179 4210 2352 4278 Πατρὶ
2397 4209 2539 4262 κατὰ
2578 4210 2676 4277 τὴν
2724 4210 2972 4277 θεότητα,
3019 4212 3109 4263 καὶ
3151 4210 3439 4277 ὁμοούσιον
3485 4217 3618 4285 ήμτν
3662 4216 3745 4267 τδν

2180 4302 2340 4355 αὐτὸν
2368 4305 2509 4354 κατὰ
2535 4302 2632 4369 τὴν
2651 4300 3074 4370 ’ἁνθρωπότητι
3105 4303 3329 4368 Ἔμεινε
3360 4304 3471 4371 γὰρ
3494 4308 3528 4375 ή
3555 4306 3734 4371 Τριάς,

2180 4394 2271 4446 καὶ
2306 4392 2680 4460 σαρκωθέντος
2708 4391 2801 4444 τοῦ
2826 4392 2942 4455 ἑνὸς
2981 4394 3079 4461 τῆς
3106 4395 3336 4461 Τριάδος
3374 4396 3513 4448 Θεοῦ
3538 4398 3711 4463 Λόγου
3730 4413 3742 4426 ·

506 4480 736 4524 unusest
765 4485 828 4522 ex
859 4468 1138 4522 Triuitate.
1169 4468 1282 4523 Non
1310 4472 1451 4522 enim
1485 4470 1835 4537 adjectionem
1864 4481 2058 4538 quarta

2177 4484 2298 4537 οὕτε
2334 4484 2442 4551 γὰρ
2472 4482 2731 4550 τετάρτου
2762 4483 3056 4552 προσώπου
3095 4486 3416 4554 προσθήιαν
3449 4488 3749 4557 ἐπιδέχεται

505 4576 749 4629 personae
780 4571 961 4616 sancta
998 4561 1232 4614 Trinitas
1260 4560 1517 4614 admittit.
1563 4560 1694 4626 Quae
1744 4576 1861 4614 cum
1896 4563 1966 4615 ita
2011 4578 2068 4617 se

509 4651 764 4714 habeant,
799 4652 1137 4703 anathemate
1170 4651 1490 4703 damnamus
1516 4665 1728 4704 omnem
1759 4660 1981 4713 sectam,
2016 4658 2071 4703 et

509 4745 776 4813 praecipue
806 4741 1114 4796 Nestorium
1163 4742 1498 4795 adoratorem
1543 4742 1798 4803 hominis,
1835 4741 2074 4795 dividen-

504 4849 619 4892 tem
643 4851 811 4891 unum
835 4834 979 4889 illum
1004 4833 1285 4887 Dominum
1307 4844 1546 4886 nostrum
1571 4832 1754 4887 Jesum
1771 4832 2071 4895 Christum,

510 4928 605 4984 Dei
654 4928 871 4990 Filium,
924 4925 1196 4994 Deumque
1240 4936 1481 4978 nostrum
1510 4966 1524 4989 ,
1570 4940 1670 4978 nec
1726 4922 2070 4977 coaiiteutem

512 5022 727 5088 proprie
773 5034 837 5073 ac
881 5018 1176 5072 secundum
1212 5017 1512 5081 veritatem,
1551 5016 1691 5084 quod
1718 5023 1927 5077 sancta,
1958 5013 2072 5081 glo-

515 5115 679 5172 riosa,
717 5120 976 5181 perpetua
1006 5109 1171 5177 Virgo
1219 5108 1381 5161 Maria
1409 5109 1478 5159 sit
1515 5109 1738 5172 Deipara
1780 5122 1793 5159 :
1837 5106 1927 5158 sed
1961 5114 2074 5156 tra-

513 5205 750 5269 dentem,
790 5207 930 5272 quod
960 5202 1095 5255 alius
1119 5202 1189 5255 sit
1217 5200 1304 5253 ille
1337 5210 1493 5252 natus
1523 5214 1585 5251 ex
1623 5199 1727 5250 Deo
1754 5196 1910 5249 Patre
1943 5196 2077 5247 Deus

515 5294 732 5359 Sermo,
784 5302 832 5345 et
877 5293 1012 5347 alius
1046 5293 1135 5345 ille
1170 5299 1324 5343 natus
1375 5304 1438 5343 ex
1480 5298 1661 5342 sancta
1712 5294 2079 5353 perpetuaque

516 5385 741 5455 Virgine
773 5383 959 5447 Maria,
990 5384 1079 5451 qui
1127 5397 1220 5451 per
1251 5381 1475 5449 gratiam
1529 5388 1582 5430 ct
1629 5375 2077 5430 necessitudinem

517 5492 639 5530 «um
692 5476 799 5531 Deo
851 5477 1129 5538 Sermone,
1168 5472 1344 5526 factus
1392 5471 1462 5524 sit
1514 5468 1668 5521 Deus.
1720 5464 1903 5533 Netlue
1950 5480 2079 5519 vero

520 5570 781 5621 duntaxat
833 5568 1014 5630 hunc,
1070 5565 1164 5619 sed
1215 5563 1378 5618 etiam
1427 5570 1603 5613 mente
1652 5568 1866 5627 captum
1932 5556 2079 5610 illum

520 5660 839 5729 Eutychem,
890 5661 981 5729 qui
1028 5662 1393 5730 apparentiam
1444 5651 1751 5713 introducit,
1807 5658 1861 5702 et
1898 5664 2077 5704 veram

520 5752 669 5811 illam
727 5754 1148 5810 incarnationem
1200 5770 1261 5811 ex
1313 5764 1497 5811 sancta
1557 5763 1814 5824 perpetua
1868 5753 2079 5822 Virgine

2174 4578 2206 4645 ἡ
2244 4574 2373 4640 ἁγία
2403 4574 2589 4641 Τριάς.
2628 4572 2847 4626 Τούτων
2890 4574 3070 4626 τοίνυν
3101 4576 3276 4637 οὕτως
3302 4578 3543 4644 ἐχόντων
3569 4619 3583 4639 ,
3624 4580 3744 4632 ἁνα-

2175 4664 2537 4734 θεματίζομεν
2572 4666 2750 4716 πᾶσαν
2778 4664 3010 4733 αἵρεσιν,
3046 4665 3339 4731 ἐξαιρέτοις
3372 4667 3430 4719 δὲ
3460 4647 3744 4737 Νεάτόριον

2175 4756 2264 4809 τὸν
2305 4755 2783 4824 ἁνθρωπολόιτρην,
2828 4756 2918 4808 τὸν
2944 4756 3254 4823 διαιροῦντα
3279 4759 3371 4809 τὸν
3402 4760 3502 4811 ἕνα
3551 4760 3743 4826 Κύριον

2176 4848 2335 4917 ἡμῶν
2388 4848 2593 4916 Ἰησοῦν
2632 4847 2884 4915 Χριστὸν,
2913 4848 3003 4899 τὸν
3046 4848 3173 4899 Υίδν
3212 4849 3305 4901 τοῦ
3334 4849 3470 4901 Θεοῦ
3496 4853 3589 4903 καὶ
3621 4851 3745 4902 Θεὸν

2178 4944 2210 5011 ἡ
2221 4941 2354 5008 μῶν,
2376 4941 2469 4992 καὶ
2499 4940 2571 5009 μὴ
2594 4938 2954 5005 ὁμολογοῦντα
2977 4939 3182 5005 κυρίως
3211 4942 3305 4992 καὶ
3333 4943 3477 4993 κατὰ
3500 4944 3748 5007 ἀλήθειαν

2178 5031 2275 5100 τὴν
2298 5030 2457 5097 ἁγίαν
2492 5031 2582 5081 καὶ
2610 5028 2817 5092 ἔνδοξον
2842 5029 3197 5096 ἀειπαρθὲνον
3228 5031 3450 5098 Μαρίαν
3470 5032 3744 5083 Θεοτόκον·

2181 5119 2314 5172 ἀλλὰ
2362 5119 2521 5173 ἄλλον
2557 5118 2655 5184 μὲν
2685 5119 2776 5171 τὸν
2808 5120 2871 5171 ὲκ
2901 5117 2993 5171 τοῦ
3034 5118 3169 5171 Θεοῦ
3202 5122 3420 5189 Πατρδς
3468 5122 3559 5174 τὸν
3588 5124 3750 5188 ,τόγον

2180 5210 2440 5277 λέγοντα,
2488 5209 2643 5262 ἄλλον
2712 5209 2768 5261 δὲ
2824 5209 2915 5261 τὸν
2969 5210 3033 5261 ὲκ
3087 5209 3187 5278 τῆς
3246 5212 3410 5278 ἁγίας
3479 5214 3748 5279 Παρθένου

2182 5301 2430 5368 Μαρίας,
2468 5302 2649 5369 χάριτι
2681 5301 2735 5351 δὲ
2767 5300 2860 5352 καὶ
2889 5300 3164 5352 οἰκειώσει
3190 5304 3255 5368 τῇ
3304 5303 3441 5370 πρδς
3487 5304 3581 5355 τὶν
3629 5306 3751 5356 Θεὸν

2182 5390 2352 5454 Λόγον
2392 5388 2523 5441 Θεὸν
2565 5389 2723 5441 αὑτὸν
2752 5390 3097 5456 γεγενῆσθαι,
3122 5390 3196 5442 Οὐ
3234 5392 3339 5457 μὴν
3374 5392 3465 5453 δὲ,
3499 5395 3633 5445 ἀλὶὰ
3667 5394 3752 5446 καὶ

2182 5481 2396 5550 Εὐτυχῆ
2435 5480 2525 5531 τὸν
2574 5478 2933 5548 φρενοϐλαϐἦ,
2969 5481 3061 5531 τὸν
3095 5482 3402 5547 φαντασίαν
3436 5485 3750 5548 εἰσάγοντα,

2184 5572 2511 5642 ἀρνούμενόν
2535 5587 2596 5623 τε
2616 5572 2711 5639 τὴν
2742 5573 2806 5623 ὲκ
2833 5569 2928 5636 τῆς
2956 5570 3115 5635 ἁγίας
3141 5571 3421 5639 Παρθένου
3446 5575 3541 5625 καὶ
3572 5574 3752 5625 Θεοτόο

2189 5684 2282 5717 κου
2324 5664 2535 5733 Μαρίας
2568 5662 2825 5733 ἀληθινὴν
2857 5665 3163 5734 σάρκωσιν,
3193 5664 3447 5717 τουτέστι
3487 5667 3588 5735 τὴν
3628 5666 3751 5733 ἡμε-

2186 5758 2348 5821 τέραν
2395 5755 2687 5824 σωτηρίαν,
2736 5754 2827 5807 καὶ
2876 5756 2949 5825 μὴ
2991 5753 3359 5823 ὁμολογοῦντα
3402 5756 3546 5811 κατὰ
3586 5755 3750 5809 πάντα
