3970 6464
231 444 377 510 1033

1251 463 1594 524 CONSTlT.
1624 468 1926 530 ECCLES.
1975 473 2414 542 COLLECTIO.

3341 490 3482 558 1094

235 565 408 632 λόγου
433 565 762 635 ἠρνήσαντο.
804 566 902 621 Διὰ
940 570 1101 626 τοῦτο
1127 578 1432 643 γραφικαίς
1471 579 1796 648 μαρτυρίαις

1908 595 2220 653 perpetuam
2254 587 2529 659 Virginem
2581 592 2846 662 Mariam,
2888 595 3170 668 Dciparam
3219 604 3484 670 praedica-

225 658 290 710 τὸ
318 659 455 712 αὐτδ
488 661 645 728 ἃγιον
700 663 930 733 μάθημα
986 666 1034 716 οἰ
1072 665 1354 737 εἰρημένοι
1381 667 1526 736 ἅγιοι
1578 668 1656 740 ρν¹
1694 671 1806 724 Πα-

226 750 395 817 τέρες
417 751 550 804 Θεὸν
579 755 986 822 σαφηνίσαντες
1014 757 1354 828 ὲτράνωσαν.
1414 762 1587 815 Τοῦτο
1624 764 1717 815 καί
1745 764 1803 816 αἰ

227 838 392 893 ἄλλαι
423 841 635 896 ἅπασαι
668 846 821 911 ἅγιαι
856 847 1086 910 σύνοδοι,
1123 852 1399 904 τουτέστιν
1429 855 1460 923 ή
1492 856 1549 906 ὲν
1591 853 1806 924 Ἐφέσῳ

226 933 474 1001 προτέρα
504 937 598 988 καί
639 938 671 1004 ή
707 939 765 989 έν
791 939 1120 1008 Χαλκηδόνι,
1173 944 1241 1011 τῇ
1286 945 1427 1013 αὐτῇ
1456 945 1642 1000 πίστει
1670 949 1805 1000 ἁκο-

231 1022 598 1093 λουθήσασαι,
634 1028 888 1091 ἐδέξαντο
911 1033 1004 1083 καὶ
1036 1031 1334 1100 ἐφύλαξαν,
1367 1038 1463 1090 καὶ
1514 1038 1612 1106 τὴν
1640 1039 1803 1105 ἁγίαν

230 1115 448 1182 ἔνδοξον
515 1119 878 1188 ἁειπαρθένον
931 1123 1152 1190 Μαρίαν
1202 1125 1464 1181 Θεοτόκον
1506 1131 1801 1199 ἐκήρυξαν,

232 1209 333 1261 καὶ
359 1213 486 1272 τοὺς
516 1211 590 1282 μή
623 1211 1022 1280 ὁμολογοῦντας
1049 1216 1219 1286 αὐτὴν
1245 1220 1512 1273 Θεοτόκον
1536 1223 1808 1290 ἀνεθεμά-

226 1318 412 1356 τισαν.
469 1303 706 1369 Ὁμοίως
737 1305 797 1358 δὲ
846 1307 1252 1376 ἀνεθεμάτισαν
1302 1314 1400 1365 καὶ
1439 1316 1564 1377 τοὺς
1615 1315 1804 1385 ἕτερον

229 1392 508 1461 σύμϐολον
537 1394 570 1462 ἢ
629 1398 786 1464 ἇγιον
815 1399 1049 1467 μάθημα
1081 1402 1479 1470 παραδιδόντας
1529 1405 1686 1471 παρὰ
1741 1407 1803 1459 τὸ

222 1483 332 1534 ὑπὸ
391 1481 492 1551 μὲν
523 1484 631 1538 τῶν
664 1488 767 1556 τιη¹
797 1489 969 1554 ἁγίων
997 1490 1255 1561 Πατέρων
1287 1495 1532 1558 ἑκτεθδν,
1567 1514 1804 1566 σαφηνι-

229 1573 360 1627 σθὶν
393 1575 449 1628 δὲ
485 1577 578 1629 καί
627 1580 907 1647 τρανωθὲν
938 1581 1089 1649 παρὰ
1115 1581 1225 1634 τῶν
1269 1586 1326 1636 ὲν
1349 1586 1519 1656 ταύτῃ
1545 1593 1613 1657 τῇ
1650 1589 1805 1660 βασι-

219 1663 461 1737 λευούσῃ
489 1666 644 1719 πόλει
686 1667 796 1722 τῶν
840 1677 915 1740 ρν¹
963 1671 1132 1738 ἁγίων
1179 1674 1461 1745 Πατέρων.
1491 1679 1656 1748 Καίή
1703 1680 1805 1749 μὲν

224 1755 288 1805 ἰν
342 1753 554 1825 Ἐφέσῳ
614 1759 856 1828 προτέρα
902 1761 996 1814 τόν
1027 1779 1087 1815 τε
1145 1765 1318 1836 ἁσεσῆ
1363 1767 1661 1839 Νεστόριον
1710 1772 1804 1823 καὶ

220 1846 296 1900 τὰ
343 1848 526 1901 αὐτῶν
585 1850 832 1920 δόγματα
883 1856 1099 1909 καθείλέ
1153 1875 1212 1910 τε
1265 1860 1359 1913 καὶ
1417 1861 1801 1930 ἀνεθεμάτισε,

1910 684 2057 739 runt,
2084 687 2137 730 et
2168 679 2510 735 anathemate
2553 684 2899 747 damnarunt,
2933 689 3024 755 qni
3059 705 3178 745 eam
3208 706 3316 747 non
3348 708 3480 748 con-

1909 765 2190 823 iiterentur
2219 786 2338 824 esse
2370 771 2674 838 Deiparam.
2706 776 3078 833 Consimiliter
3105 792 3157 834 et
3188 782 3309 836 illos
3347 799 3478 838 ana-

1909 857 2131 913 themati
2166 862 2533 929 subjecernnt,
2566 870 2655 931 qui
2679 869 2821 922 aliud
2851 875 3152 940 symbolum
3185 891 3471 931 saerunwe

1905 950 2285 1006 documentum
2324 957 2619 1019 traderent,
2669 973 2864 1026 prmter
2899 964 2949 1015 id
2979 1003 2992 1027 ,
3027 968 3169 1033 quod
3206 981 3234 1019 a
3281 969 3490 1037 sanctis

1906 1043 2010 1097 5l8
2034 1047 2290 1100 Patrihus
2320 1051 2643 1113 expositum.
2673 1056 3013 1122 explanatum
3047 1060 3483 1130 declaratumque

1907 1133 2011 1188 fuit
2039 1152 2067 1188 a
2100 1135 2196 1190 l50
2226 1140 2425 1191 sanctis
2453 1139 2725 1196 Patribus.
2747 1147 2836 1213 qui
2864 1146 2965 1198 hac
2998 1148 3050 1200 in
3083 1151 3212 1202 urbe
3245 1153 3478 1221 impera-

1905 1227 2043 1280 toria
2075 1240 2461 1285 convenerunt.
2496 1231 2560 1284 Et
2599 1235 2768 1299 prima
2817 1236 3031 1301 quidem
3086 1237 3352 1304 Ephesina
3385 1257 3477 1312 sy-

1907 1317 2078 1371 nodus
2124 1319 2344 1386 impium
2402 1323 2547 1374 illum
2605 1323 2934 1387 Nestorium,
2969 1327 3191 1395 ejusque
3229 1331 3478 1399 dogmata

1905 1414 2182 1480 abrogavit
2225 1426 2274 1467 et
2323 1416 2663 1473 anathemate
2694 1421 3000 1485 damnavit;
3049 1425 3344 1493 eodemque
3381 1425 3479 1480 deo

1906 1505 2116 1557 mnavit
2149 1516 2199 1560 et
2251 1507 2370 1561 illos
2399 1510 2759 1575 anathemate,
2789 1513 2886 1579 qtti.
2924 1514 3040 1580 ejus
3067 1515 3348 1582 opiniones
3395 1515 3478 1570 vel

1905 1597 2075 1649 secuti
2103 1609 2304 1657 essent.
2338 1601 2420 1654 vel
2461 1617 2855 1670 sequerentur;
2893 1607 3049 1672 quive
3083 1624 3206 1662 cum
3257 1626 3321 1664 eo
3351 1627 3478 1663 con-

1905 1689 2232 1754 sensissent,
2266 1702 2355 1742 aut
2385 1698 2776 1748 consentirent.
2811 1697 3069 1752 Sanctum
3101 1715 3229 1753 vero
3254 1701 3477 1755 Chalce-

1905 1777 2141 1834 donense
2187 1781 2470 1836 concilium
2521 1787 2817 1856 abrogavit,
2856 1797 2908 1841 et
2951 1790 3151 1844 sanctis
3186 1789 3272 1844 Dei
3309 1792 3478 1846 eccle-

1904 1870 1998 1922 siis
2026 1871 2204 1938 ejecit,
2230 1882 2391 1941 atque
2415 1875 2756 1929 anathemate
2786 1877 3081 1938 damnavit.
3109 1891 3219 1933 tum
3250 1882 3473 1948 impium

227 1940 329 1993 καὶ
364 1943 488 2004 τοὺς
513 1942 583 1996 τὰ
608 1944 774 1998 αὐτοῦ
809 1949 1189 2016 φρονήσαντας
1219 1951 1251 2023 ἢ
1287 1928 1650 2022 φρονοῦντας,
1702 1956 1796 2009 καί

1905 1960 2051 2013 illum
2086 1960 2399 2029 Eutychem,
2431 1965 2656 2031 eiusque
2683 1967 2952 2034 dogmata,
2985 1979 3094 2022 tum
3125 1967 3242 2039 ejus
3269 1973 3477 2038 Opinio-

227 2031 353 2093 τοὺς
389 2034 820 2098 συναινέσαντας
850 2038 999 2106 αύτῷ
1030 2039 1062 2107 ἢ
1109 2045 1496 2110 συναινοῦντας
1529 2042 1801 2115 ἀνεθεμά-

221 2135 377 2173 τισεν
406 2134 421 2150 °
460 2121 494 2187 ἡ
522 2121 581 2174 δὲ
622 2123 679 2176 ἰν
703 2123 1007 2194 Χαλκηδόνι
1036 2128 1170 2196 ἁγία
1203 2131 1422 2196 σύνοδος
1459 2135 1680 2188 καθείλέ
1738 2154 1798 2189 τε

225 2209 329 2264 καὶ
387 2211 612 2276 ἐξέϐαλε
663 2215 774 2270 τῶν
805 2218 976 2285 ἁγίων
1020 2219 1113 2273 τοῦ
1168 2221 1303 2276 Θεοῦ
1342 2226 1670 2294 ἐκκλησιῶν,
1705 2228 1800 2280 καὶ

221 2303 587 2373 ἁνεθεμάτισε
618 2307 712 2360 καί
743 2308 834 2361 τὸν
865 2310 1040 2381 ἀσεϐῆ
1068 2313 1338 2384 Εὐτυχέα,
1392 2317 1484 2370 καὶ
1526 2316 1592 2371 τὰ
1631 2317 1798 2373 αὑτοῦ

219 2394 496 2466 δόγματα,
530 2400 623 2451 καὶ
645 2399 774 2462 τοὺς
803 2399 869 2453 τά
893 2401 1057 2454 αὐτοῦ
1076 2406 1452 2473 φρονήσαντας
1478 2407 1510 2476 ἢ
1538 2408 1800 2476 φρονοῦν-

217 2505 350 2554 τας,
394 2493 646 2553 καὶτοὺς
692 2494 1183 2565 συναινέσανταςῆ
1245 2499 1652 2564 συναινοῦντας,
1703 2501 1800 2555 καὶ

223 2585 440 2647 πάντας
463 2585 520 2638 δὲ
555 2585 683 2648 τοὺς
723 2587 1063 2657 αἰρετικοῦς,
1095 2593 1191 2642 καὶ
1217 2589 1286 2643 τὰ
1322 2590 1503 2644 αὐτῶν
1523 2589 1796 2660 δόγματα,

221 2676 322 2731 καὶ
357 2677 485 2740 τοὺς
519 2679 588 2732 τὰ
613 2679 793 2739 αὐτῶν
822 2683 1206 2750 φρονήσαντας
1236 2682 1268 2753 ἢ
1309 2684 1642 2752 φρονοῦντας
1666 2687 1796 2738 ἁνε-

223 2771 545 2839 θεμάτισεν.
586 2770 822 2839 Ὁμοίως
861 2774 917 2828 δὲ
948 2775 1311 2845 ἁνεθεμάτισε
1359 2778 1454 2831 καί
1501 2779 1798 2850 Νεστόριον

223 2862 331 2918 καὶ
361 2864 430 2917 τὰ
464 2865 631 2919 αὐτοῦ
666 2866 936 2937 δόγματα,
976 2870 1074 2922 καὶ
1102 2871 1230 2934 τοὺς
1261 2871 1329 2922 τὰ
1361 2872 1530 2924 αὐτοῦ
1593 2875 1799 2943 φρονή.

226 2972 435 3020 σαντας
460 2958 492 3028 ἢ
526 2959 880 3030 φρονοῦντας,
923 2962 1017 3014 καὶ
1046 2962 1171 3022 τοὺς
1199 2963 1626 3025 συναινέσαντας
1649 2965 1800 3034 αὐτῷ

225 3051 263 3112 ἢ
299 3052 706 3113 συναινοῦντας.
752 3053 818 3105 Ἥ
849 3053 988 3124 αὐτὴ
1014 3054 1069 3108 δὲ
1101 3056 1158 3107 ἐν
1188 3053 1497 3124 Χαλκηδόνι
1516 3055 1645 3124 ἁγία
1673 3056 1800 3109 σύν-

224 3141 352 3205 οδος
377 3142 472 3196 καὶ
517 3143 616 3213 τήν
654 3145 750 3197 τοῦ
802 3145 1040 3214 μεγάλου
1102 3145 1352 3216 Πρόκλου
1409 3147 1547 3218 πρὸς
1594 3147 1800 3218 Ἀρμε-

1902 2067 1998 2105 nes
2046 2065 2280 2116 secutos,
2311 2055 2391 2108 vel
2425 2067 2734 2125 sequentes.
2767 2070 2820 2113 et
2859 2063 2948 2129 qui
2978 2078 3096 2116 cum
3128 2079 3193 2117 eo
3227 2067 3307 2117 vel
3345 2083 3477 2121 con-

1903 2145 2219 2210 sensissent,
2273 2147 2356 2201 vel
2406 2151 2806 2215 consentirent;
2858 2163 3018 2220 atque
3058 2170 3249 2210 omnes
3300 2159 3461 2211 etiam

1905 2236 2185 2292 haereticos
2211 2253 2504 2308 eorumque
2530 2242 2773 2308 dogmata
2801 2256 2920 2296 cum
2953 2243 3038 2310 iis,
3067 2247 3153 2308 qui
3191 2247 3472 2315 opinion--s

1903 2327 2139 2396 ipsorum
2175 2330 2403 2396 amplexi
2437 2340 2644 2396 essent,
2673 2334 2758 2386 vel
2797 2336 3287 2402 amplecterentur;
3316 2343 3474 2405 quive

1902 2433 2022 2474 cum
2063 2420 2141 2474 eis
2171 2423 2612 2486 consensi~scnt,
2657 2433 2750 2476 ant
2801 2426 3192 2489 consentirent,
3245 2430 3474 2481 anathe-

1904 2517 2046 2561 mate
2094 2510 2379 2577 percussit.
2409 2510 2771 2567 Consimiliter
2799 2523 2852 2567 et
2892 2513 3198 2569 Nestorium
3249 2520 3476 2571 anathe-

1904 2599 2034 2653 mati
2082 2600 2331 2666 subjecit,
2370 2599 2593 2668 ejusque
2627 2604 2914 2672 dogmata;
2949 2621 3068 2658 cum
3106 2608 3190 2669 iis.
3238 2609 3328 2676 qui
3362 2611 3477 2677 epi-

1902 2692 2090 2746 niones
2131 2693 2298 2758 ipsius
2348 2695 2577 2762 amplexi
2611 2707 2830 2762 essent,
2869 2697 2950 2752 vel
2984 2699 3474 2768 amplecterentur;

1901 2780 2060 2849 quive
2084 2796 2203 2835 eum
2226 2797 2291 2837 co
2312 2786 2735 2846 consensissent.
2759 2796 2851 2839 ant
2868 2792 3252 2843 consentirent.
3272 2789 3471 2844 Eadem

1902 2883 2056 2925 sacra
2083 2873 2910 2946 Chalcedonensis““synodus
2939 2879 3102 2932 etiam
3137 2881 3308 2948 magni
3336 2881 3477 2933 illius

1901 2960 2077 3016 Procli
2107 2964 2383 3030 epistolam
2419 2967 2485 3018 ad
2513 2966 2796 3022 Armenios
2831 2969 3109 3038 scriptam,
3147 2986 3250 3038 qua
3282 2980 3479 3025 tracta-

1903 3062 2017 3118 tur,
2046 3055 2149 3108 dici
2187 3055 2404 3121 debere,
2442 3057 2584 3124 quod
2621 3057 2879 3112 Dominus
2921 3072 3109 3114 noster
3137 3059 3291 3116 Jesns
3316 3061 3476 3116 Citri-

1904 3154 2044 3210 stus,
2082 3145 2251 3199 Filius
2291 3146 2378 3200 ille
2425 3146 2538 3212 Dei,
2587 3147 2837 3217 Deusqnc
2870 3161 3057 3206 noster
3085 3191 3100 3216 ,
3131 3167 3266 3206 unus
3302 3153 3372 3206 sit
3407 3168 3471 3206 ev

226 3232 380 3296 νίους
412 3236 724 3304 γραφεῖσαν
751 3235 1045 3307 ἐπιστολὴν
1074 3239 1203 3308 περί
1243 3238 1340 3292 τοῦ
1389 3242 1585 3310 χρῆναι
1614 3239 1796 3308 λέγειν

1904 3251 2088 3296 sancta
2135 3239 2422 3304 Trinitate,
2465 3254 2562 3306 per
2608 3241 2920 3296 relationem
2972 3257 3122 3296 suam
3176 3244 3377 3311 recepit
3423 3255 3479 3298 et

223 3324 321 3377 τὸν
345 3327 625 3395 Δεσπότην
663 3326 822 3396 ήμῶν
875 3327 1086 3397 Ἰησοῦν
1134 3330 1370 3399 Χριστὸν
1414 3330 1505 3384 τὸν
1540 3331 1666 3385 Υίῆν
1701 3331 1795 3384 τοῦ

226 3415 370 3468 Θεοῦ
416 3417 512 3470 καί
541 3416 674 3470 Θεὸν
728 3417 886 3488 ήμῶν
933 3419 1028 3472 ἕνα
1075 3419 1176 3489 τῆς
1223 3421 1389 3488 ἁγίας
1431 3422 1662 3491 Τριάδος
1708 3424 1797 3478 διὰ

228 3507 334 3572 τῆς
367 3509 575 3572 οἰκείας
626 3511 906 3580 ἀναφορᾶς
942 3511 1160 3577 ἐδέξατό
1191 3529 1249 3565 τε
1294 3514 1387 3567 καί
1437 3515 1795 3570 ὲὸεόαίωσεν.

225 3602 423 3673 Εἰγὰρ
448 3603 545 3665 τὰς
571 3603 874 3673 εἰρημένας
930 3604 993 3672 δὴ
1042 3606 1206 3672 ἁγίας
1241 3606 1494 3669 συνόδους
1535 3609 1798 3677 παρεξέλ-

224 3692 432 3761 Θωμεν,
483 3692 515 3763 ἢ
579 3695 649 3745 τὰ
705 3693 838 3762 παρ’
868 3693 1050 3746 αὐτῶν
1097 3694 1531 3758 διατυπωθέντα,
1583 3697 1798 3767 δίδομεν

220 3786 409 3840 ἄδειαν
441 3788 550 3847 τοίς
575 3785 953 3856 καθαιρεθείσι
987 3786 1119 3856 παρ’
1139 3787 1321 3840 αὐτῶν
1356 3791 1656 3859 αἰρετικοτς
1699 3791 1794 3844 καὶ

219 3880 339 3940 τοῖς
361 3876 541 3929 αὐτῶν
571 3876 808 3944 δόγμασι
841 3879 942 3945 τήν
997 3878 1211 3931 ἑαυτῶν
1244 3877 1441 3948 λοίμην
1497 3880 1658 3934 πάλιν
1713 3882 1796 3945 εἰς

219 3971 323 4034 τὰς
353 3972 514 4039 ἁγίας
537 3970 631 4024 τοῦ
667 3969 803 4023 Θεοῦ
854 3970 1180 4040 Ἐκκλησίας
1214 3971 1622 4026 ἐνδείκνυσθαιο
1658 3976 1796 4046 ὅπερ

219 4063 324 4117 οὐκ
355 4063 630 4130 ἰνδέχεται
667 4061 982 4132 πραχθῆναί
1013 4079 1163 4115 ποτε·
1198 4061 1271 4132 μὴ
1297 4062 1532 4129 γένοιτο.
1579 4063 1796 4138 Ἐπειδὴ

219 4155 282 4206 αἰ
308 4153 599 4224 εἰρημέναι
628 4153 892 4222 τέσσαρες
909 4152 1064 4219 ἁγιαι
1097 4151 1306 4204 σύνοδοι
1328 4151 1416 4204 διὰ
1444 4152 1554 4206 τῶν
1577 4155 1796 4208 οἰκείων

222 4244 515 4311 δογμάτων
542 4245 668 4305 τοὺς
698 4244 1033 4311 αίρετικοὺς,
1070 4244 1166 4295 καὶ
1206 4243 1275 4294 τὰ
1310 4242 1517 4295 τούτων
1549 4243 1797 4312 δόγματα

224 4335 514 4398 ἱξέὸαλον·
546 4336 642 4388 καὶ
675 4335 730 4385 εί
762 4351 844 4396 τις
867 4336 1003 4402 πρὸς
1036 4335 1165 4402 μίαν
1183 4335 1293 4386 τῶν
1329 4335 1639 4403 εἰρημένων
1667 4352 1793 4387 συν-

222 4427 363 4480 όδων
397 4422 758 4494 ἀμφιϐάλλοι,
795 4424 1064 4493 πρόδηλός
1093 4425 1240 4476 ὲστιν
1265 4425 1446 4477 ὲκείνα
1478 4425 1692 4493 φρονῶν
1725 4425 1796 4478 τὰ

219 4519 496 4586 δόγματα,
527 4517 598 4570 τὰ
637 4516 767 4587 παρ’
792 4517 970 4568 αὐτῶν
1004 4515 1340 4585 ἐκϐληθέντα
1375 4533 1432 4568 τε
1465 4517 1560 4570 καὶ
1598 4517 1795 4570 ἀναθε-

225 4609 579 4678 ιιατισθέντα.
614 4608 822 4676 Μηδεὶς
852 4607 1030 4660 τοίνυν
1063 4607 1208 4676 ὑμᾶς
1261 4607 1555 4673 ταραξάτω
1618 4608 1788 4660 ἐλπίδι

225 4695 439 4766 ματαίᾳ
472 4694 870 4764 κρατούμενος.
894 4696 976 4747 ὅτι
1009 4697 1167 4765 ήμεῖς
1198 4693 1442 4747 ἐναντίον
1495 4696 1604 4748 τῶν
1643 4699 1794 4768 air/q-

225 4805 256 4854 ν
271 4787 409 4839 ἔνων
443 4787 614 4853 ἁγίων
662 4785 944 4856 τεσσάρων
978 4787 1209 4842 συνόδων
1240 4786 1580 4856 ἐπράξαμεν,
1606 4787 1794 4859 ἢπρά-

223 4878 412 4946 ξομεν,
441 4875 474 4943 ἦ
505 4874 819 4946 πραχθῆναι
878 4876 1029 4944 παρὰ
1077 4893 1185 4928 τισι
1235 4877 1690 4945 συγχωρήσομεν,
1757 4876 1788 4944 ἦ

222 4966 652 5036 περιαιρεθῆναι
709 4965 808 5036 τήν
870 4966 976 5018 τῶν
1026 4967 1198 5034 ἁγίων
1250 4966 1431 5019 αὐτῶν
1505 4969 1793 5034 τεσσάρων

219 5061 380 5113 ὁσίαν
415 5060 637 5128 μνήμην
667 5060 730 5112 εκ
779 5057 888 5110 τῶν
947 5059 1256 5128 εἰρημένων
1309 5058 1410 5127 τῆς
1455 5058 1785 5126 Ἑκκλητιίας

221 5150 502 5221 διπτύχων
548 5150 871 5221 ἀνεξόμεθα.
905 5151 1125 5214 Πάντας
1156 5150 1265 5220 γὰρ
1299 5153 1422 5214 τοὺς
1457 5151 1590 5219 παρ’
1615 5150 1795 5202 αὐτῶν

1903 3319 2262 3387 confirmavit.
2320 3329 2583 3385 Nimirum
2639 3332 2682 3386 si
2735 3343 2884 3386 extra
2931 3345 3165 3401 quatuor
3217 3335 3479 3389 iudicatas

1902 3432 2120 3477 sanctas
2170 3423 2426 3492 synodos,
2463 3422 2548 3476 vel
2599 3423 2667 3477 ab
2713 3424 2793 3479 eis
2827 3425 3050 3488 sancita,
3098 3424 3470 3488 deﬂectimus,

1902 3513 2172 3568 licentiam
2205 3513 2497 3577 luereticis,
2527 3528 2661 3580 quos
2695 3513 2797 3568 illae
2822 3513 3226 3580 destruxernnt,
3265 3526 3316 3569 et
3349 3499 3479 3584 dog;

1901 3607 2136 3661 matibus
2161 3619 2348 3660 eorum
2385 3604 2730 3660 concedimus
2753 3643 2768 3668 ,
2804 3617 3008 3674 peSIem
3061 3621 3212 3661 suam
3267 3607 3474 3660 sanctis

1904 3699 1996 3753 Dei
2054 3698 2308 3752 Ecclesiis
2335 3699 2663 3751 ostentandi.
2716 3697 2867 3763 Quod
2913 3698 3073 3760 absit,
3129 3709 3188 3751 ut
3240 3713 3476 3768 unquam

1907 3791 2019 3844 ﬂeri
2051 3789 2232 3842 liceat.
2265 3787 2710 3856 Quandoquidem
2746 3789 2994 3842 indicata:
3025 3799 3257 3858 quatuor
3287 3791 3478 3860 synodi

1902 3878 2138 3936 decretis
2168 3879 2284 3933 suis
2316 3889 2423 3930 tam
2469 3878 2616 3946 ipsos
2646 3877 2949 3942 haereticos,
2977 3892 3137 3946 quam
3162 3893 3351 3933 eorum
3388 3879 3482 3935 do-

1902 3979 2081 4040 gmata
2110 3967 2432 4034 expulerunt
2465 3982 2478 4018 :
2520 3981 2584 4022 ac
2616 3967 2660 4021 si
2687 3967 2808 4036 quis
2838 3969 2903 4022 de
2937 3983 3044 4021 uno
3078 3969 3343 4023 dictorum
3393 3985 3478 4024 sa-

1900 4075 2127 4115 crorum
2159 4058 2521 4114 conciliorum
2554 4057 2788 4120 dubitet,
2823 4058 2870 4114 is
2901 4060 3188 4114 manifesto
3211 4074 3270 4114 se
3303 4060 3479 4128 prodit

1901 4151 2150 4221 amplecti
2190 4166 2252 4207 ea
2285 4151 2556 4222 dogmata,
2586 4165 2706 4220 qua:
2752 4151 2820 4204 ab
2867 4151 2970 4204 illis
3006 4151 3204 4217 reiecta
3241 4160 3388 4211 sunt.
3425 4162 3480 4205 et

1900 4244 2244 4297 anathemate
2293 4242 2562 4294 damnata.
2616 4241 2784 4296 Nemo
2832 4242 2995 4312 igitur
3053 4241 3326 4296 incassum
3373 4258 3472 4296 nos

1903 4335 2101 4397 turbet,
2131 4346 2228 4401 spe
2253 4346 2389 4384 vana
2422 4329 2705 4394 snhnixus,
2737 4331 2890 4399 quasi
2924 4346 3024 4385 nos
3051 4331 3252 4399 aliquid
3282 4332 3478 4386 adver-

1900 4440 1992 4480 sus
2023 4424 2290 4478 iudicatas
2315 4431 2545 4488 quatuor
2568 4423 2803 4493 synodos
2835 4422 3239 4488 admiserlmus,
3269 4425 3351 4477 vel
3378 4423 3478 4476 ad-

1900 4516 2113 4570 missuri
2142 4515 2328 4575 simus.
2369 4514 2454 4568 vel
2493 4515 2801 4568 concessurl
2831 4555 2847 4578 ,
2889 4522 2948 4568 ut
2988 4515 3341 4578 admittatur;
3391 4513 3476 4566 vel

1904 4605 2206 4668 toleraturi,
2242 4613 2299 4657 nt
2331 4603 2644 4659 earumdem
2691 4613 3002 4660 sanctarum
3033 4615 3268 4673 quatuor
3310 4619 3472 4674 syno-

1902 4699 2091 4753 dorum
2126 4696 2376 4763 religiosa
2412 4695 2668 4748 memoria
2697 4696 2761 4748 de
2794 4695 3044 4748 indicatis
3088 4693 3338 4749 Ecclesize
3381 4708 3477 4748 co-

1903 4788 2113 4842 dicibus
2137 4785 2788 4857 tollatur(l5).Universos
2809 4786 2952 4840 enim
2983 4787 3051 4840 ab
3075 4787 3153 4840 eis
3179 4785 3476 4854 depositm,

1903 4889 1957 4933 et
2009 4878 2355 4932 anathemate
2411 4878 2714 4942 damnatos,
2770 4891 2874 4930 una
2928 4891 3048 4930 cum
3103 4877 3472 4944 depdsitorun-i

1904 4969 2272 5034 dogmatibus,
2315 4979 2370 5023 et
2401 4970 2485 5032 iis,
2517 4969 2606 5036 qui
2639 4969 2926 5038 opiniones
2956 4967 3194 5036 ipsorum
3240 4966 3475 5036 amplexi

1901 5074 2048 5128 sunt,
2101 5063 2183 5117 vel
2246 5061 2688 5133 amplectuntur,
2727 5058 3054 5113 anathemati
3115 5057 3470 5111 devovemus.

1906 5151 2268 5220 Quamobrem
2324 5157 2444 5204 oret
2491 5163 2589 5220 pro
2635 5148 2816 5214 nobis,
2851 5155 2906 5201 et
2943 5145 3216 5216 republica
3247 5155 3431 5200 nostra
3455 5183 3473 5207 ,

1419 5314 1751 5377 Annibalis
1786 5311 2035 5376 Fahroti
2067 5317 2255 5374 notua.

298 5462 411 5533 (14)
458 5461 655 5516 Eadem
682 5480 832 5518 sacra
864 5464 1114 5519 Chalced.
1143 5463 1286 5518 Idem
1323 5463 1564 5518 Facund.
1596 5464 1795 5517 Eadem

225 5549 345 5586 vero
374 5546 558 5586 sancta
594 5533 1024 5587 Chalcedonensis
1047 5536 1298 5602 synodus.
1324 5547 1372 5592 et
1403 5537 1578 5602 magni
1613 5533 1792 5586 Procli

223 5605 297 5656 ad
335 5603 607 5656 Armenios
635 5605 880 5670 scriptam
908 5607 1202 5668 epistolam,
1237 5607 1300 5657 de
1337 5621 1395 5657 eo
1419 5607 1561 5669 quod
1593 5617 1788 5663 oportet

225 5675 400 5725 dicrre
448 5671 723 5726 Dominum
775 5673 959 5735 Iesum
1007 5675 1271 5728 Christum
1325 5673 1524 5726 Filium
1575 5673 1686 5738 Dei,
1739 5686 1786 5726 et

226 5741 391 5794 Deum
429 5751 689 5805 nostrum,
722 5760 880 5796 unum
913 5757 1106 5796 sancta
1161 5743 1453 5804 Trinitatis,
1495 5759 1584 5810 per
1631 5760 1782 5796 suam

223 5812 533 5864 rdetionent
563 5813 776 5874 suscepit
815 5823 863 5865 et
909 5814 1253 5878 conﬁrmavit.
1310 5813 1366 5866 St'
1402 5816 1537 5864 enim
1593 5813 1785 5876 prtrdi-

227 5894 340 5934 tta:
366 5891 575 5935 sanctas
617 5892 843 5942 quatuor
872 5885 1094 5941 etmodo:
1118 5883 1577 5950 eqredia:ttttr,nnt
1609 5883 1672 5935 ab
1702 5884 1779 5936 Itis

1903 5464 2180 5526 disposita,
2223 5462 2409 5513 damus
2450 5459 2758 5527 facultatem
2797 5459 3077 5519 hrerett'cis,
3118 5457 3207 5523 qui
3240 5457 3472 5527 depositi

1901 5534 1964 5583 ob
1991 5533 2065 5582 eis
2113 5541 2256 5589 mut,
2297 5541 2345 5581 et
2372 5546 2551 5583 eorum
2578 5529 2905 5596 dogmatibus
2937 5544 3084 5579 suam
3119 5526 3478 5591 pestilentiam

1898 5602 2084 5654 iterum
2118 5602 2172 5652 in
2199 5611 2409 5653 sanctas
2445 5599 2538 5650 Dei
2571 5598 2827 5650 Ecclesia;
2859 5607 3149 5649 ostentare.

1967 5670 2081 5736 (ίεὶ)
2125 5669 2408 5723 (Iudicibus
2443 5669 2680 5720 tollatur.
2718 5665 2880 5719 Sexta
2917 5668 3153 5734 synodus
3181 5664 3360 5736 colla}.
3391 5663 3472 5736 θὶς

1897 5731 2122 5793 Sanctus
2151 5751 2380 5807 quattmr
2415 5737 2642 5812 synodos
2683 5731 2956 5812 mujestoa'
2978 5736 3136 5812 ipsius
3171 5733 3256 5812 (de
3302 5731 3470 5812 iusti.-

1895 5811 2076 5868 niano)
2115 5801 2279 5860 zu'cn'a
2310 5801 2566 5874 diptgjcliis
2617 5801 2778 5859 inseri
2821 5818 2879 5858 et
2928 5805 3185 5872 publicari
3219 5803 3360 5869 fecit.
3407 5801 3470 5856 ν.

1893 5879 2086 5944 Evagr.
2112 5879 2204 5932 lib.
2237 5893 2306 5942 tv,
2343 5893 2388 5930 c.
2426 5878 2504 5930 ll.
