3970 6486
470 317 614 385 1115

1679 315 1960 374 TIIEOD.
2000 309 2488 372 BALSAMONIS

3609 292 3746 357 1116

538 429 653 484 Lib.
681 445 722 496 ι,
747 428 832 482 tit.
860 427 916 494 5,
950 428 1168 484 c0nstit.
1207 428 1270 480 l0
1303 423 1436 500 (8i),
1479 426 1633 496 cujus
1691 424 1931 484 initium,
1979 422 2034 477 Si
2063 478 2064 483 η

2211 421 2332 474 Βισ.
2368 419 2437 485 α’,
2475 419 2580 473 τιτ.
2617 416 2685 486 γ’,
2712 415 2852 470 διάτ.
2883 420 2937 479 ι’,
2965 408 3032 487 ἧς
3055 413 3089 482 ἡ
3121 410 3290 481 ἀρχὴ,
3317 407 3378 465 Si
3414 408 3561 478 quis.
3603 406 3747 460 Ἐάν

463 525 599 592 quis,
617 523 718 588 Qui
744 522 822 578 vel
843 522 1276 588 impressionem,
1294 519 1372 574 vel
1391 532 1774 586 quamcunque
1793 515 2045 583 injuriam

469 616 722 668 Ecclesia:
741 613 860 667 loco
892 612 1093 666 inferre
1118 620 1344 666 conatus
1375 609 1558 673 fuerit,
1591 608 1810 677 capituli
1836 607 2048 675 suppli-

470 709 555 759 cio
583 706 830 774 punitur.

536 795 656 853 Lib.
684 813 722 860 ι,
761 796 844 850 tit.
872 798 926 859 3.
952 796 1171 851 coustit.
1211 795 1295 858 l5,
1337 794 1492 863 cujus
1530 792 1764 855 initium,
1795 790 1856 866 Si
1882 791 2049 844 eccle-

467 889 582 941 sia.
614 887 715 954 Qui
749 886 1104 943 ecclesiarum
1132 885 1418 956 privilegia
1467 883 1649 949 violat,
1706 883 1945 953 quinque
1982 882 2047 934 li-

470 980 686 1032 brarum
710 978 830 1032 auri
869 977 1091 1032 multam
1131 986 1370 1047 prastat.

542 1149 660 1203 Lib.
700 1165 738 1215 ι,
775 1150 858 1202 ιὶι.
896 1149 950 1214 5,
983 1150 1205 1202 constit.
1241 1147 1335 1212 20,
1366 1148 1518 1218 cujus
1543 1146 1779 1211 initium,
1822 1143 1884 1199 Si
1908 1146 2048 1213 quis.

477 1240 578 1293 libi
611 1240 864 1306 clericus,
893 1239 972 1291 vel
1003 1239 1322 1300 monachus,
1355 1238 1438 1291 vel
1465 1238 1797 1301 diaconissa,
1840 1237 1920 1290 vel
1962 1251 2052 1290 so-

472 1331 689 1394 litaria,
752 1332 900 1387 nullo
939 1330 1156 1385 condito
1205 1328 1894 1394 testamentodecesserit,
1954 1341 2053 1380 nec

470 1424 589 1490 ejus
622 1425 992 1478 lmreditatem
1019 1424 1212 1478 adierit
1234 1424 1490 1489 ecclesia,
1518 1424 1602 1476 vel
1631 1420 2044 1486 monasterium,

473 1523 757 1584 propterea
791 1516 933 1584 quod
962 1525 1104 1569 esset
1143 1514 1502 1584 ascriptitius,
1548 1525 1646 1567 aut
1680 1511 1928 1576 libertus,
1961 1520 2055 1565 aut

474 1606 699 1661 curialis
743 1626 755 1662 :
799 1609 842 1660 si
895 1622 1028 1676 quas
1094 1608 1256 1661 habet
1307 1606 1566 1660 adversus
1620 1621 1744 1659 eum
1810 1605 2052 1658 actiones

474 1699 728 1763 ecclesia,
761 1698 844 1754 vel
870 1701 1274 1766 monasterium,
1307 1700 1570 1756 adversus
1613 1698 1855 1752 hazreucs
1889 1712 2051 1766 expe-

480 1793 667 1845 rietur.

551 1882 726 1949 Lib.t,
761 1883 845 1937 tit.
873 1884 924 1946 5,
953 1885 1176 1938 c0nstit.
1208 1882 1299 1947 22,
1335 1882 1492 1951 cujus
1538 1881 1777 1945 initium,
1835 1879 1893 1934 Si
1925 1896 2050 1950 qua.

478 1973 770 2044 Privilegia
806 1990 901 2043 per
935 1975 1188 2044 antiquas
1213 1972 1635 2029 constitutiones
1659 1972 1906 2027 ecclesiis
1933 1987 2058 2025 cou-

477 2079 654 2126 cessa,
687 2073 802 2118 rata
836 2065 964 2120 sint.

549 2155 669 2211 Lib.
709 2171 746 2221 1,
783 2158 866 2212 tit.
899 2158 954 2221 5,
980 2158 1204 2212 constit.
1231 2156 1324 2221 26,
1359 2157 1508 2223 cujus
1546 2157 1781 2215 initium,
1813 2156 2059 2208 Decerni-

479 2263 619 2299 mus.
663 2245 774 2302 Nec
806 2248 1079 2316 publicum
1114 2249 1330 2317 aliquod
1363 2246 1670 2311 ardiiicium,
1703 2261 1800 2301 nec
1827 2246 1967 2315 quod
1992 2246 2059 2300 ad

477 2338 931 2391 oblectamentum
967 2337 1202 2404 civitatis
1232 2337 1567 2391 destinatum
1591 2337 1683 2397 sit,
1716 2350 1747 2389 a
1778 2336 2060 2389 monachis

482 2436 576 2481 aut
604 2429 819 2484 clericis
853 2431 1161 2498 surripitor,
1195 2441 1252 2483 ut
1277 2429 1349 2483 sit
1374 2430 1622 2483 ecclesia.

559 2520 675 2575 Lib.
717 2539 755 2579 ι.
789 2522 877 2575 tit.
909 2522 962 2582 5.
1005 2524 1222 2576 c0nstit.
1262 2522 1353 2587 52,
1386 2522 1541 2589 cujus
1568 2521 1802 2585 initium,
1846 2520 2058 2576 Omnes.

483 2613 674 2670 Omnia
707 2617 1008 2686 privilegia,
1061 2631 1180 2685 quae
1229 2631 1324 2682 per
1353 2615 1604 2683 antiquas
1649 2615 2064 2671 constitutiones

480 2705 728 2761 ecclesiis
755 2723 1011 2762 concessa
1043 2719 1186 2771 sunt,
1217 2718 1334 2763 rata
1368 2715 1547 2762 sunto.

554 2886 673 2941 Lib.
709 2903 748 2950 ι,
787 2887 870 2941 ιίι.
897 2887 950 2951 5,
991 2888 1209 2942 constit.
1239 2888 1330 2949 54,
1359 2887 1514 2955 cujus
1552 2886 1790 2950 initium,
1843 2884 2061 2942 Omnia.

482 2979 774 3048 Privilegia
805 2981 1042 3047 przesnta
1065 2980 1333 3039 ecclesiis,
1367 2989 1459 3032 aut
1489 2979 1820 3044 hominibus,
1856 2988 1947 3034 aut
1975 2995 2062 3034 re-

484 3071 589 3125 bus
618 3071 991 3136 ecclesiarum,
1023 3071 1173 3125 firma
1204 3081 1384 3126 sunto.

557 3249 676 3304 Lib.
713 3267 750 3315 ι,
788 3251 870 3304 ιίι.
896 3253 950 3316 5,
975 3253 1192 3307 c0nstit.
1217 3253 1307 3319 μ,
1329 3254 1481 3323 cujus
1509 3253 1738 3319 initium,
1764 3254 1872 3308 τῶν
1898 3256 2062 3324 ιερῶν

489 3341 753 3396 κανόνων.
812 3341 1126 3412 Presbyter,
1167 3353 1260 3398 aut
1310 3345 1570 3399 diaconus
1610 3345 1743 3414 (82),
1783 3346 1837 3399 in
1876 3347 2066 3400 matri-

491 3433 674 3486 monio
697 3437 899 3486 versari
928 3449 1032 3487 non
1061 3446 1306 3503 possunt.
1343 3435 1705 3501 Quamobrem
1744 3437 1788 3492 si
1820 3436 1940 3504 quis
1967 3437 2069 3490 hoc

492 3521 707 3585 fecerit,
753 3531 806 3575 et
836 3523 990 3576 uxori
1026 3539 1137 3577 sua:
1179 3539 1263 3578 res
1297 3525 1508 3594 aliquas
1537 3524 1772 3589 dederit,
1811 3526 1892 3578 vel
1929 3526 2069 3579 inter

493 3613 646 3666 vivos
703 3614 1010 3678 donatione,
1059 3617 1140 3669 vel
1194 3617 1246 3670 in
1303 3627 1644 3683 testamento,
1691 3618 1942 3680 ecclesia,
1983 3618 2069 3672 cui

495 3705 703 3769 subest,
747 3721 838 3760 eas
887 3706 1027 3774 ipsas
1068 3707 1166 3760 sibi
1200 3707 1458 3762 vindicat.

570 3796 687 3851 Lib.
715 3813 751 3861 ι,
785 3799 867 3850 lit.
901 3799 954 3861 5,
981 3799 1199 3854 c0nstit.
1223 3800 1310 3862 55,
1336 3799 1488 3864 cujus
1526 3799 1759 3860 initium,
1791 3798 2068 3867 Παρίοισι.

496 3885 606 3939 Res
633 3884 768 3953 ejus,
801 3888 889 3956 qui
941 3887 1335 3949 diaconissam,
1386 3895 1478 3941 aut
1529 3888 1788 3955 virginem
1854 3891 2070 3956 rapuit;

495 3979 761 4041 ecclesia,
818 3979 903 4033 cui
956 3979 1176 4045 subest,
1247 3980 1404 4049 pleno
1477 3979 1717 4034 dominio
1784 3981 2071 4050 consequi-

501 4081 604 4120 tor.

573 4159 690 4214 Lib.
735 4177 772 4222 ι,
808 4162 890 4214 tit.
930 4163 982 4224 4,
1025 4164 1247 4217 c0nstit.
1281 4163 1333 4226 5,
1391 4163 1544 4232 cujus
1602 4165 1831 4230 initium,
1884 4168 2072 4221 Nemo.

501 4249 728 4304 Disserit
770 4253 880 4305 haec
908 4254 1240 4318 constitutio,
1271 4263 1325 4307 et
1354 4260 1597 4321 exponit,
1631 4256 1880 4324 qualibus
1908 4274 1935 4310 a
1972 4259 2076 4309 cri-

502 4341 743 4396 minibus
804 4341 1002 4398 festum
1074 4345 1284 4398 dierum
1349 4343 1691 4400 Paschalium
1753 4349 1864 4416 (83)
1935 4349 2072 4404 lihe-

501 4442 604 4483 ret.

577 4524 694 4578 Lib.
723 4541 758 4587 t,
797 4525 878 4579 tit.
911 4527 962 4591 5,
997 4526 1217 4580 coustit.
1246 4525 1297 4586 1,
1326 4525 1479 4593 cujus
1511 4526 1738 4591 initium,
1772 4528 2072 4598 Priviiegia.

505 4615 756 4671 [Luretici
850 4617 1093 4672 ecclesiis
1177 4616 1380 4669 indulta
1449 4617 1726 4687 privilegia
1795 4620 1896 4673 sibi
1967 4635 2073 4674 non

2147 532 2256 579 τις.
2301 514 2360 566 Ὀ
2392 511 2580 578 ἔφοδον
2611 510 2934 579 οἱανδήποτε
2978 505 3317 575 παρίσταται
3368 500 3746 571 ιπιχειρήσας

2148 607 2372 672 ποιῆσαι
2401 605 2479 673 τῷ
2524 605 2621 674 τῆς
2657 600 2982 669 Ἑκκλησίας
3019 599 3170 667 τόπῳ
3203 593 3534 664 κεφαλικῶς
3567 608 3745 658 τιμω-

2150 697 2350 765 ρεῖται.

2220 785 2340 840 Βισ.
2371 792 2440 846 α’,
2476 783 2580 837 τίτ.
2609 789 2676 850 7',
2713 781 2857 834 διάτ.
2903 775 2992 843 ιγ’,
3028 772 3146 850 ἦςὴ
3184 777 3352 848 ἁρχὴ,
3387 774 3451 831 Si
3484 772 3740 828 ecclesia.

2161 878 2308 934 Ἐὰν
2333 879 2372 944 ἠ
2419 876 2766 940 Ἐκκλησία.
2811 874 2870 926 ’0
2919 873 2986 924 τὰ
3021 871 3132 925 τῶν
3174 868 3526 938 Ἑκκλησιῶν
3563 882 3746 934 παρα-

2150 971 2392 1038 φθεῑρων
2432 967 2719 1038 προνόμια,
2754 965 3046 1033 privilegia,
3083 964 3249 1018 πέντε
3280 962 3474 1032 λίτρας
3510 958 3744 1029 χρυσίου

2151 1065 2508 1133 προτιμᾶται.

2221 1154 2342 1207 Βιὸ.
2374 1153 2444 1214 α’,
2473 1155 2578 1207 sit.
2603 1152 2674 1220 7',
2709 1151 2847 1204 διάτ.
2881 1155 2950 1214 κ’,
2976 1145 3092 1220 ἦςή
3116 1147 3285 1217 ἁρχὴ,
3315 1144 3377 1199 Si
3403 1144 3548 1205 quis.
3569 1141 3744 1194 Ἀδια-

2152 1246 2308 1299 θέτου
2341 1245 2773 1314 τελευτήσαντος
2807 1240 2902 1294 τοῦ
2934 1237 3226 1310 κληρικοῦ,
3271 1237 3302 1304 ἢ
3340 1235 3435 1288 τοῦ
3475 1233 3738 1303 μοναχοῦ,

2153 1338 2589 1406 ἢδιακονίσσης,
2633 1337 2665 1402 ἢ
2718 1332 3074 1402 μοναστρίας,
3122 1331 3215 1382 καὶ
3259 1329 3334 1396 μὴ
3387 1326 3743 1396 κληρονομη-

2154 1427 2338 1488 θέντος
2370 1426 2474 1480 ὑπὸ
2507 1428 2601 1493 τῆς
2633 1423 2966 1493 Ἐκκλησίας
3006 1421 3038 1490 ἢ
3085 1419 3181 1472 τοῦ
3216 1417 3616 1487 μοναστηρίου,
3658 1415 3746 1466 διὰ

2152 1519 2213 1570 τὸ
2240 1513 2382 1569 εἶναι
2424 1517 2588 1569 αὑτὸν
2628 1511 3074 1581 ὲναπόγραφονῆ
3108 1508 3513 1576 ἀπελεύθερον,
3550 1507 3583 1574 ἢ
3621 1505 3748 1574 βου-

2154 1607 2382 1675 λευτήν·
2414 1605 2466 1658 εἴ
2488 1622 2636 1667 τινας
2665 1605 2777 1673 ἔχει
2808 1604 2927 1656 κατ’
2960 1600 3126 1655 αὑτοῦ
3157 1599 3414 1666 ἀγωγὰς.
3449 1600 3483 1666 ἡ
3509 1598 3747 1666 Ἐκκλη-

2159 1700 2269 1762 σία,
2317 1699 2350 1768 ἢ
2401 1697 2764 1769 μοναδτήριον
2793 1695 3012 1764 κινήσει
3044 1693 3189 1745 κατὰ
3221 1692 3332 1744 τῶν
3381 1691 3580 1743 τούτου
3612 1689 3748 1756 κλης

2161 1791 2281 1859 ρονὸ
2288 1808 2424 1859 μων.

2231 1881 2349 1933 Βιὸ.
2389 1886 2461 1945 α’,
2514 1880 2620 1932 τιτ.
2666 1876 2736 1945 γ’,
2786 1878 2923 1930 διατ.
2959 1877 3066 1945 κβ’,
3117 1873 3184 1950 ἧς
3217 1879 3250 1946 ἡ
3286 1875 3458 1946 ἀρχὴ.
3490 1876 3565 1928 EI
3594 1891 3750 1937 τινα,

2161 1973 2218 2028 Si
2247 1990 2372 2042 qua.
2409 1971 2688 2042 Προνόμια
2736 1972 2805 2024 τὰ
2837 1973 2957 2033 ταῖς
2991 1968 3354 2038 Ἐκκλησίαις
3389 1971 3453 2020 ἐκ
3499 1966 3752 2020 παλαιῶν

2158 2061 2451 2127 διατάξεων
2484 2061 2812 2129 πεφιλοτιμη
2823 2060 2956 2128 μένα
2985 2058 3282 2127 κρατείτω.

2196 2153 2350 2207 οΒιὸ.
2397 2151 2466 2217 α’,
2499 2152 2608 2208 τιτ.
2648 2149 2717 2219 γ’,
2754 2151 2902 2206 διὰτ.
2933 2149 3049 2214 κς’,
3096 2144 3165 2218 ἦς
3211 2151 3244 2219 ἡ
3279 2149 3448 2219 ἀργὴ,
3501 2147 3756 2201 Decerni-

2163 2262 2300 2298 mus.
2350 2245 2486 2296 Ὑπὸ
2543 2241 2799 2312 μοναχῶν
2854 2243 2886 2311 ἢ
2946 2240 3225 2311 κληρικῶν
3285 2242 3427 2309 μήτε
3491 2241 3758 2309 δημόσιον

2162 2337 2532 2404 οἰκονόμημα,
2565 2336 2702 2403 μήτε
2734 2333 2867 2404 πρὸς
2892 2334 3084 2402 τέρψιν
3112 2331 3326 2395 πόλεως
3361 2333 3757 2402 ἀφωρισμένον

2164 2430 2244 2489 si;
2280 2429 2610 2497 Ἐκκλησίαν
2641 2426 3084 2495 ὑφαρπαζέσθω.

2237 2521 2357 2574 Βιὸ.
2408 2527 2478 2584 α’,
2529 2521 2638 2574 τιτ.
2674 2519 2746 2587 7',
2805 2520 2950 2573 διάτ.
3005 2519 3107 2588 λβ’,
3143 2514 3211 2591 ἧς
3249 2521 3283 2588 ὴ
3322 2518 3492 2587 ἀρχὴ,
3544 2517 3756 2570 Omnes.

2171 2613 2356 2665 Πάντα
2406 2613 2474 2663 τὰ
2524 2610 2866 2680 πριϐιλέγια,
2907 2608 3067 2662 ἆτινα
3119 2611 3240 2670 ταῖς
3276 2606 3646 2675 Ἐκκλησίαις
3701 2608 3761 2656 ὲκ

2170 2704 2418 2758 παλαιῶν
2466 2702 2764 2769 διατάξεων
2816 2699 3321 2769 πεφιλοτίμηνται,
3379 2697 3566 2750 ταῦτα
3627 2712 3756 2764 xpu-

2168 2798 2348 2850 τείτω.

2243 2889 2361 2942 Βιὸ.
2400 2888 2470 2953 α’,
2502 2887 2607 2940 τίτ.
2649 2894 2719 2954 7’,
2743 2886 2885 2939 διάτ.
2914 2884 3008 2946 λδ’,
3040 2879 3108 2954 ἦς
3139 2885 3172 2952 ἡ
3211 2881 3383 2951 ἀρχὴ,
3418 2879 3646 2933 Omnia.
3683 2876 3762 2929 Τὰ

2173 2981 2591 3050 παρασχεθέντα
2628 2979 2947 3049 πριὸιλέγια
2988 2980 3111 3039 ταῖς
3161 2975 3520 3042 ἐκκλησίαις,
3569 2973 3603 3042 ἢ
3655 2973 3761 3030 τοῖς

2091 3089 2134 3147 C
2166 3073 2501 3144 ἀνθρώποις,
2546 3071 2580 3141 ἢ
2638 3073 2946 3140 πράγματα
2993 3069 3103 3122 τῶν
3167 3065 3512 3135 ἐκκλησιῶν,
3569 3063 3762 3133 βέϐαια

2170 3166 2308 3219 ἔστω
2316 3183 2431 3218 σαν.

2244 3257 2363 3311 Βιῦ.
2399 3265 2468 3323 α’,
2507 3258 2612 3312 τίτ.
2642 3256 2711 3326 γ’,
2739 3255 2879 3308 διάτ.
2917 3252 3021 3321 μδ’,
3055 3247 3121 3322 ἦς
3157 3252 3189 3318 ἡ
3224 3249 3394 3317 ἀρχὴ.
3439 3245 3566 3299 Τῶν
3598 3242 3761 3312 ιερῶν

2175 3351 2470 3402 κανόνων.
2515 3347 2577 3403 Ὀ
2609 3345 2989 3416 πρεσϐύτερος
3019 3343 3052 3411 ἢ
3087 3344 3114 3393 ὁ
3146 3339 3400 3398 διάκονος
3443 3339 3505 3387 οὐ
3543 3337 3760 3388 δύναται

2177 3441 2376 3509 γάμοις
2430 3436 2812 3505 προσομιλεῖν.
2873 3432 3058 3495 Ὅθεν,
3111 3431 3208 3482 ea»
3270 3447 3356 3490 τις
3413 3427 3665 3480 τοιοῦτόν
3713 3442 3760 3476 τι

2177 3530 2401 3598 ποιήσῃ,
2447 3527 2540 3580 καὶ
2573 3527 2832 3596 παράσχῃ
2867 3527 2933 3593 τῇ
2970 3521 3166 3574 ἑαυτοῦ
3194 3523 3414 3589 γαμετῇ
3447 3538 3573 3571 τινα
3596 3519 3762 3587 πράγ-

2182 3638 2327 3692 ματα
2369 3619 2717 3686 ὲντερὸίϐως,
2776 3618 2808 3686 ἢ
2863 3619 2919 3668 ὲν
2972 3613 3228 3683 διαθήκῃ,
3287 3615 3320 3682 ἡ
3368 3610 3640 3680 ἐκκλησία
3679 3609 3761 3677 ὑφ’

2179 3709 2244 3778 ἣν
2273 3709 2437 3768 τελεῖ.
2469 3710 2645 3762 ταῦτα
2682 3709 2966 3761 διεκδικεῖ.

2252 3802 2368 3854 Β.6.
2412 3801 2480 3864 α’,
2513 3805 2616 3854 sit.
2651 3808 2720 3868 γ’,
2752 3801 2892 3856 διάτ.
2944 3806 3044 3867 εγ’,
3076 3792 3143 3868 ἦς
3175 3799 3206 3865 ἡ
3251 3795 3419 3864 ἀρχὴ,
3457 3795 3762 3862 Ἀρπατες.

2185 3894 2463 3960 Raptores.
2491 3894 2572 3945 Τὰ
2595 3893 2689 3944 τοῦ
2722 3892 3071 3959 ἁρπάσαντος
3105 3888 3464 3942 διακόνισσαν
3497 3890 3532 3957 ἢ
3569 3887 3760 3956 παρθέο

2181 3999 2272 4033 νυν
2310 3983 2614 4050 πράγματα
2660 3983 2692 4051 ἡ
2749 3982 3018 4051 ἐκκλησία
3054 3982 3146 4050 ὑφ’
3179 3981 3246 4051 ἣν
3278 3979 3450 4043 τελεῖ,
3504 3979 3648 4031 κατὰ
3682 3995 3762 4030 τε·

2183 4074 2330 4128 λείαν
2355 4075 2676 4127 δεσποτείαν
2707 4073 2998 4143 λαμϐάνει.

2256 4168 2375 4220 Βιὸ.
2405 4166 2475 4229 α’,
2502 4167 2608 4221 τίτ.
2663 4165 2732 4234 7',
2762 4167 2901 4220 διάτ.
2943 4173 3016 4234 γ’,
3063 4161 3132 4237 ἦς
3169 4168 3203 4235 ή
3250 4164 3421 4234 ἀρχὴ,
3479 4163 3668 4217 Nemo.
3705 4160 3762 4212 Ἢ

2185 4257 2428 4322 διάταξις
2463 4257 2823 4326 διαλαμϐάνει
2849 4260 2942 4312 καὶ
2975 4259 3149 4325 λέγει,
3198 4257 3372 4309 ποίων
3408 4255 3762 4326 ἐγκλημάτων

2183 4349 2459 4417 ἐλευθεροῖ
2485 4352 2518 4418 ἡ
2563 4351 2724 4421 ἑορτὴ
2758 4351 2864 4404 τῶν
2900 4350 3220 4419 πασχαλίων
3256 4349 3507 4416 ἡμερῶν.

2260 4528 2382 4581 Βιϐ.
2422 4536 2492 4592 α’,
2537 4530 2644 4584 τίτ.
2691 4536 2750 4591 ε’,
2785 4528 2928 4582 διάτ.
2961 4531 3031 4590 α’,
3072 4523 3140 4598 ἦς
3187 4528 3219 4595 ἡ
3253 4527 3423 4596 ἁρχὴ,
3454 4527 3761 4594 Προνόμια,

2190 4619 2502 4690 Privilegia.
2547 4620 2610 4672 Οἱ
2656 4619 2925 4687 αἱρετικοὶ
2953 4617 3029 4688 μὴ
3059 4617 3460 4670 ὲκδικείτωσαν
3493 4617 3562 4668 τὰ
3594 4632 3762 4685 παρα-

1697 4764 2035 4825 Annibalis
2061 4765 2316 4825 Fabroti
2355 4775 2537 4823 notae.

580 4884 690 4949 (8|)
755 4883 1072 4936 Constitutio
1119 4899 1174 4938 χ.
1223 4882 1354 4939 Vide
1416 4882 1633 4939 Saresb.
1692 4885 1809 4942 Pol.
1850 4888 1945 4940 lib.
2017 4906 2068 4953 ν,

509 4970 561 5008 c.
599 4955 648 5004 εἰ.

584 5022 695 5089 (8'2)
732 5022 1007 5092 Presbyter
1027 5034 1119 5077 aut
1143 5027 1418 5079 diaconus.
1451 5025 1787 5093 Presbyteri,
1832 5026 2076 5087 diaconi,

515 5101 569 5145 et
593 5092 917 5164 subdiaconi
982 5097 1391 5148 matrimonium
1441 5092 1771 5148 contrahere
1809 5111 1913 5148 non
1955 5112 2081 5164 pos-

517 5172 664 5220 sunt.
699 5163 936 5228 alioquin
1002 5164 1068 5215 ab
1100 5165 1278 5217 oilicio
1309 5176 1675 5222 removentur.
1713 5180 1831 5231 cap.
1865 5167 1886 5217 1
1945 5163 1996 5218 et
2024 5167 2077 5228 2,

517 5243 656 5284 extr.
692 5231 927 5297 quicler.
971 5235 1048 5284 vel
1083 5244 1339 5288 voventes.
1371 5233 1578 5287 Concil.
1629 5234 1977 5288 Aureltancn.
2017 5251 2077 5300 tt,

520 5319 568 5351 ιτ.
607 5302 659 5359 8,
700 5309 917 5368 propter
961 5313 1143 5355 votum
1200 5306 1589 5357 continentiae:
1632 5305 1761 5370 quia
1824 5315 1931 5356 tam
1965 5306 2081 5358 dia-

523 5371 645 5423 coni
680 5387 839 5435 quam
869 5371 1185 5426 subdiaconi
1220 5389 1344 5427 cum
1382 5374 1610 5440 primum
1644 5374 1707 5424 ad
1745 5374 1948 5426 clerum
1986 5374 2075 5427 ad-

526 5441 858 5510 sciscuntur,
891 5455 1112 5495 carnem
1145 5458 1297 5496 suam
1330 5442 1384 5494 in
1443 5450 1706 5495 aeternum
1761 5443 2074 5510 obsignant.

529 5510 594 5563 Et
627 5524 691 5562 ex
722 5509 1001 5576 juniornm
1033 5514 1349 5578 pontiﬁcum
1409 5509 1907 5566 Constitutionibus
1951 5527 2082 5566 con-

526 5579 750 5648 jugatus
782 5595 890 5632 non
930 5585 1229 5633 assumitur
1260 5581 1323 5632 ad
1385 5581 1770 5641 sacerdotium,
1821 5584 2084 5635 diacona-

534 5659 794 5719 tum,iaut
825 5649 1303 5710 subdiaconatum,
1337 5652 1442 5704 nisi
1479 5651 1764 5704 conversio
1817 5653 2088 5719 promissa

427 5726 448 5750 θ
533 5719 626 5784 sit,
667 5718 726 5775 C.
771 5720 970 5775 assumi
991 5730 1039 5774 et
1069 5738 1173 5780 sea.
1216 5721 1461 5776 distinct.
1493 5719 1577 5782 18,
1613 5734 1663 5776 ι.
1691 5722 1786 5776 ult.
1818 5718 1949 5779 dist.
1985 5723 2085 5778 51.

2195 4892 2256 4944 D.
2286 4890 2603 4959 Iiicronvm.
2640 4893 2693 4944 in
2726 4893 2889 4959 epist.
2927 4891 3016 4956 50,
3048 4889 3112 4943 ad
3151 4888 3572 4941 Pammachium
3603 4905 3618 4942 :
3651 4887 3764 4952 Epi-

2185 4964 2349 5030 scopi,
2389 4963 2709 5029 presbyteri,
2765 4962 2978 5013 diaconi
3050 4971 3142 5011 aut
3194 4959 3425 5026 virgines
3476 4960 3758 5026 eliguntur,

2187 5046 2276 5082 aut
2310 5034 2474 5087 vidui.
2504 5039 2596 5082 aut
2625 5041 2761 5084 certe
2824 5039 2938 5095 post
3006 5031 3368 5082 sacerdotium
3413 5031 3466 5080 in
3520 5038 3764 5080 wteruum

2185 5103 2383 5165 pudici.
2418 5101 2554 5154 Vide
2590 5100 2651 5154 P.
2686 5101 3006 5153 Damianum
3035 5101 3197 5165 epist.
3233 5098 3266 5149 5
3302 5097 3400 5150 lib.
3441 5109 3591 5158 tv,et
3620 5099 3762 5162 epist.

2187 5171 2275 5227 l5.
2317 5172 2411 5224 lib.
2455 5187 2507 5224 v.
2543 5172 2601 5223 ln
2639 5170 2945 5224 minoribus
2988 5179 3169 5221 autent
3237 5167 3532 5220 ordinibus
3578 5166 3765 5220 conati.

2193 5243 2350 5301 tutis,
2385 5251 2513 5306 puta
2561 5240 2886 5302 lectoribus,
2949 5238 3297 5296 cantoribus,
3350 5237 3625 5296 ostiariis,
3683 5251 3762 5286 ex-

2191 5310 2410 5362 orcistis
2426 5321 2478 5363 et
2503 5309 2796 5379 acolythis,
2824 5310 2951 5362 licet
2981 5308 3396 5379 matrimonitgn
3424 5309 3761 5379 contrahere,

2192 5393 2316 5431 can.
2341 5380 2412 5432 25
2476 5375 2748 5444 Apostol.;
2784 5394 2909 5432 can.
2944 5379 2976 5429 6
3008 5377 3201 5445 synodi
3234 5378 3287 5430 in
3318 5375 3520 5429 Trullo
3557 5384 3761 5434 eoat-ur,

2192 5446 2327 5501 Nov.
2364 5465 2416 5509 v,
2452 5463 2572 5516 cap.
2607 5450 2712 5501 Set
2747 5465 2881 5513 χχιι,
2911 5463 3051 5516 cap.
3080 5446 3170 5500 42.

2267 5509 3002 5590 (8_5)DierimtPanaetium:
3041 5515 3149 5569 Leo
3191 5515 3463 5590 Magnus,
3502 5529 3688 5590 _s_erm_.
3714 5509 3759 5571 9,

2189 5588 2256 5643 de
2287 5583 2740 5654 Quadragesima.
2778 5585 2914 5644 Vide
2979 5587 3228 5656 Append.
3296 5585 3436 5639 Cod.
3501 5583 3756 5639 Theodos.

2190 5674 2242 5729 p.
2276 5659 2338 5712 i7
2374 5668 2424 5714 et
2451 5673 2568 5727 seq.
