3970 6450
122 329 266 395 1133

1144 332 1490 392 CONSTIT.
1530 330 1826 390 ECCHES,
1886 323 2323 383 CUIJJECI‘IH.

3261 310 3397 375 1134

119 446 445 526 ἐξαγόμενοι
481 445 621 517 ὑπὲρ
658 445 841 498 ἰδικῶν
873 447 965 499 καὶ
994 445 1463 515 ἑκκλησιαστικῶν
1501 461 1714 514 χρημα-

1849 442 1921 503 ei,
1951 453 2060 494 lattt
2090 441 2156 492 de
2183 439 2318 501 suis,
2340 450 2498 503 quam
2520 432 2904 488 cet'lesiasticis
2931 431 3161 501 negotiis
3185 439 3240 484 et
3263 431 3398 485 civi“

116 538 292 598 τικῶς
327 538 419 590 καὶ
451 539 894 608 ὲγκληματικῶς.
923 538 1033 592 Καὶ
1070 541 1119 592 οἱ
1181 541 1279 608 μὲν
1328 537 1576 608 κληρικο“ι
1621 536 1711 587 τὸν

117 628 492 699 οἰκονόμον,ῆ
532 631 623 682 τδν
653 629 1100 698 ὲκκλησιέκδικον
1161 631 1494 701 παρέχουσιν
1552 631 1712 695 ἐγγυο

117 717 285 787 ητὴν,
315 720 408 770 καὶ
430 721 530 788 οὐχ
563 720 750 791 ἕτερον
783 721 888 784 ἕως
917 721 958 775 ν’
986 719 1198 792 λίτρας.
1249 724 1358 775 Καὶ
1391 722 1486 774 ἐὰν
1542 721 1712 789 ὑπερ-

120 807 288 879 ϐαίνῃ
321 811 382 862 τὸ
403 815 658 883 πρᾶγμα,
681 815 971 883 ὁμολογίαν
1006 814 1286 883 ἀνώμοτον
1317 816 1412 868 ἐπὶ
1435 812 1511 882 τῷ
1539 813 1711 883 ὑπερ-

120 899 367 955 ϐαίνοντι
405 903 556 972 ποσῷ
582 905 818 958 ποιοῦσι.
851 905 961 958 Καὶ
989 907 1038 958 oi
1069 907 1224 975 νόμοι
1253 906 1366 976 γὰρ
1399 907 1495 958 καὶ
1533 907 1581 958 oi
1614 922 1713 957 κα-

119 990 277 1054 νόνες
306 993 577 1047 κωλύουσι
605 995 873 1065 κληρικδν
910 996 1162 1066 ὀμνύναι.
1208 997 1268 1049 '0
1315 997 1369 1048 δὲ
1436 995 1714 1064 οἰκονόμος

120 1082 456 1151 ἑναγόμενος
485 1086 546 1136 οὐ
580 1085 794 1138 δίδωσιν
820 1087 1115 1157 ἐγγυητήν.
1152 1089 1260 1140 Καὶ
1317 1087 1478 1149 αὐτὸς
1523 1086 1582 1139 δὲ
1624 1089 1715 1140 καὶ

123 1176 178 1226 oi
229 1176 489 1246 κληρικοὶ
519 1178 615 1230 δύο
662 1179 974 1250 νομίσματα
1032 1180 1176 1252 ὑπὲρ
1221 1181 1582 1248 ὑπομνήσεως
1624 1180 1717 1232 καί

127 1268 408 1336 προϐολῆς
436 1271 874 1341 προκουράτορος
902 1271 1106 1325 διδόασι
1142 1290 1155 1302 ο
1193 1273 1383 1325 καὶτὰ
1419 1272 1578 1324 λοιπὰ
1617 1271 1714 1340 τῆς

123 1359 285 1430 δίκης
306 1360 670 1431 δαπανήματα
691 1363 1080 1432 φειδωλότερον
1113 1363 1379 1417 ποιοῦσιν.

211 1539 356 1604 κρῖ.
390 1541 602 1609 Μηδεὶς
638 1543 718 1604 εἰς
780 1543 1041 1611 δημόσιον
1096 1545 1262 1596 τόπον
1324 1543 1356 1613 ἢ
1412 1542 1718 1611 δημώδεσιν

125 1629 516 1700 ἀφωρισμένον
575 1633 722 1694 Θὲαις
779 1635 1014 1701 σταυρὸν
1063 1634 1382 1702 ἠλείψανον
1427 1635 1720 1704 μαρτύρων

127 1721 422 1787 εἰσαγέτω,
456 1721 571 1775 ἀλλ’
595 1724 650 1774 έν
672 1725 789 1786 ταῖς
839 1724 1164 1794 ἐκκλησίαις
1195 1725 1390 1796 γνώμῃ
1420 1724 1528 1779 τῶν
1587 1729 1711 1777 επι-

129 1813 378 1866 σκόπων.

166 1907 299 1959 ιη’.
342 1905 401 1958 'O
433 1905 732 1976 πληρώσας
763 1907 1076 1976 στρατείαν,
1110 1907 1144 1977 ἢ
1197 1909 1474 1978 δερφίκιον,
1523 1913 1556 1980 ἢ
1612 1913 1720 1966 λει-

125 1998 414 2069 τουργίαν,
445 1998 628 2063 καλῶς
664 2002 877 2067 γίνεται
923 2001 1208 2070 κληρικδς,
1251 2004 1544 2073 οίαδήποτε
1581 2006 1721 2078 τύχῃ

126 2091 424 2144 ὑπόκειται
449 2107 463 2121 ⁸
491 2091 812 2160 σωζομένων
840 2093 949 2146 τῶν
973 2093 1096 2146 κατ’
1129 2095 1319 2161 αὐτοῦ,
1345 2096 1436 2150 καὶ
1471 2096 1583 2149 τῶν
1618 2098 1721 2149 ait-

125 2181 226 2234 τοῦ
265 2183 607 2252 πραγμάτων
644 2184 897 2250 ἀγωγῶν.
939 2184 1264 2256 Ἐξῄρηνται
1307 2188 1354 2239 oi
1386 2187 1717 2256 πριμιπιλά-

135 2291 253 2345 ριοι
275 2289 289 2303 ·
329 2273 594 2343 διηνεκῶς
617 2277 726 2346 γὰρ
743 2277 1081 2332 ὑπόκεινται.

204 2454 346 2507 KH’.
382 2454 455 2506 Τὸ
482 2455 1032 2526 καταλιμπανόμενον
1059 2459 1138 2521 εἰς
1168 2458 1476 2530 ἀνάρρυσιν
1517 2462 1722 2529 αίχμα·

129 2542 324 2599 λὼτων
353 2547 453 2599 οὐκ
483 2546 785 2615 ἀκυροῦται
828 2549 906 2617 τῷ
943 2549 1087 2619 λόγῳ
1117 2550 1226 2603 τῶν
1276 2551 1556 2620 ίνκέρτων.
1615 2554 1728 2606 Καὶ

130 2639 185 2689 εἰ
231 2636 331 2706 μὲν
363 2633 517 2690 εἶπεν
542 2639 570 2690 ὁ
602 2639 883 2710 τεστάτωρ
931 2641 1022 2692 τὸν
1050 2640 1334 2707 ὀφείλοντα
1379 2643 1726 2713 ὑπουργῆσαι

130 2726 212 2795 τῷ
245 2726 554 2795 πράγματι,
589 2729 748 2791 αὐτὸς
792 2731 1035 2796 ἀπαιτεῖ,
1071 2732 1166 2785 καὶ
1191 2731 1332 2786 κατὰ
1390 2733 1490 2804 τὴν
1520 2735 1728 2788 οἰκείαν

133 2817 448 2888 συνείδησιν
499 2818 698 2888 πληροῖ
734 2819 834 2890 τὴν
882 2821 1247 2876 διατύπωσιν·
1302 2825 1353 2876 εί
1399 2824 1458 2876 δὲ
1492 2825 1568 2896 μὴ
1605 2823 1728 2878 εἷπε

133 2910 200 2962 τὸ
233 2909 528 2979 πρόσωπον
556 2911 585 2961 ό
616 2911 714 2980 τῆς
750 2912 1082 2980 όριγινάλιος
1138 2913 1234 2967 τοῦ
1291 2915 1640 2988 διαθεμένου,
1700 2921 1728 2971 ό

136 3001 440 3064 ἐπίσκοπος
490 3002 786 3072 λαμϐάνων
832 3006 891 3058 τὸ
944 3006 1308 3076 καταλειφθὲν
1362 3011 1596 3080 φανερὸν
1635 3011 1730 3064 ἐπὶ

1822 535 1966 594 liter,
1997 543 2049 586 et
2073 529 2450 586 criminaliter.
2472 526 2543 583 Et
2570 526 2755 582 clerici
2784 525 3000 594 quidem
3026 538 3395 584 (mouentum,

1818 626 1898 679 vel
1924 624 2265 679 defensorem
2298 625 2564 686 ccclesim,
2623 637 2730 674 non
2781 617 2969 679 alium,
3020 616 3393 683 lidejussorent

1820 715 2084 785 praebent,
2117 729 2291 783 usque
2317 716 2384 770 ad
2407 717 2475 769 50
2502 715 2667 768 libras
2706 711 2845 764 auri.
2899 707 3071 773 Quam
3123 718 3394 759 summam

1824 807 1868 861 si
1929 807 1996 860 lis
2029 807 2282 869 excedat,
2316 822 2416 876 pro
2443 808 2658 861 residua
2714 804 3013 871 quantitate
3062 799 3396 859 cantionem,

1819 898 1964 953 nullo
1979 899 2374 954 interveniente
2390 899 3014 967 jttrantentomrtestaut:
3039 905 3164 944 nam
3187 888 3401 966 etleges

1819 1004 1871 1044 et
1894 1007 2134 1046 canones
2161 990 2420 1045 clericum
2451 999 2637 1043 vetant
2659 987 2846 1056 iurare
2865 985 3001 1055 (6t).
3032 983 3164 1038 Cum
3190 997 3404 1037 meone-

1823 1098 1944 1137 Inus
2010 1082 2360 1145 convenitur,
2420 1079 2624 1133 nullum
2683 1079 2776 1133 dat
2835 1067 2942 1140 title
2997 1075 3305 1144 jusserctn;
3339 1087 3406 1126 ac

1823 1185 1928 1228 tam
1962 1176 2102 1243 ipse,
2132 1189 2299 1245 quam
2326 1173 2507 1227 creteri
2531 1171 2743 1234 clerici,
2800 1170 2936 1223 duos
2987 1182 3239 1222 nummos
3286 1166 3400 1234 (ὓῖ)

1820 1283 1918 1337 pro
1983 1267 2406 1324 commonitione
2469 1282 2532 1320 ac
2588 1264 2961 1332 procuratoris
3031 1260 3397 1320 institutione,

1822 1363 1975 1426 dant,
2007 1371 2061 1414 et
2096 1360 2335 1428 reliquas
2363 1361 2527 1414 etiam
2588 1357 2700 1412 litis
2730 1368 2998 1425 expensas
3047 1353 3261 1422 parcius
3287 1352 3403 1422 (63)

1824 1461 2077 1522 crogant.

1895 1544 2092 1611 XXVI,
2124 1544 2314 1600 Nullus
2361 1545 2411 1598 in
2448 1544 2625 1598 locum
2683 1542 2984 1612 publicum,
3034 1540 3117 1594 vel
3178 1539 3406 1607 publicis

1830 1639 2148 1706 deputatum
2190 1636 2514 1705 spectaculis
2543 1634 2679 1706 (64),
2713 1647 2933 1689 crucem
2975 1634 3060 1688 vel
3102 1640 3401 1698 martyrum

1825 1729 2087 1798 reliquias
2152 1730 2267 1798 (65)
2300 1729 2527 1792 inferat;
2561 1728 2654 1782 sed
2690 1727 2743 1780 in
2769 1726 3049 1789 ecclesias,
3086 1740 3150 1777 ex
3199 1724 3408 1791 episco-

1752 1803 1794 1858 Β
1823 1836 2017 1890 porum
2056 1821 2305 1876 arbitrio.

1894 1911 2110 1966 XXVII.
2142 1911 2241 1978 Qui
2270 1911 2517 1966 militiam
2549 1911 2687 1982 (66),
2750 1912 2833 1966 vel
2863 1909 3122 1968 ollicium,
3157 1908 3238 1960 vel
3293 1921 3410 1958 tutt-

1827 2018 1925 2057 nus
1957 2002 2172 2072 aliquod
2201 2003 2464 2074 implevit,
2496 2013 2642 2058 recte
2671 2004 2730 2057 tit
2780 2002 3029 2063 clericus.
3105 2000 3411 2067 cuicunque

1825 2092 2122 2146 conditioni
2191 2093 2467 2159 subjectus
2491 2093 2582 2159 sit,
2645 2091 2951 2148 actionibus
2995 2104 3116 2158 (ιιισι⁵
3149 2089 3411 2142 adversus

1828 2183 2026 2252 ipsum,
2076 2193 2130 2238 et
2178 2183 2464 2237 facultates
2527 2184 2694 2251 ipsius
2737 2190 3074 2248 competunt,
3127 2194 3412 2233 reservan-

1828 2275 1932 2330 Ilis.
1979 2274 2343 2345 Excipiuntnr
2398 2273 2764 2344 pritnipilares
2811 2260 2946 2340 (67),
3007 2273 3096 2340 qui
3152 2279 3410 2340 perpetuo

1833 2365 2161 2433 obligantur.

1902 2453 2142 2508 XXVIII.
2181 2453 2337 2520 Quod
2375 2455 2427 2507 in
2458 2454 2886 2523 redemptionem
2935 2457 3274 2522 captivorum
3327 2469 3412 2506 re-

1832 2548 2116 2616 linquitur,
2147 2546 2365 2601 ratione
2423 2548 2754 2600 incertorum
2815 2562 2919 2600 non
2966 2547 3024 2598 fit
3062 2546 3297 2599 irritum.
3333 2547 3411 2597 Ac

1832 2641 1873 2694 si
1898 2640 2113 2708 quidem
2151 2649 2377 2693 testator
2406 2640 2680 2706 expressit
2713 2654 2859 2702 eum,
2891 2639 2981 2706 qui
3033 2639 3249 2707 negotio
3279 2637 3411 2692 sub-

1833 2732 2040 2787 servire
2071 2731 2257 2795 debet,
2316 2732 2496 2798 isipse
2519 2731 2763 2785 relictum
2798 2731 2992 2799 exigit,
3037 2739 3093 2783 et
3138 2745 3234 2798 pro
3283 2744 3415 2782 con-

1834 2820 2060 2874 scientia
2101 2834 2200 2874 sua
2237 2819 2348 2890 (68)
2371 2821 2512 2887 quod
2549 2819 2858 2873 ordinatum
2887 2830 2990 2883 est,
3055 2819 3261 2887 implet.
3315 2818 3412 2872 Sin

1834 2926 2122 2980 personam
2157 2926 2260 2964 non
2289 2912 2579 2980 expressit,
2612 2912 2900 2978 episcopus
2958 2911 3198 2964 civitatis
3253 2911 3414 2978 origi-

1834 3005 1972 3057 nalis
1997 3004 2268 3068 testatori,
2303 3003 2650 3057 donationem
2679 3002 2927 3057 relictam
2956 3003 3249 3071 accipit,et
3271 3004 3412 3070 apud

137 3090 393 3160 πράξεως
427 3093 600 3162 δῶρον
629 3095 777 3165 παρὰ
807 3097 886 3166 τῷ
928 3097 1151 3167 ἄρχοντι
1219 3101 1618 3171 συνισταμένης
1670 3103 1725 3154 τὸ

1844 3097 2124 3166 praesidem
2161 3097 2297 3150 actis
2329 3095 2821 3151 intervenientibus
2851 3097 3218 3165 quantitatem
3249 3094 3410 3148 data-

138 3185 312 3237 ποσὸν
344 3185 451 3238 τῶν
479 3186 742 3240 δοθέντων
771 3188 921 3259 αὑτῷ
961 3191 1278 3258 χρημάτων,
1335 3190 1431 3244 καὶ
1477 3194 1594 3260 μετ’
1647 3195 1732 3246 ὲν-

141 3278 328 3329 ιαυτὸν
347 3277 438 3330 τὸν
468 3279 700 3348 ἀριθμὸν
723 3281 832 3331 τῶν
861 3282 1307 3353 ἀναρρυσϐέντων
1333 3287 1427 3337 καὶ
1473 3287 1581 3338 τῶν
1640 3287 1730 3339 ὑπ’

135 3367 324 3421 αὐτῶν
353 3369 637 3422 δοθέντων.
667 3370 726 3422 El
749 3371 803 3423 δὲ
859 3371 1137 3442 βάρϐαρος
1185 3369 1253 3444 ἦν
1311 3377 1339 3425 ὁ
1387 3375 1728 3445 διαθέμενος,

137 3461 239 3513 καὶ
269 3461 396 3530 περ).
423 3464 522 3529 τῆς
548 3461 716 3514 αὑτοῦ
744 3462 952 3526 πόλεως
977 3465 1404 3534 ἀμφιῦάλλεται,
1446 3469 1474 3519 ὁ
1505 3468 1730 3519 ἐπίσκοο

137 3567 244 3613 πος
269 3551 363 3603 τοῦ
393 3553 559 3605 τόπου
593 3553 713 3606 καθ’
743 3555 802 3606 ὃν
832 3555 1174 3627 ἐτελεύτησε,
1205 3557 1475 3627 λαμόάνει
1500 3560 1568 3611 τὰ
1598 3561 1733 3630 χρή-

1842 3203 1959 3240 rttm
2021 3187 2120 3241 sibi
2181 3188 2530 3256 pecuniarum
2577 3186 2929 3250 manifestat,
2977 3185 3216 3252 itemque
3269 3199 3414 3237 anno

1843 3296 2035 3338 exacto
2064 3293 2168 3336 tam
2196 3282 2601 3350 redemptorum
2631 3295 2937 3346 numerum,
2963 3294 3123 3348 quam
3149 3295 3178 3330 a
3199 3294 3259 3332 se
3291 3283 3414 3332 data

1842 3375 2040 3444 pretia.
2098 3373 2255 3436 Quod
2326 3373 2370 3424 si
2406 3381 2632 3424 testator
2689 3370 2910 3423 natione
2961 3369 3230 3424 barbarus
3273 3381 3416 3433 erat,

1851 3484 1915 3522 ac
1942 3469 2007 3521 de
2039 3467 2210 3536 ipsius
2234 3464 2452 3519 civitate
2479 3463 2780 3528 dubitatur,
2812 3464 3105 3533 episcopus
3151 3465 3267 3533 ejus
3290 3463 3415 3524 loci.

1838 3575 1950 3628 quo
1981 3559 2032 3612 in
2063 3557 2181 3610 loco
2217 3557 2358 3610 diem
2390 3554 2545 3618 obiit,
2581 3553 2781 3622 accipit
2837 3554 3120 3620 pecunias,
3160 3563 3217 3608 et
3267 3556 3413 3624 quod

142 3658 315 3712 ματα,
355 3645 451 3695 καὶ
481 3645 682 3714 πληροί
709 3645 769 3696 τὸ
794 3645 1156 3702 διατυπωϐέν.
1201 3649 1260 3702 'U
1293 3648 1349 3702 δὲ
1370 3650 1650 3718 γινώσκων
1677 3651 1725 3702 τί

1844 3648 2154 3702 ordinatum
2187 3645 2309 3708 luit,
2337 3643 2548 3712 implet.
2618 3641 2674 3696 Si
2731 3642 2817 3695 cui
2856 3642 2925 3696 de
2983 3643 3162 3711 legato
3216 3643 3408 3696 relicto

136 3735 502 3804 καταλειφθὲν
537 3737 713 3800 καλῶς
739 3741 881 3791 ποιεῖ
907 3738 1081 3806 λέγων
1108 3741 1186 3810 τῷ
1231 3741 1451 3811 ἄρχοντι
1508 3742 1605 3795 καὶ
1658 3745 1736 3814 τῷ

139 3827 454 3897 ὲπισκόπῳ,
511 3833 606 3881 κα)⁵
638 3829 737 3880 οὐκ
767 3830 886 3881 ἐστι
918 3830 1188 3901 δηλάτωρ.

215 3917 345 3972 ΚΘ’.
408 3919 578 3971 Μόνοι
621 3921 670 3972 οί
718 3923 1125 3990 ἀποκρισιάριοι
1187 3921 1295 3974 τῶν
1359 3909 1736 3993 μοναστηρίων

139 4011 351 4076 ἐξιέναι
378 4010 657 4077 δύνανται,
690 4013 785 4065 καὶ
817 4013 876 4064 έν
913 4016 1035 4077 ταῖς
1087 4013 1302 4066 πόλεσιν
1357 4016 1606 4069 εἰσιέναι.
1671 4019 1734 4070 Εἰ

140 4104 202 4157 δὲ
235 4104 450 4173 φανῶσι
484 4105 574 4158 διὰ
603 4104 891 4174 δογμάτων
926 4106 958 4175 ἢ
995 4105 1315 4174 συμϐουλῆς
1349 4107 1478 4169 τοὺς
1530 4109 1735 4162 ἁπλου-

143 4195 372 4264 στέρους
393 4195 779 4266 ταράσσοντες,
814 4197 1056 4266 νομίμως
1086 4197 1530 4265 σωφρονίζονται.

1843 3748 2078 3803 constat,
2107 3747 2256 3792 recte
2288 3737 2439 3798 facit,
2476 3737 2520 3788 si
2564 3734 2777 3804 prmsidi
2809 3746 2864 3786 et
2912 3735 3164 3803 episcopo
3198 3751 3311 3789 rem
3346 3736 3420 3790 iu-

1846 3835 2008 3890 dicat.
2039 3846 2139 3885 nec
2171 3840 2455 3900 propterea
2483 3828 2692 3881 delator
2725 3837 2827 3880 est.

1913 3922 2083 3976 XXIX
2120 3923 2257 3993 (68‘)
2293 3920 2654 3990 Aprocrisarii
2684 3918 2799 3988 (69)
2840 3920 3106 3973 duntaxat
3160 3935 3189 3971 e
3232 3935 3419 3972 mona-

1844 4017 2028 4071 steriis
2062 4016 2282 4086 prodire
2311 4023 2560 4084 possunt,
2594 4024 2650 4066 et
2683 4012 2932 4066 civitates
2957 4013 3186 4079 ingredi.
3222 4014 3416 4067 Verum

1846 4109 1890 4160 si
1919 4107 2228 4162 constiterit
2256 4121 2352 4161 eos
2381 4121 2477 4175 per
2499 4106 2770 4173 dogmata,
2832 4103 2916 4158 vel
2947 4103 3130 4172 aliquo
3191 4105 3421 4159 consilio

1851 4201 2214 4270 simpliciores
2281 4199 2618 4268 perturbare,
2693 4197 2988 4249 secundum
3047 4196 3194 4265 leges
3252 4199 3420 4250 casti-

1841 4304 2055 4358 gantur.

1341 4404 1677 4466 Annibalis
1711 4407 1962 4468 Fabroti
1993 4417 2183 4471 nota).

227 4528 340 4600 (61)
404 4526 626 4581 Jurare.
661 4527 864 4600 Clerici
917 4527 1531 4600 Constantinopolitani
1585 4529 1736 4600 nullo
1770 4535 1814 4590 Ι)
1841 4529 2013 4584 Couc.
2066 4530 2205 4585 Gall.
2239 4540 2278 4584 t.
2311 4530 2349 4583 Ι.
2401 4546 2454 4598 p.
2496 4528 2565 4581 40
2596 4535 2649 4582 et
2701 4540 2815 4593 seq.
2855 4523 3190 4595 V.Gregor.,
3244 4543 3278 4580 It
3320 4527 3420 4600 Ep.

146 4597 329 4653 modo
351 4600 537 4668 jurant
565 4615 578 4648 :
630 4599 739 4650 imo
783 4597 1080 4665 episcopis.
1101 4599 1452 4666 presbyteris.
1489 4597 1731 4660 clericis,

147 4669 409 4722 omnibus
453 4669 758 4726 monachis.
790 4680 839 4719 et
872 4669 1381 4736 sanctimonialilms
1403 4668 1593 4736 jurare
1627 4681 1731 4718 non

148 4740 511 4805 pennittitur,
548 4737 640 4789 lib.
677 4752 711 4790 Il
763 4735 893 4805 legjs
946 4735 1451 4804 Lnngobardorutn.
1477 4738 1726 4805 etcapJ

148 4803 361 4868 Extra.
420 4807 491 4858 De
541 4806 748 4874 jurum.
786 4803 982 4859 culum.
1010 4803 1086 4859 Vl.
1119 4808 1354 4860 Balsatn.
1407 4807 1470 4859 ad
1507 4803 1730 4859 Nonio‘c.

145 4896 187 4938 ι,
227 4883 282 4933 υ.
335 4891 386 4931 c.
453 4878 565 4941 27;
616 4885 655 4928 t.
689 4874 749 4927 ιιι
800 4877 1007 4929 conca.
1045 4875 1182 4928 Gali.
1213 4876 1396 4944 p.42;
1440 4877 1564 4931 add.
1598 4875 1730 4943 Cap-

143 4951 286 5009 Lud.
326 4950 457 5014 imp.
489 4955 526 4999 t.
560 4959 713 5008 XLIII,
740 4963 793 4998 c.
820 4946 868 5007 l,
894 4946 948 5009 2,
974 4963 1028 5014 q.
1059 4946 1111 4998 5.

220 5019 333 5091 (6‘2)
373 5017 525 5091 _I)uos_
549 5031 817 5091 ιιιιιιιῃιοιςἶ
849 5015 992 5069 Duos
1022 5017 1248 5091 solidos,
1288 5017 1342 5069 tl.
1368 5017 1402 5068 1.
1434 5015 1522 5069 25.

219 5083 334 5158 (65)
368 5086 610 5158 Parcius.
635 5085 722 5158 _Ut
747 5086 853 5158 litis
885 5093 1134 5151 sumptus
1166 5088 1249 5141 vel
1279 5100 1528 5158 expetis-ae
1563 5099 1590 5158 a
1617 5083 1731 5158 cle-

145 5155 285 5216 ricis
317 5155 605 5225 pauciores
634 5156 1090 5225 ltutnanioresque
1110 5167 1458 5224 praestentur,
1492 5156 1545 5208 d.
1573 5155 1610 5207 ι.
1639 5156 1730 5220 25,

145 5223 370 5300 quidam
403 5224 562 5300 codd.
593 5223 1214 5300 parciores.Brodtei,_nt
1242 5226 1332 5300 ed.

221 5297 337 5368 (64)
409 5293 723 5368 heputtttunt
768 5295 1098 5368 spectaculis.
1141 5295 1330 5368 Populi
1371 5293 1737 5368 voluptatibus

148 5381 203 5424 et
231 5364 675 5423 'oblectamentis,
713 5364 755 5436 l._
777 5365 868 5425 ‘26,
898 5379 955 5436 ρ.
978 5366 1125 5436 eod.,
1155 5364 1550 5436 ut'Symmacni
1571 5366 1730 5436 epist.

145 5442 242 5501 49,
289 5436 382 5488 lib.
431 5448 467 5484 It
505 5443 559 5485 et
613 5434 839 5502 passim.
887 5431 1027 5497 Quid
1065 5431 1295 5487 causam
1340 5436 1552 5488 dederit
1608 5431 1734 5486 huic

147 5508 437 5564 constitut.
472 5503 628 5557 docet
676 5505 993 5558 selioliastes
1043 5503 1258 5559 Basilio.
1308 5505 1402 5558 lib.
1465 5521 1505 5566 I,
1563 5505 1647 5556 tit.
1684 5505 1734 5568 1,

149 5597 274 5632 can.
315 5575 403 5628 10.

221 5597 657 5715 (ξδῖυάε-ιξᾳιιὶαε.
703 5644 906 5712 Synod.
952 5660 1048 5715 VII.
1080 5659 1130 5698 c.
1183 5644 1238 5698 7.
1290 5642 1578 5715 Balsamnn
1607 5645 1736 5697 ibid.

152 5712 412 5772 Paulinus
438 5712 653 5777 Notam,
681 5719 838 5782 epist.
866 5716 952 5768 ll.
986 5713 1221 5769 lleraclii
1245 5715 1380 5768 Nov.
1401 5713 1742 5769 λιιι-,ϐιωσο-

157 5789 201 5841 li
241 5802 313 5840 ιιι.
341 5800 394 5852 ιι.
423 5784 509 5835 75.

229 5856 347 5926 (66)
371 5854 474 5915 Qui
502 5852 769 5915 militiam.
814 5853 1008 5913 Milites
1037 5857 1279 5913 ordinari
1335 5870 1440 5909 non
1479 5865 1729 5924 possunt.

1839 4615 1890 4654 c.
1936 4601 2060 4654 103.

1910 4670 2021 4738 (67)
2068 4669 2456 4736 Primipilares.
2504 4666 2924 4738 Πριμιπιλᾲριοι
2957 4663 3113 4718 Suid.
3153 4668 3426 4738 Πριμοπι-

1838 4737 2048 4810 λάριος,
2095 4743 2124 4792 ὁ
2164 4742 2225 4792 τὸ
2260 4741 2446 4810 μεῖζον
2478 4740 2715 4810 ἀξίωμαΔ
2738 4737 2847 4810 τῶν
2883 4737 3239 4810 στρατιωτῶν
3282 4737 3425 4810 ἔχων

1839 4805 2320 4878 παρὰῬωμαίοίς.
2346 4810 2553 4863 Glosstn
2574 4806 2740 4878 Basil.
2776 4805 3218 4878 Πριμιπιλάριος,

1839 4826 1990 4876 παρα
2028 4826 2320 4878 ι’ωμαιοις.
2346 4826 2553 4863 messae
2576 4826 2740 4860 Itasu.
2776 4826 3218 4874 uptwnuapgx,
3274 4826 3314 4860 π

1836 4895 1927 4940 τος
1953 4879 2061 4931 τῶν
2087 4882 2445 4942 ἀκοντιστῶν,
2479 4876 2782 4949 πρωτειξων
2808 4877 2916 4949 τῶν
2950 4877 3296 4949 δορυφόρων,

1837 4951 1954 5015 pias
1983 4964 2000 5000 :
2031 4950 2450 5017 l’rimipilarins,
2484 4945 2774 5017 vexillifer,
2799 4947 2891 5014 qui
2945 4945 3180 5017 primum
3231 4948 3424 5015 pilum,

1838 5018 1889 5070 id
1923 5028 2024 5084 est,
2061 5015 2277 5086 signum
2314 5028 2516 5087 portat.
2547 5016 2828 5085 Spartian.
2867 5017 2918 5068 in
2949 5015 3254 5070 l’escenniu
3275 5018 3424 5086 Μελ

1839 5091 1882 5140 Λ
1913 5089 2267 5154 primipilario
2287 5101 2458 5157 posset
2484 5087 2672 5141 occidi.

1906 5158 2156 5237 _(68),Pro
2202 5155 2298 5212 suo
2342 5159 2682 5212 Conscientia.
2727 5155 2938 5212 llrodtt-i
2992 5157 3128 5212 Cod.
3173 5175 3269 5222 pro
3327 5174 3425 5210 sim

1840 5231 2084 5280 scientia.

1912 5298 2049 5366 (68')
2071 5297 2333 5370 Integrior
2359 5301 2680 5370 constitutio
2697 5311 2866 5354 exstat
2890 5302 2942 5353 in
2967 5297 3130 5370 libris
3146 5296 3306 5350 Basil.
3329 5297 3425 5349 lib.

1840 5382 1878 5427 ι,
1898 5363 1984 5420 tit.
2010 5363 2038 5421 ι’
2066 5363 2554 5438 c:ip.'9.lllonacltis
2589 5372 2821 5423 exeundi
2861 5369 3077 5423 licentia
3101 5367 3425 5438 denegatur.

1841 5437 2148 5491 Concilium
2191 5440 2520 5492 Chalcedon.
2577 5456 2628 5494 c.
2673 5441 2706 5492 4
2743 5459 2756 5493 :
2787 5442 2870 5492 Τὰ
2924 5439 3031 5490 ίδια
3085 5437 3425 5505 μοναστήρια

1847 5507 1921 5574 μὴ
1955 5509 2492 5575 καταλιμπάνοντας.

1897 5578 2012 5647 (69)
2045 5579 2410 5642 Apocrisiarii.
2459 5580 2916 5648 ‘Artoxptataiptot.
2965 5575 3279 5630 Ferramlus
3310 5577 3430 5628 dia-

1844 5663 2016 5704 conus
2052 5651 2295 5716 Epistula
2339 5650 2405 5701 ad
2458 5652 2772 5704 Anatolium
2809 5668 2820 5701 :
2856 5649 3185 5718 Eutychetis
3215 5663 3431 5713 apocri-

1842 5722 2037 5772 siario:
2078 5719 2522 5788 Ἀποκριςιαριος
2554 5724 2648 5772 τοῦ
2689 5717 2980 5790 Εὐτυχοῦς.
3006 5717 3233 5772 ϐοιιιξιιιι
3264 5718 3430 5767 (ιιιειιη

1844 5792 2118 5843 t‘cdoncns
2176 5801 2283 5841 τινι.
2317 5793 2365 5850 l,
2425 5792 2690 5854 ἐντολεὺς,
2722 5808 2815 5844 seu
2850 5798 3171 5858 procuratur
3212 5790 3264 5839 in
3299 5791 3426 5838 eod.

1849 5859 2495 5914 cuiu-ilio.\'id.'Glossar.
2539 5874 2784 5914 Lustrum
2824 5864 2887 5915 ad
2910 5860 3114 5914 Julian.
3140 5861 3423 5910 Antecess-
