3970 6446
431 298 567 365 1155

1692 292 1971 354 ΤΙ-ΙΕΟΙ).
2007 292 2408 351 BALSAFJON
2423 294 2492 352 iS

3586 285 3732 352 1156

429 413 641 473 laverit,
671 411 740 465 50
773 409 926 464 libris
957 409 1162 479 argenti
1193 408 1452 462 multatur
1491 421 1503 458 :
1540 422 1657 475 qua:
1687 404 2014 473 pauperibus

2146 404 2441 473 εαλέσηται,
2475 403 2514 454 ν’
2557 404 2741 472 λὶτρας
2781 403 3050 473 ἀργυρίου
3081 405 3500 472 προστιμᾶται·
3563 400 3736 455 αὗται

428 521 526 575 per
561 505 930 559 ﬁdelissimum
959 502 1251 580 quemdam
1284 501 1696 556 distribuentur.

500 687 616 739 Lib.
656 701 693 748 l,
725 686 811 739 tit.
839 683 874 738 4
898 725 912 749 ,
946 685 1166 739 constit.
1198 684 1231 737 4
1253 723 1268 749 ,
1298 682 1454 753 cujus
1499 683 1709 737 initium
1733 723 1749 746 ,
1811 682 2006 737 Minue.

428 776 560 844 Quze
615 776 949 830 scortatione
981 775 1098 846 (25)
1130 774 1361 843 simplici
1399 781 1606 841 peccat,
1668 777 2012 841 nequaquam

431 867 617 921 habitu
653 876 929 936 perpetua:
961 865 1322 935 virginis-aut
1349 864 1670 918 diaconissa:
1696 866 1881 916 utitor.

499 957 620 1010 Lib.
659 973 695 1023 t,
727 957 808 1010 tit.
842 957 894 1020 4,
931 958 1145 1010 cunstit.
1181 956 1235 1018 6,
1272 954 1426 1022 cujus
1457 956 1700 1019 initium,
1735 956 2010 1008 Addictos.

432 1049 617 1103 Nullus
647 1050 897 1113 clericus,
937 1049 1016 1103 vel
1052 1048 1374 1110 monachus,
1401 1046 1485 1100 vel
1515 1048 1606 1116 qui
1635 1049 1894 1118 synodita
1915 1063 2012 1100 νυ·

427 1153 602 1205 catur,
645 1142 1058 1196 condemnatum
1099 1141 1274 1207 rapiat
1313 1138 1396 1192 vel
1437 1138 1696 1192 detineat.
1743 1137 1838 1191 Sin
1877 1152 2015 1204 pra:-

432 1245 514 1287 ter
566 1233 797 1296 sancita,
827 1232 1143 1283 damnatum
1200 1229 1516 1298 rapuerint,
1559 1243 1589 1280 a
1639 1228 1866 1297 praiside
1916 1242 2014 1294 pro

430 1326 692 1394 dignitate
741 1325 1058 1393 puniuntor.
1094 1322 1247 1388 Quod
1296 1322 1342 1377 si
1389 1334 1637 1390 magnam
1690 1317 2012 1372 clericorum

432 1431 673 1482 manum,
700 1425 754 1470 ct
793 1416 962 1485 copiis
1005 1415 1120 1469 suis
1151 1415 1488 1480 superiorem
1545 1423 1747 1478 praeses
1796 1408 2012 1471 viderit,

432 1509 496 1561 ad
532 1509 916 1576 imperatorem
955 1505 1020 1558 de
1050 1505 1180 1572 ipsis
1213 1502 1446 1566 referat,
1476 1507 1533 1552 ut
1565 1495 1900 1552 conveniens
1934 1497 2014 1549 eis

430 1617 585 1670 poena
626 1604 914 1669 iri-egetur.
953 1596 1062 1652 Nec
1098 1609 1284 1650 eorum
1317 1594 1556 1648 locorum
1593 1591 1881 1658 episcopus
1920 1602 2014 1642 ex-

431 1708 556 1762 prrs
585 1702 667 1746 cst
698 1691 890 1758 culpte,
925 1690 1121 1757 quibus
1149 1689 1202 1740 itt
1232 1687 1368 1741 locis
1392 1702 1419 1737 ιι
1452 1685 1669 1739 clericis
1701 1691 1798 1736 aut
1826 1696 2014 1735 mona-

2123 497 2179 549 ὃε
2224 501 2336 559 τοῖς
2373 499 2571 568 πένησι
2624 496 2714 548 διά
2769 513 2918 557 τινος
2963 498 3298 550 πιστοτάτου
3351 495 3734 566 διαμερισθή-

2128 605 2334 641 σονται.

2198 680 2317 733 Βιὸ.
2350 687 2421 741 α’,
2450 680 2559 733 τίτ.
2585 678 2650 742 δ’,
2685 681 2830 733 διάτ.
2861 678 2926 744 δ’,
2982 676 3048 753 ἦς
3077 683 3109 748 ὴ
3149 680 3318 752 ἁρχὴ,
3369 678 3584 747 Μιμαί.
3661 678 3737 732 ἸΙ

2122 769 2311 832 ἁπλῶς
2337 770 2678 837 πορνεύουσα
2714 771 2982 840 μηδαμῶς
3008 773 3307 841 κεχρήσθω
3337 772 3590 841 σχήματι
3613 771 3730 823 ἀει-

2125 860 2403 931 παρθένου
2436 862 2467 930 ἢ
2491 863 2866 929 διακονίσσης.

2201 953 2319 1006 l3t6.
2359 959 2429 1018 α’,
2455 953 2561 1009 τίτ.
2598 953 2662 1016 δ’,
2687 953 2828 1008 διάτ.
2884 961 2962 1018 ς’,
2992 949 3059 1025 ἧς
3111 955 3142 1020 ἡ
3207 954 3374 1023 ἁρχὴ,
3433 955 3725 1006 Λάαὶτισς.

2124 1044 2330 1110 Μηδεὶς
2362 1042 2703 1113 κληρικὸ;,ῆ
2739 1043 2999 1113 μοναχδς,
3031 1043 3064 1113 ἢ
3098 1043 3443 1110 καλούμενος
3504 1044 3722 1096 συνοδί-

2123 1152 2244 1203 της,
2273 1133 2571 1205 ἁρπαζέτω
2602 1137 2694 1187 τὸν
2721 1134 3079 1205 κατάκριτον.
3116 1135 3178 1186 Εἰ
3213 1135 3270 1186 δὲ
3295 1136 3453 1204 παρὰ
3496 1137 3568 1186 τὰ
3604 1136 3694 1202 ειη

2123 1228 2438 1297 γορευμένα
2463 1228 2554 1280 τὸν
2589 1227 2918 1297 κατάκριτον
2959 1228 3303 1297 ἁρπάσωσιν,
3346 1228 3514 1293 ἀξίως
3545 1245 3728 1296 τιμω-

2125 1319 2439 1388 ρείσθωσαν
2469 1319 2573 1371 ὑπὸ
2604 1318 2700 1371 τοῦ
2733 1320 3016 1388 ἄρχοντος.
3053 1321 3115 1372 Εἰ
3145 1321 3203 1373 δὲ
3253 1320 3350 1373 καὶ
3379 1321 3585 1388 πολλὴν
3637 1320 3724 1389 ῐόῃ

2122 1412 2223 1478 τὴν
2249 1413 2407 1480 χεῖρα
2438 1409 2548 1463 τῶν
2581 1411 2861 1481 κληρικῶν
2917 1415 2944 1465 ὁ
3009 1413 3217 1481 ἄρχων,
3276 1413 3372 1465 καὶ
3426 1413 3726 1480 κρείττο.α

2121 1504 2220 1572 τῆς
2247 1502 2443 1556 ἑαυτοῦ
2470 1504 2780 1572 δυνάμεως,
2813 1504 3176 1575 ἀναρερέσθω
3219 1505 3298 1575 τῷ
3341 1504 3560 1574 βασιλεῖ
3592 1504 3728 1572 περὶ

2125 1597 2324 1658 αὐτῶν,
2365 1598 2513 1660 ὅπως
2548 1597 2666 1664 ἃ.νὴ
2696 1596 2892 1649 δέουσα
2933 1595 3144 1659 τούτοις
3186 1597 3401 1666 ὲπαχθῇ
3433 1598 3683 1666 τιμωρία
3710 1613 3724 1626 ·

2129 1691 2391 1758 μέμψεως
2431 1692 2487 1743 δὲ
2519 1690 2620 1742 οὐκ
2650 1693 2799 1742 ἔστιν
2833 1689 2988 1750 ὲκτὸς
3027 1692 3055 1741 ὁ
3087 1689 3197 1740 τῶν
3241 1690 3428 1742 τόπων
3490 1691 3727 1741 ἐπισκο-

431 1786 550 1838 chis
584 1796 867 1851 peccatum
901 1781 1087 1834 fuerit.
1126 1779 1260 1833 Nam
1295 1779 1362 1831 ab
1390 1777 1507 1845 ipso
1534 1775 1786 1842 castigari
1818 1774 2013 1828 debent

2146 1798 2241 1844 τος,
2276 1782 2334 1833 ὲν
2362 1775 2445 1843 οἷς
2477 1780 2637 1834 τοῦτο
2689 1784 3009 1850 ἡμάρτηται
3078 1782 3229 1848 παρὰ
3281 1782 3394 1833 τῶν
3435 1780 3729 1852 κληρικῶν

434 1877 622 1929 horum
674 1875 852 1928 omnia
884 1872 1106 1936 delicta,
1144 1870 1576 1939 quanloquidcm
1611 1868 1731 1936 ipsi,
1775 1883 1894 1920 cum
1929 1870 2021 1918 ad-

432 1967 742 2030 mittuntur,
783 1965 1256 2033 reprehensionem
1288 1961 1538 2016 alTerunt.

504 2142 625 2197 Lib.
652 2158 692 2206 t,
724 2147 805 2195 tit.
837 2143 871 2195 4
898 2181 912 2207 ,
945 2141 1160 2196 constit.
1193 2139 1246 2204 9,
1280 2139 1432 2207 Cujus
1485 2138 1696 2192 initium
1725 2180 1738 2202 ,
1776 2137 2017 2192 Judices.

437 2237 603 2290 Debet
627 2236 912 2302 episcopus
945 2248 1131 2288 eormn
1163 2245 1352 2285 curam
1402 2245 1614 2298 gerere,
1651 2231 1741 2298 qui
1779 2244 1908 2286 sunt
1961 2233 2015 2285 in

437 2330 701 2394 custodia,
732 2340 785 2381 et
817 2327 860 2380 si
893 2326 1108 2395 quidem
1143 2340 1236 2377 eas
1263 2323 1456 2393 negligi
1489 2321 1703 2386 viderit,
1736 2325 2017 2391 praesidem

436 2422 724 2490 provincia:
758 2421 824 2480 tle
857 2421 956 2471 huc
989 2423 1226 2470 moueat.

506 2509 624 2563 Lib.
660 2524 697 2572 t,
727 2509 808 2560 tit.
843 2509 896 2568 4.
934 2506 1153 2559 eottstit.
1192 2503 1279 2568 10,
1315 2504 1469 2574 cujus
1498 2503 1713 2558 initiutn
1739 2545 1757 2570 ,
1803 2505 2019 2560 Mathe-

347 2635 351 2639 -
437 2603 681 2654 maticos.
745 2600 986 2653 Tradaut
1042 2597 1410 2651 mathematici
1461 2597 1631 2652 libros
1674 2599 1878 2652 erroris
1938 2599 2022 2653 sui

437 2694 723 2761 epist-opis,
754 2704 808 2745 ut
857 2693 906 2745 in
955 2692 1127 2746 oculis
1157 2704 1343 2744 eorum
1377 2699 1819 2754 concrementur,
1863 2700 2024 2760 atque

440 2787 538 2853 ipsi
572 2787 673 2839 hoc
729 2786 884 2839 modo
913 2784 1194 2840 christiani
1227 2783 1377 2836 ﬁant.

508 2960 626 3013 Lib.
657 2977 690 3019 t.
721 2961 805 3012 tit.
832 2959 886 3023 4,
916 2958 1135 3012 constit.
1167 2956 1252 3021 12,
1307 2957 1465 3027 cujus
1518 2958 1760 3020 initium,
1792 2957 1851 3011 Si
1883 2958 2024 3010 ‘::;o-

437 3071 552 3107 nes.
589 3055 642 3107 Si
675 3055 796 3120 quis
826 3054 952 3116 lilia,
991 3051 1074 3104 Vel
1115 3054 1384 3120 mancipio
1417 3067 1539 3116 suo,
1577 3054 1641 3105 ad
1684 3052 2014 3107 lenocinium

438 3147 598 3199 fuerit
634 3147 853 3208 abusus,
881 3148 1005 3201 Iacet
1039 3151 1139 3211 eis,
1173 3162 1292 3214 quae
1335 3146 1406 3197 ita
1441 3156 1644 3199 cozctae
1683 3144 2020 3213 prostituun-

442 3252 547 3306 tnr,
573 3240 882 3309 episcopum
921 3241 1091 3303 adire,
1137 3252 1301 3308 atque
1337 3241 1436 3294 hoc
1467 3241 1628 3293 modo
1659 3243 1724 3290 ab
1750 3236 2017 3307 ejusmodi

437 3333 632 3386 misera
675 3334 996 3386 necessitate
1028 3333 1268 3387 liberari.

509 3423 625 3476 Lib.
666 3438 703 3486 ι,
745 3423 824 3478 tit.
869 3424 922 3488 4,
960 3427 1183 3479 constit.
1225 3425 1310 3486 l5,
1356 3424 1510 3492 cujus
1551 3423 1787 3486 iuititnu,
1826 3422 2018 3475 Decer-

437 3513 631 3567 nimus.
663 3513 764 3576 Qui
819 3511 965 3566 litem
999 3513 1158 3566 habet
1192 3517 1450 3566 adversus
1505 3512 1782 3576 clericum,
1820 3512 2021 3566 invitus

437 3605 579 3659 haud
611 3615 842 3673 cogitur,
873 3616 930 3658 ut
958 3607 1096 3673 apud
1127 3605 1438 3673 episcopum
1467 3603 2021 3673 COIISlalllitttipolila-

442 3712 568 3750 ttttm
606 3696 797 3765 litiget.

506 3789 622 3842 Lib.
660 3806 695 3849 t,
732 3797 811 3842 tul.
849 3789 900 3852 4,
933 3790 1154 3841 (οιιειίι.
1192 3789 1449 3858 lS,cujus
1481 3790 1715 3854 initium,
1740 3790 2014 3853 Θεσπίζο-

438 3900 557 3951 μεν.
592 3885 722 3935 Cum
775 3884 928 3934 miles
971 3897 1219 3949 queritur
1262 3883 1326 3936 tle
1369 3883 1612 3936 bonitate
1665 3884 1969 3950 specierum
2005 3920 2019 3945 ,

437 3990 556 4043 qum
583 3975 682 4042 ipsi
715 3990 1050 4027 anuonarum
1109 3977 1314 4027 ratione
1347 3979 1687 4042 praebentur,
1738 3977 2023 4044 episcopus

435 4085 622 4122 curam
651 4083 839 4121 eorum
874 4081 1060 4134 gerere
1101 4067 1257 4118 debet
1287 4107 1301 4130 ,
1341 4069 1429 4136 qui
1471 4068 1670 4120 tributa
1713 4067 2019 4129 cunl‘crunl,

440 4176 612 4230 neque
643 4163 976 4231 permittere,
1011 4170 1068 4212 nt
1100 4174 1129 4211 ει
1163 4159 1423 4212 militibus
1455 4168 1734 4212 vexentur.

511 4355 632 4413 Lib.
665 4373 702 4420 1,
738 4360 818 4410 tit.
862 4357 928 4423 4,
970 4360 1192 4411 Constit.
1227 4358 1314 4421 19,
1374 4360 1527 4427 cujus
1582 4361 1826 4425 initium,
1858 4360 2020 4414 Juba—

2121 1873 2153 1941 ἧ
2186 1873 2294 1924 τῶν
2340 1874 2616 1940 μοναχῶν.
2657 1873 2848 1925 Πάντα
2874 1873 2982 1941 γάρ
3036 1873 3105 1925 τὰ
3137 1873 3348 1925 τούτων
3389 1872 3733 1944 nit-(jugali;-

2125 1979 2271 2035 ματα
2303 1967 2433 2037 παρ⁸
2461 1967 2610 2038 αὐτῷ
2639 1967 2720 2019 δεῖ
2748 1966 3209 2034 σωφρονίζεσθαι,
3242 1967 3382 2020 διότι
3402 1971 3500 2021 καὶ
3535 1970 3732 2043 πλημ-

2130 2060 2448 2127 μελούμενα
2483 2060 2582 2129 τὴν
2626 2060 2837 2128 μέμψιν
2867 2061 3014 2128 αὐτῷ
3054 2062 3236 2128 φέρει.

2197 2151 2316 2205 Βιό.
2355 2149 2425 2214 α’,
2459 2152 2565 2203 τίτ.
2609 2150 2672 2217 δ’,
2702 2150 2843 2205 διάτ.
2871 2151 2938 2214 θ’,
2981 2146 3100 2223 ἦςή
3125 2153 3296 2225 ἀρχὴ,
3325 2154 3572 2210 Iudices.
3606 2157 3731 2226 Χρὴ

2124 2246 2213 2294 τὴν
2252 2243 2560 2297 ἐπίσκοπον
2595 2247 2859 2311 προνοεῖν
2899 2244 3004 2296 τῶν
3029 2246 3087 2297 ἐν
3127 2246 3347 2316 φυλακῇ
3374 2246 3574 2313 ὄντων,
3638 2249 3735 2302 καὶ

2122 2338 2168 2387 εἰ
2203 2336 2744 2408 παραμελουμὲνους
2780 2338 2980 2400 αὐτοὺς
3027 2338 3134 2409 ἴδῃ,
3166 2337 3478 2392 διδασκέτω
3507 2339 3607 2393 τὸν
3633 2341 3735 2411 τῆς

2123 2429 2399 2500 ἐπαρχίας
2431 2431 2695 2500 ἄρχοντα.

2196 2524 2318 2579 Βι6.
2345 2529 2418 2592 α’,
2451 2523 2562 2577 τίτ.
2593 2523 2658 2588 δ’,
2691 2523 2833 2575 διὰτ.
2870 2529 2920 2588 ι’,
2954 2516 3018 2596 ᾖς
3049 2526 3084 2592 ὴ
3107 2525 3274 2594 ἀρχὴ,
3294 2525 3732 2584 Matltematicos.

2125 2616 2190 2670 Ol
2222 2615 2606 2685 μαθηματικοὶ
2629 2618 2742 2678 τοῖς
2797 2617 3120 2678 ἐπισκόποις
3147 2617 3217 2669 τὰ
3272 2617 3460 2686 βιϐλία
3503 2622 3610 2691 τῆς
3659 2623 3734 2674 oi-

2120 2711 2277 2772 κειας
2310 2709 2519 2778 πλάνης
2555 2709 3035 2778 παραδιδότωσαν,
3067 2709 3156 2762 ἵνα
3197 2711 3286 2762 ἐπ’
3336 2711 3536 2781 ὄψεσιν
3585 2715 3736 2768 ὲκεί-

2123 2820 2227 2854 ·.ων
2267 2801 2469 2871 καυθῇ,
2506 2803 2598 2854 καὶ
2639 2800 2813 2864 οὕτως
2856 2805 3057 2856 ἐκεῖνοι
3110 2805 3389 2871 γένωνται
3453 2807 3736 2875 Χριστια-

2125 2911 2225 2946 νοι.

2201 2988 2320 3040 8-.6.
2360 2986 2430 3052 α’,
2468 2989 2572 3042 τίτ.
2598 2987 2660 3050 δ’,
2697 2989 2840 3043 διάτ.
2896 2988 2982 3058 ιβ’,
3013 2987 3081 3064 ἧς
3121 2993 3154 3060 ἡ
3207 2993 3378 3062 ἀρχὴ,
3405 2991 3464 3047 Si
3501 2994 3733 3046 (errones.

2136 3081 2264 3132 Ἐάν
2298 3099 2382 3142 τις
2423 3083 2616 3133 τέκνον
2649 3083 2681 3152 ἢ
2717 3082 3056 3148 ἀνδράποδον
3110 3083 3241 3136 ἴδιον
3278 3084 3732 3157 πορνοϐοσκήσῃ,

2127 3173 2300 3238 ἔξεστι
2341 3178 2462 3235 ταῖς
2487 3173 2660 3235 οὕτως
2685 3176 2900 3246 ἀνάγκη
2950 3176 3394 3245 προῖσταμέναις
3437 3179 3732 3248 προσιέναι

2125 3265 2200 3333 τῷ
2233 3266 2544 3334 επιοκόπῳ,
2576 3267 2671 3319 καὶ
2690 3266 2859 3328 οὕτως
2885 3268 3332 3322 ἀπαλλάττεσθαι
3352 3270 3452 3340 τῆς
3475 3271 3736 3338 τοιαύτης

2124 3357 2317 3418 ἀειλῐας
2351 3357 2620 3428 ἀνάγκης.

2201 3450 2314 3502 Βιϐ.
2339 3456 2407 3513 α’,
2445 3451 2645 3514 τίτ.δ¹,
2679 3450 2824 3504 διὰτ.
2866 3449 2954 3518 ιγ’,
2991 3446 3057 3521 ἦς
3091 3451 3316 3522 ἡάρχὴ,
3353 3452 3728 3509 Dcccruimus.

2139 3542 2195 3592 Ὀ
2235 3542 2396 3611 δίκην
2432 3541 2573 3610 ἔχων
2622 3542 2757 3608 πρὸς
2793 3543 3058 3612 κληρικὸν
3119 3544 3271 3596 ἄκων
3337 3547 3440 3598 οὐκ
3481 3547 3728 3616 ἀναγκά-

2126 3634 2277 3696 ζεται
2306 3635 2458 3703 παρὰ
2499 3636 2578 3704 τῷ
2612 3634 2902 3704 ὲπισκόπῳ
2963 3637 3615 3704 Κωνσταντινουπόλεως
3663 3642 3734 3693 δι·

2126 3722 2414 3786 χάζεσθαι.

2197 3814 2317 3868 Βι6.
2360 3821 2430 3878 α’,
2457 3816 2562 3868 τὶτ.
2597 3814 2661 3879 δ’,
2694 3817 2837 3870 διάτ.
2871 3824 2960 3886 ιη’,
2983 3811 3048 3888 ἧς
3081 3820 3304 3890 ἡάρχὴ,
3333 3821 3730 3893 Θεσπιζομεν.

2141 3905 2338 3958 Ἱὶνὶκα
2361 3909 2388 3958 ὁ
2426 3908 2770 3974 στρατιώτης
2807 3905 3088 3961 διαϐάλλει
3122 3914 3258 3979 περὶ
3305 3914 3574 3984 καλλονῆς
3619 3917 3731 3970 τῶν

2125 3996 2555 4066 παρερχομένων
2584 3993 2736 4064 αὑτῷ
2783 3999 2867 4057 εἰς
2905 3996 3062 4064 λόγον
3099 3998 3358 4052 ἀννωνῶν
3411 4002 3593 4067 εἱδῶν,
3624 4003 3732 4073 χρὴ

2126 4090 2219 4142 τὸν
2273 4089 2578 4143 ἐπίσκοπον
2635 4089 2889 4157 προνοεῖν
2937 4088 3244 4156 ὑποτελῶν,
3314 4091 3415 4145 καὶ
3471 4095 3549 4162 μὴ
3602 4110 3732 4160 συγ-

2129 4181 2331 4248 χωρεῖν
2384 4180 2586 4242 αὑτοὺς
2631 4178 3025 4248 διατρέφεσθαι
3072 4183 3176 4233 ὑπὸ
3238 4186 3351 4236 τῶν
3405 4201 3732 4256 στρατιωτι-

2130 4291 2260 4325 κυΓΛ

2202 4365 2318 4416 Βι6.
2350 4371 2419 4424 α’,
2449 4363 2556 4416 τίτ.
2595 4364 2659 4428 δ’,
2693 4363 2836 4416 διάτ.
2869 4365 2960 4429 ιθ’,
3003 4358 3069 4435 ἦς
3124 4367 3155 4434 ἡ
3219 4367 3392 4437 ἁρχὴ,
3447 4366 3727 4422 bibemus.

437 4464 574 4504 mus.
618 4448 868 4519 EpiSCOpi
895 4462 948 4503 et
974 4450 1304 4505 clericorum
1335 4451 1592 4522 suffragio
1620 4454 1870 4507 defensor
1893 4468 2017 4508 con—

2146 4456 2312 4526 Γήφῳ
2341 4458 2435 4509 τοῦ
2463 4459 2765 4511 ἐπισκόπου
2806 4460 2899 4510 καὶ
2933 4475 3041 4510 των
3074 4460 3362 4529 κληρικῶν
3424 4466 3452 4516 ὁ
3508 4463 3727 4528 ἔκδικος

439 4545 695 4598 Stituitor.

509 4635 629 4688 Lib.
673 4650 709 4698 ι,
747 4634 829 4687 tit.
866 4634 920 4697 4,
960 4638 1181 4687 constit.
1213 4633 1304 4694 2|.
1335 4637 1488 4703 cujus
1520 4638 1757 4699 initium,
1789 4637 1849 4693 Si
1880 4655 2016 4707 prtu-

441 4743 582 4780 scns.
618 4727 752 4781 Cum
792 4729 963 4778 locum
999 4727 1160 4779 bath
1187 4729 1432 4794 exceptio
1467 4743 1569 4780 non
1611 4739 1908 4783 numeratae
1935 4747 2024 4796 pc-

440 4817 631 4877 cnnize,
673 4832 770 4869 nec
806 4832 1005 4886 praeses
1034 4822 1206 4882 adest,
1242 4828 1417 4885 potest
1468 4819 1664 4887 aliquis
1709 4821 2021 4874 accedenth

440 4913 506 4961 ad
538 4911 868 4978 episcopum,
902 4920 1114 4976 tempus
1145 4912 1561 4980 interrumpere.

513 4998 631 5053 Lib.
663 5016 699 5059 t.
731 5003 813 5052 tit.
842 5000 874 5052 4
897 5039 911 5062 ,
943 5000 1164 5052 constit.
1189 5001 1280 5066 2:2,
1315 5001 1469 5068 cujus
1509 5003 1741 5068 initimn,
1770 5003 2018 5057 Οὐδένα.

442 5091 850 5159 Ιὶιιιξξςὶυείδςίιιιί
902 5093 1089 5162 quovis
1141 5097 1190 5145 in
1227 5096 1342 5147 loco
1374 5097 1609 5163 episcopi
1648 5136 1661 5160 ,
1698 5112 1802 5151 uno
1851 5100 2022 5166 septi-

443 5200 613 5236 tnamc
649 5185 928 5250 Clljllsllllt'l
965 5190 1071 5247 tilC,
1119 5186 1200 5238 \‘cl
1238 5188 1370 5239 l'et'ia
1413 5199 1625 5255 quarta,
1666 5191 1745 5241 vel
1805 5190 1888 5258 inJ
1916 5191 2021 5242 νει-

445 5289 687 5338 1’;ιεευι·ιι,
729 5278 1000 5330 custodias
1040 5287 1472 5345 perscrutantor.

513 5365 632 5420 Lib.
662 5385 697 5431 1,
734 5371 813 5420 lil.
845 5369 897 5430 4,
932 5369 1148 5422 consul.
1189 5369 1278 5433 9.5,
1310 5369 1461 5436 cujus
1498 5369 1712 5422 initium
1743 5411 1757 5434 ,
1788 5369 2022 5423 Ίδιωτι-

446 5461 566 5520 κάς.
605 5463 658 5513 Si
702 5464 822 5529 quis
855 5463 904 5514 in
933 5477 1206 5515 carcerem
1239 5464 1502 5530 privatum
1534 5462 1811 5530 conjectus
1840 5462 2022 5525 ίιιιειιι,

2125 4548 2540 4620 προϐαλλέσθω.

2198 4640 2318 4694 1ἰι6.
2356 4646 2425 4702 α’,
2462 4642 2569 4696 τίτ.
2611 4640 2674 4704 6',
2713 4642 2984 4707 διάτ.κα’,
3020 4640 3086 4715 ἧς
3116 4647 3147 4715 ὴ
3178 4645 3350 4716 ἀρχὴ,
3378 4647 3440 4701 Si
3472 4666 3726 4718 prwscus.

2134 4732 2332 4784 Ἢνίκα
2372 4731 2558 4804 χώραν
2588 4733 2703 4802 ἔχει
2740 4736 2773 4805 η
2805 4737 3150 4806 παραγραφὴ
3191 4740 3294 4807 τῆς
3354 4743 3726 4811 άναργυριας,

2129 4827 2224 4876 καὶ
2255 4825 2327 4893 μὴ
2366 4826 2636 4893 πάρεστιν
2666 4828 2693 4878 ὁ
2724 4829 2930 4898 ἄρχων,
2957 4829 3185 4883 δύναταί
3218 4847 3304 4893 τις
3336 4835 3728 4905 προσερχόμε-

2126 4925 2210 4968 νοέ
2245 4917 2323 4987 τῷ
2348 4920 2657 4989 ἐπιδ-κόπῳ,
2698 4920 2906 4988 ταύτην
2940 4922 3278 4977 διακόπτειν.

2211 5009 2333 5062 Βιῧ.
2366 5016 2436 5072 α’,
2473 5011 2580 5065 τίτ.
2613 5009 2654 5064 6'
2690 5013 2831 5065 διάτ.
2864 5013 2970 5076 κ6’,
3009 5011 3080 5085 ἧς
3110 5016 3142 5084 ή
3175 5015 3348 5085 ἁρχὴ,
3384 5019 3640 5074 Οὐδένα.
3667 5018 3727 5068 ΟΞ

2129 5102 2536 5168 θεοφιλέστατοι
2572 5105 2713 5154 κατὰ
2759 5105 2923 5155 τόπον
2959 5106 3251 5160 ἐπίσκοποι
3304 5108 3441 5178 μίαν
3495 5110 3729 5177 ἑκάστης

2133 5193 2401 5260 ὲϐὂμὰδος
2423 5195 2639 5263 ἡμέραν
2672 5195 2706 5263 ἢ
2744 5196 2842 5263 τὴν
2860 5196 3186 5267 Τετράδα,ἢ
3215 5199 3314 5269 τὴν
3340 5201 3724 5272 Παρασκευην,

2131 5287 2229 5344 τὰς
2262 5287 2505 5352 φυλακὰς
2543 5288 3010 5356 διερευνάτωσαν.

2207 5376 2421 5430 Βιϐλίων
2456 5386 2527 5443 α’,
2577 5382 2756 5443 τίτλος
2790 5381 2854 5446 δ’,
2895 5383 3146 5449 διάταξις
3222 5385 3335 5454 κγ’,
3391 5383 3462 5459 ἧς
3495 5390 3527 5456 ἡ
3566 5387 3723 5458 ἀρχὴ,

2147 5468 2496 5534 Ἰδιωτικάς.
2550 5471 2674 5525 Ἐάν
2697 5489 2782 5536 τις
2815 5474 3067 5546 ἐμϐληθῇ
3103 5477 3162 5530 ἐν
3193 5477 3447 5551 ἰδιωτικῇ
3487 5479 3723 5547 φυλακῇ,

1637 5600 1973 5658 Annibalis
2019 5602 2268 5664 Fabruli
2321 5614 2513 5666 noite.

522 5744 630 5810 (‘25)
665 5744 782 5799 Lib.
819 5763 854 5813 ι,
883 5748 963 5800 tit.
1002 5748 1044 5812 ι,
1072 5758 1248 5802 const.
1281 5748 1334 5802 4.
1365 5747 1492 5812 Qutc
1526 5750 1861 5800 sror-latione.
1892 5745 2022 5802 Vide
2064 5753 2147 5806 tit.
2184 5756 2234 5811 ἂι.
2271 5764 2445 5807 cunst.
2499 5756 2551 5807 4.
