3970 6484
182 373 318 439 115⁸1

1211 364 1530 425 CONSTIT
1591 362 1888 424 ECCLES.
1936 361 2369 425 COLLEC'I‘IO.

3305 369 3442 434 1158

181 485 413 554 προνοίᾳ
477 481 584 535 τῶν
637 478 1067 548 θεοφιλεστάτων
1118 476 1436 529 ἐπισκόπων
1507 475 1756 542 ἁφιέσοω

1894 474 2390 542 eligiosissimorum
2419 474 2792 544 episcoporum
2824 491 2952 529 cura
2990 491 3186 546 cutem;
3210 487 3262 534 ti
3291 494 3320 531 c.
3346 501 3440 533 cu-

186 576 533 646 παραχρῆμα
558 573 656 643 τῆς
683 572 954 641 φυλακῆς.
1001 569 1311 639 Σημείωσαι
1341 568 1444 631 ὅτι,
1480 570 1758 637 ῥᾳθυμου-

189 672 354 740 μένου
372 670 564 722 τούτου
587 667 678 718 τοῦ
708 666 1049 735 πράγματος,
1081 663 1161 715 δεῖ
1187 662 1277 714 τὸν
1308 660 1606 713 ἐπίσκοπον
1627 659 1758 711 ἀνα-

186 763 380 831 φέρειν
401 760 475 829 τῷ
503 759 644 812 κατὰ
677 756 867 826 καιρὸν
905 753 1206 823 προεστῶτι
1243 752 1354 804 τῶν
1410 750 1571 803 θείων
1627 767 1760 819 πρι-

187 852 391 905 δάτων.
428 849 598 904 Τοῦτο
617 849 747 918 γὰρ,
777 846 930 918 φησὶ,
972 846 1046 914 μὴ
1103 845 1464 912 ποιήσαντες,
1518 844 1578 894 ού
1630 843 1758 912 περὶ

193 941 366 1010 μόνην
397 943 496 1010 τὴν
521 939 724 997 οὐσίαν.
769 939 905 991 ἀλλὰ
925 939 1020 989 καὶ
1058 937 1187 1004 περὶ
1219 936 1315 1003 τὴν
1345 935 1620 1003 σωτηρίαν
1658 933 1759 987 αύο

187 1032 290 1103 τὴν
318 1032 716 1101 ύποστήσονται
740 1029 1009 1082 κίνδυνον.

265 1123 384 1177 Βιὸ.
424 1121 494 1187 α’,
529 1123 636 1176 τίτ.
674 1122 736 1183 ε’,
761 1121 903 1176 διάτ.
937 1117 1002 1189 β’,
1029 1113 1182 1188 ἦς·ή
1218 1117 1381 1188 ἀρχὴ,
1436 1120 1647 1170 Omnes.
1699 1117 1761 1170 Oi

187 1218 482 1270 ἐπίσκοποι
509 1217 618 1270 τῶν
647 1213 940 1284 αἱρετικῶν
978 1212 1255 1282 μηδεμίαν
1308 1211 1522 1275 πίστιν,
1549 1209 1616 1280 ἢν
1659 1211 1760 1263 οὐκ

186 1309 313 1378 ἔχου
322 1325 393 1370 σι,
427 1306 791 1361 εἰκάσοωσαν.

259 1400 378 1452 Βιό.
414 1399 591 1465 α’,τίτ
622 1405 683 1466 ε’,
714 1397 853 1452 διάτ.
886 1403 956 1467 η’,
982 1391 1048 1464 ἦς
1071 1397 1103 1466 ἡ
1129 1395 1274 1465 ἀρχὴ
1315 1395 1645 1465 Quicunque.
1697 1395 1760 1449 Οί

185 1490 550 1543 ἐπίσκοποιοὶ
582 1490 650 1542 τὰ
685 1485 959 1556 Εὑτυχοῦς
1024 1487 1115 1538 καὶ
1157 1485 1565 1554 Ἀπολλιναρίου
1624 1501 1761 1555 φρο-

186 1582 412 1644 νοῦντες
474 1581 607 1650 μηδὲ
672 1579 941 1642 διάκονον,
1007 1577 1140 1648 μηδὲ
1198 1576 1593 1648 πρεσϐύτερον,
1668 1576 1766 1628 καὶ

188 1673 380 1735 ἁπλῶς
408 1673 608 1737 εἰπεῖν,
664 1670 938 1741 μηδεμίαν
972 1671 1309 1740 χειροτονίαν
1341 1670 1689 1721 ποιείτωσαν.

1867 566 2043 620 Studia
2074 566 2377 620 dimittitur.
2415 566 2573 632 Nota,
2609 583 2728 620 (‘lllll
2761 570 2862 623 hoc
2895 572 3166 638 negotium
3202 575 3444 641 segniter

1876 655 2136 722 procedit,
2172 656 2484 724 episc0pmu
2538 672 2647 711 rem
2685 659 2856 727 ipsam
2889 660 3105 714 deferre
3133 663 3328 716 debere
3377 667 3442 718 a.l

1870 763 2015 810 cum,
2045 748 2134 818 qui
2171 764 2267 817 pro
2293 759 2532 818 tempore
2561 753 2878 820 prmpositus
2907 752 3066 806 fuerit
3091 757 3250 809 rebus
3272 757 3444 811 sacris

1873 841 2117 910 privatis.
2145 841 2352 911 Quippe
2390 842 2442 896 ui
2473 843 2720 905 fecerint,
2754 845 2946 914 inquit,
2981 864 3084 900 non
3111 850 3266 902 modo
3298 849 3442 902 circa

1873 932 2044 986 Solum
2117 933 2540 1002 patrimonium,
2606 951 2788 988 vermu
2818 936 2980 990 etiam
3015 939 3158 991 circa
3214 942 3444 994 salutem

1879 1023 2051 1093 ipsum
2085 1024 2385 1092 periculum
2419 1025 2717 1079 incurrent.

1944 1115 2061 1170 Lib.
2097 1131 2136 1180 ι,
2179 1116 2262 1169 tit.
2297 1117 2331 1171 5
2355 1158 2369 1181 ,
2399 1117 2614 1173 constit.
2649 1117 2682 1170 2
2706 1158 2722 1182 ,
2755 1119 2907 1185 cujus
2938 1119 3184 1187 initium,
3233 1119 3446 1176 Omnes.

1876 1205 2264 1262 [hereticorum
2299 1207 2538 1278 episcopi
2571 1210 2772 1262 nullam
2809 1209 2992 1273 ﬁdem,
3031 1227 3191 1278 quam
3221 1227 3324 1266 non
3353 1215 3450 1265 ha-

1876 1299 2027 1358 bent.
2061 1297 2318 1353 doceant.

1948 1389 2065 1444 Lib.
2094 1406 2132 1454 ι,
2157 1390 2241 1443 tit.
2268 1389 2322 1455 5,
2343 1390 2562 1444 constit.
2587 1389 2642 1455 8,
2671 1390 2829 1456 cujus
2856 1390 3094 1454 initium,
3118 1392 3448 1462 Quicunque.

1878 1479 2150 1550 EpiSCopi,
2181 1482 2271 1551 qui
2331 1479 2590 1552 Eutycbis
2624 1490 2678 1535 et
2723 1481 3050 1550 Apollinaris
3084 1485 3331 1552 dogmata
3363 1499 3450 1536 sc-

1877 1579 2116 1634 ctantur,
2139 1588 2310 1641 neque
2336 1574 2644 1640 diaconum,
2669 1589 2845 1646 neque
2863 1577 3255 1646 presbyterum,
3277 1591 3453 1645 neque

1879 1663 2224 1734 (simpliciter
2281 1663 2588 1737 loquendo)
2635 1666 2798 1722 ullam
2850 1666 3245 1721 ordinationem
3292 1667 3453 1722 insti-

1877 1764 2050 1811 tuant.

264 1849 384 1903 Bt6.
419 1854 488 1912 α’,
520 1847 626 1900 τίτ.
649 1853 712 1911 ε’,
745 1846 884 1899 διάτ.
917 1844 1004 1913 ιβ’,
1025 1839 1151 1916 ἦςὴ
1193 1844 1360 1915 ἁρχὴ,
1410 1845 1558 1912 τοὺς
1607 1848 1766 1915 αἱρε-

1940 1848 2060 1905 Lib.
2091 1867 2129 1915 ι,
2161 1850 2240 1904 tit.
2292 1850 2345 1910 5.
2409 1851 2632 1906 constit.
2668 1850 2757 1914 l8,
2801 1850 2953 1918 cujus
3009 1850 3215 1903 initium
3243 1887 3258 1909 ,
3314 1846 3454 1908 Τοὺς

191 1945 426 2009 τικούς.
464 1942 652 2002 Ὅπως
677 1939 743 1993 ἂν
770 1938 838 1992 τὰ
878 1938 1017 1990 κατά
1062 1937 1173 1990 τῶν
1202 1936 1500 2008 αίρετικῶν
1540 1942 1769 2003 νομοοε-

193 2035 438 2104 τηθέντα
461 2030 784 2102 φυλαχθείη,
843 2029 1248 2098 προνοείτωσαν
1274 2031 1321 2082 oi
1348 2030 1660 2086 ἐπίσκοποι.

269 2123 390 2178 Βιό.
422 2121 493 2187 α’,
521 2121 627 2175 τίτ.
658 2119 734 2186 ς’,
767 2121 909 2176 διάτ.
937 2127 1010 2186 α’,
1047 2116 1113 2190 ἦς
1143 2122 1176 2191 ἡ
1222 2122 1387 2193 ἀρχὴ,
1444 2123 1767 2178 Antislitem.

205 2216 272 2269 Ὅ
326 2207 624 2278 ἐπίσκοπος
675 2213 767 2265 τὸν
813 2212 918 2280 ἤδη
977 2211 1342 2278 βαπτισθέντα
1399 2213 1771 2267 ἀναόαπτίσαι

199 2306 483 2374 τολμήσας
515 2303 1061 2373 ἀποχειροτονείσθω.
1105 2301 1275 2355 Τοῦτο
1328 2301 1439 2372 γὰρ
1487 2306 1600 2367 τοῖς
1641 2306 1778 2358 ἁπο-

201 2397 474 2459 στολικοῖς
506 2395 740 2464 μάχεται
785 2392 1272 2462 παραγγέλμασιν.

276 2487 392 2541 Βιϐ.
426 2492 496 2550 α’,
529 2486 634 2539 τίσι.
662 2483 728 2548 ζ’,
760 2485 902 2537 διάτ.
937 2482 1014 2550 ς’,
1046 2478 1113 2553 ἧς
1141 2485 1173 2551 ἡ
1204 2486 1368 2554 ἀρχὴ,
1401 2485 1506 2540 Eos
1553 2491 1658 2556 qui.
1711 2489 1774 2541 Οἱ

201 2580 306 2649 τῆς
334 2578 616 2648 όρθοδόξου
648 2576 949 2646 Θρησκείας
987 2575 1239 2645 κληρικοὶ
1273 2576 1306 2646 ἢ
1370 2582 1620 2648 μοναχοὶ,
1679 2582 1775 2633 ἐὰν

203 2674 292 2734 είς
315 2672 376 2724 τὸ
410 2668 816 2739 ’Λπολλιναρίου
844 2668 875 2738 ἢ
907 2669 1181 2737 Εὐτυχοῦς
1235 2670 1538 2739 μετέλθωσι
1571 2673 1772 2742 δόγμα,

201 2762 418 2834 πικρῶς
448 2759 842 2831 τιμωροῦνται,
875 2759 970 2836 καὶ
1019 2760 1113 2813 τοῦ
1176 2761 1484 2829 Ῥωμαῖκοῦ
1543 2764 1776 2835 ἐδάφους

196 2854 560 2923 ἐξορίζονται.

289 2944 408 2997 Βι6.
435 2951 506 3010 α’,
531 2946 636 2999 sit.
670 2943 735 3007 θ’,
764 2946 902 2999 δ·ἀτ.
929 2951 1018 3014 ιη’,
1053 2941 1120 3017 ἦς
1156 2948 1190 3015 ὴ
1221 2946 1388 3015 ἀρχὴ,
1408 2949 1526 3000 Hoc
1546 2947 1772 3000 victura.

210 3036 274 3088 '0
312 3036 412 3104 τῆς
458 3036 667 3098 πόλεως
691 3039 990 3100 ἐπίσκοπος
1023 3039 1100 3106 μὴ
1130 3035 1446 3102 ἀπαξιούτω
1478 3037 1631 3108 παρὰ
1665 3040 1778 3100 τοῖς

201 3126 438 3186 ἐκδίκοις
471 3126 810 3189 δικάζεσθαι.
841 3128 1066 3196 Ἔχουσι
1111 3129 1220 3197 γὰρ
1259 3127 1473 3180 δίκαιον
1535 3129 1629 3180 τοῦ
1701 3129 1776 3180 δι⁸

199 3216 393 3279 κὰζειν
451 3216 544 3270 καὶ
575 3220 685 3281 τοῖς
714 3220 1057 3281 ἐπισκόποις.
1105 3220 1422 3290 Σημείωσαι
1448 3219 1508 3284 ἐξ
1532 3221 1778 3274 ἀντιστο-

199 3325 324 3377 Λης.

277 3486 399 3540 Βιϐ.
423 3492 492 3552 α’,
521 3487 627 3539 τίτ.
672 3483 760 3552 ια’,
794 3485 935 3544 δῖάτ.
982 3485 1047 3551 0',
1084 3482 1149 3557 ἧς
1190 3489 1221 3555 ἠ
1267 3488 1438 3559 ἁρχὴ,
1471 3490 1780 3557 Προστιίτ-

200 3574 562 3652 τομεν.Χρὴ
589 3576 688 3650 τὴν
755 3580 862 3632 τῶν
925 3579 1189 3649 Ἑλλήνων
1247 3578 1420 3649 ἀσεϐῆ
1483 3579 1780 3650 θρησκείαν

202 3669 539 3730 ἁνπόπτειν
567 3674 692 3735 τοὺς
732 3673 1079 3734 ἐπισκόπους,
1115 3672 1206 3723 καὶ
1249 3670 1475 3740 μηνύειν
1506 3672 1678 3725 ταῦτα
1703 3673 1781 3742 τῷ

201 3769 306 3838 τῆς
329 3766 595 3836 ἐπαρχίας
615 3766 859 3835 ἄρχοντι.

277 3859 396 3910 Bt6.
439 3856 509 3921 α’,
535 3857 639 3908 τίτ.
692 3854 781 3915 ιδ’,
811 3855 951 3908 διάτ.
984 3860 1053 3920 γ’,
1086 3849 1153 3924 ἧς
1215 3855 1247 3922 ὴ
1301 3854 1468 3924 ἀρχὴ,
1516 3853 1771 3908 Patenut.

215 3940 654 4018 Ἀνεῴχῡεσαν.
679 3946 817 4006 Τοὺς
846 3946 1106 4008 ἐνόπλους
1137 3946 1457 4014 πρόσφυγας
1477 3946 1777 3998 ἀποθέσθαι

209 4043 285 4093 τὰ
318 4040 459 4101 ὅπλα
490 4039 564 4108 μὴ
601 4038 943 4102 πεισθέντας,
989 4040 1123 4106 μήτε
1158 4037 1407 4100 εἴξαντας
1459 4039 1523 4106 τῇ
1574 4054 1782 4106 παραι-

207 4130 482 4185 νέσειτοῦ
534 4129 835 4181 ἐπισκόπου
888 4129 982 4180 καὶ
1037 4127 1143 4179 τῶν
1201 4128 1499 4196 κληρικῶν,
1562 4127 1658 4179 καὶ
1711 4129 1776 4196 τῇ

205 4219 615 4292 ἐπαγγελθείσῃ
641 4219 929 4288 ἀσφαλείᾳ,
967 4218 1084 4288 μεθ’
1139 4219 1302 4287 ὅρκου
1366 4218 1598 4280 δόσεως·
1660 4215 1780 4268 οὐδὲ

205 4314 382 4376 οὕτως
413 4312 540 4365 ἄνευ
572 4309 665 4363 τοῦ
699 4311 1005 4362 ἐπισκόπου
1034 4308 1259 4379 γνώμης
1283 4308 1491 4374 ἔξεστιν
1526 4310 1777 4362 ἀποσπᾶ-

207 4425 325 4462 σαι.

281 4499 492 4553 Βιϐλίον
527 4494 597 4559 α’,
630 4494 806 4555 τίτλος
862 4491 948 4556 ιϐ’,
983 4490 1226 4555 διάταξις
1275 4488 1350 4554 ς’.
1408 4484 1471 4561 ἧς
1517 4493 1550 4558 ἡ
1609 4491 1779 4560 ἀρχὴ,

218 4591 502 4650 Praesenti.
572 4588 633 4642 '0
662 4587 1053 4654 ύπονοούμενος
1104 4585 1360 4653 κληρικὸς
1419 4586 1561 4653 ἔχειν
1605 4587 1783 4654 πράγ-

211 4703 361 4756 ματα
389 4682 482 4734 τοῦ
516 4677 958 4750 προσφεύγοντας
1009 4676 1166 4745 λόγον
1194 4677 1383 4729 διδότω
1425 4677 1523 4745 τῆς
1578 4677 1782 4738 οἰκείας

210 4776 580 4845 συνειδήσεως
617 4771 694 4842 τῷ
718 4769 1021 4839 ἐπισκόπῳ.

284 4868 404 4921 Βιϐ.
441 4867 512 4930 α’,
543 4866 645 4918 τίτ.
682 4862 774 4930 ιγ’,
797 4863 938 4915 διὰτ.
963 4858 1032 4925 α’,
1055 4855 1119 4930 ἦς
1149 4862 1180 4930 ἡ
1229 4858 1395 4928 ἀρχὴ,
1431 4857 1781 4912 Iamdudum.

209 4962 275 5015 υἱ
314 4959 605 5012 ἐπίσκοποι
629 4957 687 5005 ἐν
716 4953 869 5017 τάξει
904 4952 1199 5021 μαρτύρων
1222 4950 1692 5018 ὑπογραφέτωσαν
1727 4952 1784 4999 ἑν

211 5057 330 5115 τοῖς
390 5049 741 5120 συμϐολαίοις
775 5046 884 5098 τῶν
945 5046 1003 5096 ἐν
1043 5043 1361 5110 ἐκκλησίαις
1397 5044 1788 5112 ἐλευθερουμέ-

213 5163 344 5199 νων.

288 5235 407 5287 Βιὸ.
427 5239 497 5308 α’,
531 5234 633 5284 τίτ.
670 5237 760 5298 ιγ’,
780 5229 917 5281 διὰτ.
949 5227 1014 5297 β’,
1044 5221 1110 5296 ἧς
1130 5229 1162 5295 ὴ
1193 5226 1358 5296 ἀρχὴ,
1378 5227 1480 5290 Qui
1514 5225 1779 5294 religiosa.

221 5327 288 5382 '0
328 5327 611 5395 κληρικὸς,
649 5325 752 5377 κᾶν
793 5324 849 5373 ἐν
879 5320 1167 5388 ἐκκλησίᾳ,
1209 5319 1311 5371 κᾶν
1345 5323 1400 5370 ἐν
1445 5319 1679 5388 διαοήκῃ
1717 5317 1782 5370 δι’

213 5420 541 5489 οἱωνδὴποτε
571 5417 828 5487 ῥημάτων
868 5413 1208 5481 ἐλευθερώσῃ
1253 5413 1342 5463 τὸν
1387 5411 1625 5480 οἰκέτην,
1683 5429 1783 5460 που

1875 1941 2210 2011 αἱρετικούς.
2241 1940 2311 1996 Ut
2343 1942 2604 1997 adversus
2649 1943 2933 1998 lnereticos
2961 1941 3294 2012 promulgata
3336 1955 3456 1994 ser-

1873 2043 2087 2094 ventur,
2123 2031 2398 2101 episcopis
2433 2047 2576 2087 curae
2611 2043 2751 2086 esto.

1945 2119 2062 2176 Lib.
2084 2137 2119 2174 ι.
2149 2122 2233 2184 tit,
2259 2122 2312 2184 6,
2340 2126 2561 2175 constit.
2591 2123 2643 2188 l,
2671 2123 2826 2192 cujus
2857 2121 3089 2185 initium,
3115 2122 3448 2175 Antislitem.

1875 2213 2196 2282 Episcopus,
2232 2214 2320 2281 qui
2351 2215 2459 2282 jam
2510 2215 2846 2283 baptizatum
2900 2214 3243 2282 rebaptizare
3291 2214 3454 2269 fuerit

1874 2320 2057 2369 ausus,
2084 2305 2427 2359 ordinatione
2458 2321 2552 2359 sua
2586 2307 2826 2360 excidat.
2859 2306 2971 2361 Hoc
2999 2305 3142 2360 enim
3168 2323 3287 2359 cum
3313 2321 3453 2375 pra:-

1874 2399 2046 2465 ceptis
2080 2398 2395 2466 apostolicis
2432 2406 2652 2466 pugnat.

1959 2490 2076 2543 Lib.
2109 2506 2149 2554 ι,
2182 2491 2265 2544 ιίι.
2299 2490 2354 2554 7,
2387 2491 2609 2544 constit.
2639 2491 2692 2551 ti,
2735 2487 2888 2557 cujus
2924 2488 3156 2553 initium,
3192 2486 3297 2543 Eos
3333 2491 3443 2560 qui.

1875 2582 2074 2637 Clerici
2129 2582 2208 2635 vel
2259 2582 2510 2636 monachi
2563 2582 2878 2636 orthodoxa:
2935 2581 3230 2650 religionis,
3288 2583 3331 2636 si
3385 2584 3451 2635 ad

1879 2674 2200 2741 Apollinaris
2226 2674 2306 2727 vel
2330 2671 2585 2741 Eutyehis
2608 2672 2858 2742 dogmata
2895 2673 3233 2735 transierint,
3258 2673 3452 2725 acerbe

1879 2767 2193 2834 puniuntur,
2227 2774 2280 2819 ct
2334 2764 2386 2817 in
2439 2764 2686 2818 exsilium
2734 2773 2889 2818 extra
2942 2765 3116 2816 solum
3151 2762 3454 2817 Romanum

1879 2858 2176 2926 pelluntur.

1949 2948 2066 3000 Lib.
2098 2965 2111 3000 ι
2138 2989 2153 3012 ,
2194 2949 2274 3000 Iit.
2317 2947 2348 3001 9
2374 2987 2390 3012 ,
2424 2947 2643 3000 constit.
2689 2942 2754 2997 18
2778 2983 2792 3008 ,
2823 2945 2977 3012 cujus
3007 2943 3215 2996 iuitimu
3248 2985 3262 3008 ,
3318 2941 3436 2995 [Iac

1879 3043 2105 3095 rictum.
2155 3039 2455 3108 Episcopus
2509 3038 2745 3091 civitatis
2786 3051 2892 3089 non
2944 3037 3263 3104 dediguetur
3315 3035 3457 3102 apud

1885 3133 2196 3188 defensores
2223 3132 2502 3187 civitatum
2535 3130 2770 3200 litigare.
2807 3128 2936 3181 Nam
2983 3129 3084 3180 hoc
3120 3126 3193 3178 illi
3235 3127 3322 3194 jus
3355 3128 3453 3176 ha-

1885 3230 2033 3291 hent,
2071 3239 2127 3277 ut
2172 3225 2238 3279 de
2275 3223 2658 3277 controversiis
2698 3223 3076 3291 episcoporum
3127 3231 3457 3286 ctthIOSt'et‘c

1882 3321 2112 3388 possint.
2148 3314 2326 3378 Nota,
2369 3315 2471 3368 hoc
2503 3312 2680 3383 colligi
2730 3327 2796 3366 ex
2838 3311 3186 3365 distinctione.
3231 3318 3454 3360 corttra-

1883 3413 1960 3464 ria
2000 3410 2159 3479 (95‘).

1954 3502 2072 3556 Lib.
2101 3518 2140 3562 ι.
2176 3502 2258 3556 tit.
2289 3502 2374 3564 il,
2404 3499 2624 3555 constit.
2655 3498 2709 3562 5,
2732 3497 2886 3566 cujus
2914 3497 3147 3558 initium,
3179 3494 3455 3561 Προστατ-

1881 3609 2068 3660 τομεν.
2103 3596 2121 3612 ‘
2154 3589 2405 3658 Episcopi
2469 3603 2801 3656 paganorum
2833 3587 3180 3655 impietatem
3213 3597 3458 3637 resecare

1885 3688 2100 3750 debent,
2130 3695 2184 3739 et
2208 3685 2274 3738 de
2301 3684 2383 3738 his
2413 3683 2626 3753 praesidi
2661 3682 2955 3752 provinciae
2994 3680 3248 3734 iudicare.

1953 3866 2070 3920 Lib.
2107 3879 2144 3927 ι,
2188 3864 2268 3918 Iit.
2299 3863 2382 3924 12,
2412 3863 2633 3917 constil.
2668 3864 2720 3925 5,
2745 3863 2900 3931 cujus
2940 3861 3175 3922 initium,
3209 3857 3459 3910 Putem".

1881 3957 2139 4008 Armatus
2191 3953 2453 4020 coniugas
2497 3966 2717 4005 necesse
2758 3963 2840 4004 est
2884 3966 3033 4003 artua
3086 3952 3370 4016 deponere.
3411 3945 3454 3996 ~i

1884 4060 1987 4099 non
2017 4043 2536 4111 ohtcmperaveriut,
2573 4057 2748 4108 neque
2788 4042 3048 4094 cesserint
3085 4040 3462 4091 exhortatione

1881 4131 2143 4199 episcopi,
2165 4139 2218 4182 et
2245 4129 2590 4191 clericorum,
2617 4138 2670 4182 et
2700 4131 2980 4198 proruissze
3009 4128 3307 4191 securitati,
3331 4143 3456 4176 cuin

1884 4220 2233 4288 prmstatiuue
2258 4218 2639 4287 jurisjuraudi,
2684 4233 2750 4271 ue
2781 4220 2858 4272 sic
2887 4221 3102 4286 quidem
3134 4232 3228 4270 eos
3262 4219 3453 4270 incon-

1888 4311 2042 4364 sulto
2073 4314 2325 4380 cpiscopo
2366 4310 2494 4364 licet
2524 4311 2856 4364 abstrahere.

1950 4488 2072 4542 Lib.
2102 4506 2142 4552 ι,
2166 4491 2249 4543 tit.
2276 4488 2364 4550 15,
2391 4489 2611 4541 constit.
2645 4486 2698 4549 6,
2724 4486 2880 4554 cujus
2913 4484 3153 4545 iuitimu,
3178 4481 3458 4536 Pra'senli.

1881 4581 2145 4642 Clericus,
2177 4594 2335 4648 quem
2368 4579 2603 4646 suspicio
2634 4588 2717 4630 est
2745 4579 2946 4630 habere
2981 4592 3063 4629 res
3096 4574 3235 4643 ejus,
3276 4575 3366 4641 qui
3389 4576 3457 4628 ad

1881 4671 2167 4725 ecclesiam
2201 4670 2463 4738 confugit,
2510 4669 2760 4737 episcOpo
2797 4669 3064 4720 rationem
3115 4667 3460 4719 conscientia:

1885 4777 1996 4814 Sua:
2035 4763 2246 4816 reddat.

1953 4851 2072 4904 Lib.
2098 4853 2232 4911 |.'tit.
2257 4853 2574 4914 15,00t15tit.
2596 4854 2647 4914 1,
2665 4852 2820 4921 cuius
2847 4852 3081 4914 iuitiuut,
3100 4849 3454 4902 Jmndudum.

1885 4938 2135 5006 EpiscOpi
2183 4940 2296 4991 vice
2329 4941 2542 4991 testium
2577 4940 2923 4994 subscribaut
2955 4941 3327 4993 instrumentis
3362 4957 3454 4991 ro-

1887 5047 2002 5084 I'llttl
2038 5070 2052 5094 ,
2091 5032 2179 5100 qui
2224 5032 2273 5084 in
2303 5032 2552 5086 ceclesiis
2582 5034 3054 5085 manumittuutur.

1963 5228 2082 5280 Lib.
2121 5245 2156 5292 ι,
2195 5228 2277 5283 tit.
2316 5230 2402 5288 15,
2437 5229 2654 5282 constit.
2679 5229 2734 5288 ‘2,
2768 5231 2921 5298 cttjus
2956 5231 3189 5291 initium,
3235 5231 3338 5296 Qui
3382 5249 3457 5283 re-

1893 5319 2099 5385 ligiosa.
2125 5322 2364 5372 (.Zlerieus
2385 5321 2498 5371 sive
2531 5322 2579 5370 iu
2602 5323 2850 5384 cet-lesia,
2882 5326 2995 5374 sive
3027 5325 3077 5374 in
3114 5333 3459 5385 testamento,

1891 5411 2303 5479 (lttiirlls't'lllltjlli‘
2337 5413 2512 5464 verbis
2545 5428 2757 5464 servm:
2811 5417 3181 5466 manumiserit
3211 5457 3222 5477 ,
3289 5418 3459 5467 rivi-ut

1411 5555 1743 5614 Annibalis
1781 5554 2038 5616 Fubroli
2078 5565 2262 5616 nom).

310 5707 423 5774 25')
455 5704 717 5780 Nimirum
763 5705 862 5757 hoc.
899 5706 1090 5780 modo;
1137 5707 1360 5761 .ludwus
1395 5727 1502 5763 nou
1557 5723 1731 5780 potest
1775 5714 1802 5764 li
1829 5714 1884 5764 'ri
1930 5713 1962 5765 d
2004 5716 2207 5772 fettsOr,
2253 5727 2319 5765 uc
2346 5711 2512 5774 jude‘.
2554 5714 2624 5766 sit
2665 5712 3084 5780 episcoporum;
3139 5727 3265 5778 meo
3321 5711 3457 5764 alius

218 5779 477 5833 deleusor
502 5777 746 5844 judicare
780 5787 955 5844 potest
999 5779 1306 5848 episcopos.
