3970 6454
290 411 427 476 1197

1298 421 1383 480 CC
1397 424 1632 481 NSTl'l‘.
1673 424 1963 484 ECCLES.
2021 427 2455 489 COI.I.ECTIO.

3370 432 3505 496 Ηθὸ

286 529 380 579 καὶ
405 528 454 578 oi
483 527 540 578 ἐν
571 527 750 592 ἀξίαις
789 529 884 581 καὶ
915 532 1199 600 στρατιαῖς
1227 532 1379 594 ὄντες
1410 535 1683 602 ἐπιμελῶς
1718 539 1823 588 τοὺ,

1952 539 2112 603 derit,
2156 541 2343 596 ultimo
2395 540 2660 609 supplicio
2703 539 2948 596 afﬁcitur.
2994 541 3119 598 Item
3165 546 3253 613 qui
3291 561 3416 601 sunt
3449 553 3500 603 in

283 619 341 669 ὲν
414 619 598 680 αὐτοῖς
667 618 944 682 τοιούτους
1006 621 1164 684 ὄντας
1226 624 1693 693 ἁναζητείτωσαν,
1750 630 1842 679 καὶ

288 709 758 775 παραδιδότωσαν.
825 712 980 764 Ἐπεὶ
1027 712 1532 781 συλλαμϐανόμενος
1589 718 1617 766 ὁ
1673 718 1845 769 Μανι-

285 805 462 872 χαῖος,
490 804 582 856 ἐὰν
608 804 734 874 εἴπῃ
764 805 1127 871 γινώσκεσθαι
1161 807 1318 875 παρά
1356 815 1535 869 τινων,
1571 810 1843 877 ἁρμοδίως

281 895 681 964 τιμωροῦνται,
712 897 788 957 ὥς
833 897 901 948 τὰ
945 895 1082 948 αὐτὰ
1143 899 1569 966 ἁμαρτάνοντες,
1615 901 1716 953 κᾶν
1768 901 1843 970 μὴ

281 982 424 1054 ἦσαν
465 987 715 1040 τοιοῦτοι.
751 986 831 1039 Τὰ
875 987 1014 1039 αὐτὰ
1062 987 1169 1055 γὰρ
1203 988 1543 1057 ἁμαρτάνειν
1591 990 1841 1042 δοκοῦσιν

280 1078 332 1128 οἱ
359 1078 720 1144 γινώσκοντες
753 1079 852 1146 μὲν
881 1077 971 1128 τὸν
997 1079 1405 1146 ἁμαρτάνοντα,
1442 1079 1516 1146 μὴ
1555 1079 1840 1142 ποιοῦντες

277 1170 335 1219 δὲ
367 1168 551 1221 τοῦτον
611 1168 932 1235 κατάδηλον,
969 1168 1031 1221 '0
1088 1168 1228 1237 ἔχων
1282 1169 1462 1239 βιϐλία
1515 1171 1839 1240 μανιχαῖκὰ,

281 1261 378 1312 καὶ
421 1259 495 1326 μὴ
527 1259 710 1327 φέρων
737 1261 826 1311 ἐπὶ
853 1259 932 1325 τῷ
971 1259 1244 1312 καυθῑκναι
1293 1263 1640 1328 τιμωρεῖται.

349 1433 446 1487 ῐΖ⁹.
477 1435 543 1485 Δί
572 1432 676 1484 τῶν
701 1431 1052 1499 Σαμαρειτῶν
1079 1435 1398 1498 συναγωγαὶ
1429 1435 1837 1504 καθαιροῦνται,

271 1521 369 1574 καὶ
399 1520 493 1572 ἐὰν
538 1519 699 1581 ἄλλας
729 1522 1123 1589 ἐπιχειρήσωσι
1163 1521 1410 1589 ποιῆσαι,
1446 1523 1835 1592 τιμωροῦνται.

294 1612 368 1662 Οὐ
403 1609 656 1662 δύνανται
693 1609 748 1661 δὲ
793 1609 1068 1676 διαδόχους
1114 1610 1253 1678 ἔχειν
1298 1613 1360 1662 ὲκ
1391 1611 1677 1680 διαθήκης,
1707 1614 1738 1682 ἢ
1776 1614 1833 1680 ἐξ

272 1697 578 1762 ἀδιαθὲτου,
642 1699 781 1767 πλὴν
846 1699 1139 1767 ὀρθοδόξων
1169 1716 1182 1729 ’
1243 1699 1365 1752 οὔτε
1435 1700 1751 1769 δωροῦνται,
1801 1703 1832 1770 ἢ

270 1791 449 1851 ἄλλως
477 1789 754 1841 ἑκποιοῦσι
790 1792 899 1844 τοῖς
950 1789 1024 1859 μὴ
1055 1789 1208 1843 οὖσιν
1253 1790 1591 1859 όρθοδόξοις’
1627 1793 1762 1844 ἀλλὰ
1805 1796 1832 1845 ό

1951 629 2299 697 dignitatibus
2350 641 2404 684 et
2454 631 2657 684 militiis
2709 633 3027 696 constituti,
3075 635 3312 690 studiose
3368 640 3501 692 tales

1951 721 2088 773 inter
2119 736 2176 774 sc
2205 721 2513 789 perquirant
2559 736 2621 773 ac
2655 725 2888 775 tradant.
2936 725 3140 792 Quippe
3180 741 3299 779 cum
3329 726 3497 781 Mani-

1948 808 2146 871 chacus,
2178 809 2263 875 qui
2293 809 2786 876 comprehenditur,
2819 810 2894 861 ait
2935 825 2991 863 se
3023 819 3206 863 notum
3235 812 3498 880 aliquibus

1945 913 2064 951 esse
2097 917 2108 950 :
2146 913 2301 965 pmna
2333 899 2405 950 illi
2436 907 2776 968 competente
2801 898 3125 965 afﬁciuntur,
3152 901 3498 957 velutiisdem

1947 988 2180 1053 peccatis
2220 989 2458 1053 obnoxii,
2501 989 2624 1042 licet
2652 990 2920 1056 ejusmodi
2967 1007 3069 1044 non
3109 1003 3313 1045 essent.
3361 993 3491 1046 Nam

1945 1078 2128 1130 eadem
2197 1079 2443 1133 videntur
2490 1081 2816 1140 admittere,
2867 1082 2956 1149 qui
3006 1097 3124 1134 cum
3191 1095 3499 1149 peccantem

1948 1167 2152 1232 norint,
2187 1177 2364 1222 tamen
2409 1184 2530 1220 cum
2577 1185 2680 1223 non
2733 1169 2936 1224 faciunt
2985 1171 3348 1226 manifestum.
3398 1172 3497 1238 Qui

1945 1258 2112 1312 libros
2152 1259 2310 1311 habet
2346 1257 2858 1326 (57)Manichaicos,
2897 1274 2996 1315 nec
3045 1276 3138 1316 eos
3190 1265 3499 1318 manifestat

1941 1358 1998 1401 ut
2032 1348 2436 1414 comburantur,
2468 1350 2708 1417 punitur.

2015 1437 2177 1495 XVII.
2220 1443 2515 1513 Svnagogae
2540 1445 2928 1498 Samaritarum
2967 1444 3076 1515 (58)
3102 1445 3404 1508 abolentur,
3445 1455 3499 1498 et

1941 1531 2074 1584 alias
2093 1534 2134 1584 si
2170 1533 2344 1585 facere
2374 1533 2553 1585 conati
2587 1533 2801 1597 fuerint,
2824 1534 3135 1601 puniuntur.
3165 1532 3273 1588 Nec
3299 1535 3498 1588 habere

1940 1635 2278 1675 sueressores
2308 1632 2531 1688 possunt
2553 1637 2617 1675 ex
2650 1632 2987 1689 testamento,
3015 1623 3096 1677 vel
3125 1628 3192 1678 ab
3219 1625 3328 1678 inte
3366 1633 3494 1679 tato.

1939 1719 2130 1775 praeter
2162 1710 2521 1774 orthodoxos;
2573 1725 2671 1764 nec
2715 1711 3028 1765 donationes
3076 1711 3280 1766 faciunt
3321 1712 3494 1765 aliove

1941 1798 2099 1852 modo
2124 1798 2249 1868 quid
2282 1799 2516 1854 alienant
2547 1800 2596 1853 in
2621 1815 2736 1864 eos,
2766 1803 2854 1869 qui
2886 1818 2989 1854 non
3022 1811 3147 1856 sunt
3181 1802 3491 1862 orthodoxi,

271 1880 465 1946 φίσκος
508 1880 645 1932 αὐτὰ
681 1880 887 1931 ἐκδικεῖ
936 1882 1161 1948 προνοίᾳ
1214 1882 1321 1932 τῶν
1371 1883 1687 1934 ἐπισκόπων
1739 1885 1823 1936 καὶ

1934 1895 2028 1942 sed
2067 1892 2301 1944 vindicat
2337 1907 2398 1944 ea
2435 1893 2618 1959 fiscus,
2648 1908 2776 1948 cura
2807 1895 3179 1959 episcouorum
3225 1903 3280 1946 et
3311 1892 3494 1960 praesi—

268 1970 381 2020 τῶν
412 1970 688 2038 ἀρχόντων

340 2058 447 2112 IH'.
501 2061 580 2111 Τὰ
631 2059 759 2128 περὶ
808 2059 918 2110 τῶν
963 2061 1322 2130 Σαμαρειτῶν
1400 2062 1830 2132 νομοθετηθέντα

271 2151 366 2202 ἐπὶ
430 2153 550 2212 ταῖς
609 2152 950 2216 συναγωγαῖς
999 2151 1091 2202 καὶ
1146 2153 1265 2212 ταῖς
1321 2151 1589 2220 διαδοχαῖς
1642 2157 1833 2223 κρατεῖ

271 2242 367 2294 καὶ
398 2241 492 2294 ἐπὶ
528 2242 641 2301 τοῖς
674 2241 1071 2302 Μοντανισταῖς
1117 2242 1210 2292 καὶ
1244 2243 1358 2304 τοῖς
1411 2243 1827 2312 Ἀσκοδρούγοις

267 2334 364 2386 καὶ
403 2332 671 2396 Ὀφίταις.
714 2330 879 2381 Μόνει
905 2329 1013 2396 γὰρ
1070 2329 1346 2398 ὀρθόδοξοι
1398 2331 1829 2401 κληρονομοῦσιν

263 2422 459 2483 αὐτοὺς
493 2424 556 2473 ὲκ
583 2419 846 2488 διαθήκης
875 2421 967 2472 καὶ
1008 2419 1067 2482 ἐξ
1116 2420 1421 2484 ἁδιαθὲτου,
1478 2422 1571 2474 καὶ
1618 2423 1829 2492 ληγάτα

264 2513 653 2583 λαμϐἁνουσιν.
689 2513 752 2564 Oi
807 2511 864 2562 δὲ
914 2510 1090 2563 λοιποὶ
1141 2511 1421 2580 αἱρετικοὶ,
1471 2514 1749 2566 τουτέστιν
1781 2517 1830 2572 οἱ

271 2613 348 2674 μὴ
381 2603 671 2674 ὁροόδοξοι,
705 2601 802 2654 καὶ
831 2603 878 2652 oi
909 2599 1195 2668 Ἕλληνες,
1230 2601 1325 2651 καὶ
1366 2601 1415 2653 oi
1466 2603 1827 2673 Σαμαρεῖται,

263 2696 328 2747 οὖ
376 2691 779 2762 στρατεύονται,
825 2688 946 2742 οὔτε
989 2689 1349 2758 ἀξιωματικοὶ
1400 2690 1662 2762 γίνονται,
1707 2696 1830 2749 οὒτε

267 2787 524 2854 δημόσιον
558 2783 907 2851 μετέρχονται
935 2783 1258 2849 φρόντισμα,
1290 2778 1412 2834 οὔτε
1457 2782 1826 2852 πἰξδεύουσιν’

268 2875 394 2927 οὗτε
433 2871 836 2942 συνηγοροῦσιν.
885 2871 947 2922 Εἰ
976 2869 1030 2920 δέ
1060 2886 1142 2930 τις
1171 2868 1311 2937 ὑπὲρ
1358 2870 1451 2928 τοῦ
1479 2879 1662 2946 τυχεῖν
1685 2893 1830 2938 τινος

267 2965 496 3028 τούτων,
526 2977 963 3038 προσποιτεσηται
994 2959 1085 3018 τὸν
1122 2959 1421 3034 ὁρθόδοξον,
1451 2970 1544 3018 καὶ
1577 2965 1651 3034 μὴ
1685 2968 1824 3034 φανῇ

268 3065 404 3130 ἔχων
456 3061 704 3126 γυναῖκα,
737 3058 769 3125 ἢ
823 3056 1012 3117 παῖδας
1063 3057 1394 3124 αἱρετικοὺς,
1433 3059 1527 3109 καὶ
1560 3057 1634 3123 μὴ
1663 3073 1830 3124 προσ-

1934 1980 2059 2033 dum
2095 1980 2504 2037 interveniente.

2001 2069 2188 2126 XVIII.
2225 2071 2355 2137 Quae
2401 2073 2466 2126 de
2509 2073 2791 2126 Samaritis
2841 2073 3176 2141 promulgata
3223 2081 3369 2134 sunt,
3425 2074 3489 2123 ad

1932 2175 2233 2234 synagogas
2280 2173 2335 2216 et
2375 2165 2748 2217 successiones
2788 2178 2976 2216 eorum
3027 2162 3343 2229 spectantia,
3379 2175 3493 2212 rata

1933 2259 2064 2303 sunt
2093 2249 2254 2301 etiam
2283 2248 2338 2302 in
2370 2247 2736 2310 hlontanistis,
2768 2257 2823 2302 et
2855 2249 3193 2316 Ascodrugis,
3232 2257 3283 2300 et
3328 2245 3494 2314 Ophi-

1933 2342 2022 2395 tis.
2055 2340 2262 2408 Quippe
2291 2340 2390 2393 soli
2418 2339 2700 2394 orthodoxi
2734 2339 3066 2393 hzereditates
3085 2353 3267 2391 eorum
3299 2338 3494 2390 adeunt

1931 2449 2000 2488 ex
2030 2441 2375 2495 testamento,
2411 2432 2495 2486 vel
2529 2435 2595 2485 ab
2633 2433 2913 2494 intestato,
2945 2439 3000 2484 et
3032 2430 3198 2499 legata
3249 2427 3485 2492 capiunt.

1932 2523 2144 2592 Reliqui
2175 2530 2351 2574 autem
2397 2520 2793 2591 brereticighoc
2824 2529 2927 2579 est,
2962 2533 3067 2571 non
3103 2516 3406 2575 orthodoxi.
3439 2527 3490 2568 et

1930 2615 2148 2684 pagani,
2177 2621 2229 2665 et
2257 2610 2561 2674 Samaritae,
2587 2626 2691 2664 non
2724 2610 2972 2671 militant,
3008 2624 3177 2675 neque
3205 2607 3487 2675 dignitates

1932 2706 2336 2775 adipiscuntur,
2384 2718 2558 2773 neque
2598 2715 2782 2757 curam
2834 2699 3096 2765 publicam
3152 2698 3486 2764 suscipiunt,

1930 2811 2107 2864 neque
2139 2795 2472 2864 professores
2518 2791 2673 2852 fiunt,
2716 2803 2888 2859 neque
2921 2789 3099 2843 causis
3147 2789 3488 2856 patrocinau.

1933 2897 2039 2939 tur.
2090 2884 2241 2950 Quod
2288 2885 2330 2937 si
2408 2884 2562 2952 quis,
2613 2891 2671 2933 ut
2731 2882 2920 2934 horum
2967 2878 3166 2947 aliquid
3216 2879 3484 2945 impetret.

1930 2976 2287 3030 orthodoxum
2351 2989 2411 3028 se
2463 2972 2832 3035 simulaverit,
2891 2984 3123 3037 eumque
3190 2970 3490 3023 constiterit

1932 3066 2130 3118 habere
2160 3079 2380 3117 uxorem
2414 3072 2505 3115 aut
2536 3062 2733 3115 liberos
2766 3061 3071 3123 luereticos,
3102 3073 3200 3112 nec
3242 3059 3384 3127 ipsos
3419 3063 3484 3111 ad

266 3156 450 3222 αγάγῃ
488 3150 680 3209 αὐτοὺς
729 3151 797 3216 τῇ
845 3145 1144 3215 όρθοδοξίᾳ,
1171 3145 1509 3198 ἐκϐάλλεται.
1547 3147 1608 3198 Ei
1638 3147 1694 3198 δὲ
1732 3147 1823 3198 καὶ

1932 3154 2242 3221 religionem
2275 3154 2627 3207 orthodoxam
2656 3152 2959 3215 adduxerit,
2991 3151 3222 3218 pellEtnr.
3253 3149 3400 3213 Quod
3439 3151 3484 3204 si

265 3244 440 3305 λάθοι,
470 3242 531 3292 οὐ
562 3239 782 3291 δύναταί
831 3253 883 3288 τι
915 3235 1005 3288 τοῦ
1045 3236 1207 3288 αὑτοῦ
1245 3236 1550 3304 δωρεῖσθαι,
1582 3235 1615 3305 ἢ
1647 3237 1822 3301 ἄλλως

269 3334 506 3386 ὲκποιεῖν
541 3328 856 3398 αἱρετικῶν·
895 3326 1030 3379 ἀλλὰ
1059 3324 1231 3378 ταῦτα
1283 3328 1376 3379 καὶ
1401 3326 1501 3394 τὴν
1531 3326 1814 3396 αἱρετικὴν

267 3421 718 3488 καταφερομένην
762 3415 925 3470 αὑτοῦ
984 3416 1346 3485 κληρονομίαν
1376 3417 1583 3470 ὲκδικεῑ
1623 3419 1682 3470 τὸ
1725 3420 1823 3488 δη-

268 3516 473 3584 μόσιον.
527 3512 766 3565 Καθόλου
807 3512 912 3578 γὰρ
949 3511 999 3561 οἱ
1051 3510 1415 3578 μετασχόντες
1466 3511 1753 3580 στρατείας
1787 3511 1820 3579 ἢ

267 3609 448 3671 ἀξίας,
497 3605 529 3674 ἢ
587 3602 936 3670 συνηγορίας,
995 3601 1027 3669 ἢ
1084 3601 1352 3669 δημοσίας
1407 3602 1740 3670 φιλοτιμίας,
1789 3602 1821 3669 ἣ

268 3697 702 3766 συγκροτήσεως,
765 3693 914 3762 παρὰ
980 3693 1156 3760 μόνων
1214 3692 1509 3761 όρθοδόξων
1563 3693 1824 3763 κληρονο-

268 3789 515 3858 μοῦντας,
555 3787 647 3837 καὶ
682 3785 748 3835 τὰ
795 3782 853 3846 ἐξ
897 3782 1073 3834 αὐτῶν
1115 3782 1365 3835 ὁπωσοῦν
1424 3785 1501 3844 είς
1553 3785 1824 3853 αἱρετικὸν

263 3880 530 3948 ἐρχόμενα
583 3876 644 3926 τὸ
696 3875 954 3940 δημόσιον
1007 3873 1231 3924 ἐκδικεῖ.
1290 3872 1415 3925 Ἐὰν
1471 3873 1659 3941 ἕτερος
1716 3875 1823 3926 τῶν

267 3967 656 4019 συνοικούντων
683 3961 977 4032 ὀρθόδοξος,
1008 3962 1040 4032 ἢ
1076 3963 1168 4014 καὶ
1199 3962 1358 4024 ἄλλος
1404 3965 1698 4033 αἱρετικὸς,
1741 3965 1822 4015 δεῖ

264 4059 516 4125 γενέσθαι
568 4057 692 4116 τοὺς
734 4053 925 4115 παῖδας
979 4053 1157 4105 αὐτῶν
1197 4053 1527 4123 όρθοδόξους.
1560 4055 1622 4105 Ei
1665 4055 1720 4108 δὲ
1771 4057 1820 4106 οἱ

267 4150 366 4217 μὲν
395 4145 659 4214 όρθόδοξοι
707 4142 981 4209 γίνωνται,
1023 4144 1070 4194 οἱ
1117 4142 1173 4193 δὲ
1226 4143 1481 4210 μείνωσιν
1531 4145 1816 4210 αἰρετικοὶ.

265 4239 416 4308 μόνοι
440 4233 865 4304 κληρονομοῦσιν
899 4231 1162 4301 ἐκατέρου
1201 4233 1402 4297 γονέως
1432 4234 1480 4283 οἱ
1510 4235 1804 4301 ὀρθόδοξοι.

261 4330 323 4382 Εἰ
350 4329 409 4379 δὲ
455 4327 652 4382 πάντες
705 4322 841 4373 εἰσὶν
893 4323 1183 4389 αἱρετικοὶ,
1217 4324 1498 4388 συγγενεῖς
1551 4323 1818 4390 ὀρθόδοξοι

261 4416 687 4490 κληρονομοῦσιν
712 4432 725 4445 ·
756 4415 786 4483 ἢ
817 4415 891 4484 μὴ
920 4416 1087 4467 ὄντων
1114 4417 1316 4482 αὐτῶν,
1353 4419 1380 4468 ό
1412 4417 1623 4484 φίσκος.
1663 4419 1815 4485 Ἔχει

1941 3242 2155 3302 aluerit,
2211 3242 2396 3309 nequit
2434 3257 2498 3296 ex
2555 3242 2714 3295 rebus
2757 3241 2868 3293 suis
2912 3239 3200 3307 quidquam
3255 3239 3480 3299 donare,

1926 3327 2024 3386 lvel
2071 3333 2177 3387 alio
2219 3333 2380 3386 modo
2434 3331 2729 3385 transferre
2775 3330 2840 3384 ad
2874 3331 3218 3389 haereticum;
3256 3329 3345 3382 sed
3375 3337 3483 3383 tam

1927 3426 2062 3486 haec,
2095 3439 2254 3491 quam
2287 3425 2655 3477 haereditatem
2692 3422 3018 3483 hatreticam,
3049 3436 3167 3489 quae
3210 3421 3276 3474 ad
3309 3421 3479 3488 ipsum

1928 3514 2245 3576 devolvitur,
2274 3513 2437 3567 fiscus
2469 3513 2570 3567 sibi
2603 3513 2855 3566 vindicat.
2889 3512 2945 3564 ln
2975 3511 3283 3564 universum
3311 3514 3475 3574 enim,

1926 3606 2017 3675 qui
2047 3605 2333 3674 participes
2367 3602 2516 3658 fuere
2562 3603 2782 3665 militiae,
2815 3602 2898 3656 vel
2929 3602 3216 3671 dignitatis,
3252 3602 3334 3655 vel
3383 3604 3480 3654 ad-

1927 3697 2244 3760 vocationis,
2276 3696 2360 3750 vel
2413 3695 2639 3764 publicae
2680 3694 3038 3760 liberalitatis,
3073 3695 3154 3748 vel
3209 3706 3479 3751 sustenta-

1929 3790 2090 3843 tionis
2117 3789 2268 3858 :(59),
2312 3788 2641 3843 orthodoxos
2685 3787 2942 3841 duntaxat
2984 3787 3224 3840 lueredes
3256 3790 3472 3850 habent,

1925 3892 1979 3934 et
2028 3895 2147 3948 quae
2192 3879 2258 3931 ab
2309 3880 2436 3948 ipsis
2495 3879 2559 3932 ad
2604 3877 2912 3932 hatreticum
2959 3892 3278 3946 quocunque
3319 3879 3477 3932 modo

1925 3971 2266 4041 perveniunt,
2314 3971 2479 4024 fiscus
2507 3971 2604 4023 sibi
2652 3970 2908 4024 vindicat.
2942 3970 2996 4024 Si
3026 3970 3310 4038 coniugum
3342 3971 3478 4023 alter

1924 4061 2259 4115 orthodoxus
2309 4061 2397 4123 sit,
2442 4060 2577 4113 alter
2608 4061 2912 4126 haereticus,
2957 4073 3146 4130 eorum
3185 4061 3337 4114 liberi
3384 4076 3474 4113 or-

1926 4153 2142 4207 thodoxi
2180 4152 2292 4205 fieri
2326 4153 2535 4205 debent.
2563 4152 2714 4216 Quod
2740 4153 2782 4206 si
2817 4155 3009 4220 partim
3033 4154 3320 4208 orthodoxi
3351 4155 3475 4208 facti

1924 4245 2050 4306 sint,
2089 4245 2282 4310 partim
2315 4244 2546 4297 haeretici
2580 4243 2900 4308 manserint,
2935 4245 3031 4298 soli
3071 4257 3194 4299 sunt
3222 4247 3459 4301 haerente:

1924 4335 2200 4399 utriusque
2255 4332 2492 4400 parentis
2554 4331 2864 4386 orthodoxi.
2914 4331 3006 4386 Sin
3057 4335 3292 4386 universi
3351 4347 3474 4388 sunt

1924 4421 2182 4484 haeretici,
2225 4421 2506 4475 orthodoxi
2555 4423 2754 4495 agnati,
2795 4423 2871 4474 vel
2909 4421 3119 4491 cognati
3149 4422 3463 4484 succedunt,

257 4513 546 4579 διαφόρους
602 4508 792 4568 ποινὰς
836 4507 978 4558 κατὰ
1022 4507 1131 4558 τῶν
1161 4507 1568 4577 ῥᾳθυμούντων,
1619 4509 1712 4560 καὶ
1746 4510 1819 4578 μὴ

1930 4519 2018 4562 aut
2068 4511 2133 4562 iis
2187 4525 2289 4561 nou
2355 4509 2710 4571 exstantibus,
2773 4508 2948 4562 fiscus.
3005 4509 3251 4564 Continet
3311 4514 3471 4564 etiam

258 4602 531 4666 ἐξιόντων,
561 4599 594 4668 ἦ
632 4596 943 4667 μηνυόντων
981 4597 1260 4666 ἀρχόντων
1306 4599 1399 4650 καὶ
1435 4598 1638 4661 τάξεων
1670 4599 1820 4650 πολι-

255 4692 425 4746 τικῶν
475 4692 570 4743 καὶ
623 4688 1026 4759 στρατιωτικῶν
1077 4689 1423 4741 ἐπισκόπων·
1479 4690 1677 4750 οἵτινες
1727 4693 1818 4742 καὶ

256 4784 388 4851 περὶ
449 4782 556 4833 τῶν
600 4779 985 4849 ῥᾳθυμούντων
1032 4777 1307 4847 ἀρχόντων
1359 4780 1690 4847 ἀναφέρουσι
1744 4781 1818 4849 τῷ

258 4872 490 4944 βασιλεῖ.
525 4870 589 4922 Ai
623 4869 678 4921 δὲ
710 4867 889 4919 ποιναὶ
917 4867 991 4935 τῷ
1023 4867 1200 4936 φίσκῳ
1231 4867 1585 4934 ἁομόζουσιν.

1922 4601 2164 4652 diversas
2206 4611 2392 4666 poenas
2421 4608 2608 4653 contra
2651 4599 3000 4668 negligentes,
3047 4608 3101 4653 et
3146 4614 3251 4653 non
3290 4616 3471 4669 perse-

1919 4699 2162 4756 quentes,
2213 4698 2302 4740 aut
2352 4689 2652 4744 indicantes
2709 4691 2983 4759 pnesides,
3026 4700 3079 4743 et
3126 4689 3314 4754 oﬂicia,
3366 4701 3470 4744 tam

1917 4779 2116 4839 t-ivilia,
2167 4793 2330 4847 quam
2365 4779 2634 4842 militaria,
2682 4791 2736 4835 et
2774 4783 3050 4850 episcopos
3087 4799 3100 4833 :
3141 4784 3228 4849 qui
3261 4783 3471 4850 quidem

1935 4871 1998 4922 de
2028 4869 2413 4936 negligentibus
2442 4872 2758 4938 przcsidibus
2790 4875 2855 4924 ad
2911 4875 3285 4938 imperatorem
3328 4874 3472 4929 defe-

1933 4969 2074 5013 rnnl.
2107 4959 2280 5015 Mtth
2315 4971 2492 5016 autem
2526 4967 2653 5017 fisco
2681 4974 3003 5031 competunt.

1419 5048 1735 5108 Annibalis
1765 5050 2008 5110 Fabroli
2051 5058 2233 5112 notae.

329 5147 442 5215 (37)
477 5144 580 5208 Qui
611 5144 769 5197 fibras
793 5143 966 5196 habet.
1006 5143 1129 5199 llaec
1161 5143 1386 5199 deerant
1412 5145 1468 5198 in
1502 5144 1816 5202 Leunclavii

256 5219 467 5274 codice.

330 5285 419 5351 (58
443 5285 733 5354 Synaqogm
758 5281 1163 5354 Sqmaritarum.
1200 5281 1350 5336 "anc
1387 5281 1554 5354 legem
1602 5283 1814 5338 videtur

259 5351 561 5424 intelligere
597 5351 903 5424 Procopius
951 5351 1272 5424 in__arcana,
1307 5361 1362 5424 et
1407 5352 1639 5421 Cyrinus
1681 5358 1815 5422 Sey-

259 5418 823 5490 thopol'itauus,quetn
851 5420 980 5473 citat
1015 5418 1270 5490 Nicolaus
1305 5418 1806 5482 Alemannusdbid.

259 5500 316 5551 in
339 5488 512 5547 Notis.
564 5488 859 5559 Procopius
906 5490 997 5551 ait,
1051 5488 1439 5542 Satnaritarum
1508 5490 1703 5545 liberos
1752 5504 1806 5546 et

259 5573 516 5632 cognatos
546 5562 682 5613 nihil
709 5575 772 5612 ex
800 5560 1137 5632 testamentis
1166 5567 1448 5632 parentum
1482 5561 1566 5632 vel
1601 5576 1802 5630 cogna-

257 5628 435 5687 tor'nm
475 5645 667 5697 capere
713 5641 871 5697 posse
916 5645 929 5679 :
983 5628 1120 5691 quod
1167 5629 1326 5681 tacite
1371 5628 1700 5694 significatur
1747 5633 1798 5684 in

261 5708 295 5755 I.
328 5702 525 5755 .Iustin.
559 5715 620 5750 ex
665 5713 770 5766 qua
817 5697 1098 5748 Samaritae
1132 5710 1234 5748 non
1271 5697 1408 5750 alios
1447 5699 1645 5753 habent
1695 5703 1800 5753 luc-

259 5774 415 5826 relics
451 5766 885 5823 testamentarios
934 5777 1024 5818 aut
1076 5767 1362 5836 legitimos,
1417 5782 1575 5836 quam
1607 5775 1793 5824 ortho-

1924 5149 2115 5203 doxos.
2139 5151 2192 5203 Id
2218 5159 2398 5222 tamen
2431 5151 2570 5220 quod
2610 5153 3076 5222 scribituyrillus,
3107 5157 3404 5210 Samaritas
3443 5185 3470 5219 η

1923 5221 2302 5290 τερηςθτεςηάει
2342 5223 2696 5282 summoveri,
2731 5221 2902 5289 magis
2952 5227 3187 5290 pertinet
3229 5229 3292 5280 ad
3339 5231 3372 5285 1,
3409 5236 3472 5289 42

1919 5296 1973 5363 et
2007 5289 2088 5347 18,
2127 5291 2180 5341 h.
2210 5300 2407 5363 t.,Aqua
2447 5291 2728 5363 Samarita:
2758 5289 3116 5363 prohibentur
3144 5312 3330 5363 gerere
3357 5319 3468 5355 mn-

1918 5355 2477 5440 gistratuset'habere
2507 5355 3275 5440 dignitates,Czeterunrfianc
3305 5371 3468 5440 legem

1915 5427 2196 5503 abrogavit
2245 5425 2609 5503 Justinianus,
2642 5427 2860 5482 Novella
2903 5445 3082 5503 chIx.
3113 5435 3164 5488 in
3207 5451 3309 5503 qua
3351 5425 3468 5494 ἔξω-

1914 5494 2036 5577 gula
2069 5495 2120 5577 ιι..
2156 5499 2288 5577 tegis
2325 5507 2907 5577 capitadecen-scutula
2938 5500 3188 5577 Justintts
3215 5494 3340 5559 vero
3370 5526 3468 5577 po-

1912 5571 2027 5615 stea
2086 5566 2139 5616 d.
2181 5563 2794 5642 NovellautJustiniani
2851 5572 3070 5642 sustulit
3119 5571 3251 5628 Nov.
3289 5563 3465 5642 cxitv,

1907 5647 2027 5699 qua!
2060 5645 2236 5687 exstat
2265 5631 2507 5689 Pat‘atttl.
2541 5637 2632 5689 lib.
2669 5650 2747 5700 III,
2789 5653 2838 5690 c.
2875 5640 2926 5692 ὅ.

1977 5703 2088 5769 (59)
2111 5701 2544 5784 διιπεηιαιίρηίε.
2569 5705 2770 5759 Glossae
2800 5707 3138 5766 Grarco-Lat.
3164 5719 3462 5784 συγκρνιτιὶ,

1905 5785 2168 5836 sustento.
2214 5775 2596 5845 συγκρότησις,
2634 5782 2972 5833 sustentatin.
