3970 6476
163 384 309 449 1225

1194 385 1537 446 CONSTIT.
1575 383 1875 446 ECCLES.
1917 382 2351 443 COLLEC'I‘IO.

3261 378 3395 441 1226

155 501 334 568 χωρὶς
395 497 807 568 προσφύγωσιν,
877 499 1220 552 ἀποδίδονται
1269 497 1632 568 παραχρῆμα,
1691 497 1724 566 ἢ

1864 495 1911 548 el
1945 496 2154 560 coloni,
2189 496 2269 549 vel
2319 496 2516 560 liberti,
2546 510 2669 550 cum
2723 496 2903 562 rebus,
2951 505 3042 548 aut
3071 495 3270 560 absque
3307 511 3396 546 rc-

154 589 624 658 σωφρονιζόμενοι
655 590 793 658 πρὸς
824 590 885 642 τὸ
909 589 1216 660 ἁμάρτημα
1249 587 1346 641 καὶ⁸
1402 589 1501 656 τὴν
1529 587 1728 655 ἐκκληι-

156 679 455 748 σιαστικὴν
500 679 838 730 κατάστασιν
865 696 879 710 ο
928 678 1070 731 ὥστε
1109 677 1184 748 μὴ
1219 678 1312 729 καὶ
1354 678 1479 739 τοὺς
1508 677 1730 746 ἔχοντας

154 769 365 832 αὐτοὺς
418 769 482 820 ἐκ
519 769 618 836 τῆς
651 769 820 838 αὐτῆς
881 768 1153 831 ἀπουσίας
1191 767 1544 837 βλάπτεσθαι,
1595 767 1731 835 μήτε

153 861 364 921 αὐτοὺς
419 862 509 912 ἰπὶ
547 859 722 933 βλάϐῃ
742 862 839 930 τῆς
902 860 1198 930 ἐκκλησίας
1249 862 1313 913 ἐκ
1349 861 1443 926 τῆς
1490 859 1733 922 δαπάνης

155 951 272 1002 τῶν
299 949 530 1019 πτωχῶν
563 951 995 1019 ἀποτρέψεσθαι.
1020 951 1112 1003 Δεῖ
1129 952 1186 1004 δὲ
1215 949 1308 1002 τὸν
1333 949 1618 1018 οἰκονόμον
1635 948 1732 1001 καὶ

157 1042 257 1093 τὸν
300 1041 514 1094 ἔκδικον
549 1042 842 1108 ἀναζητεῖν
868 1043 995 1104 τοὺς
1030 1039 1502 1110 προσφεύγοντας,
1526 1039 1734 1100 καὶτὰς

156 1132 348 1193 αίτίας
390 1131 593 1194 αὐτῶν,
648 1130 744 1184 καὶ
800 1132 1076 1185 διδάσκειν
1114 1133 1226 1194 τοῖς
1267 1132 1525 1199 ἄρχουσιν
1575 1129 1608 1197 ἢ
1652 1123 1735 1189 οἷς

157 1223 466 1294 ἀνήκουσιν
491 1241 505 1256 ·
542 1225 682 1278 ὥστε
710 1225 776 1278 τὰ
827 1223 906 1295 τῷ
933 1223 1127 1294 δικαίῳ
1169 1222 1538 1292 συμϐαίνοντα
1580 1220 1733 1287 γενέ-

159 1315 311 1368 σθαι.
344 1318 410 1369 Ἢ
429 1317 670 1382 διάταξις
697 1319 799 1370 οὐκ
828 1316 944 1384 ἔχει
977 1315 1160 1384 χώραν
1194 1316 1252 1365 ἐν
1285 1315 1732 1366 Κωνσταντινου-

160 1405 344 1460 πόλει.
386 1407 465 1459 Τὰ
495 1407 605 1475 γὰρ
636 1407 694 1459 ἐν
726 1407 864 1476 αὐτῇ
915 1405 1307 1474 συμϐαίνοντα,
1339 1404 1413 1467 ὡς
1455 1401 1521 1456 ἂν
1563 1401 1736 1454 ἐθέλοι

160 1497 190 1548 ὁ
211 1496 469 1563 βασιλεὺς
492 1497 820 1566 διατίθησιν.

237 1674 316 1728 Z'.
359 1675 419 1726 Ὀ
470 1673 610 1742 ἔχων
645 1674 932 1745 ἀγωγὴνῆ
1004 1677 1238 1745 πρᾶγμα
1297 1673 1433 1744 πρός
1469 1690 1595 1726 τινα
1665 1671 1740 1743 μὴ

173 1764 481 1832 θορυϐείτω
507 1766 607 1828 τὰς
645 1766 942 1835 ἐκκλησίας
989 1767 1055 1819 δι’
1086 1765 1280 1820 ἑαυτοῦ
1318 1766 1350 1836 ἦ
1389 1766 1458 1819 δι’
1493 1765 1685 1836 ἑτέρου
1720 1780 1733 1794 ·

171 1856 318 1908 ἀλλὰ
350 1856 595 1926 προσίτω
650 1860 763 1919 τοῖς
809 1860 1091 1928 ἄρχουσιν.
1131 1858 1197 1913 El
1225 1857 1281 1910 δὲ
1319 1857 1414 1910 τοῦ
1471 1856 1740 1927 βασιλέως

161 1949 263 2000 ἐπὶ
317 1949 685 2020 ἁμαρτήμασι
738 1949 955 2020 χρῄζει,
1018 1951 1109 2004 διὰ
1145 1950 1242 2005 τοῦ
1303 1949 1739 2021 ἁρχιεπισκόπου

160 2037 333 2090 αὐτὴν
350 2037 673 2094 διδασκέτω.
708 2038 768 2092 '0
799 2040 852 2090 δὲ
912 2041 1062 2112 παρὰ
1109 2041 1283 2095 ταῦτα
1326 2041 1494 2094 ποιῶν
1526 2055 1742 2108 σωφρο-

159 2129 403 2193 νίζεται.

240 2221 329 2276 II'.
372 2223 432 2274 '0
461 2221 554 2275 τοῦ
590 2223 856 2293 βασιλέως
884 2227 962 2287 είς
991 2226 1089 2294 τὴν
1116 2224 1376 2294 Μεγάλην
1418 2223 1744 2293 Ἐκκλησίαν

159 2313 225 2364 ὲν
265 2313 429 2383 ἑορτῇ
473 2316 760 2386 προϊόντος
819 2318 1113 2387 ὲκϐοήσεσι
1161 2316 1446 2388 χρώμενος
1485 2315 1744 2369 ἐκπίπτει

160 2403 261 2455 τοῦ
297 2404 624 2474 πράγματος
649 2445 663 2468 ,
695 2406 790 2458 uel.
806 2405 892 2459 διὰ
919 2406 1013 2460 τοῦ
1046 2408 1290 2478 ἐπάρχου
1313 2405 1741 2476 ἐκϐαλλόμενος,

166 2496 589 2564 σωφρονίζεται.
645 2496 704 2551 Ὀ
756 2499 812 2550 δὲ
859 2500 947 2552 διὰ
1001 2500 1229 2553 δυνατὸν
1302 2501 1598 2569 πρόσωπον
1675 2503 1744 2570 τῇ

166 2587 446 2656 ἐκκλησίᾳ
517 2592 884 2659 προσφεύγων
946 2591 1250 2644 διδασκέτω
1313 2593 1415 2660 τὴν
1469 2593 1746 2660 βασιλείαν

165 2677 258 2730 διὰ
289 2677 383 2731 τοῦ
420 2680 772 2751 πατριάρχου
807 2683 897 2734 καὶ
943 2681 1076 2751 ,τῶν
1099 2681 1590 2752 ὲκκλησιεκδίκων.

599 2857 708 2910 Καὶ
742 2856 860 2913 ὅσα
898 2857 1254 2928 «apeiria/la.

245 2945 368 3000 Βιϐ.
411 2947 483 3013 α’,
513 2949 620 3002 τιτ.
654 2947 726 3015 γ’,
756 2950 896 3004 διάτ.
925 2957 995 3014 κ’,
1020 2935 1152 3024 ἦς’τι
1182 2953 1346 3023 ἁρχὴ,
1394 2952 1608 3018 Siqua.
1665 2954 1747 3006 Τὰ

165 3039 262 3091 ἐπὶ
285 3042 400 3102 τοῖς
443 3043 890 3110 προσφεύγουσιν
950 3044 1031 3106 είς
1062 3044 1163 3105 τὰς
1217 3045 1515 3114 ἐκκλησίας
1557 3045 1753 3114 βέϐαια

163 3129 310 3183 ἔστω
345 3133 648 3202 προνόμια.

240 3222 360 3278 Βιϐ.
391 3232 462 3289 α’,
499 3225 605 3278 τίτ.
641 3223 749 3293 μθ’,
780 3225 922 3278 διάτ.
949 3223 1019 3286 α’.
1071 3221 1140 3296 ἦς
1176 3228 1207 3294 ἠ
1249 3226 1417 3296 ἀρχὴ,
1450 3226 1637 3280 Nemo.
1688 3225 1750 3281 Ὀ

166 3315 358 3385 ἄρχων
422 3316 560 3385 μετὰ
629 3315 878 3386 διαδοχὰς
938 3316 1144 3384 ὀφείλει
1200 3325 1240 3370 ν’
1306 3320 1520 3387 ἡμέρας
1576 3321 1634 3370 ὲν
1683 3323 1748 3388 τῇ

169 3405 418 3475 ἐπαρχίᾳ
449 3407 648 3471 ποιεῖν,
686 3406 760 3476 μὴ
813 3407 1148 3476 κρυϐόμενος
1184 3407 1334 3469 ἐντὸς
1382 3409 1492 3460 τῶν
1531 3410 1750 3462 σεπτῶν

167 3496 337 3565 ὅρων.

243 3587 358 3640 Βιϐ.
398 3595 448 3652 ι’,
481 3588 584 3642 τίτ.
621 3590 708 3654 ιϐ’,
744 3587 970 3655 διάτ.η’,
1003 3587 1067 3661 ἦς
1097 3593 1129 3661 ἡ
1159 3591 1324 3662 ἀρχὴ,
1357 3591 1745 3659 Θεσπίζομεν.

173 3682 314 3750 Περὶ
336 3682 451 3734 τῶν
469 3683 934 3752 προσφευγόντων
982 3683 1273 3747 ταξεωτῶν
1327 3684 1358 3753 ἢ
1391 3684 1750 3752 πολιτευομέ-

173 3792 302 3839 νων,
346 3776 493 3836 ὃπως
525 3775 606 3827 δεῖ
637 3775 834 3836 αὐτοὺς
878 3775 1233 3828 ἀπαιτεῖσθαι
1288 3776 1385 3835 τὰς
1456 3775 1752 3844 δημοσίους

173 3864 464 3934 εἰσφορὰς,
497 3864 666 3932 φησὶν
695 3867 726 3934 ἡ
758 3863 1006 3927 διάταξις
1061 3863 1595 3934 παρακελευσαμένη
1655 3882 1756 3934 μη-

175 3957 308 4009 δένα
344 3957 710 4011 καταϐάλλειν
777 3954 867 4008 ἐπ’
917 3957 1118 4020 αὐτοὺς
1161 3958 1259 4019 τὰς
1313 3957 1646 4020 συντελείας,
1703 3959 1752 4011 εί

178 4049 256 4116 μὴ
293 4047 726 4117 δημοσιάσωσιν.
768 4049 890 4102 Ἐπὶ
919 4048 1028 4116 γὰρ
1060 4049 1187 4112 τοὺς
1215 4050 1669 4119 προσφεύγοντας
1718 4050 1752 4120 ἢ

178 4138 357 4200 ἄλλως
411 4139 719 4209 κρύϐοντας
755 4139 1005 4202 ἑαυτοὺς,
1059 4139 1316 4208 οὐδεμίαν
1378 4139 1627 4208 βούλεται
1667 4139 1752 4208 γί-

177 4229 370 4282 νεσθαι
406 4232 553 4296 παρὰ
615 4229 724 4282 τῶν
772 4231 1144 4284 συντελεστῶν
1203 4229 1291 4282 ἐπ’
1334 4230 1533 4293 αὐτοὺς
1584 4247 1754 4284 κατα·

175 4320 364 4391 ϐολήν.

723 4390 973 4442 ΤΙΤΛΟΣ
1015 4392 1114 4444 1Γ’.

282 4480 422 4547 Περὶ
453 4479 569 4532 τῶν
598 4481 667 4533 ἐν
705 4480 1066 4546 ἐκκλησίαις
1110 4483 1646 4552 ἐλευθερουμένων.

264 4568 560 4638 Ἐρμηνεῐα
623 4571 702 4623 A'.
757 4569 946 4633 Καλῶς
1007 4588 1089 4632 τις
1136 4573 1228 4623 τὸν
1270 4572 1399 4624 ἴδιον
1448 4571 1635 4624 δοὶλον
1694 4575 1752 4626 ὲν

1834 588 1956 652 bus,
2008 589 2072 642 ad
2123 588 2376 643 ecclesias
2425 589 2786 657 confugerint,
2836 587 3122 645 confestim
3178 587 3397 642 tradun-

1838 688 1925 728 tur
1953 678 2090 745 (44),
2129 688 2182 731 et
2214 693 2310 746 pro
2340 679 2503 731 modo
2537 677 2740 742 delicti,
2773 692 2977 748 proque
3006 677 3214 731 ratione
3235 677 3400 730 disci-

1835 769 1993 834 plina:
2043 769 2466 834 ecclesiasticae,
2518 770 2901 839 castigantur:
2946 784 3012 824 ne
3067 769 3126 832 ii,
3170 783 3397 837 quorum

1835 869 1980 920 sunt,
2022 874 2084 912 ex
2134 859 2370 926 ipsorum
2413 860 2655 913 absentia
2691 861 2949 914 damnum
2995 862 3252 930 capiant;
3304 876 3400 913 nec

1835 949 1935 1017 ipsi
1993 950 2059 1002 ad
2094 949 2335 1004 ecclesia:
2393 949 2813 1015 detrimentum,
2844 967 2907 1005 ex
2944 961 3154 1020 sumptu
3209 967 3408 1018 pattpc-

1836 1049 1954 1088 rutn
1989 1036 2218 1090 alantur.
2260 1036 2462 1090 Debent
2497 1047 2674 1092 autem
2709 1050 2762 1092 et
2797 1053 3108 1097 (necnomus
3139 1050 3190 1094 et
3219 1040 3406 1094 defen-

1836 1139 1929 1178 sor
1957 1126 2008 1178 in
2041 1140 2154 1193 eos,
2182 1127 2270 1195 qui
2299 1129 2364 1179 ad
2388 1127 2648 1182 ecclesias
2681 1130 3019 1197 confugiunt,
3046 1141 3098 1183 et
3134 1130 3185 1182 in
3215 1146 3411 1184 causas

1836 1233 2022 1272 eorum
2056 1217 2369 1286 inquirere;
2402 1230 2562 1290 atque
2599 1220 2875 1288 pra:sides,
2910 1223 2988 1274 vel
3029 1221 3145 1275 illos
3182 1223 3246 1275 ad
3274 1237 3410 1289 qua.»

1839 1322 2083 1378 persona:
2140 1323 2426 1379 causa‘que
2484 1311 2778 1378 pertinent,
2831 1313 3120 1376 instruere,
3157 1323 3211 1366 ιιι
3247 1313 3412 1376 tequi-

1839 1398 1934 1450 tati
1955 1396 2068 1465 (45)
2091 1401 2468 1454 convenientia
2504 1401 2938 1458 fiattt.Ca:terum
2971 1406 3082 1459 haec
3103 1407 3416 1459 constitutio

1838 1487 2307 1560 Constantinopoli
2347 1493 2522 1546 locum
2555 1509 2661 1548 non
2708 1494 2891 1550 habet.
2937 1494 3069 1550 Nam
3103 1512 3221 1566 qua:
3247 1497 3335 1552 illa
3366 1498 3417 1549 in

1839 1582 1974 1634 urbe
2005 1582 2280 1646 accidunt,
2312 1585 2605 1652 imperator
2637 1586 2901 1640 arbitratu
2934 1602 3032 1642 suo
3065 1588 3324 1654 disponit.

1913 1670 2023 1724 \‘lI.
2048 1673 2147 1738 Qui
2181 1676 2446 1729 actiunem
2473 1675 2609 1744 (45⁸)
2635 1678 2716 1732 vel
2744 1680 3016 1748 uegOtium
3040 1680 3299 1733 adversus
3325 1680 3420 1733 a35-

1845 1778 2004 1832 quem
2054 1764 2236 1830 habet,
2266 1781 2371 1819 non
2412 1769 2596 1822 turbet
2617 1768 2875 1822 ecclesias
2916 1784 3010 1838 per
3041 1769 3298 1834 seipsmn,
3342 1771 3420 1820 vel

1842 1869 1937 1924 per
1970 1857 2169 1922 alium;
2229 1859 2323 1912 sed
2373 1860 2630 1928 pra-sides
2670 1861 2848 1915 adeat.
2882 1860 3033 1926 Quod
3065 1862 3109 1915 si
3133 1862 3179 1914 ei
3208 1871 3424 1931 propter

1845 1945 2080 2001 admissa
2125 1949 2367 2016 quaedam
2396 1987 2412 2012 ,
2465 1965 2601 2019 opus
2636 1951 2754 2019 ipso
2802 1952 2874 2006 sit
2925 1954 3269 2021 imperatore,
3328 1967 3419 2004 ar-

1843 2036 2172 2106 chiepiscopi
2205 2053 2369 2108 opera
2418 2041 2594 2110 ipsum
2643 2040 2894 2097 instruat.
2941 2042 3041 2108 Qui
3083 2058 3241 2099 secus
3269 2043 3421 2108 facit,

1844 2128 2162 2197 castigatur.

1923 2220 2054 2274 VIII.
2091 2219 2217 2287 Qui,
2274 2224 2601 2290 procedente
2649 2225 2701 2280 in
2747 2226 2927 2294 aliquo
2977 2226 3114 2281 festo
3169 2225 3424 2295 Maiorem

1846 2309 1913 2363 ad
1952 2309 2254 2365 Ecclesiam
2288 2313 2640 2383 imperatore,
2674 2316 3196 2370 conclamationibus
3224 2317 3422 2378 utitur,

1845 2410 1901 2454 et
1949 2399 2126 2467 ipsam
2173 2415 2394 2456 causam
2451 2406 2651 2459 amittit
2681 2405 2817 2475 (46),
2869 2416 2920 2460 et
2970 2421 3065 2475 per
3113 2405 3426 2475 praefectum

1849 2492 2001 2546 urbis
2042 2492 2279 2561 pellitur,
2325 2503 2487 2565 atque
2526 2497 2843 2565 castigatur.
2875 2498 2976 2564 Qui
3027 2512 3153 2551 vero
3209 2509 3430 2566 preptcr

1847 2581 2081 2649 aliquam
2132 2597 2420 2651 personam
2455 2595 2771 2654 potentem,
2830 2590 2896 2640 ad
2955 2587 3240 2649 ecclesiam
3291 2602 3422 2642 con-

1849 2672 2009 2743 fugit,
2033 2662 2437 2744 imperatoriam
2465 2677 2799 2746 tnajestatcm
2825 2691 2933 2734 tam
2959 2681 3282 2748 patriarcha:
3316 2681 3429 2749 (67)

1849 2782 2013 2836 quam
2044 2767 2285 2822 ecclesia:
2313 2768 2664 2825 defensorum
2701 2787 2864 2840 opera
2898 2773 3158 2828 instruat.

2375 2862 2545 2916 Tituli
2575 2862 2642 2916 I2
2665 2865 2942 2930 puratitla.

1924 2950 2071 3005 Libri
2104 2967 2141 3005 t.
2173 2953 2252 3006 tit.
2277 2954 2330 3018 ὅ,
2365 2953 2586 3006 constit.
2614 2953 2704 3018 22,
2738 2955 2895 3022 cujus
2927 2957 3140 3010 initium
3170 2973 3183 3009 :
3218 2956 3279 3011 Si
3305 2974 3431 3024 qun.

1855 3045 1985 3110 ane
2026 3045 2248 3098 nomine
2290 3044 2715 3111 confugiendum
2752 3047 2819 3100 ad
2866 3046 3129 3101 ecclesias
3172 3062 3430 3102 concessu

1781 3173 1824 3229 ο
1857 3145 1982 3188 sunt
2014 3135 2318 3206 privilegia,
2356 3135 2508 3188 firma
2541 3145 2725 3190 sunto.

1926 3226 2046 3280 Lil).
2090 3242 2127 3292 I,
2164 3227 2248 3282 tit.
2282 3225 2373 3290 49,
2413 3227 2634 3281 constil.
2675 3227 2728 3290 I,
2764 3228 2920 3298 cujus
2954 3229 3209 3286 initium:
3243 3230 3431 3287 Nemo.

1856 3313 2087 3379 Przeses,
2133 3325 2420 3385 postquam
2460 3316 2508 3371 ei
2546 3331 2860 3371 successum
2903 3328 3005 3384 est,
3041 3322 3431 3390 quinquaginta

1856 3405 1972 3459 dies
2004 3406 2055 3460 in
2089 3407 2362 3475 provincia
2397 3409 2476 3462 sic
2507 3409 2660 3461 dcbet
2689 3410 2906 3476 exigere
2929 3450 2944 3475 ,
2986 3420 3042 3462 ut
3076 3412 3213 3464 intra
3248 3416 3431 3466 termi-

1856 3511 1952 3549 nos
1987 3497 2270 3565 religiosos
2301 3513 2406 3550 non
2438 3500 2764 3552 occultetur.

1920 3586 2038 3640 Lib.
2073 3603 2129 3648 Χ,
2163 3589 2243 3641 tit.
2281 3588 2371 3653 I9,
2415 3589 2632 3644 constit.
2668 3591 2733 3645 I0
2783 3591 2919 3660 (48),
2972 3593 3148 3662 cujus
3173 3593 3385 3646 initium
3420 3613 3433 3648 :

1857 3676 2246 3748 Θεσπίζομεν.
2292 3677 2368 3733 De
2398 3679 2833 3748 confugientibus
2876 3682 2941 3734 ad
2977 3682 3237 3737 ecclesias
3269 3699 3428 3753 appa-

1859 3770 2138 3834 ritoribus,
2177 3769 2260 3823 vel
2309 3770 2624 3824 curialibus.
2663 3769 2876 3823 disserit
2931 3771 3046 3825 lucc
3091 3774 3412 3826 constitutio

1856 3861 2129 3929 quomodo
2185 3863 2293 3915 sint
2347 3862 2414 3914 ab
2461 3861 2542 3915 eis
2611 3861 2873 3930 exigenda
2932 3865 3132 3917 tributa
3182 3867 3432 3933 publica;

1855 3954 2193 4024 praecipiens,
2221 3968 2287 4006 ne
2307 3953 2590 4020 quisquam
2618 3953 2929 4008 collatione;
2955 3970 3116 4024 super
3141 3972 3233 4011 eos
3258 3958 3434 4012 solvat

1856 4045 1959 4100 nisi
1997 4046 2100 4098 hoc
2134 4044 2308 4111 ipsum
2345 4045 2763 4111 publicaverint.
2812 4045 2944 4100 Nam
2980 4063 3138 4116 super
3170 4049 3311 4114 illos,
3340 4054 3432 4117 qui

1856 4141 1921 4190 ad
1969 4136 2230 4190 ecclesias
2279 4136 2611 4206 confugiunt,
2645 4136 2730 4190 vel
2778 4138 2884 4192 alio
2923 4154 3030 4206 quo
3074 4143 3231 4195 modo
3265 4155 3436 4194 semet

1857 4230 2152 4297 occultant,
2173 4230 2375 4284 nullam
2396 4230 2511 4285 ﬁeri
2537 4230 2699 4285 vulta
2719 4231 3071 4287 collatoribus
3090 4234 3432 4288 solutionem.

2384 4385 2681 4441 TITULUS
2720 4385 2857 4442 XIII.

2091 4480 2168 4533 De
2203 4480 2282 4532 his
2313 4480 2401 4548 qui
2431 4481 2484 4531 in
2512 4479 2745 4532 ecclesiis
2774 4480 3235 4535 mauumitluntur.

1935 4571 1974 4626 I.
2014 4571 2182 4626 [lecte
2219 4571 2341 4639 quis
2386 4571 2499 4640 (49)
2531 4586 2746 4624 SCIVUlll
2803 4586 2957 4624 suum
2997 4572 3048 4624 in
3086 4575 3312 4628 t'cclcsia
3343 4591 3435 4628 ca-

1291 4686 1624 4748 Annibalis
1667 4689 1927 4752 Fabroti
1977 4695 2164 4749 notte.

253 4793 364 4861 (Η)
395 4791 684 4860 Confestim
717 4801 1025 4847 traauutur.
1064 4790 1295 4845 Additur
1322 4794 1374 4846 in
1398 4792 1450 4845 tl.
1484 4795 1517 4845 l.
1549 4793 1580 4846 6
1611 4810 1624 4846 :
1660 4794 1742 4845 Ad

180 4865 351 4916 locum
392 4871 688 4927 statumque
718 4862 988 4930 proprium
1041 4871 1394 4923 revertuntur,
1428 4863 1583 4915 rebus
1605 4879 1737 4930 quas

181 4947 356 4986 secum
375 4931 673 4990 habuerint,
698 4929 1050 4996 reformandis
1067 4947 1084 4984 :
1102 4932 1301 4983 diutius
1321 4933 1456 4983 enim
1487 4948 1572 4984 eos
1601 4929 1742 4984 intra

183 5002 449 5056 Ecclesias
483 5016 586 5053 non
622 5000 856 5069 cottveuit
911 5001 1252 5053 commorari.
1307 5001 1399 5055 Sic
1441 5003 1635 5069 legitur
1685 5004 1737 5054 in

186 5070 398 5126 ΒΓυάιεί
428 5071 639 5124 codice.
676 5066 912 5122 Basilica
940 5087 953 5123 :
989 5070 1082 5131 Εἰς
1114 5070 1202 5120 τὸν
1250 5071 1413 5122 τόπον
1438 5066 1740 5139 ὡρισμένον

182 5140 280 5193 καὶ
332 5139 1096 5202 οἱκεῖονὍποστρεφέτωπαν·
1129 5139 1210 5191 Ad
1257 5143 1428 5194 locum
1485 5150 1740 5192 statutum

183 5221 230 5262 et
271 5210 542 5276 proprium
569 5215 915 5273 revertantur,
945 5219 1001 5261 ut
1034 5211 1106 5261 ita
1145 5209 1430 5272 videantur
1461 5211 1660 5277 legisse
1684 5209 1738 5262 in

183 5280 243 5332 d.
275 5281 311 5331 Ι.
345 5279 400 5342 6,
435 5279 486 5345 in
516 5293 620 5346 qua
660 5286 838 5328 tamen
874 5279 1007 5330 nihil
1039 5281 1361 5332 mutandum
1401 5289 1502 5340 cst,
1538 5279 1603 5330 ad
1626 5288 1739 5330 sta-

187 5362 301 5400 tum
335 5349 480 5402 enim
525 5346 1056 5417 propri_um__reverti
1120 5347 1376 5402 dicuntur
1427 5348 1592 5411 servi,
1645 5363 1740 5401 co-

185 5417 321 5476 loni,
356 5414 665 5484 ascriptitii,
698 5414 992 5471 familiares
1037 5418 1149 5471 sive
1212 5418 1497 5482 liberti,de
1547 5419 1745 5485 quibus

186 5495 342 5538 antea
374 5495 552 5538 actum
583 5497 687 5538 est.

259 5556 369 5622 (45)
397 5554 462 5606 Ut
505 5558 762 5622 wquitati.
795 5555 884 5610 Sic
925 5557 1208 5624 legendum
1265 5559 1317 5612 in
1350 5557 1403 5611 d.
1439 5559 1476 5611 l.
1507 5556 1558 5609 6.
1611 5556 1745 5611 Cum

188 5625 290 5678 hac
317 5627 552 5691 epitonia
585 5626 776 5679 confer
800 5637 963 5692 caput
988 5623 1078 5683 I5.
1103 5629 1158 5682 tl.
1205 5631 1288 5682 tit.
1329 5631 1381 5681 I.

259 5695 398 5763 (45.)
433 5695 557 5746 “me
594 5705 646 5747 ει
681 5698 927 5762 ιιιοοκὶιιιιξ
958 5713 1189 5765 sequens
1222 5701 1457 5765 epitoma
1492 5701 1578 5756 hic
1623 5713 1746 5758 tan-

191 5783 298 5820 ιιιιιι
335 5775 553 5821 exstant
586 5781 598 5827 ;
645 5766 792 5832 leges
826 5767 1050 5835 integrae
1080 5769 1378 5834 perierunt.

502 5862 766 5922 Ριτιιῡι..
813 5861 920 5921 Gn.
964 5861 1352 5923 CXXXVIII.

1921 4793 2034 4861 (46)
2067 4791 2551 4861 Εσαεαιιιηαιιιίιιὶι.
2582 4789 2736 4861 Licet
2766 4790 2998 4861 bonam
3053 4807 3281 4845 causam
3338 4793 3434 4845 Ita—

1846 4859 1972 4921 bere
1995 4865 2260 4924 videatur,
2287 4860 2520 4913 Basilica
2563 4859 2617 4911 ό.
2643 4861 2725 4912 tit.
2759 4859 2807 4920 I.
2846 4875 2970 4928 ειη).
3016 4861 3095 4913 I6.

1912 4933 2025 4999 (i7;
2060 4929 2418 4999 Patriarrhie.
2453 4929 2548 4981 Διὰ
2590 4930 2683 4981 τοῦ
2719 4931 3171 4999 ἀρχιεττισκόπου,
3220 4946 3313 4998 per
3347 4949 3437 4985 ar-

1847 4998 2261 5067 cltiepiswpum,
2283 4998 2449 5053 Basii.
2494 5018 2544 5052 ις.
2577 5001 2700 5052 cod.

1919 5073 2034 5139 (t8)
2067 5068 2186 5124 Lib.
2222 5085 2276 5134 x,
2305 5072 2390 5122 tit.
2426 5070 2510 5130 I9,
2541 5080 2721 5124 const.
2756 5068 2842 5123 I0.
2890 5069 2948 5124 In
3005 5070 3142 5124 libro
3193 5071 3432 5128 Peiresc.

1845 5141 2227 5210 lcgrtur,6~.a:.
2258 5139 2332 5207 η’,
2368 5141 2591 5195 constit.
2629 5141 2682 5193 8.

1924 5211 2037 5279 (ιο)
2075 5210 2147 5261 De
2179 5209 2282 5262 hac
2319 5211 2757 5263 manumissioue
2817 5207 3058 5262 Africani
3117 5211 3316 5266 Patres
3377 5216 3429 5265 in

1851 5284 1974 5335 cod.
2005 5296 2130 5335 can.
2161 5280 2372 5333 Eccles.
2413 5279 2581 5330 Afric.
2627 5294 2838 5332 canone
2870 5279 2937 5330 ιιι
2967 5296 2980 5340 ς
3047 5279 3335 5335 Ilalsatnon
3377 5289 3427 5336 ιιι

1854 5351 2065 5421 synodo
2113 5347 2552 5421 Carthaginiensi
2606 5363 2728 5421 can.
2768 5349 2834 5402 67
2860 5357 2914 5421 e_t
2955 5351 3068 5421 SE};
3132 5354 3424 5405 concilium

1854 5418 2210 5492 Anglicanam
2243 5418 2683 5492 Berglnnuste.l.e
2714 5435 2838 5492 can.
2870 5418 2903 5471 9
2933 5438 2944 5471 :
2985 5418 3041 5472 Si
3066 5426 3183 5485 quis
3218 5437 3422 5474 set-rum

1855 5489 2008 5544 suum
2046 5491 2114 5542 ad
2139 5491 2311 5542 altare
2338 5489 2728 5551 manumiserit,
2775 5491 2909 5541 liber
2964 5502 3096 5548 esto.
3129 5501 3178 5542 et
3229 5492 3424 5542 habui:

1858 5565 1926 5614 sit
1975 5562 2042 5611 ad
2084 5560 2421 5629 gamteudum
2457 5559 2771 5611 luvreditme
2799 5569 2846 5611 et
2875 5559 3313 5628 wit'gitdu,etfus
3355 5573 3423 5610 sit

1857 5635 1905 5685 ei
1926 5632 2014 5682 ubi
2047 5632 2176 5683 uolet
2207 5647 2316 5682 sine
2346 5631 2511 5683 limite
2546 5631 2762 5682 versari.
2827 5631 3274 5683 Mannmissionis
3324 5645 3426 5680 au-

1857 5713 1963 5753 tem
1995 5702 2226 5754 formula
2285 5702 2397 5771 ba'c
2452 5707 2632 5755 exalat
2695 5704 2837 5771 apud
2906 5700 3126 5755 Ivoneut
3195 5697 3423 5753 Caruet.

1855 5779 2009 5827 sexta
2037 5782 2190 5845 parte
2229 5786 2280 5826 c.
2314 5769 2435 5838 151,

3028 5867 3105 5925 39
