3998 6444
478 334 608 396 1279

543 444 640 506 Qui
663 442 965 510 religiosam
999 456 1180 493 coram
1214 441 1465 510 suscipit,
1496 442 1662 509 gratis
1690 444 1788 495 boc
1819 441 1980 494 facito
2015 457 2029 491 :
2067 425 2112 476 Α

471 545 523 583 ct
565 534 656 600 qui
690 534 781 585 dat
821 532 1043 599 aliquid,
1085 533 1166 584 vel
1199 532 1418 598 accipit,
1479 533 1560 585 vel
1595 531 1908 591 intervenit,
1945 545 2034 583 sa-

473 621 773 672 rcrdotitttn
853 621 1118 684 antittito,
1185 630 1540 688 prmterquam
1594 623 1742 688 quod
1793 621 1843 673 id
1891 620 2033 689 quod

474 713 657 760 datum
696 708 878 771 fuerit,
918 712 1172 776 religioso
1212 711 1330 763 loco
1377 711 1442 763 sit
1475 710 1881 777 applicandum.
1938 708 2032 760 Sin

472 802 640 853 laicus
675 810 780 866 es',
815 802 905 868 qui
943 803 1171 868 acrepit,
1218 811 1308 853 aut
1345 803 1609 854 mediator
1660 802 1776 866 fuit,
1813 801 2032 867 duplum

471 889 611 954 t-jus,
644 891 785 956 quod
823 891 1014 942 datum
1049 899 1149 951 est,
1181 891 1426 958 exigetur
1453 906 1479 942 a
1510 892 1856 946 curatoribus
1885 893 2034 956 ejus-

466 980 588 1029 dem
625 980 888 1046 religiosae
918 981 1134 1034 domus.
1170 981 1275 1034 Sed
1311 981 1511 1034 habent
1546 990 1725 1034 tamen
1759 981 2032 1038 licentiam

466 1072 498 1120 ii
534 1069 620 1136 qui
676 1069 964 1136 praedictas
993 1085 1155 1123 curas
1185 1081 1406 1138 gerunt,
1461 1083 1520 1124 ut
1550 1073 1727 1140 prius,
1761 1087 1921 1139 quam
1952 1071 2033 1125 eis

470 1159 949 1227 breinjungantur,
1011 1161 1199 1214 iisdem
1273 1162 1537 1229 religiosis
1584 1163 1834 1216 domibus
1898 1163 2031 1215 offe-

468 1260 609 1310 rant,
679 1251 724 1302 si
784 1250 913 1317 quid
983 1253 1270 1315 voluerint,
1343 1269 1439 1322 pro
1493 1253 1686 1306 anima:
1757 1268 1866 1307 sua:
1941 1268 2032 1306 sa-

468 1339 597 1391 ltt’C.

545 1429 748 1482 Servus
780 1434 1007 1496 sciente,
1060 1449 1160 1489 nec
1193 1435 1600 1490 contradicente
1635 1435 1855 1489 domino
1893 1436 2032 1487 inter

466 1520 700 1577 clericos,
733 1522 956 1588 relatus,
1009 1527 1432 1578 manumittitur.
1473 1526 1567 1580 Sin
1597 1526 1848 1579 dominus
1877 1525 2031 1594 igno-

468 1616 566 1663 τηε.
606 1619 782 1678 potest
817 1629 937 1667 eum
991 1615 1132 1670 intra
1182 1617 1414 1684 spatium
1457 1618 1582 1669 anni
1637 1617 1917 1671 retrahere
1975 1618 2028 1669 in

465 1699 798 1763 servitutem,
833 1710 952 1769 post
1005 1719 1204 1756 annum
1241 1719 1386 1768 vero,
1421 1720 1527 1758 non
1563 1706 1815 1772 amplius,
1845 1715 2024 1758 extra-
2055 1736 2102 1792 Β

463 1803 629 1855 quam
685 1791 729 1843 si
782 1793 847 1844 ad
901 1794 1062 1845 aliam
1114 1795 1273 1849 vitam
1332 1795 1628 1848 transierit.
1686 1795 2031 1862 Ascriptitius

466 1888 642 1931 autem
711 1882 869 1934 etiam
942 1897 1132 1949 praeter
1188 1886 1519 1939 voluntatem
1569 1885 1771 1939 domini
1829 1901 1927 1939 suo
1977 1887 2029 1940 in

471 1969 675 2034 prtedio
707 1971 942 2026 clericus
974 1974 1086 2026 ﬁeri
1130 1982 1332 2042 potest.

534 2060 633 2123 Qui
673 2063 979 2129 religiosam
1014 2064 1232 2119 domum
1269 2067 1517 2126 tedilicat,
1560 2067 1760 2136 deligat
1792 2084 1887 2123 eos
1936 2071 2026 2135 qni

463 2151 670 2204 cultum
704 2169 917 2207 sacrum
953 2158 1004 2208 in
1035 2173 1093 2210 ea
1128 2172 1384 2226 peragere
1431 2157 1646 2220 debent,
1707 2163 1778 2213 uti
1820 2161 2030 2214 scilicet

466 2244 754 2313 cpiscopus
785 2264 880 2301 eos
931 2249 1166 2312 ordinet,
1210 2252 1253 2305 si
1292 2252 1436 2320 digni
1471 2264 1619 2307 sunt.
1676 2253 1769 2305 Sin
1821 2261 2026 2315 autem,

470 2333 721 2388 tncliot'cs
749 2337 934 2404 eligat.

538 2423 756 2488 Clerici,
795 2429 859 2482 ad
915 2430 1062 2496 ipsos
1111 2445 1285 2494 usque
1315 2441 1588 2493 cantores,
1620 2441 1672 2485 et
1703 2435 1946 2488 ecclesiis
1975 2444 2026 2486 et

464 2532 488 2569 s
528 2517 637 2570 oris
670 2518 987 2574 ministeriis
1040 2523 1284 2574 studiose
1319 2523 1426 2575 sint
1481 2522 1696 2585 intenti,
1745 2534 2027 2578 castrense

463 2610 730 2668 ιιρειιιὶιιιη
765 2612 879 2664 sive
912 2627 997 2666 res
1032 2612 1098 2664 ab
1123 2627 1182 2665 se
1215 2614 1511 2680 acquisitas
1560 2615 1838 2677 habentes,
1900 2616 2026 2668 licet

462 2698 513 2748 in
551 2699 775 2752 alterius
812 2710 1082 2768 potestate
1115 2702 1244 2764 sint,
1280 2717 1341 2755 ac
1371 2703 1558 2755 testari
1593 2703 1658 2756 de
1693 2703 1759 2756 iis
1793 2705 2024 2770 possint,

462 2790 728 2841 servando
763 2797 870 2842 tam
897 2792 1345 2855 ascendentibus,
1378 2809 1536 2858 quam
1571 2795 2025 2848 descendentibus

463 2879 756 2944 legitimam
797 2890 1024 2946 partem.
1082 2882 1215 2935 Nota
1251 2884 1394 2950 quod
1437 2887 1758 2947 constitutio
1798 2887 2025 2940 clerico-

463 2985 601 3028 tum,
644 2985 814 3038 usque
851 2972 915 3022 ad
954 2984 1222 3032 cantores.
1267 2974 1597 3027 mentionem
1635 2975 1842 3031 fecerit.

1686 332 1960 392 THEOD.
2005 331 2234 389 BALSA
2246 330 2478 388 MONIS

3581 325 3729 387 1280

2221 438 2279 490 '0
2313 437 2507 503 εὑαγὲς
2544 439 2744 505 μετιὼν
2774 440 3078 506 φρόντισμα
3116 439 3312 506 προῖκα
3344 438 3503 491 τοῦτο
3540 455 3726 508 πρατ-

2137 527 2274 578 τέτω
2299 543 2312 556 ·
2347 526 2438 578 τοῦ
2467 527 2697 589 διδόντος
2729 546 2778 580 τι
2811 529 2842 597 ἢ
2873 528 3274 595 λαμϐάνοντος,
3310 529 3341 596 ῆ
3378 530 3724 597 μεσάζοντος

2135 617 2230 677 τῆς
2264 615 2564 681 ἱερωσύνης
2595 616 2950 676 ἐκπίπτοντος
2982 615 3116 684 πρὸς
3146 617 3206 667 to
3239 617 3331 669 καὶ
3359 618 3418 668 τὸ
3449 619 3606 669 δοθὲν
3637 617 3724 686 τῷ

2135 705 2321 770 εὑαγεῐ
2355 705 2504 774 τόπῳ
2547 705 3027 774 προσκυρωθῆναι.
3073 707 3136 758 Et
3173 707 3226 758 δὲ
3265 707 3458 769 λαῖκός
3497 711 3648 760 ἐστιν
3691 711 3722 760 ὁ

2135 793 2335 858 λαδὼν,
2365 795 2396 863 ἢ
2433 795 2658 864 μεσίτης
2685 796 2992 863 γενόμενοο,
3026 800 3086 847 τὸ
3115 797 3267 849 δοθὲν
3299 799 3520 850 διπλοῦν
3550 802 3724 853 άπαι-

2134 887 2425 954 τηθήσεται
2473 886 2574 937 ὑπὸ
2615 887 2722 937 τῶν
2768 887 3080 954 προνοητῶν
3123 887 3218 940 τοῦ
3265 889 3431 942 αὑτοῦ
3476 891 3723 956 εὑαγοῦς

2132 975 2301 1027 οίκου.
2335 975 2555 1028 ’Δδειαν
2587 977 2643 1027 δὲ
2686 975 2900 1044 ἔχουσιν
2931 979 2978 1029 οί
3011 978 3075 1030 τὰ
3117 981 3386 1048 εἰρημένα
3430 985 3723 1049 μετιόντες

2133 1065 2502 1133 φροντίσματα
2549 1067 2653 1133 πρὸ
2695 1067 2787 1118 τοῦ
2831 1068 3002 1120 ταῦτα
3044 1070 3229 1131 αὐτοῖς
3277 1074 3719 1141 ἐγχειρισθῆναι,

2133 1155 2463 1224 προσφέρειν
2490 1159 2601 1217 τοῖς
2629 1158 2812 1219 αὑτοῖς
2841 1158 3094 1225 εὑαγέσιν
3117 1163 3308 1223 οἴκοις,
3334 1166 3387 1215 εί
3412 1181 3462 1214 τι
3493 1164 3560 1217 ἂν
3589 1165 3725 1235 βου-

2131 1244 2366 1316 ληθῶσιν
2399 1245 2536 1316 ὑπὲρ
2569 1247 2844 1317 σωτηρίας
2873 1249 2971 1316 τῆς
3002 1250 3137 1312 ἰδίας
3166 1252 3366 1320 ψυχῆς.

2201 1425 2418 1487 Δοῦλος,
2447 1426 2649 1488 εἰδότος
2678 1429 2772 1479 καὶ
2803 1429 2902 1480 οὑκ
2933 1429 3305 1494 ἀντιλέγοντος
3330 1431 3421 1483 τοῦ
3449 1433 3722 1485 δεσπότου

2130 1518 2208 1575 εἰς
2240 1517 2438 1586 κλῆρον
2469 1517 2822 1585 καταλεγεὶς,
2854 1519 3255 1588 ἐλευθεροῦται.
3291 1523 3350 1573 El
3383 1523 3440 1574 δὲ
3470 1525 3661 1589 ἀγνοεῖ
3695 1526 3726 1575 ὁ

2128 1606 2391 1672 δεσπότης
2417 1647 2432 1669 ,
2469 1607 2692 1661 δύναται
2732 1609 2880 1670 ιντδς
2927 1609 3174 1663 ἐνιαυτοῦ
3207 1611 3397 1664 τοῦτον
3435 1611 3725 1678 δουλαγω-

2129 1699 2244 1762 γεῐν
2264 1737 2278 1760 ,
2312 1692 2447 1762 μετᾶ
2481 1696 2535 1747 δὲ
2565 1697 2655 1750 τὸν
2683 1699 2925 1751 ἐνιαυτὸν
2959 1701 3141 1752 οὐκέτι
3173 1741 3187 1762 ,
3219 1701 3362 1769 πλὴν
3394 1703 3442 1754 εί
3481 1703 3558 1771 μὴ
3593 1704 3726 1754 ἓτε-

2135 1805 2226 1856 ρον
2279 1788 2525 1856 μετέλθοι
2577 1788 2710 1857 βίον.
2752 1789 2810 1841 '0
2865 1789 2920 1840 δὲ
2973 1791 3360 1860 ἐναπόγραφος
3415 1796 3508 1845 καὶ
3561 1796 3729 1863 παρὰ

2132 1877 2356 1947 γνώμην
2381 1879 2639 1931 δεσπότου
2672 1881 2729 1931 ὲν
2756 1879 2833 1949 τῷ
2868 1879 2982 1948 ἰδίῳ
3011 1881 3194 1950 χωρίῳ
3223 1881 3450 1935 δύναται
3483 1884 3731 1953 κληροῦ-

2134 1969 2288 2030 σθαι,
2322 1968 2683 2038 ὑποκείμενος
2713 1972 2777 2038 τῇ
2811 1971 3075 2040 γεωργίᾳ.

2210 2059 2270 2110 '0
2312 2059 2509 2123 κτίζων
2543 2060 2713 2128 εὑαγῆ
2755 2056 2903 2112 οἷκον
2939 2061 3278 2129 ὲπιλεγέσθω
3310 2064 3438 2126 τοὺς
3475 2067 3532 2118 ὲν
3571 2067 3728 2137 αὑτῷ

2130 2147 2466 2222 λειτουργεῖν
2492 2152 2824 2218 ὀφείλοντας,
2852 2152 2991 2206 ὥστε
3021 2154 3114 2205 τὸν
3142 2155 3443 2208 ἐπίσκοπον
3471 2175 3724 2226 χειροτο-

2129 2243 2287 2309 νῆσαι
2322 2243 2552 2306 αὑτοὺς,
2588 2243 2746 2311 εἷπερ
2781 2244 2920 2295 εἰσιν
2951 2243 3132 2310 ἄξιοι·
3166 2247 3213 2297 εἰ
3249 2246 3306 2298 δὲ
3343 2249 3418 2317 μή
3459 2265 3556 2315 γε,
3591 2254 3723 2312 τοὺς

2134 2332 2419 2395 καλλίονας
2448 2335 2809 2398 ἐπιλεξάσθω.

2201 2425 2263 2474 Οἱ
2299 2425 2551 2492 κληρικοὶ
2584 2426 2745 2492 μέχρι
2775 2423 2996 2491 ψαλτῶν
3026 2425 3122 2478 καὶ
3153 2427 3335 2478 αὑτῶν
3366 2431 3486 2490 ταῖς
3518 2429 3726 2493 ἐκκλη-

2132 2515 2276 2574 σίαις
2325 2516 2423 2566 καὶ
2463 2517 2582 2575 ταῖς
2629 2514 2846 2576 λοιπαῖς
2897 2516 3068 2582 ίεραῖς
3119 2519 3728 2587 προσκαρτερείτωσαν

2129 2606 2312 2672 εὐχαῖς
2348 2605 2441 2654 καὶ
2475 2604 2837 2673 ὑπηρεσίαις,
2877 2606 2923 2655 εἱ
2960 2608 3048 2656 καὶ
3088 2607 3406 2669 ὑπεξούσιοί
3445 2611 3624 2671 εἰσιν,
3665 2614 3727 2661 ἐν

2130 2693 2485 2761 καυστρενσίο
2516 2693 2770 2752 πεκουλίο
2796 2694 2861 2747 τὰ
2893 2694 3277 2764 ὲπικτηθέντα,
3308 2700 3400 2746 καὶ
3431 2697 3717 2767 δυνάμενα

2127 2787 2203 2843 εἰς
2243 2784 2380 2834 αὐτὰ
2421 2782 2771 2846 διατίθεσθαι,
2816 2783 3169 2850 φυλάττοντες
3205 2789 3316 2848 τοῖς
3361 2787 3578 2840 ἀνιοῦσι
3622 2792 3720 2843 καὶ

2128 2869 2372 2922 κατιοῦσι
2407 2871 2466 2922 τὸ
2509 2873 2738 2938 νόμιμον
2778 2873 2961 2938 μέρος.
3001 2873 3267 2942 Σημεῖόν.
3305 2875 3388 2928 ὅτι
3421 2881 3548 2941 τοὺς
3591 2881 3728 2948 ἄχρι

2125 2960 2340 3023 ψαλτῶω
2371 2961 2651 3028 ὠνόμασεν
2683 2964 2713 3029 ἡ
2745 2963 3003 3026 διάταξις.

539 3059 845 3131 Presbyter,
878 3064 1278 3130 autdiaconus,
1310 3069 1397 3135 qui
1432 3067 1626 3120 falsum
1654 3070 2020 3123 testimonium

2201 3053 2574 3121 Πρεσϐύτερος
2617 3055 2649 3122 ἢ
2699 3055 2976 3119 διάκονος,
3021 3054 3589 3127 ψευδομαρτυρήσας,
3635 3063 3730 3114 ἐπὶ

458 3148 613 3212 dixit,
673 3153 736 3202 ad
779 3153 1070 3205 triennium
1112 3171 1139 3207 a
1175 3157 1481 3209 ministerio
1526 3173 1684 3211 sacro
1742 3169 2025 3226 separator

459 3249 511 3289 ct
550 3243 936 3294 monasterium
969 3243 1292 3298 inbabitato.
1322 3245 1474 3309 Quod
1526 3249 1568 3300 si
1620 3247 1811 3301 falsum
1860 3251 2022 3303 testi-

466 3328 707 3379 monium
749 3330 946 3384 dixerit
997 3332 1047 3384 in
1083 3348 1244 3386 causa
1282 3336 1574 3398 criminali,
1613 3337 1867 3390 clericatu
1900 3353 2024 3405 spo-

461 3417 616 3467 liatot‘
654 3429 705 3472 et
739 3420 1032 3472 scenttduut
1071 3422 1213 3490 leges
1266 3424 1504 3489 punitor,
1560 3426 1698 3479 sicut
1728 3436 1780 3478 et
1835 3428 2023 3494 reliqui

458 3506 666 3571 clerici,
733 3509 825 3577 qui
895 3512 1086 3577 quavis
1150 3513 1203 3565 in
1276 3527 1442 3565 causa
1513 3514 1634 3567 falsi
1705 3524 1870 3570 testes
1905 3515 2022 3568 lue-

531 3683 600 3736 De
637 3686 824 3740 litibus
857 3689 1116 3745 adversus
1167 3693 1397 3745 clericos
1456 3694 1782 3762 pecuniariis
1819 3710 2024 3763 cogno-

457 3783 575 3824 st-at
612 3777 904 3846 episcopus
937 3791 988 3834 ct
1032 3783 1273 3850 jttdicata
1313 3801 1510 3853 prtcses
1544 3798 1895 3854 exsequatur,
1949 3791 2025 3842 si-

457 3866 674 3928 quidem
745 3869 1022 3939 litigantes
1092 3874 1144 3926 in
1202 3874 1305 3928 boc
1371 3879 1869 3946 corresponderint.
1928 3879 2022 3933 Sin

458 3958 714 4010 alteruter
767 3975 954 4014 eorum
1008 3963 1150 4016 intra
1201 3965 1386 4020 decem
1447 3969 1562 4022 tlies
1612 3972 2021 4034 contradixerit,

459 4051 781 4102 sententiam
808 4069 1008 4120 praeses
1043 4059 1332 4116 examinet,
1371 4074 1433 4111 ac
1469 4060 1514 4113 si
1568 4070 1712 4113 recte
1765 4074 2023 4132 concepta

458 4138 550 4200 sit,
581 4153 699 4190 eam
732 4141 983 4206 ratilicet,
1020 4148 1167 4197 omni
1220 4147 1478 4214 deinceps
1512 4151 1875 4217 appellatione
1907 4169 2024 4206 ces-

459 4239 644 4291 sante;
701 4231 779 4283 vel
835 4236 977 4302 quod
1042 4237 1144 4290 sibi
1199 4238 1433 4301 videtur,
1491 4243 1848 4306 pronuntiet:
1915 4260 2020 4312 quo

459 4335 584 4372 casu
624 4321 690 4373 ab
722 4321 842 4388 ejus
882 4327 1152 4378 sententia
1184 4336 1354 4381 restat
1385 4330 1698 4396 appellatio.

531 4410 853 4480 Episcopus,
897 4416 987 4482 qui
1040 4416 1196 4484 jussu
1237 4417 1585 4486 imperatorio
1619 4422 1696 4473 vel
1755 4423 2020 4489 prasidali

458 4517 677 4556 rausatn
709 4503 858 4566 adit,
917 4506 1336 4574 appellationem
1394 4510 1746 4564 subsecutam
1796 4514 1862 4565 ad
1900 4530 2020 4566 eum

459 4595 676 4656 referat,
712 4599 800 4662 qui
836 4613 1057 4651 causam
1093 4600 1157 4651 ad
1193 4600 1366 4668 ipsum
1399 4604 1721 4656 transmisit.

532 4687 586 4738 Si
623 4689 855 4742 clericus
903 4691 1046 4759 apud
1097 4692 1409 4760 episcopum
1475 4711 1632 4748 suum
1671 4698 2025 4751 criminaliter

459 4789 766 4842 accusetur,
830 4791 950 4848 post
1000 4783 1246 4835 criminis
1302 4786 1674 4851 probationem
1729 4789 2020 4857 tlchnitor

459 4879 510 4924 ct
538 4870 709 4935 jutliei
749 4876 1072 4940 c0mprtenti
1122 4875 1185 4927 ad
1219 4891 1407 4944 pronas
1440 4881 1690 4930 traditur.
1733 4880 1788 4930 Si
1823 4896 2022 4946 praeses

460 4965 666 5015 rrimcn
701 4966 975 5017 examinat
1026 4976 1078 5019 et
1127 4966 1386 5021 clericum
1441 4985 1590 5022 reum
1627 4971 2021 5037 deprehendit;

458 5064 573 5103 actu
644 5055 823 5106 mittat
857 5055 1136 5125 episcopo,
1193 5069 1250 5110 ut
1307 5059 1350 5112 is
1381 5075 1503 5111 cutn
1561 5062 1797 5128 deponat
1853 5072 1905 5116 et
1960 5066 2022 5114 ad

461 5163 671 5210 prunam
705 5150 903 5200 trudat.
944 5149 1212 5217 Episcopo
1261 5151 1690 5215 contradicente,
1747 5170 1851 5206 una
1900 5171 2022 5205 cum

459 5255 574 5299 ipso
609 5239 672 5291 ad
708 5243 1087 5306 imperatorem
1126 5253 1245 5294 acta
1305 5244 1524 5306 referat,
1561 5245 1784 5312 ejusque
1821 5245 2025 5311 jussio-

462 5345 577 5377 tmttt
633 5330 696 5379 de
733 5328 864 5389 ipsis
899 5339 1196 5397 e\5pectet.
1238 5332 1444 5385 Interea
1485 5333 1718 5386 clericus
1755 5335 1854 5387 sub
1893 5334 2024 5399 legi-

465 5419 587 5468 lima
626 5421 836 5470 cautela
871 5422 958 5471 sil.

531 5603 584 5652 Si
617 5602 904 5668 cpiscopus
962 5614 1177 5655 recuset
1237 5613 1328 5655 aut
1389 5605 1603 5657 ditTcrut
1659 5606 2022 5672 cognitionem

463 5697 787 5761 peruniarhc
841 5698 969 5754 litis,
1027 5697 1286 5749 adversus
1331 5699 1591 5750 t-lcrictttn
1627 5716 1784 5749 suum
1841 5709 2021 5760 lltt)l.'l‘,

2127 3145 2364 3212 τριετίαν
2399 3145 2715 3212 χωριζέσθω
2749 3147 2845 3214 τῆς
2885 3146 3263 3216 λειτουργίας,
3301 3153 3393 3202 καὶ
3440 3154 3730 3220 μοναστήο-

2130 3252 2241 3302 ριον
2267 3235 2502 3286 οἰκείτω.
2531 3237 2591 3286 Εί
2622 3235 2676 3286 δὲ
2705 3238 2792 3287 ἐπὶ
2821 3238 3201 3308 ἐγκληματικῇ
3231 3242 3380 3309 αἰτίᾳ
3406 3243 3731 3311 ψευδομαρ-

2126 3329 2358 3397 τυρήσῃ.
2392 3327 2716 3395 γυμνούσθω
2746 3327 2838 3380 τοῦ
2874 3332 3104 3399 κλήρου,
3139 3333 3233 3383 καὶ
3267 3336 3518 3402 νομίμως
3554 3355 3731 3404 τιμωο

2131 3421 2360 3490 ρείσθω,
2398 3421 2456 3471 ὃν
2487 3422 2686 3491 τρόπον
2723 3423 2815 3474 καὶ
2857 3423 2906 3473 οἱ
2947 3423 3125 3475 λοιποὶ
3175 3425 3431 3495 κληρικοι
3477 3430 3538 3480 ὲν
3575 3433 3732 3503 πάσῃ

2128 3510 2276 3578 αἰτία
2306 3509 2945 3580 ψευδομαρτυρήσαντες.

2197 3692 2306 3752 Τὰς
2356 3691 2492 3742 κατὰ
2539 3691 2644 3742 τῶν
2700 3691 2976 3762 κληρικῶν
3024 3693 3378 3760 χρηματικὰς
3429 3694 3733 3758 ὑποθέσεις

2129 3785 2359 3850 κρινέτω
2405 3784 2429 3833 ὁ
2476 3783 2787 3842 ἐπίσκοπος,
2835 3781 2928 3832 καὶ
2973 3784 2999 3832 ό
3046 3783 3229 3849 ἅρχων
3275 3783 3622 3846 ὲκόιὸαζέτω
3661 3790 3731 3839 τὰ

2129 3875 2418 3941 κριθέντα,
2459 3873 2511 3923 εί
2548 3889 2603 3938 γε
2646 3873 2990 3939 στοιχήσαιεν
3027 3875 3122 3923 καὶ
3159 3875 3208 3923 οἱ
3245 3875 3626 3942 δικαζόμενοι.
3670 3881 3732 3932 Et

2128 3967 2182 4016 δὲ
2219 3964 2444 4032 θάτερος
2480 3961 2658 4013 αὐτῶν
2688 3963 2816 4011 εἴσω
2849 3961 2983 4012 δέκα
3020 3962 3241 4028 ἡμερῶν
3276 3964 3574 4029 ἀντείποι,
3637 3969 3734 4033 ἐξ-

2128 4056 2365 4117 εταζέτω
2409 4055 2506 4121 τὴν
2546 4053 2725 4120 ψῆφον
2769 4054 2795 4103 ό
2841 4052 3024 4120 ἄρχων
3068 4055 3158 4103 καὶ
3193 4055 3224 4121 ἦ
3262 4056 3563 4123 κουροὺτου
3615 4060 3730 4127 [Ian

2130 4144 2399 4216 κυρούτω]
2439 4145 2605 4212 αὑτὴν
2642 4143 2816 4211 ὀρθῶς
2853 4144 3082 4211 ἔχουσιν
3106 4185 3118 4206 ,
3160 4147 3340 4214 πάσης
3375 4147 3566 4201 λοιπον
3602 4169 3732 4220 σχο-

2129 4240 2395 4305 λαζούσης
2430 4237 2694 4304 ὲκκλήτου
2719 4253 2732 4264 ·
2771 4236 2801 4304 ἢ
2839 4235 2898 4286 τὸ
2934 4235 3124 4286 δοκοῦν
3160 4237 3596 4304 ἀποφαινέσθω,
3635 4247 3734 4296 ἐκ-

2129 4331 2326 4399 κλήτου
2360 4329 2726 4397 ὑποκειμένης
2759 4329 2853 4394 τῆς
2885 4328 3058 4395 αὐτῆς
3094 4328 3298 4396 ψήφου.

2213 4417 2570 4480 Ἐπίσκοπος,
2614 4419 2676 4467 ὲκ
2725 4416 3010 4484 βασιλικῆς
3059 4417 3090 4481 ἢ
3140 4419 3377 4487 ἀρχικῆς
3419 4422 3734 4486 κελεύπεως

2128 4508 2474 4583 ἀκροώμενος
2505 4511 2839 4573 ὑποθέσεως,
2869 4510 2946 4576 τῷ
2979 4512 3414 4580 παραπέμψαντι
3450 4517 3603 4584 αὑτῷ
3631 4522 3734 4588 τὴν

2128 4606 2280 4672 δίκην
2311 4605 2408 4673 τὴν
2440 4602 2778 4654 ὲπιδοθεῖσαν
2811 4601 3076 4668 ἔκκλητον
3106 4602 3454 4669 ἀναφερέτω.

2211 4697 2333 4747 Ἐὰν
2365 4692 2620 4762 κληρικδς
2655 4692 2804 4760 παρὰ
2834 4691 2907 4759 τῷ
2945 4692 3061 4758 ίδίῳ
3099 4693 3390 4760 ἑπισκόπῳ
3426 4697 3736 4764 ἐκκλησια-

2131 4787 2328 4847 στικῶς
2365 4785 2754 4853 κατηγορῆται,
2793 4782 3166 4849 καθαιρείσθω
3202 4784 3322 4849 μετ’
3349 4784 3600 4854 ἔλεγχον,
3640 4791 3735 4838 καὶ

2128 4879 2204 4948 τῷ
2239 4874 2532 4948 προσφόρῳ
2566 4876 2791 4942 δικαστῇ
2831 4873 3210 4940 παραδιδόσθω
3247 4877 3389 4942 πρὸς
3422 4879 3729 4946 τιμωρίαν.

2133 4973 2187 5022 Εἰ
2217 4972 2268 5021 δὲ
2299 4972 2326 5020 ὁ
2353 4970 2533 5036 ἄρχων
2561 4965 2803 5030 ἐξετάζει
2833 4965 2892 5016 τὸ
2923 4964 3198 5034 ἔγκλημα,
3229 4965 3418 5034 ἔνοχον
3447 4969 3613 5020 αὑτὸν
3644 4972 3734 5020 εὑ-

2131 5063 2350 5128 ρίσκων,
2385 5061 2649 5128 πεμπέτω
2678 5057 2754 5125 τῷ
2786 5057 3072 5125 ὲπισκόπῳ
3104 5058 3171 5108 τὰ
3205 5061 3613 5126 πεπραγμένα,
3644 5063 3732 5128 ἐφ’

2127 5149 2169 5221 ᾧ
2210 5153 2453 5205 καθελεῖν
2489 5152 2652 5203 αὑτὸν
2719 5151 2812 5201 καὶ
2853 5149 3198 5216 παραδοῦναι
3245 5150 3385 5218 πρὸς
3428 5154 3729 5220 τιμωρίαν,

2141 5227 2539 5307 Ἃντιλέγοντος
2591 5242 2646 5292 δὲ
2699 5240 2790 5292 τοῦ
2844 5241 3189 5301 ἐπισκόπου,
3247 5242 3579 5307 ἀναφερέτω
3635 5244 3733 5294 σὺν

2128 5337 2274 5403 αὺτῷ
2313 5335 2516 5403 βασιλεῖ
2548 5335 2614 5385 τὰ
2653 5331 3046 5401 πεπραγμένα,
3086 5331 3180 5382 καὶ
3213 5333 3316 5398 τὴν
3353 5334 3485 5400 περὶ
3521 5335 3734 5386 τούτων

2129 5424 2442 5492 ἁναμενέτω
2474 5423 2743 5472 κέλευσιν.
2782 5422 2840 5470 ’0
2875 5419 2930 5471 δὲ
2966 5420 3226 5488 κληρικὸς
3264 5421 3370 5471 ὑπὸ
3405 5425 3643 5490 νομικὴν
3676 5426 3733 5474 ἐν

2129 5519 2202 5583 τῷ
2239 5515 2438 5582 μεταξὺ
2469 5513 2709 5579 γενέσθω)
2743 5513 3066 5579 ἀσψάλειαν.

2213 5606 2333 5654 Ὲὶιν
2357 5606 2382 5654 ὁ
2415 5605 2708 5660 ἐπίσκοπος
2738 5600 3149 5668 παραιτεῖταιῆ
3189 5602 3549 5668 ὑπερτίθεται
3580 5606 3732 5655 δικά-

2137 5713 2218 5745 σαι
2256 5696 2320 5760 τῇ
2355 5693 2487 5744 κατὰ
2521 5691 2610 5742 τοῦ
2645 5689 2843 5741 οἰκείου
2877 5688 3142 5756 κληρικοῧ
3179 5691 3479 5761 κινουμένῃ
3515 5711 3731 5762 χρημα-
