3998 6466
298 350 427 417 1281

1320 354 1654 416 CONSTIT.
1697 354 1992 416 ECCLES.
2033 352 2456 417 COLLECTiO.

3369 354 3505 416 1282

288 467 416 533 τικῆ
449 462 717 526 ὑποθέσει,
748 467 776 517 δ
806 465 989 535 ἄρχων
1016 464 1216 532 ταύτης
1246 465 1556 535 ἀκροάσθω,
1587 463 1845 529 ἑνυπὸθη-

1954 479 2154 533 praeses
2182 480 2299 519 eam
2332 465 2541 529 audiat,
2591 472 2883 532 prmstante
2935 461 3245 517 cantionem
3304 462 3503 514 clerico

288 570 383 607 κον
404 551 868 626 δμολογίανᾜρκου
891 556 1058 625 χωρὶς
1082 554 1430 623 ἐκτιθιμένου
1450 556 1541 611 τοῦ
1566 554 1843 625 κληρικοῦ.

289 645 348 696 1·ξί
378 645 433 697 δὲ
466 646 890 714 ἐκκλησιαστικὴ
925 646 1070 716 αὑτῷ
1102 645 1328 715 ζήτησις
1361 646 1657 713 ἐπάγεται,
1691 644 1849 713 μόνος

285 740 314 788 ὀ
342 736 639 799 ἐπίσκοπος
667 738 871 809 ταύτην
902 739 1149 807 κρινέτω.
1554 746 1557 749 ’

373 824 691 878 Ἐπίσκοποί
716 843 868 888 τινας
896 826 1015 878 κατ’
1041 826 1283 896 ἀλλήλων
1310 827 1601 879 κινούντων
1629 823 1738 897 ίίσ.
1768 841 1850 875 κι-

285 914 526 986 νοῦντες]
559 916 737 978 αἰτίας
772 917 920 985 παρὰ
950 916 1029 985 τῷ
1066 915 1178 985 ἰδίῳ
1209 916 1612 979 δικαζέσθωσαν
1647 930 1850 984 μητρο-

286 1006 500 1077 πολίτῃ,
531 1004 994 1075 συνακροωμένων
1018 1006 1111 1059 δύο
1138 1006 1449 1059 ἐπισκόπων
1474 1004 1574 1073 τῆς
1605 1005 1844 1057 συνόδου.

284 1095 528 1165 Θατέρου
560 1095 614 1147 δὲ
649 1095 725 1165 μὴ
755 1097 1089 1164 ποιχοῦντος
1116 1099 1181 1166 τῇ
1212 1097 1415 1148 τούτων
1445 1097 1624 1167 κρίσει
1643 1135 1657 1158 ,
1688 1096 1716 1147 ό
1747 1097 1852 1164 ἁρ-

289 1184 469 1251 μόδιος
510 1185 847 1255 πατριάρχης
887 1184 1127 1249 ὲξετάσει
1166 1186 1264 1255 τὴν
1296 1185 1496 1254 ψῆφον,
1542 1186 1615 1255 μὴ
1657 1184 1848 1247 δεδιὼς

284 1274 562 1342 ἔκκλητον.

354 1363 767 1433 Μητροπολίτης
810 1364 864 1417 δὲ
903 1365 1226 1433 ἑναγόμενος
1271 1365 1423 1433 παρὰ
1458 1364 1535 1431 τῷ
1578 1363 1690 1432 ἰδίῳ
1732 1379 1852 1427 κρι-

283 1449 457 1501 νέσθω
494 1452 822 1521 πατριάρχῃ.
861 1452 917 1503 '0
951 1451 1111 1512 αὐτὸς
1141 1450 1197 1502 δὲ
1231 1449 1580 1516 φυλαττέσθω
1609 1448 1847 1518 τρακτᾶ-

282 1557 369 1602 τος
399 1541 493 1593 καὶ
520 1541 611 1593 ἐπὶ
637 1541 917 1611 κληρικοῦ,
942 1541 1019 1610 τῷ
1051 1541 1165 1610 ἰδίῳ
1192 1540 1473 1607 ένάγοντος
1502 1540 1783 1607 ἐπισκόπῳ
1813 1538 1844 1606 ἢ

286 1630 676 1701 μητροπολίτῃ.
705 1632 785 1684 Τά
810 1632 863 1685 δὲ
895 1631 1154 1701 εἰρημένα
1182 1631 1397 1684 ἅπαντα
1428 1631 1711 1697 πρόσωπα,
1740 1629 1849 1680 εἴτε

282 1721 433 1788 παρὰ
456 1722 564 1782 τοῖς
596 1721 745 1783 ἰδίοις
774 1723 1115 1787 ἐπισκόποις,
1144 1721 1175 1789 ἢ
1211 1719 1655 1791 μητροπολίταις,
1684 1718 1716 1785 ἢ
1757 1734 1851 1768 πα-

1958 556 2060 609 sub
2089 554 2408 609 facultatum
2463 570 2681 609 suarum
2731 553 3083 622 obligatione,
3136 553 3274 606 citra
3325 551 3507 621 jusju-

1955 647 2204 701 randum.
2232 646 2326 701 Sin
2363 646 2732 701 eeclesiastica
2766 646 2831 699 lis
2884 644 2934 699 ei
2984 643 3305 705 intentatur,
3357 656 3419 696 so
3445 656 3507 691 ns

1953 732 2238 800 episcopus
2269 732 2323 783 in
2360 731 2449 783 illa
2476 731 2640 798 jndex
2672 742 2812 786 esto.

2021 818 2156 873 Cutn
2187 821 2429 890 episcOpi
2462 822 2588 875 lites
2621 822 2885 877 adversus
2916 835 2977 875 se
3008 821 3238 875 invicem
3267 830 3507 884 movent,

1954 909 2096 976 apud
2133 913 2610 982 metropolitanum
2644 927 2802 966 suum
2836 912 3213 982 experiantur,
3251 926 3355 964 una
3380 925 3502 963 cunt

1955 1001 2046 1053 illo
2068 1000 2284 1056 duobus
2309 1003 2583 1071 episcOpis
2604 1017 2634 1056 e
2665 1001 2897 1055 concilio
2923 1016 3116 1056 causas
3141 1000 3508 1054 audientibus;

1952 1087 2107 1151 Quod
2141 1090 2185 1143 si
2222 1088 2417 1142 horum
2451 1091 2715 1144 alteruter
2770 1103 2876 1142 non
2918 1087 3242 1142 assentistur
3295 1086 3507 1140 illorum

1951 1177 2182 1245 judicio,
2215 1178 2519 1247 patriarcha
2551 1189 2865 1247 competens
2919 1177 3249 1232 sententiam
3306 1178 3511 1235 exami-

1955 1267 2121 1328 nabit,
2156 1268 2358 1319 nullam
2400 1268 2606 1321 veritus
2639 1267 3088 1336 appellationem.

2023 1356 2177 1420 Quod
2256 1356 2300 1409 si
2359 1357 2808 1422 tuetropolitanus
2877 1357 2966 1417 sit,
3026 1356 3118 1424 qui
3171 1356 3506 1411 convenitur.

1955 1444 2099 1513 apud
2134 1445 2503 1513 patriarcham
2544 1460 2702 1498 suum
2729 1444 3027 1514 judicator.
3062 1444 3207 1499 idem
3243 1450 3511 1497 tractatus

1955 1541 2201 1586 servator
2225 1532 2387 1586 etiam
2424 1532 2477 1585 in
2509 1531 2731 1595 clerico,
2769 1532 2861 1601 qui
2895 1547 3053 1586 suum
3087 1529 3341 1585 convenit
3392 1529 3515 1597 cpi-

1956 1637 2201 1691 scoputn,
2275 1632 2369 1677 aut
2437 1623 2936 1692 metmpolitanum.
2992 1622 3260 1676 Caeterum
3321 1635 3511 1675 omnes

1957 1712 2208 1766 iudicatae
2238 1727 2508 1780 personae,
2563 1715 2677 1768 sive
2708 1714 2845 1781 apud
2897 1713 3178 1781 episeOpos
3228 1716 3382 1775 sues,
3419 1721 3512 1765 aut

279 1810 568 1879 τριάρχαις
598 1809 936 1875 δικάζονται,
972 1811 1083 1863 εἴτε
1118 1810 1249 1879 παρ’
1275 1811 1482 1878 ἑτέροις
1513 1808 1655 1860 τισίν
1681 1824 1693 1838 ·
1729 1807 1845 1858 οὒτε

1961 1803 2431 1871 metropolitanos,
2455 1812 2546 1856 aut
2578 1801 2915 1871 patriarchas
2939 1802 3175 1869 litigant,
3211 1800 3326 1855 sive
3350 1801 3512 1853 etiam

280 1899 338 1952 δι
370 1901 596 1968 ἐγγύην,
623 1900 745 1953 οὕτε
777 1900 1079 1969 ὲξωμοσίαν
1105 1900 1246 1969 ὑπὲρ
1273 1901 1371 1969 τῆς
1397 1900 1552 1969 δίκης
1585 1898 1852 1967 παρέχουδ

283 2006 391 2056 σιν,
422 1990 558 2043 ἀλλὰ
591 1992 751 2060 μόνον
781 1991 1054 2061 ὑπόθηκον
1082 1992 1351 2047 cautiona.

353 2164 466 2226 Πᾶς
495 2162 777 2234 κληρικὸς,
812 2163 1025 2233 εὐαγῶν
1051 2164 1232 2218 τόπων
1255 2165 1532 2235 διοικητὴς
1556 2163 1654 2229 ὢν,
1685 2166 1851 2217 ἀπαι-

279 2253 481 2306 τείσθω
529 2254 628 2306 ὅσα
672 2254 737 2306 ἂν
781 2252 1237 2321 λογοθετούμενος
1286 2253 1480 2322 φανείη
1529 2254 1851 2323 χρεωστῶν,

284 2345 380 2397 καὶ
430 2345 566 2412 μετὰ
612 2344 940 2415 καταϐολὴν,
987 2345 1035 2397 εἰ
1083 2345 1230 2413 λέγει
1279 2345 1478 2407 ἀδίκως
1524 2346 1852 2414 εὐθυνθῆναι

284 2434 390 2485 ὑπὸ
412 2432 506 2485 τοῦ
537 2433 663 2485 ἰδίου
694 2436 1012 2499 ἐπισκόπου,
1040 2436 1130 2487 τὸν
1160 2434 1380 2505 μείζονα
1408 2436 1705 2489 ἐπίσκοπον
1733 2439 1854 2488 ὲπι-

281 2520 551 2575 καλείσθω
570 2536 585 2551 ⁸
614 2522 1075 2595 τούτων,ὲχόντων
1102 2528 1285 2594 χώραν
1311 2527 1406 2579 καὶ
1440 2526 1532 2578 ἐπὶ
1558 2526 1664 2578 τῶν
1688 2526 1851 2578 αὑτοῦ

282 2612 653 2682 κληρονόμων.

361 2788 419 2839 '0
446 2785 704 2857 κληρικδις
731 2786 883 2857 παρὰ
910 2788 1136 2858 γνώμην
1160 2787 1254 2841 τοῦ
1285 2788 1416 2843 ἰδίου
1444 2790 1741 2841 ἐπισκόπου
1774 2788 1847 2858 μὴ

278 2877 650 2947 ἀποδημείτω,
674 2877 769 2940 τὰς
793 2879 1197 2949 προειρημένας
1219 2880 1411 2941 ποινὰς
1432 2879 1847 2948 εὐλασοόμενος,

276 2966 343 3029 ἃς
371 2966 512 3019 κατά
536 2964 643 3018 τῶν
669 2967 983 3020 ἐπισκόπων
1013 2969 1294 3039 ἐπήγαγεν
1323 2970 1357 3038 ἡ
1385 2967 1651 3035 διάταξις.

350 3057 462 3118 Πᾶς
522 3056 579 3107 δὲ
629 3056 956 3123 ἐπίσκοπος,
1008 3059 1395 3129 εὑρισκόμενος
1437 3061 1495 3113 ιν
1541 3060 1848 3129 Βυζαντίῳ,

277 3148 430 3216 παρὰ
472 3148 654 3216 μόνοις
686 3150 800 3210 τοῖς
840 3148 1098 3218 ἐπάρχοις
1138 3149 1317 3219 ἢντοϊς
1358 3150 1521 3211 θείοις
1560 3150 1839 3213 δικασταῖς

277 3238 555 3306 ἐναγέσθω
575 3279 589 3303 ,
624 3240 680 3289 ὲν
709 3232 753 3305 ᾧ
780 3240 969 3307 γέγονε
1002 3241 1375 3310 προκάταρξις
1403 3241 1460 3291 ἐν
1487 3242 1551 3309 τῇ
1588 3239 1807 3308 πατρίδι
1833 3257 1845 3269 ·

274 3330 410 3382 ὅπου
452 3330 560 3400 γὰρ
601 3332 634 3400 ἡ
675 3328 1080 3400 προκάταρξις,
1116 3334 1207 3384 καὶ
1251 3333 1309 3383 τὸ
1350 3332 1523 3400 πέρας
1561 3332 1658 3400 τῆς
1695 3331 1848 3400 δίκης

274 3423 635 3488 γυμνάζεται.

359 3514 417 3567 '0
450 3515 863 3585 ἀποκρισιάριος
891 3513 966 3582 μὴ
996 3513 1272 3581 ὲναγέσθω
1304 3514 1441 3582 ὑπὲρ
1466 3512 1573 3565 τῶν
1601 3513 1848 3565 ἀποστει-

274 3605 479 3658 λάντων
510 3605 691 3657 αὐτόν.
726 3605 788 3656 Εἰ
820 3603 877 3655 δὲ
915 3604 1009 3655 καὶ
1047 3603 1269 3665 ἐντολὰς
1302 3603 1484 3669 ἐνάγει
1512 3608 1639 3666 τινί,
1668 3605 1849 3656 άντενυ

276 3695 516 3763 αγέσθω.
559 3696 791 3766 Ὁμοίως
834 3695 892 3748 δὲ
940 3696 1039 3748 καὶ
1087 3694 1226 3764 ὑπὲρ
1275 3689 1349 3749 ὧν
1395 3695 1689 3765 συνήλλαξε
1730 3699 1849 3758 ταῖς

274 3788 599 3855 ἀποκρίσεσι
640 3785 923 3840 διακονῶν.
961 3785 1145 3839 Ταῦτα
1185 3789 1279 3841 καὶ
1322 3788 1452 3855 περὶ
1485 3787 1593 3839 τῶν
1626 3789 1849 3839 ἐπισκό-

276 3890 394 3928 πων
430 3877 654 3945 κρατεῖ,
692 3875 780 3927 διὰ
815 3876 1153 3945 χειροτονίαν
1190 3875 1222 3945 ἢ
1265 3876 1562 3945 πρεσϐείαν
1597 3876 1849 3929 ἀνελθόν-

261 3983 384 4022 των
416 3969 473 4020 ὲν
508 3968 1073 4021 Κωνσταντινονπόλει
1101 4008 1116 4033 ,
1148 3967 1260 4020 τῶν
1293 3968 1520 4037 χρονίων
1560 3984 1846 4036 παραγρα-

274 4057 391 4125 φῶν
420 4061 483 4110 ἐκ
510 4057 609 4125 τῆς
639 4057 823 4110 αὐτῶν
848 4057 1175 4127 ἀπολήψεως
1207 4058 1285 4128 μὴ
1317 4057 1723 4127 βλαπτομένων.

359 4148 417 4199 '0
453 4147 713 4216 κληρικὸς
746 4149 840 4200 καὶ
872 4151 899 4201 ὀ
935 4149 1168 4218 μοναχδς
1205 4149 1296 4201 καὶ
1327 4148 1392 4201 δι’
1419 4148 1625 4201 ἑαυτῶν
1658 4149 1748 4202 καὶ
1781 4150 1848 4202 δι’

273 4237 531 4290 ἑντολέων
565 4237 894 4307 ὲνυὸρίστως
930 4240 1294 4305 ὲναγέτωσαν.
1328 4240 1649 4308 Μονάστρια
1679 4239 1736 4291 δὲ
1771 4239 1847 4307 μὴ

272 4328 593 4395 ἀφελκέσθω
624 4330 719 4380 τοῦ
761 4330 1158 4399 μοναστηρίου,
1200 4330 1336 4384 ἀλλὰ
1370 4330 1438 4383 δι’
1469 4332 1725 4394 ὲντολέως
1757 4334 1845 4383 ὲνο

1955 1893 2098 1959 apud
2132 1892 2269 1947 alios
2297 1892 2600 1961 quosdam;
2656 1906 2754 1945 nec
2792 1890 3216 1961 ﬁtlejussionem,
3251 1889 3334 1942 vel
3360 1889 3515 1956 juru-

1956 1978 2147 2032 toriam
2183 1980 2489 2033 cautionem
2523 1978 2634 2032 litis
2684 1977 2906 2033 nomine
2965 1985 3248 2046 praestant,
3295 1977 3389 2030 sed
3430 1991 3517 2030 so-

1956 2071 2062 2123 lam
2106 2070 2456 2123 securitatem
2490 2068 2591 2122 sub
2619 2068 2880 2122 bonorum
2914 2066 3261 2135 obligatione.

2024 2161 2103 2213 Ab
2128 2160 2271 2213 omni
2296 2160 2512 2223 clerico,
2542 2160 2631 2227 qui
2659 2157 3035 2226 religiosorum
3069 2156 3309 2209 locorum
3345 2154 3515 2207 aimi-

1955 2260 2215 2305 ntstrator
2252 2261 2353 2313 est,
2386 2250 2673 2319 exignntor
2703 2264 2764 2301 ea
2825 2260 3164 2316 quaecunque
3212 2246 3518 2299 constiterit

1956 2353 2077 2393 eum
2136 2339 2356 2397 debere.
2391 2354 2514 2392 eum
2554 2339 2793 2391 rationes
2831 2337 2898 2390 ad
2945 2337 3065 2403 ipso
3098 2337 3420 2401 redduntur,
3454 2351 3517 2389 ac

1957 2428 2231 2484 solutione
2262 2428 2434 2490 facta,
2467 2430 2513 2483 si
2557 2429 2700 2483 dicat
2736 2428 2939 2496 injuste
2968 2430 3207 2483 rationes
3239 2438 3457 2483 exactas
3488 2443 3516 2480 a

1955 2536 2014 2575 se
2044 2535 2138 2590 per
2169 2522 2484 2591 episcopum
2521 2536 2706 2586 suum,
2749 2520 3065 2589 episcopum
3119 2521 3377 2589 majorem
3417 2521 3517 2574 iat-

1956 2613 2171 2679 ploret:
2211 2612 2295 2666 bis
2327 2612 2463 2681 ipsis
2502 2612 2679 2666 locum
2732 2610 3065 2666 trahentibus
3116 2612 3278 2665 etiam
3317 2611 3371 2664 in
3403 2611 3511 2663 har-

1955 2700 2177 2755 redibus
2207 2701 2352 2770 ejus.

2025 2813 2271 2868 Clericus
2303 2824 2499 2883 praeter
2534 2814 2866 2867 voluntatem
2901 2812 3143 2883 episcopi
3172 2815 3252 2867 sui
3292 2830 3515 2886 peregre

1956 2918 2024 2958 ne
2071 2904 2459 2972 proliciscitor,
2511 2905 2797 2972 praedictas
2856 2919 3043 2972 poenas
3097 2907 3322 2969 veritus,
3380 2922 3518 2975 quas

1956 2994 2217 3051 adversus
2253 2997 2535 3064 episcopos
2576 2996 2689 3049 haec
2722 2975 3049 3048 constitutio
3081 2996 3296 3050 statuit.

1877 3118 1922 3181 ο
2026 3086 2215 3142 Omnis
2268 3086 2575 3156 cpiscopus,
2616 3087 2706 3156 qui
2742 3087 2983 3158 Byzantii
3034 3087 3322 3154 reperitur,
3373 3089 3514 3157 apud

1954 3177 2100 3232 solos
2133 3178 2416 3246 praefectos
2449 3180 2723 3246 praetorio,
2781 3179 2865 3232 vel
2899 3179 3112 3230 divinos
3137 3176 3351 3243 jttdiees
3382 3193 3515 3231 con-

1951 3273 2184 3337 venitor,
2238 3272 2304 3326 de
2338 3288 2446 3341 quo
2482 3274 2715 3341 primum
2752 3272 2894 3325 facta
2925 3279 3010 3325 est
3044 3270 3151 3325 litis
3182 3273 3508 3326 contestatio

1951 3362 2007 3416 in
2051 3362 2245 3430 patria.
2281 3361 2382 3416 Ubi
2434 3363 2577 3416 enim
2610 3364 2719 3415 litis
2751 3364 3075 3417 eontestatio
3124 3360 3262 3416 {aeta
3297 3369 3401 3427 est,
3441 3362 3512 3415 ibi

1952 3452 2075 3505 linis
2109 3451 2268 3505 etiam
2300 3453 2412 3507 litis
2438 3465 2743 3506 exercetur.

2019 3544 2422 3611 Apocrisiarius
2454 3558 2641 3597 eorum
2678 3544 2921 3605 nomine,
2973 3542 3065 3610 qui
3120 3542 3386 3596 miserunt
3428 3542 3513 3609 ip-

1953 3648 2096 3696 sum.
2156 3647 2223 3686 ne
2270 3634 2613 3687 convenitor.
2667 3631 2723 3685 Si
2779 3646 2905 3685 vero
2956 3630 3231 3684 mandatis
3278 3632 3514 3699 acceptis

1951 3723 2182 3792 aliquem
2217 3722 2490 3787 convenit,
2526 3723 2871 3777 reconventio
2903 3722 3077 3774 locum
3106 3720 3321 3772 habeto.
3353 3717 3514 3771 s.llli°

1949 3814 2076 3868 liter
2142 3823 2196 3867 et
2250 3812 2466 3867 illorum
2542 3813 2760 3867 nomine
2819 3812 3158 3874 eonvenitor,
3226 3824 3345 3879 quae
3383 3813 3508 3864 dum

1950 3904 2295 3972 apocrisiarii
2325 3912 2551 3959 munere
2584 3904 2853 3975 iungitur,
2890 3903 3182 3957 contraxit.
3221 3901 3421 3955 Eadem
3457 3903 3506 3951 iu

1949 3994 2222 4063 cpisc0pis
2274 4009 2488 4063 quoque
2524 3994 2702 4047 locum
2759 3993 2981 4057 habent,
3035 3992 3123 4060 qui
3167 3999 3386 4060 propter
3419 4004 3513 4043 or-

1948 4083 2307 4145 dinationem,
2338 4093 2433 4138 aut
2465 4085 2788 4153 legationem
2821 4083 3086 4150 aliquam,
3127 4081 3533 4135 Constanlitto-‘

1950 4174 2117 4242 polim
2146 4174 2437 4228 venerint:
2480 4173 2985 4243 praescriptionibus
3026 4172 3168 4241 longi
3230 4172 3512 4240 temporis.

1950 4279 2018 4318 ex
2053 4264 2299 4331 ipsorum
2331 4263 2603 4327 absentia,
2638 4263 2790 4316 nullo
2825 4274 2986 4313 moue
3015 4260 3297 4313 laedendis.

2019 4350 2258 4405 Clericus
2285 4360 2339 4406 et
2364 4352 2688 4415 monachus,
2712 4359 2821 4403 tam
2853 4350 2904 4402 in
2935 4364 3031 4403 sua
3063 4364 3319 4420 persona,
3346 4363 3507 4417 quam

271 4414 492 4482 αγέσθω
514 4453 529 4479 ,
570 4415 664 4467 τοῦ
700 4417 1127 4486 παραϐαίνοντος
1160 4418 1413 4472 δικαστοῦ
1432 4419 1526 4489 τῆς
1562 4420 1736 4491 ζώνης
1753 4439 1844 4489 γυ-

1954 4456 2049 4510 per
2104 4450 2510 4511 procuratores,
2567 4443 2772 4511 absque
2822 4441 3036 4511 injuriis
3092 4442 3510 4495 conveninntor.

275 4507 575 4576 μνουμένου
591 4522 606 4538 ο
628 4506 720 4560 τοῦ
744 4507 800 4559 δὲ
824 4509 1150 4562 ἐκδιδαστοῦ
1175 4512 1307 4581 πρὸς
1328 4508 1403 4581 [in
1421 4512 1529 4564 alio
1548 4529 1649 4567 ms.
1669 4512 1845 4582 παρὰ]

272 4600 382 4659 τοῖς
434 4600 743 4667 εἰρημένοις
798 4598 1223 4670 βασανιζομένου
1275 4604 1370 4656 καὶ
1420 4602 1796 4673 ὲξοριζομένου
1827 4621 1841 4634 ·

271 4688 456 4741 ἄδειαν
489 4688 704 4755 ἔχοντος
735 4690 829 4742 τοῦ
870 4692 1170 4744 ἐπισκόπου
1210 4692 1436 4761 μηνύειν
1473 4693 1685 4761 βασιλεῖ
1716 4696 1844 4763 περὶ

270 4795 480 4831 τουτου.

344 5053 616 5122 Κληρικδς
652 5052 916 5115 αἰτιαθεὶς
946 5054 1185 5124 τέσσαρα
1223 5056 1453 5125 κεράτια
1493 5057 1636 5126 λόγῳ
1676 5075 1842 5128 σπορο

268 5142 471 5193 τούλων
515 5143 815 5210 παρεχέτω.
862 5144 921 5194 Εἰ
967 5143 1022 5195 δὲ
1068 5146 1125 5197 ιν
1169 5147 1461 5214 ἐπαρχίαις
1506 5146 1644 5198 κατὰ
1691 5146 1839 5202 θείαν

275 5235 517 5288 κέ).ευσιν
567 5233 598 5302 ἦ
652 5236 1086 5304 πατριαρλικὴν,
1137 5236 1169 5305 ἢ
1226 5236 1485 5305 ἄρχοντος
1540 5239 1840 5307 ἐπιτροπὴν

270 5329 434 5396 σταλῇ
469 5326 602 5395 πρὸς
634 5326 828 5387 αὐτοὺς
861 5326 1211 5395 ἐκδιδαστὴς,
1241 5328 1494 5396 χρύσινον
1521 5335 1588 5383 α’.
1625 5330 1837 5383 Πολλῶν

267 5421 321 5474 δὲ
357 5420 495 5488 ὑπὲρ
533 5419 659 5488 μιᾶς
694 5419 868 5479 αἰτίας
905 5419 1381 5489 ὑπομνησθέντων,
1416 5420 1475 5473 ἓν
1509 5422 1838 5491 σπόρτουλον

268 5511 408 5578 ὑπὲρ
438 5512 651 5564 πάντων
679 5511 920 5567 διδόσθω.
956 5511 1282 5573 Ἐπίσκοπος
1311 5513 1365 5564 δὲ
1398 5513 1662 5576 αἰτιαθεὶς
1696 5516 1835 5585 ὑπὲρ

272 5603 405 5661 ἰδίας
442 5604 618 5665 αἰτίας
653 5603 842 5656 διδότω
878 5605 1202 5673 σπόρτουλα.
1240 5605 1521 5676 Μηδαμῶς
1555 5608 1610 5659 δὲ
1645 5610 1835 5675 ἐναγέ-

268 5697 378 5749 σθω
410 5697 548 5766 ὑπὲρ
580 5700 674 5766 τῆς
710 5696 840 5758 ἰδίας
871 5698 1195 5766 ἐκκλησίας,
1230 5699 1343 5751 ἀλλ’
1366 5701 1393 5751 ὀ
1423 5702 1702 5769 οἰκονόμος
1735 5704 1832 5755 αὖ·

1952 4531 2246 4586 Mouastria
2286 4548 2411 4587 vero
2472 4548 2541 4586 ne
2594 4534 2926 4587 abstrahitor
2962 4548 2991 4586 e
3021 4534 3377 4595 monasterio,
3413 4534 3507 4585 sed

1946 4633 2043 4687 per
2094 4631 2505 4689 procuratorem
2565 4622 2906 4684 convenitor,
2970 4621 3173 4689 judice,
3256 4622 3347 4690 qui
3406 4619 3509 4673 hoc

1946 4710 2368 4776 transgreditur,
2392 4712 2612 4780 cingulo
2640 4711 2963 4779 spoliando;
2999 4722 3317 4764 exsecutore
3352 4726 3500 4772 vero,

1945 4808 2142 4868 praeter
2195 4800 2451 4865 indicata,
2506 4802 2791 4855 tormentis
2846 4803 3009 4855 etiam
3064 4801 3402 4869 subjicienda
3452 4812 3506 4853 et

1945 4889 2234 4959 relegando
2261 4909 2274 4943 :
2306 4891 2563 4959 episcopo
2594 4891 2869 4945 licentiam
2907 4892 3157 4954 habente,
3190 4900 3247 4943 ut
3299 4896 3360 4943 tle
3406 4890 3507 4943 hac

1946 4997 2004 5035 re
2038 4982 2306 5052 signiﬁcet
2336 4987 2671 5055 imperatori.

2018 5073 2260 5129 Clericus
2334 5086 2644 5138 accusatus,
2723 5084 2960 5138 quatuor
3015 5075 3242 5143 siliquas
3300 5075 3508 5128 ratione

1945 5166 2313 5233 sportularum
2347 5166 2583 5235 prtebeto
2646 5164 2700 5218 Si
2734 5181 2860 5219 vero
2899 5168 2948 5218 itt
3003 5164 3299 5233 provinciis
3350 5163 3508 5229 jussu

1945 5252 2312 5323 imperatorio,
2370 5256 2450 5310 vel
2490 5255 2856 5325 patriarcha“,
2890 5259 2969 5308 vel
3006 5260 3274 5323 permissu
3308 5256 3508 5321 praui-

1942 5344 2027 5398 dis
2059 5358 2348 5400 exsecutor
2377 5346 2443 5400 ad
2476 5363 2569 5401 eos
2599 5349 2800 5401 missus
2860 5346 3041 5409 fuerit,
3079 5346 3308 5398 sol‘dttut
3338 5362 3502 5398 unum

1942 5446 2216 5505 [.rzcstent.
2284 5438 2436 5504 Quod
2504 5440 2548 5493 si
2607 5442 2785 5509 plures
2819 5438 2983 5491 unius
3036 5452 3218 5491 causan
3290 5438 3509 5490 nomine

1940 5530 2259 5582 commoniti
2291 5530 2510 5593 fuerint,
2548 5545 2668 5584 unte
2698 5531 2967 5583 duntaxat
2996 5530 3236 5582 omnium
3283 5527 3501 5580 nomine

1940 5621 2245 5688 praebentor
2284 5622 2560 5690 sportula.
2604 5621 2905 5691 Episcopus
2941 5629 3231 5675 accusatus
3259 5616 3365 5669 litis
3393 5630 3505 5667 sua:

1940 5726 2103 5767 causa
2139 5714 2317 5769 nullas
2351 5713 2440 5771 det
2472 5715 2766 5784 sportulas.
2809 5713 2954 5768 ldetn
2990 5713 3139 5768 nullo
3182 5708 3340 5763 modo
3373 5720 3505 5759 eon-
