3998 6466
201 357 334 424 1301

1253 368 1592 434 CONSTIT.
1642 372 1940 436 ECCLES.
1975 374 2407 438 COLLECTIO.

3287 370 3429 436 1302

268 479 534 530 Διατυποῖ
558 478 590 546 ἡ
610 477 852 543 διάταξις
887 478 941 532 τί
983 480 1092 552 χρὴ
1119 483 1388 554 πράττειν
1417 487 1510 537 τὸν
1537 484 1764 537 ἐπίσκοι

1945 486 2151 541 Statuit
2184 488 2372 542 eadem
2400 488 2739 552 constitutio,
2772 488 2903 556 quid
2931 501 3219 556 cpiscopus
3242 486 3422 540 facere

195 586 301 622 πον
341 571 474 637 περὶ
518 570 626 624 τῶν
675 571 758 634 εἰς
809 571 1051 626 διάδοσιν
1101 575 1416 646 πτωχῶν,ῆ
1457 577 1760 647 ἀνάρρυσιν

194 659 306 710 τῶν
350 660 744 729 αἰχμαλώτων,
789 661 1137 734 άπροσώπως
1193 682 1250 718 τε
1311 666 1405 719 καὶ
1460 666 1762 734 ἀνωνύμως

194 751 688 819 καταλειφθέντων.

267 839 380 901 Τὰς
404 839 510 891 τῶν
537 841 794 911 διαδόχων
824 844 916 898 καὶ
951 846 1250 899 ἀδιαθέτων
1283 847 1627 908 ἐπισκόπων,
1667 850 1761 901 καὶ

193 927 403 981 λοιπῶν
441 931 732 1000 ἱερατικῶν
802 936 1110 1004 προσώπων
1173 937 1487 1005 περιουσίας
1538 938 1596 988 αἱ
1641 937 1761 990 κατ’

194 1020 394 1084 αὐτοὺς
434 1021 715 1092 ἐκκλησίαι
752 1023 1109 1095 διαδέχονται.

268 1197 462 1252 Τίτλου
496 1201 589 1254 τοῦ
614 1202 780 1255 αὑτοῦ
805 1205 1048 1270 διάταξις
1071 1205 1136 1259 θ’.
1170 1202 1262 1258 Δεῖ
1288 1208 1412 1270 τοὺς
1445 1209 1761 1278 οἰκονόμους

192 1287 308 1342 τῶν
333 1291 642 1361 ἐκκλησιῶν
666 1293 834 1356 ἀδεῶς
877 1297 1114 1349 ἐκδικεῖν
1163 1298 1227 1350 τα
1278 1297 1632 1367 περιελθόντα
1680 1301 1759 1364 εἰς

191 1378 296 1447 τὴν
327 1379 604 1448 βασιλείαν
631 1383 741 1437 τῶν
769 1386 988 1452 εὐαγῶν
1025 1387 1192 1439 οῖκων
1229 1388 1464 1457 ἀκίνητα
1494 1392 1762 1460 πράγμα-

194 1487 290 1537 τα,
336 1471 431 1524 καὶ
482 1473 763 1542 άμεῖψιως
808 1479 1012 1545 τρόπον
1063 1477 1174 1549 [ἷσ.
1228 1479 1460 1551 τρόπῳ],
1497 1483 1592 1536 ἐὰν
1625 1483 1763 1552 πρὸς

195 1554 389 1628 ἕτερον
420 1560 719 1626 μετέλθωσι
754 1565 1066 1632 πρόσωπον.
1101 1569 1415 1636 Σημείωσαι
1466 1570 1523 1622 δὲ
1577 1571 1661 1624 ὅτι
1702 1571 1764 1623 τδ

197 1651 442 1755 ἐναντίον
470 1655 632 1722 φησιν
656 1658 688 1725 ἠ
717 1658 964 1724 διάταξις
990 1660 1084 1714 τοῦ
1106 1663 1286 1716 τετλου
1319 1667 1763 1737 μεταγενεστέρα

193 1753 357 1794 ουσα.

1865 577 2058 631 debeat
2091 578 2158 633 de
2189 579 2278 642 iis,
2305 594 2424 649 qua:
2455 581 2781 650 pauperibus
2806 577 3202 643 distribuenda,
3233 577 3318 632 vel
3350 577 3418 630 ad

1865 669 2293 738 redemptionem
2328 672 2688 740 captivorum,
2717 672 2923 739 absque
2953 683 3308 738 personarum
3353 682 3417 722 ac

1865 762 2145 814 nominum
2177 763 2528 832 expressione
2555 763 2739 818 relicta
2779 769 2931 816 sunt.

1933 853 1992 906 ln
2036 854 2457 922 episcoporum,
2506 863 2560 908 et
2603 855 2939 923 reliquarum
2990 850 3416 909 sacerdotalium

1864 959 2255 1011 personarum,
2312 943 2430 1000 sine
2480 944 2890 1000 successoribus
2935 951 2990 998 et
3043 943 3163 998 sine
3224 939 3427 995 tabulis

1862 1034 2238 1092 decedentium
2285 1037 2656 1101 facultatibus,
2717 1036 2958 1105 ipsorum
3012 1032 3260 1090 ecclesia:
3312 1031 3422 1086 sint

1865 1128 2135 1183 haeredes.

1937 1219 2189 1287 Ejusdem
2223 1219 2364 1274 tituli
2395 1219 2718 1274 constitutio
2746 1218 2802 1273 9.
2841 1216 3070 1284 Oportet
3107 1230 3426 1270 meonomos

1863 1312 2218 1366 ecclesiarum
2246 1311 2466 1380 impune
2496 1311 2776 1366 vindicare
2802 1325 2888 1366 res
2918 1310 3225 1365 immobiles
3258 1323 3425 1363 vene-

1863 1404 2114 1456 rahilium
2147 1402 2452 1468 domorum,
2489 1417 2611 1473 qua:
2636 1403 2702 1457 ad
2727 1402 3135 1472 imperatoriam
3170 1401 3428 1474 majesta—

1865 1503 1970 1548 tem
2004 1495 2159 1548 titulo
2188 1494 2603 1563 permutationis
2635 1501 3020 1563 pervenerunt,
3061 1493 3106 1548 si
3168 1492 3232 1545 ad
3265 1492 3428 1544 aliam

1865 1600 2155 1653 personam
2184 1587 2468 1640 translatae
2508 1585 2732 1640 fuerint.
2767 1584 2995 1639 Netabis
3030 1591 3236 1646 autem,
3281 1579 3426 1651 quod

1865 1677 2200 1729 contrariqu
2231 1676 2380 1730 dicat
2400 1675 2716 1732 constitutio
2749 1675 2840 1740 54,
2869 1683 3112 1744 tempore
3142 1673 3410 1745 posterior

265 1831 457 1886 Τιτλου
502 1833 543 1887 δ’
592 1838 832 1902 διάταξις
886 1849 934 1894 α’
991 1845 1136 1898 ἐστὶν
1200 1847 1258 1900 ἐν
1307 1847 1385 1917 τῷ
1436 1848 1585 1920 ρητῷ
1629 1849 1760 1920 ριη’.

1941 1849 2056 1906 'l‘it.
2104 1850 2158 1916 1,
2201 1849 2527 1905 constitutio
2573 1850 2643 1913 l,
2702 1863 2823 1919 qua:
2874 1847 2929 1901 in
2978 1855 3124 1900 textu
3171 1854 3251 1900 est
3310 1843 3411 1898 ll8

194 1921 320 1989 Χρὴ
352 1926 476 1986 τοὺς
505 1926 835 1991 ἐπισκόπους
857 1930 974 1999 ἅμα
1007 1937 1118 1994 τοῖς
1147 1936 1408 2006 κτήτορσι
1428 1939 1522 2001 τὰς
1548 1939 1764 2003 ἀδικίας

193 2011 306 2063 τῶν
325 2014 603 2083 ἀρχόντων
638 2017 714 2087 τῷ
745 2019 954 2087 βασιλεῖ
985 2029 1447 2094 προσαναφέρειν.

268 2102 390 2172 Χρὴ
432 2105 558 2167 τοὺς
599 2108 937 2172 ἐπισκόπους
990 2113 1089 2174 τὰς
1147 2120 1442 2182 κανονικὰς
1496 2119 1760 2190 ζητήσεις

194 2193 316 2262 ἃμα
344 2196 456 2257 τοῖς
477 2195 702 2266 ἄρχουσι
727 2200 836 2252 τῶν
865 2202 1151 2272 ἐπαρχιῶν
1176 2206 1472 2269 ἐξετάζειν.

279 2282 579 2352 Ἀνάγνωθι
618 2289 719 2356 τὴν
771 2291 812 2342 δ’
841 2291 1087 2359 διάταξιν
1131 2295 1223 2349 τοῦ
1269 2299 1535 2368 παρόντος
1557 2302 1760 2356 τίτλου.

198 2374 413 2427 κωλύει
461 2377 569 2447 γὰρ
614 2378 707 2432 τὸν
759 2382 996 2451 ἄρχοντα
1043 2386 1121 2448 εις
1157 2390 1451 2460 κανονιγὴν
1497 2393 1765 2462 ἀκρόασιν

196 2467 567 2536 παραϐάλλειν
605 2473 822 2526 ἑαυτόν.
859 2475 1014 2528 Ἔστι
1041 2477 1100 2530 δὲ
1132 2481 1189 2531 ἐν
1227 2481 1304 2550 τῷ
1334 2484 1484 2551 ρητῷ
1513 2485 1622 2554 πβ’.

269 2557 525 2623 Διάταξις
558 2560 640 2630 κβ⁹
673 2563 818 2616 ἐστὶν
871 2569 927 2616 ἐν
961 2567 1036 2636 τῷ
1078 2570 1227 2639 ρητῷ
1278 2580 1372 2640 ρν’.
1408 2575 1480 2626 Οὐ
1523 2577 1629 2645 χρὴ
1671 2578 1763 2629 τ³ιν

198 2650 498 2705 ἐπίσκοπον
546 2658 850 2726 συγχωρεῖν
892 2657 1228 2733 βιοκωλυτὴν
1272 2664 1303 2732 ἢ
1359 2666 1765 2738 λῃστοδιώκτην

197 2743 562 2809 χρηματίζειν
594 2747 651 2799 ἐν
679 2749 848 2816 τόπῳ.

277 2833 397 2887 Ὅτι
424 2836 483 2887 οὐ
511 2835 594 2889 δεῖ
615 2838 706 2890 τὸν
726 2840 1025 2896 ἐπίσκοπον
1062 2848 1364 2915 συγχωρεῖν
1390 2850 1502 2911 τοῖς
1533 2850 1764 2920 ἄρχουσι

199 2926 314 2988 τοῖς
363 2926 660 2990 πολιτικοῖς
717 2931 748 2997 ἦ
806 2939 1305 3008 στρατιωτικοῖς,ἢ
1367 2942 1489 3002 ταῖς
1548 2943 1766 3006 τάξεσιν

199 3015 382 3068 αὐτῶν
443 3018 672 3073 κωλύειν
727 3020 990 3092 διαθήκας
1040 3029 1313 3093 γενέσθαι,
1376 3031 1407 3100 ἢ
1463 3033 1765 3099 ἐμφανείας

197 3108 405 3170 αὐτῶν,
459 3109 489 3178 ἢ
550 3112 846 3182 γάμους,ἣ
897 3117 1144 3186 γαμικὰς
1189 3121 1480 3191 δωρεὰς,ῆ
1527 3125 1647 3184 τοὺς
1679 3141 1766 3175 τε-

199 3199 565 3270 λευτήσαντας
603 3209 780 3276 ταφῆς
813 3207 1134 3276 ἀξιωθῆναι,
1170 3213 1200 3280 ἧ
1239 3213 1418 3264 ἐλθεῖν
1455 3213 1485 3282 ἢ
1518 3213 1629 3285 [ἵσ.
1656 3214 1761 3286 εἰς]

197 3291 387 3361 ἕτερόν
420 3310 470 3346 τι
500 3298 612 3360 τοῖς
640 3297 827 3368 νόμοις
855 3301 957 3353 οὐκ
982 3301 1494 3373 ἀπαγορευόμενον.

274 3476 397 3530 Ὅτι
449 3477 510 3531 οὐ
559 3480 642 3533 δεῖ
687 3483 1020 3554 μονάστριαν
1068 3487 1174 3539 τῶν
1236 3488 1381 3541 ἰδίων
1428 3488 1764 3557 ἀφέλκεσθαι

198 3567 398 3623 τόπων,

271 3658 710 3728 Παρακελεύεται
744 3667 777 3737 ἡ
806 3668 1053 3734 διάταξις
1093 3671 1192 3734 τὰς
1220 3656 1631 3744 ’μοιχευθεῖσας
1667 3691 1767 3741 γυ-

199 3751 393 3813 ναῖκας
448 3757 922 3825 σωφρονιζομένας
987 3763 1067 3822 εὶς
1127 3763 1499 3832 μοναστήριον
1559 3763 1768 3833 ἐμϐάλ-

199 3841 767 3903 λεσθαι,διατυποῦσσ.
817 3851 887 3901 τὰ
935 3851 1069 3920 περὶ
1107 3853 1204 3919 τῆς
1260 3855 1618 3918 ὑποστάσεως
1671 3857 1769 3909 αὺ-

196 3929 330 3994 τῶν,
371 3932 484 3984 εἴτε
519 3935 712 3998 παῖίας
744 3937 850 3990 εἴτε
881 3942 1059 4004 γονεῖς
1096 3939 1288 4009 ἔχοιεν,
1325 3945 1433 3996 εἴτε
1470 3944 1564 3994 καὶ
1599 3945 1694 4013 μή.

272 4111 466 4165 Τίτλου
499 4113 592 4166 τοῦ
648 4115 812 4169 αὐτοῦ
843 4115 980 4171 διάτ.
1018 4119 1097 4171 κδ’
1127 4122 1274 4172 ἐστὶν
1313 4123 1369 4173 ἐν
1407 4121 1485 4190 τῷ
1517 4123 1663 4192 ῥητῷ
1687 4123 1766 4179 ιε’.

200 4199 358 4254 Κατὰ
397 4202 655 4272 ψήφισμα
701 4204 792 4258 τοῦ
835 4208 1133 4262 ἐπισκόπου
1189 4211 1281 4262 καὶ
1330 4211 1438 4262 τῶν
1482 4213 1765 4281 κιτητὸρων

203 4295 585 4362 προκειμένων
613 4297 721 4348 τῶν
753 4298 925 4364 ἁγίων
957 4301 1308 4368 Εὑαγγελίων
1336 4303 1380 4354 οξ
1419 4302 1625 4356 ἔκδικοι
1659 4302 1768 4356 τῶν

201 4382 410 4436 πόλεων
441 4387 988 4456 προχειριςέσθωσαν.

1870 1949 2095 2019 Oportet
2173 1946 2461 2014 episcopos
2524 1959 2628 1998 una
2685 1958 2808 1996 cum
2890 1939 3299 2009 possessoribus
3345 1937 3427 1990 in-

1868 2037 2108 2108 jusiitias
2143 2034 2438 2105 praesidum
2475 2035 2541 2088 ad
2577 2035 2966 2102 imperatorem
2999 2029 3228 2086 referre.

1941 2125 2163 2193 Oportet
2184 2124 2472 2192 episcopos
2498 2123 2827 2192 quaestiones
2849 2119 3141 2176 canonicas
3172 2133 3277 2172 una
3307 2132 3434 2172 eum

1872 2217 2273 2286 provinciarum
2306 2214 2630 2284 praesidibus
2658 2213 2995 2277 examinare,

1943 2306 2129 2375 Legito
2158 2306 2604 2361 constitutionem
2648 2305 2680 2358 4
2731 2304 3018 2373 praesentis
3071 2301 3235 2357 tituli.
3290 2299 3432 2355 Pro-

1875 2396 2020 2451 hibet
2067 2396 2211 2453 enim
2263 2410 2329 2449 ne
2387 2409 2587 2464 praeses
2619 2393 2909 2448 audientiae
2946 2393 3228 2448 canonica:
3265 2400 3436 2446 semet

1875 2487 2102 2556 ingerat.
2137 2487 2200 2539 Et
2233 2498 2311 2541 est
2339 2487 2394 2540 in
2427 2495 2575 2540 textu
2611 2485 2926 2542 constitutio
2953 2484 3046 2539 82.

1942 2575 2273 2628 Constitutio
2317 2574 2389 2628 22
2418 2575 2580 2629 estin
2617 2581 2764 2629 textu
2808 2574 2926 2630 150.
2953 2573 3280 2643 Episcopum
3309 2588 3435 2642 per-

1872 2667 2086 2718 mittere
2120 2680 2227 2719 nou
2257 2674 2470 2732 oportet
2505 2673 2564 2717 ut
2589 2664 2792 2733 aliquis
2817 2665 2872 2718 in
2905 2663 3014 2719 ullo
3044 2665 3114 2719 sit
3161 2664 3281 2718 loco
3314 2663 3433 2718 vio-

1873 2757 2050 2812 lentiae
2081 2756 2374 2818 cohibitor,
2408 2767 2501 2811 aut
2534 2757 2807 2810 latronum
2850 2765 3188 2826 persecutor.

1947 2845 2099 2907 ltem,
2141 2859 2252 2897 non
2273 2843 2432 2897 debet
2471 2844 2760 2914 episcopus
2787 2843 3123 2910 'permittere
3181 2841 3432 2907 praesidi-

1875 2937 1974 2991 bus
2014 2936 2287 3001 civilibus,
2327 2945 2420 2990 aut
2457 2935 2811 2995 militaribus,
2849 2941 2942 2988 aut
2986 2949 3173 2988 eorum
3215 2932 3434 2997 oﬂiciis,

1875 3036 1931 3080 ut
1979 3027 2301 3095 prohibeant
2357 3027 2473 3081 fieri
2512 3033 2862 3088 testamenta,
2911 3025 2992 3079 vel
3045 3041 3108 3080 ea
3145 3025 3433 3093 publicari,

1876 3118 1955 3171 vel
1989 3117 2205 3185 nuptias
2245 3117 2519 3182 contrahi,
2550 3117 2634 3171 vel
2663 3117 3026 3171 instrumenta
3079 3115 3432 3170 donationum

1876 3210 2193 3278 uuptialium
2233 3209 2450 3274 eontici,
2492 3209 2574 3264 vel
2603 3208 2893 3263 defunctos
2943 3208 3238 3278 sepultura:
3285 3223 3437 3261 mau-

1873 3303 2015 3364 dari,
2049 3301 2130 3354 vel
2163 3301 2228 3355 ad
2263 3300 2409 3354 aliud
2444 3301 2723 3371 quidpiam
2757 3299 3003 3371 procedi,
3043 3301 3188 3369 quod
3227 3299 3433 3367 legibus

1873 3409 1976 3446 non
2014 3393 2085 3447 sit
2120 3393 2486 3446 interdictum.

1943 3481 2093 3548 Item,
2129 3497 2236 3535 non
2267 3481 2467 3537 debere
2497 3480 2850 3537 mouastriam
2878 3482 2992 3537 suis
3033 3496 3098 3535 ex
3135 3481 3267 3537 locis
3309 3483 3432 3536 alis-

1873 3575 2038 3628 bsalti.

1941 3665 2101 3721 lubet
2123 3666 2308 3721 eadem
2344 3665 2702 3731 constitutio,
2740 3665 2947 3720 debere
2980 3665 3238 3719 mulieres
3270 3666 3395 3719 adul
3423 3696 3431 3702 -

1873 3767 2040 3822 teras,
2075 3773 2194 3826 quae
2225 3757 2553 3828 castigandae
2588 3765 2741 3822 sunt,
2790 3758 2847 3812 in
2877 3756 3268 3811 monasterium
3321 3759 3422 3810 iiii-

1873 3849 2012 3901 mitri
2061 3867 2075 3900 :
2118 3851 2393 3912 sanciens,
2424 3848 2551 3918 quid
2587 3849 2656 3903 de
2684 3847 2924 3918 ipsarum
2959 3847 3262 3901 substantia
3313 3847 3426 3900 ﬁeri

1871 3938 2086 4000 debeat,
2142 3939 2254 3993 sive
2300 3938 2501 3992 liberos
2542 3946 2636 3992 aut
2686 3945 2939 4007 parentes
2992 3935 3258 3999 habeant,
3313 3937 3431 3990 sive

1874 4046 1977 4085 non
2020 4031 2273 4086 habeant.

1942 4121 2051 4176 Tit.
2081 4122 2324 4190 ejusdem
2351 4122 2672 4177 constitutio
2692 4121 2783 4186 24,
2808 4135 2931 4191 quia:
2959 4131 3042 4177 est
3069 4123 3122 4175 in
3156 4130 3306 4176 textu
3343 4122 3424 4175 l5.

1872 4214 1974 4267 Per
1999 4215 2278 4269 decretum
2305 4214 2545 4282 episcopi
2592 4221 2647 4267 et
2683 4228 3090 4282 possessorum,
3133 4214 3429 4283 propositis

1871 4307 2075 4361 sanctis
2140 4305 2478 4375 Evangeliis,
2541 4307 2855 4362 defensores
2901 4307 3178 4360 civitatum
3227 4308 3434 4359 consti-

1872 4404 2112 4450 ιυιιηιον.

270 4473 465 4541 Τιτλου
500 4481 530 4527 ι’
559 4477 801 4543 διάταξις
843 4479 887 4548 β’
937 4481 1085 4536 ἐστὶν
1128 4484 1188 4537 ἐν
1241 4484 1317 4554 τῷ
1369 4485 1516 4555 ρητῷ
1563 4484 1666 4554 κβ¹.
1707 4485 1764 4537 Ὀ

1939 4488 2042 4541 Τίι.
2080 4488 2168 4552 10,
2197 4488 2517 4542 constitutio
2543 4487 2598 4552 2,
2628 4501 2750 4556 quae
2796 4497 2879 4540 est
2932 4487 2985 4540 in
3027 4494 3176 4540 textu
3209 4486 3298 4542 92.
3329 4487 3432 4550 Qui

206 4561 271 4614 δι’
317 4564 550 4632 ἄσκησιν
575 4567 718 4622 λύων
757 4571 847 4622 τον
882 4572 1015 4627 ἴδιον
1042 4575 1222 4645 γάμον
1255 4576 1333 4646 τῷ
1360 4576 1468 4629 άπὸ
1503 4576 1766 4644 τελευτῆς

202 4652 231 4703 ὖ
246 4652 370 4704 πόκε
381 4669 484 4706 ιται
509 4656 680 4726 κάσῳ.

271 4744 462 4797 Τιτλου
521 4745 585 4815 ιβ’
604 4747 760 4803 ιδιάτ.
798 4755 845 4818 β’
879 4752 1028 4805 ἐστὶν
1070 4755 1130 4806 ἐν
1179 4756 1255 4822 τῷ
1292 4754 1442 4824 ῥητῷ
1504 4763 1616 4825 μη’.
1647 4758 1768 4810 ’Ότι

200 4835 308 4902 χρὴ
361 4833 457 4888 τὸν
502 4838 800 4894 ἐπίσκοπον
872 4847 1124 4912 προνοεῖν
1186 4845 1278 4898 τοῦ
1327 4847 1403 4917 μὴ
1458 4846 1766 4901 κωλύεσθαι

197 4926 297 4986 τὰς
363 4929 630 4995 σκηνικᾶς
691 4931 1024 5002 βουλομένας
1080 4937 1179 5006 τῆς
1239 4937 1444 5007 σκηνῆς
1498 4936 1767 4991 άταλλὰτ-

197 5015 384 5068 τεσθαι
423 5017 929 5095 [ἀπαλλάττεσθαι].

269 5103 460 5156 Τίτλου
525 5113 591 5175 ιη’
623 5108 863 5177 διάταξις
909 5119 956 5180 η’
999 5116 1179 5167 κεῖται
1223 5117 1282 5170 ἐν
1333 5116 1410 5186 τῷ
1467 5118 1615 5188 ρητῷ
1661 5118 1766 5172 να’.

202 5191 326 5245 Ὀτι
355 5194 460 5264 χρὴ
491 5198 617 5259 τοὺς
663 5200 996 5267 ἐπισκόπους
1045 5206 1505 5274 παραφυλάττειν
1536 5209 1602 5262 τὰ
1640 5209 1766 5276 περὶ

199 5284 308 5338 τῶν
339 5287 817 5358 εὐνουχιςομένων.

1867 4589 2088 4649 propter
2131 4579 2579 4634 exercitationem
2649 4578 2950 4631 solitariam
3013 4578 3427 4631 matrimonium

1866 4687 2023 4726 suum
2056 4672 2237 4736 solvit,
2267 4688 2332 4725 ex
2377 4671 2566 4725 mortis
2607 4683 2740 4725 casu
2768 4677 3009 4726 tenetur.

1939 4761 2048 4816 Tit.
2081 4761 2169 4825 12,
2220 4761 2440 4814 constit.
2488 4760 2543 4822 2,
2589 4777 2710 4831 qua:
2746 4761 2799 4816 in
2833 4770 2980 4816 textu
3015 4768 3099 4816 est
3133 4761 3219 4816 48.
3268 4760 3422 4826 Quod

1869 4854 2157 4924 cpiscopus
2186 4866 2379 4906 curare
2408 4852 2622 4916 debeat,
2658 4867 2725 4906 ne
2751 4851 3146 4920 prohibeantur
3196 4851 3427 4904 scenicae

1872 4942 2139 5005 mulieres,
2183 4941 2448 5010 siquidem
2480 4945 2551 4996 ita
2579 4942 2767 5006 velint,
2801 4957 2830 4996 a
2858 4955 3022 4997 scena
3048 4941 3354 4996 discedere.

1941 5033 2049 5086 'l‘it.
2090 5031 2174 5096 18,
2199 5031 2519 5086 constitutio
2544 5033 2596 5097 8,
2621 5046 2740 5101 quae
2767 5031 2818 5083 in
2847 5039 2998 5085 textu
3024 5031 3202 5100 posita
3227 5041 3309 5086 est
3335 5030 3423 5084 51.

1869 5123 2022 5190 Quod
2071 5121 2363 5177 observare
2411 5122 2642 5177 debeant
2679 5121 2920 5193 episcopi
2975 5123 3189 5178 sancit:
3253 5122 3318 5176 de
3363 5121 3429 5175 iis

1869 5214 1960 5284 qui
1994 5221 2321 5270 castrantur.
