3998 6468
504 365 630 428 Ιξςοτ

1688 369 1962 428 ἸἮΕΟΒ.
2003 365 2228 424 BALSA
2240 365 2472 426 MONiS

3603 349 3744 414 1303

495 478 692 530 damno
738 477 1027 546 relinquat.
1081 494 1187 532 non
1231 481 1459 536 redditis
1493 479 1580 540 iis.
1613 495 1731 548 quae
1767 480 1886 549 (ceu
1914 494 2046 532 cou-

2175 474 2228 544 ιὴ
2258 477 2535 536 ἀναδιδοὺς
2573 473 2637 527 τὰ
2669 475 2741 536 ὡς
2774 473 2918 535 εἰκὸς
2961 470 3101 538 ὑπὶρ
3134 484 3326 522 τουτου
3358 463 3514 532 αὑτῷ
3543 477 3733 528 παρα-

498 566 811 622 sentaneum
844 569 947 639 est)
976 585 1072 638 pro
1098 586 1165 624 eo
1194 580 1322 625 sunt
1353 573 1449 638 ipsi
1482 572 1627 625 data.
1665 570 1798 624 Nam
1833 571 1923 640 qui
1954 573 2051 623 de-

497 659 647 722 dere,
681 669 1048 729 competentes
1073 661 1313 716 actiones
1339 671 1554 717 movent
1590 664 1857 716 adversus
1881 675 2048 714 cura-

500 761 644 801 tores
674 756 726 802 et
750 749 1245 810 administratores.
1283 753 1375 822 qui
1432 768 1555 806 eum
1591 753 1723 822 ipsis
1755 760 2048 806 contraxe-

500 848 644 892 runt.

568 929 684 984 Non
714 931 878 985 modo
917 933 1289 1002 pontiﬁcibus,
1312 950 1498 988 verum
1528 934 1691 988 etiam
1717 933 1971 988 civilibus
2000 941 2054 988 et

502 1020 833 1075 militaribus
866 1024 1269 1090 magistratibus
1309 1025 1716 1079 constitutionis
1752 1025 1911 1090 hujus
1950 1026 2053 1078 ob-

504 1112 738 1165 servatio
779 1115 1069 1168 commissa
1119 1124 1220 1178 est,
1258 1116 1502 1181 quolibet
1549 1117 1781 1171 habente
1817 1125 2059 1185 potesta-

503 1211 608 1254 tem
633 1203 922 1260 violatores
949 1205 1064 1273 ejus
1091 1207 1406 1261 accusandi.

575 1290 708 1345 Nota
752 1295 1012 1362 regulam,
1045 1295 1191 1362 quod
1234 1310 1320 1360 ea,
1376 1312 1495 1363 quae
1543 1298 1596 1349 in
1645 1308 1956 1360 commune,
2005 1307 2058 1350 et

506 1382 778 1450 religiose.
825 1394 881 1436 et
933 1384 999 1436 ad
1047 1386 1291 1437 omniunt
1336 1387 1618 1441 utilitatem
1657 1398 1785 1442 sunt
1816 1391 2058 1455 promul-

506 1479 658 1539 gata,
720 1473 900 1540 potius
948 1475 1124 1527 valere
1170 1475 1434 1542 debeant,
1477 1491 1638 1546 quam
1699 1494 1820 1546 qua!
1874 1480 2059 1533 studio

507 1562 867 1625 quorumdam
926 1562 992 1615 ad
1065 1563 1402 1630 publicarum
1456 1565 1631 1634 legum
1692 1567 2057 1636 corruptelam

510 1647 646 1702 facta
676 1660 836 1714 sunt;
875 1666 937 1705 ac
971 1661 1248 1719 praeterea,
1281 1654 1425 1723 quod
1459 1656 1571 1722 ipsa
1612 1657 1928 1711 consti:utio
1963 1672 2057 1710 eu-

2155 567 2433 636 σχεθέντα.
2469 565 2693 620 Κινοῦσι
2721 564 2829 634 γὰρ
2861 564 2911 616 ot
2938 561 3228 622 δεδωκότες
3253 558 3350 618 τὰς
3383 553 3736 624 προσφόρθυς

2153 661 2375 727 ἀγωγὰς
2432 659 2571 712 κατὰ
2619 658 2724 710 τῶν
2782 652 3230 717 συναλλαξάντων
3276 645 3603 719 προνοητῶν
3639 643 3738 696 καὶ

2152 752 2456 820 διοικητῶν.

2227 933 2302 986 Οὐ
2340 933 2497 1000 μόνον
2528 932 2639 990 τοῖς
2671 925 2923 995 ἱερεῦσιν,
2959 923 3094 977 ἀλλὰ
3141 921 3236 974 καὶ
3273 919 3386 972 τοῖς
3429 916 3737 975 πολιτικοῖς

2157 1025 2250 1079 καὶ
2285 1019 2696 1092 στρατιωτικοῖς
2737 1019 2996 1086 ἄρχουσιν
3028 1014 3063 1083 ή
3095 1008 3471 1081 παραφυλακη
3511 1006 3732 1058 δέδοται

2157 1113 2251 1180 τῆς
2285 1111 2599 1176 διατάξεως,
2627 1106 2824 1166 παντός
2853 1101 3156 1171 δυναμένου
3202 1097 3311 1152 τῶν
3355 1093 3738 1165 παραϐαινόν-

2158 1221 2267 1256 των
2296 1202 2464 1270 αὐτὴν
2495 1199 2846 1268 κατηγορεῖν.

2229 1293 2542 1360 Σημεέωσαι
2589 1289 2810 1351 κανόνα,
2843 1287 2926 1339 δτι
2955 1283 3024 1337 τὰ
3057 1283 3209 1349 κοινῇ
3255 1279 3352 1332 καὶ
3398 1276 3601 1345 εὐαγῆ,
3641 1276 3742 1328 καὶ

2159 1384 2250 1435 ἐπὶ
2266 1382 2362 1448 τῆς
2384 1381 2599 1434 πάντων
2619 1377 2878 1448 ὠφελείας
2911 1371 3340 1444 νομοθετηθέντα
3359 1368 3563 1437 μᾶλλον
3592 1384 3740 1436 κρα-

2160 1472 2272 1523 τεῖν
2305 1473 2409 1541 χρή
2435 1486 2448 1500 ·
2484 1472 2532 1520 εί
2566 1472 2674 1537 γὰρ
2704 1467 2775 1520 τὰ
2821 1466 2961 1519 κατὰ
3004 1479 3169 1517 τινων
3224 1459 3464 1527 σπουδὴν
3493 1456 3586 1507 ἐπὶ
3622 1472 3736 1506 πα-

2166 1561 2412 1630 ραφθορᾷ
2464 1559 2570 1612 τῶν
2612 1558 2807 1611 κοινῶν
2854 1555 3117 1623 γενόμενα
3159 1551 3362 1619 νόμων,
3399 1549 3492 1600 καὶ
3536 1547 3622 1598 ὅτι
3670 1544 3742 1596 τὶ

2166 1651 2348 1714 ιδικῶς
2388 1650 2730 1720 προκείμενα
2763 1648 2900 1715 αὐτῇ
2948 1645 3007 1696 οὐ
3051 1639 3490 1712 περιεργάζηται
3541 1637 3574 1706 ή
3623 1636 3743 1689 διά-

511 1739 652 1793 t‘iuse
692 1755 796 1791 non
841 1740 1079 1809 inquirat
1116 1743 1166 1796 iu
1195 1757 1279 1808 ea,
1313 1760 1434 1811 quze
1481 1745 1783 1812 specialiter
1837 1747 1885 1799 ei
1935 1761 2058 1815 pro-

2175 1745 2338 1808 ταξις,
2373 1742 2492 1796 οὐδὲ
2522 1740 2663 1794 κατά
2690 1756 2808 1790 τινα
2832 1735 3063 1799 καινίζει
3091 1734 3314 1801 τρόπον.

515 1830 687 1896 posita
729 1845 833 1883 uou
862 1841 1028 1897 sunt;
1057 1835 1273 1899 etquod
1325 1836 1413 1887 illa
1447 1835 1594 1888 nullo
1633 1837 1790 1889 modo
1817 1837 2056 1891 innovet.

584 1919 679 1973 Dat
731 1937 781 1974 a.
808 1921 862 1974 tl.
897 1939 1001 1976 xvtt
1027 1925 1291 1979 Ktlenlas
1330 1925 1519 1990 Maias,
1555 1939 1673 1994 post
1708 1927 2060 1981 consulatum

518 2010 760 2065 Belisarii
791 2027 932 2065 anno
959 2017 1218 2068 secundo.

729 2103 792 2154 ll.
840 2103 911 2156 De
942 2105 1155 2158 diversis
1188 2108 1431 2173 capitulis
1463 2110 1848 2165 ecclesiasticis.

517 2192 659 2245 Idem
689 2193 814 2260 imp.
849 2193 999 2246 Petro
1031 2193 1093 2247 P.
1141 2195 1204 2248 Ρ.
1233 2194 1363 2250 Cum
1387 2197 1558 2264 plures
1586 2211 1635 2252 et
1659 2201 1874 2255 diversa!
1907 2203 2062 2271 leges.

1139 2294 1189 2336 et
1226 2297 1434 2338 cwtera.

595 2370 762 2425 Nemo
805 2373 1050 2427 ecclesia:
1104 2374 1753 2444 ConstantinOpolitanre.
1809 2385 1887 2434 vel
1956 2392 2063 2436 tam

519 2461 1013 2530 Constantinopoli,
1044 2478 1204 2530 quam
1254 2465 1306 2517 in
1357 2466 1476 2532 ejus
1520 2468 1790 2523 territorio
1839 2471 2064 2525 sitarum

524 2550 907 2609 venerabilium
953 2551 1275 2612 domorum,
1333 2556 1411 2607 vel
1470 2571 1739 2610 xcnonnm
1791 2558 2067 2629 (exceptis

524 2647 920 2702 venerabillbus
952 2645 1333 2716 monasteriis)
1386 2665 1492 2704 rem
1560 2651 1927 2719 immobilem,
1979 2663 2069 2710 aut

509 2738 731 2789 ‘civilom
773 2751 1066 2800 annonam,
1109 2748 1204 2790 aut
1259 2739 1522 2792 rusticum
1581 2745 1910 2810 mancipium
1957 2745 2068 2796 dis-

524 2826 721 2886 trahat,
757 2833 851 2877 aut
889 2825 1075 2889 donet,
1141 2835 1234 2880 aut
1284 2832 1809 2898 quoeunque.modo
1849 2834 2066 2898 alicnet,

525 2916 636 2968 Sola
688 2917 1081 2983 permutatione
1140 2917 1204 2970 ad
1258 2917 1476 2972 domum
1544 2924 1883 2989 augustalem
1945 2938 2067 2990 pcr-

526 3006 711 3069 missa,
749 2991 1034 3074 proliibitis
1068 3007 1154 3072 iis,
1186 3025 1304 3076 quae
1329 3009 1446 3075 jura
1477 3011 1747 3065 colonaria
1786 3022 2066 3071 vocantur.

599 3097 970 3166 Empbyteusis
1022 3099 1088 3152 ab
1131 3101 1316 3154 eadem
1363 3103 1705 3156 sanctissima
1737 3106 1987 3167 ecclesia,
2016 3116 2067 3157 et
2099 3113 2140 3172 ε

525 3184 787 3252 Subjectis
837 3188 885 3240 ei
941 3191 1338 3244 venerabilibus
1395 3193 1648 3246 domibus
1690 3192 1953 3246 duntaxat
2016 3195 2070 3246 in

528 3291 812 3343 personam
859 3280 1195 3346 accipientis,
1228 3289 1282 3332 et
1327 3282 1462 3336 alios
1491 3283 1747 3348 deinceps
1783 3283 1921 3336 duos
1953 3283 2073 3351 ejus

528 3384 876 3423 succchores
922 3369 1033 3434 ﬁat,
1066 3380 1218 3424 sexta
1253 3372 1479 3426 canonis
1531 3373 1879 3430 subsistentis
1924 3385 2077 3444 parte

527 3457 836 3511 relevanda.

598 3548 654 3602 Si
688 3564 816 3604 vero
845 3550 1216 3605 suburbanum
1269 3559 1369 3611 est,
1407 3552 1552 3618 quod
1605 3551 1656 3605 in
1703 3556 2074 3624 emphyteusin

528 3637 707 3699 datur,
750 3646 802 3689 et
860 3637 1087 3689 reditum
1143 3637 1324 3697 habet,
1368 3638 1466 3688 sub
1518 3641 1864 3703 praestatione
1917 3642 2069 3695 solidi

528 3728 773 3791 canonis,
822 3737 912 3779 aut
961 3729 1119 3781 etiam
1157 3742 1277 3779 cum
1320 3728 1636 3782 accessione
1693 3730 1918 3785 locator.
1981 3734 2074 3787 Sin

530 3817 733 3871 reditus
784 3818 961 3871 nullus
1011 3829 1111 3880 est,
1160 3817 1472 3871 earumdem
1531 3822 1918 3875 venerabilium
1981 3825 2079 3877 do-

532 3922 741 3958 morum
781 3907 1250 3961 administratores
1297 3909 1397 3962 sub
1454 3918 1600 3963 certa
1645 3914 1970 3980 quantitate,
2028 3918 2072 3969 si

531 3999 712 4058 velint,
753 3999 1074 4050 concedant.

599 4089 729 4141 Cum
764 4089 838 4149 id,
874 4090 1014 4157 quod
1068 4091 1118 4142 in
1191 4093 1562 4162 cmpltyteusiu
1603 4087 1783 4158 datur,
1825 4114 1919 4166 per
1960 4115 2075 4150 mo-

529 4179 654 4230 dum
701 4179 930 4245 aliquem
984 4179 1046 4231 ad
1113 4197 1398 4248 personam
1459 4187 1827 4254 imperatoris.
1887 4190 1966 4242 vel
2006 4191 2073 4244 ad

531 4268 762 4335 aliquam
792 4270 1086 4336 civitatem,
1140 4274 1221 4326 vel
1275 4278 1339 4326 ad
1373 4277 1582 4337 iiscum,
1620 4281 1699 4331 vel
1728 4281 1792 4331 ad
1834 4281 2067 4343 curiam,

533 4360 609 4411 vel
649 4360 712 4430 ad
755 4360 911 4412 aliam
949 4361 1164 4414 domum
1210 4364 1514 4434 religiosam
1548 4371 1819 4434 pervenit,
1869 4373 2070 4424 licitum

531 4450 597 4503 iis
625 4459 762 4514 esto,
798 4451 887 4518 qui
919 4464 1305 4507 concesserunt
1342 4457 1390 4508 in
1440 4460 1845 4527 emphyteusin,
1882 4462 1956 4513 uti
1993 4462 2071 4515 vel

533 4543 664 4609 ipsis
715 4560 828 4596 rem
887 4545 1226 4612 relinquant,
1283 4549 1361 4602 vel
1429 4551 1806 4618 emphytcusin
1865 4555 2075 4607 rescin-

533 4633 681 4683 dant.

600 4721 886 4784 Semiruia,
944 4738 1062 4789 qute
1113 4725 1370 4795 religiosa:
1416 4730 1606 4785 domus
1658 4734 1920 4789 aediﬁcare
1970 4753 2075 4791 non

534 4821 776 4876 possunt,
814 4813 861 4861 in
899 4824 1203 4879 perpetuam
1235 4820 1606 4887 emphyteusin
1646 4827 1941 4877 concedant
1988 4843 2071 4879 re-

530 4900 705 4963 cipere
729 4901 1047 4962 volentibus,
1075 4903 1174 4954 sub
1199 4908 1539 4970 praestatione
1561 4914 1728 4963 tcrtize
1752 4915 2071 4980 pensionum

535 4988 720 5050 partis,
752 5002 869 5053 quae
901 4988 1121 5056 integris
1144 4992 1318 5043 adhuc
1351 4994 1608 5058 wtlinciis,
1643 4997 1705 5050 de
1737 4999 1924 5050 iisdem
1962 5002 2074 5053 col-

537 5078 866 5146 Ilgt‘litlllllll';
906 5094 1076 5148 eaque
1110 5099 1231 5152 pars
1266 5087 1418 5138 tertia
1451 5087 1631 5139 statim
1675 5089 1740 5141 ab
1773 5089 1922 5142 initio
1950 5105 2076 5144 con-

533 5178 735 5223 tractus
785 5172 955 5225 cedat.
1003 5171 1096 5226 Sin
1148 5177 1348 5228 mavult
1404 5176 1743 5246 emphyteuta
1796 5189 2074 5246 postquam

533 5258 875 5312 aediﬁcaverit
905 5261 1020 5328 ipse
1075 5265 1235 5316 statui
1267 5265 1479 5316 nomine
1512 5266 1736 5318 canonis
1764 5268 2076 5334 empbytcu-

537 5349 621 5402 t’ci
656 5360 856 5415 partem
892 5353 1163 5407 dimidiam
1195 5357 1528 5420 pensionem,
1553 5372 1669 5424 quae
1703 5367 1820 5424 post
1857 5359 2073 5410 absolu—

536 5447 644 5489 luttt
693 5441 976 5493 {editicium
1027 5443 1347 5511 colliguntur
1383 5462 1394 5496 :
1430 5460 1557 5498 sane
1609 5447 1910 5513 bocipsum
1961 5463 2075 5500 Clll-

538 5528 855 5593 pltyteuseos
891 5531 1102 5585 nomine
1137 5532 1327 5594 solvat,
1373 5543 1423 5585 et
1472 5542 1653 5587 utatur
1684 5538 1748 5590 ad
1787 5536 2072 5588 aediﬁci-tm

537 5616 638 5667 illis
671 5619 926 5681 materiis,
956 5637 1072 5686 qua:
1109 5624 1158 5674 in
1199 5625 1467 5676 semirutis
1503 5625 1862 5690 reperiuntur.

604 5708 702 5770 Qui
769 5724 874 5761 rem
944 5711 1265 5768 immobilem
1327 5715 1704 5768 venerabilium
1793 5716 2070 5770 domorum

2247 1923 2488 1991 Ἐγράφη
2522 1919 2626 1989 πρὸ
2664 1919 2727 1981 ιζ’
2765 1912 3038 1969 καλανδῶν
3086 1910 3304 1971 Μιῒων,
3345 1904 3586 1972 ὑπατείᾳ
3635 1904 3743 1954 Βε-

2167 2015 2407 2083 λισαρίου
2442 2014 2500 2064 τὸ
2535 2010 2622 2080 ιβ’.

2169 2103 2238 2157 B'.
2277 2104 2410 2169 Περὶ
2458 2101 2755 2169 διαφόρων
2795 2089 3318 2162 ἐκκλησιαστικῶν
3359 2087 3738 2155 κεφαλαίων.

2176 2195 2239 2248 ’0
2272 2193 2452 2258 αὐτὸς
2481 2189 2779 2255 ,βασιλεὺς
2824 2186 3020 2253 Πέτρῳ
3062 2181 3302 2250 ἐπάρχῳ
3335 2178 3735 2246 πραιτωρίων.

2463 2283 2714 2338 Πολλῶν
2743 2282 2840 2335 καὶ
2877 2278 3173 2347 διαφόρων
3196 2276 3417 2342 νόμων.

2246 2378 2448 2448 Μηδεὶς
2503 2375 2596 2443 τῆς
2662 2371 2957 2442 ἐκκλησίας
3006 2366 3652 2426 Κωνσταντινουπόλεως
3710 2363 3743 2430 ἧ

2168 2470 2274 2524 τῶν
2298 2471 2352 2522 ἑν
2374 2469 2511 2537 αὐτῇ
2546 2467 2635 2518 καὶ
2661 2466 2727 2533 τῇ
2760 2462 2927 2531 αὐτῆς
2962 2458 3149 2529 ὶνορίᾳ
3180 2458 3488 2526 ἱδρυμένων
3520 2457 3742 2509 σεπτῶν

2168 2563 2329 2614 οἴκων
2359 2561 2391 2630 ἢ
2417 2558 2679 2623 ξενὼνων,
2709 2552 3061 2626 ἐξῃρημένων
3089 2547 3198 2600 τῶν
3215 2549 3434 2616 εὐαγῶν
3466 2567 3742 2618 μοναστη-

2174 2654 2322 2722 ρίων,
2370 2651 2603 2718 πρᾶγμα
2651 2646 2923 2714 ἀκίνητον,
2979 2646 3011 2714 ἢ
3062 2643 3349 2712 πολιτικὴν
3416 2641 3658 2708 σίτησιν,
3708 2640 3741 2707 ἢ

2169 2743 2470 2817 γεωργικὸν
2515 2739 2846 2812 ἀνδράποδον
2896 2737 3256 2812 πιπρασκέτω
3289 2735 3324 2807 ἦ
3361 2732 3678 2807 δωρείσθω,
3708 2732 3740 2800 ἢ

2169 2835 2416 2888 ὁπωσοῦν
2464 2831 2810 2894 ὲκποιείσθω,
2857 2830 3024 2899 μόνης
3062 2829 3160 2898 τῆς
3201 2826 3551 2892 ἀνταλλαγῆς
3602 2825 3742 2891 πρὸς

2172 2924 2451 2994 βασιλικὴν
2473 2923 2649 2975 οἰκίαν
2674 2921 3168 2991 ὲπιτετραμμένης,
3200 2917 3606 2986 κεκωλυμένων
3638 2917 3748 2968 τῶν

2171 3012 2472 3081 λεγομένων
2504 3009 2860 3074 παροικικῶν.

2251 3101 2608 3170 Ἐμφύτευσις
2641 3100 2789 3169 παρὰ
2831 3099 2929 3168 τῆς
2966 3099 3134 3168 αὐτῆς
3168 3096 3486 3164 ἁγιωτάτης
3545 3091 3748 3159 ἐκκλη-

2180 3194 2298 3252 σίας
2350 3196 2443 3243 καὶ
2498 3191 2603 3242 τῶν
2653 3190 2742 3240 ὑπ’
2797 3189 2966 3256 αὐτὴν
3016 3186 3231 3240 σεπτῶν
3281 3184 3450 3237 οἴκων
3488 3181 3746 3250 γινέσθω,

2181 3281 2337 3349 μόνον
2371 3282 2448 3341 είς
2484 3281 2544 3331 τὸ
2575 3281 2865 3348 πρόσωπον
2891 3277 2984 3331 τοῦ
3016 3277 3390 3346 λαμϐάνοντος
3435 3275 3533 3328 καὶ
3563 3274 3744 3327 ἄλλων

2176 3374 2267 3425 δύο
2301 3372 2492 3439 ἑφεξῆς
2527 3370 2687 3423 αὐτοῦ
2718 3371 2994 3440 διαδόχων,
3022 3370 3124 3437 τῆς
3170 3369 3339 3438 ἕκτης
3385 3366 3590 3436 μοίρας
3619 3382 3749 3417 κου-

2178 3460 2471 3530 φιζομένης
2513 3459 2604 3510 τοῦ
2646 3459 2953 3525 ὑφεστῶτος
2982 3457 3221 3519 κανόνος.

2251 3550 2308 3601 Ei
2342 3550 2397 3602 δὲ
2447 3549 2768 3617 προάστειόν
2799 3551 2914 3600 ὲστι
2962 3548 3022 3600 τὸ
3067 3549 3146 3610 είς
3198 3546 3540 3615 ἐμφύτευσιν
3579 3565 3747 3616 παρε-

2179 3641 2421 3710 χόμενον,
2450 3641 2702 3710 πρόσοδον
2725 3641 2844 3708 ἔχον
2866 3654 2879 3667 ·
2905 3640 2994 3690 ἐπὶ
3022 3638 3301 3707 ὁλοκλήρῳ
3331 3637 3408 3705 τῷ
3442 3638 3634 3693 κανόνι
3659 3677 3673 3701 ,
3716 3638 3745 3704 ἢ

2182 3733 2274 3784 καὶ¹
2341 3734 2475 3801 μετᾶ
2549 3733 2865 3802 προσθήκης
2924 3730 3234 3784 ὲκδιδόσθω.
3296 3732 3388 3799 Μὴ
3463 3729 3634 3796 οὔσης
3693 3731 3750 3781 δὲ

2182 3823 2480 3893 προσόδου,
2532 3824 2578 3874 οἱ
2622 3822 2889 3890 διοικηταὶ
2935 3820 3043 3874 τῶν
3084 3819 3264 3873 αὐτῶν
3317 3819 3536 3872 σεπτῶν
3583 3819 3749 3871 οἴκων

2179 3917 2270 3968 ἐπὶ
2301 3917 2435 3984 ῥητῇ
2467 3913 2746 3981 ποσότητι,
2785 3913 2832 3964 εί
2865 3911 3165 3980 βούλονται,
3189 3911 3611 3966 ὲπιδιδότωσαν.

2250 4090 2353 4142 Τοῦ
2385 4090 2440 4142 δὲ
2488 4091 2565 4151 εἰς
2612 4091 2943 4157 ἐμφύτευσιν
2989 4088 3231 4150 δοθέντος
3276 4096 3421 4140 κατὰ
3456 4104 3581 4138 τινα
3616 4088 3746 4156 τρό-

2179 4201 2278 4235 πον
2313 4185 2390 4244 είς
2444 4181 2717 4247 βασιλικὸν
2765 4181 3077 4250 πρόσωπον,
3135 4181 3167 4249 ἢ
3218 4181 3294 4241 εἰς
3355 4178 3532 4240 πόλιν,
3580 4181 3613 4248 ἢ
3669 4180 3747 4240 εἰς

2176 4277 2440 4344 ταμιεῖον,
2477 4274 2506 4341 ἢ
2549 4274 2626 4335 είς
2677 4272 3076 4341 βουλευτήριον,
3116 4270 3147 4340 ἢ
3180 4271 3341 4322 ἄλλον
3382 4271 3556 4337 εὐαγῆ
3595 4265 3746 4320 οἶκον

2183 4367 2629 4436 περιερχόμενον,
2683 4363 2887 4425 ἐξέστω
2961 4365 3074 4422 τοῖς
3137 4361 3430 4414 δεδωκόσιν
3483 4361 3618 4413 αὐτὸ
3668 4362 3747 4419 εἰς

2181 4457 2536 4525 ὲμςρύτευσιν,
2570 4455 2602 4524 ἣ
2637 4454 2952 4519 προσίεσθαι
2984 4454 3078 4505 καὶ
3138 4453 3228 4502 ἐπ’
3277 4452 3464 4514 αὐτοῖς
3499 4450 3598 4520 τὴν
3637 4453 3739 4518 Ep.-

2180 4548 2509 4617 φύτευσιν,ή
2544 4546 2868 4615 ἀνατρέπειν
2901 4545 3090 4612 αὐτήν.

2248 4728 2325 4778 Τὰ
2356 4727 2409 4778 δὲ
2433 4725 2645 4792 ἐρείπια
2673 4724 2706 4776 ἃ
2739 4723 2810 4791 μὴ
2838 4723 3084 4774 δύνανται
3115 4721 3562 4788 ἀνοικοδομῆσαι,
3600 4737 3743 4787 παρ-

2179 4819 2445 4887 εχέτωσαν
2484 4820 2591 4878 τοῖς
2647 4815 2986 4885 βουλομένοις
3037 4813 3114 4873 εἰς
3153 4810 3380 4878 διηνεκῆ
3420 4810 3750 4878 ὲμφύτευσιν

2179 4913 2270 4964 ἐπὶ
2294 4911 2412 4981 τρία
2440 4911 2578 4978 μέρη
2612 4909 2718 4962 τῶν
2745 4907 3122 4975 στεγονομέων,
3176 4905 3341 4956 ἆτινα
3374 4903 3624 4955 ἑστώτων
3659 4904 3750 4954 ἐπὶ

2177 5005 2284 5063 τοῖς
2319 5003 2497 5061 αὐτοῖς
2543 5001 2803 5068 οἰκήμασι
2863 4998 3125 5066 συνήγετο
3157 5011 3169 5024 ·
3226 4996 3285 5060 ἐξ
3328 4993 3506 5064 ἀρχῆς
3568 4995 3748 5062 μέντοι

2176 5092 2268 5144 τοῦ
2301 5090 2764 5158 συναλλάγματος.
2793 5088 2852 5140 Ei
2893 5087 2948 5139 δὲ
2992 5085 3240 5156 βούλεται
3294 5085 3322 5136 δ
3376 5083 3745 5153 ὲμφυτευτὴς,

2182 5182 2314 5250 μετὰ
2352 5181 2411 5232 τὸ
2438 5180 2638 5241 κτίσαι,
2669 5179 2948 5247 ὁρισθῆναι
2977 5178 3067 5228 τὸν
3096 5178 3498 5246 ὲμφυτευτικὸν
3551 5177 3744 5228 κανόνα

2177 5273 2342 5340 ἣμισυ
2372 5271 2530 5338 μέρος
2554 5270 2660 5321 τῶν
2706 5269 2840 5336 μετὰ
2878 5268 2937 5320 τὸ
2979 5271 3157 5320 κτίσαι
3212 5268 3616 5337 ἀθροιζομένων
3676 5269 3749 5318 οἱ·

2179 5363 2330 5422 κ;ὦν,
2354 5359 2637 5428 παρεχέτω
2665 5360 2807 5426 λόγῳ
2831 5357 3236 5424 ὲμφυτεύσεως,
3293 5362 3580 5425 χρώμενος
3613 5357 3745 5425 προς

2178 5451 2474 5520 οἰκοδομὴν,
2529 5449 2780 5517 ἀκίνητον
2835 5449 3083 5515 πρᾶγμα,
3149 5448 3256 5498 τῶν
3322 5447 3504 5498 αὐτῶν
3538 5447 3746 5509 εὐαγῶν

2178 5541 2334 5591 οἴκων
2366 5543 2480 5602 ταῖς
2500 5540 2905 5607 εὑρισκομέναις
2935 5541 2988 5587 ἐν
3034 5540 3219 5598 αὐτοῖς
3256 5535 3428 5598 ὕλαις.

2268 5717 2322 5769 't.)
2358 5719 2431 5778 εἰς
2476 5716 2665 5784 χρῆσιν
2699 5715 2985 5782 λαμϐάνον]
3040 5713 3293 5780 ἁκίιητυν
3359 5713 3496 5780 τιμᾶ-ε
3518 5728 3591 5778 μα
3647 5709 3746 5760 τῶν
