3998 6460
240 351 371 414 1309

1273 362 1622 424 CONSTl'i'.
1656 364 1953 425 ECCLES.
1995 367 2426 428 COLIECTIO.

3335 365 3466 430 1310

228 473 405 525 αὐτῶν
471 472 680 540 εὐαγῶν
745 474 908 535 οἴκων
952 478 1081 546 παρ’
1121 479 1256 531 αὐτὰ
1315 478 1424 550 [ιον.
1461 477 1792 550 παραυτίκα]

1898 483 2149 536 utendam
2185 483 2466 538 fruendam
2499 483 2715 553 accipit,
2745 483 2932 539 statim
2961 481 3054 536 det
3082 482 3160 536 eis
3186 482 3308 550 jure
3341 497 3464 551 pro-

226 562 413 616 διδότω
446 565 624 626 αὐτοῖς
643 567 722 628 είς
751 566 1068 621 δεσποτείαν
1094 571 1326 639 πρᾶγμα
1381 569 1572 638 ὁμοίας
1621 587 1791 638 προσ-

224 654 347 705 όδου
375 671 433 707 τε
468 656 562 708 καὶ
603 657 933 722 συντελείας,
963 659 1048 726 ἐφ’
1091 653 1136 727 ᾧ
1181 659 1317 729 μετὰ
1358 661 1458 728 τὴν
1503 661 1664 712 αὐτοῦ
1710 678 1796 713 τε·-

227 746 476 817 λευτὴνῆ
505 747 596 800 τὸν
637 747 949 818 ὁριζόμενον
1009 752 1200 819 χρόνον
1252 752 1327 820 μὴ
1397 751 1796 819 ὑπερϐαίνοντα

227 835 328 904 τὴν
353 836 544 890 τούτου
569 838 713 908 ζωὴν
768 841 861 892 καὶ
889 841 949 896 τὸ
977 839 1127 895 δοθὲν
1172 841 1321 910 αὑτῷ
1376 841 1680 911 περιελθεῖν
1717 845 1796 906 είς

225 927 318 979 τὸν
348 926 708 998 εύαγέστατον
734 925 900 986 οἶκον.

295 1019 360 1071 ΑΞ
402 1017 693 1087 μισθώσεις
747 1021 854 1074 τῶν
890 1022 1198 1092 εἰρημένων
1255 1025 1465 1078 σεπτῶν
1513 1026 1678 1079 οἴκων
1723 1025 1797 1095 μὴ

228 1109 708 1179 ὑπερϐαινέτωσαν
738 1114 1202 1181 τριακονταετίαν.

301 1202 363 1258 Εἰ
397 1204 565 1259 δεϊται
604 1207 900 1275 χρημάτων
941 1205 1021 1270 εἷς
1076 1210 1184 1261 τῶν
1243 1209 1456 1276 εὐαγῶν
1509 1209 1676 1263 οίκων
1719 1211 1799 1273 είς

224 1294 541 1366 δημοσίανῆ
569 1297 649 1368 είς
669 1297 834 1368 ἄλλην
855 1297 1065 1368 χρείαν,
1089 1299 1312 1352 διδόσθω
1339 1300 1590 1368 ἀκίνητον
1609 1301 1798 1370 πρᾶγ-

230 1402 306 1451 μα
353 1388 431 1447 είς
491 1385 656 1439 ίδικδν
718 1388 1120 1457 ένέχυρον,ϊνα
1152 1389 1512 1456 ὀδανειστὴς,
1571 1389 1801 1457 πληρούο

230 1491 389 1540 μενος
417 1477 474 1542 ἐξ
500 1477 662 1530 αὐτοῦ
701 1478 760 1532 τὸ
787 1479 1078 1546 κεφάλαιον
1118 1479 1209 1531 καὶ
1239 1480 1364 1542 τοὺς
1400 1479 1506 1531 ἀπὸ
1537 1479 1799 1549 τετάρτου

229 1570 527 1640 ἑκατοστῆς
556 1573 770 1636 τόκους,
799 1570 1060 1626 ὰναδὼσει
1088 1573 1148 1626 τὸ
1174 1575 1442 1644 ἐνέχυρον.

297 1749 362 1800 Ai.
395 1749 750 1818 ἔμφυτεύσεις
778 1752 874 1806 καὶ
909 1755 963 1805 αἱ
1000 1753 1139 1820 ὑπὲρ
1194 1755 1518 1808 πενταετίαν
1587 1754 1794 1823 μισθώ-

1898 575 2140 643 prietatis
2189 590 2300 628 rem
2346 575 2647 631 consimilis
2703 576 2907 630 reditus
2945 582 2999 628 et
3044 571 3369 636 collationis,
3407 581 3465 626 ut

1894 674 2014 732 post
2049 664 2169 732 ejus
2199 675 2448 729 mortem,
2477 665 2559 719 vel
2591 673 2714 733 post
2734 664 3016 719 dellnitum
3048 672 3283 732 tempus,
3315 662 3460 732 quod

1897 762 2083 810 tamen
2121 754 2242 824 ejus
2279 756 2440 808 vitam
2479 771 2585 810 non
2617 755 2853 816 excedit,
2885 755 3046 809 etiam
3071 754 3188 824 ipsa
3223 768 3312 808 res
3343 753 3466 807 data

1896 846 2177 914 perveniat
2216 847 2283 900 ad
2323 846 2542 900 domum
2575 846 2912 916 religiosam.

1969 1022 2292 1080 Locationes
2325 1023 2395 1078 ab
2425 1023 2676 1079 indicatis
2705 1023 2976 1094 religiosis
3001 1023 3255 1078 domibus
3291 1022 3463 1086 factm,

1898 1115 2134 1183 Spatium
2176 1131 2443 1170 annorum
2479 1116 2703 1185 triginta
2734 1132 2842 1171 non
2873 1119 3157 1171 excedant.

1971 1207 2027 1261 Si
2060 1207 2150 1261 cui
2177 1206 2361 1261 domui
2394 1207 2660 1276 religiosa:
2691 1208 2934 1274 pecouiis
2970 1222 3107 1274 opus
3140 1215 3242 1270 est,
3279 1206 3345 1259 ad
3385 1205 3415 1258 ll
3439 1233 3454 1247 -

1898 1299 2120 1360 sealcm,
2159 1299 2242 1354 vel
2284 1298 2444 1351 aliam
2499 1300 2874 1354 necessitatem
2904 1337 2918 1361 ,
2949 1299 3040 1354 det
3075 1312 3185 1353 rem
3222 1298 3465 1368 aliquam

1900 1389 2227 1445 immobilem
2260 1392 2314 1443 in
2347 1388 2584 1449 speciale
2619 1392 2834 1459 pignus,
2865 1400 2925 1444 ut
2962 1405 3083 1444 cum
3115 1404 3177 1443 ex
3210 1403 3272 1442 ea
3292 1388 3470 1445 credi-
3553 1408 3561 1413 ·

1901 1478 2004 1531 tori
2051 1476 2386 1532 satisluctum
2438 1476 2604 1532 fuerit
2651 1488 2758 1530 tam
2810 1478 3028 1532 nomine
3068 1477 3254 1538 sortis.
3305 1492 3468 1543 quam

1901 1585 2102 1632 usurae,
2135 1579 2283 1637 parte
2304 1570 2617 1625 centesimae
2642 1578 2836 1639 quarta
2858 1569 3116 1635 delinitur,
3151 1569 3346 1640 pignus
3378 1570 3467 1624 ille

1907 1660 2182 1715 restituat.

1974 1751 2366 1823 Emphyteuses
2418 1761 2473 1807 et
2503 1753 2819 1816 locationes,
2853 1767 2972 1822 quae
2995 1765 3131 1806 uttra
3162 1754 3472 1821 quinquena

227 1856 343 1904 σεις
374 1843 522 1912 παρὰ
549 1843 773 1911 γνώμην
800 1841 893 1895 τοῦ
920 1845 1346 1914 ἀρχιεπιακόπου
1403 1846 1437 1914 ἢ
1494 1846 1603 1898 τῶν
1634 1863 1792 1914 προε-

1902 1845 1975 1897 nii
2011 1845 2244 1912 spatium
2275 1844 2663 1906 extenduntur,
2696 1844 2902 1912 a-bsquc
2935 1845 3214 1898 voluntate
3243 1842 3463 1897 archic-

229 1929 451 1983 οτώτων
469 1931 577 1982 τῶν
607 1931 816 1999 εὐαγῶν
859 1933 1023 1986 οἴκων
1069 1934 1144 2002 μὴ
1196 1935 1661 2004 προσαινέτωσαν.
1705 1939 1796 1989 Δεῖ

227 2018 336 2087 γὰρ
361 2018 580 2088 ὀμνύειν
610 2019 733 2083 τοὺς
759 2021 1071 2092 οἰκονόμους
1094 2024 1186 2076 καὶ
1233 2024 1663 2094 χαρτουλαρίους
1712 2026 1791 2086 ὡς

225 2110 482 2178 οὐδεμίαν
506 2113 852 2184 περιγραφὴν
886 2111 997 2180 ἔχει
1023 2112 1085 2165 τὸ
1143 2113 1515 2181 συνάλλαγμα.
1577 2114 1796 2167 Τοίτων

225 2202 282 2253 δὲ
323 2200 396 2271 μὴ
420 2201 607 2267 ὄντων,
641 2205 765 2266 τοὺς
812 2205 1161 2272 προεστῶτας
1209 2205 1318 2257 τῶν
1373 2205 1585 2273 εύαγῶν
1630 2207 1796 2259 οίκων

227 2293 602 2362 προκειμένων
668 2295 772 2346 τῶν
823 2297 994 2358 ἁγίων
1043 2297 1386 2364 Εὐαγγελίιυν
1425 2297 1697 2352 ποιεῖσθαι
1739 2299 1797 2350 τὸ

227 2383 597 2452 συνάλλαγμα,
618 2385 710 2437 τοῦ
733 2385 896 2445 αὐτοῦ
927 2389 1335 2459 ἐγγραφομένου
1366 2388 1423 2441 ὲν
1441 2393 1550 2452 τοῖς
1578 2391 1797 2461 προϊοῦ-

227 2490 282 2524 σι
319 2473 683 2541 συμϐολαίοις.

300 2655 499 2723 Μηδεὶς
527 2656 634 2708 τῶν
661 2657 1001 2726 τρακτευτῶν
1044 2659 1073 2726 ἢ
1105 2657 1449 2710 διοικούντων
1485 2659 1554 2711 τὰ
1621 2663 1798 2730 πρᾶγ-

229 2762 372 2813 ματα
399 2747 506 2798 τῶν
535 2748 748 2801 σεπτῶν
787 2747 970 2811 οἴκων,
1027 2748 1060 2817 ἢ
1097 2752 1363 2819 συγγενὴς
1405 2750 1582 2802 αὐτῶν
1626 2751 1658 2819 ἢ
1695 2753 1796 2817 ἀγ-

224 2835 434 2904 χιστὴς,
470 2837 825 2904 ὲμφυτεύσεις
858 2839 890 2904 ἢ
927 2839 1205 2907 ὑποθήκας
1234 2840 1344 2891 τῶν
1363 2839 1542 2893 αὐτῶν
1576 2843 1793 2893 σεπτῶν

222 2928 387 2980 οἴκων
416 2929 813 2996 λαμϐανέτωδι“
840 2930 1032 2982 ἑαυτοῦ
1061 2929 1444 3000 ἢπσρενθὲτου
1478 2929 1792 3001 ειτροσώπομ.

224 3020 379 3072 Ἐπεί
411 3020 492 3071 τοί
517 3037 603 3086 γε,
645 3021 809 3072 αὐτοῦ
838 3021 1205 3090 λαμϐάνοντος
1232 3022 1324 3074 καὶ
1353 3019 1462 3073 τῶν
1494 3022 1792 3091 οἰκονόμων

222 3111 317 3162 καὶ
343 3112 772 3180 χαρτουλαρίων,
796 3112 894 3172 τὰς
932 3114 1117 3174 οὐσίας
1156 3115 1204 3165 οἱ
1251 3115 1438 3165 σεπτοὶ
1489 3113 1794 3169 ὲκδικοῦσιν

221 3199 359 3255 οἴκοι
371 3241 382 3254 .

304 3386 426 3438 Ἐπὶ
447 3387 557 3447 τοῖς
581 3385 856 3454 ἀκινήτοις
920 3385 1207 3455 πράγμασι
1259 3384 1367 3438 τῶν
1403 3385 1460 3435 ἐν
1505 3385 1793 3453 ἐπαρχίαις

218 3476 575 3546 διακειμένων
613 3475 938 3544 ἐκκλησιῶν,
967 3478 1059 3528 καὶ
1094 3475 1306 3528 σεπτῶν
1340 3475 1578 3528 εύσεὸὦν
1606 3477 1792 3536 οῐκων,

224 3567 318 3618 καὶ
345 3563 454 3618 τῶν
488 3566 545 3616 ὲν
575 3556 1143 3616 Κωνσταντινουπόλει
1203 3566 1297 3617 καὶ
1341 3563 1618 3632 πανταχοῦ
1652 3567 1796 3634 ἱδρυ-

225 3658 403 3726 μένων
437 3656 833 3726 μοναστηρίων,
871 3655 1152 3725 προϐαίνει
1203 3656 1460 3723 διηνεκὴς
1523 3656 1796 3724 ὲμφύτευ-

223 3767 328 3812 σις,
363 3746 704 3816 κρατούντων
733 3748 819 3800 ἐπ’
869 3747 1004 3816 αὐτῇ
1051 3747 1269 3799 πάντων
1319 3747 1428 3799 τῶν
1487 3747 1794 3815 εἰρημένων

221 3839 315 3889 ἐπὶ
371 3837 490 3898 ταῖς
536 3835 898 3902 ὲμφυτεύσισι
949 3837 1065 3896 ταῖς
1121 3837 1182 3886 ἐκ
1221 3833 1330 3886 τῶν
1371 3835 1672 3906 ἐκκλησιῶν
1697 3836 1793 3903 τῆς

224 3925 617 3997 βασιλευούσης
649 3924 856 3986 πόλεως
908 3926 933 3976 ὲ
972 3925 1302 3993 διδομέναις.
1353 3927 1652 3992 ’Λνάγνωοι
1706 3943 1796 3976 κε-

222 4023 450 4092 φάλαιον
486 4017 531 4090 β’
562 4021 727 4088 τῆσδε
757 4021 852 4089 τῆς
880 4018 1195 4083 διατάξεως.

293 4115 420 4166 Ἐὰν
447 4114 544 4182 μία
564 4111 672 4164 τῶν
701 4111 1008 4181 εἰρημένων
1043 4110 1348 4179 ἐκκλησιῶν
1389 4111 1419 4180 ἢ
1462 4110 1674 4162 σεπτῶν
1701 4109 1785 4161 oi-

220 4223 333 4259 κων
361 4205 532 4257 δεῖται
563 4201 859 4272 χρημάτων
917 4202 997 4264 είς
1058 4201 1364 4268 καταδολὴν
1414 4199 1706 4269 δημοσίων,
1759 4201 1791 4269 ἢ

225 4293 560 4364 εὐλύρτωσιν
600 4293 816 4363 χρέους,
851 4291 1048 4360 καὶμὴ
1083 4291 1196 4360 ἔχει
1248 4291 1440 4358 κινητὰ
1471 4290 1790 4359 πράγματα,

218 4387 312 4454 ἀφ’
342 4381 415 4439 ὧν
439 4386 661 4438 δυνατὸν
699 4384 920 4453 λυθῆναι
944 4385 1003 4436 τὸ
1024 4383 1159 4452 δφλη
1170 4399 1264 4451 μα,
1291 4381 1512 4434 διδόσθω
1539 4382 1793 4450 ἀκίνητον

1899 1935 2125 2005 piscopi.
2154 1935 2235 1989 vel
2257 1949 2468 1999 eorum,
2502 1937 2590 2002 qni
2615 1935 2884 2003 religiosis
2917 1934 3173 1988 domibus
3202 1943 3467 1999 praesunt,

1900 2045 2006 2083 non
2044 2026 2363 2098 procedant.
2400 2026 2532 2079 Nam
2571 2028 2761 2094 jurare
2788 2035 2896 2080 tam
2933 2041 3272 2090 meouomos,
3303 2042 3466 2097 quam

1902 2119 2263 2175 chartularios
2301 2125 2537 2188 oportet,
2574 2118 2777 2171 nullam
2813 2118 2992 2173 inesse
3022 2118 3326 2172 contractui
3361 2118 3470 2172 cir-

1898 2211 2401 2282 culnscriptionem.
2450 2207 2608 2274 Quod
2655 2211 2702 2264 si
2760 2210 2893 2264 nulli
2945 2210 3054 2264 sint
3109 2211 3470 2277 ehartularii,

1899 2314 2217 2360 contractus
2251 2303 2317 2358 ab
2379 2304 2467 2365 iis,
2493 2302 2584 2371 qui
2616 2302 2880 2371 religiosis
2913 2301 3167 2356 domibus
3207 2311 3470 2369 prtesunt,

1897 2395 2260 2451 sacrosanctis
2310 2392 2624 2460 Evangeliis
2683 2391 2999 2460 prepositis,
3068 2391 3178 2456 iiut,
3214 2391 3315 2445 hoc
3355 2391 3474 2459 ipso

1899 2486 2296 2548 instrumentis,
2329 2499 2450 2553 qua:
2495 2498 2657 2552 super
2703 2497 2769 2538 eo
2813 2483 3217 2549 conllcluntur,
3270 2481 3473 2538 inscri-

1899 2577 2098 2633 bendo.

1969 2668 2160 2722 Nullus
2191 2677 2365 2734 actor,
2407 2674 2501 2722 aut
2533 2663 2954 2721 administrator
2985 2683 3164 2723 rerum
3193 2705 3210 2731 ,
3242 2681 3361 2736 quae
3405 2665 3471 2719 ad

1897 2756 2227 2809 venerabiles
2259 2755 2448 2811 domos
2497 2757 2814 2824 pertinent,
2847 2772 2943 2810 nec
2972 2772 3157 2811 eorum
3185 2766 3472 2825 cognatus,

1898 2853 1990 2898 aut
2037 2847 2400 2914 propinquus.
2430 2845 2827 2915 emphyteuses
2882 2846 2962 2897 vel
3010 2843 3342 2914 hypotheeas
3382 2859 3473 2898 ea—

1900 2935 2148 2989 rumdem
2185 2935 2578 2989 venerabilium
2619 2935 2906 2988 domorqu
2969 2935 3202 3003 accipiat
3244 2948 3338 3000 per
3385 2949 3472 2988 sc-

1900 3026 2096 3093 ipsum,
2128 3034 2220 3078 aut
2249 3040 2341 3094 per
2365 3025 2670 3093 subiectam
2731 3041 3038 3095 personam.
3087 3023 3218 3079 Nam
3271 3025 3471 3092 aliOqui

1903 3124 2012 3168 tam
2081 3116 2252 3185 ipsius
2308 3116 2674 3186 accipientis,
2725 3132 2888 3185 quam
2951 3129 3360 3170 meonomorum
3417 3123 3474 3168 et

1900 3207 2372 3262 ehartulariorum
2405 3208 2715 3274 facultates,
2759 3207 2889 3276 ipsa:
2913 3206 3104 3261 domus
3136 3207 3370 3261 venerab
3397 3207 3473 3261 les

1898 3299 2000 3353 sibi
2033 3298 2332 3352 vindicant.
3436 3369 3439 3375 ‘

1969 3389 2026 3442 In
2083 3391 2247 3444 rebus
2309 3391 2678 3446 immobilibus
2757 3391 2985 3446 sitarum
3036 3391 3091 3444 in
3165 3390 3462 3458 provinciis

1894 3479 2269 3544 ecclesiarum,
2307 3495 2371 3534 ac
2401 3480 2787 3534 venerabilium
2821 3481 3139 3551 piaruruque
3179 3481 3467 3542 domuum,

1895 3581 1949 3626 et
1976 3573 2394 3626 constitutorum
2439 3585 2547 3625 tam
2583 3573 2637 3626 in
2672 3574 2806 3627 urbe
2834 3573 3460 3640 Constantinopolitano.

1896 3679 2056 3732 quam
2086 3664 2287 3732 ubique
2318 3665 2794 3729 monasteriorum,
2834 3667 3018 3719 locum
3055 3667 3215 3718 habet
3242 3666 3468 3733 emphy-

1897 3756 2065 3809 tcusis
2123 3763 2428 3824 perpetua:
2469 3756 2546 3810 sic
2595 3768 2795 3819 tamen,
2836 3765 2895 3809 ut
2959 3756 3242 3810 obtineant
3291 3757 3344 3808 in
3401 3771 3462 3810 ea

1897 3853 2094 3897 cuncta
2142 3847 2394 3913 superius
2441 3846 2588 3899 dicta
2622 3849 2686 3900 de
2731 3847 3198 3916 emphytcusibus,
3247 3863 3369 3917 quae
3402 3849 3469 3902 ah

1897 3937 2143 3991 ecclesiis
2178 3937 2329 3992 urbis
2366 3940 2729 4006 imperatorim
2761 3940 3164 3996 conceduntur.
3203 3941 3345 4012 Lege
3376 3957 3467 3994 ea-

1897 4037 1991 4096 put
2022 4030 2321 4083 secundum
2357 4030 2521 4097 hujus
2560 4032 3000 4086 constitutionis.

1970 4119 2023 4172 Si
2055 4137 2161 4188 qua
2194 4121 2464 4191 dictarum
2513 4122 2871 4176 ecclesiarum
2892 4161 2908 4186 ,
2939 4130 3031 4176 aut
3074 4124 3465 4178 venerabilium

1897 4210 2202 4273 domorum,
2240 4211 2489 4279 pecuniis
2525 4210 2731 4278 indiget
2769 4210 2834 4264 ad
2867 4212 3191 4266 solutionem
3223 4214 3459 4267 tributo-

1898 4315 2016 4353 rum
2051 4299 2338 4365 iisealium,
2362 4309 2456 4354 aut
2489 4301 2886 4370 expeditionem
2916 4303 3042 4357 aris
3069 4304 3252 4365 alieni,
3282 4320 3460 4374 neque

1902 4406 1989 4445 res
2041 4391 2270 4444 tiiobiles
2330 4392 2530 4456 habet,
2589 4407 2652 4445 ex
2706 4392 2904 4460 quibus
2949 4394 3170 4449 dissolvi
3225 4394 3466 4449 debitum

221 4480 453 4547 πρᾶγμα
485 4479 562 4539 είς
594 4475 760 4528 ἱδικὺν
789 4475 1041 4544 ἐνέχυρον
1070 4473 1144 4544 τῷ
1165 4474 1437 4541 δανειστῇ,
1476 4473 1560 4525 ἵνα
1599 4474 1656 4538 ἐξ
1689 4474 1785 4524 αύ-

1901 4481 2092 4550 possit,
2141 4495 2226 4534 res
2258 4481 2550 4535 immobilis
2587 4487 2639 4536 in
2696 4484 2932 4551 speciale
2964 4485 3156 4555 pignus
3207 4487 3464 4540 creditori

219 4569 312 4622 τοῦ
337 4570 398 4621 τὸ
424 4569 604 4638 χρέος,
646 4568 739 4621 καὶ
769 4567 894 4628 τοὺς
924 4566 1031 4619 ἀπὸ
1057 4568 1314 4636 τετάρτου
1349 4566 1644 4633 ἑκατοστῆς
1672 4565 1794 4634 κλη.

222 4664 370 4733 ρωηῇ
404 4663 616 4724 τόκους.
657 4662 718 4714 Εἰ
738 4661 791 4713 δὲ
813 4661 1052 4714 τοιοῦτον
1098 4662 1358 4730 ένέχυρον
1392 4663 1463 4729 μή
1496 4661 1642 4712 ἐστιν
1677 4661 1794 4711 lxa-

219 4757 309 4806 νὸν
336 4753 590 4806 ἐπιλῦσαι
615 4753 675 4804 τὸ
725 4753 904 4822 χρέος,
933 4754 1186 4821 πράσεως
1240 4750 1488 4820 ἀζημίως
1540 4769 1788 4804 συνιστα-

221 4845 388 4915 μένης
428 4845 580 4912 παρὰ
642 4845 752 4905 τοῖς
796 4842 1124 4912 προσφόροις
1177 4842 1540 4919 πατριάρχαις
1604 4859 1662 4893 τε
1698 4845 1789 4894 καὶ

221 4930 664 5000 μητροπολίταις,
699 4931 794 4982 καὶ
819 4930 1158 4995 ἐπισκόποις,
1209 4930 1535 4999 ὀμνύτωσαν
1579 4932 1628 4982 oi
1679 4933 1786 4983 τῶν

216 5021 432 5087 εὐαγὼν
458 5020 620 5073 οἴκων
642 5021 933 5087 διοικηταὶ,
967 5021 1040 5084 ὡς
1074 5022 1172 5073 οὐκ
1199 5008 1344 5074 ἔστιν
1373 5023 1561 5093 ἕτερος
1588 5023 1788 5092 τρόπος

215 5111 448 5164 διαλύων
470 5113 530 5163 τὸ
569 5111 726 5179 χρέος
750 5126 765 5139 ο
793 5113 883 5166 καὶ
925 5113 1346 5182 φανερούτωσαν
1378 5112 1478 5184 τὴν
1518 5113 1792 5182 ποσότητα

218 5207 322 5264 τῷν
351 5203 736 5271 ὀφειλομένων,
763 5204 857 5255 καὶ
895 5202 1038 5256 οὕτω
1098 5205 1440 5272 προδαινέτω
1486 5208 1518 5272 ἠ
1589 5209 1787 5275 πρᾶσις

216 5298 476 5363 ἀκινήτου
504 5295 846 5363 πράγματος,
890 5295 1168 5364 δημοσίων
1198 5297 1674 5368 ,προγραμμάτων
1698 5300 1789 5351 ἐπὶ

215 5392 261 5436 κ’
293 5387 501 5454 ἡμέρας
550 5385 974 5456 προτιθεμένων,
1031 5389 1121 5439 καὶ
1179 5390 1598 5458 προτρεπόντων
1653 5389 1783 5454 τοὺς

213 5477 504 5547 ἀγοράζειν
551 5475 930 5544 βουλομένους,
971 5477 1056 5530 ἴνα
1080 5481 1108 5529 ὀ
1147 5477 1306 5531 πλέον
1338 5480 1595 5551 παρέχων
1648 5498 1783 5551 προ.

210 5567 435 5636 τιμηθῇ.
473 5567 689 5620 Τούτων
725 5568 778 5619 δὲ
807 5569 1126 5637 προϊόντων,
1158 5571 1392 5637 γινέσθω
1447 5575 1480 5642 ὴ
1546 5575 1744 5643 πρᾶσις
1767 5587 1778 5600 ·

216 5665 308 5710 καὶ
335 5662 395 5709 τὸ
418 5658 632 5727 τίμημα
660 5659 686 5708 ό
717 5659 1023 5729 ἀγοραστὴς
1058 5663 1442 5715 καταϐαλλέτω
1473 5664 1549 5733 τῷ
1606 5666 1780 5716 δανει-

213 5751 312 5817 στῇ
370 5748 460 5800 καὶ
495 5748 650 5800 τοῦτο
680 5749 856 5816 ῥητῶς
888 5751 1165 5819 ἐγγράφου
1232 5753 1350 5821 μεθ’
1404 5755 1566 5824 ὅρκου
1616 5757 1670 5808 έν
1718 5759 1778 5824 τῇ

1893 4571 2076 4635 detur,
2109 4579 2167 4624 ut
2191 4571 2362 4624 eidem
2392 4587 2454 4623 ex
2504 4587 2566 4626 ea
2600 4581 2709 4625 tam
2743 4575 2929 4638 sortis,
2975 4590 3155 4642 quam.
3177 4591 3464 4630 usurarum

1892 4660 2133 4723 nomine,
2167 4659 2235 4713 ad
2266 4671 2515 4728 quartam
2558 4677 2725 4730 usque
2757 4664 3068 4718 centesimae
3093 4677 3299 4732 partem
3330 4707 3342 4727 ,
3378 4682 3466 4720 sa-

1897 4756 2084 4808 tisliat.
2134 4752 2287 4818 Quod
2321 4754 2366 4807 si
2419 4755 2616 4822 pignus
2667 4753 2938 4822 ejusmodi
2993 4771 3100 4809 non
3156 4756 3354 4810 sullieit
3397 4761 3462 4810 ad

1894 4845 2297 4900 dissolvendum
2328 4861 2401 4899 aes
2432 4845 2691 4910 alienum,
2749 4861 2841 4913 per
2897 4861 3046 4917 gesta
3086 4858 3464 4903 monumento—

1898 4953 2040 5001 rum,
2080 4955 2200 5007 (uite
2227 4939 2348 4992 sine
2379 4939 2623 5006 impensa
2660 4940 3022 4994 conlicieutur
3063 4942 3203 5009 apud
3240 4957 3463 5010 compe-

1898 5037 2074 5084 tentes
2106 5029 2475 5098 patriarchas,
2511 5041 2565 5085 et
2596 5032 3067 5100 metmpolitanos,
3096 5042 3149 5087 et
3177 5034 3463 5102 episcopos

1895 5119 2282 5189 jusjurandum
2326 5131 2589 5190 prmstent
2639 5125 3026 5178 venerabilium
3054 5125 3338 5179 domorum
3368 5128 3464 5179 ad-

1898 5210 2322 5275 ministratores,
2348 5214 2495 5281 quod
2531 5229 2633 5267 non
2669 5215 2739 5268 sit
2769 5215 2908 5270 alius
2933 5217 3126 5270 modus
3147 5217 3269 5270 aeris
3301 5217 3460 5270 alieni

1894 5305 2249 5367 diSsolvendi,
2292 5315 2347 5359 et
2381 5309 2735 5375 quantitatem
2763 5324 2991 5373 eorum,
3019 5325 3138 5379 qua‘
3171 5311 3456 5375 debentur,

1895 5396 2239 5467 patefaciant,
2269 5411 2432 5469 atque
2478 5400 2549 5453 ita
2604 5402 2929 5469 procellatur
2979 5403 3043 5454 ad
3098 5400 3458 5456 venditione-xi

1892 5488 2184 5543 immobilis
2231 5490 2326 5554 rei,
2378 5489 2871 5558 proscriptionibus
2902 5491 2966 5543 ad
3003 5489 3187 5559 viginti
3217 5489 3331 5543 dies
3364 5507 3457 5543 ex-

1885 5579 2093 5646 positis,
2123 5597 2242 5648 qtue
2288 5582 2643 5634 cohortentur
2673 5597 2851 5633 eruere
2911 5581 3187 5643 volentes,
3247 5591 3304 5631 ut
3361 5580 3452 5648 qui

1890 5671 2007 5738 plus
2043 5671 2220 5734 solvit,
2253 5671 2458 5725 cuzteris
2483 5672 2554 5724 sit
2593 5673 2785 5740 potior.
2812 5671 3017 5735 Quibus
3054 5671 3120 5724 itu
3156 5670 3452 5725 succeden-

1890 5762 2058 5827 tibus,
2109 5762 2349 5816 venditio
2391 5765 2528 5829 liut;
2584 5772 2637 5816 et
2674 5773 2883 5832 rtuptor
2928 5764 3158 5831 pretium
3193 5763 3447 5817 credituri
