3998 6438
581 350 714 415 1315

570 554 757 606 νοιΙοιιι
797 563 1054 623 perpetuo
1083 555 1350 607 fruuntur.

645 643 903 697 Ecclesiis
946 653 998 697 et
1057 642 1325 711 religiosis
1398 644 1645 698 domibus
1693 655 1799 698 tam
1850 646 2127 715 privilegia

573 749 671 787 sua
699 775 713 797 ,
745 750 904 800 quam
941 750 1060 802 qua:
1093 736 1224 803 ipsis
1255 735 1402 790 varie
1430 750 1685 790 concessa
1722 747 1854 790 sunt
1887 738 2124 805 impera-

569 835 746 879 torum
787 827 1132 892 liberalitate,
1169 837 1473 882 servantor.

641 918 893 971 Ecclesiae
923 918 990 971 ab
1016 918 1162 972 omni
1198 933 1422 972 munere
1455 918 1677 972 sordido
1726 928 1782 972 et.
1823 921 2127 974 extraordi-

569 1009 740 1068 nario.
777 1018 828 1062 et
856 1009 924 1062 ab
961 1009 1243 1062 exactione
1293 1019 1456 1076 atque
1506 1025 1670 1064 onere
1695 1010 2120 1075 lucrativorum,

567 1103 837 1155 immunes
903 1109 1085 1161 sunto.
1150 1101 1413 1154 duntaxat
1461 1101 1713 1155 itinerum
1776 1102 2128 1172 pontiumth

568 1192 863 1243 structuris
895 1191 1163 1245 obnoxiae.

634 1282 890 1348 Cujusvis
919 1282 1346 1352 prmseriptionis
1381 1282 1524 1352 longi
1557 1284 1819 1351 temporis
1851 1285 1987 1344 loco.
2015 1285 2126 1338 sola

565 1374 916 1442 quadraginta
946 1389 1213 1428 annorum
1262 1376 1508 1445 exceptio
1557 1375 1829 1445 religiosis
1871 1376 2126 1430 domibus

563 1474 891 1530 opponatur.

635 1553 737 1617 Qui
765 1555 1126 1610 venerabilem
1165 1555 1388 1610 dmnum
1432 1556 1698 1611 mdificare
1732 1558 1845 1609 vult
1867 1597 1879 1616 ,
1911 1564 2003 1608 aut
2038 1570 2129 1608 ve-

567 1653 763 1697 tustate
788 1645 1153 1699 labascentem
1184 1645 1510 1707 instaurare,
1537 1657 1644 1698 tam
1677 1647 1932 1714 scipsum,
1967 1660 2125 1713 quant

567 1735 830 1788 heredem
866 1751 1020 1789 suum
1055 1737 1122 1791 ad
1150 1738 1331 1805 operis
1361 1737 1746 1807 perfectionem
1777 1739 2000 1806 obligat,
2035 1753 2129 1790 ve-

565 1825 788 1877 nerabili
821 1839 984 1878 cruce
1017 1827 1167 1893 prius
1190 1827 1257 1879 ab
1278 1830 1531 1896 episcopo
1564 1829 1615 1881 in
1643 1829 1806 1882 do'mo
1827 1829 2126 1898 deiigenda,

563 1925 682 1976 qua:
716 1910 875 1963 debet
910 1912 1139 1965 exstrui.

631 1998 734 2062 Qui
761 2015 857 2052 sua
883 2001 936 2052 in
970 2001 1153 2065 domo,
1182 2003 1262 2054 vel
1291 2003 1626 2067 suburbano,
1662 2005 1741 2057 vel
1777 2005 1962 2065 fundo,
1996 2023 2128 2060 eon-

569 2091 844 2145 venticula
882 2103 1092 2146 secreta
1130 2096 1356 2162 peragit,
1401 2097 1782 2164 proprietatem
1813 2097 1930 2165 ejus
1967 2100 2128 2152 amit-

562 2185 647 2247 tit,
678 2185 906 2237 ecclesia
941 2185 1044 2238 loci
1079 2201 1190 2239 rem
1221 2187 1539 2254 accipiente.
1581 2191 1636 2242 Si
1667 2206 1790 2243 vero
1832 2201 1997 2254 tutor,
2034 2203 2127 2245 attt

559 2284 834 2340 exceptor,
856 2285 950 2327 aut
977 2277 1714 2347 emphyteuta,contluctorvc
1760 2283 1991 2351 coegerit
2028 2283 2125 2336 ltu-

557 2364 791 2430 jusmodi
821 2367 1222 2430 conventicula,
1256 2368 1477 2420 domino
1515 2369 1819 2437 ignorante,
1848 2373 2125 2434 provincia

557 2454 857 2522 expellitur,
911 2464 964 2509 et
1019 2457 1262 2510 ecclesiae
1302 2456 1585 2512 facultates
1622 2459 1740 2523 ejus
1778 2461 2122 2515 addicuntor.

626 2632 888 2701 Legatum
916 2634 1134 2690 Christo
1190 2635 1295 2690 Deo
1330 2644 1519 2692 nostro
1582 2638 1828 2690 relictum
1887 2638 2124 2704 ipsorum

557 2723 797 2775 locorum
836 2723 1068 2779 ecclesia
1106 2726 1207 2780 sibi
1239 2728 1515 2794 vindicet,
1550 2729 1748 2797 quibus
1777 2729 1830 2781 in
1864 2728 1994 2781 locis
2025 2728 2123 2780 do-

560 2812 820 2866 micilium
859 2814 1151 2870 defunctus
1190 2817 1395 2871 habuit.
1451 2818 1544 2871 Sin
1594 2820 1752 2872 alicui
1808 2827 2120 2872 sanctorum

555 2903 871 2956 nominatim
907 2906 1135 2973 legatum
1171 2907 1418 2960 relictum
1446 2908 1627 2972 fuerit,
1654 2926 1771 2962 cum
1799 2911 1979 2963 multae
2005 2910 2116 2962 sint

558 2991 823 3060 religiosae
853 2994 1046 3048 domus
1082 2994 1202 3062 ejus
1249 2997 1651 3064 appellationis,
1688 2999 1992 3066 pauperiori
2025 3000 2117 3052 de-

557 3094 644 3136 tur
675 3085 929 3152 legatum.
967 3083 1023 3138 Si
1056 3096 1234 3139 autem
1268 3088 1416 3140 nulla
1444 3089 1515 3142 sit
1554 3090 1748 3142 domus
1785 3103 1935 3143 sacra
1965 3089 2113 3158 ejus-

556 3175 678 3229 dem
717 3176 1095 3244 appellationis
1133 3178 1183 3230 in
1223 3187 1330 3231 tota
1365 3180 1583 3234 civitate
1619 3182 1697 3234 vel
1757 3181 1870 3246 ejus
1900 3184 2114 3236 territo-

558 3266 659 3329 rio,
692 3266 773 3318 vel
807 3267 857 3318 in
890 3267 1171 3334 provincia
1197 3307 1211 3331 ,
1247 3269 1487 3321 locorum
1524 3270 1739 3322 illorum
1788 3272 2015 3324 ecclesia
2045 3271 2119 3324 le-

556 3367 736 3424 gatum
792 3357 891 3410 sibi
943 3358 1178 3411 vindieat
1222 3361 1402 3412 :idem
1459 3361 1510 3412 in
1547 3361 1859 3415 inmeditate
1893 3361 2117 3416 obtinet.

558 3447 653 3499 Est
687 3447 848 3500 etiam
880 3449 1007 3502 fisco
1044 3450 1219 3517 petio'r
1258 3450 1480 3503 ecclesia
1514 3450 1669 3520 (li').

626 3534 807 3589 Haeres
834 3535 1021 3604 jussus
1048 3536 1332 3600 mdiﬁcare,
1363 3537 1406 3589 si
1437 3538 1654 3604 quidem
1687 3539 1903 3591 domum
1943 3547 2123 3592 orato-

559 3628 714 3684 riam,
747 3641 883 3693 epns
916 3627 1016 3678 hoc
1047 3627 1187 3678 intra
1230 3628 1660 3694 quinquennium
1714 3630 1994 3691 absolvat;
2034 3629 2116 3682 sin

556 3716 635 3769 vel
669 3716 1066 3780 nosocomium,
1102 3717 1184 3768 vel
1216 3717 1373 3768 aliam
1411 3717 1747 3769 consimilem
1780 3718 1996 3770 domum
2029 3734 2121 3770 ex-

557 3815 767 3858 struere
795 3805 1009 3872 jussus,
1039 3806 1321 3860 :t‘diticium
1375 3808 1515 3859 intra
1566 3809 1799 3875 spatium
1837 3810 1960 3861 anni
2012 3825 2117 3861 non

556 3895 866 3954 ιιιιδυιιθι-ἱι,
925 3896 1125 3949 interea
1188 3898 1448 3964 temporis
1511 3914 1691 3952 emere
1735 3901 1964 3968 cogitur,
2029 3916 2119 3954 aut

555 3987 857 4040 conducere
891 3988 1132 4050 domum,
1165 3997 1328 4057 atque
1362 3990 1453 4050 ita,
1479 3991 1624 4059 quod
1672 3992 1719 4044 ei
1771 3993 1852 4059 pic
1895 3993 2118 4043 manda-

557 4085 667 4128 tum
703 4089 802 4140 est,
839 4083 902 4128 ad
935 4079 1089 4130 linem
1121 4079 1430 4144 perducere.
1458 4082 1724 4135 Caeterum
1757 4097 1872 4144 eos,
1907 4083 1995 4149 qui
2025 4100 2118 4135 cu-

554 4182 676 4220 rare
721 4169 910 4220 domos
944 4169 1163 4221 easdem
1215 4171 1520 4240 religiosas,
1571 4173 1722 4241 juxta
1783 4176 2113 4227 voluntatem

557 4258 829 4310 testatoris
863 4257 1078 4317 debent,
1118 4258 1290 4313 haeres
1322 4261 1506 4328 eligat,
1536 4275 1852 4330 pelestatem
1886 4265 2113 4319 habente

557 4345 802 4396 locorqu
838 4345 1049 4397 illorutn
1073 4347 1345 4416 episcopo,
1375 4350 1894 4406 administrationem
1927 4370 2114 4407 eorum

1795 353 1896 412 ΤΗ
1909 353 2074 412 ΕΟΙ).
2110 353 2195 410 ΒΛ
2210 355 2337 411 LSA
2351 354 2506 414 ΜΟΝ
2521 369 2536 412 t
2549 356 2589 414 S

645 464 912 532 Quotquot
953 463 1192 532 cpisc0pi
1247 463 1700 531 tnctrupolitteum
1768 465 1855 533 jus
1891 465 2128 526 habent,
2161 466 2203 523 Α

3703 358 3839 422 1316

2305 469 2456 520 Ὅσοι
2486 468 2589 518 τῶν
2625 470 2936 521 ἐπισκόπων
2992 471 3451 541 μητροπολιτικδν
3499 471 3698 538 ἔχουσι
3763 473 3842 524 δί-

2235 573 2405 617 καιον,
2435 555 2853 609 ἀπολαυέτωσαν
2875 560 3036 611 αὐτοῦ
3057 560 3341 630 διηνεκῶς.

2302 646 2756 701 Φυλαττέσθωσαν
2784 650 2900 710 ταῖς
2947 650 3264 714 ἐκκλησίαις
3307 655 3402 704 καὶ
3465 654 3700 713 ππτοῖς
3762 653 3842 705 οτ-

2234 755 2346 799 κοις
2374 739 2439 791 τὰ
2460 741 2631 792 οξκεῖα
2657 740 2925 810 προνόμια
2955 745 3091 794 κατὰ
3122 744 3189 795 τὰ
3219 745 3499 814 διαφόρως
3532 745 3727 807 αὐτοῖς
3776 747 3836 795 ἐκ

2235 829 2499 898 βασιλέων
2531 830 2973 901 φιλοτιμηθέντα.

2308 920 2493 988 Ιιὰσης
2531 922 2782 987 ῥυπαρᾱς
2799 921 3156 992 λειτουργίας,
3171 927 3709 997 ὲκστραορδιναρίας
3730 929 3838 981 δια·

2231 1010 2474 1080 γραφῆς,
2506 1013 2598 1063 καὶ¹
2632 1013 3002 1081 λουκρατίὸων
3051 1014 3253 1084 βάρους
3298 1017 3556 1070 ἔστωσαν
3615 1019 3834 1081 ἀτελεῖς

2231 1101 2614 1170 αῐὲκκλησίαι,
2647 1103 2835 1173 μόναις
2869 1102 3232 1173 ὑποκείμεναι
3277 1105 3689 1176 όδοστρωσίαις
3745 1111 3835 1162 καὶ

2231 1195 2662 1262 γεφυροποιίαις.

2313 1283 2460 1333 Ἀντὶ
2511 1284 2691 1351 πάσης
2757 1286 2974 1354 χρονίας
3039 1287 3415 1358 παραγραφῆς
3454 1287 3599 1356 μόνη
3635 1288 3753 1339 τῶν
3785 1292 3836 1355 μ’

2231 1373 2494 1425 ἐνιαυτῶν
2527 1374 2851 1428 ἀντικείσθω
2876 1377 3216 1448 παραγραφὴ
3260 1380 3374 1441 τοῖς
3436 1378 3713 1444 εὐαγὲσιν
3761 1379 3834 1430 oi—

2231 1481 2365 1525 κοις.

2312 1557 2370 1607 '0
2397 1555 2720 1625 βουλόμενος
2755 1559 2960 1622 κτίζειν
2995 1561 3190 1612 σεπτὸν
3229 1561 3260 1630 ἦ
3329 1563 3424 1613 τὸν
3467 1559 3834 1630 σαθρωθὲντα

2232 1648 2604 1716 ἐποικοδομεῖν
2656 1649 2854 1700 ἑαυτὸν
2881 1650 2973 1702 καὶ
2999 1650 3086 1702 τὸν
3134 1651 3266 1703 ίδιον
3308 1652 3658 1720 κληρονόμον
3702 1657 3832 1704 ὑπι-

2232 1736 2417 1788 σὲιλλει
2444 1740 2507 1807 τῇ
2540 1737 2815 1808 πληρώσει
2842 1739 2935 1790 τοῦ
2971 1739 3155 1808 ἔργου,
3200 1741 3470 1810 πρότερον
3535 1743 3830 1811 nervosi:-

2234 1845 2323 1879 νου
2380 1829 2475 1882 τοῦ
2520 1830 2705 1897 τιμίου
2769 1831 3006 1899 σταυροῦ
3047 1832 3147 1883 ὑπὸ
3177 1833 3269 1884 τοῦ
3325 1835 3639 1886 ἐπισκόπου
3665 1837 3727 1886 ὲν
3757 1836 3832 1902 τῷ

2235 1920 2482 1988 μέλλοντι
2508 1920 2788 1982 κτίζεσθαι
2817 1922 2971 1991 οἴκῳ.

2313 2011 2374 2064 '0
2409 2013 2466 2063 ὲν
2497 2012 2611 2081 ἰδίῳ
2640 2013 2772 2082 οἴκῳ
2804 2014 2837 2082 ἢ
2871 2016 3177 2083 προαστείῳ
3201 2015 3233 2085 ἦ
3261 2018 3507 2086 κτήματι
3543 2035 3829 2085 παρασυν-

2229 2103 2378 2166 άξεις
2417 2104 2584 2156 ποιῶν
2637 2105 2893 2156 ἐκπίπτει
2929 2105 3027 2173 τῆς
3072 2106 3261 2159 τούτου
3325 2109 3678 2170 δεσποτείας,
3732 2109 3827 2175 τῆς

2228 2195 2473 2248 ὲντοπίου
2505 2196 2795 2263 ἐκκλησίας
2814 2195 2970 2248 τοῦτο
2989 2196 3396 2267 λαμϐανούσης.
3433 2198 3497 2251 Et
3519 2199 3579 2251 δὲ
3605 2200 3826 2268 ἐπίτρο-

2230 2304 2349 2348 πος,
2381 2287 2412 2355 ἢ
2450 2287 2762 2356 ὲκλήπτωρ,
2791 2287 2822 2355 ἢ
2852 2288 3213 2356 ἐμφυτευτὴς,
3250 2289 3281 2357 ἢ
3314 2290 3600 2358 μισθωτὴς
3639 2308 3820 2358 παραυ

2229 2379 2445 2446 συνῆξε,
2475 2378 2570 2430 τοῦ
2599 2379 2860 2430 δεσπότου
2897 2380 2970 2448 μὴ
3021 2380 3406 2446 γινώσκοντος,
3466 2382 3824 2434 ἐκϐαλλέσθω

2228 2471 2323 2538 τῆς
2351 2471 2642 2540 ἐπαρχίας,
2673 2469 2781 2522 τῶν
2814 2471 2980 2524 αὐτοῦ
3033 2474 3376 2542 πραγμάτων
3429 2477 3498 2545 τῇ
3548 2476 3820 2546 ἐκκλησίᾳ

2229 2564 2746 2632 προσκυρουμένων.

2297 2657 2369 2707 Τὸ
2392 2656 2748 2723 καταλειφθὲν
2778 2657 3010 2727 ληγάτον
3044 2654 3266 2727 Χριστῷ
3300 2659 3380 2728 τῷ
3417 2660 3543 2730 Θεῷ
3593 2662 3755 2730 ἡμῶν
3787 2665 3814 2729 ἡ

2227 2744 2488 2811 ἐκκλησία
2527 2744 2809 2796 ἐκδικείτω
2834 2744 2942 2796 τῶν
2986 2747 3189 2810 τόπων,
3228 2747 3288 2798 ἐν
3317 2743 3398 2810 οἷς
3426 2750 3453 2800 ὁ
3482 2752 3818 2820 τελευτήσςς

2225 2833 2321 2904 τὴν
2370 2835 2578 2901 οἴκησιν
2633 2831 2797 2902 εἶχεν.
2865 2835 2924 2886 ΕΞ
2983 2838 3038 2890 δέ
3095 2855 3201 2889 τινι
3235 2839 3346 2890 τῶν
3373 2841 3554 2906 ἁγίων
3593 2843 3817 2909 ὀνόματι

2224 2933 2552 3003 κατελείφθη
2591 2934 2846 3004 ληγᾶτον,
2903 2931 3114 2985 πολλῶν
3157 2932 3329 2982 ὄντων
3386 2933 3610 2998 εὐαγῶν
3653 2936 3816 2985 οἴκων

2228 3021 2327 3088 τῆς
2355 3022 2519 3073 αὑτοῦ
2548 3025 2936 3092 προσηγορίας,
2968 3023 3044 3091 τῷ
3106 3020 3418 3091 πενεστέρῳ
3469 3020 3706 3072 διδόσθω
3762 3023 3816 3071 τὺ

2229 3110 2481 3176 ληγάτον.
2515 3111 2573 3161 Ei
2612 3112 2669 3162 δὲ
2705 3112 2892 3179 μηδείς
2921 3114 3068 3162 ἐστιν
3093 3111 3298 3178 εὐαγής
3331 3107 3478 3169 οἶκος
3509 3111 3611 3178 τῆς
3649 3108 3814 3174 αὐτῆς

2223 3203 2586 3269 προσηγορίας
2621 3204 2676 3252 ὲν
2698 3203 2788 3271 ὅλῃ
2821 3207 2883 3269 τῇ
2915 3202 3086 3264 πόλει,
3112 3202 3142 3261 ἦ
3172 3205 3237 3271 τῇ
3268 3201 3457 3271 ὲνορίᾳ.
3471 3203 3668 3265 αὐτῆς,
3697 3203 3727 3270 ἢ
3754 3205 3810 3266 τῇ

2221 3289 2480 3357 ἐπαρχίᾳ,
2512 3290 2544 3356 ἡ
2577 3289 2837 3356 ἐκκλησία
2866 3291 2973 3342 τῶν
3004 3290 3182 3343 τόπων
3209 3291 3424 3342 ἐκδικεῖ
3455 3294 3517 3343 τὸ
3539 3292 3776 3358 λη-ε-ἀτον
3797 3309 3809 3318 ·

2221 3380 2280 3430 τὸ
2319 3379 2448 3430 αὐτὸ
2493 3379 2587 3430 καὶ
2627 3382 2716 3430 ἐπὶ
2752 3380 3112 3449 κληρονομίας
3153 3382 3246 3432 καὶ
3281 3383 3485 3447 φίσκου
3525 3387 3737 3450 κρατεῖ.

2304 3558 2362 3610 Ὀ
2394 3558 2727 3626 κληρονόμος
2787 3557 3148 3625 προσταχθεὶς
3185 3559 3575 3627 οἰκοδομῆσαι,
3613 3562 3663 3610 εί
3718 3562 3808 3628 μὲν

2224 3648 2513 3716 εὐκτήριον
2546 3644 2711 3709 οἷκον,
2747 3647 2878 3698 εἴσω
2911 3654 3234 3710 πενταετίας
3274 3651 3576 3718 πληρούτω
3619 3657 3678 3705 τὸ
3731 3658 3808 3722 ἔρ-

2220 3749 2343 3795 γον·
2375 3737 2420 3782 εἰ
2449 3734 2502 3784 δὲ
2535 3736 2874 3801 νοσοκομεῐον
2905 3735 2936 3804 ἢ
2964 3734 3093 3788 ἄλλο
3135 3739 3546 3807 παραπλήσιον,
3581 3744 3656 3811 μὴ
3688 3747 3808 3794 εἴδω

2224 3825 2469 3876 ἐνιαυτοῦ
2496 3826 2755 3896 τελειώσῃ
2791 3827 2887 3897 τὴν
2938 3832 3248 3898 οἰκοδομὴν,
3304 3835 3691 3898 ἀναγκάζεται
3758 3839 3803 3886 ἐν

2220 3917 2296 3984 τῷ
2327 3918 2530 3984 μεταξὺ
2566 3915 2712 3969 οἷκον
2748 3921 3014 3987 ἀγοράσαι
3045 3923 3075 3990 ἢ
3148 3924 3558 3989 μισθώσασθαι,
3609 3931 3703 3978 καὶ
3757 3931 3806 3978 τί,

2221 4007 2456 4069 εὐσεϐῶς
2485 4011 2820 4078 προσταχθὲν
2856 4012 3050 4081 πέρατι
3079 4014 3282 4067 δοῦναι.
3313 4017 3451 4078 Ίόὺς
3475 4018 3534 4068 δὲ
3568 4020 3804 4085 63:59.0»;-

2220 4117 2316 4159 τας
2352 4103 2596 4169 προνοεῖν
2627 4101 2734 4151 τῶν
2764 4101 2943 4153 αὐτῶν
3003 4104 3215 4168 εὐαγῶν
3275 4108 3466 4168 οἴκων,
3524 4113 3667 4160 κατὰ
3716 4111 3804 4179 τὴν

2221 4189 2310 4238 τοῦ
2351 4189 2670 4256 τεστάτορος
2701 4190 2925 4258 γνώμην
2955 4192 3290 4257 ἐπιλεγέσθω
3357 4198 3383 4246 ὁ
3443 4197 3802 4264 κληρονόμοε,

2219 4280 2401 4331 ἄδειαν
2433 4279 2645 4348 ἔχοντος
2681 4282 2770 4332 τοῦ
2798 4285 3095 4334 ἐπισκόπου
3121 4288 3230 4336 τῶν
3258 4289 3444 4339 τόπων
3477 4293 3803 4343 ἐποπτεύειν

2218 4372 2316 4433 τὴν
2337 4373 2514 4425 αὐτῶν
2553 4374 2814 4443 διοίκησιν
2843 4393 2857 4407 ’
2886 4378 2977 4428 καὶ
3016 4379 3106 4429 ἐὰν
3146 4379 3258 4449 [ϊσ.
3467 4387 3800 4453 ἐπιτηδείως

554 4434 920 4503 inspiciendi;
956 4453 1018 4491 ac
1054 4438 1098 4490 si
1144 4441 1358 4506 quidem
1394 4456 1498 4493 non
1555 4443 1780 4499 idoneos
1831 4447 2109 4512 repererit,

2238 4460 2390 4530 μῦροι,
2430 4463 2618 4525 ἄλλους
2647 4465 3054 4536 ὰντικαθιστᾷν.

555 4525 688 4576 alios
724 4541 911 4578 eorum
945 4528 1066 4580 loco
1101 4529 1486 4585 substituentli.

624 4614 753 4676 Qua:
778 4617 1107 4684 pauperibus
1135 4619 1532 4686 distribuenda,
1565 4623 1643 4674 vel
1674 4622 1739 4674 ad
1772 4623 2115 4683 redimendos

552 4703 794 4770 Captivos
848 4706 1028 4759 relicta
1064 4719 1208 4772 sunt,
1263 4711 1412 4777 juxta
1465 4716 1739 4768 tcstatoris
1786 4717 2109 4771 voluntatem

551 4795 1018 4850 administrantor.
1059 4799 1156 4853 Ubi
1189 4816 1315 4854 vero
1339 4812 1565 4856 testator
1594 4821 1697 4858 non
1741 4820 1924 4874 aperte
1969 4824 2105 4876 prm-

551 4886 710 4953 cepit,
742 4888 926 4954 quales
958 4903 1218 4958 pauperes
1244 4893 1388 4947 alere
1417 4895 1483 4949 de
1524 4904 1850 4951 testamento
1902 4901 2106 4954 relictis

555 4976 701 5039 velit,
738 4993 857 5029 cum
890 4982 1032 5031 Ottmi
1087 4980 1436 5048 discretione,
1479 5003 1594 5055 quae
1639 4992 1889 5043 mandata
1942 5005 2104 5054 sunt,

552 5068 856 5132 inplentur.
887 5071 978 5122 Sin
1022 5073 1085 5134 is,
1121 5073 1209 5139 qui
1257 5073 1441 5140 jussus
1475 5087 1558 5130 est
1605 5079 1817 5143 facere,
1856 5086 2018 5136 semel
2056 5092 2108 5138 et

552 5159 633 5208 bis
671 5173 762 5224 per
795 5163 1036 5226 publicas
1074 5179 1331 5230 personas
1383 5170 1694 5223 admonitus
1737 5176 1803 5225 ab
1831 5178 2106 5242 episcopo,

550 5245 1037 5303 diﬂ'erateﬂ‘wtum
1087 5254 1236 5319 dare,
1278 5258 1419 5323 quod
1448 5259 1636 5325 jussus
1665 5275 1766 5325 est,
1834 5266 1943 5330 ipse.
1975 5265 2062 5329 qui
2093 5295 2105 5302 -

549 5335 667 5388 dem
710 5337 918 5390 lucrum
955 5355 1135 5406 omne,
1175 5346 1315 5412 quod
1366 5350 1429 5400 ad
1483 5365 1604 5402 eum
1639 5367 1666 5402 a
1707 5363 1961 5407 testatore
1994 5372 2111 5422 per-

557 5430 786 5489 venerit,
844 5433 1064 5494 amittit,
1129 5451 1314 5489 eorum
1357 5456 1481 5493 vero
1519 5442 1756 5495 locorum
1801 5449 2108 5515 episcopus,

553 5520 861 5583 pia-dictum
901 5525 1104 5577 lucrum
1142 5527 1260 5581 aliis
1291 5543 1410 5582 Cum
1456 5534 1614 5585 rebus
1660 5538 1930 5603 accipiens
1957 5580 1969 5600 ,
2008 5556 2103 5592 vo-

2293 4637 2370 4688 Τὰ
2399 4640 2478 4698 είς
2500 4638 2731 4691 διάδοσιν
2757 4643 3003 4710 πενήτων
3027 4645 3056 4713 ἢ
3088 4646 3390 4716 ἀνάρρυσιν
3436 4655 3798 4720 αἰχμαλώτων

2220 4726 2644 4794 καταλειφθέντα
2685 4732 2825 4781 κατὰ
2851 4732 2948 4800 τὴν
2996 4734 3088 4784 τοῦ
3137 4736 3523 4807 διατιθεμένου
3583 4746 3797 4798 διοικεί-

2219 4815 2428 4866 σθωσαν
2461 4817 2674 4886 βουλήν.
2721 4820 2807 4870 Ἐν
2845 4817 2889 4887 ᾧ
2917 4821 2971 4872 δὲ
3020 4826 3045 4875 ό
3094 4821 3426 4898 [τεστάτωρ]
3492 4832 3569 4898 μὴ
3626 4837 3796 4904 ῥητῶς

2213 4908 2488 4972 ἐπέσκηψε
2520 4910 2704 4972 ποίους
2737 4913 2972 4980 πένητας
3005 4916 3252 4982 βούλεται
3283 4921 3353 4970 τὰ
3405 4925 3796 4993 καταλειφθέν-

2211 5015 2277 5048 τα
2306 4998 2628 5066 μεθοδεύων,
2659 5005 2794 5069 μετὰ
2823 5007 3000 5075 πάσης
3024 5009 3352 5077 διακρίσεως
3386 5014 3684 5084 πληρ·.ύτω
3733 5021 3795 5072 τὰ

2211 5087 2625 5156 διατεταγμένα.
2663 5086 2724 5144 Et
2756 5094 2830 5156 δὲ,
2879 5098 3190 5160 κελευσθεὶς
3238 5103 3413 5155 ταῦτα
3474 5107 3791 5174 διαπρᾶξαι,

2210 5181 2354 5242 ἅπαξ
2384 5184 2474 5234 καὶ
2501 5185 2580 5245 δὶς
2619 5185 2988 5256 ὑπομνησθεὶς
3021 5193 3171 5260 παρὰ
3216 5195 3308 5246 τοῦ
3364 5199 3669 5251 ἐπισκόπου
3710 5204 3794 5253 διὰ

2208 5269 2480 5336 δημοσίων
2513 5275 2838 5342 προσώπων,
2882 5279 3268 5349 ὺπέρθηταιτὸ
3309 5295 3657 5358 προσταχθὲν
3716 5297 3793 5354 εἰς

2211 5361 2369 5427 ἔργον
2399 5365 2647 5430 ἀγαγεῖν,
2702 5369 2862 5429 αὐτὸς
2897 5377 2995 5435 μὲν
3027 5377 3228 5437 παντὸς
3279 5380 3508 5446 κέρδους
3583 5388 3791 5452 περιελ-

2210 5453 2388 5513 θόντος
2423 5459 2498 5515 εἰς
2531 5459 2692 5507 αὑτὸν
2725 5462 2785 5510 ἐκ
2824 5461 2916 5512 τοῦ
2953 5467 3276 5535 τεστὰτορος
3311 5473 3596 5533 ἐκπίπτει,
3656 5479 3680 5525 ό
3737 5478 3787 5526 δὲ

2210 5545 2315 5594 τῶν
2343 5549 2522 5597 τόπων
2551 5548 2844 5613 ἐπίσκιπος
2871 5554 2927 5603 τὸ
2949 5557 3242 5625 εἰρημένον
3275 5565 3468 5631 κέρδος
3507 5574 3647 5632 μετᾷ
3703 5571 3787 5618 καὶ

618 5683 751 5750 (ll')
789 5684 976 5749 Verba,
1011 5704 1083 5740 est
1112 5693 1267 5744 Μία-ιι
1291 5726 1345 5733 —
1369 5700 1608 5764 ecclesia,
1648 5703 1696 5754 in
1731 5707 1846 5770 ipsa
1885 5724 2006 5757 non
2032 5709 2095 5759 lia
2130 5727 2233 5760 non
2269 5719 2673 5781 exprimuntur.
