3998 6472
245 417 370 478 1317

1258 403 1607 463 CONS'I‘IT.
1647 395 1942 457 ECCLES.
1989 389 2418 450 (IOl.LECTiO.

3307 387 3443 449 i318

239 528 343 578 τῶν
361 524 531 575 ἄλλων
569 519 856 590 λαμῦἁνων
887 514 1243 584 πραγμάτων,
1287 515 1380 581 την
1421 510 1627 563 ἐκείνου
1655 509 1784 576 πλη-

1897 502 2153 552 luntatem
2185 500 2299 565 ejus
2335 499 2596 566 implebit,
2627 498 2860 552 habente
2888 505 3205 566 potestatezn
3245 506 3439 552 metro-

240 615 400 683 ρώσει
430 609 622 680 βουλήν
652 624 664 638 ·
715 608 895 660 ἄδειαν
960 605 1167 671 ἔχοντος
1218 602 1306 654 τοῦ
1369 599 1778 670 μητροπολίτου,

225 705 332 756 ⁸καὶ
362 705 554 764 παντὸς
582 700 786 768 ἐτέρου,
815 697 909 763 τὴν
929 695 1181 760 τοιαύτην
1211 695 1505 758 ἐπαγαγεῖν
1541 689 1618 756 τῷ
1663 689 1782 739 ἐπι-

242 794 429 859 σκόπῳ
450 791 696 859 ζήτησιν,
726 786 810 853 ἐφ’
839 779 882 852 ᾧ
910 782 1173 844 παντοίως
1203 779 1552 849 πληρωθῆναι
1605 779 1670 829 τὰ
1704 777 1786 827 εὐ-

243 881 415 941 σεϐῶς
445 879 665 941 δόξαντα
689 873 765 942 τῷ
797 872 1173 938 τελευτήσαντι
1203 874 1280 932 είς
1323 867 1479 936 ἔργον
1530 865 1782 934 ἀχθῆναι.

315 969 393 1019 Τὰ
418 965 664 1032 εὐαγέσιν
686 965 873 1025 οῐκοις,
919 962 953 1030 ἢ
1009 960 1337 1027 ἐκκλησίαις,
1387 958 1420 1026 ἢ
1483 955 1784 1022 συστήμασι

244 1059 665 1127 καταλειφθέντα
693 1057 900 1124 ληγάτα
933 1043 1061 1106 εἴσω
1084 1053 1265 1122 μηνῶν
1295 1050 1352 1117 ἐξ
1373 1052 1468 1118 τῆς
1492 1047 1784 1116 ἐμφανείας

243 1150 341 1217 τῆς
374 1147 631 1216 διαθήκης
657 1143 1092 1198 καταϐαλλέσθω.
1127 1143 1186 1194 Et
1212 1142 1267 1193 δέ
1297 1141 1369 1209 μή
1423 1156 1506 1204 γε,
1534 1140 1561 1189 ὁ
1582 1137 1786 1197 τούτοις

248 1239 614 1308 βεϐαρημένος
636 1237 874 1304 καρποὺς
904 1233 994 1286 καὶ
1040 1233 1226 1294 τόκους
1270 1230 1446 1284 αὐτῶν
1475 1230 1566 1281 καὶ
1617 1231 1786 1280 ἐπαυ-

249 1329 462 1398 eum
487 1326 800 1396 προσδώσει,

319 1506 413 1570 re:
434 1503 785 1570 καταλειφθὲν
846 1499 1093 1567 εὐαγέσιν
1145 1500 1315 1559 οἴκοις
1368 1495 1400 1564 ἢ
1457 1493 1792 1564 συστήμασιν

250 1595 495 1648 ἀννάλιον
514 1592 744 1661 ληγάτον
771 1592 952 1661 μηδενὶ
971 1589 1241 1658 προσώπῳ
1277 1585 1357 1656 [ἱη
1385 1602 1481 1638 ms.
1505 1583 1536 1636 ,Ι
1547 1593 1650 1637 ιλιι.
1668 1580 1791 1650 τρό⁸

251 1684 358 1754 πῳ]
381 1683 704 1735 ὲκποιείσθω
726 1696 739 1711 ·
772 1681 912 1749 πλὴν
946 1681 994 1732 εἰ
1027 1679 1101 1748 μὴ
1129 1681 1176 1731 οἰ
1207 1679 1357 1730 τόποι
1386 1679 1480 1728 καὶ
1521 1675 1586 1726 τὰ
1629 1672 1792 1742 βεϐα-

250 1773 461 1842 ρημένα
511 1771 768 1840 πρόσωπα
841 1770 1054 1839 μακρὰν
1099 1768 1428 1834 διεστήκασι.
1484 1761 1790 1832 Τηνικαῦτα

248 1863 358 1931 γὰρ
408 1862 654 1915 δύνανται
687 1863 734 1913 οἱ
769 1861 953 1913 σεπτοὶ
982 1857 1118 1912 οἶκοι
1155 1857 1530 1912 ἁνταλλάττειν
1565 1858 1633 1907 τὰ
1677 1870 1790 1906 τοι-

251 1951 386 2003 αῦτα
410 1951 614 2019 ληγάτα
640 1949 697 2000 ἐν
719 1947 1067 2015 πλησιάζουσι
1089 1948 1291 2010 τόποις,
1318 1945 1454 2012 μετὰ
1478 1942 1789 2012 προσθήκης

249 2039 344 2092 τοῦ
373 2039 413 2092 δ’
445 2041 639 2109 μέρους
674 2041 768 2106 τῆς
795 2036 1244 2104 καταλειφθείσης
1288 2036 1507 2103 ἐτησίας
1561 2032 1789 2099 ποσότη-

249 2148 362 2196 ⁶ιὀς,
413 2133 444 2199 ἢ
508 2131 668 2182 εἰσέτι
715 2129 812 2196 τῆς
860 2126 1076 2196 ἐτησίας
1116 2126 1415 2195 καταϐολῆς
1471 2126 1708 2178 ἐκποιεῖν
1730 2125 1790 2176 τὸ

249 2222 485 2274 τοιοῦτον
516 2221 764 2291 ληγάτον.

323 2313 386 2363 Οί
410 2312 689 2364 ἐπίσκοποι
724 2312 814 2364 καὶ
849 2313 895 2364 οί
925 2310 1190 2380 διοικηταὶ
1224 2308 1330 2361 τῶν
1378 2307 1588 2374 εὐαγῶν
1627 2309 1789 2360 οἴκων

248 2419 307 2454 τε
334 2403 426 2454 καὶ
456 2403 810 2472 συστημάτων
837 2404 903 2456 τὰ
944 2401 1048 2472 πρὸ
1099 2400 1205 2453 τῶν
1247 2400 1561 2466 διοικήσεων
1614 2399 1646 2471 ἢ
1691 2401 1788 2468 τῆς

249 2493 549 2561 ἐπισκοπῆς
582 2492 865 2559 κτηθέντα,
902 2495 994 2545 καὶ
1011 2489 1195 2545 ὄσανέν
1229 2495 1347 2551 ταῖς
1379 2492 1673 2560 διοικήσεςι
1697 2494 1789 2544 καὶ

248 2583 569 2644 ἐπισκοπαϊς
590 2582 738 2645 ὄντες
766 2585 827 2634 ἐκ
854 2583 1102 2648 τελευτῆς
1127 2581 1444 2644 διεδέξαντο,
1491 2579 1598 2631 τῶν
1631 2582 1788 2649 μέχρι

250 2671 362 2741 [τα.
394 2671 458 2741 δ]
479 2672 682 2740 βαθμοῦ
717 2671 1007 2739 συγγενῶν,
1051 2664 1129 2731 οἷς
1160 2669 1433 2738 βούλονται
1480 2672 1787 2738 παρεχέτω-

252 2780 372 2817 σαν.
398 2764 475 2814 Ta
513 2764 567 2815 δέ
588 2764 751 2832 χωρὶς
772 2762 974 2814 τούτων
998 2759 1277 2830 κτηθέντα,
1303 2758 1408 2811 εἴτε
1452 2759 1512 2810 ἐκ
1542 2760 1789 2829 διαδοχῆς

250 2853 545 2919 συγγενῶν,
585 2853 616 2920 ἦ
648 2854 767 2905 καθ’
794 2853 977 2921 ἕτερον
1003 2855 1219 2921 τρόπον,
1250 2855 1303 2904 αἱ
1337 2853 1454 2905 κατ’
1477 2852 1668 2912 αὐτοὺς
1696 2854 1786 2903 ἐκ·

253 2939 468 3006 κλησίαι
499 2939 941 3009 διαδεχέσθωσαν.
967 2939 1227 2992 Δύνανται
1268 2941 1324 2993 δὲ
1380 2944 1458 3003 εἰς
1514 2939 1789 3009 αἰχμαλώ-

247 3048 354 3083 των
380 3032 691 3100 ἀνάρρυσιν,
727 3031 818 3081 καὶ
857 3029 1082 3098 πτωχῶν
1123 3032 1345 3098 τροφὰς,
1383 3031 1474 3082 καὶ
1508 3034 1588 3090 εἰς
1625 3029 1787 3090 ἄλλας

1885 590 2146 658 politano,
2176 597 2227 641 et
2258 588 2360 640 alio
2391 588 2582 654 qztovis
2641 587 2903 654 ejusmodi
2937 587 3289 655 qnzestioncm
3324 588 3441 654 cpi-

1887 691 2054 745 scopo
2095 677 2366 739 movendi,
2397 687 2456 729 ut
2487 677 2708 731 omnino
2739 678 2825 746 pie
2863 678 3095 731 decretis
3123 691 3152 730 a
3182 676 3437 730 defuncto

1888 763 2136 818 satisﬁat.

1960 942 2088 1009 Qua:
2123 942 2389 1010 religiosis
2419 944 2695 1007 domibus,
2731 954 2825 996 aut
2863 944 3126 1008 ecc‘esiis,
3161 954 3253 998 aut
3278 947 3438 998 colle-

1889 1033 1988 1101 giis
2015 1071 2030 1094 ,
2065 1032 2246 1086 relicta
2291 1040 2414 1083 sunt
2441 1032 2634 1100 legata,
2666 1035 2760 1087 sc'x
2790 1033 2927 1086 intra
2961 1049 3169 1088 menses
3204 1050 3232 1088 a
3269 1035 3434 1103 publi-

1890 1121 2103 1175 catione
2153 1120 2458 1174 tabularum
2494 1123 2797 1176 testamenti
2834 1123 3138 1177 solvuntur.
3187 1123 3239 1178 Id
3278 1124 3322 1176 si
3359 1123 3440 1176 fa-

1889 1223 2035 1266 ctum
2067 1228 2170 1265 non
2203 1212 2387 1276 fuerit,
2412 1214 2456 1266 is
2479 1213 2572 1281 qui
2606 1221 2860 1282 gravatus
2891 1225 2975 1266 est
3010 1214 3074 1266 iis
3099 1215 3440 1281 prastandis,

1891 1304 2049 1357 etiam
2085 1313 2342 1371 praeterea
2380 1303 2612 1367 fruetus,
2646 1312 2701 1359 et
2736 1317 2929 1358 usuras
2956 1319 3167 1367 eorum,
3207 1319 3328 1359 cum
3360 1321 3472 1358 εις-υ

1896 1394 2255 1456 cessionibus,
2298 1395 2490 1448 solvet.

1963 1483 2114 1547 Quod
2154 1483 2399 1536 relictum
2431 1493 2513 1537 est
2544 1483 2812 1551 religiosis
2838 1485 3111 1545 domibus.
3143 1498 3234 1538 aut
3271 1486 3439 1539 colle-

1893 1572 1995 1639 giis
2035 1572 2264 1638 legatum
2328 1586 2604 1633 annuum,
2638 1574 2781 1626 nullo
2812 1575 2971 1628 modo
3002 1574 3260 1626 alienatur
3296 1613 3312 1637 ,
3343 1590 3441 1626 cx-

1893 1673 2137 1731 traquam
2175 1664 2218 1716 si
2253 1663 2389 1727 loca,
2412 1675 2765 1731 personaeque
2792 1673 3022 1730 gravatm
3055 1663 3211 1730 longo
3242 1663 3442 1717 distent

1893 1755 2196 1809 intervallo.
2225 1753 2378 1808 Tunc
2423 1754 2564 1807 enim
2602 1762 2829 1820 possunt
2862 1752 3192 1806 venerabiles
3239 1752 3436 1806 domus

1890 1844 2151 1914 ejusmodi
2201 1845 2366 1912 legata
2419 1855 2728 1911 permutare
2783 1844 2973 1896 vicinis
3011 1843 3062 1895 in
3115 1843 3266 1906 locis,
3309 1857 3431 1894 cum

1891 1936 2199 1989 accessione
2227 1946 2430 2002 quartas
2495 1934 2664 2002 partis
2697 1934 2896 1987 relicta:
2927 1947 3120 1985 annuae
3167 1933 3443 2000 quantita-

1892 2026 1978 2088 tis,
2008 2035 2099 2077 aut
2137 2025 2377 2077 eamdem
2429 2039 2538 2076 rem
2576 2023 2805 2090 legatam
2852 2021 3084 2075 vendere
3117 2035 3213 2087 pro
3262 2033 3442 2072 annuo

1891 2115 2090 2183 pretio,
2117 2114 2259 2181 quod
2299 2114 2454 2165 annis
2487 2113 2553 2165 55
2591 2119 2925 2164 nunzeratur.

1963 2313 2207 2383 Episcopi
2240 2324 2292 2366 et
2331 2311 2800 2366 administratorcs
2834 2310 3225 2365 venerabilium
3254 2310 3440 2366 domo-

1890 2419 2008 2457 rttm
2036 2414 2086 2456 et
2116 2401 2481 2471 collegiorum,
2510 2412 2633 2455 ante
2664 2402 3187 2461 administrationes.
3215 2410 3308 2454 aut
3327 2403 3440 2469 epi-

1892 2501 2170 2560 scopatum
2202 2492 2486 2560 acquisita,
2511 2507 2632 2545 cum
2665 2492 2750 2552 iis,
2777 2506 2893 2560 quae
2921 2483 3244 2544 durantibus
3271 2492 3438 2544 admi-

1889 2584 2295 2637 nistrationibus
2313 2591 2377 2635 et
2397 2583 2732 2649 episcopatu,
2760 2596 2824 2634 ex
2851 2590 3203 2646 cognatorum
3233 2583 3438 2638 ultimis

1889 2673 2250 2727 voluntatibus
2278 2673 2342 2726 ad
2374 2681 2620 2740 quartum
2641 2687 2807 2738 usque.
2837 2672 3057 2740 graJum
3089 2672 3198 2739 (12)
3222 2686 3444 2742 accepe-

1891 2773 2017 2818 runt
2045 2804 2058 2825 ,
2090 2763 2388 2816 concedant
2419 2763 2504 2827 iis,
2537 2762 2730 2830 quibus
2754 2762 2958 2814 volunt.
2982 2761 3110 2826 Qum
3135 2777 3260 2814 vero
3289 2771 3440 2816 extra

1889 2853 1999 2906 baae
2032 2853 2292 2920 acquisita
2333 2851 2551 2914 fuerint,
2585 2851 2695 2904 sive
2723 2866 2785 2904 ex
2820 2859 3168 2920 cognatorum
3216 2865 3441 2905 succes-

1889 2942 2058 3004 sione,
2079 2943 2159 2996 vel
2188 2944 2296 2995 alio
2325 2942 2505 3008 aliquo
2538 2941 2720 2996 modo.
2752 2941 2802 2991 in
2834 2939 2900 2991 iis
2932 2941 3167 3006 ipsorum
3202 2939 3444 2993 ecclesiae

1890 3033 2202 3086 succedent.
2248 3032 2481 3085 Possunt
2527 3042 2705 3083 autem
2759 3030 2868 3082 luce
2907 3029 2962 3081 in
3016 3028 3440 3096 redemptionem

248 3121 489 3181 εὐσεϐεῖς
523 3121 693 3182 αἰτίας
725 3119 894 3172 ταῦτα
919 3121 1178 3190 δαπανᾷν,
1209 3120 1407 3172 τούτων
1452 3119 1784 3188 κρατούντων

1895 3122 2249 3189 captivorum,
2281 3129 2333 3173 et
2383 3121 2633 3173 alimenta
2685 3133 3014 3188 pauperum,
3056 3119 3294 3186 aliasque
3324 3117 3440 3186 pias

248 3208 346 3261 καὶ
374 3211 465 3260 ἐπὶ
488 3209 813 3277 νοσοκόμων,
847 3211 939 3260 καὶ
977 3210 1408 3279 δρφανοτρόφων,
1453 3211 1545 3261 καί
1593 3209 1793 3261 λοιπῶν

247 3297 534 3350 διοικητῶν
563 3298 655 3349 καὶ
678 3299 885 3365 εὐαγῶν
917 3299 1101 3352 οἴκων.

317 3476 428 3536 Τὰς
458 3476 562 3527 τῶν
584 3475 873 3544 ἀδιαδόχων
898 3477 990 3528 καί
1011 3475 1303 3531 ἀδιαθέτων
1366 3479 1671 3531 ἐπισκόπων
1702 3481 1792 3530 καί

249 3559 522 3629 κληρικῶν
555 3562 646 3612 καὶ
665 3561 861 3612 λοιπῶν
894 3563 1188 3632 ίερωμένας
1224 3566 1538 3635 περιουσίας
1569 3567 1624 3617 αἱ
1676 3566 1792 3618 κατ’

245 3648 442 3711 αὐτοὺς
479 3650 756 3718 ἐκκλησίαι
795 3651 1307 3721 κληρονομείτωσαν.

318 3830 517 3898 Μηδεὶς
548 3828 745 3898 εὐαγὴς
770 3826 914 3892 οἶκος
950 3831 1198 3884 ἐκδιδότω
1241 3833 1499 3902 αίρετικῷ
1542 3835 1790 3904 ἀκίνητον

246 3919 462 3985 κτῆσιν,
501 3919 596 3979 τὰς
625 3909 980 3987 διωρισμένας
1004 3919 1079 3988 τῷ
1100 3922 1245 3990 νόμῳ
1272 3922 1459 3983 ποινὰς
1513 3921 1650 3989 μετά
1697 3921 1788 3974 τοῦ

245 4007 598 4076 ἐμϐάλλοντος
623 4007 1096 4076 ὑποστελλόμενος.
1125 4009 1288 4077 Λέγει
1319 4011 1374 4063 δέ
1416 4013 1495 4064 ὅτι
1525 4012 1552 4062 δ
1583 4012 1678 4078 μὲν
1705 4015 1787 4064 αἰ-

249 4095 481 4164 ρετικδς,
513 4095 563 4145 εῐ
602 4111 654 4146 τι
679 4095 922 4160 δέδωκεν,
953 4096 1240 4148 ἀπόλλυσιν
1276 4114 1290 4129 ο
1317 4100 1342 4149 ὁ
1365 4098 1419 4149 δὲ
1457 4099 1641 4161 ἐκδοὺς
1683 4101 1787 4152 πὰο

250 4201 347 4250 σης
404 4186 736 4238 ἁποκινεῖται
781 4186 1114 4253 διοικήσεως,
1162 4187 1252 4239 καὶ
1305 4188 1379 4248 είς
1430 4191 1788 4257 μοναστὴριον

245 4274 591 4342 ἐμϐάλλεται,
627 4274 717 4326 καὶ
742 4274 830 4326 ἐπὶ
877 4275 1118 4326 ἐνιαυτὸν
1153 4277 1251 4343 τῆς
1307 4275 1462 4341 ἁγίας
1510 4279 1786 4341 κοινωνίας

249 4365 536 4435 χωρίζεται
573 4380 587 4394 ο
621 4364 680 4414 τὸ
709 4364 762 4415 δέ
793 4365 1021 4433 πρᾶγμα
1051 4367 1120 4435 τῷ
1179 4366 1363 4433 εὐαγεῖ
1405 4365 1535 4436 οἴκῳ
1585 4369 1788 4422 ἀποκα-

248 4458 511 4510 θίσταται.

321 4546 392 4597 Τὸ
415 4545 700 4614 ἐκποιηθὲν
737 4545 838 4598 ὑπὸ
863 4545 956 4597 τοῦ
1000 4545 1270 4613 όρθοδόξου
1303 4547 1498 4614 χωρίον
1529 4548 1786 4618 Ἰουδαίῳ,

246 4636 280 4703 ἢ
311 4634 636 4702 Σαμαρείτῃ,
669 4633 699 4702 ἢ
732 4635 1101 4701 Μωντανιστῇ,
1141 4634 1172 4702 ἢ
1211 4635 1352 4703 ἄλλῳ
1407 4637 1782 4705 αίρετικῷζέκ-

243 4724 429 4775 διδότω
459 4723 564 4792 lla.
601 4720 898 4791 ἐκδικείτω]
936 4725 1012 4782 εἰς
1042 4723 1172 4773 ἰδίαν
1197 4723 1507 4776 δεσποτείαν
1536 4727 1662 4794 ’,ἠηὲν
1690 4728 1785 4779 αὺ-

242 4814 323 4881 τῷ
351 4813 655 4881 διακειμένη
687 4809 954 4879 δρθόδοξος
989 4811 1266 4880 ἐκκλησία.

316 4905 451 4965 Τοὺς
469 4920 584 4955 κτισ
596 4903 781 4962 θέντας
819 4903 920 4953 ὑπὸ
943 4901 1047 4953 τῶν
1072 4901 1353 4968 αἱρετικῶν
1387 4905 1541 4966 ναοὺς
1578 4906 1668 4959 καὶ
1690 4906 1785 4968 τὰς

242 4995 348 5045 ὑπὸ
385 4993 642 5047 Ἰουδαίων
664 4991 1098 5060 οἰκοδομηθείσας
1122 4995 1434 5061 συναγωγὰς
1481 4999 1670 5058 καινὰς
1730 5002 1783 5052 αἰ

241 5087 472 5136 ἐντόπιοι
495 5083 770 5150 ἐκκλησίαι
787 5082 1234 5135 διεκδικείτωσαν.

325 5173 381 5223 '0
404 5175 458 5224 ἐν
486 5170 681 5238 εἰδήσει
705 5170 890 5230 ἐκδοὺς
911 5170 1166 5238 αἱρετικῷ
1206 5172 1338 5224 ἰδίαν
1387 5174 1573 5240 κτῆσιν
1628 5179 1784 5228 ἐκπι-

241 5264 416 5317 πτέτω
438 5261 541 5311 τῶν
569 5258 856 5326 προσόδων,
892 5257 989 5326 τῆς
1044 5259 1328 5328 ἐκκλησίας
1376 5263 1542 5314 ταῦτα
1595 5265 1782 5319 διεκδι-

1893 3226 2081 3264 causas
2111 3212 2436 3278 expendere,
2471 3209 2656 3262 iisdem
2711 3209 2886 3262 locum
2921 3209 3242 3262 habentibus
3271 3209 3437 3261 etiam

1895 3301 1944 3353 in
1977 3300 2297 3354 nosocomiis
2338 3309 2388 3352 et
2423 3298 2897 3368 orphanotropbiis
2921 3340 2936 3363 ,
2968 3306 3022 3351 et
3061 3297 3179 3351 aliis
3229 3297 3442 3367 religio-

1893 3405 2074 3444 sarum
2105 3389 2359 3441 domuum
2391 3389 2940 3442 administrator-ibus.

1962 3479 2062 3544 Qui
2107 3495 2210 3531 non
2263 3477 2459 3530 habent
2512 3478 2783 3539 bmredes,
2826 3485 2918 3529 aut
2965 3465 3169 3546 absque
3215 3479 3437 3531 condito

1897 3576 2219 3624 testamento
2264 3568 2563 3632 decedunt,
2611 3567 2870 3636 cpiscOpi,
2902 3575 2954 3621 et
2983 3567 3188 3631 clerici,
3223 3577 3275 3621 et
3308 3568 3434 3621 reli-

1900 3659 1989 3726 qui
2023 3658 2337 3712 sacerdotes
2361 3697 2375 3720 ,
2408 3658 2462 3710 in
2492 3672 2677 3711 eorum
2711 3657 3053 3711 facultatibus
3081 3658 3318 3727 ipsorum
3354 3675 3438 3716 ec—

1892 3749 2064 3803 clesia:
2093 3747 2406 3803 succedant.

1966 3839 2120 3892 Nulla
2175 3840 2423 3907 religiosa
2483 3837 2674 3892 domus
2731 3837 2985 3891 lueretico
3038 3839 3436 3906 possessionem

1890 3929 2216 3984 immobilem
2252 3929 2414 3991 locet,
2447 3939 2610 3996 atque
2640 3929 2694 3981 in
2725 3929 2824 3982 boc
2854 3935 3087 3982 statutas
3114 3942 3141 3979 a
3174 3930 3289 3997 lege
3322 3942 3435 3994 pm-

1890 4037 1984 4075 nas
2021 4036 2124 4073 una
2176 4034 2296 4072 eum
2329 4018 2658 4072 eonductore
2693 4025 2910 4070 metuat.
2945 4015 3054 4071 Hoc
3097 4017 3275 4071 dicere
3326 4019 3436 4071 vnit

1887 4110 2228 4172 constitutio,
2259 4110 2589 4168 hmreticum,
2627 4109 2669 4160 si
2711 4107 2838 4176 quid
2872 4105 3103 4170 dederit,
3139 4107 3426 4171 amittere;

1888 4201 2152 4255 locantem
2197 4212 2326 4252 vero
2377 4198 2442 4250 ab
2482 4198 2625 4250 omni
2653 4197 3116 4250 administratione
3147 4197 3434 4268 removeri,

1887 4299 1938 4344 et
1970 4291 2021 4341 in
2052 4287 2434 4341 monasterium
2470 4286 2625 4349 mitti,
2660 4294 2714 4339 et
2745 4285 2809 4337 ad
2847 4287 2970 4338 anni
3013 4290 3240 4353 spatium
3280 4301 3310 4339 a
3344 4302 3434 4342 sa-

1900 4385 2183 4433 crosancta
2243 4374 2619 4428 communione
2655 4373 2958 4442 segregari;
2994 4388 3103 4425 rem
3135 4375 3302 4442 ipsam
3339 4376 3432 4428 de-

1891 4471 2048 4537 nique
2075 4466 2257 4520 domui
2291 4465 2549 4533 religiosae
2581 4464 2811 4517 restitui.

1958 4558 2259 4610 Alienatum
2295 4555 2361 4607 ab
2418 4553 2718 4606 orthodoxo
2751 4552 2971 4604 fundum
3003 4551 3299 4615 Judzeo,vel
3327 4555 3430 4607 Sa-

1891 4647 2118 4706 maritae,
2149 4645 2229 4698 vel
2263 4642 2620 4700 Montanistze,
2654 4642 2733 4694 vel
2763 4642 2915 4693 alteri
2951 4643 3220 4701 haeretica.
3254 4644 3424 4696 vindi-

1888 4743 1974 4788 cet
2001 4737 2053 4787 in
2106 4731 2484 4800 proprietatem
2522 4742 2672 4781 suam
2703 4727 3000 4780 orthodoxa
3030 4730 3276 4791 ecclesia,
3309 4744 3428 4797 quae

1893 4821 1945 4872 in
1981 4821 2074 4873 illo
2107 4819 2275 4872 fundo
2308 4819 2407 4870 sita
2444 4826 2543 4870 est.

1955 4908 2170 4974 Templa
2200 4909 2265 4960 ab
2300 4907 2561 4960 livereticis
2613 4915 2909 4967 exstructa,
2950 4922 3224 4976 novasque
3265 4923 3424 4975 syna-

1884 5013 2050 5067 gogas
2083 5011 2110 5048 a
2137 4996 2332 5050 Judzeis
2359 4997 2670 5059 :ediﬂcatas,
2709 4998 2948 5066 ipsorum
2985 5001 3225 5054 locorum
3252 5002 3424 5055 eccle-

1881 5087 1970 5138 sise
1995 5086 2096 5139 sibi
2137 5086 2422 5138 vindicent.

1948 5177 2046 5240 Qui
2078 5176 2252 5229 sciens
2282 5175 2531 5229 heretico
2560 5177 2815 5244 przedium
2847 5193 3004 5230 suum
3037 5178 3305 5238 loeaverit,
3335 5192 3417 5231 re-

1888 5267 2031 5321 ditus
2057 5267 2286 5329 amittat,
2327 5267 2633 5320 vindiemte
2669 5270 2764 5320 bos
2799 5270 3025 5320 ecclesia
3082 5279 3131 5321 et
3173 5270 3422 5321 Ιιιυιοοιὶιςο

1396 5374 1718 5436 Annibalis
1753 5381 1994 5441 Fabroti
2034 5391 2215 5442 notae.

312 5496 422 5565 με)
476 5496 555 5567 Αᾴ
611 5503 857 5567 ςυαχιιιηι
910 5494 1150 5567 gradum.
1183 5495 1253 5548 Ex
1313 5497 1348 5548 l.
1403 5498 1464 5550 -Η
1527 5516 1643 5567 sup.
1696 5503 1766 5554 De

229 5562 392 5635 episc.
423 5572 469 5635 et
498 5563 672 5635 elerie.
704 5562 970 5635 Episcopi,
1035 5565 1084 5635 si_
1113 5580 1230 5630 qum
1275 5575 1395 5633 post
1455 5562 1762 5622 ι-Ιιιυιι”υι,ριη

233 5629 609 5701 acquisierint,
638 5632 687 5681 in
719 5633 878 5680 alium
912 5629 1204 5684 transferre
1228 5629 1330 5684 non
1366 5650 1614 5697 possunt,
1661 5640 1759 5690 nisi

235 5710 280 5760 si
322 5700 450 5769 quso
480 5700 555 5752 eis
590 5701 899 5752 Obvettet'int
934 5712 959 5748 ε
991 5701 1325 5766 parentibus,
1365 5705 1621 5759 lintribus
1663 5718 1753 5759 aut

1875 5505 2099 5570 patruis.
2159 5507 2231 5558 Ex
2285 5505 2499 5560 Novi-lla
2561 5521 2690 5558 vero
2745 5519 2928 5565 cum,
2993 5521 3040 5556 υ.
3099 5506 3179 5564 i3.
3231 5509 3294 5559 de
3336 5509 3416 5560 his

1877 5577 2042 5625 libere
2109 5584 2346 5627 statuere
2388 5575 2706 5627 conceditur
2752 5589 2872 5639 qua!
2921 5574 2985 5624 ad
3031 5590 3124 5626 θος
3163 5591 3416 5640 pervene-

1875 5652 1997 5693 runt
2031 5642 2152 5706 jure
2194 5643 2529 5711 cognationis
2563 5658 2731 5709 usque
2762 5643 2824 5694 ad
2851 5652 3097 5710 quartum
3150 5647 3369 5711 gradum
3402 5665 3414 5708 ;

1871 5726 1944 5762 CaL‘
1957 5726 2062 5761 ,ωτι
2096 5723 2377 5762 servantur
2411 5710 2682 5765 Ecclesizu.
